4256 6364
310 431 372 496 13
1177 438 1436 498 SERth
1474 436 1552 494 1N
1600 431 1900 494 NATlVl'l

2007 434 2126 492 ἘΜ
2171 435 2233 492 Β.
2277 434 2345 492 V.
2387 433 2676 490 MARIAE.
3511 435 3573 496 ιι

303 548 532 602 exordio
584 547 768 604 infecti
822 551 1011 605 morbo
1057 559 1410 612 corruerunt,
1455 547 1656 602 nedum
1709 556 1765 596 ut
1840 546 1897 596 hi
1939 547 2099 613 primi
2167 545 2562 602 conderentur,
2624 543 3574 610 nc«ommitteudumquidemerat.

306 650 365 694 ut
391 641 498 695 illis
524 642 696 697 initiis
722 644 884 696 vieini
911 653 1270 700 nascerentur
1307 641 1414 710 (l).

387 732 530 784 Ἀλλ’
577 729 754 800 οἶμαι,
790 736 1046 804 καθάπερ
1089 737 1203 794 τοῖς
1251 733 1501 785 ἀτελέσιν
1533 732 1614 782 ιτι
1656 730 1749 780 καὶ
1792 745 1888 791 νη-
1923 737 1967 790 Α

305 825 694 892 πιωδεστέροις
727 826 789 877 οὐ
841 827 1110 892 πρότερον
1159 827 1275 886 τοῖς
1323 823 1551 891 ὑψηλοῖς
1599 818 1888 888 προσιέναι

310 916 844 992 συγχωροῦμενριῖη
883 917 1082 986 ἔργων,
1125 918 1231 977 ἓως
1251 916 1333 968 ἂν
1363 915 1457 981 δεῇ
1489 913 1582 965 καὶ
1609 911 1760 977 παρὰ
1791 906 1891 975 τῆς

303 1009 525 1080 ἡλικίας
581 1009 850 1078 μειζόνων
897 1010 1203 1069 ἅπτεσθαι.
1239 1009 1286 1060 εί
1338 1006 1520 1076 βούλει
1571 1005 1648 1062 δὶ,
1701 1001 1892 1069 ὥσπερ

306 1106 417 1164 τοῖς
445 1102 543 1171 τὴν
570 1102 696 1170 δψιν
730 1103 1148 1171 ἀσθενεστέροις
1185 1103 1248 1153 οὐ
1280 1104 1398 1162 ταῐς
1431 1101 1684 1166 ἡλιακαῖς
1720 1112 1891 1162 προσ-

309 1197 528 1250 ϐάλλειν
559 1197 778 1262 αὐγαῖς,
815 1198 948 1264 πρὶν
988 1196 1054 1248 ἂν
1089 1194 1250 1257 ίκανὴ
1283 1193 1655 1259 προσγένηται
1691 1189 1854 1255 ρὦις
1876 1224 1891 1245 ,

306 1289 383 1350 ὡς
417 1290 557 1359 φίλῳ
585 1291 663 1359 τῷ
698 1291 948 1358 φωστῆρι
997 1287 1382 1357 προσομιλεῖνο
1413 1286 1504 1337 τὸν
1536 1284 1649 1334 ἴσον
1680 1283 1744 1352 δὴ
1773 1282 1896 1350 τρό-

309 1398 410 1433 πον
437 1385 532 1434 καὶ
564 1383 674 1435 τῶν
709 1383 964 1436 ἁπάντων
1003 1384 1031 1434 ὁ
1080 1381 1316 1448 Κτίστης
1349 1379 1407 1432 τὸ
1439 1378 1761 1430 καινότατον
1803 1375 1895 1442 δη-

229 1468 233 1472 ’
312 1473 635 1542 μιούργημα
667 1475 848 1536 τοῦτο,
872 1475 933 1526 τὺ
957 1473 1294 1541 ὑψηλότατον
1324 1471 1528 1537 Θίαμα,
1557 1469 1648 1520 τὸν
1672 1483 1899 1534 φωτοει-

307 1566 570 1617 δέστατον
615 1566 823 1628 δίσκον,
874 1565 975 1632 τῆν
1009 1565 1393 1632 πολυύμνητον
1422 1563 1566 1626 λέγω
1600 1561 1897 1625 Παρθένον,

269 1659 420 1721 ,τοῖς
468 1657 650 1719 ἄλλοις
697 1658 1104 1727 συνυποστῆναι
1159 1657 1379 1725 πρῶτον
1441 1656 1540 1706 οὐκ
1591 1654 1729 1723 ᾤετο
1767 1653 1897 1704 δεῖν.

323 1748 606 1818 Ἐπείπερ,
635 1750 710 1812 ὡς
766 1751 891 1818 ἄρτι
935 1751 1059 1801 τότε
1136 1747 1682 1817 βρεφουργηθέντων,
1723 1745 1899 1804 οὐδεὶς

310 1838 374 1890 ἂν
403 1839 510 1890 τῶν
543 1843 708 1892 πάλαι
746 1842 806 1892 τὸ
839 1841 1437 1911 μεγαλοπρεπέστατον
1475 1838 1636 1891 τοῦτο
1679 1835 1896 1894 καλλος,

308 1931 370 1980 τι
404 1936 754 1998 φαεινότατον
798 1935 892 1986 καὶ
941 1932 1225 2002 περίδοξον
1258 1930 1494 1999 ἐξαλμα,
1593 1928 1897 1998 προσῆκεν.

309 2019 423 2090 εἶχε
461 2022 763 2088 κατανοεῖν,
795 2027 888 2078 καὶ
910 2026 1009 2096 τὴν
1038 2026 1252 2079 ικεῖθεν
1275 2025 1466 2095 φέρειν
1497 2025 1715 2091 ἀκτῖνα.

2075 724 2464 775 Verumtamen
2499 720 2641 771 sicut
2679 717 3015 784 imperfectis
3046 719 3225 770 adhuc
3251 733 3304 770 et
3328 719 3575 771 nondum

1995 825 2155 868 aetate
2182 812 2412 864 firmatis
2451 826 2558 862 non
2597 810 2994 878 permittimus,
3027 821 3084 861 ut
3115 826 3286 878 opera
3319 811 3577 864 sublimia

1995 907 2178 976 primo
2245 905 2676 972 aggrediantur,
2733 903 2911 956 donec
2975 903 3134 956 anuis
3209 904 3454 970 provecti
3515 902 3580 953 iis

1996 998 2294 1053 tractandis
2331 1012 2488 1064 pares
2515 996 2826 1057 evaserint;
2879 1005 2996 1060 aut,
3055 995 3100 1047 si
3158 997 3350 1050 mavis.
3386 1011 3581 1063 quem-

1996 1091 2292 1144 admodum
2350 1089 2437 1150 iis,
2494 1087 2587 1155 qui
2653 1088 2830 1140 oculis
2879 1097 3108 1139 utuntur
3164 1086 3582 1144 inlirmiaribus.

1998 1183 2214 1236 veniam
2259 1195 2365 1233 non
2405 1179 2638 1231 facimus
2671 1187 2754 1236 ut,
2784 1189 3081 1246 antequam
3107 1178 3328 1230 videndi
3350 1178 3582 1231 facultas

2001 1276 2228 1329 idoneas
2260 1274 2404 1325 vires
2435 1270 2776 1340 acquisierit,
2817 1270 3002 1323 radios
3058 1271 3264 1323 solares
3295 1271 3585 1338 aspiciant.

2002 1375 2060 1418 ιιι
2116 1365 2242 1418 dein
2301 1378 2424 1417 cum
2481 1363 2761 1429 \oluptate
2823 1364 3036 1428 possint
3106 1362 3337 1413 amicam
3410 1362 3586 1416 lucem

2005 1456 2240 1517 intueri;
2276 1453 2531 1506 eumdem
2583 1454 2634 1504 in
2685 1453 2931 1508 modum.
2972 1462 3032 1504 ut
3061 1451 3286 1519 quidem
3325 1453 3587 1513 arbitror,

2005 1563 2191 1601 rerum
2245 1546 2492 1597 omnium
2525 1553 2763 1605 creator,
2800 1544 3160 1597 novissimum
3197 1544 3299 1596 hoc
3329 1559 3468 1611 opus
3491 1542 3542 1594 εἳ
3573 1585 3587 1604 ,

2005 1639 2383 1708 spectaculum
2448 1634 2945 1698 sublimissimum,
3013 1647 3225 1687 astrum
3293 1634 3586 1703 fulgidissi-

2006 1748 2154 1786 mum
2183 1731 2284 1796 (5),
2320 1729 2624 1797 Virginem,
2670 1728 2916 1796 inquam,
2959 1726 3107 1778 omni
3140 1725 3300 1778 laude
3330 1725 3591 1793 dignissi-

2005 1841 2148 1878 mam
2175 1822 2604 1890 haudquaquam
2644 1819 2714 1872 ab
2759 1818 2918 1871 initio
2964 1833 3088 1870 cum
3137 1818 3207 1868 ali
3235 1831 3261 1870 s
3320 1826 3593 1869 creatuns

2006 1913 2417 1986 producendam
2495 1925 2620 1964 esse
2679 1909 2917 1963 censuit.
2978 1907 3116 1962 Cum
3173 1909 3321 1961 enim
3383 1922 3480 1976 per
3536 1906 3590 1958 id

2009 2007 2276 2076 temporis
2297 2006 2350 2058 in
2368 2003 2603 2074 quadam
2631 2001 2860 2056 infantia
2885 2001 3188 2069 (homines)
3213 2012 3592 2059 versarentur,

312 2129 474 2167 nemo
510 2119 864 2184 antiquorum
951 2092 1550 2188 ᾖιῃςηίῧςεῃιίεέίπηιη
1629 2115 1771 2169 hanc
1849 2100 2346 2180 pulchritudinem,
2417 2111 2580 2150 nemo
2664 2093 3176 2188 splendidissimum
3268 2092 3372 2144 hoc
3429 2097 3593 2157 atque

308 2207 767 2275 gloriosissimum
791 2210 978 2278 jubar,
1013 2210 1198 2277 prouti
1234 2224 1332 2276 par
1358 2217 1465 2271 est,
1495 2204 1880 2274 contemplari,
1922 2210 1972 2251 et
2007 2194 2278 2261 fulgorem
2317 2189 2448 2243 inde
2473 2188 2802 2242 emicantem
2837 2186 2981 2238 ferre
3010 2184 3304 2254 potuisset.

380 2297 446 2350 El
491 2297 548 2348 δέ
595 2314 676 2360 τις
705 2300 801 2348 καὶ
843 2299 976 2365 ὓλης
1009 2299 1168 2364 λόγον
1218 2299 1440 2368 ἐπέχειν
1477 2299 1769 2368 προσείποι
1801 2296 1896 2347 καί

2073 2284 2276 2338 Contra
2303 2282 2346 2336 si
2377 2279 2502 2350 quis
2532 2279 2916 2343 contenderet,
2944 2287 3001 2331 et
3027 2280 3253 2340 caelum,
3281 2285 3338 2330 et
3367 2285 3591 2331 terram-

306 2390 562 2458 οὐρανὸν,
601 2392 694 2442 καὶ
729 2391 854 2460 γῆν,
892 2397 986 2443 καὶ
1019 2391 1320 2454 θάλασσαν,
1354 2393 1450 2443 καὶ
1479 2392 1580 2443 ὅσα
1608 2389 1706 2453 τῆς
1742 2389 1890 2457 Παρ-

309 2485 464 2537 θένου
501 2484 782 2554 προῆλθε,
834 2487 922 2537 δια
975 2486 1134 2537 τοῦτο
1192 2486 1637 2554 πτιοῦποστάντα,
1692 2484 1761 2534 ἵν’
1819 2484 1896 2543 είς

310 2577 626 2630 συντέλειαν
651 2577 730 2644 τῷ
765 2577 984 2647 πὶαστῃ
1027 2577 1288 2646 προτεθῇ,
1326 2577 1423 2646 τῆς
1463 2573 1898 2642 είδοποιηοείσης

309 2671 500 2736 καινῆς
549 2685 606 2720 τε
667 2671 762 2720 καὶ
807 2670 1191 2736 ἀπαραμίλ).ου
1232 2670 1456 2738 στήλης,
1498 2669 1642 2737 φημὶ
1696 2666 1752 2718 δὲ
1801 2664 1900 2733 τὴν

308 2759 609 2826 πάναγνον,
661 2762 734 2827 μὴ
782 2759 968 2826 πόρῤω
1002 2759 1217 2827 βάλλειν
1241 2759 1337 2826 τῆς
1373 2758 1631 2824 ἀληθείας
1663 2758 1783 2823 ἐμοὶ
1810 2755 1895 2806 δο-

226 2894 228 2896 .
308 2853 394 2904 κεῖ
414 2867 428 2880 ο
465 2851 497 2920 ἢ
525 2852 768 2919 δένδρεσι
802 2852 982 2904 πάντα
1006 2853 1284 2918 ἀναλογεῖν
1310 2855 1518 2912 ἐκεῖνα,
1547 2851 1595 2902 εί
1621 2850 1715 2902 καὶ
1743 2847 1901 2899 τοῦτο

307 2942 422 3008 δοίη
457 2957 564 3002 τις,
597 2942 690 2991 τὸν
719 2941 1056 3011 ὡραιότατον
1102 2943 1166 3005 δὴ
1201 2941 1394 2993 τοῦτον
1448 2941 1542 2991 καὶ
1591 2937 1900 3008 παράδοξον

305 3035 564 3086 ὠδίνουσι
616 3036 854 3103 καρπὸν,
917 3035 1016 3101 οὑχ
1077 3036 1423 3103 ἁμαρτήσειν
1485 3030 1730 3100 ἡγοῦμαι
1801 3029 1898 3080 τοῦ

304 3127 542 3188 δέοντος.

381 3398 554 3452 τοῦτο
591 3399 648 3450 δέ
684 3415 775 3468 μοι
818 3397 960 3450 δοκῶ
1010 3399 1103 3450 καὶ
1145 3396 1396 3450 τὺ·θεῖον
1433 3395 1767 3448 αίνίττεσθαι
1815 3395 1900 3445 λό-

306 3507 452 3560 γιον,
487 3493 537 3545 Γ
542 3491 578 3558 ἦ
607 3492 817 3555 ἔδωκε,
852 3492 1086 3559 φάσκον,
1123 3489 1233 3543 τὸν
1263 3489 1498 3557 καρπὸν
1529 3488 1723 3556 αὐτῆς
1746 3504 1760 3518 ·
1801 3488 1904 3557 γῆν

311 3584 418 3652 μὲν
477 3583 678 3637 ὡσανεὶ
733 3585 802 3636 τὰ
846 3583 1112 3651 γεγονότα
1167 3581 1548 3648 διασημαῖνον,
1600 3583 1814 3652 καρπὸν
1846 3579 1902 3632 δὲ

1999 2389 2056 2433 et
2091 2391 2266 2437 mare,
2318 2384 2484 2442 atque
2527 2372 2711 2425 omnia
2756 2385 3104 2439 qumcuuque
3151 2381 3276 2423 ante
3316 2370 3591 2439 Virginem

2001 2475 2430 2538 praecesserunt,
2481 2464 2726 2518 materiae
2761 2464 2936 2515 vicem
2993 2462 3320 2518 obtinuisse.
3361 2477 3425 2515 ac
3467 2478 3566 2530 pro

2005 2574 2193 2633 pterea
2250 2561 2404 2630 prius
2463 2557 2631 2612 fuisse
2695 2555 2986 2625 producta,
3039 2566 3102 2608 ut
3162 2566 3358 2624 praesto
3411 2568 3598 2611 essent

2008 2651 2221 2708 Factorl
2244 2651 2311 2705 ad
2337 2650 2726 2705 elaborandam
2752 2665 2951 2703 novam
2981 2650 3123 2703 hanc
3160 2650 3592 2717 pulcherrimam

2005 2755 2059 2800 et
2084 2744 2572 2812 incomparabilem
2593 2743 2850 2805 formam,
2869 2741 3380 2795 innocentissimum
3400 2757 3597 2811 nempe

2006 2839 2324 2908 Virginem;
2352 2835 2610 2904 equidem
2657 2835 2702 2889 is
2726 2849 2835 2888 non
2892 2838 3084 2902 procul
3121 2850 3148 2886 ει
3175 2849 3310 2886 vero
3339 2834 3595 2888 aberrare

2009 2931 2144 2984 mihi
2177 2930 2481 2983 videretur.
2519 2927 2574 2980 Si
2599 2927 2727 2995 quis
2757 2928 2924 2980 etiam
2962 2926 3147 2980 omnia
3177 2927 3269 2980 illa
3299 2927 3600 2980 arboribus

2007 3022 2381 3091 comparanda
2408 3035 2530 3073 esse
2557 3019 2792 3081 diceret,
2824 3033 2947 3087 quae
2975 3019 3124 3072 hunc
3164 3034 3300 3072 sane
3342 3021 3599 3088 pulcher-

2011 3117 2215 3169 rimum
2260 3123 2314 3168 et
2351 3112 2739 3166 admirandum
2786 3111 3028 3166 fructum
3082 3111 3376 3177 dederint;
3421 3113 3566 3166 haud

2007 3223 2305 3278 quaquam,
2335 3205 2691 3267 crediderim,
2727 3203 2797 3256 ab
2820 3218 2911 3267 eo,
2936 3204 3083 3271 quod
3105 3203 3456 3258 sentiendum
3480 3213 3588 3263 cst,

2012 3301 2114 3354 iste
2143 3297 2482 3352 deflecteret.

2080 3390 2138 3444 ld
2170 3400 2353 3444 autem
2391 3389 2734 3444 subobscure
2787 3391 3021 3443 innuere
3074 3389 3207 3442 mihi
3268 3389 3487 3444 videtur
3545 3402 3600 3441 et

2008 3483 2261 3537 divinum
2312 3483 2447 3537 illud
2500 3483 2807 3544 oraculum,
2863 3481 3010 3550 quod
3065 3483 3176 3536 ait:
3241 3481 3402 3536 Terra
3459 3483 3602 3536 dedit

2011 3576 2243 3643 fructum
2278 3592 2434 3628 suum
2465 3577 2509 3640 ',
2582 3583 2741 3630 terra:
2780 3590 2978 3644 nempe
3050 3576 3274 3630 nomine
3307 3577 3603 3646 designans

304 3680 408 3748 τὴν
441 3678 721 3747 Πάντιμον
745 3691 758 3705 ·
795 3677 858 3728 οὐ
887 3678 996 3746 γὰρ
1024 3676 1117 3728 δύο
1148 3674 1256 3726 τῶν
1285 3674 1612 3743 ποιημάτων
1643 3672 1674 3742 ἢ
1713 3673 1900 3743 τριῶν,

2011 3684 2075 3722 ea
2107 3685 2229 3738 qua:
2264 3669 2534 3739 producta
2572 3669 2812 3731 fuerant,
2850 3673 3091 3722 [fllt‘lllﬂl
3137 3685 3268 3724 vero
3320 3672 3602 3738 appellans

305 3771 339 3839 ἢ
382 3768 604 3830 δεκάκις
657 3769 934 3819 τοσούτων
989 3765 1323 3836 συνδρομῆς,
1374 3764 1512 3816 ἀλλὰ
1564 3766 1656 3815 καὶ
1699 3765 1906 3832 σφόδρα

310 3863 580 3916 πλειόνων
611 3864 750 3928 πρὶς
782 3860 1218 3930 τελεσιουργίαν,
1268 3859 1330 3912 τὸ
1359 3859 1905 3929 καλλιπρεπέστατον

302 3955 466 4012 τοῦτο
494 3956 590 4009 καὶ
616 3955 763 4009 θεῖον
786 3955 958 4008 ὶδεῖτο
993 3953 1304 4023 κειμήλιον.

378 4220 452 4274 l".
508 4219 670 4274 Ἀλλὰ.
709 4223 761 4273 τί
811 4219 974 4299 τοῦτο
1021 4221 1198 4290 λόγως
1253 4219 1482 4281 Οὐδενὸς
1522 4220 1631 4271 τῶν
1660 4219 1902 4288 γενητῶν

301 4317 516 4370 δεῖσθαι
540 4317 639 4386 τὴν
667 4318 951 4387 μακαρίαν
978 4319 1113 4388 πρὸς
1132 4319 1345 4384 γένεσιν
1364 4318 1591 4386 ἑαυτῆς,
1624 4318 1705 4378 είς
1735 4314 1897 4385 βάθος

306 4413 562 4480 φανεῖται
609 4411 943 4465 σκοποῦντι·
983 4412 1226 4480 μάλιστα
1255 4411 1366 4481 γὰρ
1414 4413 1567 4466 πᾶσα
1611 4413 1645 4480 ὴ
1681 4410 1902 4480 ποίη-ης

303 4503 516 4574 ⁴ταύτης
564 4504 740 4557 ἐδεῖτο
793 4504 933 4575 πρός
969 4520 1029 4556 τε
1086 4503 1433 4575 παραγωγὴν
1467 4503 1564 4556 καὶ
1603 4504 1704 4569 τὴν
1759 4504 1897 4572 μετὰ

299 4592 466 4647 τοῦτο
504 4593 895 4665 διακόσμησιν.
938 4594 1052 4664 Τῆς
1083 4596 1193 4665 γὰρ
1236 4596 1374 4666 πρὸς
1424 4594 1486 4648 τδ
1522 4596 1773 4664 κρεῖττον
1802 4594 1897 4646 ἁλ-

301 4685 578 4751 λοιὼσεως
609 4689 641 4756 ἡ
678 4688 955 4760 Παρθένος
990 4690 1182 4757 σαφῶς
1218 4691 1387 4743 πᾶσιν
1420 4688 1572 4742 αἰτία
1614 4690 1855 4759 κατέστη
1877 4707 1890 4719 ·

300 4778 398 4831 καὶ
436 4779 488 4831 εί
521 4778 596 4848 μὴ
631 4777 792 4831 τοῦτο
839 4778 1089 4848 ιμελλεν,
1138 4781 1250 4834 οὐδ’
1293 4781 1360 4836 ἂν
1403 4780 1641 4852 ὶμὲλησε
1680 4782 1757 4852 τῷ
1789 4785 1894 4850 Δη·

2015 3763 2291 3832 Virgiuem
2325 3763 2473 3816 omni
2524 3764 2732 3816 honore
2773 3762 3176 3831 dignissimam.
3226 3762 3418 3832 Neque
3454 3780 3600 3817 enim

2011 3855 2227 3908 duabus
2272 3865 2368 3909 aut
2415 3855 2596 3908 tribus
2635 3864 2730 3908 aut
2775 3855 2943 3908 etiam
2977 3855 3164 3908 decies
3211 3856 3605 3924 multiplicatis

2009 3949 2300 4010 creaturis,
2363 3947 2460 4001 sed
2503 3947 2662 4016 longe
2710 3946 2955 4014 plurium
2989 3961 3268 4001 concursu
3311 3961 3453 4016 opus
3482 3959 3604 4000 erat

2010 4041 2076 4093 ad
2139 4039 2654 4109 splendidissimum
2729 4037 2836 4093 hoc
2895 4039 3262 4107 divinumque
3321 4040 3604 4092 cinzelium

2008 4131 2431 4200 perficiendum.

2083 4225 2175 4282 111.
2222 4225 2549 4296 Quanquam
2604 4242 2703 4282 cur
2771 4223 2821 4281 id
2876 4225 3129 4281 .nIlrmo?
3175 4225 3427 4300 Profecto
3483 4242 3600 4280 rem

2011 4319 2260 4390 penitius
2286 4319 2655 4389 perpendenti
2705 4318 2885 4389 palam
2931 4317 3046 4382 fiet,
3101 4318 3256 4372 nulla
3299 4331 3534 4388 prorsus
3576 4335 3606 4372 e

2006 4412 2277 4467 creaturis
2308 4415 2521 4467 beatam
2581 4413 2754 4474 illam.
2781 4422 2843 4468 ut
2877 4413 3011 4466 oriri
3035 4422 3243 4482 posset,
3268 4413 3607 4481 indiguisse;

2005 4519 2133 4559 nam
2172 4513 2366 4559 contra
2402 4505 2674 4560 universa:
2722 4506 2834 4560 imo
2872 4515 3141 4561 creatura:
3187 4514 3302 4558 tum
3350 4515 3407 4558 ut
3468 4521 3606 4559 con-

2004 4597 2294 4662 derentur,
2326 4607 2440 4654 tum
2481 4609 2540 4654 ut
2569 4599 2771 4655 deinde
2807 4609 3008 4654 ornatu
3056 4598 3494 4669 perﬁcerentur,
3535 4614 3600 4652 ea

2003 4690 2383 4762 indiguerunt.
2424 4691 2492 4746 Et
2519 4708 2650 4746 sane
2688 4692 2850 4762 Virgo
2881 4691 3142 4746 omnibus
3187 4691 3385 4761 procul
3428 4690 3600 4745 dubio

2005 4798 2171 4838 causa
2213 4784 2426 4839 exstitit
2454 4768 2822 4840 restitutionis
2856 4785 2912 4838 in
2949 4783 3170 4837 melius.
3197 4783 3313 4838 Nisi
3343 4799 3475 4838 vero
3501 4783 3588 4837 fu-

303 4867 555 4939 μιουργῴ
594 4870 696 4940 τῆς
733 4869 912 4939 ἁπλῆς
951 4872 1171 4941 ὶκείνης
1219 4871 1608 4944 δημιουργίας,
1643 4872 1784 4925 ὥστε
1822 4873 1890 4926 τὰ

2007 4887 2185 4930 turum
2224 4876 2277 4931 id
2325 4877 2543 4938 fuisset,
2579 4893 2762 4947 neque
2804 4875 2872 4930 de
2906 4875 3188 4931 universis
3224 4877 3374 4930 hisce
3411 4891 3603 4929 creau-

369 5033 388 5059 ’
411 5032 556 5085 Psal.
593 5047 738 5094 un,
767 5033 801 5085 6

1580 5157 1721 5212 Ant.
1771 5148 2070 5212 Ballerini
2116 5156 2310 5210 notas.

366 5276 451 5345 (ι)
505 5272 808 5346 Meridiana
860 5271 1383 5346 luce_mauifestius
1442 5282 1549 5336 est,
1615 5274 1896 5346 Virginem

298 5343 599 5416 Deiparam
661 5345 765 5416 hic‘
787 5343 1028 5414 supponi
1052 5360 1085 5416 a
1113 5346 1251 5398 vitio
1279 5344 1374 5398 illo
1404 5343 1738 5414 exeruptam,
1787 5361 1900 5416 quo

296 5413 483 5473 caeteri
520 5415 709 5471 infecti
735 5413 1019 5469 dicuntur.
1055 5415 1332 5481 Quaeritur
1355 5416 1529 5476 enim.
1559 5431 1660 5470 cur
1699 5413 1820 5470 non'
1844 5419 1898 5470 in

297 5490 436 5559 ipsis
469 5487 660 5542 mundi
689 5487 1008 5559 primordiis
1036 5496 1216 5540 creata
1249 5487 1338 5559 illa
1371 5485 1557 5559 fuerit,
1577 5503 1698 5556 qua:
1734 5498 1899 5543 teter-

299 5557 505 5616 rimum
538 5559 826 5614 hominum
859 5558 1072 5629 lapsum
1103 5558 1437 5627 impeditura
1463 5557 1680 5629 fuisset.

373 5631 449 5700 (2i
482 5629 590 5686 Fac
620 5627 1228 5702 advertas.'novitatem
1262 5629 1330 5684 de
1362 5629 1481 5693 ipsa
1510 5627 1754 5702 Virginis
1781 5628 1901 5700 pla-

303 5704 574 5758 ntation:
613 5700 926 5771 pmdicari.

374 5775 451 5844 (ὅ)
488 5773 808 5842 Metaphora
835 5787 863 5824 a
898 5785 1132 5844 corpore
1161 5771 1376 5828 cmlesti
1412 5785 1509 5828 seu
1540 5781 1692 5827 astro
1717 5771 1906 5842 splen-

302 5842 665 5906 dentissimo,
705 5842 1022 5914 cuiusmodi
1074 5857 1164 5896 ex.
1220 5859 1302 5914 gr.
1335 5844 1554 5914 solrest.
1612 5845 1905 5914 desumpta

298 5918 369 5971 ad
399 5915 678 5987 Virginem
711 5913 1109 5984 designandam
1136 5913 1401 5984 usurpata
1431 5913 1536 5970 fuit
1568 5916 1636 5970 ab
1697 5913 1902 5985 insigni

2008 5287 2232 5343 quoque
2289 5269 2667 5343 Chrysostomi
2728 5269 3010 5341 discipulo
3055 5289 3120 5328 ac
3165 5287 3488 5328 successore
3551 5278 3607 5331 in

2007 5342 2138 5398 sede
2163 5342 2780 5413 Constantinopolitana
2817 5344 3009 5398 l‘roclo
3050 5348 3213 5413 (orat.
3242 5343 3274 5395 6
3305 5345 3358 5398 in
3417 5343 3474 5400 S.
3514 5346 3606 5402 Dei

2005 5415 2364 5472 Geuitricetn,
2404 5430 2458 5466 n.
2503 5413 2589 5472 l7.
2622 5411 2874 5467 Galland.
2946 5411 3082 5471 tom.
3148 5415 3238 5474 IX.
3274 5431 3398 5484 pag.
3458 5417 3610 5484 646).

2010 5487 2247 5542 Attende
2291 5499 2461 5551 porro
2487 5487 2703 5547 sedulo,
2759 5487 2851 5539 hic
2880 5486 3177 5555 disputari.
3233 5501 3355 5552 cur,
3390 5491 3611 5556 potius.

2007 5575 2174 5629 quum
2209 5557 2277 5610 ab
2303 5556 2463 5610 initio
2497 5559 2686 5610 mundi
2723 5572 2850 5610 cum
2884 5558 3012 5611 aliis
3042 5559 3338 5629 creaturis,
3397 5559 3607 5612 forma-

2012 5628 2130 5684 tum
2162 5632 2442 5705 posterius
2468 5629 2872 5705 lucidissimuin
2906 5630 3009 5705 hoc
3037 5629 3195 5705 sidus
3227 5628 3412 5705 fuerit.
3470 5629 3614 5705 Ergo

2016 5718 2123 5755 non
2155 5701 2339 5753 minus
2397 5701 2701 5753 absurdum
2765 5711 2848 5753 Cal
2908 5700 3254 5756 existimare.
3316 5700 3608 5770 Deiparain

2017 5773 2210 5828 Adami
2248 5780 2535 5844 peccatum
2568 5783 2797 5826 contrax
2829 5788 2942 5834 sse,
3011 5787 3177 5844 quam
3231 5771 3503 5844 absonum
3542 5787 3614 5826 S't

2021 5852 2280 5914 reputare
2309 5843 2504 5894 eodem
2538 5855 2765 5910 peccato
2787 5845 2932 5899 infici
2961 5843 3083 5897 eam
3113 5852 3239 5896 ante
3263 5843 3441 5912 ipsum
3485 5847 3612 5898 Ade

2023 5917 2236 5984 lapsum
2299 5928 2567 5983 pOtutsse.
