4258 6364
742 405 809 468 15
1796 409 2094 472 ISIDORI
2136 412 2889 478 THESSALONICENSIS
3921 413 3983 476 16

730 513 816 567 dis
854 510 1122 567 Conditor
1159 512 1321 583 plane
1360 512 1680 584 cogitasset.
1742 513 2097 586 Quaecunque
2144 516 2312 588 igitur
2337 530 2382 588 Α

2303 530 2382 588 Ἀ
2414 521 2844 592 προῦπᾶρξαντα
2891 520 2979 573 διὰ
3030 521 3235 592 ταύτης
3280 521 3521 592 ὑπέστηο
3552 523 3648 576 καὶ
3688 518 3756 593 ἦν
3783 522 3889 594 ἄρα
3916 526 3984 576 τὰ

728 614 856 659 ante
889 620 1009 659 eam
1056 604 1302 669 luerunt,
1352 603 1530 674 ipsius
1562 605 1735 675 gratia
1790 605 2193 673 substiterunt;
2250 618 2307 663 et

729 694 938 749 idcirco
973 694 1144 765 (quod
1171 709 1305 749 sane
1331 695 1667 765 stupendum
1696 696 1803 766 est)
1835 712 1957 765 quae
1982 698 2094 768 jam
2120 710 2303 754 creata

727 797 907 852 erant,
939 788 1082 856 ipsa,
1107 803 1237 857 quae
1275 787 1457 843 adhuc
1478 795 1600 843 erat
1624 788 1882 855 creanda,
1906 799 1967 842 ut
1994 791 2303 846 conderen-

732 892 840 945 tur,
861 878 1223 950 indigebant;
1273 895 1337 935 ac
1367 894 1507 935 nova
1536 894 1766 948 prorsus
1798 881 2011 934 ratione
2045 883 2157 951 ipsa
2188 882 2303 935 sola

2405 612 2665 679 γεγονότα
2699 613 3014 682 παραδόξως
3044 614 3142 682 τῆς
3178 615 3548 687 γενησομένης
3582 617 3717 689 πρὸς
3742 620 3804 671 τὸ
3834 621 3989 687 γενέ-

2409 704 2537 757 σθαι
2582 706 2833 774 δεόμενα,
2870 708 2963 758 καὶ
3008 708 3144 777 μόνη
3196 709 3395 771 καινῶς
3430 711 3553 772 τοὺς
3585 712 3828 780 πατέρας
3859 729 3991 780 προ-

2409 795 2594 848 ἑτεκε·
2626 798 2878 850 τοσοῦτον
2912 800 2945 868 ἠ
2980 798 3257 870 Παρθένος
3290 800 3400 852 τῶν
3443 801 3536 855 τὸν
3569 801 3686 872 βίον
3729 805 3989 873 προειλη-

2411 887 2590 951 φότων
2620 887 2835 951 οὐδενὸς
2866 890 3082 958 ἐδεήθη.

728 990 861 1030 suos
884 976 939 1029 in
968 987 1317 1032 antecessum
1342 974 1860 1044 peperitparentcs.
1895 976 2048 1030 Adeo
2088 977 2310 1032 nemine
2349 993 2563 1049 eorum,
2627 983 2833 1052 quibus
2873 984 3108 1055 contigit
3174 995 3303 1041 ante
3348 987 3521 1058 ipsam
3559 988 3771 1048 vivere,
3823 989 3990 1054 Virgo

727 1067 1003 1136 indiguitl

795 1158 886 1214 IV.
952 1157 1059 1213 Sed
1126 1167 1394 1227 praeterea
1458 1158 1678 1214 diversa
1741 1175 1963 1228 quoque
2013 1177 2042 1214 a
2093 1162 2309 1217 exteris

725 1251 1152 1321 quibuscunque
1205 1252 1429 1321 penitus
1508 1252 1624 1321 ipsa
1676 1262 1779 1305 est.
1837 1251 1979 1318 Quid
2033 1263 2119 1307 est
2155 1254 2305 1309 enim

725 1344 873 1399 inter
919 1351 1136 1397 creatas
1174 1358 1265 1398 res
1290 1357 1503 1404 omnes,
1541 1342 1689 1411 quod
1722 1357 1895 1413 prope
1927 1344 1994 1397 ad
2028 1344 2307 1399 admiran-

731 1436 863 1488 dum
902 1435 1009 1489 hoc
1040 1435 1176 1489 artis
1214 1449 1354 1504 opus
1398 1433 1645 1491 accedat.
1682 1435 1844 1504 cujus
1893 1435 2305 1503 pulchritudine

729 1527 815 1581 vel
851 1528 966 1595 ipse
998 1536 1194 1593 eaplus
1237 1524 1343 1577 luit
1370 1523 1663 1588 Conditor,
1715 1526 1862 1577 unde
1911 1533 1967 1579 et
2008 1525 2142 1578 illud
2196 1524 2303 1577 sibi

725 1619 971 1671 omnium
1015 1617 1329 1672 arctissima
1373 1618 1707 1686 cognatione
1749 1617 2036 1670 devinxit?
2069 1617 2312 1681 Etenim,

725 1726 759 1762 ι)
794 1724 908 1763 rem
955 1708 1104 1762 omni
1153 1707 1522 1762 admiratione
1580 1709 1887 1778 majorem!
1937 1718 1999 1762 ut
2050 1709 2143 1763 illa
2204 1708 2311 1763 sibi

2485 1160 2558 1216 A’.
2597 1164 2718 1215 Ἔτι
2754 1163 2809 1216 δὲ
2841 1166 2934 1216 καὶ
2969 1165 3101 1236 πρὸς
3131 1166 3310 1218 πάντα
3343 1168 3728 1237 παρήλλακται
3749 1184 3765 1197 ’
3796 1171 3850 1221 τί
3885 1169 3992 1238 γὰρ

2413 1254 2525 1307 τῶν
2564 1256 2874 1325 γενομένων
2914 1257 3135 1309 πώποτε
3169 1257 3367 1324 γένοιτ’
3397 1261 3463 1311 ἂν
3492 1258 3880 1329 παραπλήσιον
3912 1260 3990 1329 τῷ

2416 1346 2552 1417 ξένῳ
2583 1348 2761 1417 τούτῳ
2804 1351 3135 1418 τεχνήματι,
3184 1342 3246 1402 οὗ
3280 1350 3373 1401 τοῦ
3405 1351 3635 1414 κάλλους
3670 1351 3766 1403 καὶ
3794 1353 3823 1404 ὁ
3857 1354 3992 1406 πλά-

2415 1452 2546 1503 στης
2590 1439 2755 1504 ἑάλω,
2806 1442 2901 1493 καὶ
2928 1444 3009 1504 είς
3043 1443 3309 1511 μεγίστην
3334 1443 3511 1511 ἑαυτῷ
3548 1444 3804 1511 συνέδησε
3833 1444 3992 1495 τοῦτο

2414 1530 2765 1598 συγγένειαν;
2804 1534 3036 1603 Μητέρα
3088 1535 3197 1604 γὰρ
3248 1534 3309 1586 τὸ
3345 1534 3782 1603 παραδοξότατον
3833 1540 3991 1599 γενέ-

2411 1617 2534 1670 σθαι
2592 1622 3010 1690 παρεσκεύασεν
3068 1623 3297 1688 ἑαυτοῦ,
3348 1622 3539 1692 ὥσπερ
3589 1624 3689 1675 οὐκ
3741 1625 3992 1693 ἀποχρῆν

2407 1708 2585 1771 ἄλλως
2636 1712 2940 1782 ἡγούμενος
3001 1714 3343 1776 ἐνδείξασθαι
3402 1716 3501 1783 τὴν
3554 1714 3651 1782 τῆς
3710 1715 3991 1780 πανὰγνου

726 1811 904 1855 mater
942 1808 1110 1865 esset,
1161 1800 1278 1869 ipse
1314 1798 1645 1863 constituit,
1690 1799 1860 1853 veluti
1928 1808 2117 1862 ratus,
2158 1801 2304 1855 haud
2339 1838 2379 1890 Β

2339 1838 2379 1890 Β
2411 1800 2834 1872 μεγαλειότητα,
2884 1804 2933 1856 εί
2988 1803 3064 1876 μὴ
3102 1808 3168 1874 τῇ
3206 1807 3398 1876 πρώτῃ
3425 1806 3534 1855 τῶν
3572 1806 3635 1855 ἐκ
3670 1804 3993 1871 συγγενείας

727 1891 889 1945 aliter
937 1889 1406 1945 innocentissimm
1460 1889 1612 1943 illius
1661 1891 2122 1961 magniﬁcentiam
2168 1894 2303 1947 satis

729 1982 946 2037 ostendi
994 1996 1177 2051 posse,
1225 1980 1332 2035 nisi
1383 1995 1596 2034 summa
1627 1981 1874 2034 omnium
1930 1981 2302 2047 necessitudo,

729 2089 979 2131 materna
1030 2074 1263 2135 scilicet,
1303 2088 1411 2142 qua
1444 2072 1581 2127 nihil
1614 2072 1821 2127 arctius
1856 2074 2001 2127 inter
2046 2074 2300 2129 homines

730 2180 825 2225 aut
882 2168 1260 2223 houorabilius
1297 2181 1420 2222 esse
1464 2168 1742 2229 novimus,
1796 2166 2021 2222 sibimet
2074 2183 2198 2223 cum
2243 2184 2307 2223 ea

732 2262 1121 2318 intercederet.
1976 2332 1991 2340 υ

803 2358 962 2424 Quod
1004 2372 1137 2412 vero
1191 2365 1397 2412 nostrae
1453 2372 1674 2428 quoque
1718 2342 1909 2414 formae
1942 2360 2031 2414 illa
2063 2358 2203 2414 facta
2238 2357 2308 2413 sit

731 2451 1029 2520 particeps,
1049 2449 1101 2502 id
1132 2463 1265 2503 sane
1305 2449 1457 2503 nulla
1478 2449 1582 2504 alia
1612 2449 1869 2507 decausa
1903 2450 2108 2505 factum
2138 2449 2307 2503 fuisse

729 2545 987 2607 dixerim,
1019 2558 1181 2612 quam
1211 2552 1273 2597 ut
1302 2543 1391 2607 iis,
1438 2544 1768 2613 quibuscum
1808 2559 2159 2599 communem
2206 2543 2306 2597 ha-

731 2636 851 2689 buit
912 2645 1188 2699 naturam,
1255 2635 1429 2689 forma
1498 2651 1720 2706 quoque
1779 2637 2088 2690 sanctitatis
2141 2646 2306 2706 atque

732 2727 1039 2782 honestatis
1064 2726 1222 2782 ﬁeret
1246 2746 1259 2781 :
1287 2736 1344 2781 ut
1384 2728 1528 2781 sicut
1558 2729 1916 2797 complanlati
1950 2728 2076 2782 iacti
2117 2743 2309 2782 sumus

729 2818 1079 2873 similitudini
1120 2820 1139 2849 ⁷
1197 2818 1371 2873 heat-aa
1423 2820 1569 2872 illius
1656 2820 1963 2888 divinaaquc
2057 2820 2309 2889 imaginis

732 2912 917 2971 (liceat
949 2912 1093 2965 enim
1141 2910 1275 2964 mihi
1322 2911 1465 2964 bona
1505 2925 1632 2964 cum
1676 2910 1862 2964 eximii
1892 2910 2042 2965 Pauli
2070 2911 2225 2963 venia
2252 2911 2304 2963 in

734 3003 838 3057 hac
902 3017 957 3056 re
1010 3003 1177 3057 verba
1227 3003 1348 3071 ejus
1397 3001 1715 3070 usurpare),
1774 3002 1846 3056 ita
1897 3013 1952 3056 et
2007 3004 2304 3072 gratiarum

740 3095 915 3162 ipsius
934 3095 1231 3163 participes
1258 3109 1507 3149 essemus
1537 3093 1635 3165 (4).
1657 3093 1813 3159 Quod
1838 3094 2023 3163 itaque
2046 3095 2304 3149 eximium

2406 1894 2678 1947 οἰκειώσει
2731 1897 2995 1965 χρήσαιτο
3056 1897 3193 1966 πρὸς
3243 1897 3437 1966 αὐτὴν,
3494 1895 3639 1963 λέγω
3671 1896 3727 1948 δὲ
3780 1897 3846 1965 τῇ
3889 1894 3990 1962 τῆς

2410 1989 2647 2058 μητρὸς,
2677 1981 2741 2058 ἦς
2782 1987 2935 2040 οὐδὲν
2971 1987 3087 2040 οὒτ’
3147 1988 3477 2057 οἰκειότερον
3516 1987 3637 2040 κατ’
3667 1985 3991 2056 ἀνθρώπους

2410 2081 2569 2149 ῐσμεν
2596 2079 2720 2133 οὔτε
2760 2077 3224 2151 σεϐασμιώτερον.

2480 2355 2545 2408 Et
2590 2354 2643 2408 δὲ
2696 2354 2793 2408 καὶ
2841 2355 2939 2422 τῆς
2973 2354 3147 2423 αὐτῆς
3181 2354 3313 2424 ἡμῖν
3365 2351 3593 2423 μετέσχε
3649 2348 3865 2419 μορφῆς
3896 2348 3991 2401 καὶ

2409 2447 2442 2515 ἡ
2492 2446 2788 2513 πάναγνος,
2836 2447 2902 2498 δι’
2947 2448 3121 2510 οὐδὲν,
3191 2448 3404 2518 εἴποιμι
3446 2448 3532 2509 ἂν,
3574 2447 3759 2517 ἕτερον
3809 2447 3922 2497 ἀλλ’
3956 2446 3989 2514 ἦ

2411 2536 2626 2600 πάντως
2683 2537 2749 2590 ἵν’
2810 2537 3085 2606 ἁγιασμὸς
3135 2538 3231 2590 καὶ
3283 2540 3571 2607 σεμνότης,
3603 2532 3685 2598 οἷς
3735 2534 3993 2588 κεκοινώ-

2411 2644 2581 2697 νηκε,
2638 2628 2934 2697 μορφωθῇο
2989 2627 3079 2691 ἶν’,
3132 2628 3321 2697 ὥσπερ
3368 2628 3635 2696 σύμφυτοι
3686 2628 3993 2693 γεγόναμεν

2409 2720 2488 2789 τῷ
2530 2720 2842 2787 ὁμοιώματι
2892 2719 2990 2787 τῆς
3025 2720 3304 2787 μακαρίας
3346 2721 3437 2771 καὶ
3472 2720 3622 2780 θείας
3656 2719 3872 2784 ἐκείνης
3916 2719 3993 2766 εί-

2412 2814 2570 2874 κόνος
2605 2813 3013 2882 (συγχωρήσειε
3044 2811 3088 2864 δ’
3114 2812 3180 2865 ἄν
3212 2830 3304 2881 μοι
3334 2814 3426 2863 καὶ
3454 2812 3662 2874 Παῦλος
3687 2812 3715 2862 ὀ
3742 2810 3993 2878 λαμπρὸς

2412 2906 2553 2976 ὑπὲρ
2577 2906 2768 2959 τούτου
2807 2909 2921 2966 τοῖς
2943 2904 3156 2957 ἐκείνου
3196 2902 3505 2974 χρήσασθαι
3538 2900 3825 2971 ῥήμασιν),
3851 2900 3993 2951 οὕτω

2413 3002 2505 3051 καὶ
2547 2998 2656 3050 τῶν
2696 2996 2937 3068 χαρίτων
2980 2997 3407 3065 κοινωνήσωμεν
3439 2995 3666 3062 ταύτης.
3702 2993 3811 3045 Καὶ
3860 2991 3992 3057 γοῦν

2412 3095 2473 3144 τ),
2499 3091 2779 3159 ὑπερφυὲς
2824 3090 2977 3143 τουτὶ
3015 3089 3472 3158 μεγαλούργημα,
3522 3087 3581 3138 τὸ
3628 3086 3993 3151 καινοπρεπὲς

730 3186 837 3239 hoc
864 3202 1029 3255 supra
1070 3186 1321 3239 ordinem
1356 3194 1568 3239 naturae
1598 3201 1756 3255 opus,
1785 3185 1931 3256 quod
1957 3186 2307 3239 simulacrum
2338 3189 2380 3245 C

2338 3189 2380 3245 (ξ
2418 3180 2664 3250 ἄγαλμα,
2714 3184 2747 3250 ή
2799 3184 2878 3244 εἰς
2910 3182 3070 3233 τοῦτο
3098 3180 3370 3248 ἐφθακυῖα
3398 3179 3578 3244 δόξης,
3610 3176 3683 3237 ὡς
3715 3175 3809 3226 καὶ
3841 3178 3995 3242 οἰκη-

731 3278 836 3331 hoc
896 3292 1039 3331 novo
1083 3277 1284 3331 decore
1348 3276 1583 3345 fulgens,
1621 3293 1743 3347 quae
1796 3293 1863 3332 eo
1906 3293 2076 3346 usque
2122 3278 2307 3346 gloria:

729 3368 1024 3436 processit,
1089 3377 1150 3420 ut
1199 3382 1427 3420 aureum
1470 3376 1886 3421 construeretur
1920 3367 2031 3421 Deo
2078 3367 2305 3437 dignum

730 3459 1130 3516 habitaculum.
1162 3459 1308 3528 quod
1352 3458 1537 3529 Virgo,
1590 3459 1842 3527 inquam,
1874 3460 2159 3529 progenita
2212 3460 2311 3513 bo-

731 3548 925 3603 dierna
962 3548 1053 3603 die
1095 3548 1280 3612 fuerit,
1315 3549 1417 3602 hoc
1441 3557 1546 3609 est,
1582 3550 1729 3617 quod
1765 3549 1996 3601 solemni
2030 3558 2306 3602 conventu

729 3643 1124 3706 celebramus,
1186 3642 1388 3695 festum
1448 3641 1661 3710 agimus
1702 3639 1909 3693 Natalis
1967 3641 2086 3711 ejus
2141 3640 2307 3701 diem,

731 3736 1059 3806 praecelsum
1104 3741 1269 3802 atque
1312 3741 1604 3800 augustum
1657 3732 2004 3801 mysterium,
2076 3732 2313 3802 Virginis

729 3828 1095 3892 sativitatem,
1151 3826 1409 3880 ﬁdelibus
1441 3826 1700 3881 omnibus
1732 3826 2146 3881 annuntiantes.

798 3921 865 3975 ἵ.
899 3921 1127 3989 Jamque
1163 3919 1230 3973 ad
1266 3918 1370 3974 hoc
1400 3918 1718 3989 mysterium
1752 3920 1995 3972 animum
2049 3919 2310 3974 adverta-

732 4028 876 4067 mus.
910 4012 1047 4067 Cum
1100 4009 1356 4064 universa
1405 4010 1551 4063 Deus
1601 4017 1882 4073 creasset,
1934 4008 2314 4078 pronuntiavit

730 4122 795 4159 ea
849 4104 1003 4157 valde
1054 4103 1196 4156 bona
1248 4116 1370 4155 csse
1422 4100 1521 4170 (εἰ).
1571 4098 1856 4153 Hominem
1914 4114 2079 4168 porro
2130 4114 2314 4153 rerum

735 4199 929 4248 harum
982 4191 1228 4246 omnium
1280 4190 1661 4259 spectabilium
1700 4199 1758 4242 et
1789 4189 2313 4258 speciosissimarum

734 4286 1040 4357 principem
1076 4282 1395 4347 constituit;
1450 4297 1629 4350 neque
1680 4282 1785 4335 hoc
1812 4282 2011 4344 solum,
2051 4281 2144 4335 sed
2176 4296 2313 4349 pra:-

737 4392 889 4432 u-rea
961 4385 1136 4431 morte
1178 4384 1233 4429 et
1277 4374 1631 4444 corruptione
1698 4375 2040 4443 superiorem
2090 4373 2319 4435 eti‘ecit,

735 4468 965 4537 gloriam
1018 4481 1260 4537 quoque,
1294 4480 1325 4518 e
1358 4479 1463 4535 qua
1511 4464 1772 4519 seductus
1808 4463 2063 4535 (Diaboli)
2113 4463 2315 4517 invidia

2414 3272 2605 3341 τήριον
2648 3273 2768 3341 Θεῷ
2813 3274 3298 3345 χρυσουργητιῆναι
3349 3270 3646 3339 προσῆκον,
3687 3269 3769 3320 ὃτι
3801 3270 3992 3334 γεγέν-

2415 3381 2574 3432 νηται
2605 3369 3051 3435 πανηγυρίζομεν
3102 3369 3364 3435 σήμερον,
3403 3366 3495 3415 καὶ
3531 3361 3639 3412 τῶν
3666 3364 3867 3429 ταύτης
3900 3377 3992 3426 γε·

2416 3455 2641 3507 νεθλίων
2673 3459 2770 3525 τὴν
2816 3458 3037 3526 τελετὴν
3074 3458 3424 3525 ἑορτάζομεν,
3466 3454 3761 3522 μυστήριον
3790 3452 3995 3519 ὑψηλὸν

2416 3547 2511 3599 καὶ
2566 3549 2884 3617 σεϐάσμιον,
2939 3550 2999 3601 τὸ
3054 3550 3152 3618 τῆς
3211 3550 3485 3622 Παρθένου
3546 3549 3819 3619 γενέθλιον
3859 3548 3993 3599 πᾶσι

2418 3641 2629 3702 πιστοῖς
2664 3642 3151 3707 καταγγέλλοντες.

2491 3901 2567 3957 E'.
2613 3905 2913 3976 Σκοπῶμεν
2943 3908 2999 3961 δὲ
3028 3909 3128 3978 ἤδη
3148 3926 3164 3945 ο
3216 3910 3284 3963 τὰ
3329 3909 3623 3979 σύμπαντα
3654 3912 3997 3982 παραγαγὼν

2420 3995 2449 4046 ὁ
2478 3994 2635 4057 Θεὸς,
2684 3997 2768 4050 ὅτι
2817 3998 2962 4051 καλὰ
2997 4000 3116 4069 μεθ’
3169 4000 3475 4071 ὕπερὸολῆς
3514 4003 3812 4071 ψηφῐζεται
3870 4007 4000 4074 περὶ

2422 4087 2605 4140 αὐτῶν
2633 4104 2648 4119 ⁶
2687 4091 2795 4143 τῶν
2834 4090 2892 4143 δὲ
2939 4091 3239 4161 ὁρωμένων
3286 4094 3496 4146 τούτων
3553 4095 3649 4146 καὶ
3694 4095 4000 4149 καλλίστων

2424 4181 2685 4233 ἁπάντων
2733 4181 2824 4233 τὸν
2876 4183 3167 4252 ἄνθρωπον
3221 4186 3458 4253 ἄρχοντα
3493 4187 3767 4257 καθιστᾷ·
3810 4189 3903 4240 καὶ
3937 4190 4000 4240 οὺ

2424 4269 2582 4321 τοῦτο
2608 4271 2792 4338 μόνον,
2831 4273 2969 4327 ἀλλὰ
2994 4275 3088 4326 καὶ
3122 4274 3352 4328 θανάτου
3385 4278 3621 4345 κρείττω
3645 4280 3738 4330 καὶ
3767 4280 4001 4350 φθορᾶς,

2426 4362 2522 4415 καὶ
2547 4363 2726 4433 δόξης,
2759 4354 2824 4436 ἧς
2854 4366 3128 4436 ἀπέτυχεν
3150 4368 3459 4437 φθονηθεὶς,
3494 4370 3871 4423 ἀπολαύσαντα
3896 4372 3999 4439 (6),

2429 4454 2566 4523 φησὶ
2603 4456 2662 4508 δὲ
2705 4456 2802 4527 τὴν
2858 4457 3119 4524 ίσοθεΐαν,
3154 4460 3254 4528 ὅση
3283 4460 3454 4530 χοῖκῷ
3498 4461 3802 4532 προσῆκεν,
3835 4464 3883 4513 εί
3922 4466 3999 4531 μὴ

736 4561 963 4625 excidit,
1014 4558 1381 4629 aequalitatem
1438 4570 1636 4626 nempe
1687 4571 1811 4610 cum
1863 4556 2007 4619 Deo,
2054 4564 2319 4624 quantum
2352 4540 2398 4594 Ῑ)

2352 4540 2531 4613 Βτῆς
2583 4546 2837 4616 δοθείσης
2896 4549 3308 4618 ἀποπηδήσειεν
3375 4551 3618 4620 ἐντολῆς.
3691 4551 3854 4604 Ἀλλὰ
3903 4554 4003 4607 τοῦ

739 4667 909 4718 capax
961 4650 1083 4719 ejus
1130 4662 1297 4709 esset,
1329 4647 1421 4714 qni
1454 4660 1484 4699 e
1519 4645 1651 4699 limo
1681 4642 1913 4698 eductus
1960 4643 2155 4707 fuerat,
2188 4657 2324 4696 eon-

740 4751 1129 4809 sequuturum,
1180 4737 1450 4806 siquidem
1497 4735 1812 4804 impositum
1848 4734 1951 4787 sibi
2004 4733 2318 4787 mandatum

743 4850 848 4884 tum
886 4829 1424 4900 pnetergrederetur.
1459 4826 1661 4881 Verum
1690 4841 1856 4894 quum
1888 4824 1976 4877 ille
2002 4822 2318 4877 Creatorem

744 4939 902 4976 suum
951 4920 1361 4989 derelinquens,
1406 4917 1682 4972 seductori
1711 4930 1768 4969 se
1811 4914 2169 4986 subjecisset;
2218 4929 2325 4967 nu-

820 5070 837 5098 ⁷
882 5067 1040 5118 lium.
1068 5080 1143 5126 vs,
1174 5065 1227 5117 5.

2426 4636 2669 4689 πλάστου
2729 4637 2829 4705 μὲν
2889 4630 3044 4700 οὗτος
3096 4640 3531 4709 ἀποσκιρτήσας,
3573 4640 3651 4710 τῷ
3699 4641 3757 4693 δὲ
3814 4642 4007 4712 πλάνῳ

2424 4727 2525 4797 τὴν
2555 4729 2837 4797 ὑποταγὴν
2868 4730 3206 4799 ἐγχειρίσας,
3245 4732 3475 4799 γυμνὸς,
3511 4732 3763 4795 ἐλεεινὸς,
3794 4734 4007 4802 αἰχμά-

2428 4821 2621 4882 λωτος,
2679 4821 2870 4890 οῖμοιί
2909 4820 3227 4891 προῦκειτο,
3274 4822 3375 4891 τῆς
3410 4823 3686 4892 προτέρας
3720 4824 4006 4890 εὐγενείας

2435 4912 2617 4981 πάσης
2656 4912 3011 4983 ἀφῃρημένος
3040 4928 3053 4942 ·
3089 4912 3183 4964 καὶ
3222 4910 3293 4964 τὰ
3319 4912 3460 4964 καλὰ
3490 4911 3667 4965 πάντα
3698 4913 3883 4965 ἐκεῖνα
3910 4918 4005 4964 καί

2009 5177 2151 5235 Ant.
2196 5170 2492 5234 Ballerini
2538 5178 2729 5233 notae.

820 5338 896 5408 (4)
920 5337 1073 5404 Quod
1128 5338 1283 5407 plura
1308 5336 1493 5408 Adicta
1546 5335 1628 5408 _de
1680 5336 1915 5408 Deipara
1952 5322 2315 5408 reperiantur,

750 5403 1261 5481 quaa'p_rorsus'soli
1292 5406 1516 5481 Christo
1544 5403 2108 5481 Domino’convenire
2132 5403 2326 5481 viden-

752 5473 862 5543 tur,
896 5473 1035 5531 nihil
1075 5479 1165 5531 ille
1191 5477 1505 5539 mirabitur,
1575 5477 1669 5544 qui
1739 5475 2012 5529 universis
2067 5473 2331 5544 Ecclesia:

749 5550 1008 5605 Patribus
1031 5549 1173 5601 hanc
1198 5546 1416 5601 noverit
1438 5543 1758 5599 constanter
1777 5547 1945 5598 fuisse
1968 5543 2326 5606 sententiam,

752 5618 1150 5691 redemptionis
1176 5633 1315 5691 opus
1360 5631 1484 5691 cum
1515 5632 1683 5691 opere
1720 5615 2026 5691 _creation_is
2068 5614 2329 5691 ita_coxu-

749 5684 959 5760 parari,
987 5699 1044 5742 ut
1066 5684 1527 5760 quemadmodum
1556 5684 1632 5739 ab
1653 5687 1859 5739 Adamo
1877 5696 1933 5760 e_t
1948 5684 2059 5737 Eva
2078 5684 2333 5760 universa

751 5752 1036 5815 hominum
1084 5752 1386 5826 'gencratio
1436 5758 1620 5809 futura
1678 5766 1819 5819 erat,
1881 5755 1962 5808 sic
2009 5768 2073 5826 a_
2104 5752 2327 5826 Christo

752 5831 985 5886 Domino
1016 5838 1071 5883 et
1100 5822 1351 5897 Beipara,
1383 5828 1475 5895 qui
1511 5836 1801 5896 propterea
1853 5834 1911 5880 et
1950 5823 2076 5878 novi
2134 5822 2328 5876 Adami

2426 5342 2479 5385 et
2512 5348 2668 5387 nova:
2688 5333 2813 5387 Eva:
2851 5333 3172 5403 nominibus
3196 5333 3618 5403 compellantur,
3653 5349 3791 5387 nova
3823 5334 4008 5388 homi-

2428 5418 2560 5455 num
2588 5403 2870 5483 ge_neratio
2896 5402 3195 5472 repetenda
3225 5402 3469 5469 sit.'Qua
3491 5404 3559 5458 de
3594 5419 3654 5458 re
3718 5405 3773 5458 in
3834 5406 4006 5458 Com-

2430 5483 2725 5525 mentarto.

2501 5543 2577 5610 (5)
2613 5543 2749 5595 Gen.
2784 5558 2823 5605 ι,
2865 5543 2955 5615 5|.
2982 5541 3248 5615 _Viditque
3300 5541 3438 5596 Deus
3465 5553 3650 5597 cuncta
3691 5559 3810 5613 quin
3870 5546 4006 5615 fece-

2437 5622 2521 5664 rat
2553 5655 2566 5672 ,
2600 5621 2649 5664 et
2684 5620 2836 5664 erant
2867 5612 3019 5666 valde
3052 5612 3208 5666 bona.

2432 5754 2460 5806 θ
2503 5684 2579 5790 ςδ)
2645 5682 2780 5738 Cod.
2840 5682 3063 5738 inverso
3122 5684 3315 5739 ordine
3368 5685 3747 5738 ἀπολαύσοντα
3810 5684 4013 5755 φθονη-

2470 5789 2567 5816 ὖ-’σ
