4258 6364
783 382 847 443 19
1841 390 2138 450 lSlDOl’tl
2181 389 2465 448 THESSA
2477 391 2617 451 LON
2628 393 2802 454 ICEN
2811 396 2928 455 513
3963 400 4029 463 90

765 514 874 568 que
929 500 1187 556 invitanti
1245 503 1527 573 prophetae
1591 502 1975 574 obsequuntur
2017 504 2086 559 ad
2134 504 2350 559 laudem
2381 508 2428 565 Α

2344 521 2350 556 ι
2381 508 2428 565 Α
2461 506 2548 558 ἵνα
2583 507 2822 561 συνελὼν
2845 510 3006 575 εἴπω,
3045 512 3076 580 ἡ
3113 509 3215 579 τῆς
3241 511 3605 583 ἀειπαρθὲνου
3638 513 3734 567 καὶ
3767 513 4025 569 Θεοτάκου

767 590 984 645 Domini
1033 602 1403 662 assurgentes.
1454 594 1656 665 Atque,
1691 604 1749 650 ut
1793 610 1902 649 uno
1941 595 2108 650 verbo
2153 596 2350 659 dicam,

766 692 923 737 ortus
980 683 1201 747 Maria,
1257 699 1476 753 semper
1526 685 1764 755 Virginis
1796 701 1860 740 ac
1893 686 1987 739 Dei
2038 685 2351 747 Genitrieis,

767 776 1095 831 universalis
1135 778 1381 831 omnium
1431 779 1888 847 regenerationis,
1925 778 2350 841 reformationis,

765 865 820 917 in
867 865 1156 934 pristinam
1193 877 1536 922 venustatem
1593 870 1984 933 restitutionis,
2020 884 2085 923 ac
2119 885 2354 923 renova-

767 954 935 1008 tionis
992 956 1149 1026 origo
1199 958 1474 1027 apparuit.
1524 958 1753 1013 Tantam
1805 974 2002 1028 nempe
2053 960 2351 1029 gratiarum

766 1046 981 1115 copiam
1019 1057 1176 1101 ortus
1208 1048 1450 1119 Virginis
1498 1064 1687 1104 secum
1722 1050 1930 1103 attulit!
1978 1049 2130 1103 Adeo
2159 1042 2352 1104 natalis

766 1138 889 1207 ejus
923 1138 1043 1193 dies
1068 1138 1329 1208 gaudium
1358 1138 1763 1208 victoriamque
1795 1138 2053 1193 omnibus
2087 1139 2349 1191 solemni-

769 1239 852 1284 ter
878 1231 1260 1285 annuntiavitl
1296 1230 1448 1286 Adeo
1476 1231 1711 1286 sublime
1737 1232 1981 1301 mystica:
2011 1232 2352 1300 contempla~

768 1324 935 1378 tionis
962 1337 1345 1392 argumentum
1370 1341 1610 1396 pnesens
1644 1326 1914 1382 festivitas
1947 1326 2106 1381 nobis
2131 1326 2346 1397 objicit!

840 1413 951 1467 ΠΙ.
1005 1414 1205 1470 Verum
1259 1419 1511 1486 quisnam
1560 1432 1659 1486 pro
1717 1417 1984 1486 dignitate
2032 1418 2212 1472 valeat
2257 1425 2354 1471 aut

750 1504 950 1560 'mente
989 1507 1304 1578 concipere,
1346 1517 1441 1562 aut
1478 1508 1661 1578 lingua
1707 1523 1971 1563 enarrare
2020 1509 2136 1563 sive
2183 1507 2352 1562 decus

764 1610 876 1665 quo
941 1607 1209 1652 creatura:
1260 1614 1453 1653 omnes
1494 1614 1591 1668 per
1624 1600 1765 1654 hanc
1819 1603 2065 1655 omnium
2109 1600 2351 1670 reginam

765 1687 1191 1742 circumvestitte
1254 1688 1679 1757 splendescunt,
1743 1689 1859 1743 sive
1919 1691 2119 1758 reginae
2181 1691 2354 1758 ipsius

768 1779 1253 1848 magnilicentiam,
1292 1789 1515 1849 pr0pter
1562 1796 1726 1850 quam
1758 1781 1806 1835 ei
1838 1781 2027 1835 datum
2071 1791 2176 1845 est,
2209 1791 2268 1835 ut
2294 1791 2348 1837 et

768 1870 883 1938 ipsa
936 1871 1103 1925 Deum
1138 1875 1193 1925 in
1223 1887 1283 1928 se
1329 1873 1608 1941 exciperet
1655 1873 2042 1939 habitatorem,
2071 1884 2127 1927 et
2164 1874 2346 1927 omnia

767 1960 855 2012 illa
887 1961 1174 2029 splendida
1205 1979 1268 2018 ac
1302 1963 1576 2018 mirabilia
1624 1974 1738 2018 tum
1783 1964 1887 2019 sibi
1922 1972 2035 2017 tum
2080 1964 2351 2020 creaturis

764 2054 1149 2121 compararet?

833 2140 972 2196 Cum
1016 2142 1189 2207 enim,
1224 2160 1334 2214 quo
1373 2145 1545 2215 magis
1572 2162 1693 2202 sese
1749 2147 1874 2216 quis
1914 2148 2119 2216 expolit
2153 2156 2211 2200 ut
2236 2148 2347 2203 Deo

765 2232 963 2287 similis
1014 2236 1235 2298 evadat,
1270 2252 1337 2291 eo
1372 2240 1635 2308 majorem
1676 2254 1798 2293 cum
1828 2240 1939 2292 Deo
1967 2240 2086 2305 ipso
2118 2240 2348 2309 conjun-

762 2329 1021 2392 etlonem,
1065 2335 1122 2381 et
1160 2340 1528 2385 consentanea
1584 2332 1725 2385 dona
1781 2331 1906 2384 inde
1956 2332 2342 2394 nanciscatur;

761 2430 863 2484 ego
892 2430 1021 2469 vero
1051 2416 1310 2483 arbitror,
1358 2419 1700 2485 Creatorem,
1735 2430 1795 2476 ut
1819 2423 2134 2478 hominibus
2171 2425 2344 2492 palam

762 2505 970 2562 faceret
1020 2524 1185 2577 quam
1235 2511 1436 2567 similis
1473 2513 1584 2567 Deo
1626 2528 1771 2568 esset
1821 2515 2006 2584 Virgo,
2057 2526 2345 2585 prOpterea

762 2597 921 2652 σθ’εοί
955 2614 1037 2665 se,
1086 2608 1147 2655 ut
1200 2618 1339 2656 nova
1398 2619 1625 2672 prorsus
1674 2622 1793 2660 eam
1853 2606 1998 2660 inter
2058 2623 2122 2661 ac
2169 2617 2347 2663 semet

763 2691 1173 2755 eonjunctionis
1216 2695 1355 2747 ratio
1384 2694 1702 2763 refulgeret,
1736 2705 1792 2750 et
1823 2705 2089 2753 creatura“:
2124 2701 2346 2754 univer-

764 2796 838 2834 sa:
866 2781 1065 2836 eximia
1100 2799 1201 2852 per
1234 2786 1405 2852 ipsam
1438 2786 1609 2855 gloria
1640 2788 2209 2844 circumvestirentur.

832 2872 1090 2928 Profecto
1143 2875 1211 2929 de
1274 2877 1389 2946 ipsa
1452 2879 1671 2934 videtur
1743 2882 1876 2935 mihi
1950 2886 2344 2950 praanuntiasec

764 2964 1032 3031 propheta
1087 2966 1298 3031 David,
1355 2968 1449 3023 ubi
1503 2985 1627 3024 cum
1680 2971 2043 3027 admiratione
2096 2974 2341 3029 clamat:

765 3051 894 3116 Quis
928 3054 982 3107 in
1013 3055 1233 3109 nubibus
1271 3059 1566 3127 mquabitur
1599 3060 1849 3126 Domina,
1892 3062 2081 3115 similis
2116 3065 2215 3115 erit
2242 3063 2344 3117 Deo

2459 597 2680 667 Μαρίας
2713 600 2972 667 γέννησις
3027 602 3440 672 ἀναγεννήσεως
3483 605 3618 656 πᾶσι
3662 606 3758 657 καὶ
3785 605 4026 658 ἀναπλά-

2460 704 2597 750 σεως
2643 688 2739 740 καὶ⁵
2771 688 3057 759 ὠραϊσμοῦ
3091 692 3185 743 καὶ
3217 692 3615 753 ἀνακαινίσεως
3648 693 3855 762 πέφηνε
3885 694 4015 762 τιρὸ-

2459 775 2629 841 ξενος.
2686 779 2975 833 Τοσούτων
3026 782 3058 850 ὴ
3108 782 3207 850 τῆς
3261 783 3540 847 Παρθένου
3582 784 3809 853 πρόοδος
3864 784 4024 851 γέμει

2455 868 2696 936 χαρίτων
2719 869 2732 922 ι
2765 869 2950 932 Οὕτως
2983 871 3143 941 ἡτῶν
3167 872 3455 938 γενεθλίων
3481 873 3652 938 αὐτῆς
3683 875 3867 942 ἡμέρα
3892 890 4023 943 χαρο

2458 956 2665 1023 μόσυνα
2695 956 2793 1007 καὶ
2836 958 3093 1026 νικητικὰ
3127 959 3445 1012 διεσάλπισε
3488 963 3655 1014 aiat!
3689 962 3957 1014 Τοσοῦτον
3993 965 4022 1032 ἡ

2458 1043 2710 1111 παροῦσα
2734 1046 3047 1118 πανήγυρις
3096 1049 3369 1117 μυστικῆς
3419 1049 3654 1119 θεωρίας
3701 1051 4025 1121 προτίθησιν

2457 1134 2588 1205 ὕψος
2611 1141 2622 1190 ε

2526 1410 2601 1460 Ζ’.
2660 1407 2822 1460 Ἀλλὰ
2878 1409 2961 1468 τίς
3010 1405 3075 1458 ἂν
3120 1406 3390 1475 ἰσχύσειεν
3445 1406 3478 1476 ἦ
3527 1407 3649 1458 κατ’
3729 1403 3887 1468 ἀξίαν
3942 1405 4025 1457 ιν-

2456 1498 2665 1566 νοῆσαι,
2703 1499 2734 1568 ἦ
2770 1498 3018 1567 γλώττης
3067 1498 3231 1566 ἔργον
3287 1499 3666 1567 οἰκονομῆσαι,
3714 1498 3746 1566 ἦ
3794 1497 3892 1566 τὴν
3939 1512 4022 1547 σε·

2458 1590 2720 1657 μνὸτητα,
2763 1590 2828 1657 ἣν
2887 1590 3034 1641 πᾶσα
3083 1592 3115 1659 ἡ
3172 1590 3390 1658 ποίησις
3435 1588 3523 1640 διὰ
3564 1588 3769 1656 ταύτης
3809 1588 3873 1656 δὴ
3925 1586 4022 1655 τῆς

2458 1680 2855 1749 παμϐασιλίδος
2887 1680 3000 1749 ἔχει
3041 1681 3311 1750 λαμπρῶς
3358 1678 3885 1750 περιϐαλλομένη,ἢ
3928 1677 4022 1745 τὴν

2455 1771 2661 1840 ταύτης
2694 1771 3115 1839 μεγαλειότητα,
3147 1770 3216 1821 δι’
3246 1773 3310 1840 ἢν
3362 1771 3456 1822 καὶ
3490 1769 3624 1822 Θεὸν
3654 1770 3861 1820 ἐνοικον
3886 1767 4020 1835 αὐτῇ

2454 1866 2604 1933 σχεῖν
2636 1863 2939 1927 ἐξεγένετο,
2983 1864 3078 1914 καὶ
3114 1864 3291 1915 πάντα
3338 1865 3525 1915 ἐκεῖνα
3559 1862 3922 1930 προαγαγεῖν,
3957 1859 4021 1911 τά

2449 1973 2508 2009 τε
2538 1958 2679 2027 αὐτῇ
2716 1957 2811 2010 καί
2840 1959 2907 2027 τῇ
2944 1956 3115 2009 κτίσει
3150 1957 3388 2027 λαμπρά
3430 1958 3524 2009 καὶ
3568 1953 3862 2024 περίδοξα;

2532 2136 2683 2189 Ἐπεὶ
2714 2135 2844 2203 γὰρ,
2881 2134 3114 2187 καθόσον
3165 2133 3233 2187 ἄν
3286 2152 3370 2197 τις
3410 2134 3604 2186 ἑαυτὸν
3645 2133 3851 2202 ἁποξέῃ
3886 2131 4020 2201 πρός

2448 2244 2511 2294 γε
2537 2227 2598 2278 τὸ
2632 2227 2874 2277 ἐοικέναι
2906 2225 3048 2292 Θεῷ,
3103 2225 3245 2277 κατὰ
3274 2223 3534 2276 τοσοῦτον
3568 2224 3659 2275 καὶ
3704 2220 4019 2289 συμπλοκῆς

2448 2319 2544 2370 καὶ
2590 2316 2781 2384 δώρων
2837 2314 3191 2385 καταλλήλων
3236 2314 3447 2366 ἐκεῖθεν
3478 2313 3762 2379 τυγχάνει,
3798 2310 3862 2361 ἶν’
3895 2310 4019 2361 ὅσον

2446 2410 2479 2476 ὴ
2513 2406 2791 2478 Παρθένος
2830 2406 2949 2474 Θεῴ
2982 2407 3429 2474 προσωμοίωται,
3457 2403 3628 2465 τοῦτ’,
3650 2400 3833 2472 οἶμαι,
3862 2400 4012 2473 δείξῃ

2448 2509 2558 2568 τοῖς
2615 2504 2929 2575 ἀνθρώποις
2962 2506 2988 2556 ὁ
3024 2503 3292 2572 Πλάστης,
3349 2502 3436 2555 διὰ
3491 2501 3649 2552 τοῦτο
3707 2500 3859 2567 καὶὴ
3895 2497 4019 2564 ξένη

2451 2600 2569 2668 μετ’
2593 2599 2764 2666 αὐτῆς
2798 2596 2963 2650 αὑτοῦ
2993 2595 3293 2664 διέλαμψεν
3325 2596 3539 2655 ἓνωσις,
3576 2596 3670 2645 καὶ
3698 2593 3732 2662 ἡ
3756 2593 4021 2662 δημιουρ-

2447 2691 2544 2757 γία
2574 2691 2725 2741 πᾶσα
2782 2690 2882 2758 τὴν
2934 2686 3251 2755 ίστουργίαν
3283 2684 3351 2737 δι’
3416 2684 3586 2751 αὐτῆς
3629 2680 4019 2751 περιϐέϐληται

2445 2781 2546 2851 τὴν
2584 2798 2639 2831 σε
2651 2780 2960 2847 μνοπρεπῆ.

2522 2875 2656 2943 Περὶ
2685 2873 2909 2942 ταύτης,
2938 2872 3125 2938 ἔμοιγε
3160 2870 3331 2933 δοκεῖ,
3370 2868 3465 2921 καὶ
3492 2868 3517 2919 ὁ
3541 2868 3826 2935 προφήτης
3856 2862 4021 2916 Δασέδ

2450 2946 2546 3021 σὺν
2613 2967 2850 3034 θαύματι
2912 2961 3404 3032 προδιεκωδὼνισε,
3463 2963 3558 3026 Τίς
3616 2961 3684 3011 ἐν
3738 2954 4022 3023 νεφέλαις

2450 3059 2827 3124 ίσωθήσεται,
2854 3058 3097 3122 φάσκων,
3125 3052 3206 3117 τῷ
3237 3055 3451 3121 Κυρίῳ,
3481 3050 3911 3117 ὁμοιωθήσεται
3940 3041 4024 3109 τῷ

763 3143 817 3197 in
865 3144 991 3205 ﬁliis
1042 3145 1139 3199 Dei
1180 3148 1296 3216 (9)?
1343 3149 1500 3203 Nulla
1549 3152 1698 3205 enim
1748 3162 2126 3207 creaturarum
2183 3155 2444 3218 beataC.

2364 3156 2410 3218 C
2442 3153 2636 3216 Κυρίῳ
2655 3150 2725 3203 ἐν
2758 3146 2909 3212 υἱοῖς
2941 3144 3121 3209 Θεοῡ;
3142 3144 3277 3196 Οὐδὲ
3305 3146 3413 3211 γάρ
3439 3143 3585 3193 ἐστιν
3609 3143 3636 3191 ὸ
3657 3140 3764 3191 τῶν
3793 3135 4023 3204 γενομέ-

765 3236 987 3307 Virgine
1022 3239 1273 3307 superior
1295 3249 1400 3302 est,
1439 3242 1587 3295 nulla
1623 3258 1784 3312 supra
1818 3244 2047 3297 nubium
2093 3246 2341 3299 altitudi-

761 3342 887 3381 nem
928 3328 993 3382 ad
1024 3329 1266 3383 divinam
1318 3330 1735 3387 similitudinem
1792 3336 2016 3404 propius
2070 3337 2338 3391 ascendit.

761 3417 869 3473 Sed
922 3435 1100 3489 neque
1145 3422 1197 3475 in
1245 3433 1525 3491 posterum
1581 3440 1805 3493 prorsus
1836 3442 1899 3480 ex
1932 3428 2194 3481 omnibus
2237 3431 2344 3483 erit

763 3510 929 3573 nllus,
964 3513 1058 3580 qui
1091 3514 1155 3567 ad
1188 3514 1479 3567 sublimem
1521 3515 1657 3569 adeo
1706 3518 2093 3571 celsitudinem
2148 3534 2341 3587 prove-

762 3603 947 3657 hatur.
980 3603 1097 3672 Ipsa
1143 3605 1289 3658 enim
1326 3606 1628 3663 altissimus
1682 3625 1836 3663 mons
1886 3610 1973 3663 ille
2005 3621 2113 3672 est,
2146 3614 2198 3664 in
2241 3629 2342 3679 quo

761 3695 1142 3764 beneplacitum
1174 3707 1246 3749 est
1286 3697 1391 3751 Deo
1420 3699 1662 3751 habitare
1688 3702 1739 3751 in
1772 3717 1830 3753 eo
1855 3701 1918 3753 ¹⁹.
1958 3700 2094 3755 Hinc
2125 3710 2178 3755 ct
2209 3701 2341 3755 illud

762 3786 978 3851 merito,
1015 3802 1134 3842 mea
1190 3788 1415 3858 quidem
1463 3791 1753 3854 sententia,
1786 3792 1853 3845 de
1900 3791 2103 3861 Regina
2154 3806 2342 3847 nostra

761 3879 1032 3948 quispiam
1070 3880 1290 3945 dixerit,
1335 3881 1481 3949 quod
1522 3881 1587 3935 de
1614 3882 1844 3936 Domino
1878 3884 2174 3952 praeclarus
2217 3902 2345 3954 pro—

763 3971 1038 4025 nuntiavit
1088 3972 1343 4027 Hahacuc
1373 3989 1386 4025 :
1418 3972 1639 4044 Operuit
1691 3974 1843 4028 caelos
1894 3979 2059 4029 virtus
2108 3979 2241 4045 ejus,
2294 3989 2342 4031 et

761 4061 1039 4128 sapientia:
1067 4065 1179 4131 ejus
1220 4061 1378 4130 plena
1413 4072 1494 4116 est
1515 4073 1657 4117 terra
1692 4064 1826 4135 (l0).
1873 4066 2028 4131 Quod
2056 4067 2124 4127 si.
2152 4083 2344 4137 quem-

765 4146 1063 4200 admodum
1107 4149 1327 4202 divinus
1376 4151 1735 4219 proclamavit
1776 4153 1951 4207 Lucas
1979 4196 1992 4216 ,
2020 4157 2345 4223 quodhomi-

765 4237 918 4290 nibus
943 4238 1114 4292 altum
1144 4249 1238 4304 est,
1262 4241 1583 4295 abominatio
1619 4252 1695 4296 est
1725 4254 1848 4296 ante
1880 4244 2045 4298 Deum
2066 4248 2105 4276 ”
2130 4264 2145 4311 ;
2177 4264 2339 4316 quam

763 4329 1056 4381 sublimem
1092 4330 1258 4399 igitur
1285 4346 1394 4385 non
1426 4333 1604 4386 solum
1636 4348 1748 4401 prae
1775 4333 2091 4389 hominibus
2125 4338 2344 4391 univer-

763 4418 860 4481 sis.
917 4435 1110 4474 verunt
1164 4421 1354 4486 etiam,
1401 4431 1461 4476 ut
1500 4437 1602 4492 ego
1650 4423 1870 4493 quidem
1920 4425 2171 4492 dixerim,
2230 4445 2341 4497 prae

2448 3262 2552 3297 νων
2601 3241 2699 3312 τὴν
2756 3240 3034 3311 μακαρίαν
3074 3236 3237 3304 ὓπερ,
3262 3236 3356 3287 καὶ
3384 3233 3523 3299 ὑπὲρ
3552 3232 3610 3284 τὸ
3639 3231 3748 3282 τῶν
3779 3225 4023 3312 νεφελιῖιν

2449 3336 2581 3404 ὕψος
2608 3310 2743 3403 πρὸς
2760 3310 3028 3400 νόμοίωσιν
3064 3326 3370 3393 ἀναϐέϐηκε
3396 3323 3573 3374 θείανο
3602 3318 3833 3373 ἀλλὀύδ“
3857 3318 3922 3369 ἂν
3941 3310 4024 3377 εἷς

2443 3427 2551 3479 τῶν
2581 3424 2856 3493 ἐσομένων
2884 3420 3058 3483 ἔσται,
3091 3419 3198 3471 τῶν
3229 3416 3484 3469 ἁπάντων
3520 3413 3715 3476 οὐδεὶς,
3755 3409 4012 3464 τοσοῦτον

2446 3518 2890 3586 ὑψωθησόμενος·
2926 3514 3062 3583 αὕτη
3084 3514 3191 3581 γάρ
3223 3512 3338 3563 ἐστι
3360 3509 3418 3561 τὸ
3442 3506 3845 3577 μετεωρότατον
3867 3504 4020 3574 ὅρος,

2443 3614 2470 3665 ὃ
2496 3613 2781 3681 εὐδόκησεν
2823 3611 2850 3659 ὁ
2890 3609 3018 3669 Θεὸς
3068 3607 3340 3660 κατοικεῖν
3368 3602 3424 3654 ἐν
3456 3600 3624 3669 αὐτῷ.
3668 3597 3859 3650 Ἔνθεν
3926 3596 4023 3647 καὶ

2444 3701 2601 3754 τοῦτό
2628 3718 2709 3763 τις
2738 3699 2922 3762 ἀξίως,
2948 3693 3123 3765 οἶμαι,
3147 3695 3407 3763 προσερεῖ
3437 3693 3501 3759 τῇ
3538 3687 3790 3758 βασιλίδι,
3822 3685 3849 3738 δ
3881 3685 4021 3749 πρὸς

2446 3795 2536 3847 τὸν
2567 3794 2841 3860 Δεσπότην
2869 3794 2897 3843 ὁ
2928 3789 3209 3847 θεσπέσιος
3264 3782 3577 3851 Ἀὁὸακούμ
3598 3799 3611 3812 ’
3676 3778 4025 3844 Ἐκὰλυψεν

2444 3885 2738 3955 οἰιρανοὺς
2765 3884 2804 3950 ἡ
2834 3881 3013 3949 ἀρετὴ
3046 3877 3255 3946 αὐτῆς,
3288 3877 3384 3931 καὶ
3442 3875 3550 3942 τῆς
3581 3872 3888 3933 συνέσεως
3914 3869 4025 3920 αὐ-

2444 3977 2556 4043 τῆς
2586 3975 2824 4041 πλήρης
2854 3974 2892 4040 ἡ
2924 3971 3018 4041 γῆ.
3053 3971 3113 4022 Εἰ
3138 3971 3215 4032 δὲ,
3239 3969 3490 4036 καθάπερ
3522 3966 3580 4016 ἐν
3601 3960 3956 4027 Εὑαγγελίοις
3987 3958 4021 4008 ὁ

2444 4070 2584 4130 θεῖος
2616 4065 2848 4136 ἐκήρυξε
2895 4065 3128 4127 Λουκᾶς,
3158 4062 3221 4115 τὸ
3252 4062 3322 4113 ἐν
3358 4057 3693 4123 ἀνθρώποις
3726 4050 4000 4120 ὑψηλὸν,

2444 4159 2751 4226 βδέλυγμα
2788 4155 3044 4209 ἐνώπιον
3081 4153 3187 4205 τοῦ
3244 4150 3392 4204 Θεοῦ
3450 4148 3615 4200 πόσον
3652 4145 3758 4213 ἄρα
3787 4143 3847 4193 τὸ
3874 4140 4021 4207 ὑπὲρ

2445 4250 2656 4311 πάντας
2683 4244 3032 4314 ἀνθρώπους,
3064 4242 3231 4311 φαίην
3263 4240 3310 4294 δ’
3350 4240 3417 4293 ἂν
3468 4239 3668 4304 ἔγωγε,
3721 4233 3820 4285 καὶ
3847 4230 4017 4297 ἀγγέ-

2444 4341 2592 4403 λους,
2626 4338 2830 4406 ὑψηλὸν
2866 4336 2995 4402 παρ’
3056 4332 3248 4402 αὐτῆς,
3284 4330 3313 4383 ὃ
3346 4332 3438 4383 καὶ
3467 4329 3600 4381 Θεὸν
3651 4328 3731 4388 εἰς
3757 4324 3860 4391 γῆν
3915 4337 4017 4373 κα-

2444 4433 2679 4499 τήγαγε,
2718 4426 3035 4495 λογίζεσθαι
3064 4426 3169 4495 χρή
3197 4440 3212 4485 ς
3245 4422 3343 4475 Διὰ
3388 4420 3562 4473 ταῦτα
3606 4418 3699 4469 καὶ
3731 4414 3876 4481 μάλα
3908 4410 4024 4463 σώ-

762 4512 968 4581 angelis
1008 4512 1324 4567 existimare
1368 4522 1586 4581 oportet
1634 4514 1978 4570 altitudinem
2020 4519 2184 4583 illius,
2217 4536 2337 4589 qua:
2366 4499 2416 4555 Ῑ)

2366 4499 2416 4555 D
2445 4526 2553 4589 ζων
2586 4525 2650 4577 ἄν
2678 4540 2763 4583 τις
2806 4523 2867 4573 τὸ
2891 4521 3011 4571 δέον
3040 4519 3227 4571 ὶπὰνω
3275 4516 3515 4577 πάντων,
3569 4510 3705 4564 Θεοῦ
3745 4506 3906 4577 πλὴν,
3956 4505 4021 4556 τὸ

759 4602 933 4656 Deum
987 4602 1042 4656 in
1096 4612 1273 4657 terras
1328 4604 1592 4657 attraxit?
1647 4605 1913 4669 Quocirca
1965 4608 2086 4676 jure
2142 4611 2338 4663 merito

763 4696 1034 4763 quispiam
1066 4696 1518 4775 sublimissimatn
1558 4699 1701 4754 hanc
1750 4709 2058 4755 creaturam
2081 4706 2339 4760 omnibus

761 4788 1211 4859 quibuscunque,
1268 4790 1381 4843 Deo
1449 4791 1625 4845 solum
1686 4802 1935 4861 excepto,
1994 4796 2333 4864 superiorem

761 4877 1136 4934 aﬂirmavcrit.
1179 4883 1344 4950 Atqui
1393 4884 1556 4938 simul
1594 4900 1657 4939 ac
1685 4885 1733 4937 id
1768 4894 2061 4950 statuatur,
2087 4886 2197 4952 jam
2225 4900 2279 4941 et
2306 4906 2333 4942 a

2446 4616 2784 4684 ὑψηλότατον
2815 4611 2971 4665 τοῦτο
3001 4598 3259 4663 καλέσειε
3313 4608 3563 4674 γέννημα
3585 4618 3601 4633 ·
3633 4603 3681 4653 εἰ
3726 4600 3782 4651 δὲ
3830 4595 4019 4655 τοῦτο,

2443 4708 2539 4761 καὶ
2575 4707 2733 4776 ἥκειν
2772 4705 2833 4770 ἐξ
2883 4701 3115 4773 ούρανοῦ
3146 4720 3156 4730 ·
3207 4699 3330 4752 ἐπεὶ
3380 4699 3477 4751 καὶ
3508 4698 3541 4764 ἡ
3576 4689 4021 4758 θεολογικωτατη

2443 4800 2538 4852 καὶ
2566 4800 2748 4849 πάντα
2799 4793 3137 4864 περιηχοῦσα
3176 4792 3374 4859 φάσκει
3406 4789 3557 4856 φωνή
3585 4803 3599 4817 ·
3646 4784 3711 4836 '0
3734 4783 3802 4844 ἐξ
3834 4780 3925 4843 οὐχ
3949 4794 4022 4829 a-

2441 4890 2553 4944 νοῦ
2582 4890 2907 4958 ἐρχόμενος
2936 4887 3138 4940 ἐπάνω
3168 4884 3409 4939 πάντων
3445 4883 3636 4934 ἐστίν.

762 4971 904 5027 οωιο
954 4988 1074 5027 eam
1130 4975 1416 5032 advenisse
1479 4977 1883 5032 decernendum
1932 4989 2032 5032 est.
2087 4979 2509 5049 Quaquaxersus
2564 4984 2711 5037 enim
2766 4990 2989 5038 resonat
3083 4978 3304 5034 maximi
3390 4975 3534 5030 illius
3604 4968 3836 5038 theologi
3887 4984 4022 5037 vox,

761 5067 1017 5135 inquiens
1044 5084 1057 5120 :
1087 5067 1188 5133 Qui
1217 5068 1281 5122 de
1311 5070 1437 5123 caelo
1466 5073 1627 5136 venit,
1660 5088 1815 5140 super
1851 5088 2027 5124 omnes
2054 5081 2130 5124 est
2156 5073 2222 5124 ³⁸.

836 5186 879 5217 ⁸⁸
893 5184 1036 5239 Psal.
1069 5199 1198 5250 Lvu,
1245 5184 1329 5238 1Ἰ.

1414 5184 1455 5215 ¹¹
1480 5183 1616 5239 Luc.
1646 5185 1862 5248 “1,15.
1942 5184 1985 5215 ⁸⁸
2018 5184 2175 5239 Joan.
2204 5201 2285 5251 η’,
2345 5187 2434 5241 5|.

2018 5280 2159 5335 Ant.
2204 5277 2496 5338 Ballerini
2548 5280 2736 5337 notua.

832 5379 1061 5447 l9)Psal
1124 5391 1384 5439 Lxxxvtu,
1436 5380 1488 5431 7.
1524 5377 1771 5432 Isidorus
1834 5376 2145 5447 hicAmagis
2202 5393 2327 5430 eum

764 5445 993 5518 Vulgata
1045 5448 1239 5504 Latina
1268 5462 1431 5514 quam
1485 5463 1608 5502 cum
1658 5447 1842 5518 Grieca
1897 5445 2043 5518 LXX
2090 5447 2334 5499 editione

763 5516 1043 5575 consentit
1068 5539 1082 5579 ς
1108 5519 1223 5571 haec
1250 5520 1399 5570 enim
1432 5518 1501 5571 ita
1539 5518 1625 5572 bis
1646 5516 1845 5584 repetit
1882 5517 1942 5565 τὸ
1994 5516 2110 5578 τίς·
2138 5518 2234 5577 Τίς
2279 5520 2334 5567 ὲν

764 5590 1018 5654 νεφέλαις
1052 5587 1375 5653 ίσωθήσεται
1414 5588 1491 5656 τῷ
1535 5589 1759 5655 Κυρίῳς
1794 5586 1884 5656 καὶ
1937 5586 2020 5646 τίς
2070 5586 2337 5653 ὁμοιωθή-

766 5676 920 5712 σεται
955 5658 1034 5727 τῷ
1073 5656 1258 5725 Κυρίῳ
1278 5659 1335 5708 ὲν
1380 5654 1520 5719 υἱοῖς
1559 5654 1735 5720 Θεοῦς
1790 5654 1922 5720 Quae
1951 5666 2130 5727 tamen
2168 5671 2331 5727 repe-

766 5730 895 5784 titio
924 5725 1081 5798 abest
1109 5728 1286 5798 etiam
1312 5727 1380 5780 ab
1413 5727 1793 5798 Compluteusi
1820 5743 1887 5781 ac
1944 5725 2163 5789 Aldina,
2186 5736 2235 5778 et
2262 5725 2329 5776 ab

765 5797 1135 5856 Alexandrino
1168 5794 1375 5851 codice.

2515 5378 2537 5450 (ί
2568 5376 2652 5442 10)
2687 5374 2892 5430 Habac.
2921 5391 3001 5439 ut,
3023 5373 3341 5450 3.lsido_rus
3403 5372 3496 5425 hic
3529 5386 3629 5450 nec
3661 5370 3835 5450 plane‘
3882 5384 4017 5450 cum

2443 5437 2671 5521 Vulgata
2730 5456 2915 5521 nostra
2990 5437 3310 5521 consentit,
3356 5457 3479 5521 quae
3532 5437 3699 5521 habet
3738 5459 3751 5492 :
3785 5437 4022 5521 Oper-uit

2441 5512 2594 5570 ca:le
2621 5517 2789 5585 gloria
2854 5516 2968 5585 ejus
2997 5530 3015 5567 :
3046 5521 3099 5585 et
3139 5513 3345 5585 plaudis
3374 5512 3486 5585 ejus
3518 5512 3676 5585 plena
3722 5518 3797 5585 est
3821 5521 3969 5585 terra
3998 5524 4015 5559 :

2440 5579 2779 5660 neque'cunt
2800 5579 2961 5660 LXX,
2996 5584 3090 5660 qui
3111 5582 3363 5660 .legunt:
3400 5579 3713 5660 ξΕκέιλυφεν
3739 5579 4017 5660 ούρανοίις

2439 5649 2693 5736 ἡάρετὴ
2722 5649 3027 5736 ςαυυψῑιμξ
3064 5649 3332 5736 δύναμις),
3360 5650 3568 5736 μύξος),ι
3600 5650 3692 5736 καὶ
3746 5649 4019 5708 αἰνέσεως

2442 5720 2609 5779 αὑτοῦ
2640 5720 2852 5793 πλήρης
2881 5720 3215 5791 ’((Ιοηιριυιζ
3243 5720 3513 5789 ἐπλήσθη)
3545 5720 3577 5787 ὴ
3617 5720 3709 5786 τῆ.
