4258 6364
721 368 793 428 23
1780 365 2076 425 lSlDORI
2114 364 2556 427 THESSALON
2568 365 2862 425 lCENSlS
3892 360 3961 422 2i

725 481 985 534 adducat.
1016 478 1205 548 Neque
1230 478 1391 533 aliter
1413 492 1469 533 se
1502 492 1588 531 res
1620 477 1803 541 habet,
1838 477 1881 531 si
1909 475 2035 545 quis
2059 473 2294 529 hominis
2324 483 2368 537 Α
2398 496 2406 541 τ

2291 507 2294 523 ι
2324 483 2368 537 Α
2398 477 2598 547 χρυσὸν
2650 477 3065 546 συνεισήνεγκε,
3098 475 3199 546 τὴν
3226 475 3282 529 δέ
3305 475 3404 545 τῆς
3442 473 3641 544 τέχνης
3689 473 3972 545 ἐπιτηδει-

721 582 962 626 statuam
993 587 1061 626 ex
1105 585 1241 625 auro
1293 570 1565 625 efﬁnxerit
1591 586 1606 633 ;
1657 562 1853 637 neque'
1879 568 2027 621 enim
2058 581 2252 620 aurum
2273 604 2289 628 ,

722 663 880 732 quasi
910 664 1015 715 hoc
1042 677 1111 716 ex
1142 661 1441 731 semetipso
1472 659 1754 724 hauriens,
1785 656 2013 728 praebet,
2047 654 2143 710 sed
2175 668 2294 708 me-

723 770 840 806 ram
870 752 1006 806 artis
1031 751 1359 805 industriam
1389 752 1505 821 ipse
1531 750 1769 806 confert.

794 842 885 896 IX.
941 840 1099 908 Quod
1157 856 1294 897 vero
1350 840 1622 896 universis
1690 840 2155 911 quibuscunque,
2212 834 2293 888 uti

720 936 987 999 diximus,
1015 931 1181 1005 Virgo
1208 935 1369 1004 longe
1403 934 1681 1003 przecellat
1704 974 1719 997 ,
1765 947 1946 1002 neque
1975 931 2155 999 imago
2187 926 2296 981 ulla

722 1028 823 1092 ipsi
886 1027 1084 1080 similis
1132 1026 1360 1095 reperiri
1412 1026 1466 1079 in
1520 1026 1874 1080 terrestribus
1919 1023 2113 1093 possit,
2168 1018 2297 1071 hinc

723 1120 853 1173 licet
901 1118 1307 1187 dignoscamus.
1354 1117 1549 1173 Omnia
1604 1118 1750 1173 enim
1802 1128 2145 1186 quacunque
2198 1121 2297 1162 na-

724 1219 981 1271 scuntur,
1015 1209 1413 1278 generantibus
1444 1224 1582 1278 opus
1610 1208 1844 1273 habent;
1890 1219 1946 1262 et
1995 1210 2079 1264 sin
2111 1210 2297 1265 minus

725 1300 791 1351 ad
820 1298 967 1351 aliud
996 1298 1303 1367 quidpiam,
1331 1306 1481 1353 certe
1517 1299 1584 1353 iis
1611 1314 1751 1368 Opus
1798 1300 2001 1354 habent
2029 1302 2095 1356 ad
2124 1300 2297 1371 ipsam

726 1390 1162 1456 generationem,
1200 1389 1662 1458 queiiiadrrioduin
1694 1389 2299 1458 etplantazetaniman-

728 1484 798 1534 tia
835 1481 1019 1534 omnia
1054 1480 1342 1538 manifeste
1371 1484 1651 1535 evincunt.

797 1574 1002 1628 Contra
1033 1588 1166 1628 vero
1193 1574 1373 1639 Anna,
1401 1583 1576 1627 mater
1606 1575 1939 1639 veneranda,
1977 1590 2102 1629 cum
2132 1590 2302 1646 gene-

728 1677 897 1733 raret,
924 1668 1032 1721 ﬁlia
1057 1683 1155 1722 sua
1186 1667 1491 1738 indigebat,
1526 1678 1587 1722 ut
1625 1682 2063 1738 regeneraretur;
2095 1681 2299 1728 etcum

729 1759 783 1812 in
863 1766 1019 1811 utero
1071 1765 1350 1828 gestaret,
1409 1758 1525 1827 ipsa
1604 1775 1741 1815 nova
1806 1762 2055 1829 quadarn.
2092 1762 2303 1820 ratione

2394 569 2567 639 ότητα
2610 568 2804 637 μόνην.

2468 814 2546 870 Θ¹.
2577 814 2700 867 Ὀτι
2720 813 2787 879 δ’,
2819 807 2966 886 ᾗπερ
2994 812 3232 884 ἔφημεν,
3267 812 3488 867 πάντων
3512 829 3571 865 τε
3603 813 3637 883 ἡ
3664 810 3945 882 Παρθένος

2398 906 2582 959 ἐπάνω
2619 907 2714 959 καὶ
2746 906 2918 976 γῆθεν
2962 906 3064 959 οὐκ
3116 906 3266 959 ἐστιν
3319 906 3504 974 εὑρεῖν
3556 905 3775 975 ἐμφερῆ
3829 902 3969 976 πρὸς

2399 1000 2603 1071 ταύτην
2635 1000 2848 1067 είκὸνα,
2891 1001 3050 1070 γνοίη
3073 1016 3160 1063 τις
3200 999 3268 1053 ἂν
3325 998 3581 1053 ἐνθένδεο
3637 997 3813 1051 ἅπασι
3869 997 3971 1066 μὲν

2400 1090 2510 1160 γὰρ
2541 1094 2654 1154 τοῖς
2699 1090 3059 1158 γεννωμένοις
3117 1087 3336 1156 ἀνάγκη
3377 1087 3487 1140 τῶν
3540 1086 3882 1155 γεννώντων,
3920 1086 3970 1135 εί

2401 1182 2498 1234 καὶ
2540 1180 2615 1248 μὴ
2661 1179 2798 1246 πρὸς
2850 1179 3003 1232 οὐδὲν
3057 1178 3189 1241 ῐσως
3223 1179 3437 1249 ἕτερον,
3496 1178 3635 1233 ἀλλὰ
3676 1177 3744 1229 δι’
3796 1176 3970 1243 αὐτὴν

2400 1269 2671 1339 δήπουθεν
2699 1269 2909 1322 δεῖσθαι
2935 1270 3037 1338 τὴν
3066 1272 3346 1341 γέννησιν,
3370 1269 3445 1332 ὡς
3471 1268 3579 1339 ἀρα
3604 1268 3748 1337 φυτά
3775 1284 3835 1319 τε
3874 1267 3972 1320 καὶ

2404 1363 2518 1427 ζῶα
2547 1363 2723 1416 πάντα
2749 1361 2955 1432 τρανὴν
2986 1361 3250 1431 κηρύττει
3279 1361 3378 1426 τὴν
3421 1360 3758 1431 μαρτυρίαν.

2480 1567 2648 1618 ’Ἅννα
2685 1562 2741 1614 δέ
2770 1562 2802 1630 ἡ
2837 1559 3138 1627 σεὸάσμιος
3169 1557 3356 1626 μήτηρ
3390 1551 3831 1623 ἀναγεννηθῆναι
3871 1548 3973 1617 τῆς

2406 1657 2599 1718 παιδὸς
2632 1655 2809 1708 ἐδεῖτο
2842 1652 3113 1720 γεννῶσα,
3172 1650 3267 1703 καὶ
3296 1644 3384 1719 ἦν,
3417 1647 3497 1699 ὅτ’
3550 1644 3725 1707 ἐκύει,
3780 1641 3974 1694 καινόν

2405 1766 2529 1801 τινα
2554 1744 2975 1815 κυοφορουμὲνη
3019 1744 3248 1811 τρόπον.
3280 1741 3390 1793 Καὶ
3449 1739 3549 1807 οὐχ
3594 1740 3627 1807 ἡ
3661 1733 3978 1806 προσευχῆς

730 1851 785 1902 in
829 1857 985 1903 utero
1033 1823 1371 1918 gestabatur.
1402 1823 1593 1919 Neque
1624 1853 1739 1919 ipsa
1784 1823 1984 1918 solum,
2033 1871 2156 1924 qua:
2201 1872 2299 1924 per
2334 1858 2373 1910 Β
2409 1866 2411 1883 ‘

2296 1874 2299 1886 .
2334 1858 2373 1910 Β
2409 1837 2546 1905 αὔτη
2583 1838 2769 1904 μήτηρ
2802 1834 2986 1903 μόνον,
3019 1832 3155 1886 ἀλλὰ
3189 1831 3284 1883 καὶ
3316 1830 3394 1899 τῷ
3424 1829 3737 1897 προπάτορι
3765 1823 3977 1890 ταύτης

728 1957 921 2013 preces
952 1947 1128 1995 mater
1161 1943 1212 1996 ei
1242 1941 1368 2006 fuit,
1400 1942 1493 1995 sed
1516 1942 1759 2009 ejusdem
1790 1945 1955 1997 etiam
1986 1948 2304 2013 progenitor

727 2047 869 2101 opus
893 2032 1106 2097 habuit,
1137 2043 1196 2086 ut
1221 2032 1391 2101 ipsam
1419 2031 1585 2086 veluti
1611 2043 1842 2087 matrem
1869 2035 2300 2100 nancisceretur,

728 2127 796 2180 ad
832 2124 1062 2179 solidam
1103 2125 1315 2180 scilicet
1360 2126 1683 2195 firmamque
1715 2126 2100 2181 formationem
2148 2141 2303 2181 asse-

730 2218 1030 2286 quendam,
1053 2219 1312 2288 quoniam
1340 2218 1514 2287 prima
1540 2219 1627 2272 illa
1658 2219 1985 2287 mater(l5),
2005 2235 2129 2273 cum
2159 2229 2304 2274 terra

728 2320 956 2364 essetac
975 2310 1173 2380 pulvis,
1203 2309 1359 2363 fluxa:
1383 2320 1503 2362 erat
1532 2309 1885 2376 conditionis,
1925 2326 1987 2364 ac
2011 2321 2302 2365 ventorum

735 2406 942 2472 impetu
975 2401 1473 2469 circumagebatur.
1519 2401 1708 2471 Neque
1741 2418 1933 2457 rursus
1973 2402 2142 2456 Adam
2187 2412 2305 2457 tan-

736 2494 1038 2557 tummodo,
1088 2492 1183 2546 sed
1235 2501 1490 2546 natorum
1544 2492 1614 2546 ab
1659 2506 1722 2546 ea
1771 2495 1963 2561 ingens
2011 2491 2304 2546 multitudo

738 2598 913 2651 usque
944 2582 1011 2635 ad
1034 2582 1273 2651 puellam
1307 2582 1449 2633 hanc
1478 2580 1719 2635 divinam
1755 2596 1884 2635 suas
1915 2580 2148 2649 quisque
2189 2595 2303 2633 ma-

738 2683 869 2736 tres,
920 2682 1109 2741 utpote
1166 2672 1542 2745 imperfectam
1570 2687 1633 2726 ac
1659 2671 1829 2725 veluti
1856 2681 2053 2724 caecam
2096 2671 2303 2740 prolem

734 2764 927 2817 cuian
952 2765 968 2831 (
996 2762 1099 2830 l4)
1129 2803 1142 2825 ,
1185 2776 1310 2815 cum
1348 2761 1752 2830 repudiassent,
1784 2774 2132 2814 communem
2166 2760 2307 2813 hanc

740 2860 968 2905 matrem
998 2849 1339 2919 quaerebant,
1365 2866 1489 2920 qua:
1507 2850 1571 2903 ad
1594 2848 1891 2918 perfectam
1912 2849 2146 2903 formam
2166 2849 2305 2916 proli

742 2939 1119 3004 tribuendam,
1150 2948 1205 2994 et
1251 2940 1317 2993 ad
1369 2941 1547 2993 lucem
1599 2938 2019 3007 impertiendam
2071 2936 2305 2990 maxime

741 3048 837 3101 par
864 3033 1029 3086 foret.
1082 3031 1325 3085 Materno
1381 3032 1567 3101 itaque
1627 3039 1785 3085 utero
1840 3030 2196 3099 gestabantur
2243 3041 2307 3080 ac

2406 1929 2647 1997 ἐδέησεν,
2676 1928 2887 1994 ὅσαπερ
2916 1926 3082 1976 οἱονεὶ
3105 1925 3273 1993 μητρὶ
3298 1920 3629 1993 χρήσασθαι,
3657 1918 3794 1988 πρὸς
3823 1916 3982 1983 στερ-

2408 2018 2507 2089 ρὰν
2535 2036 2591 2069 τε
2627 2017 2919 2070 διάπλασιν
2943 2015 3038 2067 καὶ
3058 2014 3482 2083 ἀμετάπτωτον,
3512 2013 3588 2074 ὠς
3619 2010 3719 2078 τῆς
3753 2006 3981 2077 πρώτης

2407 2111 2628 2180 ἐκείνης
2666 2109 2875 2180 μητρὸς
2928 2108 3213 2178 ἐρείψιμον
3273 2106 3509 2175 ἐχούσης
3544 2103 3643 2172 τὴν
3697 2099 3979 2160 σύστασιν,

2409 2202 2641 2272 ἐπείπερ
2675 2197 2741 2271 ἦν
2803 2200 2956 2271 χοῦς,
2985 2202 3078 2254 καὶ
3113 2200 3294 2271 βολαῖς
3345 2198 3667 2268 ἡττωμένην
3723 2190 3976 2259 πνευμά-

2407 2310 2517 2347 των
2545 2311 2560 2325 ο
2608 2295 2706 2345 καὶ
2736 2293 2797 2345 οὐ
2860 2292 3031 2360 ’Δδὰμ
3066 2292 3250 2361 μόνον,
3282 2290 3420 2345 ἀλλὰ
3448 2290 3543 2343 καὶ
3573 2290 3601 2340 ὁ
3640 2286 3811 2347 πολὺς
3868 2281 3981 2334 τῶν

2407 2387 2467 2449 ἐξ
2504 2385 2716 2445 ἐκείνου
2753 2384 3015 2453 σύλλογος
3040 2384 3140 2452 τῆς
3168 2383 3319 2446 Θείας
3354 2384 3487 2452 ἀχρι
3521 2379 3715 2441 παιδὸς
3742 2377 3978 2442 ταύτης.

2409 2479 2668 2546 καθάπερ
2724 2480 2936 2539 οἰκείας
2996 2476 3230 2538 ἕκαστος
3283 2473 3671 2539 ἐξωῦελικότες
3703 2468 3975 2538 μητέραςν

2408 2570 2482 2631 ὡς
2514 2567 2682 2634 ἀτελῆ
2713 2566 3029 2631 τικτούσας,
3063 2567 3157 2618 καὶ
3183 2560 3296 2617 οἷον
3326 2563 3502 2634 πηρὰ,
3539 2561 3639 2629 τὴν
3687 2556 3883 2624 καινὴν
3912 2554 3982 2619 δὴ

2408 2658 2614 2726 ταύτην
2650 2656 2879 2724 ἐζήτουν
2908 2655 3004 2707 καὶ
3034 2653 3636 2725 τελεσιουργικωτάτην
3676 2648 3771 2701 καὶ
3798 2658 3981 2712 φωτο-

2410 2750 2591 2803 δὸτιδα
2619 2750 2831 2818 μητέρα
2857 2764 2870 2776 θ
2914 2748 3037 2800 ὅθεν
3058 2746 3312 2799 ὠδίνοντό
3345 2764 3404 2799 τε
3429 2746 3523 2797 καὶ
3548 2736 3940 2810 διεμορφοῦντο
3963 2750 3978 2765 ·

2417 2844 2511 2894 καὶ
2534 2841 2642 2893 τότ’
2675 2841 2889 2908 ἀληθῶς
2917 2840 3187 2910 προῆλθον
3217 2841 3296 2901 είς
3328 2838 3465 2906 φῶς,
3501 2837 3577 2887 ὅτ’
3603 2838 3686 2894 εἰς
3718 2834 3824 2897 γῆν
3846 2824 3987 2890 αὕτη

2414 2932 2702 3001 προελθεῖν
2734 2931 2794 2994 ἐξ
2822 2931 2996 3000 αὐτῆς
3030 2930 3128 2983 καὶ
3159 2930 3251 2983 τὸν
3279 2929 3411 2999 ἐμὸν
3440 2926 3841 2994 ἐκαινούργησε
3876 2921 3990 2970 Σω-

2414 3040 2577 3092 τηρα.

739 3129 1148 3196 forniabantur;
1183 3138 1405 3198 tumque
1442 3145 1627 3182 revera
1664 3133 1715 3181 in
1746 3129 1921 3183 lucem
1965 3126 2099 3182 editi
2144 3131 2315 3185 sunt,
2376 3120 2599 3188 quando
2656 3122 2771 3192 ipsa
2852 3135 2994 3176 novo
3045 3133 3227 3175 rerum
3277 3115 3472 3170 ordine
3544 3125 3726 3165 meum
3766 3120 3988 3177 quoque

741 3222 1082 3277 Salvatorem
1114 3236 1181 3274 ex
1214 3236 1334 3275 sese
1364 3222 1569 3273 mundo
1598 3220 1845 3285 protulit.

813 3334 953 3390 llinc
979 3337 1145 3389 etiam
1171 3335 1318 3387 ausit
1339 3334 1449 3403 jam
1479 3334 1752 3403 quispiam
1780 3333 2044 3388 eximium
2078 3331 2213 3385 illud
2245 3330 2313 3385 de

742 3447 803 3483 ea
838 3430 1213 3497 pronuntiare,
1244 3427 1392 3496 quod
1436 3428 1622 3495 lingua
1658 3427 1864 3482 tonitru
1907 3428 2123 3497 fragore
2165 3440 2318 3481 reso-

748 3539 882 3576 nans
925 3522 1063 3575 dixit
1110 3538 1123 3574 :
1189 3521 1419 3574 Vidimus
1468 3520 1697 3590 gloriam
1745 3523 1857 3591 ejus
1901 3523 2052 3590 quasi
2091 3520 2316 3588 gloriam

746 3613 1040 3682 unigenita'
1069 3612 1163 3666 Dei
1190 3612 1408 3678 Matris;
1438 3612 1593 3681 plena
1623 3614 1809 3680 gratiae
1843 3621 1891 3664 et
1919 3613 2153 3665 veritatis
2180 3609 2313 3679 (l5).

816 3705 937 3758 Non
968 3705 1003 3757 ii
1034 3714 1217 3757 autem
1250 3704 1449 3765 solum,
1482 3703 1577 3773 qui
1610 3704 1741 3757 olim
1771 3711 1829 3757 et
1856 3711 1983 3756 ante
2016 3702 2189 3771 ipsam
2214 3717 2315 3756 ex-

750 3798 1031 3857 stiterunt,
1055 3795 1159 3847 hoc
1180 3794 1509 3848 beneficium
1532 3794 1712 3849 sortiti
1732 3802 1879 3857 sunt,
1900 3804 2048 3847 utea
2078 3794 2317 3855 ratione,

750 3904 914 3957 quam
946 3887 1204 3949 diximus,
1242 3886 1310 3939 ab
1340 3887 1531 3939 eadem
1575 3887 1629 3939 in
1659 3886 1836 3939 lucem
1871 3886 2198 3947 ederentur;
2223 3883 2317 3937 sed

751 3979 1008 4033 universo
1058 3994 1300 4047 quoque,
1351 3977 1443 4045 qui
1489 3986 1612 4044 post
1654 3978 1827 4044 ipsam
1854 3974 1988 4041 fuit,
2017 3976 2317 4029 electorum

750 4070 953 4139 populo
1000 4069 1343 4140 regeneratio
1373 4077 1426 4121 et
1460 4083 1588 4121 vera
1621 4067 1749 4131 vita,
1797 4082 1862 4121 ac
1891 4066 2153 4135 splendor
2182 4066 2322 4120 lucis

748 4174 847 4227 per
879 4159 1051 4227 ipsam
1077 4159 1284 4211 tributa
1316 4158 1562 4212 fuerunt.
1590 4156 1697 4210 Sed
1720 4166 1777 4210 et
1803 4158 2030 4223 insuper
2047 4156 2318 4227 ejusmodi

752 4253 1020 4306 beneficia
1068 4250 1359 4304 eliundere
1418 4248 1798 4302 laudatissima
1862 4247 2027 4317 Virgo
2083 4246 2321 4301 cessabit

750 4358 1054 4411 nunquam,
1110 4355 1400 4410 quousque
1432 4355 1664 4407 magnus
1697 4339 1787 4392 ille
1811 4347 1867 4392 et
1895 4338 2247 4402 novissimus,
2269 4347 2323 4391 et

752 4433 1149 4491 inaeeessibilis
1174 4433 1435 4502 splendor
1475 4431 1765 4497 effulserit,
1818 4432 1866 4485 is
1910 4430 2185 4496 videlicet,
2220 4430 2315 4498 qui

748 4525 1154 4581 fecundissima:
1208 4522 1367 4591 hujus
1419 4531 1475 4575 et
1518 4520 1643 4573 filias
1690 4529 1747 4574 et
1794 4519 1985 4574 matris
2030 4529 2085 4573 et
2148 4518 2320 4589 virgi-
2355 4553 2398 4607 Β

752 4617 843 4671 nis
877 4616 992 4685 ipse
1021 4628 1241 4684 quoque
1271 4613 1450 4667 factus
1478 4619 1560 4666 est
1588 4611 1754 4666 ﬁlius.

828 4709 1196 4775 Quamobrem
1223 4706 1309 4760 fas
1335 4716 1440 4769 est,
1459 4704 1645 4758 verbis
1685 4705 1967 4774 paululum
1999 4705 2321 4771 immutatis,

758 4804 827 4857 de
881 4801 999 4869 ipsa
1046 4797 1423 4867 pronuntiare,
1461 4796 1609 4866 quod
1640 4795 1836 4851 beatus
1869 4797 2074 4854 Paulus
2104 4799 2173 4853 de
2204 4799 2324 4853 Sal-

756 4903 949 4947 vature
977 4892 1155 4960 inquit
1190 4909 1203 4942 :
1235 4888 1353 4943 Vita
1373 4896 1553 4941 nostra
1567 4889 1871 4943 abscondita
1894 4900 2007 4943 erat
2038 4906 2161 4944 cum
2186 4892 2323 4961 ipsa;

757 4994 815 5040 et
843 4984 1054 5052 quando
1083 4982 1200 5049 ipsa
1250 4983 1496 5051 apparuit
1540 4979 1659 5033 Vita
1704 4991 1905 5045 nostra,
1948 4991 2071 5035 tunc
2118 4992 2174 5038 et
2228 5000 2329 5039 nos

764 5077 1110 5145 apparuimus
1156 5090 1275 5126 cum
1324 5074 1436 5137 ipsa
1465 5074 1516 5127 in
1549 5073 1719 5143 gloria
1753 5076 1814 5126 ίσ.
1850 5074 2119 5129 Praaterea
2147 5091 2329 5145 neque

836 5234 879 5265 “
912 5232 1123 5289 Coloss.
1160 5246 1239 5298 Ill,
1269 5232 1323 5296 '5,
1356 5231 1409 5284 ι.

2492 3302 2685 3355 Ἔνθεν
2709 3318 2792 3354 τοι
2827 3300 2923 3353 καὶ
2976 3297 3120 3352 κατὰ
3168 3295 3268 3365 τὴν
3317 3292 3687 3363 βροντόφωνον
3734 3286 3988 3356 γλῶτταν

2414 3395 2744 3465 θαρρήσειεν
2775 3393 2839 3446 ἄν
2870 3407 2953 3453 τις
2986 3387 3242 3458 λαμπρὸν
3278 3382 3624 3452 φθέγξασθαι
3678 3380 3773 3433 καὶ
3825 3377 3987 3429 τοῦτο

2418 3488 2549 3556 περὶ
2607 3485 2817 3554 αὐτῆςο
2879 3481 3287 3547 Ἔθεασὰμεοα
3362 3476 3473 3541 τὴν
3530 3474 3721 3537 δόξαν
3772 3466 3988 3534 αὐτῆς,

2417 3582 2608 3645 δόξαν
2637 3579 2715 3643 ὡς
2749 3575 3071 3647 μονογενοῦς
3105 3572 3327 3642 Μητρὸς
3358 3567 3493 3621 ε)εοῦ
3513 3584 3527 3598 ·
3552 3566 3792 3632 πλήρης
3827 3561 3994 3631 χόρι-

2417 3690 2515 3733 τος
2541 3671 2639 3724 καὶ
2662 3668 2969 3735 ἀληθείας.

2490 3763 2566 3815 Οὐ
2604 3763 2717 3820 τοῖς
2749 3758 2921 3811 παλαι
2954 3757 3009 3809 δὲ
3057 3756 3221 3826 μόνον
3264 3754 3357 3806 καὶ
3391 3751 3498 3820 πρὸ
3525 3749 3693 3817 αὐτῆς
3725 3748 3758 3815 ἡ
3815 3746 3893 3806 εἰς
3929 3743 3990 3795 τὸ

2423 3855 2538 3924 φῶς
2572 3852 2703 3919 παρ’
2734 3852 2902 3919 αὐτῆς
2931 3849 2990 3902 ὃν
3018 3849 3231 3919 εἴρηται
3260 3845 3463 3915 τρόπον
3511 3839 3812 3909 δεδώρηται
3847 3834 3990 3902 71:96-

2421 3948 2560 4011 οδος,
2587 3944 2723 3998 ἀλλὰ
2749 3944 2843 3998 καὶ
2874 3941 3041 3994 παντὶ
3077 3937 3154 4008 τῷ
3206 3938 3301 3990 ἀπ’
3334 3934 3552 4001 ἐκείνης
3606 3927 3738 3998 ἱερῷ
3786 3924 3989 3990 συστὴ-

2426 4057 2558 4110 ματι
2593 4037 2954 4103 ἀναγέννησις
2985 4035 3082 4084 κα)⁸
3112 4028 3226 4099 ζωὴ
3271 4026 3500 4095 ἀληθὴς,
3548 4022 3644 4076 καὶ
3685 4014 3864 4088 φωτὸς
3908 4014 3996 4110 Eir-

2425 4105 2768 4201 i.ap.¢t;'€1t
2812 4127 2869 4179 δὲ
2904 4125 2999 4178 καὶ
3048 4124 3200 4175 ἐσαεὶ
3250 4118 3552 4174 διατελέσει
3598 4112 3886 4201 βλύζουιταΔ
3924 4105 3997 4158 τά

2423 4220 2651 4274 τοιαῦτα
2674 4220 2707 4287 ἡ
2742 4216 3145 4281 πολυύμνητος,
3181 4211 3286 4271 ἓως
3324 4209 3389 4261 ἂν
3418 4205 3477 4256 τὸ
3503 4205 3647 4273 μέγα
3671 4200 3768 4254 καὶ
3809 4196 4002 4249 τελευ-

2425 4318 2575 4369 ταῖον
2606 4314 2802 4368 ἄδυτον
2833 4307 3120 4377 ἐπιλάμψῃ
3156 4303 3381 4373 φέγγος,
3415 4301 3443 4352 ὃ
3473 4298 3537 4366 δὴ
3563 4297 3663 4364 τῆς
3691 4293 3995 4346 πολυτόκου

2425 4405 2632 4474 ταύτης
2685 4401 2779 4454 καὶ
2831 4396 3015 4459 τοῦτο,
3068 4395 3163 4446 καὶ
3222 4390 3433 4454 παιδὸς,
3466 4390 3561 4442 καὶ
3616 4383 3844 4456 μητρὸς,
3906 4380 4003 4434 καὶ

2430 4494 2701 4565 παρθένου
2735 4490 2949 4558 πέφυκε
2986 4483 3202 4554 κύημα.

2506 4702 2673 4755 Ὅθεν
2701 4697 2878 4751 εἰπεῖν
2913 4693 3090 4757 ἔξεστι
3118 4688 3246 4754 περὶ
3284 4685 3454 4752 αὐτῆς
3490 4681 3686 4751 μικρὸν
3740 4673 4004 4745 παρῳδή-

2436 4810 2658 4855 σαντας,
2700 4789 2728 4842 ὃ
2780 4786 2909 4855 napi.
2967 4780 3063 4834 τοῦ
3124 4778 3380 4846 Σωτῆρος
3424 4775 3453 4826 ὁ
3497 4772 3766 4843 μακάριος
3808 4764 4004 4833 εἴρηκε

2437 4886 2651 4945 Παῦλος
2673 4898 2687 4913 ·
2722 4880 2803 4933 ὅτι
2841 4874 2909 4929 Ἢ
2937 4872 3047 4940 ζωὴ
3076 4868 3245 4939 ἡμῶν
3300 4868 3634 4931 ἐκέκρυπτο
3688 4861 3782 4913 σὺν
3833 4855 4000 4945 αὐτῇ,

2439 4943 2530 5033 παὶ
2561 4943 2701 5028 Ὅτε
2755 4969 2906 5034 αὕτη
2947 4960 3354 5031 πεφανέρωται
3386 4956 3424 5022 ὴ
3480 4953 3593 5020 ζωὴ
3632 4947 3819 5019 ἡμῶν,
3866 4943 4007 4996 τότε

2439 5072 2534 5126 καὶ
2562 5068 2723 5138 ἡμεῖς
2752 5061 2873 5117 σὺν
2903 5055 3055 5124 αὐτῇ
3076 5050 3533 5123 ἐφανερώθημεν
3561 5047 3629 5101 ἐν
3658 5042 3806 5109 δόξῃ
3868 5037 4002 5091 κάν·

2017 5388 2158 5443 Ant.
2204 5381 2498 5444 Ballerini
2544 5388 2732 5442 notua.

840 5516 950 5587 (l3)
1006 5514 1238 5569 Terram
1291 5510 1557 5581 intelligo,
1610 5528 1640 5567 c
1679 5524 1787 5581 qua
1846 5510 2020 5563 Auarn
2046 5506 2317 5563 formatus

762 5597 866 5645 est.

838 5657 952 5725 (14)
994 5654 1213 5711 Videsis
1240 5654 1472 5711 Mariam
1507 5666 1616 5705 non
1640 5649 2038 5725 computarijn
2060 5650 2213 5725 prole
2244 5647 2334 5725 illa

765 5718 1083 5785 imperfecta
1108 5738 1167 5781 et
1203 5741 1364 5786 caeca.
1420 5739 1539 5793 qua:
1562 5738 1715 5779 nova:
1770 5718 1833 5778 ac
1871 5721 2117 5778 melioris
2144 5718 2334 5775 matris

768 5796 1064 5869 indigebat.

2511 5504 2621 5574 (15)
2648 5501 2807 5556 Joan.
2838 5516 2874 5560 I,
2904 5500 2989 5574 tl.
3020 5497 3265 5574 Adverte
3314 5492 3408 5573 hic
3438 5480 4012 5574 quoquequaprdarn

2440 5563 2655 5644 originis
2673 5570 3095 5644 praerogativam
3132 5563 3425 5644 celebrari.
3477 5573 3597 5644 quae

2442 5629 2776 5700 ter'Mari'am
2820 5629 3129 5692 communis
3150 5635 3243 5694 sit.
3305 5648 3368 5687 ac
3415 5637 3700 5701 propterea
3724 5629 4014 5692 unigcnttic

2440 5713 2857 5785 appellationem
2894 5709 2993 5778 ipsi
3025 5706 3300 5760 tribuerit.
