4256 6364
338 374 407 433 25
1188 381 1447 441 SERMO
1486 382 1567 441 1N
1614 382 2137 446 NATlVl'l'A'l‘EM
2178 391 2242 448 ιι.
2290 393 2355 451 v.
2404 368 2689 455 manus.
3508 404 3580 465 εδ

330 490 509 543 ταῦθα
542 488 634 544 καὶ
655 492 715 545 τὸ
738 491 830 545 τοῦ
862 494 1064 565 σεμνοῦ
1104 498 1543 568 Ἀεδατιοὺμοῦκ
1575 501 1903 561 ἀπεικότως,
1936 508 1977 559 Α
2010 506 2011 555 i

1896 540 1903 561 .
1936 508 1977 559 Α
2010 492 2292 559 innuerito
2318 507 2616 578 quispiam,
2654 520 2713 565 ut
2742 512 2874 565 mihi
2909 512 3133 582 quidem
3169 513 3409 579 videtur,
3433 532 3577 586 pra:-

329 582 456 649 ἐμοὶ
510 582 673 646 δοκῶ,
725 584 1130 656 μεθαρμόσειεν
1178 588 1243 642 ἄν
1288 604 1412 651 τις·
1484 588 1772 655 Ἐξῆλθες
1815 593 1902 655 εις

326 676 631 742 σωτηρίαν
665 676 821 738 ⁸λαοῦ
858 695 997 743 σου,
1048 681 1155 734 τοῦ
1188 679 1384 734 σῶσαι
1431 680 1573 747 τοὺς
1613 683 1902 750 χριστούς

324 780 446 820 σου
472 767 795 835 ἐλήλυθας.

410 856 570 909 Ἀλλὰ
592 858 658 929 δὴ
690 860 785 914 καὶ
814 863 842 914 ὁ
878 864 1156 932 Ζαχαρίας
1190 864 1396 935 ἔφησεν
1426 867 1454 917 ὀ
1499 866 1859 927 Θεόπνευστος
1881 882 1897 898 ο

340 948 748 1018 Ἐπεσκέψατο
777 953 934 1021 ἡμᾶς
954 955 1222 1021 ἀνατολὴ
1251 955 1321 1019 ἐξ
1359 958 1580 1023 ὕψους,
1614 958 1711 1009 ἐπι
1717 960 1901 1025 gina-ut

324 1038 454 1103 τοῖς
503 1041 574 1093 ἐν
606 1043 813 1097 σκότει
848 1045 947 1098 καὶ
992 1044 1142 1113 σκιᾷ
1200 1048 1465 1101 θανάτου
1515 1049 1899 1116 καθημένοις.

326 1130 463 1182 Σκιὰ
508 1131 619 1201 γὰρ
678 1134 926 1204 ἀτεχνῶς
976 1138 1162 1190 ἐκεῖνα
1193 1139 1263 1191 τὰ
1326 1139 1520 1199 πάλαι.
1555 1142 1648 1191 καὶ
1704 1142 1897 1195 σκότου

288 1222 495 1291 ⁷μηδὲν
545 1224 885 1281 ἀποδέοντα·
924 1228 1069 1298 ἆπερ
1112 1231 1332 1284 ἅπαντα
1377 1233 1469 1284 καὶ
1515 1231 1675 1284 ὥδινε
1721 1250 1900 1302 παρα-

319 1312 487 1377 δόξως
513 1318 546 1386 ἡ
584 1319 839 1389 μακαρία
870 1320 977 1389 πρὸ
1008 1322 1105 1374 τοῦ
1142 1326 1402 1392 φανῆναι,
1459 1325 1604 1377 καθὰ
1646 1327 1895 1394 προέφη-

323 1421 447 1472 μεν,
496 1408 592 1460 καὶ
615 1408 963 1479 γεννηθεῖσα,
1016 1413 1169 1480 πρὸςι
1208 1414 1385 1483 ἀληθῆ
1424 1416 1679 1482 γέννησιν
1718 1416 1895 1484 ῆγαγε

320 1496 416 1545 καὶ
449 1496 562 1564 φῶς
591 1496 781 1568 ὥσπερ
814 1501 914 1551 οὐκ
946 1503 1318 1572 ἀνασχομένη,
1362 1504 1438 1572 μὴ
1485 1506 1578 1555 καὶ
1610 1505 1793 1567 ἄλλοις
1822 1498 1896 1558 ὧν

327 1585 634 1657 ἐπλούτησε
658 1592 1006 1659 μεταδοῦναι,
1030 1594 1176 1661 λέγω
1204 1595 1263 1647 δὲ
1300 1595 1397 1665 τὴν
1420 1598 1689 1665 φωτεινὴν
1720 1598 1896 1667 ὓπαρ-

321 1676 427 1741 ξιν,
459 1674 571 1730 οἷόν
602 1699 651 1733 τι
691 1684 979 1737 κάλλιστον
1031 1686 1223 1755 μύρον,
1257 1682 1343 1749 οἷς
1396 1687 1462 1739 ἂν
1509 1690 1889 1757 κοινωνήσειε,

320 1770 420 1839 ’τὴν
451 1773 581 1842 παρ’
610 1775 801 1828 ἑαυτοῦ
828 1780 1099 1849 χορηγοῦν
1124 1782 1349 1850 ἀρετήν.
1388 1781 1669 1833 Ἐντεῦθεν
1692 1784 1889 1843 τοῖνυν,

2005 596 2145 649 senti
2182 598 2261 650 rei
2296 598 2428 652 illud
2459 610 2675 669 aptaret
2699 603 3000 682 venerandi
3031 604 3285 659 llabacuc
3312 622 3326 658 :
3352 605 3577 676 Egressa

2003 705 2056 741 es
2083 691 2138 742 in
2170 689 2398 744 salutem
2424 695 2608 764 populi
2634 695 2734 759 tui;
2763 695 2832 749 ad
2857 695 3173 749 salvmrdum
3199 698 3423 752 christos
3464 708 3578 755 tuo:

2001 783 2189 835 uenisti
2218 782 2236 851 (
2262 783 2325 834 lb‘
2346 786 2384 851 ).

2075 874 2179 928 Sed
2213 886 2269 927 et
2297 874 2590 931 Zacharias
2635 893 2665 930 a
2712 879 2826 931 Deo
2881 878 3186 946 inspiratus
3248 881 3575 951 inquiebat:

2013 965 2255 1019 Visitavit
2294 981 2387 1019 nos
2437 969 2609 1021 oriens
2643 984 2707 1021 ea:
2751 968 2883 1032 alto,
2929 969 3242 1025 illuminare
3268 973 3351 1036 iis,
3396 974 3484 1042 qui
3522 975 3577 1027 in

2003 1058 2224 1111 tenebris
2240 1066 2289 1110 et
2310 1058 2499 1111 umbra
2520 1062 2699 1113 mortis
2722 1063 2902 1113 sedent
2927 1063 2994 1118 ¹⁷.
3020 1061 3222 1117 Umbra
3249 1063 3394 1116 enim
3420 1064 3578 1132 plane

2000 1160 2159 1203 erant
2184 1150 2407 1217 antiqua
2457 1150 2569 1213 illa,
2616 1158 2672 1203 et
2725 1150 2861 1203 nihil
2914 1167 2943 1203 a
2994 1153 3240 1207 tenebris
3265 1153 3570 1208 distabant.

2001 1240 2132 1306 Qua:
2188 1241 2410 1308 quidem
2468 1242 2653 1294 omnia
2702 1242 2940 1295 mirabili
2975 1243 3213 1311 quadam
3244 1245 3480 1307 ratione,
3516 1254 3577 1299 ut

2000 1328 2211 1398 praefati
2245 1345 2456 1393 sumus,
2482 1330 2640 1384 beata
2666 1332 2830 1402 Virgo
2857 1334 3105 1401 gestabat
3136 1334 3189 1386 in
3216 1344 3393 1399 utero,
3420 1336 3576 1405 prius

1999 1420 2161 1473 etiam
2195 1434 2358 1487 quam
2386 1420 2438 1471 in
2462 1420 2639 1473 lucem
2669 1421 2782 1487 ipsa
2813 1424 3080 1489 prodiret.
3117 1423 3414 1491 Pos£quam
3448 1439 3578 1478 vero

1998 1509 2181 1576 genita
2213 1518 2318 1569 est,
2345 1525 2530 1563 veram
2557 1510 2625 1561 iis
2656 1511 2999 1565 nativitatem
3041 1528 3339 1582 veramque
3371 1512 3577 1581 imper—

2000 1601 2121 1654 tivit
2147 1601 2349 1663 lucem,
2384 1600 2530 1669 quod
2559 1600 2705 1654 ferre
2735 1617 2933 1671 nempe
2961 1606 3074 1671 ipsa
3111 1618 3222 1657 non
3256 1614 3442 1673 posset
3465 1640 3480 1663 .
3512 1614 3576 1656 ut

1997 1692 2179 1746 caeteri
2234 1708 2456 1761 quoque
2505 1708 2697 1746 omnes
2744 1694 2799 1747 in
2852 1704 3059 1761 partem
3096 1709 3203 1748 non
3250 1702 3578 1759 vocarentur

1996 1803 2184 1840 eorum
2220 1786 2512 1846 bonorum,
2555 1802 2785 1853 quorum
2827 1788 2942 1855 ipsa
2973 1786 3127 1841 dives
3154 1787 3399 1856 apprime
3431 1795 3570 1849 erat,

322 1866 587 1930 μυστικόν
609 1883 730 1920 τινα
763 1868 945 1937 λόγον,
979 1872 1039 1923 οὺ
1074 1872 1368 1935 καλλίπαις
1415 1874 1598 1941 μόνον,
1634 1874 1766 1927 ἀλλά
1796 1874 1891 1926 καὶ
1926 1858 1964 1911 Β
1994 1892 2003 1929 :

1890 1913 1891 1921 χ
1926 1858 1964 1911 Β
1994 1876 2344 1929 abundantia:
2376 1877 2585 1930 scilicet
2621 1879 2768 1931 illius
2796 1880 2934 1932 lucis
2968 1881 3237 1945 (l7),qu:e
3265 1880 3438 1933 instar
3470 1894 3571 1947 op-

318 1955 590 2021 πολύπαις
622 1961 849 2028 γέγονεν
901 1964 933 2033 ἠ
988 1965 1282 2034 Παρθένος,
1332 1966 1500 2035 Ἀχὰϐ
1555 1967 1767 2019 ἐκείνου
1797 1971 1891 2020 καὶ

319 2046 527 2099 Γεδεὼν
598 2053 866 2120 κρείττων
952 2057 1018 2124 τῇ
1075 2056 1399 2127 πολυτεκνίᾳ
1480 2058 1888 2127 γνωριζομένη.

316 2137 643 2206 Θαυμαστὸν
682 2143 739 2196 δὲ
764 2145 937 2208 οὐδὲν,
965 2149 1013 2198 εί
1050 2149 1240 2210 τόκους
1275 2147 1420 2200 οὕτω
1448 2150 1638 2201 καινοὺ
1659 2168 1692 2212 ·,
1743 2150 1890 2202 οὕτω

318 2232 550 2295 πολλοὺς
599 2239 993 2290 καινοτοκείνέ
1046 2238 1201 2305 λόγος
1231 2239 1472 2292 δείκνυσι
1526 2240 1625 2309 τὴν
1675 2239 1891 2310 Παρθέ-

316 2341 428 2386 νον,
462 2326 543 2377 an
578 2326 691 2392 καὶ,
726 2329 786 2380 τὸ
814 2330 1157 2391 καινότατον,
1180 2331 1272 2382 τον
1304 2331 1410 2383 τῶν
1452 2332 1711 2384 ἁπάντων
1733 2332 1887 2383 ἔτεκε

314 2417 647 2486 δημιουργὸν
688 2422 780 2474 καὶ
812 2424 998 2480 τοκέα.

1993 1967 2110 2019 ιξιιιὶ
2150 1970 2413 2037 unguenti
2464 1985 2619 2023 suam
2678 1970 2781 2033 eis,
2829 1970 3033 2037 quibus
3065 1971 3231 2023 luerit
3261 1969 3568 2037 impertita,

1991 2062 2249 2115 virtutem
2302 2064 2614 2132 participat.
2652 2065 2789 2117 llinc
2826 2079 2957 2117 vero
2994 2064 3153 2131 plane
3182 2061 3565 2129 consequitur.

1988 2154 2264 2222 spirituali
2326 2155 2563 2222 quadam
2620 2156 2832 2207 ratione
2881 2154 3159 2219 Virginem
3211 2152 3417 2212 sobolis
3464 2168 3574 2205 non

1997 2246 2163 2299 modo
2211 2246 2546 2314 prtestantia,
2580 2246 2672 2299 sed
2701 2247 2867 2298 etiam
2898 2247 3056 2314 copia
3087 2245 3359 2314 insignem
3396 2245 3572 2298 exsti-

2000 2338 2151 2401 tisse,
2185 2352 2248 2389 ac
2281 2338 2452 2390 multo
2485 2337 2720 2390 ﬁliorum
2752 2353 2983 2389 numero
3015 2337 3297 2390 Acbabum
3332 2336 3483 2391 illum
3509 2351 3573 2389 ac

1997 2428 2312 2483 Gedeonem
2368 2429 2656 2483 manifeste
2706 2430 2924 2483 vicisse.
2982 2429 3094 2482 Nec
3149 2428 3347 2481 mirum
3398 2427 3573 2481 videri

313 2510 500 2575 debet,
530 2514 674 2582 quod
706 2516 912 2585 prolem
942 2517 1079 2573 adeo
1109 2534 1327 2583 novam,
1391 2518 1639 2586 adeoque
1702 2518 2060 2587 multiplicem
2127 2537 2157 2574 e
2207 2521 2430 2592 Virgine
2468 2522 2808 2592 progenitum
2843 2537 2983 2574 nova
3016 2521 3105 2573 illa
3142 2520 3353 2573 ratione
3418 2518 3574 2573 dica-

314 2620 462 2663 mus.
496 2617 782 2676 postquam
815 2608 1000 2678 (quod
1036 2611 1268 2664 maxime
1307 2626 1509 2663 novum
1540 2611 1664 2677 est)
1702 2626 1885 2664 rerum
1924 2613 2169 2666 omnium
2202 2615 2549 2671 conditorem
2581 2632 2645 2670 ac
2674 2625 2957 2684 parentem
2992 2615 3107 2682 ipsa
3138 2614 3437 2683 generavit.

386 2700 439 2749 l'.
481 2699 665 2763 Ἄξιον
705 2700 763 2752 δὲ
791 2702 899 2754 κάκ
928 2703 1113 2765 τίνων,
1155 2705 1249 2754 καὶ
1284 2704 1433 2765 ὅπως
1463 2703 1565 2770 ἔφυ
1611 2702 1887 2755 διαλαϐεῖν

310 2791 375 2840 τὸ
428 2790 607 2857 πάσης
654 2792 878 2860 ἡλικίας
929 2795 1345 2863 νουνεχέστερον
1405 2793 1627 2865 βρέφος,
1674 2792 1737 2846 τὸ
1785 2795 1889 2864 γῆς

313 2881 539 2949 ἁπάσης
583 2884 677 2935 καὶ
702 2883 936 2951 ούρανοῦ
974 2884 1315 2955 πλατύτερον
1344 2886 1616 2955 γέννημα,
1648 2887 1681 2955 ή
1716 2887 1887 2957 ὑπερ-

314 2971 458 3038 φυὴς
479 2971 568 3023 καὶ
604 2973 913 3044 ἀπόρρητος
938 2975 1283 3045 Μητρόπαις.

406 3150 662 3221 Ίωακεὶμ
692 3154 785 3206 καὶ
840 3157 1008 3208 Ἅννα
1060 3156 1193 3220 δυὰς
1241 3158 1545 3228 ἐτύγχανον
1606 3159 1776 3214 πάλαι
1808 3159 1885 3230 τῷ

314 3241 418 3309 βίῳ
456 3242 776 3314 δικαιοτάτη
804 3264 817 3277 ·
870 3247 1039 3317 νόμου
1098 3265 1157 3301 τε
1196 3248 1438 3318 φύλακες
1483 3251 1735 3321 ἀκριϐεῖς
1792 3253 1887 3304 καὶ

311 3330 637 3399 φιλοσοφίαν
660 3335 964 3402 φιλοῦντες,
989 3339 1088 3406 ὅση
1111 3357 1171 3392 τε
1201 3336 1336 3411 ἦθος
1362 3336 1420 3394 εὖ
1453 3342 1757 3412 ζωγραφεῖ,
1794 3345 1884 3394 καὶ

274 3491 278 3495 ἢ
310 3419 461 3473 οἷκον
493 3426 769 3492 εἰρηναῑον
791 3428 971 3497 τίθησι
1002 3433 1093 3483 καὶ
1128 3434 1496 3487 ἀστασίαστον
1516 3449 1529 3463 °
1570 3434 1771 3504 σφόδρα
1823 3451 1882 3485 τε

311 3515 671 3582 περίϐλεπτοι
706 3517 797 3572 διὰ
825 3520 1020 3588 ταῦτα,
1045 3523 1140 3576 καὶ
1163 3523 1225 3576 τὸ
1248 3526 1439 3595 περιὸν
1467 3525 1548 3588 είς
1569 3526 1884 3594 μετάδοσιν,

309 3599 395 3665 οἷς
433 3606 678 3676 ἐδέησεν,
723 3604 799 3663 ὧν
832 3613 1163 3682 ἐκέκτηντο⁹
1194 3610 1335 3684 ἦσαν
1375 3616 1485 3684 γάρ
1524 3618 1618 3671 καὶ
1650 3617 1883 3670 πλούτου

313 3698 706 3768 μετειληφότες
750 3702 964 3772 βαθέος.
989 3705 1153 3759 Ὀοεν
1185 3708 1297 3761 τῶν
1321 3710 1422 3778 μὲν
1448 3709 1624 3762 ἄλλων
1654 3710 1887 3773 ἕκαστος

310 3790 455 3858 ὑπὲρ
484 3794 684 3847 ἑαυτοῦ
716 3798 881 3864 μόνον
931 3798 1000 3852 τὰ
1038 3800 1189 3867 δῶρα
1226 3800 1304 3870 τῷ
1346 3801 1537 3871 Κυρίῳ
1567 3802 1844 3871 προσῆγον
1869 3818 1882 3831 ·

310 3879 461 3937 οὗτοι
488 3887 534 3938 δ’
573 3888 807 3959 ἀφθονίᾳ
837 3890 976 3958 βίου,
1014 3892 1221 3961 μᾶλλον
1242 3892 1298 3945 δὲ
1320 3892 1549 3962 γνώμης
1578 3893 1885 3966 ἐλευθερίᾳ,

312 3978 409 4026 καὶ
437 3978 572 4045 πρὸς
599 3979 657 4030 τὸ
680 3980 837 4045 γένος
868 3980 1099 4050 φίλτρῳ,
1124 3981 1338 4034 ἑαυτῶν
1361 4000 1419 4034 τε
1448 3981 1614 4035 ἕνεκα
1654 3984 1748 4035 καὶ
1789 3983 1884 4035 τοῦ

311 4066 444 4119 λαοῦ
483 4069 683 4129 παντὸς
712 4070 907 4139 διπλῆν
957 4071 1243 4125 ἐποιοῦντο
1271 4073 1370 4142 τὴν
1401 4073 1723 4141 προσένεξιν
1748 4091 1763 4104 ο
1803 4074 1884 4125 διὸ

309 4160 408 4210 καὶ
439 4160 518 4219 είς
546 4160 795 4230 πρώτους
824 4162 1041 4217 ἐτέλουν
1064 4162 1165 4232 τῆς
1210 4163 1512 4240 Ἰουδαϊκῆς
1540 4166 1757 4235 ἐκείνης
1788 4168 1881 4219 καὶ

312 4249 749 4321 βασιλικωτάτης
781 4252 975 4323 φυλῆς.

382 4521 610 4584 Τούτοις
655 4522 752 4575 οὖν
810 4523 991 4594 γάμου
1037 4527 1137 4594 μὲν
1193 4519 1262 4593 ἦν
1314 4525 1545 4579 ἐπιπολὺ
1600 4526 1879 4591 κοινωνία,

310 4614 504 4676 παιδὸς
535 4614 581 4666 δ’
621 4615 887 4685 εὐκληρία
919 4616 1129 4685 προσῆν
1164 4616 1430 4685 οὐδαμοῦ’
1460 4616 1622 4670 τοῦτο
1671 4617 1727 4669 δὲ
1762 4617 1881 4669 λίαν

306 4706 537 4774 ἀνιαρὸν
565 4706 761 4769 ἐδόκει,
791 4707 887 4760 καὶ
911 4708 1147 4776 πλῆττον
1174 4708 1235 4760 ού
1273 4709 1445 4777 μικρά
1476 4708 1573 4777 τὴν
1611 4708 1842 4778 καρδίαν
1864 4726 1879 4739 ο

306 4799 403 4849 καί
427 4814 556 4851 ποτε
597 4803 752 4863 γοῦν,
782 4801 885 4869 τῆς
926 4800 1189 4869 μεγίστης
1249 4802 1381 4871 παρ’
1418 4799 1653 4863 ἐκείνοις
1681 4799 1878 4869 ἑορτῆς

303 4890 637 4960 ἐπιστάσης,
673 4892 775 4954 τὰς
811 4892 870 4943 ἐν
925 4891 1057 4961 ἱερῷ
1101 4890 1245 4945 κατὰ
1290 4891 1352 4943 τὸ
1401 4890 1589 4953 εἰωθὸς
1619 4892 1878 4960 ἐκόμιζον

304 4983 629 5052 προσφοράς
656 4997 671 5012 ⁸
712 4985 741 5035 ὁ
775 4983 831 5036 δὲ
859 4982 962 5052 τῆς
990 4982 1263 5052 ίερατείας
1309 4983 1430 5037 τότε
1490 4981 1721 5051 Ῥουῢὶμ
1748 4983 1881 5051 πρὸς

302 5072 651 5142 λειτουργίαν
675 5072 846 5128 τελῶν
875 5072 998 5127 οὕτε
1028 5073 1297 5144 λαμϐάνει
1327 5074 1395 5127 τὰ
1420 5073 1587 5143 δῶρα,
1612 5075 1705 5126 καὶ
1736 5074 1881 5126 ὀνεί-

384 5212 580 5268 I"Luc.
611 5231 649 5281 ι,
688 5214 890 5279 (8,19.

2067 2705 2135 2760 Χ.
2182 2709 2353 2763 Porro
2404 2726 2584 2779 operte
2634 2712 2872 2780 pretium
2928 2708 3098 2761 fuerit
3150 2708 3284 2761 illud
3349 2710 3575 2779 insuper

1996 2798 2358 2866 perpendere,
2404 2815 2434 2853 e
2480 2800 2682 2868 quibus
2730 2808 2785 2851 et
2843 2813 2953 2866 quo
2993 2806 3151 2865 pacto
3181 2805 3305 2850 nata
3352 2798 3425 2850 sit
3458 2798 3570 2852 haec

1994 2887 2175 2943 infans
2219 2890 2367 2942 onmi
2420 2898 2579 2943 aetate
2624 2889 2964 2957 sapientior,
3015 2889 3129 2941 haec
3175 2886 3391 2939 soboles
3427 2894 3572 2939 terra

1994 2979 2247 3034 universa
2280 2996 2345 3033 ac
2373 2980 2515 3034 coelo
2543 2980 2799 3049 amplior,
2826 2995 2991 3048 supra
3021 2987 3270 3031 naturam
3298 2983 3354 3029 et
3377 2975 3571 3029 inetia-

1993 3069 2175 3123 biliter
2200 3070 2365 3138 Virgo
2398 3070 2588 3123 Mater.

2061 3157 2309 3212 Joacbim
2328 3169 2382 3212 et
2405 3157 2559 3211 Anna
2609 3160 2868 3228 coniuges
2883 3167 3039 3214 erant
3086 3158 3201 3228 qui,
3233 3172 3328 3225 per
3352 3170 3570 3209 omnem

1991 3262 2124 3302 sane
2156 3248 2469 3301 diuturnam
2495 3250 2659 3302 vitam
2686 3250 3000 3319 justissimi,
3031 3247 3407 3302 custodienda:
3433 3246 3569 3315 legis

1989 3340 2244 3404 studiosi,
2275 3340 2419 3394 illam
2456 3342 3130 3410 diligebant'snpicnliutn,
3154 3356 3274 3407 quite
3303 3348 3357 3393 et
3388 3354 3570 3392 mores

1988 3431 2205 3499 egregie
2252 3430 2489 3497 cllingit,
2528 3448 2592 3483 ac
2627 3432 2852 3483 domum
2894 3432 3173 3497 paciﬁcam
3209 3439 3377 3497 atque
3406 3428 3570 3482 dissi—

1990 3520 2096 3575 diis
2146 3520 2480 3573 inaccessam
2553 3531 2755 3575 servat.
2812 3522 2982 3575 Valde
3032 3531 3214 3573 autem
3275 3516 3561 3586 conspicui

1988 3620 2148 3663 erant
2179 3619 2292 3663 tum
2326 3611 2475 3664 hisce
2507 3612 2573 3663 de
2605 3613 2806 3672 causis,
2840 3623 2950 3663 tum
2989 3608 3317 3678 etiamquod
3351 3620 3569 3675 semper

1990 3709 2189 3770 praesto
2217 3702 2326 3754 illis
2350 3711 2517 3765 esset,
2550 3702 2697 3770 quod
2732 3702 2799 3755 iis
2830 3701 3239 3761 distribuerint,
3275 3700 3367 3769 qui
3397 3696 3571 3752 iacul-

1991 3803 2165 3845 tatum
2199 3808 2422 3846 suarum
2456 3808 2559 3861 ονε
2602 3792 2950 3861 indigerent;
2993 3808 3119 3845 nam
3149 3801 3203 3845 et
3254 3788 3567 3861 ingentibus

1989 3883 2285 3937 alIluebant
2325 3884 2548 3938 divitiis.
2585 3882 2739 3937 Unde
2788 3898 2914 3936 cum
2950 3898 3048 3951 pro
3082 3898 3141 3936 se
3183 3877 3563 3936 tantummodo

1988 3991 2213 4029 munera
2268 3976 2499 4029 Domino
2545 3976 2728 4028 creteri
2753 3975 2960 4043 quique
3016 3974 3299 4034 oll'crrent,
3342 3970 3398 4022 lii
3449 3982 3561 4037 prae

1987 4068 2302 4122 divitiarum
2325 4068 2635 4136 c0pia,imo
2669 4068 2849 4135 potius
2903 4082 3011 4136 prae
3030 4066 3193 4119 animi
3238 4061 3566 4117 liberalitate

1984 4169 2040 4211 et
2078 4158 2346 4212 cliaritate
2380 4158 2433 4211 in
2468 4159 2697 4227 gentiles
2729 4173 2882 4219 suos,
2914 4167 3020 4209 tam
3054 4170 3151 4223 pro
3175 4170 3234 4208 se
3261 4169 3423 4222 quam
3463 4167 3565 4219 pro

1989 4253 2248 4305 universo
2272 4252 2478 4320 pepulo
2501 4248 3179 4319 dupliCatamcxbibebant
3198 4245 3561 4299 oblationem.

1987 4344 2253 4409 Quocirca
2276 4342 2701 4410 interprimores
2727 4339 3190 4410 praestantissima:
3209 4338 3359 4390 illius
3384 4334 3564 4388 tribus

1920 4454 1960 4506 ι)
1988 4433 2140 4489 Jud:e
2171 4434 2411 4500 insignes
2437 4432 2831 4485 censebantur.

2057 4525 2121 4579 ili
2162 4526 2368 4593 itaque,
2399 4540 2711 4592 quanquam
2744 4522 3006 4575 connubii
3037 4521 3158 4589 jure
3189 4517 3399 4589 jamdiu
3428 4529 3562 4567 eon-

1977 4614 2179 4685 juncti,
2212 4614 2380 4682 prolis
2404 4623 2585 4668 tamen
2610 4615 2809 4667 solatio
2838 4628 3063 4682 prorsus
3088 4608 3555 4669 destituebantur,

1982 4705 2127 4774 quod
2187 4704 2411 4772 quidem
2469 4704 2625 4758 valde
2674 4720 2836 4773 grave
2884 4705 3196 4766 videbatur,
3245 4714 3551 4767 eorumque

1983 4796 2150 4851 corda
2195 4796 2340 4849 haud
2378 4796 2593 4849 modica
2628 4796 2851 4849 tristitia
2880 4796 3173 4849 afﬁciebat.
3205 4792 3383 4860 Atque
3432 4788 3560 4841 inde

1983 4888 2147 4941 etiam
2170 4888 2465 4955 aliquando
2492 4888 2745 4957 contigit,
2774 4899 2832 4941 ut
2861 4902 2985 4941 cum
3008 4882 3369 4939 celeberrima
3399 4879 3558 4933 festi-

1983 4981 2122 5037 vitas
2150 4981 2294 5049 apud
2328 4982 2451 5035 illos
2475 4990 2748 5050 ageretur,
2780 4988 2946 5048 atque
2965 4976 3272 5031 oblationes
3302 4973 3370 5028 de
3402 4986 3555 5025 more

1981 5073 2048 5128 ad
2081 5074 2343 5143 templum
2395 5072 2763 5137 aﬂerrentur,
2803 5070 3002 5125 liubim
3035 5068 3260 5139 quidam
3290 5064 3426 5137 (18),
3457 5061 3555 5131 qui

1561 5312 1705 5371 Ant.
1752 5307 2043 5371 Ballerini
2088 5316 2275 5368 notae.

375 5446 490 5513 (lli)
531 5443 751 5497 Habac.
786 5458 869 5513 ut,
924 5444 1011 5497 l5.
1054 5441 1252 5513 Utrum
1297 5441 1537 5513 Isidorus
1575 5441 1635 5494 τὸ
1677 5439 1871 5513 ἐλήλυ-

303 5509 407 5577 θας
458 5509 605 5583 quod
631 5530 660 5566 a
688 5512 829 5566 LXX
862 5513 1039 5577 abest,
1087 5512 1209 5567 ideo
1240 5512 1536 5573 addiderit,
1595 5509 1768 5583 quod
1799 5509 1874 5583 ita

306 5590 360 5640 in
386 5578 591 5639 Codice
614 5585 842 5652 legeret,
876 5583 1179 5647 incertum;
1210 5583 1355 5651 quod
1420 5598 1550 5635 vero
1591 5578 1877 5649 scripserit

306 5654 564 5725 χριστοῦς
596 5671 714 5714 σου,
748 5653 946 5725 conjici
998 5654 1275 5725 potestita
1306 5668 1432 5706 eum
1494 5652 1711 5722 legisse,
1746 5665 1875 5704 eum

308 5722 360 5780 ct
393 5725 791 5779 A'evaudrinus
816 5722 984 5777 codex
1016 5723 1086 5776 ita
1118 5722 1335 5777 habeat.

385 5798 489 5863 ςιη
534 5795 664 5850 Vide
727 5803 1062 5850 constanter-1
1147 5794 1285 5847 inter
1344 5808 1512 5863 genus
1578 5793 1877 5847 humanum

1975 5440 2186 5505 lapSttm
2220 5450 2283 5489 ac
2313 5435 2595 5502 Deiparam
2627 5433 2975 5505 autitbesim,
3021 5440 3081 5484 ut
3108 5431 3225 5505 haec
3258 5441 3381 5505 _c_eu
3430 5423 3543 5505 vita

1977 5496 2156 5561 et'lux
2178 5507 2303 5559 aliis
2325 5496 2487 5558 etiam
2528 5506 2651 5557 dein
2699 5501 3155 5556 communicanda
3184 5496 3538 5554 exltibeatur,

1979 5577 2112 5631 illud
2140 5591 2274 5629 vero
2307 5576 2358 5628 in
2416 5575 2657 5629 tenebris
2701 5584 2756 5628 et
2782 5575 2835 5626 in
2887 5572 3078 5625 umbra
3105 5569 3302 5624 mortis
3345 5562 3545 5617 sedens

1980 5659 2259 5702 cernatur.
3194 5706 3219 5709 ᾼ
3278 5706 3287 5709 _
3489 5700 3499 5709 .

2055 5718 2166 5785 (18)
2194 5715 2451 5778 Isidorus,
2483 5723 2542 5768 ut
2569 5713 2804 5785 videtur,
2842 5711 3033 5785 Rubim_
3054 5725 3150 5785 seu
3187 5706 3364 5785 Ruben
3415 5706 3539 5785 ex};

1984 5773 2222 5845 stiiuavit
2253 5773 2449 5841 nomen
2515 5773 2800 5853 pronriuut
2850 5780 3149 5837 sacerdotis
3178 5796 3221 5859 ;⁸
3252 5779 3380 5835 dum
3447 5773 3537 5824 alii
