4258 6364
245 406 309 466 37

1141 395 1400 458 SERMO
1445 398 1522 458 ΙΝ
1564 396 2090 458 ΝΑΤΝΙΤᾹΤΕΜ
2142 403 2200 462 ll.
2235 405 2302 462 Υ.
2352 402 2641 464 MARLE.

3430 411 3500 472 3-8

230 521 370 575 οὐδὲ
385 517 602 584 εὑρέθη
619 513 793 574 δόλοι,
816 514 885 565 ἐν
906 509 982 574 τῷ
999 513 1245 578 στόματι
1269 513 1455 566 αὑτοῦ
1478 528 1490 540 ”
1517 512 1657 563 κατὰ
1687 510 1744 563 δὲ
1767 511 1825 563 τὺ
1856 523 1898 578 Α

1817 531 1825 562 i
1856 523 1898 578 Α
1935 512 2077 568 Deus
2107 513 2294 573 homo.
2328 524 2600 583 peccatum
2632 533 2733 568 non
2760 518 2898 582 fecit,
2933 535 3101 589 neque
3131 517 3288 575 dolus
3311 521 3498 579 inven-

234 615 400 681 μηδὲν
423 613 691 678 ἁμαρτεῖν
713 609 888 670 οὐδεὶς
907 611 1003 678 τῆς
1035 610 1312 674 πανάγνου
1337 605 1535 675 μᾶλλον
1564 604 1663 673 τὴν
1685 605 1819 674 πρὸς

234 702 480 773 Χριστὸν
523 702 832 771 ἐμφέρειαν
878 703 1071 772 φέρει·
1103 702 1209 752 ἔδει
1257 701 1367 769 γὰρ
1423 701 1611 768 μεῖζον
1637 700 1670 771 ἡ
1698 716 1820 751 τινα

231 796 338 848 τῶν
388 796 657 848 ἁπάντων
705 795 808 862 τὴν
857 793 1126 846 τεκοῦσαν
1177 789 1575 860 ἀφομοιοῦσθαι
1630 790 1711 858 τῷ
1760 789 1820 856 ἐξ

231 886 434 954 αὐτῆς·
467 885 666 938 οὐκοῦν
714 883 1020 953 ἀνθρώπων
1067 882 1164 950 μὲν
1194 884 1410 935 πάντων
1447 883 1475 952 ἡ
1513 882 1816 948 πάναγνοε.

233 980 324 1026 ni
379 977 498 1028 οὐδ’
548 977 671 1028 ὅσον
729 974 1077 1042 λογίσασθαι,
1113 973 1531 1042 ἀνωμολόγηται
1567 973 1821 1043 καθαρω-

229 1072 386 1135 τέρα,
441 1069 538 1120 sui
593 1068 683 1122 διὰ
723 1066 884 1118 τοῦτο
932 1067 1068 1137 μόνη
1116 1067 1252 1137 ergo;
1277 1067 1498 1129 τούτους
1536 1065 1816 1136 ἄφθαρτος

229 1175 418 1212 παντω
432 1179 474 1212 ἴ.

300 1340 570 1406 ’Δγγελοι
614 1340 669 1393 δὲ
707 1341 874 1394 πάλαι
919 1341 1018 1409 μὲν
1067 1339 1146 1392 ὅτι
1184 1336 1538 1408 περιπίπτειν
1574 1334 1720 1406 εἶχον
1748 1340 1813 1406 τῇ

232 1435 373 1483 κατὰ
404 1432 592 1503 ψυχὴν
641 1431 1081 1502 προαποδοθείσῃ
1131 1433 1328 1503 φθορᾷ,
1378 1434 1408 1484 ὁ
1455 1431 1674 1484 πάντων
1708 1431 1816 1482 τῶν

226 1523 324 1591 τῆς
359 1525 580 1575 ἐκείνου
615 1523 814 1592 μανίας
863 1524 922 1589 ιε
955 1525 1168 1576 ἐκείνου
1196 1524 1289 1576 καὶ
1325 1523 1394 1574 δι’
1428 1523 1639 1574 ἐκείνου
1689 1538 1817 1590 μετ-

226 1608 534 1677 ειληφὸτων
558 1611 816 1663 ἐπέκεινα
851 1611 986 1664 Θεοῦ
1031 1611 1319 1680 χωρισθεὶς
1363 1609 1633 1664 δείκνυσιν
1655 1613 1815 1680 εναρ-

229 1701 340 1764 γῶς
370 1700 694 1769 ἀσώματος,
743 1702 801 1765 ὃς
837 1706 899 1756 ὲκ
925 1707 1024 1770 τῆς
1053 1704 1164 1755 ἄνω
1187 1702 1278 1753 καὶ
1318 1701 1587 1769 φωτεινῆς
1635 1701 1812 1766 ἀξίας,

206 1791 321 1859 ’τὴν
375 1792 534 1844 κάτω
563 1795 660 1845 καὶ
703 1792 942 1860 ζοφερὰν
964 1792 1156 1862 εἴληφε
1203 1792 1360 1858 τάξιν
1392 1808 1405 1822 ·
1446 1793 1528 1845 ὅτι
1551 1793 1596 1844 δ’
1649 1792 1808 1863 ἄτρε-

227 1898 350 1933 πτοι
381 1884 620 1951 μένουσι
643 1882 760 1944 νῦν,
795 1885 933 1952 μετά
963 1884 1057 1937 τὸν
1103 1885 1420 1956 ἀπόρρητον
1457 1887 1558 1955 τῆς
1599 1885 1812 1954 Παρθέ-
1843 1891 1883 1946 Β

1843 1891 1883 1946 Β
1912 1887 2202 1956 splendida
2225 1886 2493 1957 dignitate
2521 1887 2713 1955 lapsus
2739 1885 2807 1940 ad
2861 1885 3094 1940 inferam
3127 1900 3194 1939 ac
3248 1881 3493 1940 tenebri-

223 1989 312 2024 νον
341 1973 509 2024 τόκον
530 1975 830 2042 εὑρηκέναι
852 1975 1192 2030 πιστεύεται.
1231 1979 1292 2030 Et
1322 1977 1366 2029 δ’
1394 1971 1438 2044 ᾧ
1469 1977 1562 2028 καὶ
1586 1976 1809 2043 ἄγγελοι

225 2064 552 2128 συνέπεσον,
588 2067 780 2120 τούτου
839 2068 1102 2135 κρείττων
1128 2069 1162 2137 ή
1196 2067 1576 2137 πολυύμνητος
1626 2084 1809 2136 πεφα-

226 2155 487 2226 νέρωται,
531 2158 616 2210 ἐτι
669 2160 727 2212 δὲ
765 2162 858 2212 καὶ
902 2159 1172 2228 ἀτρεῴίαν
1224 2159 1505 2228 παρέσχεν
1546 2160 1804 2222 ἑκείνοις,

224 2248 392 2299 ταυτὸ
425 2246 472 2299 δ’
497 2253 674 2302 εἰπεῖν
703 2251 1042 2322 ἀφθαρσίαν,
1075 2251 1201 2303 καθ’
1231 2252 1291 2304 ὃν
1315 2269 1498 2318 φαμεν
1558 2253 1651 2304 ἐπὶ
1705 2251 1810 2320 dau-

223 2338 320 2406 χῆς
346 2340 451 2408 τῆς
480 2341 691 2409 φθορᾶς
722 2344 887 2410 λόγον
908 2359 922 2372 ·
947 2345 1217 2396 κάκείνων
1244 2345 1352 2413 ἄρα
1393 2343 1594 2414 μακρῷ
1623 2344 1809 2412 μέτρῳ

225 2429 455 2496 βελτίων
477 2435 510 2498 ή
541 2434 839 2500 πάναγνος,
895 2436 987 2488 καὶ
1033 2436 1206 2504 τούτῳ
1242 2453 1305 2503 γε
1350 2436 1699 2505 ἁφθαροτέρα
1730 2435 1808 2505 τῷ

225 2523 406 2591 μέρει.

1925 615 2006 657 tus
2040 607 2199 657 estin
2242 622 2330 658 ore
2399 609 2532 676 ejus.
2567 605 2721 672 Quod
2787 624 2915 663 vero
2964 614 3206 678 pertinet
3236 613 3304 669 ad
3359 615 3503 672 hanc

1923 697 1992 750 ab
2026 697 2174 750 omni
2207 710 2430 766 peccato
2456 701 2883 765 immunitatem,
2927 718 3090 758 nemo
3109 705 3301 777 magis.
3334 722 3500 776 quam

1924 789 2372 844 innocentissima
2431 792 2543 851 illa.
2605 793 3032 848 similitudinem
3088 810 3216 851 cum
3270 797 3499 853 Christo

1921 879 2086 947 gessit
2114 896 2129 944 ;
2155 879 2448 948 Oportebat
2493 882 2664 945 enim,
2703 891 2756 935 ut
2784 883 2906 951 plus
2931 899 3096 954 quam
3135 885 3279 941 alius
3327 887 3500 957 quilio

1923 973 2032 1036 bet,
2081 971 2279 1028 Genito
2307 970 2558 1027 Genitris
2589 976 3007 1032 assiinilaretur.
3075 977 3272 1048 Merito
3327 979 3496 1048 igitur

1919 1063 2110 1119 eadem
2135 1064 2222 1118 illa
2248 1064 2702 1118 innocentissima
2763 1046 3111 1135 quibuslibet
3152 1046 3496 1136 hominibus,

1920 1163 2184 1223 quantum
2243 1169 2346 1211 nec
2395 1153 2495 1209 lari
2563 1154 2710 1211 licet.
2763 1157 2954 1223 purior
3013 1158 3386 1226 priedicatur;
3430 1174 3496 1215 ac

1917 1248 2148 1316 proinde
2174 1249 2288 1302 sola
2322 1249 2466 1303 inter
2500 1249 2753 1304 homines
2774 1247 2880 1302 luit
2930 1251 3091 1317 plane
3145 1251 3489 1322 incorrupta.

1987 1339 2143 1406 Quod
2175 1353 2356 1395 autem
2386 1341 2622 1410 pertinet
2675 1340 2741 1394 ad
2798 1340 3041 1410 angelos,
3093 1343 3204 1412 jam
3242 1359 3372 1397 vero
3439 1347 3495 1399 in

1916 1447 2258 1506 eain._quam
2283 1433 2540 1502 superius
2573 1433 2878 1497 innuimus,
2932 1433 3127 1487 anima:
3175 1436 3493 1505 corruptio-

1916 1539 2040 1576 nem
2074 1522 2283 1590 prolabi
2310 1523 2440 1576 olim
2474 1537 2570 1576 eos
2623 1523 2882 1590 potuisse,
2907 1525 3220 1580 luculenter
3272 1542 3405 1581 sane
3433 1541 3498 1581 o-

1919 1615 2122 1669 steudit
2167 1615 2440 1668 alienatus
2500 1630 2530 1667 a
2595 1613 2708 1668 Deo
2757 1617 2983 1684 spiritus
3037 1617 3128 1671 ille
3172 1616 3492 1683 (diabolus),

1917 1703 2132 1758 cunctis
2153 1702 2380 1757 insaniae
2407 1702 2577 1770 ipsius
2607 1702 2772 1756 sociis
2795 1711 2850 1756 et
2888 1718 2953 1755 ex
2980 1703 3074 1756 illo
3120 1718 3184 1757 ac
3214 1720 3310 1772 per
3334 1705 3490 1759 illum

1917 1795 2042 1849 mali
2083 1794 2439 1850 consortibus
2477 1795 2912 1863 supereminens.
2940 1795 3032 1863 qui
3060 1809 3090 1848 e
3138 1795 3375 1862 superna
3428 1811 3494 1850 ac

1919 1995 2102 2035 cosam
2137 1981 2323 2034 sedem
2345 1981 2601 2034 detrusus
2630 1989 2735 2033 est.
2771 1979 2928 2045 Quod
2966 1995 3098 2034 vero
3137 1995 3282 2034 nunc
3309 1980 3489 2049 angeli

1917 2069 2288 2124 iinmutahilcs
2320 2077 2688 2136 perseverent,
2718 2069 2769 2122 id
2797 2086 2893 2136 per
2921 2068 3251 2123 ineﬂahilein
3289 2069 3478 2138 Virgi-

1918 2163 2006 2214 nis
2036 2161 2511 2229 partumasseeuti
2541 2168 2806 2222 putantur
2840 2157 2975 2225 (40).
3034 2159 3092 2213 Si
3141 2174 3273 2234 ergo
3326 2159 3493 2228 Virgo

1919 2251 2068 2303 omni
2104 2249 2266 2302 laude
2314 2251 2636 2317 dignissima
2697 2251 3045 2319 priestantior
3072 2252 3166 2305 illo
3208 2255 3488 2320 apparuit,

1918 2355 2156 2418 quocum
2207 2340 2384 2408 angeli
2432 2339 2568 2407 lapsi
2624 2350 2776 2403 sunt,
2836 2341 3065 2410 insuper
3099 2357 3231 2396 vero
3260 2344 3492 2412 reliquis

1919 2431 2674 2484 contulitiuiniutaliélitati-m
2705 2431 2784 2498 (ut
2823 2447 3019 2502 nempe
3059 2435 3211 2503 juxta
3235 2449 3321 2497 ea,
3362 2450 3486 2504 quae

1920 2525 1988 2576 de.
2024 2524 2220 2575 animm
2253 2527 2610 2590 corruptione
2637 2526 3020 2591 prmmisinius,
3047 2529 3128 2582 sic
3162 2542 3283 2583 eam
3308 2531 3490 2584 incor-

226 2619 658 2684 ruptibilitatem
679 2617 998 2688 appellem),
1030 2616 1280 2687 profecto
1317 2616 1482 2671 etiam
1514 2616 1634 2671 istis
1691 2618 1849 2684 longe
1886 2617 2244 2669 excellentior
2307 2615 2408 2668 fuit
2458 2617 3001 2682 iuiioceiitissiina,et
3031 2634 3096 2672 ex
3151 2618 3253 2675 hac
3291 2621 3484 2677 saltem

224 2721 381 2782 parte
422 2711 528 2764 fuit
563 2712 1035 2782 incorruptibilior
1065 2711 1202 2778 (41).

1493 2852 1631 2907 Ant.
1686 2843 1973 2906 Ballerini
2022 2850 2209 2903 notes.

221 2976 273 3026 in
305 2990 398 3026 ore
435 2974 621 3040 ipsius.
672 2973 740 3024 At
791 2986 898 3023 non
955 2970 1026 3022 ita
1083 2971 1303 3023 Patrum
1354 2984 1667 3024 nostrorum
1716 2987 1799 3023 sa—

221 3047 456 3110 pientia.
505 3057 612 3094 non
666 3042 738 3095 ita
799 3056 994 3094 sensus
1060 3041 1248 3093 matris
1291 3041 1595 3110 "Ei-.elesize.
1661 3042 1799 3094 Ecce

221 3109 317 3166 tibi
356 3113 473 3164 duo
508 3113 595 3164 illa
627 3111 862 3162 invicem
893 3111 1180 3176 conjuncta
1208 3125 1221 3160 :
1274 3109 1510 3163 Christus-
1537 3110 1680 3162 solus
1735 3110 1799 3161 ab

1909 2970 2042 3032 Quia
2067 2971 2119 3019 in
2142 2969 2296 3018 beata
2337 2967 2546 3034 l'irgine
2571 2965 2667 3032 fuit
2699 2965 2976 3032 depnratio
3001 2966 3062 3015 ub
3085 2966 3228 3016 omni
3248 2950 3484 3031 peremto.

1907 3041 2024 3091 ideo
2067 3039 2299 3106 peruenit
2353 3040 2420 3087 ait
2471 3052 2734 3106 summum
2771 3036 3082 3106 puritatis;
3120 3036 3199 3085 sie
3242 3036 3484 3091 Isidorus

1911 3104 2284 3174 pronuntiavit
2315 3107 2514 3174 (supr.)
2543 3125 2552 3156 :
2591 3104 2715 3156 Sola
2745 3105 3025 3170 (ΙΙειριινιι)
3067 3105 3205 3154 inter
3247 3109 3483 3161 homines

219 3183 365 3236 omni
403 3190 618 3246 percolo
647 3196 859 3244 pronus
888 3174 1086 3247 integer
1115 3181 1213 3246 fuit
1249 3196 1269 3233 :
1301 3189 1356 3231 et
1403 3181 1569 3247 paqu
1610 3181 1750 3233 infra
1787 3198 1802 3233 :
1832 3183 1874 3240 ρ
1910 3181 2005 3244 luit
2059 3177 2216 3242 plane
2271 3175 2710 3247 incorruptibiliss
2741 3175 2907 3225 l’orro
2932 3174 3481 3247 _si_sum_mum_puri-

219 3252 346 3304 Sola
394 3251 557 3319 Virgo
599 3249 830 3315 Dcipara
865 3250 959 3316 fuit
997 3249 1153 3314 plane
1197 3249 1634 3318 incorruptibilis,
1662 3249 1806 3302 scili—

215 3334 291 3374 cet
343 3326 560 3388 integra
610 3336 640 3370 a
691 3328 950 3386 peccato:
1000 3319 1068 3388 de
1117 3319 1220 3371 hac
1255 3320 1401 3388 enim
1441 3323 1804 3386 corruptione

217 3408 407 3445 seruio
431 3387 538 3440 est.
571 3390 684 3442 lmo
707 3403 773 3440 ex
809 3403 875 3440 eo
903 3387 1048 3456 quod
1090 3403 1248 3442 sows
1276 3387 1526 3442 Christus
1577 3405 1804 3456 prorsus

219 3466 440 3529 integer
464 3459 633 3511 luerit
666 3474 694 3510 a
728 3471 974 3525 peccato,
1015 3459 1197 3511 cernis
1248 3469 1539 3529 auctorem
1572 3459 1801 3529 conclu-

219 3528 375 3592 dere,
416 3530 704 3592 Deiparam
737 3543 956 3596 quoque
991 3543 1154 3580 SOLAI
1201 3539 1427 3596 peccato
1457 3528 1631 3581 cuivis
1656 3529 1805 3582 inac-

219 3616 436 3655 cessam
461 3600 727 3651 exsistere
755 3597 1030 3650 debuisse.
1060 3598 1338 3650 (lurnam?
1369 3599 1680 3665 l'rOpti-rea,
1721 3598 1803 3652 iti-

215 3673 356 3738 quit,
387 3670 521 3735 quia
547 3667 805 3738 masima,
829 3681 949 3738 qua!
977 3666 1161 3738 haberi
1188 3669 1414 3734 protuit,
1438 3683 1559 3719 eum
1582 3666 1802 3738 Christo

218 3735 535 3792 similitudo
571 3737 815 3804 Deiparze
854 3737 1032 3787 inesse
1075 3735 1287 3795 debuit,
1323 3740 1660 3803 proiniteque
1687 3737 1801 3791 lia-c

217 3808 426 3863 Christi
452 3807 666 3859 Domini
697 3805 1054 3873 praerogativa
1084 3807 1268 3872 potius
1299 3821 1462 3873 quam
1493 3821 1520 3858 a
1557 3810 1640 3858 sui
1675 3820 1802 3859 con-

221 3880 400 3930 sortio
452 3876 737 3942 Deiparam
787 3885 1028 3927 sanctam
1091 3876 1342 3940 repellat,
1393 3874 1504 3926 imo
1558 3883 1799 3941 postulat

221 3957 280 3999 ut
303 3948 407 4014 ipsi
437 3951 727 4011 (quantum
760 3957 975 4014 eorum,
1005 3958 1126 4010 qua:
1159 3944 1248 3995 Dei
1284 3945 1443 3996 simul
1471 3953 1524 3996 et
1559 3947 1798 4000 hominis

224 4013 450 4085 propria
484 4023 636 4075 sunt,
691 4013 1134 4085 particepsfskse
1163 4021 1344 4085 potest
1391 4029 1560 4081 purus
1603 4015 1793 4083 homo)

220 4081 392 4139 fuerit
427 4086 764 4143 communis,
811 4097 875 4135 ac
918 4081 1017 4134 soli
1044 4082 1287 4151 Deiparie
1316 4083 1456 4151 inter
1507 4098 1673 4151 puros
1700 4081 1797 4137 ho-

223 4158 402 4208 mines
440 4154 710 4206 tributum
767 4153 819 4206 id
868 4154 1053 4214 fuerit,
1085 4150 1232 4219 quod
1283 4151 1382 4204 soli
1408 4150 1652 4217 Christo,
1690 4170 1798 4223 qua

220 4225 368 4280 Deus
403 4225 572 4275 homo
598 4234 703 4283 est,
739 4232 1078 4275 reservatur.

291 4295 407 4363 (40)
459 4293 615 4356 Quod
674 4301 868 4363 auctor
917 4291 1050 4343 dicit
1091 4289 1242 4363 μετὰ
1297 4290 1406 4342 τιῗν
1451 4293 1799 4360 ἀπόρῤητον

220 4359 329 4429 τῆξ·
360 4359 668 4428 "opaea-0v
701 4362 898 4430 conor,
935 4359 1254 4412 vertendum
1292 4364 1496 4427 putavi.
1528 4359 1621 4429 per
1659 4359 1796 4430 inef-

223 4428 673 4506 fabilempartum
717 4428 980 4496 Virginis;
1017 4439 1129 4480 tum
1157 4432 1282 4496 quia
1311 4428 1623 4506 priepositio
1656 4428 1798 4506 μετὰ

219 4500 412 4560 saltem
479 4503 691 4569 poetice
747 4515 846 4578 pro
879 4514 946 4578 eo
982 4509 1275 4578 usurpatur
1310 4500 1454 4565 quod
1486 4510 1567 4554 est
1600 4500 1791 4556 Latine
1827 4525 1867 4578 ι)

218 4566 491 4644 propter,"
525 4579 638 4622 tum
671 4566 820 4638 quia,
857 4566 1067 4644 etiamsi
1099 4568 1232 4619 velis
1263 4578 1653 4644 verterepost,
1703 4586 1791 4622 re-

217 4637 348 4697 ferri
397 4641 452 4694 id
490 4655 601 4692 non
651 4637 997 4691 incommodo
1053 4645 1232 4704 potest
1284 4637 1352 4688 ad
1397 4637 1648 4692 ordinem
1684 4656 1791 4694 non

214 4714 438 4782 quidem
478 4712 746 4783 temporis.
790 4710 886 4761 sed
943 4706 1292 4783 causalitatis.
1327 4705 1439 4783 Hoc
1478 4719 1636 4776 pacto
1668 4724 1796 4777 pro-

215 4775 440 4851 ponitur
473 4775 742 4851 Ιιιοὶιομιε
771 4775 1069 4851 sententia,
1099 4776 1152 4826 in
1174 4775 1684 4851 quibusdan’i-etiaui
1703 4795 1795 4831 ca«

218 4846 442 4905 tholicis
496 4847 702 4901 si-ltolis
760 4857 1000 4914 recepta,
1040 4847 1107 4896 de
1153 4846 1326 4912 gratia
1365 4848 1790 4915 angelisintuitu

217 4922 546 4972 meritorum
567 4915 770 4970 Christi
799 4919 1014 4978 collata,
1034 4928 1141 4964 non
1173 4928 1304 4984 yero
1325 4920 1510 4981 opinio
1537 4920 1785 4984 nuspiam

214 4991 400 5044 audita
431 4990 504 5041 de
538 4986 746 5056 angelis
768 4995 894 5040 ante
923 4985 1126 5038 Christi
1159 4983 1456 5038 Salvator-is
1490 4983 1785 5040 adventum

218 5063 467 5114 nondum
509 5057 560 5109 in
586 5058 756 5125 gratia
785 5056 1035 5125 ﬁrmatis.

281 5132 402 5199 (Η)
457 5123 609 5184 ραι-,⁷
651 5125 898 5199 inquies,
938 5123 1203 5199 Isidorus,
1255 5127 1426 5182 veluti
1459 5127 1789 5182 sententiam

216 5194 392 5253 suam
433 5204 742 5251 coarctans.
777 5194 926 5264 Adicit
978 5196 1266 5264 Deiparam
1319 5211 1514 5251 smn:
1570 5211 1637 5250 ex
1690 5212 1792 5251 asc

214 5281 385 5324 ριιτα
417 5262 866 5332 incorruptibilem
899 5262 1085 5332 magis
1114 5282 1275 5335 quam
1326 5269 1540 5336 angelos
1587 5267 1745 5335 fuisse
1769 5268 1794 5320 7

215 5336 919 5408 Responsiopetenda‘est
955 5347 986 5408 e
1032 5345 1316 5408 contextu.
1366 5338 1420 5389 in
1454 5351 1564 5404 quo
1605 5338 1790 5408 ridere"

212 5403 344 5466 licet
377 5405 688 5460 doctrinam
722 5403 1005 5460 catholicis
1030 5406 1230 5459 scholis
1259 5403 1786 5459 communissiinam.

215 5483 360 5536 Sane
393 5474 860 5545 quemadmodum
909 5473 1109 5527 scholia
1161 5477 1448 5544 puritatem
1500 5475 1792 5528 attendunt

216 5565 312 5620 per
350 5556 634 5603 recessum
664 5558 694 5597 a
738 5552 1002 5620 peccato;
1041 5545 1112 5620 ita
1148 5546 1392 5598 Isidorus
1422 5559 1547 5620 cum
1594 5546 1790 5598 animm

214 5614 451 5674 mortem
505 5627 572 5668 ac
619 5614 1028 5683 corruptionem
1084 5615 1137 5666 in
1185 5623 1406 5684 peccato
1445 5614 1787 5684 collocasset,

213 5684 669 5755 incorruptionem
690 5684 881 5737 delinit
907 5698 1001 5755 per
1021 5683 1294 5755 receSSum
1319 5699 1348 5737 a
1374 5695 1616 5751 peccato.
1651 5683 1790 5737 Hinc

214 5760 375 5814 sicuti
403 5752 632 5811 sanetus
662 5755 902 5809 Thomas
948 5752 1015 5822 (Ι,
1063 5754 1192 5807 dist.
1227 5769 1358 5818 xvn,
1413 5768 1467 5821 q.
1511 5756 1564 5807 2.
1596 5765 1699 5806 art.
1732 5755 1786 5813 4.

217 5839 337 5888 post
389 5841 537 5881 reso.
599 5825 667 5880 ad
721 5826 776 5886 5)
831 5840 898 5878 ex
953 5838 1017 5877 co
1075 5824 1347 5893 principio
1393 5825 1788 5878 coiit-luserat:

1908 3243 2054 3308 tatis,
2080 3250 2123 3298 si
2161 3247 2320 3314 plane
2342 3245 2739 3313 incorruptibile
2768 3243 3121 3295 conSIituitur
3154 3245 3206 3295 itt
3239 3245 3482 3313 cujusvis

1908 3319 2117 3386 peccati
2152 3317 2421 3374 absentia,
2465 3316 2572 3386 jaiii
2606 3316 2648 3364 si
2687 3315 2869 3382 plures
2908 3314 3016 3364 sint
3044 3314 3136 3380 qui
3172 3320 3318 3368 omni
3357 3333 3482 3383 pec-

1905 3383 2026 3439 cato
2057 3386 2357 3438 caruerint.
2414 3383 2658 3450 profecto
2715 3399 2776 3434 ea:
2833 3385 2931 3434 hac
2977 3394 3127 3449 parte
3155 3399 3260 3435 non
3297 3396 3476 3450 potest

1906 3472 2025 3510 esse
2100 3456 2239 3506 alter
2311 3455 2484 3505 altero
2550 3454 2738 3518 purior
2803 3463 2897 3505 aut
2977 3454 3471 3520 iiii-orrupliliilior,

1904 3541 2026 3578 cum
2089 3524 2326 3576 absurde
2393 3525 2627 3589 litigatur
2689 3540 2965 3576 summum
3011 3539 3225 3575 summo
3280 3527 3475 3592 majus.

1902 3596 2065 3664 Atqui
2113 3595 2285 3646 sancti
2324 3597 2496 3660 angeli
2535 3594 2685 3644 nullo
2720 3609 2958 3664 unquam
3010 3602 3233 3664 peccato
3294 3594 3472 3660 inqui-

1905 3663 2014 3718 nati
2072 3675 2237 3724 sunt;
2281 3680 2431 3726 ergo,
2485 3664 2752 3729 siquidem
2794 3663 2933 3715 ratio
2989 3663 3163 3714 solum
3204 3665 3473 3716 habeatur

1903 3733 2132 3788 actualis
2183 3749 2210 3785 a
2269 3744 2492 3801 peccato
2547 3733 2926 3795 immanitatis,
2964 3748 3088 3784 cum
3125 3733 3299 3794 angeli
3337 3749 3475 3800 quo-

1903 3819 2009 3873 que
2068 3819 2341 3856 summum
2385 3803 2641 3869 puritatis
2686 3804 2989 3869 attigerint,
3037 3802 3250 3869 concipi
3285 3806 3473 3870 utique

1902 3889 2011 3926 non
2049 3881 2230 3941 potest
2257 3874 2528 3939 quispiam
2568 3875 2757 3937 purior
2792 3874 3020 3939 angelis,
3059 3874 3200 3922 sicut
3243 3889 3340 3923 nec
3372 3889 3472 3925 an-

1900 3945 2053 4010 gelus
2087 3942 2278 4009 angelo
2314 3942 2520 4008 purior.
2551 3941 2647 3993 Est
2685 3949 2863 3994 tamen
2899 3943 3000 3994 alia
3047 3943 3207 3999 ratio,
3252 3957 3475 4010 propter

1899 4029 2062 4081 quam
2123 4011 2206 4063 vel
2249 4011 2390 4062 inter
2449 4027 2566 4066 eos.
2619 4013 2710 4076 qui
2766 4012 2918 4064 nullo
2968 4027 3207 4077 unquam
3261 4015 3470 4078 peci-ati

1901 4097 2054 4136 naevo
2082 4081 2268 4134 infecti
2321 4082 2546 4141 iuerint,
2578 4082 2719 4133 alius
2745 4083 2854 4134 alio
2887 4083 3077 4148 purior
3105 4096 3224 4132 esse
3275 4091 3330 4134 et
3359 4084 3466 4134 diei

1898 4153 2094 4220 possit.
2145 4152 2389 4219 Spectari
2448 4153 2594 4203 enim
2660 4161 2834 4219 potest
2890 4165 3136 4202 rei-es<us
3179 4166 3205 4201 a
3249 4162 3473 4218 peci-ato

1899 4238 2006 4273 non
2042 4221 2202 4274 modo
2231 4220 2406 4288 quoad
2449 4230 2645 4282 actum,
2696 4223 2788 4272 sed
2829 4220 2993 4272 etiam
3052 4220 3231 4286 quoad
3272 4231 3456 4280 poten-

1900 4295 2050 4344 tiam.
2083 4292 2148 4344 Et
2178 4291 2256 4344 sic
2298 4293 2487 4357 purior
2527 4295 2652 4349 erit,
2683 4291 2774 4356 qui
2817 4306 2845 4342 a
2874 4289 3152 4355 peccando
3179 4291 3467 4352 rcmmior,

1899 4376 2062 4429 atque
2097 4362 2147 4414 in
2209 4361 2352 4413 bono
2390 4360 2598 4412 firmior
2629 4361 2919 4412 exstiterit.
2959 4359 3198 4412 Proinde
3236 4360 3292 4413 S.
3326 4360 3473 4411 'l‘lio.

1901 4448 2014 4484 ntas
2066 4431 2125 4500 (Ι.
2193 4439 2269 4494 c.)
2314 4448 2326 4481 :
2390 4434 2737 4496 Augutentuin
2769 4431 3016 4498 puritatis
3071 4439 3150 4500 est
3183 4430 3469 4500 sec-unitum

1901 4497 2153 4552 recessum
2182 4518 2212 4551 a
2250 4513 2557 4551 con'rario:
2594 4511 2638 4549 et
2672 4497 2797 4565 quia
2829 4502 2882 4550 in
2917 4501 3068 4550 beata
3114 4497 3322 4567 Virgine
3372 4499 3468 4566 fuit

1895 4573 2168 4637 depurutio
2203 4571 2266 4622 ab
2287 4571 2429 4621 omni
2453 4578 2680 4638 peccato,
2706 4571 2821 4620 ideo
2845 4572 3071 4635 peruenit
3109 4571 3175 4619 nd
3204 4583 3469 4638 summum

1895 4641 2175 4706 puritatis;
2214 4641 2306 4692 sub
2352 4637 2459 4690 Deo
2478 4649 2677 4699 tamen,
2713 4639 2768 4690 in
2793 4655 2895 4706 quo
2924 4653 3024 4689 non
3051 4648 3122 4688 est
3157 4637 3340 4706 alzqua
3371 4653 3470 4703 po-

1895 4711 2057 4761 tentia
2085 4710 2381 4770 de/iciendi,
2408 4724 2524 4776 quin
2548 4717 2623 4760 est
2652 4711 2704 4759 in
2737 4707 2962 4776 qualibet
2991 4722 3260 4766 creatura,
3292 4722 3466 4776 quiin-

1897 4790 2005 4828 tum
2034 4781 2088 4830 in
2109 4794 2162 4830 se
2187 4791 2281 4830 est.
2303 4779 2454 4843 Quod
2486 4777 2624 4829 idem
2653 4778 2730 4830 sic
2751 4775 2965 4829 deinde
2998 4776 3193 4842 repetit
3225 4777 3297 4843 (l.
3333 4775 3464 4829 dist.

1894 4848 1982 4906 4-4,
2015 4863 2070 4914 q.
2105 4849 2156 4909 l,
2193 4859 2297 4900 art.
2335 4850 2366 4899 5
2411 4848 2474 4899 ad
2513 4848 2566 4912 5)
2603 4862 2618 4898 :
2675 4851 2890 4898 t’uritas
2943 4847 3231 4897 intenditur
3257 4862 3346 4912 per
3379 4862 3463 4896 re-

1894 4933 2093 4968 cessum
2145 4934 2173 4968 a
2224 4917 2491 4968 contrario
2516 4932 2534 4969 :
2571 4924 2618 4968 et
2650 4917 2764 4968 ideo
2794 4925 2958 4983 potest
2991 4915 3190 4982 aliquid
3225 4925 3463 4966 (rentum

1894 4987 2142 5048 inueniri,
2172 5003 2272 5054 quo
2301 4985 2426 5039 nihil
2459 4988 2638 5053 purius
2662 5002 2768 5038 esse
2802 4989 2962 5054 possit
2991 4987 3045 5039 in
3078 4989 3224 5037 rebus
3247 4987 3460 5045 creatis,

1891 5059 1936 5109 si
1967 5057 2116 5108 nulla
2157 5059 2464 5124 contagione
2493 5057 2692 5122 peccati
2729 5057 3061 5122 inquinatum
3091 5057 3157 5107 sit
3186 5068 3202 5104 :
3256 5064 3302 5106 et
3341 5057 3464 5124 tutis

1893 5130 1990 5194 [uit
2025 5129 2230 5192 puritas
2260 5123 2424 5177 oeatte
2461 5124 2708 5194 Virginis,
2751 5142 2868 5195 qua:
2901 5143 2932 5178 α
2980 5133 3192 5195 peccato
3219 5123 3468 5195 originali

1895 5206 1944 5248 et
1992 5198 2192 5249 actuali
2245 5195 2493 5247 immunis
2546 5197 2665 5263 fuit.
2722 5194 2837 5247 Fuit
2891 5204 3066 5247 tamen
3109 5194 3203 5247 sub
3249 5194 3378 5253 Deo,
3412 5210 3464 5245 in

1893 5276 2146 5333 quantum
2175 5276 2289 5318 erat
2340 5266 2394 5316 in
2427 5283 2488 5317 ea
2542 5270 2776 5333 potentia
2828 5267 2896 5318 ad
2946 5263 3467 5334 peccandumiErgo

1894 5332 2166 5403 Siquidem
2225 5332 2592 5404 prolitendutn
2640 5343 2732 5398 sit,
2779 5334 2925 5404 quod
2947 5332 3464 5404 'exploratissimum

1895 5401 2085 5460 haberi
2117 5401 2300 5466 debet,
2353 5405 2594 5475 Deiparae
2645 5401 2968 5468 ﬁrmiorem,
3019 5401 3186 5473 quam
3234 5401 3469 5475 angelis,

1895 5475 1950 5527 iu
1997 5479 2142 5530 bono
2198 5473 2552 5529 stabilitatem
2582 5491 2610 5527 a
2641 5475 2755 5530 Deo
2805 5476 3095 5538 collatam;
3127 5489 3191 5528 ac
3220 5473 3464 5542 ‘proin'lo

1895 5547 2247 5600 remotiorem
2282 5546 2476 5613 ipsimi,
2514 5560 2680 5614 quam
2710 5547 2951 5615 angelos,
3002 5560 3031 5596 a
3085 5543 3463 5615 contrahenda

1895 5615 2015 5685 labe.
2047 5626 2315 5668 servatam
2357 5617 2564 5681 fuisse;
2602 5631 2669 5669 eo
2692 5614 2808 5685 ipso
2831 5616 3118 5675 habemus,
3141 5628 3239 5685 cur
3275 5614 3465 5685 purior

1893 5684 2028 5752 ipsis
2057 5687 2264 5753 angelis
2289 5687 2416 5753 jure
2447 5681 2725 5740 celebrari
2745 5687 2935 5754 possit.
2964 5686 3128 5752 Atqui
3166 5681 3464 5754 Incolumi-

1896 5751 2013 5806 rum
2050 5751 2155 5818 est,
2182 5751 2326 5824 quod
2365 5757 2606 5810 Isidorus
2629 5751 2933 5816 contendit,
2961 5751 3124 5823 atque
3149 5753 3214 5824 ad
3242 5751 3295 5804 id
3331 5769 3462 5805 cou-

1898 5822 2287 5879 licieiidum‘co
2316 5837 2488 5880 utitur
2511 5839 2857 5895 argumento,
2902 5822 3368 5877 immutabiliorem
3417 5832 3462 5872 et
