4258 6364
266 419 336 479 l9
1064 417 1321 477 SERMO
1363 416 1441 481 IN
1480 416 2206 482 PILESEN'I‘ATIUNEM
2248 424 2312 483 B.
2351 424 2414 483 Υ.
2447 423 2739 485 MARLE.

3469 429 3553 495 δε)

263 535 466 588 inerito
519 532 668 587 inter
722 530 947 587 nomina
976 543 1320 597 censeretur,
1354 547 1476 602 qua:
1525 532 1736 603 aptiora
1788 532 1855 587 ad
1897 531 2172 590 ineffabile
2240 537 2343 592 hoc
2392 538 2486 593 Dei
2522 538 2864 594 domicilium
2906 539 3305 611 designandum
3376 544 3547 604 videri

263 626 500 679 ili-bent.

339 720 394 770 ιο.
421 716 578 768 Δοκῶ
607 714 663 768 δέ
701 732 794 784 μοι
822 714 916 768 καὶ
946 713 1126 779 τοῦτο,
1161 714 1238 776 ὡς
1264 714 1324 766 οὗ
1356 714 1457 782 τῆς
1484 715 1609 785 ἴσης
1641 714 1707 767 ἂν
1742 716 1858 767 ὲνε-
1891 720 1937 777 Α

1891 720 1937 777 Α
2038 713 2105 767 Χ.
2151 712 2288 766 Illud
2344 712 2567 781 insuper
2627 727 2955 783 persuasum
3014 712 3221 778 habeo,
3270 728 3547 767 sumntum

257 814 482 876 ερορεῖτο
519 810 781 872 θεοπτίας
817 812 846 862 ὁ
885 809 1033 874 ἅπαξ
1065 809 1133 863 τὰ
1167 810 1339 864 ἄδυτα
1370 808 1557 861 εἰσιὼν
1597 810 1859 879 ἱεράρχης

257 903 471 963 ἐκεῖνα,
508 903 610 971 τῆς
639 919 700 954 τε
738 900 1138 971 παμόασιλίδος
1172 903 1283 963 τοῖς
1313 900 1541 962 οἰκείοις
1573 898 1860 968 παρούσης

259 995 591 1060 βασιλείοις,
626 996 721 1048 καὶ
760 996 847 1047 ὅτε
886 996 961 1063 μὴ
997 994 1143 1047 τοῦτ’
1179 993 1432 1061 ἐγίγνετο
1457 1009 1471 1024 ⁸
1507 992 1643 1048 ἀλλὰ
1678 991 1860 1060 πολλῷ

257 1088 577 1155 κρείττονος
637 1087 703 1139 δι’
765 1088 945 1139 ἐκεῖνο
1005 1085 1325 1156 μετειλήφει
1383 1084 1619 1153 θεωρίας
1675 1082 1708 1153 ἢ
1763 1082 1863 1150 τῆς

256 1179 564 1246 Δεσποίνης
592 1177 863 1247 ἀπούσης.
884 1176 1041 1230 Ἐπεὶ
1064 1178 1173 1246 γὰρ
1196 1176 1417 1230 πάντων
1438 1172 1745 1245 ἀνθρώπων
1766 1173 1863 1226 καὶ

258 1268 540 1338 ἱεραρχῶν
589 1267 649 1332 ἐξ
695 1269 947 1334 ἀνάγκης
988 1266 1360 1335 πλησιεστέρα
1402 1264 1545 1333 Θεῷ,
1587 1264 1698 1315 οὐδ’
1731 1264 1857 1315 ὅσον

255 1362 433 1411 εἰπεῖν
480 1360 713 1422 ἔνεστιν,
745 1362 778 1429 ἡ
826 1359 1121 1427 Παρθένος,
1165 1356 1452 1424 ἀναλόγως
1486 1357 1582 1409 καὶ
1636 1355 1856 1409 πάντων

253 1452 520 1505 ἐπέκεινα
576 1453 872 1522 θεαμάτων
924 1451 991 1507 ἂν
1041 1452 1264 1521 ὑψηλῶν
1317 1451 1615 1519 ἐτύγχανεν
1670 1449 1857 1516 εὐμοι-

257 1544 427 1610 ροίσα
456 1560 470 1574 ’
503 1544 563 1607 ὃς
593 1544 637 1596 δ’
666 1546 851 1616 ἐκείνῃ
886 1546 1075 1613 συνῆν,
1107 1543 1451 1612 τηλικούτων
1479 1538 1854 1609 ἀπολαΰούσῃ,

254 1634 490 1700 βεὶτίων
545 1636 612 1687 ἂν
662 1632 731 1705 ἦν
789 1636 987 1689 ἑαυτοῦ
1046 1638 1285 1697 πάντως,
1344 1633 1597 1703 καθάπερ
1665 1632 1858 1699 φώτων

254 1726 397 1793 ὑπὲρ
454 1728 720 1795 βασιλέως
766 1730 1148 1798 προκειμένων
1183 1726 1574 1796 φωτεινότερον
1615 1724 1665 1776 οἱ
1714 1738 1859 1791 παρ-

250 1817 403 1879 όντες
444 1818 671 1887 ὁρῶσιν.

1958 804 2323 867 sacerdotem,
2371 804 2465 872 qui
2512 804 2679 857 semel
2746 819 2844 873 per
2897 817 3101 855 annum
3160 803 3212 856 in
3261 819 3417 857 saera
3459 803 3550 857 illa

1960 895 2265 966 penetralia
2311 894 2505 963 pedem
2570 894 2865 957 inferebat,
2927 892 3072 947 haud
3113 894 3231 963 pari
3292 909 3549 948 mensura

1961 989 2044 1043 div
2060 988 2165 1042 mis
2184 987 2489 1041 visionibus
2511 987 2861 1041 consuevisse
2882 986 3012 1045 frui.
3034 985 3256 1055 quando
3272 986 3324 1039 in
3342 1002 3438 1040 sua
3458 986 3549 1039 illa

1958 1082 2104 1148 regia
2125 1095 2367 1149 praesens
2386 1078 2709 1132 versabatur
2729 1078 2974 1131 omnium
2998 1078 3227 1147 Regina.
3245 1094 3307 1131 ac
3327 1078 3550 1147 quando

1959 1172 2086 1226 inde
2103 1173 2217 1240 ipsa
2236 1172 2457 1235 aberat;
2482 1170 2575 1224 sed
2599 1171 2756 1239 longe
2775 1169 3001 1229 uberius
3018 1170 3238 1224 domina
3255 1178 3549 1240 prasente.

1955 1278 2120 1332 quam
2136 1263 2325 1316 eadem
2345 1263 2593 1325 absente,
2622 1260 2943 1315 caelestibus
2960 1261 3549 1315 revelationibusdita-

1958 1362 2070 1406 tum
2098 1353 2282 1406 fuisse.
2302 1354 2439 1405 Cum
2468 1352 2615 1405 enim
2638 1348 2801 1419 Virgo
2824 1365 2937 1419 prae
2959 1349 3217 1403 omnibus
3265 1350 3424 1418 plane
3448 1349 3549 1401 lio-

1955 1444 2215 1501 minibus.
2245 1459 2307 1497 ac
2340 1442 2570 1511 proinde
2592 1454 2703 1509 prae
2738 1440 2971 1493 summis
3002 1454 3224 1509 quoque
3249 1438 3547 1494 sacerdoti-

1953 1535 2357 1604 bus,quantum
2384 1551 2561 1606 neque
2587 1534 2773 1588 verbis
2803 1534 2985 1603 eloqei
3011 1532 3091 1586 fas
3108 1532 3458 1601 cst,propius
3477 1531 3543 1585 ad

1961 1628 2131 1682 Deum
2166 1630 2488 1686 accederet;
2517 1643 2625 1695 pre
2653 1627 2912 1679 omnibus
2942 1632 3348 1693 consequenter
3376 1624 3543 1676 etiam

1958 1721 2289 1775 sublimibus
2339 1720 2645 1774 visionibus
2692 1719 2975 1771 fruebatur
3010 1717 3141 1784 (58).
3185 1715 3359 1769 Porro
3396 1715 3548 1783 quis-

1963 1811 2090 1879 quis
2116 1809 2389 1877 ejusnzodi
2445 1810 2755 1863 visionibus
2808 1806 3012 1860 lruenti
3051 1820 3291 1875 praesens
3332 1803 3544 1866 aderat,

254 1926 487 1975 prorsus
540 1928 600 1966 se
648 1914 768 1982 ipso
810 1912 990 1981 aptior
1027 1912 1268 1967 evadere
1298 1912 1513 1975 debuit,
1554 1925 1663 1965 non
1699 1921 1861 1962 secus
1902 1916 1966 1956 ac
2005 1903 2225 1973 quando
2296 1904 2587 1957 luminaria
2630 1920 2727 1973 pro
2768 1918 2894 1971 rege
2958 1898 3355 1961 accenduntur,
3387 1908 3548 1965 quot-

253 2013 392 2071 quot
437 2012 744 2071 praasentes
775 2006 999 2067 adsunt,
1030 2004 1235 2057 clarius
1266 2002 1478 2057 vident.

330 2094 438 2146 ΙΝ.
479 2095 623 2146 Ἀλλ’
650 2096 921 2163 ὑμνητέον
947 2098 1143 2165 μικρὸν
1172 2096 1381 2148 ἄνωθεν
1411 2095 1478 2147 τὰ
1508 2096 1636 2163 περὶ
1662 2093 1851 2161 αὐτὴν,
1893 2094 1931 2145 Β

1893 2094 1931 2145 Β
2029 2082 2120 2136 Xl.
2167 2081 2370 2133 Verum
2424 2076 2662 2147 pretium
2719 2089 2901 2147 operae
2964 2072 3131 2128 fuerit
3167 2087 3252 2133 ea,
3306 2088 3427 2141 qum
3475 2072 3544 2125 ad

253 2190 321 2237 ἴθ’
350 2188 462 2239 ἀπὸ
487 2188 586 2256 τῆς
623 2188 777 2252 θείας
811 2190 980 2256 αὐτῆς
1016 2190 1074 2241 ὲν
1107 2188 1209 2259 βίῳ
1237 2189 1467 2257 προόδου
1513 2188 1592 2249 εἰς
1640 2185 1740 2254 τὴν
1772 2186 1853 2246 εἰς

253 2284 322 2331 τὰ
348 2282 515 2346 Ἅγια
569 2282 677 2333 τῶν
709 2282 880 2348 ἁγίων
915 2280 1121 2333 εἴσοδον
1169 2279 1482 2343 ἀκολούθως
1515 2280 1543 2331 ὁ
1572 2277 1725 2345 λόγος
1755 2275 1853 2345 τὴν

258 2372 551 2440 Πὲναγνον
590 2373 755 2446 φέρῃ.

335 2630 602 2683 Γεννᾶται
633 2631 813 2685 τοίνυν
845 2632 904 2686 τὸ
930 2633 1333 2701 θεαυγέστατον
1359 2634 1519 2686 τοῦτο
1550 2635 1765 2699 κάλλος,
1791 2634 1853 2688 τὸ

254 2721 699 2775 θ-οπτικώτατι;ν
741 2724 1030 2794 ἔσοπτρον,
1080 2726 1140 2778 τὸ
1194 2722 1598 2779 θεοειδέστατον
1642 2733 1849 2780 κάτοπ-

252 2830 386 2877 τρον
414 2851 430 2873 ,
461 2812 493 2877 ἡ
522 2811 841 2881 θεολαμπὴς
884 2814 1068 2882 αἴγλη,
1105 2816 1137 2882 ἡ
1172 2816 1473 2884 θεοτερπὴς
1504 2814 1809 2884 λαμπηδὼν
1832 2855 1848 2878 ,

253 2905 285 2968 ἡ
327 2902 641 2972 θεοπρεπὴς
680 2904 905 2971 ἁγλαῖα,
943 2906 974 2971 ἠ
1011 2904 1312 2974 θεόνυμφος
1346 2907 1438 2957 καὶ
1470 2906 1691 2967 θεόπαις
1726 2909 1847 2959 Μα-

256 2994 371 3055 ρῗα,
407 2996 471 3045 ἐκ
500 2995 720 3063 στείρας
756 2996 857 3063 μὲν
893 2996 990 3048 καὶ
1020 2998 1215 3064 ἁγόνου
1250 2998 1507 3066 γαστρδς,
1548 2999 1849 3050 nolet/mou

252 3087 310 3135 δὲ
369 3086 555 3153 φυχῆς
622 3090 852 3156 καρπῶν
900 3088 1231 3157 θεαρέστων,
1283 3090 1378 3142 καὶ
1428 3091 1572 3157 μάλα
1621 3091 1848 3159 γονίμου

254 3178 622 3244 γεννημάτων
673 3178 894 3245 ἐνθέων,
945 3180 1041 3232 καὶ
1082 3175 1162 3242 οἷς
1210 3181 1452 3250 ἐντρυφᾷ
1495 3181 1625 3243 Θεὸς
1671 3198 1850 3233 τικτο-

262 3284 476 3335 ξείνοις.

1959 2175 2133 2243 ipsam
2170 2170 2504 2237 (Deiparam)
2546 2176 2821 2236 spectant,
2864 2165 3028 2235 paulo
3059 2162 3226 2217 altius
3260 2173 3544 2233 repetere;

1957 2264 2096 2318 adeo
2122 2272 2202 2325 ut,
2239 2261 2455 2313 initium
2510 2259 2719 2312 ducens
2772 2273 2799 2310 a
2836 2257 3015 2327 primo
3077 2255 3546 2310 innocentissinue

1958 2355 2106 2409 illius
2139 2353 2192 2405 in
2249 2352 2391 2405 hanc
2440 2350 2607 2403 vitam
2665 2350 2915 2417 ingressu
2971 2348 3182 2412 divino,
3240 2362 3421 2401 sermo
3476 2361 3545 2401 ex

1955 2445 2149 2499 ordine
2181 2458 2302 2498 eam
2333 2442 2397 2495 azl
2435 2439 2724 2494 introitum
2771 2439 2825 2494 in
2859 2438 3057 2494 Sancta
3090 2447 3408 2493 sanctorum
3440 2440 3540 2495 de-

1955 2537 2144 2592 ducat.

2025 2630 2335 2685 Generatur
2389 2629 2576 2699 itaque
2619 2624 2976 2695 pulchritudo
3035 2626 3149 2681 lure
3197 2626 3542 2681 divinissime

1954 2719 2251 2788 splendens
2277 2720 2412 2787 (59).
2444 2717 2861 2787 evpressissima
2896 2717 2989 2770 Dei
3026 2717 3225 2787 imago,
3254 2719 3540 2787 speculum

1954 2810 2047 2864 Dei
2089 2810 2328 2878 speciem
2353 2809 2420 2863 ad
2454 2810 2637 2861 vivum
2674 2808 2951 2871 referens,
2984 2808 3245 2877 splendor
3275 2808 3549 2863 divinitus

1952 2901 2217 2963 emicans,
2262 2900 2428 2969 juhar
2476 2898 2585 2951 Deo
2632 2898 3033 2967 gratissimum,
3077 2908 3337 2953 venustas
3367 2900 3544 2953 Deum

1953 2992 2287 3053 conducens,
2327 2993 2419 3044 Dei
2443 3008 2662 3059 .-,,..msa,
2693 3001 2746 3044 et
2778 2990 2873 3044 Dei
2911 2991 3014 3043 filia
3036 2991 3241 3055 Maria;
3273 3008 3341 3046 ex
3364 3004 3537 3046 matre

1954 3083 2130 3135 sterili
2176 3082 2399 3150 quidem
2440 3092 2596 3135 utero
2652 3091 2707 3135 et
2748 3082 3082 3147 infmcunda,
3134 3098 3324 3136 ver-um
3356 3084 3538 3151 quoad

1951 3175 2188 3227 animam
2215 3174 2490 3227 fructuum
2518 3175 2631 3227 Deo
2662 3174 3000 3244 placentium
3021 3174 3455 3230 fmcundissima.
3481 3186 3539 3228 et

1950 3268 2258 3335 germinum
2317 3267 2653 3331 divinorum,
2715 3281 2953 3336 quorum
3018 3275 3178 3337 partu
3240 3266 3536 3321 deiiciatur

1950 3356 2119 3418 Deus,
2156 3354 2520 3410 feracissima.

327 3446 429 3499 IB'.
470 3446 617 3499 Ἔδει
653 3447 763 3518 γὰρ
803 3449 1113 3518 ἡγήσασθαι
1143 3450 1301 3503 τοῦτο
1343 3449 1642 3510 κάνταῦθα,
1674 3450 1747 3514 ὡς
1779 3451 1845 3503 ἃν
1875 3439 1918 3495 C-

1875 3439 1918 3495 C-
2021 3448 2139 3502 ΧΠ.
2182 3449 2360 3502 Etiam
2398 3449 2488 3503 hic
2508 3464 2696 3518 porro,
2737 3464 2855 3503 eam
2886 3448 3091 3504 servari
3125 3448 3354 3503 decebat
3383 3463 3532 3503 (ero-

252 3539 360 3589 ἀπδ
396 3540 599 3607 μικροῦ
630 3540 927 3608 θαύματος,
956 3542 1055 3611 τὴν
1082 3542 1402 3594 παιδοτόκον
1436 3543 1577 3611 φημὶ
1601 3545 1840 3612 στείραν,

252 3631 315 3679 τύ
354 3630 501 3696 μέγα
528 3629 625 3681 καὶ
652 3631 1111 3699 παραδοξότατον,
1153 3635 1181 3685 ὁ
1212 3632 1309 3701 τῆς
1344 3632 1624 3701 Παρθένου
1664 3652 1843 3686 καινο-

248 3718 520 3787 τνιμηθείη
576 3722 754 3783 τόκος,
804 3722 889 3774 ἵνα
931 3724 1025 3774 καὶ
1067 3725 1195 3785 παῖς
1249 3724 1391 3776 κατὰ
1454 3724 1657 3792 μητρὸς
1702 3725 1845 3777 οὕτω

252 3810 542 3878 ὶ...μπρᾶς,
584 3813 727 3864 οὕτω
763 3813 1209 3883 θαυματουργοῦ,
1241 3815 1382 3884 φέρῃ
1414 3816 1481 3867 τὰ
1514 3817 1841 3885 νικητήρια’

255 3902 429 3951 Ἀννα
460 3902 589 3971 γὰρ,
619 3903 651 3971 ἡ
678 3904 814 3971 μετὰ
846 3903 1020 3972 βραχὺ
1043 3903 1398 3966 καλλίπαιδος
1425 3904 1609 3974 μήτηρ
1634 3906 1840 3973 ἐκείνη,

256 3992 351 4039 καὶ
402 3990 664 4061 Ἱωακεὶμ
695 3994 723 4043 ὁ
753 3993 1080 4060 θαυμάσιος,
1116 3993 1175 4043 τὸ
1205 3991 1489 4045 θεόλεκτον
1519 3995 1612 4044 καὶ
1638 3993 1844 4045 δικαιό-

250 4093 421 4131 τατον
465 4078 682 4148 ζεῦγος,
727 4080 896 4133 τᾶλλα
949 4081 1047 4149 μὲν
1098 4081 1317 4138 πάντων
1362 4084 1442 4145 εἰς
1489 4084 1837 4154 εὐδαιμονῖαν

1954 3540 2216 3604 nomiam,
2246 3549 2307 3593 ut
2333 3556 2363 3594 e
2386 3541 2585 3594 minori
2611 3541 2898 3605 miraculo,
2930 3540 3134 3595 sterilis
3159 3539 3414 3593 videlicet
3442 3556 3535 3608 pa-

1950 3630 2180 3693 rientis,
2248 3646 2506 3699 magnum
2568 3632 2700 3684 illud
2772 3640 2937 3699 atque
3006 3644 3231 3684 sensum
3312 3644 3533 3682 omnem

1948 3723 2347 3776 transcenderis
2372 3723 2691 3792 generantis
2719 3722 2963 3791 Virginis
2996 3736 3196 3777 novum
3225 3720 3532 3790 prodigium

1946 3813 2284 3876 initiaretur,
2316 3830 2426 3883 quo
2466 3830 2664 3883 nempe
2716 3824 2948 3869 matrem
2978 3827 3200 3883 quoque
3240 3822 3349 3866 tam
3397 3813 3534 3866 insi—

1945 3920 2129 3974 gnem,
2194 3914 2414 3974 tamque
2469 3906 2673 3959 claram
2725 3906 3006 3960 miraculis
3055 3904 3163 3957 filia
3219 3912 3528 3974 superaret.

1945 3993 2034 4047 Illa
2088 3996 2360 4063 siquidem
2398 3997 2582 4061 Anna,
2614 4012 2737 4065 quae
2791 3996 2996 4050 deinde
3053 3996 3315 4066 speciosa
3366 3995 3530 4065 hujus

1948 4085 2145 4154 puclla:
2186 4096 2362 4141 mater
2407 4089 2606 4155 evasit,
2664 4096 2719 4143 et
2769 4088 3127 4143 admirandus
3190 4087 3526 4151 Joachimus,

1521 4266 1659 4325 Ant.
1710 4264 2003 4327 Ballerini
2051 4272 2237 4327 nota}.

326 4425 443 4493 (ὗε)
488 4422 735 4478 Levioris
787 4426 1049 4479 momenti
1100 4425 1272 4478 videri
1335 4436 1654 4494 potuerunt,
1712 4444 1834 4494 qua:

250 4506 448 4547 auctor
490 4494 652 4546 habet
680 4497 746 4547 de
780 4506 965 4547 sancta
1004 4497 1245 4563 \irgine,
1282 4498 1493 4549 crebris
1525 4494 1832 4550 visionibus

249 4565 592 4623 coelestibus,
620 4564 931 4631 divinisque
962 4551 1388 4617 revelationibus
1414 4566 1745 4629 perfruente.
1764 4570 1833 4621 At
1865 4551 1909 4609 θ

252 4651 362 4685 non
416 4634 552 4684 levis
589 4635 837 4701 profecto
887 4636 1144 4687 momenti
1180 4645 1262 4687 est
1304 4635 1573 4697 doctrina,
1604 4637 1688 4689 cui
1739 4638 1830 4692 illa

250 4705 662 4771 qumlannnodo
717 4712 1200 4770 superstruuntur.
1242 4720 1517 4771 quamque
1558 4722 1585 4757 a
1626 4709 1830 4759 sanctis

252 4776 513 4828 Eeelesim
536 4773 790 4825 Patribus
810 4788 903 4824 seu
930 4774 1289 4840 przestitutam
1319 4790 1413 4826 seu
1444 4786 1827 4842 praesumptam

254 4844 505 4911 reperire
553 4852 657 4903 est,
692 4843 785 4895 ubi
826 4842 893 4913 de
943 4846 1197 4909 quapiam
1236 4846 1588 4910 praerogativa
1624 4845 1826 4913 Virgini

253 4910 590 4965 vindicanda
617 4914 815 4979 agitur.
864 4910 1121 4977 Quanam
1152 4928 1281 4965 vero
1322 4928 1384 4965 ea
1424 4923 1507 4966 est
1538 4910 1830 4966 doctrina?

253 4983 530 5035 Nimirum
582 4985 790 5035 nullum
842 4984 1068 5035 cwlesle
1112 4983 1338 5044 donum,
1377 4984 1587 5036 nullum
1643 4984 1830 5052 gratiae

251 5068 459 5105 munus
491 5064 597 5107 tam
638 5054 955 5121 pneclarum
990 5063 1209 5120 tamque
1238 5054 1497 5107 eximium
1531 5054 1827 5119 excogitari

254 5140 441 5192 posse,
478 5124 623 5190 quod
674 5122 1108 5175 eminentissima
1142 5122 1376 5191 quadam
1417 5127 1625 5177 ratione
1651 5122 1829 5176 Mariae

252 5195 517 5246 collatum
557 5192 855 5246 existimari
907 5209 1013 5245 non
1057 5194 1271 5245 debeat.
1304 5192 1435 5258 Quae
1472 5194 1694 5261 quidem
1729 5195 1827 5244 do-

254 5265 433 5317 etrina
480 5278 643 5328 quam
696 5265 799 5316 late
832 5271 1031 5329 pateat,
1079 5263 1347 5329 quibusve
1377 5264 1715 5330 argumentis
1762 5278 1828 5315 ex

256 5334 389 5396 ipsis
431 5333 553 5384 fidei
602 5343 801 5385 nostrae
857 5333 1142 5400 principiis
1186 5349 1282 5399 per
1326 5333 1512 5386 Patres
1557 5334 1824 5395 lirmetur,

255 5406 640 5454 eonnnentarii
688 5403 870 5470 potius
916 5418 1078 5468 quam
1113 5405 1311 5456 uetula:
1341 5404 1507 5456 fuerit
1535 5405 1824 5458 disserere.

256 5471 392 5524 lilud
431 5472 649 5542 interim
682 5472 1019 5539 perpendere
1053 5489 1119 5526 ne
1147 5483 1457 5541 printer-eas,
1488 5484 1827 5542 quantopere

254 5542 375 5612 ii_et
409 5540 757 5609 decipiantur
803 5554 858 5594 et
898 5544 1194 5612 decipiant,
1231 5543 1324 5610 qui
1371 5540 1592 5597 cum—de
1626 5552 1826 5596 sancit!)

257 5609 503 5683 Virginis
559 5613 966 5683 prliilCﬂlShaC
1014 5609 1297 5681 speciatim
1346 5615 1413 5666 de
1461 5615 1705 5683 ejusdem
1758 5616 1826 5667 ab

252 5682 510 5755 originali
562 5682 694 5735 vitio
743 5683 1085 5755 immunitate
1132 5700 1314 5737 sermo
1363 5696 1467 5745 est.
1495 5682 1825 5755 argumenta

254 5752 527 5821 theologis
562 5762 781 5815 llSllalﬂ,
816 5762 871 5806 et
905 5769 933 5805 a
974 5753 1223 5807 decentia
1272 5771 1366 5807 seu
1420 5752 1823 5816 conuenientia,

255 5832 313 5873 ut
368 5823 546 5886 aiunt,
584 5822 765 5884 ducta,
817 5825 968 5892 parvi
1018 5825 1153 5879 adeo
1185 5825 1425 5894 pendi-re
1453 5827 1729 5889 videntur,
1769 5835 1827 5882 ut

1942 4437 2154 4501 tantum
2182 4444 2290 4501 non
2320 4429 2384 4483 ad
2413 4430 2741 4499 quisquilias
2769 4429 3039 4499 rejiciant.
3075 4429 3239 4485 Suam
3276 4433 3518 4501 ipsorum

1941 4500 2152 4552 scilicet
2182 4500 2450 4553 inscitiam
2495 4501 2803 4553 luculenter
2832 4500 3094 4568 produnt.
3133 4518 3257 4554 eum
3297 4500 3518 4557 subtili-

1940 4570 2142 4622 tatibus
2158 4569 2499 4622 scholasticis
2522 4570 2653 4622 illud
2676 4572 2981 4637 argumenti
3006 4586 3176 4638 genus
3198 4585 3513 4635 accensent,

1934 4639 2079 4704 quod
2116 4639 2259 4705 apud
2293 4646 2514 4692 sanctos
2559 4639 2815 4692 Ecclesize
2848 4638 3036 4692 Patres
3070 4643 3512 4709 receptissimum

1934 4708 2101 4760 luisse
2134 4709 2409 4780 ignorant,
2441 4720 2535 4761 aut
2564 4708 2933 4780 dissimulant.
2980 4710 3138 4779 Quod
3186 4708 3231 4762 si
3263 4713 3511 4780 ejusdem

1931 4778 2247 4850 argumenti
2288 4780 2505 4850 vim_ac
2562 4778 2729 4850 robur
2770 4782 2857 4831 vix
2897 4789 2991 4832 aut
3035 4796 3104 4833 ne
3151 4780 3241 4834 vix
3287 4778 3511 4850 quidem

1933 4860 2124 4899 revera
2154 4847 2252 4912 ipsi
2280 4848 2545 4907 sentiunt.
2592 4848 2729 4903 nihil
2767 4862 2897 4901 sane
2927 4865 3121 4917 aequus
3151 4847 3336 4903 rerum
3364 4853 3514 4904 aesti-

1933 4926 2107 4968 mator
2136 4917 2411 4983 ambiget,
2468 4917 2518 4969 id
2558 4934 2665 4969 non
2723 4918 2798 4969 rei
2860 4918 2961 4985 ipsi
3014 4919 3268 4975 Patrihus
3331 4922 3513 4977 minus

1933 4997 2235 5053 perspecta:
2270 4987 2637 5049 deputandum
2663 5002 2805 5044 esse.
2838 4988 2932 5039 sed
2966 4989 3150 5041 verius
3180 4989 3514 5045 helietiisto-

1934 5068 2053 5107 rmn
2087 5058 2275 5117 menti,
2302 5057 2417 5125 qui,
2454 5056 2583 5123 quid
2613 5056 2717 5110 sibi
2751 5058 2844 5108 Dei
2871 5058 3112 5111 Cenitria:
3128 5061 3278 5123 velit,
3304 5060 3509 5126 quidve

1934 5126 2219 5179 tremenda
2243 5126 2354 5179 hxc
2383 5126 2616 5194 dgnitas
2648 5126 2844 5179 merito
2870 5128 3127 5193 postulet,
3148 5143 3215 5181 ne
3246 5131 3505 5185 remotis-

1931 5195 2067 5315 :ime
2097 5196 2320 5262 quidem
2356 5196 2686 5263 suspicando
2732 5211 2890 5265 pares
2923 5197 3285 5252 se-exstitisse
3325 5201 3505 5267 palam

1954 5276 2158 5315 acuunt.

1954 5276 2158 5317 8Cllllll.

2002 5336 2113 5403 (59)
2143 5334 2371 5401 Inspice,
2399 5335 2576 5401 qualis
2605 5352 2632 5388 a
2658 5336 2774 5389 suis
2798 5334 2970 5404 ipsius
2998 5335 3317 5403 primordiis
3335 5337 3503 5391 Maria

1931 5405 2105 5461 oculis
2148 5405 2349 5457 nostris
2392 5406 2734 5459 exhibeatur.
2771 5406 2855 5459 An
2884 5421 3015 5458 vero
3048 5406 3243 5460 animae
3272 5424 3336 5459 ex
3388 5423 3502 5473 pri-

1932 5474 2115 5527 mitiva
2147 5476 2263 5527 labe
2290 5474 2519 5527 deformi
2546 5491 2845 5527 consonum
2876 5474 3059 5537 fuerit,
3096 5484 3154 5528 ut
3178 5475 3361 5528 divina
3404 5492 3503 5543 ap-

1932 5546 2166 5613 pelletur
2216 5545 2621 5611 pulchritudo?
2668 5560 2733 5597 an
2786 5544 2915 5605 Adae
2952 5544 3152 5599 terreni
3206 5545 3498 5613 imaginem

1930 5616 2139 5683 gerenti
2167 5616 2437 5681 congruit,
2472 5616 2954 5683 utexpressissima
2990 5613 3082 5665 Dei
3113 5614 3329 5668 dicatur
3361 5616 3497 5665 ima-

1931 5701 1997 5755 go
2034 5685 2055 5737 ?
2091 5702 2159 5738 an
2208 5687 2450 5740 tenebris
2509 5687 2709 5755 peccati
2772 5683 3065 5755 obvolutae,
3120 5694 3191 5755 ut
3239 5683 3500 5754 splendor

1935 5753 2201 5809 [iubeatur
2256 5753 2524 5811 diuinitus
2582 5754 2870 5809 emicans?
2913 5769 2979 5806 an
3032 5753 3143 5807 Deo
3183 5754 3388 5814 invisat.
3441 5760 3501 5807 ut

1932 5827 2091 5896 jubar
2132 5827 2238 5880 Deo
2274 5828 2638 5895 gratissimum
2668 5836 2724 5882 et
2754 5825 2847 5881 Dei
2879 5824 2986 5879 lilia
3016 5825 3327 5880 nominetur
3355 5826 3377 5879 ‘3
