4258 6364
705 402 767 466 51
1806 413 2101 473 ISIDORI
2140 414 2883 479 THESSALONICENSIS
3895 421 3968 483 52

708 537 805 589 par
838 518 1107 573 divinitus
1154 522 1389 575 electum
1424 536 1487 576 ac
1538 521 1924 592 iustissimum,
1956 526 2061 580 etsi
2102 526 2282 595 quoad
2319 536 2362 591 Α

2319 536 2362 591 Α
2392 530 2660 598 ἐκράτουν
2682 546 2693 559 ·
2720 530 2856 599 πρὸς
2881 531 2936 585 δέ
2956 548 3017 599 γε
3046 531 3386 586 παιδοποιίαν
3411 533 3658 603 πενήτων
3681 533 3974 603 ἠλέγχοντο

703 622 900 665 czetera
952 626 1144 665 omnes
1194 612 1453 667 felicitate
1509 613 1818 679 vincerent,
1855 616 2033 685 quoad
2076 617 2285 672 liberos

711 713 892 755 tamen
928 702 1231 771 gignendos
1284 703 1571 773 quibusvis
1603 704 1793 774 egenis
1824 706 2161 763 infeliciores
2185 724 2286 762 no-

711 797 990 849 labantur.
1028 796 1169 851 lliuc
1215 812 1343 851 vero
1370 798 1728 868 quotidianus
1758 813 1826 852 ex
1853 800 2129 869 justorum
2162 800 2286 855 illo-

709 904 827 939 rum
858 887 1037 941 oculis
1070 888 1433 959 lacrymarum
1465 888 1643 943 imber
1669 888 1965 953 deﬂuebat,
1994 890 2122 946 hinc
2146 891 2288 946 assi-

704 980 827 1030 dua:
857 981 1225 1047 erumpebant
1260 980 1570 1047 purissima:
1597 995 1815 1045 preces,
1850 978 1979 1033 hinc
2024 979 2115 1033 illa
2146 994 2289 1048 quo-

705 1088 838 1139 quc.
873 1073 1055 1140 qualis
1110 1087 1140 1126 a
1194 1072 1305 1126 Deo
1356 1087 1641 1141 nunquam
1711 1071 2038 1140 despicitur,
2089 1070 2187 1125 sed
2233 1072 2290 1126 in

2393 619 2840 692 δυστυχέστεροιο
2876 622 3029 676 ἐνθεν
3059 641 3142 676 τοι
3180 625 3276 678 καὶ
3313 625 3565 695 ῥεύματα
3602 624 3701 695 μὲν
3739 624 3974 694 ἀπέρρει

2392 710 2648 781 δακρύων
2677 714 2950 785 ὁσημέραι
2979 716 3088 768 τῶν
3120 717 3344 771 δικαίων
3373 717 3672 787 ὀφθαλμῶν
3712 716 3939 769 ἐκείνων
3958 756 3973 779 ,

2391 802 2559 873 συχνὴ
2583 803 2628 856 δ’
2654 804 3004 876 ἀνεπέμπετο
3042 807 3227 877 δέησις
3266 808 3547 872 θολῶσεως
3578 809 3833 879 ἄμικτος,
3878 808 3971 858 καὶ

2390 892 2511 944 οἵαν
2541 892 2664 947 οὔτε
2695 897 2829 959 Θεὸς
2858 900 3080 970 παρορᾷ
3100 939 3115 963 ,
3148 900 3243 954 καὶ
3267 899 3342 961 ὡς
3375 899 3554 971 ὀσμὴν
3588 880 3814 961 εὖωδίάς
3846 898 3952 967 δρᾷ

2391 985 2694 1054 ἐπαγγελία
2730 990 3062 1060 συμὸολαίου
3098 992 3300 1054 παντὸς
3331 992 3651 1063 πιστοτέρα,
3682 991 3745 1043 τὸ
3772 988 3976 1059 τεχθη-

2394 1077 2623 1145 σόμενον
2650 1080 2968 1135 ἀντιδώσειν
2995 1081 3071 1152 τῷ
3096 1082 3376 1137 δεδωκότι.

704 1165 932 1218 odorem
963 1163 1247 1218 suavitatis
1279 1163 1625 1228 admittitur,
1664 1162 1983 1234 promissio,
2037 1178 2372 1233 quocunque
2450 1169 2560 1225 alio
2616 1181 2775 1242 pacto
2810 1172 3047 1240 firmior,
3078 1175 3310 1245 prolem,
3378 1175 3423 1231 si
3457 1190 3577 1246 quze
3634 1181 3975 1230 nasceretur.

705 1275 764 1312 se
800 1256 1025 1309 donanti
1055 1255 1260 1309 donum
1293 1256 1643 1324 redditurosd‘

774 1350 917 1405 XIII.
959 1350 1003 1405 Ο
1036 1364 1164 1404 vere
1211 1351 1389 1419 justas
1434 1363 1645 1416 preces,
1699 1362 1821 1417 qua:
1852 1347 2144 1403 velocitate
2190 1363 2290 1404 sua

708 1455 928 1494 omnem
988 1455 1293 1509 pennarum
1337 1438 1578 1491 volatum
1629 1448 1958 1507 superantes
1999 1447 2292 1508 penetrant

706 1534 899 1588 melos.
933 1534 999 1586 ad
1035 1533 1205 1586 Deum
1231 1531 1580 1585 conlidentcr
1615 1531 1911 1594 accedunt,
1959 1537 2015 1584 et
2046 1529 2115 1583 ab
2149 1531 2291 1599 ipso,

707 1641 830 1691 qua:
868 1623 1166 1692 postulant,
1193 1638 1317 1676 cum
1359 1622 1560 1690 gaudio
1592 1622 1905 1691 reportant!
1937 1619 1981 1676 Ο
2004 1621 2171 1675 corda
2198 1621 2292 1674 illa

712 1716 966 1782 puritatis
1012 1716 1194 1785 plena,
1227 1730 1349 1783 qua:
1400 1722 1690 1783 propterea
1750 1711 1919 1767 Deum
1971 1711 2186 1775 vident,
2236 1720 2292 1765 et

2472 1350 2572 1404 II".
2638 1350 2777 1404 Ἀλλ’
2808 1350 2853 1403 ῶ
2898 1347 3117 1418 δικαίας
3159 1356 3345 1427 εὐχῆς,
3391 1355 3593 1427 πτερὸν
3643 1356 3791 1410 ἇπαν
3822 1355 3980 1425 ἐλεγ-

2399 1441 2605 1512 χούσης
2655 1440 2732 1512 τῷ
2788 1445 2965 1513 τάχει,
3022 1445 3165 1516 ὑπὲρ
3216 1448 3483 1519 οὐρανοὺς
3530 1446 3806 1519 ἀνιούσης,
3859 1447 3981 1517 Θεῷ

2401 1532 2733 1604 προσιούσης
2768 1534 3113 1607 θαρρούντως
3136 1579 3150 1599 ,
3187 1539 3282 1592 καὶ
3322 1538 3455 1609 παρ’
3482 1539 3649 1592 αὑτοῦ
3686 1540 3982 1610 προσδεχο-

2410 1625 2582 1694 μένης
2612 1626 2816 1694 ἡδέωςί
2854 1630 2919 1681 Ὤ
2945 1629 3185 1698 καρδιῶν
3219 1631 3469 1693 ἐκείνων,
3500 1630 3717 1701 μεστῶν
3746 1630 3986 1700 καθαρό-

2406 1733 2592 1785 τητος,
2660 1718 2756 1769 καὶ
2792 1718 2881 1772 διὰ
2937 1718 3095 1772 τοῦτο
3144 1720 3275 1774 Θεὸν
3337 1722 3745 1792 ὀπτριξομένων
3795 1722 3984 1775 κάκεῖ-

712 1809 839 1865 inde
861 1810 1077 1864 feticem
1113 1807 1424 1863 ardentium
1445 1814 1698 1859 votorum
1730 1805 1937 1860 exitum
1962 1804 2282 1858 inveniunt!
2321 1820 2360 1872 Β
2390 1820 2393 1851 ι

2321 1820 2360 1872 Β
2390 1811 2481 1864 θεν
2537 1811 2964 1879 ἀντιδεχομένων
3031 1812 3134 1883 τὴν
3208 1814 3318 1867 τῶν
3377 1813 3597 1882 θερμῶν
3664 1813 3982 1882 ἑξαλμάτων

709 1904 754 1956 Ο
790 1920 925 1971 pura
962 1902 1103 1956 labia
1134 1910 1358 1970 propter
1387 1900 1559 1953 Deum
1597 1907 1768 1959 mota.
1807 1913 1869 1951 ac
1898 1897 2065 1951 veluti
2091 1896 2157 1950 ad
2190 1896 2296 1950 hoc

710 1996 958 2058 mndita,
990 2004 1049 2047 ut
1078 1993 1407 2063 prtrlinitum
1451 1992 1776 2061 mysterium
1827 1988 1893 2041 ad
1927 2002 2120 2042 eorum
2157 1986 2298 2055 peti-

713 2090 919 2141 tionem
954 2087 1315 2157 implereturl
1372 2083 1415 2139 Ο
1453 2086 1668 2138 animas
1718 2083 1837 2136 sine
1898 2081 2129 2143 macula,
2162 2094 2297 2144 quas

714 2194 859 2234 veus
904 2179 1319 2249 acccptissimas
1373 2176 1589 2241 habuit,
1635 2174 1774 2229 adeo
1800 2175 1942 2229 utin
1978 2188 2169 2228 eorum
2200 2186 2297 2227 co-

709 2273 970 2341 gnatione
997 2271 1212 2326 censeri
1248 2268 1519 2322 voluerit!

781 2363 1244 2433 Splendidissima
1279 2361 1389 2415 voti
1427 2367 1714 2429 compotes
1765 2357 1926 2420 llunt,
1962 2370 2028 2410 ac
2067 2353 2300 2424 gignunt

712 2456 976 2516 fructum,
1014 2452 1485 2508 mirabilissimum
1518 2452 1671 2505 illum
1703 2466 1857 2512 sane,
1900 2448 1994 2517 qui
2043 2445 2289 2517 pulchri-

714 2548 847 2600 tudo
881 2555 937 2600 et
966 2546 1135 2599 det-or
1164 2546 1333 2598 totius
1360 2543 1515 2596 orbis
1557 2549 1828 2595 terrarum
1856 2537 1995 2609 (60),
2021 2546 2079 2591 et
2104 2535 2302 2606 mysti-

712 2654 839 2693 cum
868 2637 1194 2691 alimentum
1241 2635 1400 2689 melle
1435 2648 1603 2702 supra
1653 2646 1817 2702 quam
1865 2629 2095 2699 intelligi
2129 2625 2302 2696 possit

714 2731 955 2791 dulcius.
1007 2727 1384 2797 spectaculum
1434 2742 1544 2796 pra:
1578 2726 1778 2794 quavis
1808 2723 2005 2777 arbore
2039 2720 2301 2774 umbrosa

718 2838 996 2885 recreans,
1039 2832 1204 2891 atque
1250 2835 1468 2873 omnem
1533 2815 2169 2873 suaveolentissitnorutn
2205 2812 2303 2864 flo-

720 2933 840 2969 rum
875 2915 1106 2986 gratiam
1140 2927 1500 2981 exsuperans,
1534 2909 1815 2981 apparuit.

791 3009 855 3063 Et
883 3022 1015 3063 sane
1039 3006 1289 3066 decebat,
1318 3014 1377 3057 ut
1402 3004 1476 3057 illi
1502 3004 1596 3072 qui
1630 3011 1776 3056 tanta
1807 3000 1976 3055 anitui
2012 2997 2305 3053 nobilitate

720 3099 1075 3169 prmstabant,
1104 3097 1197 3167 qui
1246 3096 1313 3150 ad
1369 3105 1576 3149 tantam
1620 3095 1854 3165 justiti:e
1908 3090 2295 3147 celsitudinem

722 3190 966 3261 provecti
1007 3190 1247 3250 fuerant,
1299 3188 1394 3257 qui
1434 3195 1590 3244 tanto
1619 3188 1806 3239 studio
1844 3186 1938 3239 Dei
1975 3184 2301 3253 obsequium

720 3284 1001 3345 omnibus,
1052 3296 1173 3349 qute
1220 3280 1323 3334 sub
1371 3280 1514 3333 coelo
1570 3288 1720 3341 sunt,
1772 3278 2148 3348 praetulerant,
2214 3275 2310 3344 qui

724 3382 962 3428 mentem
993 3372 1183 3425 divino
1214 3369 1423 3423 lumine
1472 3368 1610 3421 adeo
1656 3368 1983 3421 illuStratam
2020 3365 2306 3436 gerebant,

726 3481 832 3517 non
856 3463 1017 3516 aliam
1055 3460 1301 3530 profecto
1326 3475 1488 3526 quant
1515 3459 1672 3512 istam
1700 3459 2037 3512 sortirentur
2055 3459 2264 3526 prolem
2289 3472 2306 3523 ;

723 3568 777 3610 et
820 3571 1013 3610 rursus
1068 3554 1346 3623 (decebat)
1403 3562 1463 3606 ut
1510 3553 1671 3605 beata
1731 3552 1842 3615 illa,
1881 3552 2041 3621 cujus
2094 3552 2306 3615 Iaudes,

725 3667 852 3703 cum
906 3650 1008 3716 ipsi
1050 3662 1207 3717 pares
1232 3646 1428 3699 afferre
1454 3660 1563 3697 non
1595 3644 1792 3713 possit,
1830 3644 2012 3696 oratio
2068 3652 2299 3706 pneter-

728 3738 917 3801 mittit,
960 3753 1069 3789 non
1106 3736 1263 3799 alios,
1294 3750 1456 3803 quam
1497 3734 1651 3796 istos,
1687 3743 1946 3801 parentes
1976 3732 2297 3785 sortiretur.

726 3830 1026 3897 Oportebat
1056 3829 1300 3897 insuper,
1336 3837 1396 3881 ut
1441 3827 1508 3880 ad
1546 3842 1903 3896 congressum
1946 3827 2121 3888 illum,
2157 3824 2305 3877 unde

732 3921 968 3991 Virginis
1014 3922 1302 3990 conceptio
1339 3920 1623 3989 processit,
1659 3935 1766 3972 non
1816 3918 1962 3973 aliud
2002 3918 2306 3988 quidpiam,

730 4030 895 4082 quam
922 4028 1251 4082 congressus
1280 4028 1403 4066 cum
1439 4012 1570 4072 Deo.
1606 4011 1909 4081 impelleret
1935 4019 2098 4080 atque
2132 4010 2274 4063 addu
2294 4036 2309 4049 -

733 4117 929 4170 teret;
992 4116 1071 4169 ut,
1128 4104 1594 4174 quemadmodum
1663 4113 2102 4157 consentaneum
2164 4111 2306 4167 erat,

737 4199 1031 4262 purissima
1072 4199 1161 4252 illa
1195 4198 1307 4268 (6|)
1340 4196 1457 4251 sola
1491 4197 1659 4251 etiam
1691 4197 2076 4265 propheticum
2109 4194 2240 4248 illud
2267 4195 2313 4225 "

808 4359 851 4387 ³⁵
888 4360 1031 4413 l’snl.
1072 4376 1123 4417 ι..

2402 1902 2734 1969 περαίωσινί
2770 1904 2835 1955 Ὢ
2860 1905 3086 1973 χειλέων
3115 1905 3314 1971 ἁγνῶν,
3349 1906 3435 1958 διὰ
3458 1905 3591 1957 Θεὸν
3618 1906 3981 1974 κινουμένων,

2403 1995 2498 2047 καὶ
2517 1994 2762 2065 ὡσπερεὶ
2788 1996 2878 2049 διὰ
2903 1998 3061 2050 τοῦτο
3089 1998 3501 2069 πεποιημένων,
3539 1998 3625 2049 ἵνα
3651 1998 3711 2049 τὸ
3743 2015 3978 2067 προωρι-

2401 2086 2596 2155 σμένον
2616 2088 2917 2159 μυστήριον
2929 2089 3134 2142 τούτων
3157 2090 3490 2158 αἰτουμένων
3512 2088 3646 2159 ἐκϐῇ
3668 2091 3681 2142 !
3708 2090 3773 2141 Ὠ
3795 2088 3984 2159 ψυχῶν

2399 2176 2672 2248 ἀμώμων,
2706 2176 2773 2241 ἃς
2802 2179 3162 2252 ὑπερηγάσθη
3192 2180 3347 2246 Θεὸς,
3383 2180 3480 2233 καὶ
3506 2182 3745 2235 τελέσειν
3770 2182 3851 2244 εἰς
3881 2182 3983 2251 τὴν

2400 2268 2608 2322 τούτων
2640 2270 2896 2340 ἠγάπησε
2927 2274 3249 2341 συγγένειαν
3270 2274 3282 2325 !

2472 2361 2821 2432 Τυγχάνουσι
2857 2363 3003 2431 μάλα
3036 2365 3354 2434 περιφανῶς
3383 2366 3485 2433 τῆς
3518 2365 3813 2435 αἰτήσεως,
3872 2365 3967 2417 καὶ

2401 2453 2650 2506 τίκτουσι
2682 2455 2922 2523 καρπὸν,
2970 2454 3157 2509 τοῦτον
3184 2456 3248 2525 δὴ
3271 2456 3364 2509 τὸν
3398 2458 3740 2526 καινότερον,
3802 2456 3859 2518 ὃς
3886 2456 3985 2522 τῆς

2402 2547 2732 2616 οἰκουμένης
2797 2548 3021 2617 ἁπάσης
3075 2549 3310 2618 καλλονὴ
3392 2551 3489 2603 κα)⁸
3552 2551 3845 2618 σεμνότης,
3894 2550 3989 2600 καὶ

2403 2640 2583 2709 τροφὴ
2608 2638 2869 2708 μυστικὴ,
2902 2640 3122 2708 μέλιτος
3149 2640 3291 2710 ὑπὲρ
3316 2640 3442 2694 νοῦν
3497 2640 3830 2710 γλυκυτέρα,
3892 2640 3989 2692 καὶ

2405 2732 2714 2786 κατασκίου
2742 2730 2966 2799 δένδρου
2994 2735 3197 2794 παντὸς
3221 2731 3761 2802 ψυχαγωγικώτερον
3784 2731 3987 2798 θέαμα,

2406 2824 2499 2877 καὶ
2533 2822 2743 2875 ἀνθέων
2794 2823 2976 2874 πᾶσαν
3008 2822 3393 2878 εὐωδεστάτων
3450 2823 3604 2878 κάτω
3665 2824 3844 2887 τεθεὶς
3884 2822 3983 2874 πέ-

2407 2932 2544 2984 φηνε
2592 2917 2775 2985 χάριν.

2470 2990 2635 3058 ’Ἔδει
2662 3006 2774 3075 γάρ
2824 3008 2952 3074 μήτ’
2977 3006 3246 3070 ἐκείνους,
3276 3004 3455 3070 οὕτως
3488 3007 3731 3074 εὐγενεῖς
3763 3009 3861 3078 τὴν
3882 3007 3988 3077 ψυ-

2410 3098 2513 3170 χὴν
2541 3098 2855 3165 γεγονότας,
2887 3098 3063 3161 οὕτως
3123 3099 3203 3161 είς
3239 3098 3410 3167 ἀκρον
3444 3098 3800 3169 δικαιοσύνης
3868 3099 3983 3161 ὲλη·

2411 3191 2670 3255 λακότας,
2694 3190 2838 3242 οὕτω
2866 3192 3068 3252 παντὸς
3100 3191 3209 3243 τῶν
3238 3192 3330 3243 ὑπ’
3361 3192 3592 3260 οὐρανὸν
3623 3192 3756 3244 Θεὸν
3804 3206 3989 3261 προτι-

2414 3282 2629 3345 θέντας,
2656 3280 2797 3332 οὖτω
2837 3280 3171 3347 θεολαμπεῖς
3196 3282 3289 3332 τὸν
3311 3280 3462 3344 νοῦν,
3499 3280 3670 3351 ἄλλης
3698 3282 3730 3351 ἦ
3787 3284 3989 3350 ταύτης

2411 3372 2755 3443 χρηματίσαι
2805 3372 3072 3439 πατέρας,
3129 3373 3269 3440 μήτε
3320 3372 3422 3440 τὴν
3475 3374 3775 3441 μακαρίαν,
3834 3366 3901 3442 ἦς
3935 3373 3988 3423 τὶ

2418 3466 2620 3534 σεμνὸν
2649 3465 2749 3517 ούκ
2790 3464 2932 3533 ἔχων
2982 3465 3108 3516 ὅσον
3153 3466 3333 3516 εἰπεῖν
3374 3467 3402 3516 ὁ
3458 3465 3613 3531 λόγος
3661 3467 3747 3535 ἐᾷ,
3794 3466 3990 3534 ἐτέρων

2414 3555 2581 3607 παῖδα
2619 3555 2769 3624 παρά
2818 3554 3044 3615 τούτους
3096 3554 3418 3621 γεγονέναι·
3475 3554 3557 3606 ἔτι
3596 3554 3652 3606 δὲ
3708 3557 3842 3623 μήτε
3896 3553 3995 3621 τῆς

2410 3644 2627 3713 ὁμιλίας
2657 3642 2892 3711 ἐκείνης,
2924 3642 2958 3711 ἢ
3000 3644 3065 3711 τῇ
3096 3642 3360 3711 Παρθένῳ
3426 3640 3745 3709 συλλήψεως
3800 3639 3995 3696 αἴτιον,

2409 3735 2539 3789 ἄλλο
2628 3752 2679 3787 τι
2756 3733 2787 3803 ἢ
2858 3733 2995 3785 Θεοῦ
3068 3732 3286 3803 ὁμιλίαν
3335 3734 3667 3804 πρωταέτιον
3714 3726 3852 3783 εἶναι
3907 3729 3997 3782 καὶ

2415 3825 2847 3896 προηγούμενον,
2923 3826 3017 3889 ἵν’,
3071 3824 3147 3886 ῶς
3218 3819 3329 3877 οἷόν
3387 3841 3445 3877 τε
3509 3820 3675 3891 ἦν,ἡ
3729 3821 3999 3887 πάναγνος

2415 3918 2528 3988 ἔχοι
2604 3919 2739 3985 μόνη
2796 3916 2884 3969 καὶ
2941 3916 3002 3967 τὸ
3053 3915 3391 3983 προφητικὸν
3444 3916 3621 3967 ἐκεῖνο
3684 3913 3993 3981 διαφυγεῖν,

2417 4014 2530 4074 καὶ,
2631 4011 2754 4062 Οὑιι
2839 4008 2908 4061 ἐν
2998 4008 3277 4075 ἁνομῐαις
3353 4006 3775 4074 συνελήφθην,
3885 4003 3999 4055 οὐκ

2418 4104 2487 4156 ἐν
2530 4102 2843 4171 ἁμαρτίαις
2873 4102 3174 4167 ἐκίσσησέ
3200 4116 3276 4168 με
3294 4102 3496 4168 μόνην
3552 4100 3589 4166 ἡ
3624 4096 3820 4166 μήτηρ
3860 4112 4003 4164 μου,

2430 4198 2561 4264 περ)⁸
2608 4195 2812 4264 ἑαυτῆς
2840 4196 3100 4263 φάσκειν,
3158 4192 3352 4262 ἐκείνῳ
3399 4194 3499 4245 καὶ
3543 4190 3735 4243 τούτου
3790 4202 4003 4257 συμπι-

1991 4458 2129 4515 Ant.
2177 4453 2473 4515 Ballerini
2520 4458 2708 4514 notae.

812 4588 921 4655 (tiO)
972 4586 1161 4655 Conf,
1198 4600 1321 4652 qua:
1374 4584 1443 4638 tle
1504 4585 1604 4637 hac
1662 4583 1941 4655 sententia
1979 4582 2219 4655 diximus
2262 4585 2315 4637 in
2355 4588 2398 4642 D
2429 4585 2587 4655 plebe.
2616 4590 2854 4655 accepta;
2885 4580 3205 4655 fuerint,_et
3248 4579 3623 4655 communiter
3645 4574 4010 4655 abpmnibns

744 4651 1070 4714 l’riefatione
1102 4654 1166 4710 ad
1195 4651 1559 4723 fragmentum
1603 4652 1870 4708 orationis
1902 4651 2122 4722 Georgii
2158 4652 2320 4709 Nico-

745 4728 1064 4786 mediensis.
1103 4742 1227 4793 sup.
1259 4742 1382 4794 pag.
1419 4724 1539 4777 H9.

814 4800 925 4867 (61)
972 4792 1288 4867 ᾃᾼιιειθὲειιι
1338 4792 1625 4849 'habemus
1701 4792 1924 4867 diserte
1965 4793 2319 4867 profitentem

740 4863 942 4923 sancta:
970 4865 1214 4935 Virginis
1245 4866 1645 4935 immunitatem
1686 4864 1754 4916 ab
1790 4863 2040 4932 originali
2074 4875 2319 4931 peccato.

746 4941 861 4991 lluo
893 4939 980 4990 hic
1019 4934 1475 4990 animadvertam.
1510 4938 1560 4987 l°
1606 4934 1813 4986 Auctor
1848 4949 2219 5002 nequaquam,
2262 4943 2323 4987 ut

743 5024 886 5077 sepe
938 5007 1074 5059 alias
1106 5017 1219 5059 tum
1263 5007 1317 5057 in
1354 5006 1454 5060 hac
1490 5004 1691 5077 tumin
1724 5003 1846 5056 aliis
1878 5003 2130 5077 homiliis
2158 5005 2320 5077 solet,

746 5073 860 5132 lia-'c
903 5096 962 5132 se
1017 5093 1084 5130 ex
1135 5077 1397 5143 opinione
1433 5091 1532 5129 sua
1574 5073 1844 5127 alIirmarc
1885 5076 1999 5136 ait;
2039 5075 2132 5125 sed
2189 5074 2324 5126 nihil

748 5150 1005 5203 laesitans
1038 5157 1295 5214 tauquam
1329 5144 1397 5197 de
1426 5144 1697 5205 sententia
1740 5143 2000 5214 omnibus
2044 5143 2325 5210 explorata

746 5236 806 5268 ca
841 5220 908 5271 de
938 5235 995 5271 re
1027 5212 1279 5277 disserit;
1303 5216 1361 5268 ‘2'
1388 5214 1611 5268 Certum
1645 5228 1765 5267 esse
1793 5212 1979 5271 debet.
2019 5223 2326 5275 auctorem,

747 5306 871 5341 rum
908 5287 1304 5347 innocentiam,
1353 5286 1675 5352 puritatem.
1710 5298 1772 5339 ac
1810 5283 2156 5336 sanctitatem
2206 5282 2329 5335 Dei-

750 5375 895 5425 pnrze
927 5359 1050 5411 aliis
1092 5356 1387 5409 verborum
1433 5355 1683 5425 formulis
1715 5352 2099 5425 _cclebraturus
2147 5361 2327 5414 esset,

748 5423 842 5481 ras
890 5428 1197 5481 locutiones
1234 5426 1516 5494 vigilanter
1563 5423 1841 5489 selegisse,
1898 5438 2056 5494 quas
2090 5431 2335 5494 aptores

750 5500 907 5551 duxit
939 5500 1005 5551 ad
1041 5491 1357 5565 puritaieiu,
1389 5495 1780 5555 innocentiam,
1804 5506 1867 5545 :tc
1885 5493 2233 5565 sanctitatem
2266 5491 2333 5545 ab

750 5568 1001 5637 originali
1041 5562 1275 5635 quoque
1334 5567 1470 5619 vitio
1536 5566 1793 5624 intactam
1824 5562 2268 5637 _signiliea_ndam
2317 5577 2331 5637 ς

749 5631 991 5707 cumque
1017 5631 1536 5707 ambigendumnon
1559 5637 1651 5707 sit,
1680 5632 1927 5707 eamdem
1964 5632 2239 5707 fidelibus,
2264 5631 2331 5707 ad

749 5701 1195 5777 quos-Isidorus
1228 5710 1395 5761 verba
1441 5705 1698 5765 faciebat,
1746 5702 1816 5755 de
1859 5701 2334 5777 sancta:_\’irginis

755 5773 994 5849 puritate
1020 5780 1353 5849 sententiam
1380 5777 1691 5849 inluesisse,
1721 5788 1913 5849 rursus
1944 5773 2196 5849 dubitare
2219 5788 2330 5848 non

750 5841 896 5909 lcet.
931 5850 1062 5923 quin
1086 5848 1276 5904 eodem
1300 5863 1465 5903 sensu
1508 5848 1815 5902 locutiones
1843 5843 1943 5897 ill.c
1981 5861 2005 5893 ,ι
2026 5841 2333 5897 Christiana

2425 4645 2491 4706 ad
2532 4645 2782 4706 eamdem
2835 4652 2977 4704 hanc
3028 4651 3319 4718 puritatem
3376 4651 3444 4702 ab
3489 4645 4010 4718 originali‘quo‘que

2426 4724 2561 4776 vitio
2599 4725 2896 4775 immunem
2922 4714 3258 4774 cile—rendam
3286 4714 3703 4787 usurpare-titur.
3735 4714 3870 4787 Cum
3890 4715 4012 4787 lucc

2424 4792 2868 4846 manifestissima
2896 4806 2991 4859 per
3014 4804 3071 4843 se
3093 4790 3222 4851 sint,
3242 4806 3396 4856 :eque
3424 4784 3725 4859 indubium
3771 4784 4011 4859 illudque

2430 4862 2814 4932 gravissimum
2835 4853 3011 4932 inde
3033 4860 3257 4932 proﬂuit
3276 4853 3737 4932 Hconsectariutn.
3776 4853 4009 4932 Easdem

2424 4924 2597 4994 Enim,
2629 4946 2767 4998 quas
2800 4930 2866 4982 ab
2908 4924 3119 4982 Isidoro
3159 4930 3434 4981 adltibilas
3470 4926 3772 4998 cernimus.
3809 4924 4011 4998 verbo-

2428 5018 2550 5055 ruru
2588 4993 2881 5057 formulas,
2931 5000 3149 5051 easdem
3191 4998 3415 5065 figuras.
3451 4996 3782 5061 easdemque
3823 4993 4013 5054 imagi-

2431 5088 2531 5125 nes
2580 5072 2646 5123 ad
2672 5132 2679 5137 _
2708 5070 2944 5138 Virginis
2981 5070 3308 5121 beatissima:
3340 5067 3674 5136 singularem
3720 5065 4012 5138 puritatem

2431 5142 2602 5196 celebt
2617 5132 2828 5193 andauf
2848 5148 3137 5206 usurpatas
3170 5132 3477 5205 reperimus
3498 5152 3604 5188 non
3638 5133 3860 5206 modoga
3892 5132 4017 5183 reli-

2433 5213 2560 5280 quis
2594 5209 2899 5280 univcrsim
2926 5203 3198 5280 Patribus,
3229 5203 3322 5280 sed
3360 5208 3414 5280 in
3464 5203 3852 5280 ecclesiasticis
3872 5216 4017 5280 quo-

2435 5270 2543 5348 que
2578 5297 2642 5333 ac
2668 5279 2935 5344 liturgicis
2972 5280 3128 5331 libris
3163 5278 3532 5331 Ecclesiarum
3554 5274 3833 5348 omnium.
3866 5270 4018 5323 Grae-

2437 5343 2538 5410 (Ξςυ.
2572 5343 2828 5419 Syriaco,
2869 5349 3132 5419 Coptieze.
3169 5348 3492 5400 Armeniae.
3540 5343 3873 5419 Quisnporro
3905 5356 4013 5419 non

2439 5411 2626 5478 videt.-
2653 5420 2793 5489 quid
2820 5411 3014 5485 Sponte
3036 5418 3178 5489 biuc
3207 5426 3575 5489 consequatur
3602 5413 3623 5464 ?
3656 5412 3829 5479 (Eque
3868 5411 4016 5462 enim

2438 5508 2465 5543 a
2507 5490 2620 5543 veri
2650 5485 2834 5555 specie
2873 5488 2985 5543 duo
3034 5488 3147 5540 lucc
3180 5501 3409 5555 prorsus
3437 5485 3759 5555 abhorrent,
3795 5494 4017 5555 nempe,

2439 5571 2531 5614 aut
2567 5550 2757 5614 Patres
2797 5558 3038 5626 reliquos
3067 5550 3225 5609 aliter
3250 5557 3473 5625 quidem
3509 5554 3577 5607 de
3613 5550 3850 5626 Virginis
3876 5565 4016 5626 co_n—

2438 5631 2694 5699 ceptionc
2738 5619 3001 5688 sensisse,
3049 5619 3507 5699 exquisitissimas
3539 5619 3730 5699 tamen
3752 5619 4020 5699 formulas

2439 5690 2783 5767 ad'cjusdem
2820 5714 3040 5765 quoque
3085 5690 3477 5764 conceptionis
3522 5694 3813 5767 puritatem
3849 5690 4020 5767 signi-

2440 5759 2703 5824 liramlam
2745 5759 2969 5821 Ilioneus
3015 5759 3328 5835 usurpasse,
3380 5778 3473 5818 aut
3514 5759 3533 5831 ι’
3562 5762 3834 5831 siquidem
3896 5759 4021 5823 quis

2439 5844 2578 5912 piant
2628 5840 2961 5893 contendere
3016 5838 3180 5901 velit,
3220 5854 3311 5891 eas
3365 5836 3624 5890 formulas
3661 5849 3767 5885 non
3799 5846 3862 5883 eo
3896 5844 4020 5897 5pc-
