4258 6364
700 384 769 448 55
1815 400 2110 462 ISIDORI
2150 400 2894 467 '1't-1EssALoNtcsxsts
3882 404 3950 465 56

700 506 969 560 maternis
1032 509 1295 564 uberibus
1367 511 1659 583 indigeret.
1738 513 1873 568 Nam
1947 515 2091 568 sicut
2152 525 2349 578 cumA

2268 530 2276 567 ι
2309 525 2349 578 Α
2382 534 2531 585 γετο,
2563 519 2705 572 κατά
2734 520 2793 571 rt
2830 520 2943 572 ίσον
2972 520 3149 572 ἐκεῖνο
3193 518 3401 588 θαῦμα,
3447 519 3720 589 ὑπερφυεῖ
3747 535 3852 573 τινι
3882 517 3949 573 ἂν

700 595 938 652 triennis
1002 599 1054 652 in
1109 615 1269 655 sacro
1318 603 1411 659 illo
1462 606 1673 660 ambitu
1727 605 2075 673 versabalur,
2125 605 2272 660 haud

1647 623 1673 659 ιι
1727 605 2075 673 versabalur,
2125 605 2272 660 haud
2382 608 2703 678 ἐστηρίζετο
2748 613 2842 663 καὶ
2867 611 3097 682 άρρήτῳ
3122 611 3328 680 τρόπῳ.

700 689 938 744 humana
976 692 1225 747 alebatur
1277 711 1485 758 mensa,
1520 698 1615 751 sed
1668 713 1866 752 arcana
1908 699 2144 768 quadam
2210 698 2422 754 ratione
2506 703 2785 757 caelestem
2835 704 3041 767 cibum,
3075 704 3277 774 quippe
3339 721 3462 776 qua
3539 704 3950 773 supercalestis

697 792 864 843 esset,
936 783 1285 853 accipiebat;
1344 786 1415 840 ita
1472 787 1744 857 siquidem
1799 787 1867 841 ad
1919 787 2278 841 iultabitanda
2337 802 2493 843 sacra
2552 793 2712 862 adyta
2767 792 3008 847 adducta
3072 793 3289 859 luisset,
3349 811 3474 850 cum
3531 795 3711 851 adlmc
3804 795 3947 851 lacte

699 872 1008 941 indigebat,
1072 877 1233 931 modo
1287 878 1525 948 quodam
1598 879 2005 949 supernaturali
2078 890 2243 948 atque
2284 877 2554 935 ineffabili
2614 882 2760 938 haud
2832 883 3089 940 dissimili
3150 886 3416 941 miraculo
3500 886 3742 942 enutrlta
3810 888 3951 942 luis-

698 974 803 1017 set.

771 1057 884 1113 XV.
913 1061 1007 1114 Vel
1042 1076 1171 1129 ergo
1198 1062 1269 1113 ita
1303 1061 1509 1117 factum
1539 1073 1625 1118 est
1652 1077 1878 1134 propter
1912 1062 2031 1117 illas
2055 1077 2273 1123 causas.

698 1167 834 1219 quas
870 1152 1001 1213 dixi,
1036 1154 1117 1206 vel
1151 1154 1313 1207 etiam
1344 1158 1471 1225 quia
1506 1173 1720 1226 acquum
1748 1166 1887 1219 erat,
1925 1166 1986 1210 ut
2017 1164 2277 1225 parentes

697 1258 916 1311 quoque
938 1245 1129 1298 saltem
1154 1249 1219 1299 ad
1249 1246 1412 1302 breve
1447 1257 1663 1317 tempus
1698 1248 1935 1302 infantili
1971 1256 2261 1303 venustate

704 1332 848 1395 lilize,
882 1350 1004 1402 quae
1059 1338 1221 1403 paulo
1272 1349 1396 1407 post
1454 1339 1564 1392 Deo
1606 1339 1911 1394 dedicanda
1976 1351 2115 1404 erat,
2180 1355 2282 1395 nec

696 1424 839 1477 ultra
886 1426 1225 1480 charissimis
1274 1430 1624 1499 genitoribus
1668 1431 2087 1500 conspicienda,
2131 1433 2288 1485 frue-

696 1523 891 1567 rentur
935 1533 950 1577 ;
1004 1532 1034 1570 e
1074 1532 1180 1585 qua
1228 1534 1352 1572 cum
1402 1522 1698 1574 maximum
1747 1522 1971 1576 haurire
2020 1522 2277 1576 solatium

694 1604 905 1669 liceret,
954 1622 1065 1675 pra!
1101 1609 1205 1662 hoc
1247 1618 1429 1665 tamen
1464 1614 2123 1687 mmroremprivationis
2155 1614 2270 1668 cle-

696 1708 914 1760 gerunt,
948 1698 1074 1753 licet
1110 1701 1283 1768 ipsam
1311 1718 1415 1755 ceu
1449 1705 1731 1772 praemium
1768 1706 2020 1759 laborum
2051 1707 2271 1760 illorum

2450 1061 2551 1118 IE'.
2615 1065 2758 1120 Ἀλλ’
2790 1067 2821 1139 ἢ
2854 1070 3013 1139 χάριν
3042 1062 3119 1124 ὧν
3144 1072 3362 1142 εἴρηταί
3419 1089 3530 1141 μοι,
3582 1070 3734 1124 τοῦτ’
3760 1068 3952 1140 ἐγεγό-

2380 1156 2539 1225 νει,ἢ
2578 1158 2660 1210 ὅτι
2719 1160 2813 1213 καὶ
2873 1162 3009 1231 πρὸς
3063 1162 3237 1233 βραχὺ
3317 1163 3583 1234 βρεφικῆς
3652 1161 3723 1235 ἦν
3785 1164 3933 1226 εἱκδς

2380 1250 2494 1310 τοῖς
2526 1248 2745 1302 τοκεῦσι
2801 1251 2907 1305 κᾶν
2979 1253 3286 1307 ἀπολαῦσαι
3347 1254 3567 1323 χάριτος
3630 1253 3782 1324 παρὰ
3849 1256 3951 1321 τῆς

2383 1339 2591 1405 παιδὸς,
2618 1340 2652 1411 ἢ
2683 1342 2801 1411 μετ’
2824 1343 3005 1411 ὀλίγον
3060 1344 3353 1416 ἐκποίητος
3408 1346 3508 1416 μὲν
3568 1346 3793 1416 ἔμελλεν
3831 1345 3956 1398 ἐσε-

2386 1432 2513 1484 σθαι
2540 1433 2679 1504 Θεῷ,
2704 1437 2819 1498 τοῖς
2873 1435 2931 1488 δὲ
2962 1436 3241 1505 φιλτάτοις
3290 1438 3502 1501 τούτοις
3563 1439 3793 1507 ἀόρατος
3843 1455 3953 1489 πα·

2382 1525 2576 1592 τράσιν
2603 1541 2618 1558 ο
2660 1527 2801 1597 ὑπὲρ
2834 1522 2922 1597 ἧς,
2961 1528 3077 1581 ἐνὸν
3100 1530 3337 1599 τρυφᾷν,
3376 1530 3584 1583 εἴλοντο
3615 1527 3953 1585 κακοπαθεί-

2386 1616 2531 1679 σθιι,
2568 1620 2661 1671 καὶ
2685 1619 2792 1671 τῶν
2815 1621 3079 1690 καμάτων
3143 1622 3366 1673 ἐκείνων
3427 1622 3521 1673 καὶ
3591 1619 3955 1690 πολυρρύτων

2382 1709 2633 1779 δακρύων
2663 1711 2868 1780 ταύτην
2892 1711 3084 1764 ἔλαϐον
3120 1711 3355 1764 ἔπαθλον
3391 1728 3407 1744 ⁸
3434 1705 3531 1773 ὧν,
3556 1711 3749 1778 ἔμοιγε
3782 1709 3953 1771 δοκεῖ,

692 1801 756 1837 ac
784 1787 1074 1841 multarunt
1104 1791 1477 1859 lacrymaruut
1511 1796 1846 1864 recepissent
1874 1816 1888 1862 ;
1921 1813 2021 1867 pro
2049 1796 2275 1866 quibus,
2307 1766 2353 1825 Β

2274 1844 2275 1855 η
2307 1766 2353 1825 Β
2384 1801 2494 1853 τῶν
2523 1803 2793 1855 τοσούτων
2821 1803 3070 1867 ἐκείνων,
3097 1804 3265 1871 λέγω,
3296 1803 3505 1866 πόνων,
3568 1802 3773 1868 ταύτην
3824 1799 3955 1859 Θείις

695 1882 752 1925 ut
803 1875 934 1928 mihi
985 1879 1206 1945 quidem
1257 1880 1499 1947 videtur,
1560 1900 1759 1951 nempe
1806 1902 1906 1954 pro
1952 1890 2120 1941 tantis
2174 1889 2283 1941 illis

697 1965 978 2022 laboribus
1031 1971 1250 2040 dignam
1321 1974 1461 2028 hanc
1528 1977 1672 2030 Deus
1726 1978 1897 2031 vicem
1946 1979 2283 2034 reddendam

695 2050 983 2123 iudicavit,
1020 2073 1078 2116 ut
1103 2065 1167 2118 ad
1200 2066 1499 2121 triennium
1536 2078 1644 2122 tam
1677 2070 1894 2124 eximia:
1928 2070 2053 2125 tilia:
2089 2072 2285 2143 gratiis

692 2151 1154 2215 jncundarentur.

771 2244 1048 2308 Quantum
1074 2250 1229 2304 enim
1262 2252 1559 2321 voluptatis
1591 2254 1787 2309 all'crrc
1827 2259 2148 2326 parentibus
2190 2259 2283 2314 alii

698 2333 790 2387 lilii
826 2348 947 2389 utut
982 2341 1368 2407 speciosissimi
1420 2345 1603 2398 valent
1635 2363 1731 2415 per
1768 2350 2065 2403 multorum
2111 2368 2285 2405 auuo-

704 2442 824 2479 rum
868 2433 1209 2496 convictum,
1260 2438 1600 2492 tantumdem
1654 2440 1876 2494 triennii
1909 2445 2088 2510 spatio
2122 2445 2284 2497 inno-

702 2521 1025 2577 centissima
1092 2525 1182 2579 illa
1269 2529 1517 2597 iurabere
1595 2534 1797 2601 potuit,
1870 2537 1979 2586 imo
2048 2536 2280 2589 dixerim

705 2612 1046 2682 voluptatem
1097 2632 1165 2693 eo
1208 2620 1521 2677 uberiorem
1578 2634 1745 2693 atque
1790 2627 2238 2683 excellentiorem
2265 2667 2279 2692 ,

699 2721 810 2769 quo
845 2709 1179 2763 eminentius
1214 2714 1524 2783 cuicunque
1558 2719 1698 2785 proli
1761 2717 1878 2786 ipsa
1912 2721 2278 2786 praecellebat.

704 2793 1016 2863 Principum
1039 2799 1184 2852 enim
1210 2803 1608 2859 retributimees
1641 2809 1941 2877 magniﬁca:
1967 2826 2096 2865 sane
2127 2820 2278 2874 sunt,

702 2893 755 2933 i-t
780 2884 1126 2950 largientium
1151 2893 1567 2958 magniﬁcentia:
1594 2900 2011 2967 respondentes.
2031 2901 2166 2954 Cum
2185 2918 2283 2955 au-

704 2975 956 3042 temjusti
985 2979 1057 3033 illi
1077 2992 1263 3035 essent
1282 3000 1348 3039 ac
1365 2985 1494 3054 justi
1516 2999 1863 3053 vocarentur,
1889 2991 2032 3044 haud
2048 3008 2283 3047 consen~

2386 1895 2543 1957 ἀξίαν
2576 1894 2771 1962 διέγνω
2802 1897 2903 1965 τὴν
2928 1895 3188 1965 ἀμοιϐὴν,
3214 1896 3313 1965 τὴν
3382 1895 3512 1965 ἄχρι
3551 1892 3789 1961 τριετίας
3818 1887 3955 1941 ἀπδ-

2385 1986 2579 2041 λαυσιν
2601 1987 2709 2039 τῶν
2737 1991 2834 2056 τῆς
2863 1989 3258 2059 λαμποοτάτης
3304 1987 3545 2058 χαρίτων
3606 1983 3811 2045 παιδός.

2457 2260 2632 2329 Ὄσην
2656 2260 2767 2331 γὰρ
2789 2259 2974 2329 ἔχουσι
3002 2260 3113 2312 τῶν
3140 2259 3346 2313 παίδων
3376 2258 3528 2312 ἄλλοι
3554 2260 3643 2311 καὶ
3677 2255 3956 2314 κάλλιστοι

2384 2357 2576 2428 ἡδονὴν
2610 2360 2725 2421 τοῖς
2749 2360 3023 2428 πατράσιν
3060 2356 3299 2410 ἐνθεῖναι
3333 2357 3440 2410 άπδ
3489 2372 3552 2422 γε
3616 2354 3713 2423 τῆς
3775 2351 3957 2403 συνοί-

2384 2465 2482 2501 κου
2521 2447 2832 2512 πολυετίας,
2869 2448 3072 2514 ταύτην
3093 2443 3239 2516 εἶχεν
3263 2449 3296 2517 ή
3332 2447 3608 2513 πάναγνος
3635 2443 3956 2497 καταθεῖναι

2384 2543 2449 2611 τῇ
2483 2541 2697 2612 τριετίᾳ
2732 2539 2931 2609 ’φαίην
2964 2540 3083 2593 δ’ἂν
3111 2540 3206 2591 καὶ
3234 2538 3629 2607 δαψιλεστέραν
3664 2537 3759 2588 καὶ
3784 2533 3956 2603 μείζω

2383 2635 2493 2703 ὅσῳ
2526 2632 2621 2686 καὶ
2650 2633 2925 2703 γεννητῶν
2949 2632 3272 2702 ὑπέρκειται
3301 2631 3552 2682 πάντωνο
3586 2629 3643 2681 αἱ
3670 2628 3780 2695 γάρ
3803 2623 3956 2693 παρά

2382 2724 2493 2777 τῶν
2525 2726 2803 2794 μεγίστων
2825 2724 3131 2787 ἀντιδόσεις
3178 2722 3452 2793 φιλότιμοι
3478 2721 3572 2772 καὶ
3618 2718 3695 2787 τῷ
3734 2714 3956 2786 μεγέθει

2382 2821 2491 2875 τῶν
2516 2818 2898 2892 χορηγούντων
2963 2819 3329 2889 κατάλληλοι·
3372 2816 3611 2875 δικαίους
3663 2812 3720 2865 δὲ
3795 2811 3958 2870 ὄντας

2386 2914 2633 2984 ἐκείνους
2667 2916 2762 2965 καὶ
2790 2912 3161 2981 καλουμένους
3206 2911 3307 2963 οὐκ
3362 2905 3431 2979 ἦν
3464 2908 3529 2960 ἂν
3580 2905 3687 2957 τῶν
3732 2899 3961 2956 ἀκολού-

2388 3004 2498 3055 θων
2524 3005 2623 3072 τὴν
2650 3005 2902 3074 στάθμην
2957 3002 3263 3073 ὑπερϐῆναι
3330 3000 3428 3067 τῆς
3480 2995 3833 3063 ἐπωνυμίαςο
3868 2989 3957 3044 διὰ

710 3077 929 3120 laneum
968 3069 1183 3137 luisset,
1220 3084 1280 3128 ut
1316 3091 1563 3128 normam
1611 3091 1978 3147 cognomento
2005 3082 2282 3151 signiﬁca-
2308 3111 2351 3167 ρ
2385 3114 2391 3129 ι

2273 3110 2351 3167 ’ρ
2385 3069 2653 3148 ταῦτατὸ
2682 3069 2969 3155 τοῦ-ἔτους
3039 3069 3250 3144 δίκαιον
3300 3092 3500 3160 μέτρον
3567 3083 3954 3177 ἀπειληφότες,

712 3168 817 3210 tam
860 3164 1439 3232 prmturgrederentur.
1490 3168 1857 3237 Quapropter,
1902 3187 2027 3226 cum
2076 3174 2277 3243 justam

710 3251 974 3317 temporis
1053 3270 1370 3310 mensuram
1436 3260 1672 3312 assecuti
1735 3260 1969 3316 fuissent
2043 3263 2280 3332 (tequum

706 3348 888 3417 autem
916 3345 1149 3411 spatium
1178 3348 1810 3417 trienniumerat},recte
1831 3353 1897 3407 de
1923 3356 2284 3423 promissione

712 3434 987 3500 implenda
1015 3452 1378 3495 curaverunt.

782 3523 920 3579 XVI.
952 3530 1223 3592 Quoniam
1277 3549 1409 3587 vero
1466 3534 1607 3587 fama
1665 3536 1865 3606 reginae
1911 3553 1976 3593 ac
2025 3540 2120 3594 Dei
2162 3540 2287 3596 ﬁlim

711 3615 876 3677 paulo
910 3626 1031 3684 post
1072 3636 1168 3689 per
1224 3620 1360 3677 lines
1401 3624 1675 3680 universa:
1725 3638 1884 3682 terra:
1928 3643 2287 3700 pervagatura

711 3714 850 3764 erat,
882 3704 1185 3761 Jerusalem
1217 3720 1343 3765 ante
1371 3713 1506 3767 alias
1524 3729 1720 3769 omnes
1749 3719 2002 3785 regiones
2026 3736 2286 3775 coronam

714 3795 1047 3852 laudationis
1073 3809 1279 3863 texere,
1317 3812 1370 3856 et
1412 3818 1629 3857 sacrum
1668 3806 1872 3876 Virgini
1903 3808 2163 3877 hymnum
2200 3826 2289 3865 ca-

717 3901 871 3950 nere,
918 3903 982 3941 ac
1030 3889 1294 3945 decenter
1328 3893 1599 3953 modulari
1635 3908 1927 3965 properat;
1968 3901 2130 3969 idque
2166 3903 2289 3971 jure

716 3978 946 4044 optimo.
973 3980 1108 4035 Nam
1134 3991 1189 4036 et
1210 3983 1391 4037 Iesum
1446 4003 1640 4051 meum,
1676 3988 1936 4057 inquit",
1969 3991 2202 4045 tulerunt
2235 3995 2291 4047 in

715 4072 1015 4126 Jerusalem
1051 4084 1107 4127 ut
1153 4079 1394 4130 sisterent
1436 4094 1555 4132 eum
1607 4078 1869 4145 Domino;
1918 4082 2075 4153 cujus
2102 4083 2292 4154 utique

717 4166 1065 4221 characteres
1089 4177 1262 4222 mater
1288 4169 1343 4222 in
1376 4172 1669 4242 semetipsa
1693 4173 2040 4242 pra‘l'erebat.

790 4352 1073 4421 Quotquot
1095 4368 1227 4423 ergo
1257 4369 1289 4409 e
1318 4355 1685 4411 nobilioribus
1719 4359 1911 4414 urbem
1955 4362 2103 4416 illam
2132 4364 2290 4419 inco-

2382 3187 2540 3240 τοῦτο
2584 3186 2640 3238 δὲ
2666 3181 2734 3255 ἦν
2774 3185 3068 3254 ήτριετία,
3121 3183 3197 3254 μὴ
3220 3182 3495 3235 διαπεσεῖν
3520 3178 3581 3233 εὖ
3623 3176 3960 3244 πεπο.ήκασι

2382 3279 2479 3332 κα)⁵
2526 3279 2625 3348 τὴν
2664 3276 3025 3344 ἐπαγγελίαν.

2453 3545 2569 3611 Ιὶτν.
2615 3543 2763 3596 Ἐπεὶ
2812 3542 2869 3596 δὲ
2935 3543 3074 3613 μετὰ
3111 3541 3304 3611 μικρὸν
3358 3539 3470 3592 τῶν
3502 3539 3601 3609 τῆς
3640 3535 3965 3605 οἰκουμένης

2390 3636 2754 3706 ἐπιϐήσεσθαι
2785 3635 3042 3706 περάτων
3072 3637 3100 3688 ὁ
3133 3637 3233 3703 τῆς
3265 3632 3540 3703 βασιλίδος
3599 3630 3697 3685 καὶ
3736 3629 3960 3684 θεόπαι-

2389 3729 2474 3791 δος
2522 3728 2714 3797 ἔμελλε
2764 3729 2981 3797 κρότος,
3032 3727 3220 3794 φθάνει
3259 3725 3328 3779 τά
3370 3724 3718 3795 Ἰεροσόλυμα
3780 3722 3962 3788 πάσης

2392 3820 2495 3888 γῆς
2546 3819 2715 3888 ἄλλης
2764 3820 3178 3889 προπλέξαντες
3221 3818 3321 3888 τὴν
3357 3816 3656 3885 εὐφημίαν,
3725 3815 3821 3866 καὶ
3872 3812 3964 3864 τὸν

2396 3912 2540 3983 ἱερὸν
2575 3910 2745 3979 ὕμνον
2784 3912 3089 3982 ὲπᾲσαντες
3134 3911 3205 3981 τῇ
3262 3907 3545 3979 Παρθένῳ,
3600 3908 3693 3961 καὶ
3750 3904 3964 3971 σεμνῶς

2392 4000 2767 4071 τερετίσαντες
2813 4015 2826 4030 ·
2891 4000 2985 4051 καὶ
3043 3999 3203 4052 τοῦτο
3251 3998 3479 4059 είκότως
3514 4012 3528 4027 ’
3583 3997 3663 4047 ὅτι
3710 3996 3806 4045 καὶ
3859 3992 3965 4045 τόν

2394 4092 2541 4159 ἐμὸν
2576 4090 2811 4156 Ἰησοῦν
2841 4090 3169 4160 ἀνήγαγον,
3205 4090 3393 4159 φησὶν,
3447 4089 3534 4151 είς
3578 4086 3969 4153 Ἱεροσόλυμα

2397 4182 2779 4250 aquariis-at
2813 4182 3028 4249 Κυρίῳ,
3061 4178 3120 4235 οὗ
3153 4181 3280 4242 τοὺς
3333 4180 3686 4250 χαρακτῆρας
3716 4181 3749 4248 ἡ
3782 4178 3965 4248 μήτηρ

2396 4276 2454 4327 ὲν
2490 4276 2661 4346 ἑαυτῇ
2698 4274 3024 4343 προέφαινε.

2470 4365 2581 4418 Καὶ
2605 4364 2737 4431 γοῦν
2769 4365 2885 4416 ὅσοι
2919 4368 3029 4416 τῶν
3070 4363 3341 4433 ἐκκρίτων
3372 4363 3474 4432 τὴν
3505 4363 3659 4415 πόλιν
3686 4362 3967 4422 οἰκοῦντες

722 4443 930 4503 labant,
966 4452 1020 4497 et
1046 4445 1175 4509 viri,
1203 4455 1260 4501 et
1288 4448 1569 4513 mulieres,
1598 4457 1654 4501 et
1694 4451 1886 4520 puella:
1910 4454 2175 4523 virgines,
2210 4456 2288 4509 illi
2325 4442 2365 4495 Ῑ)
2398 4458 2403 4506 i

2283 4457 2288 4509 i
2325 4442 2365 4495 Ῑ)
2398 4456 2622 4523 ἐκείνην
2662 4454 2984 4524 ἐτύγχανον,
3026 4454 3237 4524 ἀνδρῶν
3264 4472 3326 4507 τε
3387 4455 3483 4509 καὶ
3544 4455 3818 4521 γυναικῶν
3870 4455 3964 4506 καὶ

722 4534 946 4601 quidem
982 4536 1184 4590 intuitu
1220 4538 1411 4605 patris,
1457 4538 1573 4592 istae
1615 4538 1667 4592 in
1709 4542 1937 4608 gratiam
1981 4544 2286 4613 genitricis,

723 4624 945 4692 reliqua:
990 4641 1122 4679 vero
1174 4637 1397 4695 propter
1440 4628 1870 4685 laudatissimam
1920 4634 2178 4700 puellam,
2232 4636 2285 4689 in

718 4729 889 4765 unum
917 4714 1312 4768 convenientes
1339 4716 1407 4769 ad
1436 4719 1699 4794 templum
1731 4722 2120 4789 ascenderunt,
2160 4739 2284 4778 cum

794 4856 835 4886 ⁸⁷
870 4854 1000 4910 Luc.
1035 4872 1095 4918 tt,
1130 4855 1220 4909 22.

2393 4545 2651 4598 νεανίδων
2675 4545 2981 4613 παρθένων,
3005 4545 3065 4597 τὸ
3106 4545 3206 4613 μὶν
3226 4546 3318 4597 τὸν
3337 4547 3567 4615 πατέρα,
3588 4545 3648 4596 τὸ
3674 4544 3729 4597 δὲ
3754 4543 3842 4596 διὰ
3871 4544 3969 4610 τήν

2394 4638 2630 4708 μητέρα,
2657 4636 2716 4689 τὸ
2737 4635 2923 4690 λοιπὸν
2947 4636 3003 4688 δὲ
3034 4636 3119 4688 διὰ
3147 4634 3246 4706 τὴν
3269 4634 3643 4705 πανύμνητον,
3670 4635 3768 4701 τὴν
3795 4637 3875 4695 είς
3910 4634 3971 4686 τὸ

2393 4729 2536 4797 ἱερὸν
2568 4726 2736 4797 ᾔεσαν
2791 4726 3157 4790 συνελθόντες,
3196 4726 3335 4796 μετά
3379 4726 3682 4795 λαμπάδων
3733 4723 3971 4779 ἐνταῦθα

1980 4983 2121 5039 Ant.
2168 4979 2459 5043 Ballerini
2506 4985 2697 5041 noue.

730 5095 1138 5169 .‘i'it'outedicnst's
1158 5096 1209 5148 in
1244 5092 1641 5169 gouceptionem
1670 5098 1914 5167 Deipuraz
1943 5102 2101 5169 (Bibl.
2132 5105 2291 5159 Conc.

722 5164 1055 5234 vol.V|.pag.
1077 5166 1166 5225 82)
1188 5164 1422 5220 sollicite
1445 5167 1705 5222 lectorem
1725 5164 2063 5231 admoneret.
2086 5185 2299 5227 veteres

725 5237 778 5288 in
804 5235 1132 5312 celebrando
1149 5235 1688 5312 Conceptionisl’esto
1718 5240 1852 5312 nihil
1879 5242 1944 5312 ad
1982 5246 2300 5312 conceptio-

723 5321 845 5359 nem
861 5305 1049 5381 ipsam
1084 5306 1405 5381 respeaisse,
1428 5306 1478 5359 id
1511 5307 1685 5375 ipsum
1704 5309 1770 5362 ad
1792 5310 2026 5381 invisum
2058 5305 2306 5381 puritatis

724 5373 1069 5451 vocabulum,
1088 5373 1262 5427 sicubi
1289 5374 1404 5451 fieri
1422 5373 1624 5451 posset,
1643 5373 2308 5451 espungendum'impnlit.

723 5446 922 5497 Eadem
945 5445 1101 5512 plane
1118 5458 1280 5497 causa
1298 5445 1523 5500 invisam
1545 5445 2311 5506 hominiclTecitimmaciilatw

722 5516 1083 5589 vocabulum;
1106 5524 1268 5589 atque
1287 5515 1491 5589 idcirco
1512 5533 1634 5570 cum
1660 5518 1860 5572 Cra-ca:
1892 5536 2051 5574 voces
2074 5523 2302 5589 ἄμωμος

725 5594 821 5640 ant
842 5584 1179 5655 πανάμωμος
1201 5584 1268 5639 de
1300 5586 1461 5639 Maria
1498 5599 1771 5655 usurpata:
1793 5584 2165 5653 occurrerent,
2194 5584 2302 5645 non

726 5654 1089 5728 immaculata,
1109 5655 1375 5724 autplanc
1402 5654 1764 5728 immaculata,
1780 5674 1901 5727 quae
1919 5664 2155 5728 cujusvis
2178 5676 2295 5713 rea-

728 5740 815 5781 tus
855 5725 1158 5777 absentiam
1209 5726 1510 5792 generatim
1569 5725 1837 5786 indicant.
1889 5725 1998 5782 sed
2033 5731 2295 5782 vocabula

724 5794 1001 5864 praeelegit
1021 5796 1486 5863 irrcprelmtsibilis
1515 5805 1607 5850 aut
1633 5796 1785 5850 ηίαιις
1809 5800 2291 5854 ίγτεηγείιεηδίοιίιο.

2406 5117 2529 5168 qum
2547 5102 2749 5155 scilicet
2787 5098 2853 5153 ad
2878 5099 3179 5153 absentiam
3214 5107 3399 5152 reatus
3430 5112 3525 5166 per
3546 5104 3705 5168 actus
3720 5096 3976 5164 proprios

2410 5167 2620 5225 inducti
2656 5170 3063 5247 signiﬁcandam
3090 5168 3644 5247 aptius_ad_hibentur.
3682 5167 3751 5219 At
3786 5181 3979 5247 rursus

2411 5256 2683 5309 quamam,
2712 5254 2916 5307 quaeso.
2946 5239 3064 5293 laus
3087 5239 3227 5309 foret
3249 5238 3427 5292 Maria:
3454 5246 3549 5291 aut
3579 5238 3855 5290 nascentis
3883 5245 3980 5290 aut

2416 5308 2595 5363 adhuc
2617 5310 2857 5369 infantis,
2886 5309 3031 5378 quod
3068 5308 3219 5361 nullo
3251 5323 3348 5376 per
3384 5318 3540 5378 actus
3566 5321 3696 5378 suos
3735 5314 3888 5359 reatu
3917 5320 3979 5360 se

2419 5379 2724 5449 polluerit?
2762 5377 3011 5432 HmcCine
3046 5378 3443 5455 tatnmpneclara
3488 5377 3668 5455 Mari-fe
3693 5382 3857 5455 erant
3880 5389 3979 5428 en-

2421 5446 2614 5503 comia.
2646 5464 2765 5517 quae
2794 5458 3107 5501 sanctorum
3147 5446 3366 5523 Patrum
3411 5446 3690 5523 sapientia;
3722 5446 3981 5523 opeista-

2421 5533 2541 5571 rum
2567 5534 2597 5572 e
2624 5515 2811 5572 Graeco
2837 5532 3146 5570 versmnum
3172 5517 3545 5570 tribuerentur
3566 5515 3749 5568 ?Adeo
3768 5515 3981 5568 scilicet

2421 5589 2655 5655 ineptire
2699 5588 2779 5639 vel
2824 5587 3003 5655 magni
3037 5588 3137 5640 viri
3182 5588 3380 5646 solent,
3438 5586 3528 5638 ubi
3584 5585 3767 5654 potius
3810 5599 3976 5652 quam

2407 5658 2648 5719 veritati,
2677 5657 2924 5730 privatis
2969 5657 3299 5730 prrittdiciis
3347 5657 3653 5725 studiisque
3700 5656 3978 5709 deservire

2404 5731 2645 5782 animum
2672 5727 2940 5782 inducunt
2976 5727 2987 5780 !
