4258 6364
197 390 257 451 57
907 389 1162 450 ΞΕΒΜΟ
1201 388 1288 447 ΙΝ
1329 383 1878 448 ΡΒΕΞΕΝΤΔΤΙΟ

1790 386 2047 449 ἸΟΝΕΜ
2095 391 2158 450 Β.
2205 391 2270 452 v.
2307 391 2601 453 summa
3401 387 3471 450 58

199 508 298 578 τὴν
327 505 608 575 πάναγνον
643 505 894 576 ἄγοντες,
926 509 1020 562 καὶ
1047 507 1211 578 μέλος
1244 507 1384 574 ύτὲρ
1433 505 1639 574 ταύτης
1691 505 1784 557 ἐπὶ
1814 510 1857 564 Α

1814 510 1857 564 Α
1888 507 2772 576 lampadibusinnocentissimum
2820 512 2949 564 illuc
2991 508 3353 572 deduc-entes,
3405 523 3469 564 ac

199 599 446 669 γλώττης
495 598 588 650 καὶ
635 599 752 668 μετ’
788 599 1129 668 εὐφροσύνης
1156 597 1378 670 ᾅσματα
1402 597 1680 665 φέροντες,
1717 596 1786 648 τὰ

201 691 387 744 είκότα
419 693 486 760 τῇ
521 689 814 759 θεονύμφῳ
840 691 1063 751 πάντως
1120 688 1597 756 διαπραττόμενοι.
1653 689 1785 756 Περὶ

201 775 296 839 ὧν,
332 783 426 849 μοὶ
458 781 623 844 δοκῶ,
662 781 748 833 διὰ
774 780 932 832 τοῦτο
967 780 1060 832 καὶ
1095 779 1187 828 τὶν
1216 783 1570 848 μακαρισμὸν
1600 795 1788 849 προει-

207 873 406 942 ρῆσθαι
433 875 639 925 ἐκεῖνον
672 887 686 902 ⁶
724 871 1034 938 ’Μακάριος
1066 873 1099 924 ὁ
1147 870 1318 932 λαὸς,
1373 872 1405 922 ό
1477 869 1788 936 γινώσκων

204 966 616 1033 ἀλαλαγμόνυ
655 967 750 1017 καὶ
772 965 885 1025 τοῖς
943 963 1254 1032 προοιμίοις
1317 961 1382 1030 δὴ
1445 962 1655 1022 τούτοις
1727 960 1788 1012 τὸ

211 1056 405 1123 μέλλον
429 1055 908 1126 διασημαίνοντες,
933 1056 1013 1108 ὄτι
1051 1053 1146 1106 καὶ
1175 1054 1355 1106 πάντα
1413 1053 1615 1121 κρύψει
1651 1069 1790 1119 πνρ⁶

208 1146 300 1198 div
328 1147 511 1216 τὸτῆς
573 1146 822 1215 ἐμψύχου
887 1147 1094 1212 ταύτης
1150 1143 1432 1213 λαμπάδος
1489 1143 1604 1211 φῶς
1649 1143 1790 1194 ἀπα-

207 1236 476 1306 στράψον,
499 1237 590 1288 καὶ
634 1237 903 1306 ᾀσμάτων
931 1235 1071 1303 αὕτη
1097 1235 1297 1303 πλήσει
1350 1233 1529 1302 ψυχὰς
1584 1232 1788 1303 ταύτην

209 1324 490 1392 ὑμνούσας
527 1327 619 1377 καὶ
645 1326 712 1378 τὰ
743 1328 989 1396 σωτήρια
1028 1325 1393 1396 μελῳδούσας.

272 1411 445 1482 Οἶμαι
468 1415 544 1477 δὲ,
581 1419 672 1468 καὶ
706 1417 733 1469 ό
760 1417 952 1487 νοητὸς
978 1417 1123 1481 ἄπας
1175 1419 1297 1470 τότε
1344 1417 1640 1485 διάκοσμος
1677 1420 1789 1481 τοῖς

210 1506 663 1578 λαμπαδοφόροις
687 1509 754 1562 ἂν
781 1511 1017 1572 ἐκείνοις
1043 1510 1138 1562 καὶ
1168 1511 1358 1580 συνῇδε
1415 1511 1509 1563 καὶ
1546 1511 1790 1578 συνεφώ-

1896 598 2150 652 modulos
2179 599 2247 653 de
2285 601 2402 668 ipsa
2431 611 2486 654 et
2516 602 2731 656 cantica
2762 618 2884 656 cum
2914 603 3100 656 Ia:titia
3134 607 3472 669 promentcs.

1893 691 2066 745 olIicia
2112 691 2346 751 scilicet.
2391 709 2512 761 qua:
2554 693 2647 747 Dei
2683 709 2899 762 sponsa:
2947 691 3195 760 dignitati
3237 705 3475 744 consen-

1896 793 2053 838 tanea
2076 792 2254 843 erant.
2294 784 2607 852 plenissime
2651 786 2726 838 illi
2759 785 3108 837 exhibentes.
3153 783 3218 837 Et
3265 782 3475 835 idcirco

1895 876 1963 929 de
2002 876 2085 928 his
2108 876 2351 928 arbitror
2387 883 2812 944 prmnuntiatam
2844 877 2991 929 illam
3027 875 3425 928 beatitudinem
3455 891 3469 927 :

1899 965 2093 1020 Beatus
2129 966 2350 1036 populus
2382 968 2471 1036 qui
2495 969 2590 1019 scit
2627 968 2995 1032 iubilationem
3016 965 3077 1018 ".
3106 964 3320 1030 Quibus
3345 977 3476 1015 sane

1896 1058 2179 1128 prmludiis
2218 1061 2460 1112 futurum
2503 1060 2906 1127 signiﬁcabant,
2941 1069 2999 1111 ut
3029 1059 3193 1124 hujus
3221 1057 3477 1108 animata:

1896 1150 2166 1220 lampadis
2188 1151 2343 1220 iubar
2365 1151 2634 1219 cll‘ulgens
2664 1151 2902 1217 reliquas
2927 1165 3120 1202 omnes
3152 1147 3297 1200 faces
3323 1145 3480 1198 obte-

1896 1243 2178 1308 nebraret,
2239 1258 2441 1311 easque
2496 1244 2708 1295 animas
2746 1241 2921 1310 jubilo
2977 1240 3306 1301 cumularet,
3354 1251 3478 1305 qua:

1897 1349 2014 1387 eam
2047 1332 2392 1386 celebrarent
2421 1333 2658 1402 hymnis,
2693 1348 2758 1386 ac
2794 1332 3053 1388 salutaria
3087 1339 3368 1384 canerent.

1968 1425 2238 1478 Praeterea
2292 1428 2613 1494 angelorum
2665 1442 2888 1495 quoque
2938 1425 3228 1478 universos
3256 1423 3481 1475 ordines

1899 1532 2024 1571 cum
2077 1516 2164 1578 iis,
2217 1517 2313 1584 qui
2364 1517 2648 1586 lampades
2691 1517 2963 1578 ferebant.
3001 1530 3131 1570 suos
3166 1524 3297 1583 puto
3342 1527 3479 1565 eon-

207 1601 348 1660 τιζε,
382 1601 478 1651 καὶ
531 1601 849 1663 συνεόάδιζε
929 1606 1044 1665 τοῖς
1101 1606 1470 1672 προπομποῖς,
1518 1605 1640 1656 ὅσον
1691 1605 1792 1673 τῆς

1895 1610 2145 1680 junxisse
2189 1619 2384 1662 cantus
2437 1625 2677 1678 suosque
2727 1609 3073 1677 Spleu-lnres,
3105 1617 3162 1661 et
3205 1605 3479 1660 comitan-

213 1693 610 1760 προαγομένης
640 1693 952 1758 δεικνύντες
976 1696 1036 1747 τὸ
1070 1695 1233 1757 σέϐας
1298 1698 1409 1756 τοῖς
1444 1695 1521 1764 τῷ
1580 1697 1793 1764 σαρκίῳ

207 1783 404 1852 τούτῳ,
439 1785 605 1838 οἷονεί
642 1803 749 1838 τινι
775 1787 952 1854 νέφει,
1001 1786 1099 1856 τὴν
1126 1787 1328 1857 αἰγλην
1360 1786 1458 1855 τῆς
1503 1787 1791 1854 παμϐασι-

1903 1700 2051 1753 tibus
2077 1700 2224 1753 illam
2269 1701 2452 1753 socios
2499 1716 2618 1753 sese
2674 1698 2974 1759 addidisse,
3000 1697 3258 1751 videlicet
3290 1706 3349 1747 ut
3381 1695 3482 1746 ho-

1904 1792 2168 1848 minibus.
2205 1792 2298 1859 qui
2337 1791 2440 1843 hac
2484 1807 2649 1845 carne
2694 1791 2932 1860 quodam
2968 1791 3127 1859 quasi
3177 1789 3479 1854 intersepta

210 1876 350 1937 ὶίδος
380 1877 516 1947 ὀρᾷν
543 1877 1062 1948 διαφραττομὲνοις,
1106 1880 1153 1930 εί
1219 1878 1293 1948 μὴ
1345 1879 1439 1932 καὶ
1522 1878 1788 1944 ἀγγέλους
1828 1865 1868 1923 Β

1828 1865 2018 1937 Bvelo
2084 1883 2561 1951 impediebantur,
2631 1899 2696 1937 ne
2771 1883 3128 1952 splendorem
3203 1879 3479 1950 pnecelsm

211 1968 428 2032 ἀγνοεῖν
459 1969 516 2019 τὸ
547 1971 848 2038 μυστήριον
906 1969 1070 2022 τοῦτο
1121 1969 1436 2040 προώριστο
1501 1970 1792 2023 διὀίκονο-

213 2059 365 2124 μῖαν,
416 2058 449 2128 ἦ
485 2075 552 2126 με
586 2059 839 2122 διέσωσε,
896 2061 1110 2130 καὶτῆς
1138 2059 1514 2131 αἰσχρουργοῦ
1547 2060 1641 2112 καὶ
1697 2077 1785 2113 τυο

217 2154 483 2220 ραννικῆς
509 2153 802 2223 άφήρπασε
833 2153 1038 2224 χειρός.

1900 1975 2100 2044 regina:
2135 1975 2337 2028 intueri
2375 1985 2621 2044 possetut,
2676 1975 2780 2044 ipsi
2857 1974 3233 2032 ostenderent.
3270 1976 3476 2039 quanta

1894 2068 1994 2131 illi,
2023 2083 2145 2136 qua:
2198 2067 2600 2131 deducebatur,
2636 2067 2945 2120 reverentia
2996 2065 3324 2127 deberetur;
3372 2059 3479 2115 nisi

1893 2157 2035 2214 forte
2059 2171 2115 2213 et
2146 2159 2279 2213 illud
2308 2158 2604 2212 dicendqu
2638 2159 2731 2220 sit,
2768 2158 2874 2211 hoc
2901 2157 3224 2226 mysterium
3269 2152 3481 2222 angelis

215 2259 342 2302 tunc
404 2249 806 2318 incompertum
869 2264 990 2304 eam
1040 2263 1289 2304 servasse
1320 2249 1751 2319 providentiam,
1795 2266 1919 2322 qua
1951 2267 2038 2306 me
2102 2254 2311 2308 salvum
2372 2251 2522 2317 fecit,
2557 2259 2720 2320 atque
2789 2250 3078 2305 afwdillca
3112 2264 3175 2303 ac
3199 2248 3483 2320 tyrannica

213 2342 466 2410 (diaboli)
508 2348 779 2412 potestate
814 2343 1045 2413 eripuit.

283 2435 384 2487 IZ'.
428 2435 517 2486 Ἐν
569 2433 787 2504 τῷναῷ
809 2436 1006 2500 τοίνυν,
1054 2429 1197 2508 ᾗπερ
1245 2435 1509 2506 είρηται,,
1564 2439 1795 2508 φέρουσι

211 2527 270 2579 τὸ
294 2526 596 2597 ἱερώτατον
631 2528 879 2598 ἔμψυχον
911 2528 1107 2591 σκεῦος
1163 2531 1364 2594 ἐκεῖνο,
1389 2530 1452 2580 τὸ
1478 2529 1798 2601 θεοποίητον

213 2623 382 2687 ἄγγος
401 2622 510 2673 τῶν
544 2622 886 2691 θεουργικῶν
917 2622 1308 2692 λαμπηδὸνων,
1335 2623 1396 2675 τὸ
1428 2621 1797 2693 πολυτίμητον

214 2714 304 2766 καὶ
335 2715 482 2767 θεῖον
516 2715 798 2786 ἀνάθημα,
824 2707 886 2768 οὗ
916 2716 1066 2769 πᾶσα
1108 2717 1139 2786 ή
1167 2716 1390 2785 ποίησις
1424 2718 1616 2786 -ἦττων
1663 2715 1799 2785 όμοῦ

212 2808 345 2874 πρὸς
378 2807 538 2872 λόγον
569 2808 745 2871 ἀξίας.
811 2808 868 2861 Ὀ
915 2809 960 2862 δ’
1021 2809 1316 2878 ἀρχιερεὺς
1381 2809 1490 2860 ἀπό
1553 2824 1616 2875 γε
1689 2806 1800 2858 τῶν

213 2901 512 2967 ὁρωμένων
539 2901 682 2963 τότε,
711 2901 792 2953 ὅτι
825 2901 991 2953 πλέον
1048 2903 1234 2954 ἐκεῖνα
1284 2901 1316 2970 ἢ
1389 2899 1667 2952 ἐδείκνυτο
1728 2897 1798 2951 τὰ

212 2994 463 3056 εἰωθότα,
501 2994 595 3046 καὶ
625 2995 774 3057 Θείας
806 2995 956 3047 ἔνδον
988 2994 1152 3048 αὑτὸν
1209 2991 1644 3062 συναισθήσεως,
1684 2991 1796 3058 ἐγὼ

1978 2436 2142 2494 XVII.
2185 2437 2264 2490 Eo
2302 2435 2491 2506 igitur.
2534 2450 2645 2504 quo
2697 2435 2962 2492 diximus.
3015 2431 3180 2484 modo
3231 2426 3489 2481 saeratis-

1903 2534 2104 2588 simum
2127 2531 2260 2585 illud
2283 2530 2586 2584 animatum
2615 2530 2922 2590 vasculum,
2951 2524 3274 2580 deiﬁcorum
3303 2521 3489 2590 splen-

1904 2625 2101 2678 dorum
2131 2622 2543 2691 receptaculum
2602 2637 2632 2674 a
2691 2621 2802 2674 Deo
2839 2625 3240 2680 constructum,
3288 2628 3485 2666 urnam

1905 2733 1934 2771 a
1961 2717 2071 2770 Deo
2099 2714 2408 2770 confectam
2442 2713 2578 2780 (64),
2617 2712 2826 2766 honore
2857 2709 3242 2780 dignissimum
3289 2719 3352 2758 ac
3401 2703 3492 2756 di-

1905 2808 2096 2862 vinum
2133 2807 2447 2868 donarium,
2474 2806 2633 2875 cujus
2667 2803 2918 2873 dignitati
2946 2797 3274 2855 enarranda:
3308 2796 3492 2850 omnis

1905 2899 2111 2971 pariter
2151 2907 2406 2953 creatura
2469 2896 2650 2965 impar
2709 2895 3013 2956 invenitur,
3076 2890 3144 2945 ad
3217 2890 3486 2957 templum

1905 2993 2209 3046 adducunt.
2241 2989 2378 3043 Cum
2419 2999 2606 3043 autem
2651 3003 2904 3044 summus
2955 2983 3218 3040 sacerdos
3265 2991 3378 3035 tum
3422 2995 3490 3033 ex

213 3086 442 3152 νομίζω,
505 3085 955 3157 περιλαμψάσης,
1008 3084 1344 3154 ὑψηλότερον
1389 3083 1500 3135 τῶν
1550 3083 1791 3152 φθασάν-
1822 3101 1866 3160 C

1822 3101 1866 3160 ο
1903 3086 1990 3148 iis,
2053 3099 2177 3152 quae
2239 3091 2369 3135 tunc
2427 3081 2824 3142 cernebantur,
2865 3086 3056 3147 utpote
3083 3091 3206 3145 quae
3244 3073 3330 3127 vel
3373 3073 3489 3140 ipsa

213 3192 336 3238 των,
373 3175 534 3228 ἔτιδὲ
560 3178 653 3228 καὶ
681 3177 792 3230 τῶν
853 3175 1153 3245 ἐσομένων,
1226 3173 1327 3246 τὴν
1377 3173 1664 3226 ὲπὲλευσιν
1715 3174 1800 3226 αἰ·-

215 3268 476 3336 σθόμενος
506 3267 605 3334 τῆς
636 3267 966 3336 θεονύμςρου,
1003 3267 1155 3320 οὐδὲν
1183 3261 1278 3336 ἦν,
1312 3266 1340 3318 ὃ
1389 3265 1485 3318 τοῦ
1532 3265 1681 3334 ἱερυῦ
1722 3266 1796 3335 μὴ

213 3365 279 3430 τῇ
304 3361 572 3431 Παρθένῳ
605 3359 830 3430 ἀνέῳξε,
871 3360 967 3412 καὶΙ
998 3361 1174 3413 οῑκεῐν
1226 3357 1401 3426 αὐτὴν
1458 3357 1795 3425 οἰκειότερον

217 3453 434 3516 ἑαυτοῦ,
473 3454 527 3506 εἴ
552 3470 606 3504 τι
639 3453 734 3505 καὶ
781 3451 1003 3516 ἄϐατον,
1037 3449 1409 3520 διεψηφίζετο.
1455 3448 1550 3502 Ἐκ
1591 3447 1649 3500 δὲ
1680 3447 1798 3500 τού-

216 3563 305 3597 του
336 3545 502 3615 δῆλον
528 3545 604 3607 ὡς
630 3545 726 3597 καὶ
752 3545 928 3615 χαρᾶς
977 3541 1043 3596 ἂν
1103 3539 1172 3612 ἦν
1225 3541 1485 3610 ἔμπλεως
1548 3539 1792 3602 πάντως,

219 3642 470 3710 προορῶν
517 3639 706 3710 ὥσπερ
725 3641 824 3710 τὴν
856 3636 1357 3708 περιελευσομένην
1385 3635 1454 3686 τά
1502 3632 1800 3703 σύμπαντα

217 3735 391 3803 χαρὰν
420 3733 624 3802 διάτῆς
676 3732 1104 3802 ἐπιδημησάσης
1131 3731 1254 3799 ἄρτι
1279 3725 1356 3797 τῷ
1415 3725 1523 3795 νεῷ
1595 3725 1788 3794 κόρης.

219 4014 383 4068 modo
411 4012 478 4066 ad
513 4011 966 4065 commorandum
1006 4011 1060 4063 in
1099 4009 1303 4078 templo
1329 4008 1649 4061 advenerat.

288 4108 396 4162 IH'.
429 4109 540 4160 Καὶ
565 4107 708 4158 τοῦτ’
736 4105 803 4158 ἂν
828 4103 1176 4176 προσεφώνει
1209 4105 1276 4172 τῇ
1329 4103 1613 4169 πανάγνῳ,
1651 4100 1679 4152 ὃ
1705 4099 1801 4152 καὶ

223 4205 256 4273 η
287 4202 474 4265 ἄδολος
525 4198 736 4269 πληθὺς
763 4197 960 4250 ἔπειτα
990 4195 1128 4266 πρὸς
1158 4195 1251 4248 τὸν
1285 4194 1528 4262 Κτίστην
1555 4208 1572 4225 ο
1606 4192 1802 4246 E1316-

222 4293 448 4365 τημέγη
477 4293 516 4359 ὴ
547 4292 842 4360 ἐρχομένη
869 4288 1125 4354 ,βασιλὶς
1165 4287 1234 4339 ἐν
1266 4286 1513 4355 ὀνόματι
1543 4285 1762 4353 Κυρίου
1788 4300 1802 4314 ⁸

1908 3177 2152 3233 novitate
2207 3175 2382 3244 majus
2437 3173 2721 3243 quidpiam
2776 3170 3100 3232 lnnuebant,
3159 3176 3275 3222 tum
3324 3166 3491 3220 etlam

1907 3267 2092 3320 divina
2127 3267 2276 3319 intus
2305 3265 2450 3329 luce,
2482 3273 2541 3318 ut
2570 3272 2730 3332 puto,
2763 3271 3004 3315 ruentem
3032 3258 3206 3327 ipsius
3237 3254 3490 3324 splendi-

1904 3360 2031 3413 dius
2065 3374 2230 3427 quam
2265 3367 2426 3410 antea
2461 3355 2544 3409 vel
2572 3363 2762 3424 postea
2808 3353 3196 3413 collustrante,
3236 3345 3493 3401 animad-

1905 3454 2164 3506 vertisset
2186 3454 2295 3518 jam
2333 3449 2622 3504 advenisse
2658 3447 2751 3501 Dei
2783 3459 3076 3515 sponsam;
3113 3441 3265 3494 nulla
3300 3435 3492 3505 templi

1908 3561 2034 3614 pars
2067 3545 2190 3609 fuit,
2235 3557 2396 3612 quam
2455 3541 2663 3609 Virgini
2715 3539 2963 3609 perviam
3011 3551 3119 3589 non
3176 3534 3406 3592 faceret,
3439 3538 3496 3583 et

1908 3637 2112 3695 locum,
2149 3633 2192 3686 si
2230 3635 2356 3702 quis
2396 3642 2517 3686 erat
2553 3633 2608 3684 in
2644 3645 2808 3699 quem
2857 3628 3070 3682 inferre
3120 3623 3318 3694 pedem
3369 3619 3494 3674 aliis

1907 3727 1987 3779 fas
2015 3741 2122 3778 non
2159 3733 2324 3788 esset,
2366 3724 2514 3776 hunc
2548 3723 2623 3776 illi
2668 3721 2853 3790 potius
2881 3733 3044 3788 quam
3090 3716 3193 3771 sibi
3234 3715 3300 3767 ad
3334 3711 3496 3765 inha-

217 3825 504 3881 bitandum
535 3825 879 3896 designabat.
911 3824 952 3878 Ε
989 3823 1191 3891 quibus
1213 3823 1391 3892 palam
1473 3836 1606 3875 sane
1677 3818 2012 3883 ostenditur,

218 3920 476 3983 deretur,
538 3920 693 3988 quasi
755 3917 1112 3987 praesentiens
1164 3915 1458 3978 videlicet,
1515 3924 1784 3984 quantum
1815 3913 2004 3982 gaudii
2046 3913 2324 3967 universis
2359 3921 2652 3981 pararetur
2685 3925 2784 3980 per
2825 3923 2946 3962 eam
3023 3905 3283 3976 puellam,

2097 3834 2260 3889 quam
2310 3817 2518 3888 ingenti
2583 3817 2702 3885 ipse
2745 3814 2936 3868 laetitia
2968 3819 3236 3882 praterea
3272 3807 3499 3877 perfun'

3375 3915 3499 3969 quae

1985 4095 2176 4150 XVIII.
2208 4093 2442 4162 Insuper
2467 4093 2829 4154 crediderim,
2872 4089 2938 4142 ad
2982 4088 3220 4160 puellam
3255 4084 3494 4155 purissi-

1912 4202 2056 4241 mam
2091 4186 2143 4239 id
2197 4185 2354 4238 illum
2412 4184 2764 4244 inclamasse,
2813 4180 2960 4251 quod
3020 4179 3283 4244 deinceps
3330 4177 3496 4228 etiam

1914 4280 2183 4332 innocens
2206 4275 2554 4345 (puerorum)
2593 4275 2753 4329 turba
2795 4273 2862 4326 ad
2909 4271 3229 4326 Creatorem
3268 4284 3282 4320 :
3331 4267 3498 4318 Bene-

573 4356 814 4452 ούρανῷ
852 4383 952 4435 καί
979 4381 1130 4444 δόξα
1181 4381 1251 4433 ἐν
1278 4380 1587 4447 ὑψίστοις.
1643 4375 1804 4428 Ἀλλὰ
1841 4421 1884 4475 D

1841 4421 1884 4475 υ
1913 4373 2057 4424 dicta
2089 4385 2204 4439 qum
2226 4370 2365 4422 venit
2401 4370 2581 4436 regina
2609 4368 2664 4419 in
2700 4367 2906 4418 nomine
2942 4360 3214 4415 Domini”
3247 4375 3261 4412 :
3300 4356 3495 4411 Paxin

2000 4463 2010 4475 ι
2101 4471 2111 4475 -
2184 4460 2195 4475 ι
2267 4461 2274 4469 ·
2363 4460 2373 4470 ο
2492 4457 2546 4475 1.·
2587 4459 2621 4475 γ·
2686 4459 2718 4475 I-
2775 4455 2818 4475 η
2887 4453 3025 4475 Aut-
3063 4459 3107 4475 ,ι
3155 4451 3301 4475 ειι-....
3360 4460 3493 4475 mann

227 4480 322 4533 καὶ
346 4480 450 4548 τὴν
475 4477 774 4547 χαροποιδν
805 4474 870 4543 δὴ
898 4473 1108 4541 ταύτην
1150 4472 1217 4525 ἂν
1269 4471 1536 4540 προσεῖπε
1598 4466 1805 4536 φωνὴν,

227 4573 337 4641 ῆνὸ
376 4571 597 4638 βλέπων
625 4568 891 4636 Σοφονίας
931 4563 1348 4635 προεφθέγξατο
1373 4579 1386 4592 ·
1424 4560 1603 4627 Χαῖρε
1654 4558 1807 4626 σφό-

228 4663 360 4729 δρα,
393 4663 650 4730 θύγατερ
684 4658 858 4724 Σιὼν,
888 4657 956 4710 δι’
985 4653 1054 4728 ἦς
1076 4659 1104 4709 ὁ
1148 4657 1387 4725 Κτίστης
1441 4655 1535 4706 καὶ
1567 4651 1662 4704 νῦν
1713 4652 1809 4720 μὲν

229 4756 433 4823 χαίρει,
490 4753 550 4804 σὲ
579 4753 669 4804 τὸν
691 4751 1084 4820 λαμπρότατον
1117 4744 1267 4801 οἷκον
1302 4743 1649 4817 περικαλλῶς
1666 4744 1809 4814 ὀρῶν

228 4846 534 4914 ὑψούμενον
559 4844 660 4914 ἤδη
693 4846 791 4898 καὶ
844 4839 1426 4910 συναρμολογούμενον
1476 4838 1611 4906 πρὸς
1643 4836 1802 4903 οῐκη-

230 4953 313 4985 σιν
347 4933 552 4986 ἑαυτοῦ
579 4948 594 4963 ο
634 4935 940 5002 χαρήσεται
968 4932 1012 4983 δ’
1031 4931 1452 5001 ἐναργέστατον,
1514 4927 1601 4978 ὅτε
1631 4924 1807 4988 τοῦθ’,

226 5030 306 5082 ὅτι
351 5028 534 5097 χαίρει
572 5031 637 5097 τῇ
677 5030 742 5097 σῇ
782 5027 1122 5094 συνοικήσει,
1152 5021 1441 5086 δεικνύων,
1473 5020 1577 5089 τὴν
1629 5016 1805 5087 χαράν

1915 4463 2042 4516 caelo
2065 4471 2111 4514 et
2141 4460 2313 4530 gloria
2356 4460 2412 4512 in
2448 4457 2722 4511 altissimis
2773 4455 2840 4508 ’°.
2887 4453 3029 4519 Quin
3059 4459 3115 4506 et
3154 4451 3303 4504 illam
3360 4460 3494 4501 sane

1917 4555 2256 4609 laetissimam
2301 4555 2384 4618 (ut
2409 4551 2566 4620 puto)
2593 4564 2781 4603 vocem
2815 4546 3048 4608 addidit,
3071 4559 3178 4613 qua
3203 4542 3334 4595 olim
3363 4552 3497 4592 usus

1917 4655 2000 4700 est
2021 4643 2288 4714 propheta
2309 4641 2650 4711 Sophonias:
2675 4639 2878 4692 Latare
2898 4636 3068 4698 valde,
3087 4633 3204 4701 ﬁlia
3223 4627 3493 4699 Sion(65),

1917 4740 1984 4794 de
2036 4754 2143 4807 qua
2183 4736 2416 4791 Creator
2449 4743 2506 4788 et
2545 4749 2695 4787 nunc
2745 4731 2968 4800 quidem
3024 4726 3245 4798 gaudet,
3290 4733 3341 4776 te
3380 4722 3493 4790 jam

1918 4843 2154 4884 cernens
2186 4825 2689 4896 splendidissimam
2740 4821 2847 4876 sibi
2898 4820 3122 4873 domum
3174 4812 3492 4869 felicissime

1912 4935 2224 4990 assurgere,
2263 4926 2318 4972 et
2352 4918 2419 4972 ad
2477 4914 2898 4970 inhabitandum
2947 4920 3071 4981 apte
3123 4901 3488 4966 concinnari;

1916 5012 2175 5082 gaudebit
2224 5026 2354 5063 vero
2389 5007 2798 5066 vehementius.
2843 5002 3064 5073 quando
3109 4999 3177 5054 ad
3229 4998 3280 5052 id
3312 4994 3488 5065 palam

235 5134 317 5169 σοι
345 5087 415 5170 δι’
443 5087 686 5185 άγγέλου
717 5087 975 5187 μηνύσει,
995 5087 1073 5167 ⁷δι’
1107 5087 1174 5184 ἦν
1205 5114 1301 5164 καὶ
1357 5112 1477 5172 νόες
1530 5087 1819 5175 -άγαλλιά-
1913 5124 1916 5158 J

1805 5135 1819 5144 -
1913 5105 2253 5168 faciendum,
2297 5100 2670 5171 gratissimum
2713 5098 2926 5152 scilicet
2954 5095 3056 5149 sibi
3087 5108 3208 5148 esse
3235 5092 3288 5145 in
3328 5098 3380 5143 te
3405 5087 3486 5141 in-

305 5259 351 5290 ”
383 5257 529 5313 Psal.
567 5271 826 5320 Lxxxvin,
861 5255 946 5309 l5.

1024 5256 1068 5286 "
1103 5253 1263 5309 Joan.
1321 5269 1418 5317 xu,
1460 5251 1542 5306 l5.
1619 5249 1663 5280 '°
1693 5247 1826 5301 Luc.
1872 5262 1929 5310 ιι,
1967 5247 2027 5300 14

1491 5422 1632 5478 Ant.
1680 5408 1978 5474 Ballerini
2024 5418 2218 5471 notae.

307 5582 420 5646 (64)
453 5580 596 5634 Ει·(;ο
631 5573 1136 5646 frequentissimum
1169 5569 1468 5646 illud_apud
1503 5569 1811 5646 Patrcsen-

237 5638 477 5705 ι-ηιιιίιὶιιι
530 5663 638 5717 quo
670 5638 894 5714 Deipara
927 5646 1002 5717 uti
1031 5660 1058 5696 a
1094 5644 1201 5717 Deo
1229 5641 1493 5717 aediﬁcata
1526 5638 1814 5717 singulari-

239 5735 320 5776 tt-r
382 5710 719 5779 celebratur,
768 5710 1050 5785 'quodque
1101 5714 1167 5766 ad
1235 5711 1486 5785 ejusdem
1544 5710 1812 5785 o_riginem

240 5805 492 5848 si-Lctarc
539 5789 672 5843 alias
731 5779 836 5852 iam
887 5779 1395 5842 animadvertimus.
1449 5779 1606 5836 Conf.
1669 5789 1811 5835 orat.

1920 5565 2116 5620 Johan.
2146 5557 2492 5619 Eubmcnsis.
2521 5558 2547 5626 §
2576 5559 2664 5620 '25,
2697 5569 2817 5620 sup.
2861 5567 3001 5626 pag;
3023 5549 3142 5626 l0§,
3189 5545 3308 5626 ποι.

2333 5647 2412 5690 Ill,
2436 5613 2635 5704 ll."Sie
2653 5613 2842 5704 'vcrsio
3029 5621 3178 5704 .edita
3214 5613 3442 5704 auditio

1923 5691 2098 5774 Χαῖρέ
2128 5691 2379 5772 σφ’όδρη,
2435 5703 2681 5766 θύγατερ
2735 5692 2898 5747 Σιών.
2943 5691 3201 5760 ὶύΙιςειιυδ
3247 5696 3431 5740 noster
3468 5699 3483 5738 :

1922 5773 2131 5844 Lauda,
2153 5774 2268 5842 ﬁlia
2297 5773 2440 5826 Sion.
