4258 6364
710 402 777 460 5⁷1
1772 398 1870 456 [Si
1888 398 2067 457 DUlll
2110 391 2555 455 THESS.\LON
2568 388 2865 451 [CENSIS
3893 378 3967 439 60

711 508 985 568 habitare,
1016 508 1278 578 gaudium
1308 507 1404 563 tibi
1448 523 1544 577 per
1585 511 1839 577 angelum
1882 508 2239 563 denuntiabit
2273 524 2283 558 :
2320 510 2363 566 Λ

2320 510 2363 566 Λ
2398 520 2582 555 σονται
2611 499 2707 553 καὶ
2738 498 3023 569 ἄνθρωποι
3058 494 3443 566 σκιρτήσουσι,
3476 493 3572 547 καὶ
3622 491 3773 546 πᾶσα
3833 488 3973 559 λαμ-

710 607 937 668 propter
970 599 1115 667 quod
1167 608 1223 652 et
1266 600 1447 669 angeli
1507 600 1863 661 hctabnntur,
1912 612 1969 654 et
2030 599 2286 653 homines

710 690 1095 753 cxsullabunt,
1125 698 1181 743 et
1210 692 1481 745 universa:
1519 700 1787 744 creatura:
1821 691 2156 746 hilaritatem
2185 706 2280 745 ex-

712 780 1011 845 pliCabunt.

784 870 1028 926 Ulterius
1052 888 1175 941 qum
1212 883 1399 943 postea
1448 873 1515 926 ad
1546 873 1883 928 Salvatnrem
1928 877 2099 930 Deum
2141 876 2287 931 ulnis

713 962 829 1014 suis
880 974 1159 1032 receptum
1212 966 1411 1019 allatus
1469 975 1554 1018 est
1610 966 1852 1028 Simeou,
1897 968 2011 1021 ha2c
2048 985 2179 1021 sane
2232 980 2288 1023 et

712 1050 999 1103 liierarcba
1081 1053 1370 1118 Deiparam
1452 1056 1737 1122 excipiens
1816 1056 2286 1125 opportunissime

712 1138 852 1190 tinit
883 1157 895 1190 :
942 1139 1095 1191 Nunc
1137 1142 1377 1194 viderunt
1409 1144 1545 1196 oculi
1580 1147 1679 1198 mei
1709 1145 1971 1209 salutare,
2006 1149 2144 1215 quod
2188 1165 2286 1217 pa—

716 1243 739 1276 r
762 1235 892 1276 itur»
924 1240 995 1281 cst
1030 1240 1152 1281 ante
1177 1231 1365 1298 [aciem
1392 1234 1625 1284 omnium
1653 1232 1987 1301 populorum,
2017 1234 2191 1285 lumen
2220 1234 2289 1285 ad

716 1318 1087 1372 reuelationem
1111 1326 1366 1389 gentium,
1388 1331 1435 1375 et
1453 1325 1678 1392 gloriam
1700 1325 1862 1389 plebis
1884 1335 1987 1379 tute
2029 1325 2204 1378 Israel
2221 1328 2286 1378 3‘.

712 1409 923 1470 Quibus
946 1422 1002 1465 et
1038 1412 1171 1466 illud
1200 1415 1433 1483 adjecit,.
1469 1416 1618 1484 quod
1650 1416 1873 1471 divinus
1902 1418 2036 1472 Isaia
2064 1430 2292 1487 pr0pter

717 1502 1008 1555 hominum
1058 1506 1274 1559 dixerat
1325 1506 1488 1576 (66):
1528 1508 1711 1584 Nunc,
1763 1526 1794 1562 0
1845 1510 2046 1578 puella.
2099 1526 2198 1579 per
2240 1522 2292 1566 te

714 1594 1105 1651 itit/ebitomnis.
1137 1613 1259 1650 raro
1306 1597 1548 1652 salutare
1602 1600 1717 1652 Dei.
1778 1600 2074 1670 Ingredere
2128 1604 2293 1671 igitur

716 1687 1059 1740 conﬁdenter
1088 1690 1141 1741 in
1173 1691 1436 1759 templum
1472 1701 1718 1745 sanctum
1759 1701 1911 1747 tuum
1938 1711 1952 1760 ;
1984 1711 2110 1750 vere
2141 1696 2291 1750 enim

720 1789 874 1829 tuum
908 1780 1094 1847 potius
1135 1795 1298 1848 quam
1341 1782 1571 1835 alterius
1605 1783 1901 1852 cujuslibet
1931 1795 2014 1839 est
2046 1786 2149 1841 huc
2187 1787 2292 1840 do-

2394 592 2781 664 πρυνθήσεται
2803 588 3007 652 κτίσις.

2407 858 2582 915 "Et;
2617 860 2674 914 δὲ
2700 860 2797 914 καὶ
2823 856 2935 914 οἷον
2969 860 2997 912 ὁ
3032 858 3279 929 θεοδόχος
3308 855 3543 925 Συμεὼν
3578 854 3809 926 ὕστερον
3841 851 3977 922 πρὸς

2394 956 2485 1009 τὸν
2517 958 2770 1027 Σωτῆρα,
2800 955 3049 1010 τοιοῦτον
3076 954 3362 1008 κάνταῦθα
3415 954 3510 1005 καὶ
3543 953 3572 1004 ὁ
3623 952 3723 1020 τὴν
3778 948 3978 1002 6501:6—

2397 1066 2491 1101 κον
2527 1047 2927 1116 ὑποδεχόμενος
2987 1048 3255 1115 ίεράρχης
3313 1044 3459 1097 κατᾶ
3506 1043 3703 1114 καιρδν
3754 1044 3980 1113 εἴρηκεν

2397 1140 2462 1192 ἄν
2489 1157 2502 1169 ·
2540 1139 2669 1193 Νῦν
2707 1135 2875 1192 εἶδον
2913 1140 2967 1192 οί
2999 1138 3300 1207 ὀφθαλμοί
3326 1154 3447 1204 μου
3475 1135 3540 1189 τὸ
3568 1135 3889 1203 σωτήριον,
3947 1132 3979 1186 ὃ

2398 1232 2757 1301 ἡτοίμασται
2790 1232 2942 1285 κατὰ
2969 1232 3302 1296 πρόσωπον
3332 1228 3580 1281 πάντων
3640 1226 3757 1279 τῶν
3788 1224 3978 1287 .1αὼν,

2398 1322 2526 1393 φῶς
2564 1326 2653 1388 είς
2696 1322 3094 1390 ἀποκάλυψιν
3138 1321 3352 1385 ἐθνῶν,
3401 1320 3501 1373 καὶ
3559 1319 3750 1383 δόξαν
3822 1317 3981 1370 ⁸λαοῦ

2412 1416 2662 1482 Ἰσραήλ
2692 1432 2704 1445 ·
2736 1415 2833 1467 σὺν
2884 1415 3060 1484 τούτῳ
3083 1432 3142 1467 τε
3202 1412 3298 1467 καὶ
3345 1412 3406 1465 τὸ
3454 1413 3610 1482 παρὰ
3668 1408 3763 1461 τοῦ
3832 1408 3981 1460 θείου

2411 1507 2639 1559 Ἡσαΐου
2691 1507 2781 1558 διὰ
2830 1506 2923 1559 τὸν
2990 1504 3275 1575 Δεσπότην
3307 1517 3325 1532 ·
3381 1502 3477 1557 νῦν
3533 1501 3764 1569 ὄψεται,
3820 1499 3980 1568 κόρῖ,

2399 1597 2569 1654 πᾶσα
2597 1598 2755 1664 σὰρξ
2786 1597 2872 1649 διὰ
2899 1596 2994 1649 σοῦ
3034 1597 3099 1649 τὸ
3146 1596 3447 1663 σωτήριον
3490 1593 3596 1646 τοῦ
3634 1591 3780 1646 Θεοῦ
3802 1602 3843 1656 Ί
3867 1590 3981 1640 είδ-

2401 1690 2521 1742 ελθε
2570 1685 2663 1741 οὖν
2713 1688 3065 1758 θαρρούντως
3096 1689 3179 1749 εἰς
3214 1686 3345 1738 ναὸν
3380 1685 3537 1752 ἅγιόν
3584 1700 3701 1746 σου,
3732 1679 3892 1733 τοῦτο
3917 1679 3982 1747 δὴ

2400 1783 2461 1834 τὸ
2486 1784 2573 1834 σον
2606 1781 2745 1851 ὑπὲρ
2778 1782 2987 1843 πάντας
3014 1779 3232 1849 ἀληθῶς
3268 1775 3647 1843 καταγώγιον.
3687 1778 3788 1828 καὶ
3852 1775 3981 1826 ἐπι-

720 1872 1008 1936 ιιιίι·ἰιίιιιιι,
1043 1884 1091 1925 et
1117 1873 1418 1927 obliviscere
1446 1876 1661 1928 domum
1685 1878 1860 1945 patris
1884 1878 1983 1942 tui,
2012 1879 2135 1947 quia
2164 1896 2290 1934 con-
2321 1865 2371 1925 Β
2397 1913 2401 1927 ι

2321 1865 2371 1925 Β
2397 1874 2588 1927 λάθυυ
2619 1874 2723 1927 τοῦ
2751 1874 2923 1927 οἴκου
2949 1871 3055 1924 τοῦ
3077 1872 3305 1936 πατρός
3331 1884 3473 1933 σου,
3505 1868 3596 1921 ὅτι
3626 1870 3657 1921 ό
3680 1866 3982 1932 ,ϐασιλεὺς

719 1966 944 2029 rupiscet
976 1981 1067 2017 res:
1096 1965 1545 2034 pulchritudinem
1579 1978 1727 2022 tuam
1747 1971 1811 2022 ³¹.

791 2052 855 2105 Et
888 2069 1036 2105 nunc
1064 2070 1163 2122 ego
1195 2057 1417 2123 quidem
1457 2072 1650 2111 omnes
1680 2058 1843 2128 hujus
1874 2060 2060 2128 templi
2112 2071 2296 2130 portas

721 2145 817 2196 tibi
848 2146 948 2198 soli
984 2146 1198 2215 aperio,
1230 2156 1285 2202 et
1320 2155 1379 2199 ut
1417 2148 1588 2204 libere
1624 2150 1775 2204 intus
1804 2166 1958 2206 sacra
1991 2156 2295 2222 penetralia

720 2238 913 2301 pedem
947 2239 1173 2299 inferas,
1207 2256 1318 2309 quo
1354 2240 1542 2306 libeat,
1582 2244 1862 2311 permitto.
1915 2245 1993 2299 Tu
2030 2263 2159 2301 vero
2200 2248 2296 2302 uni

717 2330 989 2384 conditori
1018 2341 1111 2383 tuo
1136 2333 1318 2386 cordis
1346 2334 1419 2387 tui
1439 2343 1623 2402 portas
1648 2337 1941 2403 reserabis,
1960 2338 2294 2410 eﬂiciesque,

723 2432 781 2473 ut
806 2421 975 2476 libere
1011 2425 1216 2477 morari
1252 2424 1397 2477 intra
1434 2434 1482 2479 te
1524 2427 1717 2494 possit,
1750 2428 1802 2480 in
1842 2444 1949 2497 qua
1990 2430 2105 2483 sola
2138 2432 2299 2485 inha-

723 2514 900 2567 lsitare
949 2518 1163 2579 statuit,
1198 2526 1255 2569 et
1288 2532 1453 2586 quam
1504 2534 1572 2572 ex
1607 2519 1867 2576 omnibus
1915 2520 2132 2578 tiliabus
2164 2522 2298 2578 Sion

722 2607 827 2658 sibi
854 2607 1078 2676 delegit.
1950 2681 1961 2685 _

791 2699 945 2763 Quod
979 2702 1022 2753 si
1052 2710 1109 2753 et
1139 2717 1342 2755 novum
1382 2702 1547 2756 modo
1582 2713 1637 2756 et
1668 2705 1897 2759 omnino
1943 2689 2146 2775 praeter
2182 2722 2302 2762 mo-

725 2808 838 2844 rem
873 2794 1095 2854 accidit,
1134 2802 1191 2847 ut
1227 2805 1481 2849 reserata:
1514 2812 1707 2850 omnes
1730 2797 1826 2850 tibi
1856 2808 2081 2866 pateant
2107 2802 2298 2870 templi

719 2887 939 2951 januae;
978 2898 1033 2939 at
1076 2903 1221 2941 nunc
1264 2888 1469 2956 pariter
1504 2891 1680 2958 majus
1716 2890 1920 2959 aliquid
1957 2892 2026 2946 de
2063 2900 2114 2947 te
2157 2895 2303 2949 Deus

727 2981 780 3030 in
822 2981 978 3034 cadis
1036 2980 1300 3049 disponit,
1356 2993 1411 3035 et
1466 2983 1719 3037 cmlestes
1772 2984 1866 3037 tibi
1910 2994 2096 3053 portas
2124 2989 2300 3042 attolli

718 3070 893 3137 jubet,
920 3081 979 3126 ut
1028 3072 1092 3126 ad
1149 3074 1300 3127 illum
1345 3075 1521 3143 ipsum
1575 3076 2031 3142 iuaecessibilem,
2080 3080 2301 3135 nemine

725 3162 821 3215 tibi
855 3162 1186 3224 obsistente,
1217 3164 1479 3217 accedere
1538 3181 1824 3235 properes,
1887 3168 2301 3237 pulchritudine

731 3268 820 3307 tua
863 3255 1066 3309 t-llicias
1099 3257 1235 3325 (67),
1293 3266 1353 3311 ut
1404 3258 1456 3310 in
1491 3259 1653 3311 terris
1686 3273 1809 3313 sese
1847 3264 2302 3331 conspiciendum

728 3351 841 3425 ipse
876 3350 1156 3412 exhibeat,
1199 3346 1253 3405 el
1294 3352 1418 3405 luce
1454 3369 1551 3405 sua
1595 3358 1918 3410 universum
1958 3360 2145 3411 orbem
2196 3373 2305 3426 prae

728 3444 850 3496 luce
874 3443 1041 3496 solari
1075 3444 1363 3498 illuminet.
1418 3446 1561 3499 Ecce
1612 3448 1839 3501 domum
1881 3450 2123 3512 Domini,
2163 3451 2306 3505 intra

729 3551 892 3601 quam
912 3535 1078 3589 semel
1105 3544 1315 3589 tantum
1342 3535 1394 3588 in
1420 3552 1564 3589 anno
1586 3554 1803 3591 summo
1823 3540 2091 3593 sacerdoti
2115 3542 2306 3609 pedem

735 3629 941 3681 inferre
972 3644 1069 3696 per
1104 3629 1278 3697 legem
1314 3630 1461 3692 licet,
1503 3630 1598 3684 tibi
1638 3631 1817 3695 trado,
1856 3634 2083 3701 utjuxta
2106 3634 2307 3687 Psaltis

732 3735 920 3772 vocem
949 3720 1001 3771 iu
1032 3736 1091 3772 ea
1127 3721 1381 3773 inhabiles
1414 3724 1465 3773 in
1498 3710 1877 3790 longitudinem
1897 3724 2100 3777 dierum
2124 3726 2187 3777 ³³.
2226 3726 2303 3777 Tu

734 3826 864 3863 vero
918 3826 1025 3863 non
1068 3812 1242 3863 multo
1283 3821 1406 3880 post
1455 3812 1604 3865 intus
1660 3814 2008 3883 temetipsam
2048 3832 2305 3884 magnum

736 3903 1058 3977 l‘outilicem
1093 3903 1373 3957 Christum
1409 3904 1661 3970 habebis,
1716 3906 2003 3975 ipsumque
2046 3907 2113 3960 ad
2164 3909 2309 3960 mul—

738 4008 849 4047 tum
885 3996 1148 4064 temporis
1175 3997 1435 4063 gestabis.
1466 3996 1567 4049 Abi
1603 3997 1789 4066 igitur,
1818 4014 1850 4051 ο
1874 3998 2001 4061 ﬁlia,
2029 3998 2081 4051 in
2105 3998 2305 4053 Sancta

741 4095 1078 4145 sanctorum,
1119 4101 1241 4153 quae
1273 4096 1585 4138 sanctorum
1613 4087 1859 4139 omnium
1896 4088 2302 4143 sanctissimum

736 4192 797 4230 es
824 4186 1143 4245 exceptura,
1193 4187 1250 4231 et
1305 4179 1649 4231 sanctitatem
1701 4179 1962 4232 omnibus
2017 4180 2300 4248 largitura.

735 4272 968 4335 Accede,
1016 4272 1245 4341 Regina,
1295 4282 1349 4326 et
1414 4273 1555 4327 hanc
1602 4287 1733 4327 sane

2398 1966 2505 2019 τοῦ
2534 1966 2652 2019 σοῦ
2688 1965 2965 2030 κάλλους
2994 1962 3386 2031 ἐπιθυμήσει.

2459 2062 2567 2113 Καὶ
2591 2060 2685 2113 νῦν
2712 2059 2824 2127 ἐγὼ
2863 2059 2963 2128 μὲν
2994 2060 3094 2122 τὰς
3136 2058 3230 2110 τοῦ
3262 2056 3368 2109 νεὼ
3394 2057 3551 2110 τοῦδε
3598 2056 3735 2126 μόνῃ
3770 2072 3853 2108 σοι
3878 2053 3980 2106 πύ·

2397 2152 2498 2213 λας
2532 2152 2826 2221 ἀνοίγνυμι
2862 2152 3064 2214 πάσας,
3101 2151 3194 2203 καὶ
3222 2152 3342 2218 μετ’
3366 2149 3687 2218 ἐλευθερίας
3719 2148 3826 2201 τῶν
3859 2146 3983 2200 ἀδύ-

2398 2264 2507 2299 των
2540 2246 2691 2298 ἕνδον
2724 2248 2948 2315 χωρεῖν,
2978 2246 3104 2297 δποι
3165 2243 3369 2312 βούλει,
3432 2241 3755 2313 παραχωρῶ
3783 2259 3798 2273 ·
3839 2242 3901 2293 σὺ
3931 2241 3988 2293 δὲ

2405 2338 2551 2408 μόνῳ
2573 2337 2652 2408 τῷ
2682 2337 2896 2406 πλάστῃ
2930 2337 3029 2398 τὰς
3063 2336 3240 2399 πύλας
3304 2336 3403 2403 τῆς
3466 2335 3565 2403 σῆς
3616 2335 3987 2395 ἀναπετάσεις

2407 2431 2660 2502 καρδίας,
2700 2430 2795 2483 καὶ
2819 2429 2972 2482 ἔνδον
3002 2427 3331 2497 ἐλευθερίως
3375 2428 3607 2479 ἐνοικεῖν
3664 2443 3747 2477 σοι
3803 2442 3988 2493 παρα⁹

2407 2525 2721 2587 σκευάσεις,
2758 2525 2818 2576 ἐν
2844 2518 3181 2596 κατοικεῖν
3218 2520 3518 2591 ῄρετίσατο
3550 2520 3710 2591 μόνῃ,
3770 2520 3866 2570 καὶ
3919 2519 3985 2588 ἢν

2403 2620 2469 2671 ἐκ
2496 2618 2606 2670 τῶν
2654 2616 2985 2684 θυγατέρων
3015 2614 3152 2665 Σιὼν
3176 2613 3406 2666 ἁπασῶν
3442 2611 3745 2676 ἐξελέξατο.

2471 2710 2607 2773 Νῦν,
2641 2711 2689 2761 εἰ
2733 2710 2827 2762 καὶ
2864 2708 3013 2772 ξένον
3053 2709 3148 2761 καὶ
3180 2707 3336 2777 παρὰ
3369 2705 3429 2759 τὸ
3463 2705 3679 2769 εἰωθὸς,
3731 2706 3812 2757 δτι
3842 2703 3990 2755 κλει-

2404 2802 2493 2864 δὸς
2527 2801 2795 2871 ἐλευθέρα
2831 2802 2927 2855 τοῦ
2968 2801 3118 2871 ἱεροῦ
3180 2802 3331 2853 πᾶσα
3410 2800 3741 2853 καθίσταται
3821 2797 3988 2866 πύλη,

2405 2895 2544 2957 ἀλλά
2564 2912 2615 2947 τι
2646 2894 2831 2963 μεῖζον
2853 2894 2993 2964 ὑπὲρ
3025 2892 3119 2946 σοὖ
3135 2896 3229 2946 καὶ
3259 2892 3354 2946 νῦν
3385 2893 3496 2947 ἄνω
3516 2892 3648 2953 Θεὸς
3670 2888 3990 2952 διατίθεται,

2407 2988 2502 3040 καὶ
2532 2990 2629 3049 τὰς
2663 2988 2950 3056 οὐρανίους
3000 2987 3181 3057 αἴρειν
3214 3004 3297 3039 σοι
3326 2987 3654 3056 προστάττει
3679 2982 3874 3047 πύλας,
3906 2982 3994 3034 ἵνα.

2408 3081 2543 3151 πρὸς
2573 3080 2665 3131 τὸν
2702 3080 2861 3148 μόνον
2891 3080 3058 3133 αὑτὸν
3088 3078 3311 3141 ἄϐατον,
3350 3076 3686 3145 μηδενός-σοι
3719 3090 3992 3141 προσιστα

2412 3176 2597 3244 μένου,
2626 3174 2862 3245 φθάσῃς,
2889 3174 2984 3227 καὶ
3012 3174 3165 3226 κάτω
3188 3172 3385 3242 πείσῃς
3422 3171 3507 3224 διὰ
3538 3170 3634 3237 τὴν
3653 3170 3749 3237 σὴν
3763 3167 3993 3234 ἀγλαΐαν

2406 3265 2597 3318 τοῦτον
2628 3265 2885 3334 φανῆναι,
2919 3265 3014 3316 καὶ
3037 3264 3175 3332 ὑπὲρ
3198 3262 3350 3332 ἦλιον
3378 3260 3695 3331 λαμπρῦναι
3732 3261 3831 3330 τὴν
3860 3260 3989 3329 γῆν,

2402 3356 2498 3409 νῦν
2534 3355 2633 3425 μὲν
2672 3354 2975 3407 κατοικεῖν
2999 3370 3057 3405 σε
3082 3353 3152 3406 ἐν
3190 3354 3336 3419 οἴκῳ
3380 3352 3588 3422 Κυρίου
3642 3354 3729 3418 εἰς
3761 3352 3989 3419 μακρό-

2405 3467 2551 3515 τητα
2579 3448 2836 3518 ἡμερῶν,
2870 3446 3164 3516 ψαλμικῶς
3205 3448 3402 3510 εἰπεῖν,
3430 3445 3704 3513 ἐνδίδωμι,
3740 3443 3868 3496 ἔνθα
3896 3442 3992 3496 τοῦ

2408 3541 2659 3594 ἐνιαυτοῦ
2701 3540 2850 3603 ἅπαξ
2904 3538 3133 3591 εἰσιέναι
3179 3537 3269 3589 τὸν
3322 3536 3588 3606 ἀρχιερέα
3647 3533 3933 3603 νομίζεται
3969 3549 3985 3566 ο

2416 3633 2479 3683 σὺ
2500 3633 2555 3683 δὲ
2593 3631 2708 3700 μετ’
2737 3630 2919 3697 ὀλίγον
2951 3629 3042 3681 τὸν
3078 3628 3251 3697 μέγαν
3273 3627 3539 3697 ἀρχιερέα
3570 3625 3809 3695 Χριστὸν
3841 3624 3990 3677 ἔνδον

2414 3722 2558 3785 ἕξεις
2590 3721 2824 3787 σαυτῆς,
2860 3721 2955 3771 καὶ
2978 3720 3167 3772 τοῦτον
3202 3717 3497 3786 βαστάσεις
3530 3716 3848 3784 παραπολύ.
3887 3715 3994 3767 'th

2416 3814 2616 3873 τοίνυν,
2650 3807 2694 3864 ὦ
2726 3813 2988 3881 θύγατερ.
3022 3812 3102 3872 είς
3149 3810 3215 3862 τὰ
3262 3809 3372 3861 τῶν
3397 3808 3571 3875 ἁγίων
3603 3809 3795 3872 Ἅγια,
3835 3806 3995 3875 ἡτῶν

2416 3906 2590 3971 ἁγίων
2621 3905 2879 3958 ἁπάντων
2914 3904 3221 3969 ἁγιώτατον
3253 3900 3649 3968 ὑποδεξομένη,
3676 3899 3768 3950 καὶ
3798 3899 3856 3949 τὸ
3883 3898 3995 3949 πᾶν

2418 3997 2737 4062 ἁγιὰσουσαο
2763 3995 3007 4066 πρόσιθι,
3035 3994 3593 4064 βασιλ“ις,ταλαμπρα
3609 3993 3673 4060 δὴ
3704 3991 3881 4045 ταῦτα
3900 3992 3996 4043 καὶ

2411 4088 2478 4139 τὰ
2512 4087 2757 4154 βασίλεια
2780 4086 3067 4155 δεχομένη,
3092 4089 3124 4155 ἡ
3157 4088 3249 4139 τον
3280 4085 3374 4139 τοῦ
3411 4086 3609 4148 παντὸς
3639 4083 3865 4154 βασιλέα
3894 4085 3961 4151 βα
3981 4113 3995 4124 ο

2415 4179 2627 4240 σιλικὰς
2666 4180 2777 4240 τοῖς
2815 4182 2871 4231 ἐν
2896 4183 2965 4249 γῇ
3000 4182 3306 4250 παρασχεῖν
3346 4181 3575 4249 χάριτας
3602 4178 3995 4233 ἁναπείσουσα.

1831 4274 2173 4342 splendidam
2228 4292 2292 4329 ac
2332 4275 2536 4345 regiam
2575 4274 2759 4328 sedem
2796 4286 2853 4330 tu
2907 4274 3116 4345 accipe,
3153 4291 3275 4345 qua:
3338 4275 3540 4344 Regem
3606 4273 3994 4332 universorum

806 4428 847 4458 ³¹
883 4427 1016 4483 Luc.
1044 4444 1104 4491 ιι,
1136 4425 1325 4512 ,ὅθ-55.
1403 4428 1447 4459 ³¹
1484 4429 1625 4485 Psal.
1668 4446 1811 4493 xuv,
1842 4429 1927 4494 ll,
1958 4430 2040 4483 lit.
2120 4431 2164 4463 ³³
2196 4432 2344 4485 Psal.
2371 4448 2506 4498 χχιι,
2536 4433 2589 4488 6.

1159 4526 1205 4541 .x

2002 4554 2139 4610 Ant.
2193 4550 2489 4613 Ballerini
2533 4560 2724 4614 notae.

807 4671 917 4737 (66)
967 4673 1070 4728 lsa.
1125 4690 1211 4735 XL,
1265 4674 1317 4734 5,
1379 4680 1489 4728 sec.
1526 4673 1663 4727 LXX
1701 4690 1715 4724 :
1760 4673 1864 4727 Kal
1899 4654 2105 4739 ausim
2137 4671 2304 4725 πᾶσα
2335 4674 2385 4733 D
2484 4672 2733 4729 Andreas
2784 4672 3062 4729 Cretensis
3115 4673 3204 4739 (.n
3250 4673 3429 4727 Natio.
3479 4670 3628 4737 Deip.
3656 4672 3797 4737 apud
3827 4672 3996 4728 Com-

735 4743 891 4813 σὰρξ
922 4743 987 4794 τὸ
1011 4744 1311 4808 σωτήριον
1339 4744 1441 4796 τοῦ
1475 4744 1641 4797 Θεοῦ.
1691 4744 1957 4813 Vulgatus
2002 4745 2153 4811 juxta
2195 4742 2303 4794 He-

734 4812 981 4883 braicum
1016 4822 1222 4883 textum
1252 4814 1380 4883 legit
1412 4833 1421 4865 :
1446 4814 1513 4866 Et
1539 4813 1728 4867 videbit
1752 4812 1921 4866 omnis
1939 4830 2062 4866 caro
2085 4813 2307 4883 pariter,

732 4882 872 4955 quod
903 4900 957 4934 os
1000 4882 1215 4935 Domini
1242 4881 1469 4937 locutum
1502 4893 1597 4937 est.
1627 4883 1804 4938 Lucas
1848 4895 2029 4938 tamen
2059 4883 2078 4955 (
2108 4899 2183 4946 ιιι,
2225 4881 2257 4935 6
2289 4883 2306 4952 )

731 4952 933 5023 (irsecze
964 4955 1198 5023 yerSinui
1230 4971 1290 5007 su
1302 4955 1580 5023 tlragatur.

809 5022 921 5086 (67)
954 5022 1232 5090 Frequens
1280 5022 1423 5092 apud
1478 5027 1665 5079 Patres
1717 5024 1958 5079 occurrit
2012 5024 2310 5087 sententia,

734 5100 935 5145 saneta:
990 5092 1228 5159 Virginis
1280 5095 1746 5161 pulchritudinem
1799 5094 2084 5158 eﬂ'ecisse,
2137 5105 2195 5149 ut
2245 5096 2310 5149 ad

735 5163 908 5225 ipsam
953 5163 1003 5214 in
1056 5173 1230 5217 terras
1265 5163 1354 5217 Dei
1411 5167 1643 5218 \‘erbum
1680 5164 2058 5218 descenderet.
2104 5164 2213 5226 Sic,
2249 5172 2309 5217 ut

738 5233 999 5283 nonnulla
1050 5248 1239 5285 eorum
1283 5234 1399 5287 loca
1442 5236 1687 5293 inuuam,
1739 5244 1932 5287 auctor
1980 5235 2219 5287 humilia:
2251 5234 2304 5287 in

735 5307 974 5374 (ιιιητιηι.
1027 5301 1295 5374 Dciparze
1319 5306 1460 5356 inter
1486 5304 1662 5372 Opera
1706 5304 2081 5374 Chrysostomi
2116 5306 2135 5373 (
2168 5314 2299 5356 tom.

739 5370 829 5429 XI,
883 5387 1005 5438 pug.
1055 5371 1177 5434 8ri0,
1213 5372 1345 5425 edit.
1391 5370 1587 5437 Paris.,
1636 5374 1794 5440 17⁸28)
1823 5370 1843 5425 ἐ
1877 5373 2051 5438 Supra
2096 5370 2303 5426 omnem

734 5450 1034 5491 creaturam
1079 5451 1269 5495 ornata
1320 5459 1393 5504 es,
1438 5461 1594 5511 super
1645 5443 1799 5496 cmlos
1849 5446 2131 5504 decorata,
2189 5444 2304 5510 plus

734 5526 895 5574 quam
933 5511 1014 5561 sul
1043 5511 1227 5581 fulges,
1262 5530 1419 5580 supra
1460 5515 1674 5582 angelos
1712 5512 1949 5566 exaltata
1992 5531 2067 5575 es,
2098 5530 2198 5566 non
2228 5530 2313 5566 as-

735 5591 946 5645 sumptu
984 5596 1033 5632 es
1070 5584 1119 5633 in
1156 5584 1333 5643 ceclos,
1362 5585 1452 5635 sed
1492 5586 1546 5635 in
1592 5584 1747 5635 terris
1793 5601 2010 5636 manens
2055 5583 2314 5637 caelestem

739 5647 1020 5723 heminam
1036 5669 1096 5703 ac
1117 5652 1305 5723 Regem
1328 5655 1557 5705 omnium
1583 5654 1651 5705 ad
1676 5664 1723 5705 te
1746 5655 2018 5706 attraxisti
2041 5654 2196 5709 £111.?
2219 5654 2316 5706 ἐπὶ

741 5716 847 5790 rvit:
893 5717 1005 5790 γῆς
1060 5716 1346 5789 ίσταᾷιένη
1399 5723 1506 5775 τὸν
1554 5724 1836 5789 οὐράνιοι·
1865 5726 2177 5790 Δεσπότην
2220 5724 2316 5776 καί

732 5788 1000 5851 ,βασιλέα
1037 5790 1151 5846 τῶν
1178 5788 1459 5849 ἁπάντων
1485 5788 1814 5848 incendam
1856 5795 2001 5861 πρὸς
2043 5788 2315 5861 ἑαυτήν).

2415 4745 2573 4800 belis.
2630 4754 2776 4798 auct.
2843 4745 2952 4797 \‘ol.
3020 4744 3061 4807 l,
3120 4745 3225 4797 col.
3274 4743 3641 4813 1524-1325);
3673 4742 3838 4813 Cujus
3878 4747 3998 4797 ani-

2419 4831 2519 4868 mw
2551 4816 2761 4884 quidem
2789 4824 3069 4884 venustans
3093 4830 3254 4883 usque
3276 4815 3407 4866 adeo
3440 4813 3491 4863 in
3524 4812 3841 4884 immensum
3872 4831 3997 4880 pro-

2420 4882 2571 4937 vecta
2591 4893 2686 4946 est,
2718 4893 2774 4936 ut
2807 4882 3048 4937 Christus
3074 4882 3201 4950 ipse,
3232 4886 3484 4937 immensa
3519 4882 3615 4934 illa
3639 4882 3995 4950 pulchritudo,

2421 4956 2534 5021 ejus
2567 4954 2823 5008 desiderio
2853 4955 3131 5021 exarserit,
3173 4954 3557 5018 secundamque
3598 4969 3661 5004 ex
3700 4954 3813 5020 ipsa
3850 4957 3995 5008 nati-

2420 5018 2638 5078 vitatem
2670 5024 2885 5091 elegerit
2906 5018 3035 5087 (Ἦς
3063 5024 3124 5075 τὸ
3155 5025 3257 5091 μὲν
3278 5023 3375 5089 τῆς
3404 5024 3579 5089 ψυχῆς
3612 5018 3807 5085 καλλος
3838 5026 3995 5076 ἀπει-

2425 5096 2582 5161 ράκις
2638 5092 2882 5162 ἀπείρως
2936 5095 3015 5156 είς
3064 5094 3317 5145 τοσοῦτον
3367 5092 3650 5160 ἐξῄρηται.
3709 5093 3857 5154 ὅπως
3900 5097 3996 5147 καὶ

2419 5166 2652 5230 Χριστὸν
2707 5164 2867 5216 αὐτὸν
2912 5166 2971 5217 τὸ
3020 5164 3301 5231 ἀμήχανον
3353 5164 3543 5220 καλλος
3588 5163 3664 5220 είς
3696 5162 3996 5228 ἐπιθυμίαν

2414 5235 2508 5286 τοῦ
2543 5234 2748 5301 ταύτης
2778 5234 3007 5291 κάλλους
3034 5233 3324 5296 emam").
3355 5231 3410 5284 ld
3443 5232 3651 5285 centies
3691 5243 3745 5285 et
3781 5233 3831 5285 in
3884 5234 3996 5286 Me-

2414 5305 2547 5359 nreis
2572 5305 2883 5358 Grieeorum
2914 5304 3129 5372 legitur.
3163 5303 3252 5356 Sic
3287 5303 3352 5355 ad
3383 5302 3525 5370 diem
3574 5302 3642 5354 29
3691 5301 3847 5353 Febr.
3887 5301 3995 5357 Ode

2414 5373 2511 5438 ςί
2556 5375 2690 5427 Cum
2736 5383 2783 5427 te
2824 5384 3002 5442 utpote
3049 5372 3345 5439 pulchrum,
3394 5380 3569 5439 utpote
3620 5382 3913 5442 venustam.
3961 5390 3991 5427 ο

2410 5445 2636 5511 cujusvis
2672 5444 2801 5496 labis
2868 5440 3073 5512 penitus
3106 5458 3309 5510 expers,
3353 5441 3614 5493 dilexisset
3667 5440 3817 5495 Jesus
3876 5445 3997 5511 pul-

2411 5514 2724 5568 chritudinis
2752 5516 2998 5576 donator,
3017 5528 3077 5565 ea:
3103 5521 3150 5563 te
3172 5512 3456 5563 secundum
3481 5529 3687 5564 carnem
3714 5524 3867 5564 natus
3895 5524 3990 5571 est.

2415 5595 2459 5636 et
2487 5593 2698 5652 propter
2732 5585 3044 5637 immensam
3069 5585 3317 5650 pietatem
3347 5597 3494 5632 suam
3531 5598 3609 5632 me
3644 5584 3711 5633 ad
3742 5583 3993 5636 deitatem

2416 5656 2579 5707 evehit
2616 5672 2627 5684 ·
2649 5655 2730 5719 ὡς
2753 5653 2969 5717 καλὴν,
2993 5652 3072 5716 ὠς
3103 5652 3328 5718 ὡραίαν
3358 5656 3632 5717 ποθήσας
3659 5667 3732 5704 σε
3775 5656 3805 5704 ὁ
3838 5656 3990 5705 καλ·

2419 5726 2663 5789 ,ιοποιὸς
2728 5723 2988 5794 Ἰησοῦς,
3042 5719 3463 5794 ,τανιιμῴμῃτε,
3518 5722 3587 5794 ἐξ(
3637 5721 3753 5773 σοῖν
3812 5723 3990 5794 carui

2426 5789 2807 5861 τίει-ἑρμηνία,
2828 5792 2922 5846 καί
2961 5792 3173 5861 θεοΤμε
3199 5791 3271 5843 δι’
3304 5789 3508 5845 οἶκτοι·
3538 5789 3915 5862 (ίμέτλιῑιτοινι.
