4258 6364
759 414 827 472 75

1851 389 2147 453 lSlDOllI
2187 387 2933 452 THESSALONICENSIS

3940 385 4011 448 76

758 521 906 595 quod
943 523 1150 591 pariter
1190 514 1421 571 affirmat
1453 507 1680 566 divinus
1720 507 1810 563 ille
1855 506 2058 561 Paulus
2106 504 2175 569 ‘°,
2210 519 2335 559 cum
2363 513 2409 569 Α

2330 513 2409 569 ιΑ
2443 503 2551 566 θῶς
2583 497 2726 557 εἶναι
2771 501 2950 556 πάντα
2988 499 3185 569 χαρᾶς,
3222 494 3596 564 ἀγαλλιάσεως
3644 494 3847 565 πλήρη,
3880 516 4011 565 φαι..

756 632 879 678 nos,
932 624 1169 683 quorum
1220 619 1383 662 causa
1424 616 1575 658 nunc
1612 598 1790 655 omnis
1819 605 2067 652 creatura
2098 596 2325 665 patitur,

759 706 1008 764 caelestia
1043 700 1227 769 adepti
1268 695 1561 751 fuerimus.
1596 690 1792 745 Omnia
1843 689 2029 756 itaque
2062 687 2327 741 hodierna

2433 595 2651 665 δρότητι
2680 592 3089 662 διαλάμποντα,
3121 590 3324 659 ἀγλαΐᾳ
3357 587 3674 659 παντοδαπῇ
3703 590 3796 642 καὶ
3822 589 4010 660 χάριτι

2437 686 2745 739 στίλὸοντα.

763 805 852 857 die
904 794 1103 867 gaudio
1154 787 1456 851 exundant,
1505 780 1690 837 omnia
1737 777 2124 835 exsultationis
2170 776 2332 845 plena
2370 785 2521 840 sunt,
2589 776 2865 835 hilaritate
2911 771 3200 843 fulgentia,
3248 772 3399 827 omni
3467 769 3759 841 splendore
3809 788 3871 827 ac
3917 789 4014 830 ve-

763 901 978 948 nustate
1014 884 1319 941 rutilantia.

832 986 921 1041 IV.
951 981 1108 1050 Quod
1149 990 1282 1032 vero
1327 974 1382 1027 in
1430 968 1713 1025 communi
1749 967 2020 1031 omnium,
2068 969 2341 1035 quotquot

763 1085 1004 1137 exstant,
1034 1069 1243 1133 laetitia,
1273 1065 1363 1119 ille
1392 1061 1653 1131 nequitiae
1677 1060 1875 1114 artifex
1905 1072 1976 1111 ne
2005 1070 2177 1145 prope
2207 1052 2338 1145 qui-

765 1176 890 1227 dem
924 1164 1188 1222 accedere
1238 1156 1304 1211 ad
1332 1156 1474 1209 hanc
1504 1151 1905 1224 iucunditatem
1931 1144 2152 1209 audeat,
2199 1144 2340 1199 nihil

762 1271 846 1317 cst
877 1253 1208 1312 mirandum.
1243 1248 1382 1303 Cum
1407 1244 1552 1299 enim
1580 1248 1773 1311 sponte
1819 1254 1914 1293 sua
1958 1236 2202 1292 tenebris
2232 1236 2340 1290 illis

764 1366 885 1406 sese
927 1347 1045 1417 ipse
1082 1337 1439 1400 immerserit,
1478 1348 1608 1388 sane
1644 1330 1837 1384 volens
1868 1330 2193 1397 pravitatem
2226 1342 2339 1380 non

764 1416 978 1509 cffugit,
1015 1450 1117 1489 nec
1158 1429 1462 1486 claritatem
1496 1421 1772 1492 quaesivit,
1803 1418 1901 1474 sed
1951 1419 2191 1489 perstitit
2235 1416 2342 1470 illis

766 1532 902 1602 ipsis
933 1542 1055 1584 sese
1103 1523 1385 1579 obiectans
1416 1513 1677 1577 miseriis,
1717 1511 1772 1566 in
1818 1525 1955 1581 quas
1988 1510 2179 1577 utique
2210 1522 2339 1576 pro.

767 1599 954 1693 lapsus
979 1626 1083 1674 est.
1116 1614 1446 1679 Quicunque
1495 1621 1664 1676 porro
1714 1614 1896 1659 mente
1940 1599 2339 1693 praeditisunt,

769 1689 919 1770 haud
971 1718 1276 1764 consonum
1330 1699 1535 1754 rationi
1589 1697 1777 1759 fuerit,
1826 1701 1886 1748 ut
1925 1692 2012 1746 vel
2068 1689 2225 1745 inviti
2278 1703 2344 1743 ea

770 1807 1173 1877 adipiscantur,
1225 1809 1350 1866 qua:
1397 1789 1702 1847 voluntatis
1757 1785 1991 1840 arbitrio
2030 1792 2161 1837 sunt
2205 1778 2341 1836 sub-

766 1899 942 1970 iecta;
994 1905 1116 1962 quae
1163 1886 1312 1942 enim
1346 1880 1597 1955 quisquis
1628 1877 1833 1970 reiicit,
1867 1888 2211 1970 nequaquam

769 1963 874 2050 est,
915 1993 976 2038 ut
1000 1992 1193 2036 eorum
1230 1974 1506 2047 particeps
1536 1970 1655 2039 ipse
1683 1965 1899 2021 evadat.
1941 1963 2060 2017 Non
2089 1968 2217 2050 erat
2232 1963 2342 2050 igi—

772 2048 871 2132 turi
914 2090 945 2129 e
1002 2073 1085 2136 re',
1139 2068 1206 2123 ad
1240 2062 1441 2119 laetitiae
1470 2057 1784 2116 convivium
1835 2061 2137 2123 apostatam
2189 2048 2344 2103 illum

773 2169 1064 2227 advocare,
1102 2159 1196 2230 qui
1220 2171 1324 2212 nec
1346 2153 1546 2226 gaudio
1577 2150 1703 2204 inde
1727 2146 1958 2203 affectus
1988 2144 2107 2213 ipse
2128 2141 2344 2206 fuisset,

774 2271 878 2312 nec
929 2252 1197 2308 astitisset
1253 2246 1473 2301 lubens.
1521 2238 1757 2297 Perinde
1792 2235 1952 2312 enim
1994 2249 2166 2304 prope
2207 2232 2348 2287 fuis-

773 2357 881 2415 set,
922 2361 987 2401 ac
1035 2343 1081 2399 si
1121 2340 1247 2412 quis
1274 2350 1428 2392 suem
1459 2348 1618 2389 caeno
1649 2328 1974 2401 gaudentem
2017 2323 2349 2415 iucunditati

774 2413 976 2495 florum
1026 2429 1388 2492 immitteret';
1426 2438 1538 2495 quo
1582 2435 1714 2477 sane
1773 2433 1953 2487 neque
2000 2425 2214 2485 gratum
2247 2413 2352 2483 ipsi

777 2526 985 2598 aliquid
1016 2524 1246 2584 faceret,
1285 2535 1314 2571 a
1351 2515 1466 2571 suis
1495 2514 1648 2569 illum
1681 2509 1892 2565 deliciis
1918 2507 1972 2560 vi
2000 2503 2349 2570 abstrahens,

777 2632 832 2677 et
859 2627 1142 2690 pratorum
1175 2611 1447 2667 venustati
1482 2609 1709 2663 inferret
1746 2602 2022 2674 iniuriam.
2052 2601 2354 2690 Propterea

780 2729 810 2766 a
838 2688 1117 2765 communi
1136 2704 1381 2759 omnium
1405 2698 1603 2770 gaudio
1627 2695 1828 2748 mansit
1844 2693 2123 2756 exclusus,
2147 2688 2353 2759 quippe

780 2804 874 2875 qui
930 2798 1146 2857 etiamsi
1204 2794 1396 2848 fuisset
1438 2797 1685 2850 vocatus,
1730 2784 1977 2838 affuisset
2027 2780 2253 2847 invitus,
2298 2787 2354 2834 et

782 2870 985 2969 probro
1018 2892 1239 2946 futurus
1275 2892 1455 2948 esset;
1505 2879 1600 2935 sed
1644 2879 1700 2931 in
1719 2875 1983 2947 judicium
2027 2870 2209 2940 magni
2250 2870 2354 2969 diei

782 2963 1005 3047 uinculis
1048 2983 1256 3039 (sternis
1290 2979 1382 3034 sub
1419 2975 1647 3045 caligine
1681 2972 1723 3003 “
1758 2975 2072 3024 reservatus
2105 2972 2221 3027 est,
2267 2963 2353 3017 in-

786 3081 926 3153 quit,
969 3074 1252 3145 apostolus
1281 3068 1473 3133 Judas,
1524 3074 1579 3121 et
1634 3066 1689 3117 in
1739 3060 2045 3153 igneniipsi
2084 3064 2356 3153 paratum,

2506 956 2579 1009 A'.
2627 954 2688 1006 El
2721 952 2799 1016 δέ,
2832 951 3054 1005 πάντων
3096 948 3197 1018 μὲν
3232 948 3343 1001 τῶν
3379 948 3552 1003 ὄντων
3593 954 3769 1021 χαρᾶς
3807 950 4017 1005 ἀπολα-

2437 1047 2663 1110 δόντων,
2696 1042 2808 1097 οὐδ’
2826 1043 2998 1112 ἐγγὺς
3028 1042 3243 1109 γίνεται
3283 1042 3384 1109 τῆς
3412 1040 3564 1109 ὧρας
3606 1047 3632 1095 6
3670 1045 3765 1111 τῆς
3809 1046 4015 1106 κακίας

2436 1136 2787 1209 δημιουργὸς,
2814 1134 3136 1203 θαυμαστὸν
3181 1133 3357 1186 οὐδέν.
3397 1132 3573 1186 Ἑκὼν
3612 1134 3724 1203 γὰρ
3759 1132 3915 1198 οὗτος
3947 1136 4010 1189 τὸ

2439 1229 2629 1289 σκότος
2679 1222 2890 1286 παθὼν,
2940 1220 3081 1274 ἐκὼν
3131 1222 3194 1273 οὺ
3243 1222 3469 1289 διέφυγε
3518 1223 3618 1291 τὴν
3672 1224 4013 1291 μοχθηρίαν

2437 1320 2559 1372 οὐδὲ
2613 1318 2710 1388 τὴν
2774 1317 3138 1386 λαμπρότητα
3192 1314 3575 1384 ἐπεζήτησεν,
3621 1314 3739 1369 ἀλλ’
3796 1317 4017 1382 ἔμεινεν

2439 1408 2743 1479 ἐντρυφῶν,
2780 1403 2927 1481 ᾗπερ
2957 1407 3326 1476 ἐμπέπτωκεν
3372 1405 3677 1474 ἀθλιότητι.
3703 1408 3791 1465 ,Ἃ
3819 1406 3874 1458 δὲ
3904 1408 4017 1458 τῶν

2439 1500 2677 1553 ἑκόντων
2712 1498 2771 1549 ἐν
2798 1499 2915 1559 τοῖς
2943 1496 3070 1548 νοῦν
3095 1496 3333 1565 ἔχουσιν,
3366 1495 3549 1564 εὑρεῖν
3589 1495 3815 1560 ἄκοντα,
3854 1497 4018 1564 λόγον

2438 1592 2537 1645 οὐκ
2582 1592 2651 1645 ἂν
2682 1591 2769 1658 εῖη
2823 1587 3035 1652 σῶζον·
3078 1587 3114 1641 ἃ
3155 1587 3265 1658 γάρ
3315 1604 3402 1649 τις
3453 1587 3783 1652 ἀπωθεῖται,
3831 1588 4020 1642 λαϐεῖν

2442 1687 2543 1738 οὐκ
2569 1685 2669 1737 ἔνι.
2703 1683 2904 1737 Καλεῖν
2946 1682 3055 1752 ἄρα
3092 1682 3232 1751 πρὸς
3274 1681 3532 1750 εὐωχίαν,
3644 1683 3782 1752 μήτε
3814 1682 4020 1751 χαίρων

2443 1779 2472 1830 6
2498 1776 2835 1844 ἀποστάτης,
2870 1774 3011 1845 μήτε
3047 1774 3275 1842 γνώμην
3320 1773 3496 1835 διδοὺς
3540 1767 3631 1843 ἦν,
3675 1774 3869 1843 πόρρω
3906 1774 4019 1823 τῶν

2446 1865 2780 1921 ἀκολούθων.
2826 1865 3071 1931 Ἐγίνετο
3116 1865 3226 1933 γὰρ
3274 1862 3341 1916 ἂν
3391 1865 3800 1934 παραπλήσιον,
3826 1863 4020 1933 ὥσπερ

2444 1957 2610 2020 εἴτις
2659 1959 2865 2027 χοῖρον,
2909 1955 3154 2025 βορϐόρῳ
3207 1954 3491 2026 χαίροντα,
3533 1954 3619 2007 ἐπ’
3651 1957 3860 2008 ἀνθέων
3896 1956 4021 2022 ἄγοι

2442 2048 2809 2118 τερπνότητοι,
2852 2046 2979 2118 μήτ’
3032 2048 3243 2099 ἐκεῖνον
3298 2046 3630 2115 εὐφραίνων,
3683 2045 3794 2097 τῶν
3848 2046 4022 2114 φίλων

2445 2141 2724 2211 ἀφέλκων,
2752 2138 2853 2192 κα)⁴
2899 2138 3010 2191 τῶν
3060 2136 3346 2207 λειμώνων
3392 2136 3631 2207 ὑϐρίζων
3687 2136 3789 2205 τὴν
3837 2136 4020 2203 χάριν.

2448 2232 2548 2285 Διά
2586 2230 2747 2284 τοῦτο
2773 2229 2880 2297 ἔξω
2923 2229 3023 2300 μὲν
3048 2229 3150 2297 τῆς
3176 2228 3531 2297 παγκοσμίου
3559 2229 3759 2298 χαρᾶς,
3794 2227 3868 2289 ὠς
3895 2227 4022 2277 οὔτε

2448 2323 2643 2390 θέλων,
2681 2323 2776 2375 καὶ
2806 2320 3214 2392 προσυϐρίσων,
3245 2320 3349 2390 εἴγ’
3377 2320 3660 2391 ἐκέκλητο,
3686 2320 3986 2389 τετήρηται
4006 2332 4025 2350 ο

2447 2416 2535 2479 εις
2564 2414 2623 2468 δὲ
2659 2414 2865 2482 κρίσιν
2906 2413 3181 2482 μεγάλης
3239 2412 3466 2481 ἡμέρας
3507 2411 3755 2479 δεσμοῖς
3802 2410 4021 2473 ἀιδίοις

2448 2510 2568 2562 ὑπὸ
2600 2507 2799 2575 ζόφον,
2838 2504 3042 2567 Ἰούδας
3071 2504 3237 2575 φησιν
3259 2506 3287 2556 6
3316 2502 3640 2565 ἀπόστολος,
3667 2504 3759 2555 καὶ
3782 2502 3845 2554 τὸ
3873 2503 4026 2570 vitat-

2446 2598 2763 2669 μασμένον
2787 2595 2929 2664 πῦρ,
2963 2596 3041 2657 ὼς
3086 2596 3143 2649 ἐν
3188 2593 3546 2662 Εὐαγγελίοις
3593 2593 3884 2661 ἀκούομεν.
3926 2584 4030 2642 Ὧν

2454 2692 2564 2762 γὰρ
2594 2688 3060 2758 ἀπειλουμένωνῆ
3090 2688 3443 2755 καλουμένων
3476 2688 3509 2755 ἡ
3534 2685 3821 2756 διόρθωσις
3850 2685 4032 2736 τίκτε-

2456 2799 2571 2845 ται,
2606 2782 2700 2833 καὶ
2752 2779 2934 2846 τοῦτο,
2983 2779 3216 2831 καθόσον
3268 2779 3536 2847 ἑκάτερον
3577 2776 3896 2845 ἐγχωρεῖ,ἢ
3935 2775 4035 2827 καὶ

2459 2873 2649 2942 ἄμφω,
2699 2870 2911 2924 τούτων
2955 2870 3045 2924 ἀεὶ
3090 2868 3169 2939 τῷ
3223 2867 3345 2939 Θεῷ
3382 2868 3567 2937 μέλει·
3609 2861 3720 2929 οἶος
3755 2866 3814 2919 δὲ
3866 2866 3939 2935 μὴ
3972 2864 4036 2916 τὸ

2462 2944 2762 3033 σωφρονεῖν
2808 2962 3043 3027 ἐκεῖθεν,
3077 2960 3299 3031 δλεθρος
3330 2961 3363 3027 ἡ
3397 2959 3681 3028 ἐπίκρισις
3708 2974 3723 2989 ο
3771 2959 3868 3010 καὶ
3908 2956 4036 3007 τού-

2464 3071 2571 3106 των
2606 3054 2872 3123 ἐκατέρου
2910 3053 3192 3104 Νινευῖται
3227 3052 3503 3122 μάρτυρες
3531 3052 3625 3102 καὶ
3653 3048 3963 3115 Σοδομῖται.

789 3138 933 3228 sicut
981 3138 1037 3222 in
1094 3162 1403 3232 Evangeliis
1456 3158 1688 3227 legimus
1752 3155 1821 3206 ⁸¹.
1888 3148 2104 3204 Etenim
2166 3146 2214 3201 si
2259 3143 2355 3213 qui
2394 3143 2780 3209 emendantur,
2825 3144 2911 3197 vel
2961 3143 3127 3196 nimis
3203 3142 3488 3195 conterriti
3560 3140 3645 3195 vel
3686 3138 3848 3219 suavi.
3878 3150 4043 3191 voca-

791 3268 941 3322 tione
969 3261 1207 3324 attracti,
1240 3266 1519 3323 utcunque
1568 3253 1622 3306 id
1669 3250 1783 3304 sive
1817 3249 2087 3301 alterutro
2151 3248 2391 3303 tantum,
2431 3239 2517 3292 vel
2579 3247 2817 3307 utroque
2869 3237 3034 3291 modo
3065 3235 3614 3305 contingat,.eorum
3691 3233 3837 3287 Deus
3900 3246 4046 3285 nun-

792 3376 957 3433 quam
1008 3370 1196 3411 curam
1230 3366 1340 3405 non
1374 3348 1549 3419 gerit;
1581 3345 1623 3400 si
1654 3344 1779 3412 quis
1801 3348 1981 3395 autem
2012 3338 2137 3391 inde
2173 3352 2283 3389 non
2308 3332 2595 3404 resipiscat
2625 3333 2761 3405 (81),
2813 3333 2870 3386 in
2921 3332 3225 3402 perniciem
3250 3332 3522 3403 iudicium
3545 3330 3818 3396 vertitur;
3851 3339 3908 3384 et
3938 3328 4047 3385 hoc

793 3429 1015 3524 quidem
1051 3454 1351 3511 utrumque
1399 3435 1653 3491 Ninivitm
1684 3447 1747 3485 ac
1784 3429 2080 3485 Sodomita:
2104 3433 2397 3479 testantur.
3189 3518 3204 3524 Δ
3265 3518 3284 3524 _
3477 3517 3488 3524 ‘
3573 3512 3578 3517 θ

865 3547 929 3601 ν.
967 3542 1071 3598 Sed
1102 3535 1402 3609 praesertim
1425 3531 1573 3584 nullo
1593 3543 1819 3597 prorsus
1841 3525 2004 3580 modo
2036 3523 2286 3583 decebat,
2312 3528 2371 3609 ut
2398 3522 2441 3584 Ο

2365 3560 2371 3571 .
2398 3522 2441 3584 C
2547 3521 2621 3572 E'.
2652 3519 2866 3583 ’Ἄλλως
2900 3536 2958 3573 τε
2991 3519 3086 3572 καὶ
3117 3518 3228 3572 οὐδ’
3259 3518 3326 3571 ἂν
3371 3516 3599 3580 εἰκότως
3626 3516 3704 3586 τῷ
3731 3517 3879 3588 χορῷ
3920 3534 4046 3570 συν-

797 3608 1126 3690 exstantium
1177 3622 1421 3678 omnium
1456 3620 1627 3673 choro
1680 3616 2074 3685 adiungeretur
2113 3612 2224 3676 ille,
2277 3608 2371 3677 qui
2472 3615 2478 3661 ᾱ

2367 3630 2371 3660 ι
2472 3612 2649 3681 δεθείη
2674 3612 2782 3662 τῶν
2808 3612 2999 3675 ὄντων,
3031 3612 3125 3664 τοῦ
3170 3612 3448 3681 μακαρίου
3485 3612 3577 3664 καὶ
3611 3610 3912 3679 παμφαοῦς
3958 3613 4048 3663 δι-

800 3740 927 3780 cum
959 3706 1139 3782 ab'eo,
1186 3716 1281 3784 qui
1314 3727 1411 3767 sua
1454 3720 1653 3763 natura
1684 3704 1967 3760 beatitudo
2013 3710 2097 3756 est
2127 3716 2189 3755 ac
2219 3696 2377 3770 plena
2470 3721 2481 3737 σ

2367 3718 2377 3752 ι
2470 3720 2558 3764 τος
2582 3700 2854 3765 ἀποστὰς,
2887 3700 3051 3768 ζόφος
3074 3718 3131 3754 τε
3169 3701 3433 3769 γεγονὼς,
3461 3702 3557 3755 καὶ
3596 3706 3723 3771 περὶ
3761 3702 3822 3752 τὸ
3864 3703 3939 3770 μὴ
3987 3702 4048 3754 ὃν

802 3819 920 3879 lux,
964 3806 1275 3893 recesserit,
1319 3812 1375 3857 et
1415 3800 1588 3869 caligo
1637 3798 1752 3865 ipse
1778 3795 2010 3849 cﬂ‘ectus
2036 3800 2142 3855 est,
2197 3801 2255 3845 et
2282 3791 2379 3893 da:
2473 3809 2483 3826 σ

2365 3817 2379 3828 -
2473 3792 2573 3860 τὴν
2596 3791 2841 3844 δοθεῖσαν
2873 3792 3024 3862 αὑτῷ
3053 3794 3197 3845 κατά
3240 3810 3403 3860 φυσιν
3444 3794 3637 3861 νοεράν
3666 3793 3922 3846 δαπανῶν
3950 3793 4046 3844 δύο

803 3878 916 3960 tam
949 3878 1072 3955 sibi.
1094 3887 1420 3951 naturaliter
1466 3882 1807 3955 intelligendi
1842 3882 1972 3946 vim,
2008 3882 2062 3933 in
2094 3880 2173 3943 id,
2224 3878 2373 3947 quod

803 4004 888 4051 cst
909 3991 1164 4051 nihilum,
1196 3981 1448 4043 insumit,
1480 3973 1944 4047 quemadmodum
1984 3970 2207 4025 divinus
2239 3983 2379 4037 quo-

805 4098 912 4156 que
945 4083 1035 4137 ille
1068 4076 1333 4133 Maximus
1362 4068 1563 4125 alicubi
1597 4064 1765 4129 dixit;
1796 4061 2021 4132 perinde
2067 4060 2277 4156 scilicet
2313 4071 2377 4111 ac

806 4151 1049 4232 lucidum
1083 4183 1194 4223 non
1222 4174 1327 4230 est,
1375 4156 1644 4231 quidquid
1678 4170 1746 4210 eo
1794 4163 1965 4218 caret,
1995 4167 2025 4206 a
2050 4166 2159 4221 quo
2193 4151 2380 4204 lumen

809 4264 1066 4332 accipiat,
1100 4271 1206 4311 nec
1234 4255 1426 4307 vivens
1454 4256 1558 4313 est,
1592 4243 1842 4315 quisquis
1882 4258 1911 4295 a
1945 4242 2069 4295 vitae
2109 4242 2381 4310 principio

810 4351 1141 4425 seiungitur.
1195 4345 1370 4411 Quam
1408 4339 1575 4395 etiam
1624 4335 1694 4391 ob
1742 4347 1986 4396 causam,
2018 4342 2077 4385 ut
2117 4332 2382 4397 arbitror,

814 4422 961 4499 Deus
987 4448 1175 4494 cuncta
1220 4433 1375 4490 valde
1430 4431 1567 4484 bona
1620 4425 1914 4497 appellavit
1956 4424 2004 4455 ⁸³
2057 4433 2182 4492 post
2236 4422 2383 4477 illam

812 4542 1075 4604 apostatae
1114 4527 1350 4589 ruinam,
1395 4528 1688 4591 propterea
1726 4515 1936 4571 scilicet
1971 4513 2118 4582 quod
2147 4527 2178 4565 a
2210 4512 2388 4567 bono-

814 4642 939 4682 rum
993 4632 1140 4678 caatu
1181 4624 1372 4672 auctor
1402 4612 1492 4665 ille
1548 4609 1816 4663 malorum
1855 4605 2078 4659 avulsus
2122 4616 2289 4670 esset,
2320 4620 2385 4660 ac

2478 3899 2664 3951 ναμιν,
2695 3882 2769 3945 ὦς
2819 3900 2922 3936 που
2968 3885 3063 3937 καὶ
3100 3885 3355 3954 Μάξιμος
3408 3888 3434 3937 6
3492 3885 3779 3946 θεσπέσιος
3810 3884 4002 3953 εἴρηκε
4035 3898 4048 3911 °

2475 3973 2726 4044 καθάπερ
2777 3973 2838 4025 οὐ
2889 3976 3173 4043 φωτεινζιν,
3206 3976 3234 4027 ὃ
3288 3976 3381 4029 τοῦ
3424 3976 3756 4045 φωτίζοντος
3812 3977 4047 4046 ἔρημον,

2478 4064 2600 4117 οὐδέ
2622 4064 2731 4128 ζῶν
2769 4066 2797 4117 6
2829 4065 2906 4134 μὴ
2939 4064 3017 4135 τῷ
3064 4065 3165 4135 τῆς
3197 4066 3342 4135 ζωῆς
3399 4068 3557 4136 αἰτίῳ
3609 4065 3807 4121 συνών.
3841 4067 3919 4119 Δι’
3965 4068 4050 4130 ὃν,

2476 4154 2654 4227 οἶμαι,
2690 4157 2848 4225 λόγον
2904 4158 2999 4210 καὶ
3058 4160 3197 4227 μετὰ
3247 4159 3339 4211 τὸν
3386 4158 3635 4227 κρημνὸν
3686 4159 3900 4210 ἐκεῖνον
3954 4157 4053 4210 τοῦ

2478 4249 2787 4302 ἀποστάτου
2851 4249 2992 4303 καλὰ
3042 4249 3162 4320 μεθ’
3220 4249 3531 4320 ὑπερϐολῆς
3589 4251 3617 4301 6
3683 4248 3814 4311 Θεὸς
3874 4250 4057 4303 πάντα

2479 4341 2801 4409 προσεῖπεν,
2836 4342 2933 4395 ἁτε
2962 4342 3054 4394 τοῦ
3106 4340 3310 4394 κύκλου
3350 4342 3461 4395 τῶν
3505 4341 3688 4394 καλῶν
3722 4342 4058 4410 ἐκραγέντος

2485 4431 2581 4484 τοῦ
2630 4434 2969 4504 ἀρχεκάκου,
3018 4434 3113 4486 καὶ
3172 4434 3336 4485 οἱονεὶ
3389 4434 3807 4504 τεθνηκότος,ἢ
3858 4435 4060 4501 μᾶλλον

2490 4520 2901 4593 διαφθαρέντος,
2942 4525 3037 4577 καὶ
3074 4522 3163 4577 διὰ
3198 4522 3359 4577 τοῦτο
3406 4525 3544 4577 πᾶσι
3585 4523 3661 4594 μὴ
3710 4540 4057 4594 περιγραφο-

2492 4612 2655 4681 μένου
2690 4618 2800 4677 τοῖς
2837 4613 3007 4667 οὖσιν.

817 4713 1214 4790 propemodum
1248 4715 1523 4768 mortuus,
1557 4716 1653 4755 seu
1690 4699 1873 4769 potius
1942 4703 2239 4765 corruptus
2298 4706 2464 4767 atque
2502 4702 2639 4757 adeo
2684 4706 2828 4758 inter
2876 4706 3083 4774 reliqua
3113 4704 3316 4766 omnia.
3358 4721 3480 4775 qua:
3505 4718 3804 4772 exstarent,
3839 4709 4063 4765 minime

818 4808 1118 4861 recensitus
1151 4801 1285 4870 (82).

892 4902 937 4930 °°
994 4898 1155 4950 llom.
1194 4906 1319 4954 vui,
1373 4889 1464 4943 21.

1577 4887 1622 4917 “
1659 4883 1790 4939 Jud.
1818 4882 1870 4937 6.
1949 4880 2208 4936 "Matth.
2241 4896 2364 4946 xxv,
2398 4883 2489 4937 41.

2563 4884 2609 4916 ⁸³
2631 4884 2768 4940 Gen.
2797 4901 2834 4948 ι,
2854 4886 2940 4941 51.

2064 4980 2206 5038 Ant.
2249 4978 2541 5039 Ballerini
2588 4989 2777 5042 notas.

892 5094 1002 5164 (8|)
1044 5090 1119 5145 Ex
1154 5090 1241 5143 bis
1263 5097 1442 5167 patet,
1466 5085 1733 5167 Isidorum
1757 5082 1826 5136 ab
1856 5082 1923 5167 iis
1942 5096 2052 5167 non
2066 5080 2387 5167 dissentire,
2422 5089 2469 5146 ι)
2495 5086 2715 5167 ηοωίερ,
2738 5103 2900 5167 quam
2927 5102 3053 5167 cum
3089 5091 3203 5145 suis
3232 5092 3501 5167 creaturis
3529 5090 3673 5167 Deus
3704 5094 3979 5167 servarit),
4015 5097 4067 5150 id
4111 5083 4116 5086 ’

821 5152 916 5237 qui
953 5152 1172 5237 putant,
1202 5152 1368 5237 eii'am
1394 5156 1637 5235 diabolo,
1666 5159 1794 5208 dum
1820 5152 2001 5233 adhuc
2027 5153 2202 5237 viator
2224 5162 2389 5237 esset,

822 5222 917 5307 ιῖει·
934 5222 1176 5288 divinam
1198 5228 1566 5307 clementiam,
1587 5240 1748 5292 quam
1773 5225 2026 5307 pervicax
2045 5222 2396 5307 contempsii,

824 5291 1065 5374 iniqui-in
1123 5296 1475 5374 resipiscciidi
1513 5291 1698 5374 locum
1745 5291 1995 5346 relictum
2048 5291 2395 5374 fuisse‘tvid.

826 5361 1054 5431 Suam-7.,
1115 5369 1189 5421 De
1235 5361 1457 5435 angelis,
1512 5365 1608 5417 lib.
1669 5378 1800 5427 vni,
1862 5376 1983 5429 cap.
2043 5361 2145 5435 l)_:
2182 5369 2238 5413 et
2291 5361 2399 5435 buc

824 5430 1061 5513 spectat,
1108 5430 1485 5513 quod‘ajuctnr
1519 5434 1685 5513 paulo
1738 5441 1864 5512 ante
1905 5430 2258 5513 [praemiserat
2314 5433 2399 5482 in-

827 5500 1025 5581 quiens
1052 5500 1072 5562 7;
1112 5500 1347 5560 Perstitit
1378 5506 1492 5581 illis
1519 5500 1581 5555 se
1616 5500 2241 5581 miscriisabiectans,in
2272 5516 2402 5581 quas

826 5571 1100 5653 inulapsns
1131 5582 1318 5645 (uerat.
1341 5576 1493 5653 Quod
1520 5590 1649 5641 ergo
1667 5574 1817 5625 addit
1840 5571 2399 5653 lSldOFIl§,.tllai‘flIUIll

826 5641 890 5707 at
918 5641 1263 5705 cuinniuncin
1314 5645 1557 5698 la-titiain
1606 5653 1855 5695 vocatum
1904 5655 2011 5692 non
2047 5641 2212 5692 fuise
2250 5642 2393 5706 (qua:

826 5725 1045 5792 quidem
1084 5730 1263 5787 ιιοιιιιε
1290 5731 1448 5785 quam
1482 5713 1549 5765 ad
1580 5723 1794 5792 tempus
1827 5710 2115 5792 doriiiiiica:
2140 5710 2391 5761 incarna-

829 5782 1014 5853 ιἰυιιὶε,
1062 5782 1342 5843 reterendii
1369 5784 1668 5847 generatim
1705 5792 1833 5836 sunt
1864 5782 1930 5834 ad
1964 5782 2213 5833 ordinem
2247 5794 2391 5833 osco-

2496 5170 2608 5234 non_
2646 5156 2715 5235 de
2746 5166 2939 5235 negata
2988 5160 3167 5235 aliqua
3195 5160 3502 5235 _vocatione
3561 5160 3627 5215 ad
3689 5156 4068 5235 penitentiam

2496 5227 2879 5302 accipiendum
2913 5239 3019 5293 est,
3054 5227 3151 5302 sed
3174 5230 3244 5302 de
3265 5231 3582 5302 exclusione
3621 5244 3650 5283 a
3686 5227 4070 5302 participando

2495 5296 2699 5368 gaudio
2718 5297 2865 5368 quod
2896 5300 3399 5353 reconciliationem
3432 5296 3702 5368 sequitur.

2569 5364 2681 5486 $2)
2717 5365 2841 5419 Haec
2870 5368 3079 5421 scilicet
3106 5384 3173 5422 eo
3197 5383 3362 5422 sensu
3392 5364 3709 5437 accipienda
3732 5380 3881 5435 sunt,
3908 5389 4071 5440 quem

2635 5439 2825 5486 bomas
2856 5436 2956 5486 (De
2987 5438 3114 5486 mal.
3149 5454 3203 5486 α.
3240 5438 3324 5486 16-
3356 5448 3460 5486 art.
3495 5439 3547 5486 5.
3577 5438 3645 5486 ad
3680 5440 3729 5486 ll
3765 5441 3843 5486 sic
3870 5444 4031 5486 μῆρε-ι
4061 5464 4070 5486 ε

2582 5431 2825 5488 Thomas
2856 5436 2956 5507 (De
2987 5438 3114 5491 mal.
3149 5454 3203 5506 q.
3240 5438 3325 5502 16,
3356 5448 3460 5491 art.
3495 5431 3548 5502 5,
3577 5438 3645 5491 ad
3680 5440 3729 5507 1)
3765 5441 3843 5494 sic
3869 5431 4033 5497 efi'ert
4061 5464 4070 5491 :

2498 5501 2647 5555 Bona
2675 5501 2948 5581 naturalia
2976 5516 3028 5559 tu
3053 5501 3253 5575 angelis
3280 5501 3478 5575 (malis)
3522 5501 3642 5561 sunt
3675 5501 3877 5580 integra
3901 5530 4076 5581 quan-

2500 5583 2610 5649 tum
2629 5577 2818 5649 attinet
2838 5577 2905 5627 ad
2932 5589 3140 5628 natura’
3163 5580 3431 5643 ordinem;
3456 5587 3577 5630 sunt
3603 5590 3724 5631 tam.
3747 5577 4074 5649 ιιάτίιῳια,

2499 5642 2913 5711 ιἰιιιιτρῖαυαια,
2942 5663 3031 5698 seu
3071 5649 3351 5718 iiimmiuta
3404 5642 3498 5718 per
3538 5642 3985 5717 comparationem
4010 5654 4076 5704 ml

2501 5717 2848 5771 capacitatem
2888 5718 3073 5785 gratia;
3101 5717 3179 5771 vel
3198 5717 3401 5788 gloria.
