4258 6364
218 407 289 469 77
1020 400 1279 462 SERMO
1327 402 1406 464 IN
1450 401 1899 464 ANNUNTIAT

1807 398 2147 459 ATIONEM
2202 400 2261 457 il.
2301 398 2359 457 ν.
2404 395 2689 459 MANE.
3410 397 3478 460 73

295 521 387 590 ς’.
433 518 542 584 'EE’
573 514 648 572 ὧν
687 517 743 570 δὲ
778 515 872 570 καὶ
897 516 1157 585 ἀνωτέρω
1201 518 1545 587 πρόεφημεν,
1579 514 1662 568 ὅτι
1704 514 1801 581 τῆς

220 612 549 681 ἅπανταχοῦ
582 608 921 678 διαδοθείσης
964 609 1139 677 χαρᾶς
1178 607 1337 677 μόνος
1365 609 1392 659 ό
1421 607 1596 669 δόλιος
1634 605 1799 671 ἄγευ-

222 724 372 768 στος,
416 703 524 756 τῶν
560 719 619 754 τε
661 702 764 771 ἢδη
793 700 1207 769 ῥηθησομένων,
1241 700 1388 751 τοῦτ’
1423 698 1489 751 ἄν
1518 714 1603 759 τις
1632 697 1805 749 αἴτιον

223 798 324 849 ίδοι
382 796 630 855 σκοπεῖν,
667 792 763 844 καίΙ
817 792 966 851 ὅπως
1032 790 1127 841 τὸν
1177 788 1469 858 ἄνθρωπον
1522 787 1655 851 Θεὸς
1710 787 1807 855 μὲν

222 888 434 940 ἔσωσεν
470 884 795 948 ἐκπεσόντα,
825 883 919 935 τὸν
952 881 1008 933 δὲ
1039 880 1304 950 τύραννον
1331 879 1431 932 οὐκ
1459 878 1802 949 ἁνώρθωσεν.

234 978 413 1043 Ἀδὰμ
468 975 565 1044 μὲν
600 974 708 1044 γὰρ
753 974 845 1025 καὶ
906 973 937 1040 ἡ
989 970 1183 1041 βοηθὸς
1221 969 1348 1021 οὒτε
1411 969 1543 1038 παρ’
1595 969 1806 1021 ἑαυτῶν

222 1066 667 1133 ἐκαινοτόμησαν
720 1064 780 1117 τὸ
819 1061 1020 1127 δεινὸν,
1062 1062 1157 1113 καὶ
1198 1062 1501 1121 κλαπέντες
1549 1059 1660 1112 οὒτ’
1711 1060 1803 1113 ἆλ-

223 1158 335 1218 λοις
395 1156 659 1223 φθονερὸν
718 1154 1013 1222 ὲπαφῆκαν
1065 1152 1254 1222 βέλοςο
1308 1152 1403 1203 καὶ
1466 1151 1803 1220 ὲκρύϐησαν,

220 1249 358 1315 ὅπερ
384 1246 737 1316 ὀδυρομένων
764 1240 831 1314 ἦν
864 1244 961 1312 τὴν
986 1244 1201 1313 ἀπάτην
1237 1244 1328 1295 καὶ
1360 1242 1459 1310 τὴν
1486 1240 1799 1310 συμφοράν.

233 1335 566 1405 ᾘσχύνοντο
600 1334 709 1403 γὰρ
736 1332 825 1385 διὰ
852 1334 950 1401 τὴν
980 1335 1282 1401 γύμνωσιν,
1320 1330 1525 1383 ὡσανεὶ
1574 1331 1806 1390 ὲαυτοὶς

219 1427 490 1493 ἀφανίσαι
527 1424 883 1493 πειρώμενοι,
918 1418 1007 1476 οἷα
1048 1422 1163 1474 ἀνθ’
1187 1422 1339 1487 οἴων,
1371 1422 1626 1491 αἴσχιστα
1657 1421 1806 1480 ὅπως

220 1519 340 1568 ἀντὶ
372 1515 598 1586 σεμνῶν
634 1516 863 1580 εἵλοντο,
896 1513 1239 1582 δακνόμενοι.

1830 520 1876 578 Α

1982 514 2066 566 Vl.
2123 512 2197 565 Ex
2252 511 2317 564 iis
2366 527 2556 579 porro,
2605 520 2726 579 quzn
2789 526 2849 565 et
2905 510 3164 579 superius
3222 510 3483 580 diximus,

1904 601 2049 670 quod
2105 615 2300 667 mmme
2358 599 2509 652 solus
2552 598 2641 652 ille
2675 598 2899 653 dzilosus
2929 598 3113 669 gaudii
3150 598 3354 667 ubique
3380 601 3487 655 dif-

1904 693 2009 745 fusi
2062 692 2338 759 particeps
2390 690 2706 742 nullatenus
2743 687 2928 749 fuerit,
2992 698 3047 741 et
3098 704 3164 741 ex
3227 689 3315 751 iis,
3370 705 3491 759 qua:

1905 800 2030 837 mox
2056 783 2291 836 dicenda
2326 792 2514 844 erunt,
2552 798 2799 843 causam,
2832 795 2931 833 cur
2958 782 3099 835 Deus
3130 782 3341 850 lapsum
3370 782 3465 850 qu.

1904 876 2028 929 dem
2070 875 2351 927 hominem
2409 872 2736 936 rcStituerit,
2776 882 3064 943 tyrannum
3101 887 3233 924 vero
3262 886 3289 924 a
3334 872 3492 940 lapsu

1903 982 2015 1023 non
2065 967 2330 1026 erexerit.
2391 964 2533 1018 hanc
2585 966 2836 1034 quisquis
2898 963 3215 1032 perspicere
3264 965 3490 1031 poterit.

1905 1059 2191 1128 Siquidem
2224 1058 2420 1120 Adam,
2456 1068 2509 1110 et
2543 1072 2662 1125 quze
2700 1057 2777 1109 illi
2800 1057 2923 1109 data
2944 1053 3395 1125 fuitadjutorium
3423 1055 3492 1119 ",

1903 1166 2084 1220 neque
2111 1166 2177 1204 ex
2212 1166 2269 1204 sc
2302 1149 2437 1218 ipsis
2473 1148 2674 1200 malum
2704 1156 2831 1201 sunt
2872 1146 3071 1209 moliti,
3100 1162 3305 1214 neque,
3344 1157 3494 1214 post-

1904 1258 2069 1313 quam
2092 1243 2310 1313 decepti
2347 1249 2498 1305 sunt,
2538 1239 2786 1293 invidum
2817 1238 2868 1292 in
2896 1240 3033 1292 alios
3067 1240 3233 1292 telum
3273 1247 3497 1291 contor-

1905 1342 2130 1397 scrunt;
2182 1333 2251 1386 ad
2298 1333 2435 1395 haec,
2463 1331 2873 1387 absconderant
2918 1344 3060 1391 sese,
3130 1330 3275 1397 quod
3329 1330 3496 1381 immo

1910 1420 2200 1492 proprium
2242 1421 2463 1474 illorum
2499 1430 2604 1483 est,
2652 1420 2745 1489 qui
2780 1434 3026 1473 errorem
3052 1417 3496 1473 etcalamitatem

1908 1515 2150 1582 plorem.
2180 1510 2709 1565 Verecundabantur
2732 1510 2877 1564 enim
2911 1518 3136 1579 propter
3161 1507 3493 1571 nuditatem,

224 1618 277 1663 et
336 1607 740 1677 propemodum
779 1622 837 1660 se
868 1605 1016 1674 ipsos
1049 1621 1079 1661 e
1134 1604 1317 1659 medio
1371 1604 1562 1658 tollere
1633 1602 2047 1667 adnitebantur,
2102 1618 2228 1657 eum
2303 1601 2445 1655 acris
2483 1614 2577 1655 eos
2629 1615 2760 1656 cura
2810 1601 3108 1667 morderet,
3175 1603 3324 1674 quod
3378 1603 3495 1657 hac

222 1716 324 1769 pro
355 1700 487 1757 illis,
531 1696 848 1764 turpissima
883 1697 1089 1751 scilicet
1118 1711 1219 1765 pro
1258 1695 1682 1759 honestissimis,
1708 1694 1809 1749 sibi
1851 1696 2163 1766 elegissent.
3372 1769 3377 1773 _

307 1793 367 1841 Ὀ
398 1790 456 1841 δὲ
493 1787 801 1857 κακοῦργος
846 1792 941 1841 καὶ
994 1789 1213 1857 πρῶτος
1261 1788 1530 1857 ἐτόλμησε
1574 1790 1672 1856 τὴν
1708 1804 1803 1838 κα-
1839 1795 1879 1847 Β
1981 1821 1988 1841 Α

1839 1795 1879 1847 Β
1981 1788 2077 1842 Ast
2105 1787 2196 1841 ille
2238 1785 2526 1855 improbus
2574 1793 2628 1839 et
2682 1784 2892 1853 primus
2932 1784 3159 1854 quidem
3191 1784 3493 1853 nequitiam

224 1883 374 1939 κὶαι,
415 1882 551 1950 πρὸς
586 1881 752 1949 μηδέν
800 1898 849 1933 τι
887 1880 1133 1932 τοιοῦτον
1170 1878 1381 1933 ἀπιδὼν
1427 1878 1804 1949 παράδειγμα,

226 1972 451 2039 αγαίιῶν
495 1973 596 2040 οὐχ
636 1972 835 2041 ἣκιστα
894 1972 1109 2025 πολλῶν
1154 1970 1548 2035 ἀνθελκόντων,
1594 1970 1807 2023 ᾶπαντα

228 2068 338 2132 γὰρ
374 2060 442 2131 ἦν
495 2064 592 2132 τὴν
645 2061 737 2115 τοῦ
786 2062 1168 2134 πλαστουργοῦ
1204 2063 1447 2127 σώζοντα
1478 2062 1683 2130 ψῆφον,
1714 2064 1807 2113 καὶ

226 2156 410 2218 ἄλλοις
445 2156 537 2207 τοῦ
580 2157 843 2223 ποτηρίου
876 2156 973 2223 τῆς
1011 2155 1316 2226 μοχθηρίας
1366 2156 1662 2224 μετέδωκε.
1699 2153 1807 2207 Καὶ

225 2248 321 2313 οὐχ
370 2247 473 2299 ἕνα
508 2246 539 2315 ἢ
574 2246 667 2298 δύο
710 2246 1044 2317 κρημνίσας,
1081 2246 1113 2316 ἢ
1160 2248 1254 2299 καὶ
1306 2247 1521 2312 ἑκατὸν,
1550 2246 1679 2314 ἔστη
1713 2262 1806 2297 κο-

232 2341 453 2409 ρεσθεὶς
518 2340 610 2391 τοῦ
671 2343 874 2408 φόνου·
912 2340 1025 2391 ἀλλ’
1082 2341 1129 2392 εἰ
1188 2333 1303 2391 οἷόν
1344 2357 1400 2391 τε
1462 2335 1555 2409 ἦν,
1608 2339 1809 2408 πτῶμα

228 2434 467 2484 ἐλεεινὸν
504 2432 823 2498 ἀνθρώπους
855 2432 1141 2504 προθεῖναι
1175 2434 1402 2494 πάντας,
1429 2432 1522 2484 καὶ
1539 2431 1674 2483 Θεοῦ
1705 2449 1810 2499 χω-

231 2528 418 2593 ρῆσαι,
456 2525 551 2576 καὶ
598 2526 790 2595 γεέννῃ
846 2524 1237 2593 παραπέμψαι,
1276 2524 1378 2576 οὐκ
1427 2525 1492 2576 ἂν
1541 2519 1808 2591 εἶναιτὴν

230 2618 430 2668 κακίαν
460 2620 485 2668 ὸ
526 2616 799 2687 ἀλιτήριος
832 2615 1021 2685 ίκανην
1058 2616 1307 2683 ἐνόμισεο
1342 2616 1555 2684 τρυφὴν
1579 2614 1635 2665 δὲ
1669 2616 1805 2683 μᾶλ-

229 2708 316 2759 ).ον
350 2712 446 2760 καὶ
473 2708 664 2775 ἡδονὴν
693 2706 782 2759 τὸν
812 2704 1040 2758 πλοῦτον
1068 2705 1165 2774 τῆς
1195 2707 1503 2774 συμφορᾶς.
1530 2706 1638 2757 Καὶ
1662 2703 1806 2757 τοῦτ’

229 2800 291 2850 ἂν
322 2800 584 2869 ἐπράχθη
619 2797 695 2865 τῷ
735 2815 799 2866 γε
836 2798 1047 2851 ἐκείνου
1086 2797 1267 2865 μέρει,
1307 2798 1355 2848 εξ
1407 2797 1481 2865 μή
1526 2796 1659 2859 Θεὸς
1711 2796 1810 2863 τὴν

228 2889 394 2939 αύτοῦ
440 2888 564 2940 καθ’
614 2888 773 2956 ἡμῶν
829 2887 1014 2953 ὲπεῑγε
1061 2886 1278 2955 μανίαν,
1311 2884 1410 2954 τὴν
1462 2884 1602 2937 ὑπὲο
1651 2884 1809 2955 ἡμῶν

230 2979 315 3029 ἀεὶ
353 2980 459 3046 πρό
474 2995 616 3030 ιοιαν
649 2975 1083 3043 ἐνδεικνύμενος.

1906 1889 1990 1933 est
2055 1893 2247 1941 ausus,
2327 1892 2452 1931 eum
2534 1876 2829 1945 quodpiam
2900 1875 3172 1946 ejusmodi
3234 1874 3496 1930 facinoris

1906 1971 2188 2039 exemplar
2216 1986 2326 2038 pra:
2360 1969 2536 2023 oculis
2565 1969 2777 2023 nullum
2812 1969 3117 2033 habuisset,
3150 1970 3287 2039 quin
3322 1969 3493 2024 multa
3584 2020 3585 2023 η

1908 2060 2094 2129 potius
2130 2062 2271 2115 bona
2300 2063 2351 2116 in
2387 2062 2727 2115 contrarium
2772 2061 2949 2131 ipsum
2985 2062 3287 2127 traherent,
3321 2079 3495 2131 quau-

1907 2152 2205 2222 doquiilem
2240 2154 2545 2206 conditoris
2587 2154 2860 2207 voluntati
2893 2154 3344 2223 obsequebantur
3373 2170 3497 2210 om-

1906 2246 1997 2300 nia
2024 2285 2038 2307 ,
2073 2258 2129 2300 et
2162 2254 2427 2315 prmterea
2460 2245 2584 2299 aliis
2627 2260 2849 2315 quoque
2892 2247 3151 2316 poculum
3185 2248 3496 2318 iniquitatis

1907 2339 2244 2410 propinavit.
2295 2338 2482 2407 Neque
2534 2353 2664 2392 vero
2705 2339 2979 2409 ejusmodi
3022 2355 3147 2394 eum
3193 2343 3372 2395 caedes
3404 2357 3496 2397 sa-

1910 2431 2083 2495 liavit,
2136 2440 2194 2485 ut
2238 2447 2408 2484 unum
2439 2440 2534 2485 aut
2568 2431 2726 2495 duos,
2760 2441 2854 2486 aut
2886 2430 3053 2485 etiam
3083 2442 3305 2488 centum
3353 2449 3496 2503 pre-

1910 2522 2109 2592 cipites
2142 2523 2323 2587 daret,
2358 2522 2455 2575 sed
2493 2537 2674 2592 neque
2706 2522 2750 2577 si
2800 2523 3072 2593 potuisset
3101 2538 3295 2579 omnes
3337 2540 3499 2595 pror-

1910 2629 2001 2667 sus
2036 2612 2288 2666 homines
2319 2611 2634 2665 miseranda
2666 2612 2829 2666 ruina
2859 2612 3142 2667 involutos
3177 2615 3495 2679 ostendere,

1908 2711 1964 2754 et
2018 2702 2131 2755 Deo
2169 2703 2406 2770 privare.
2449 2710 2504 2754 et
2562 2701 2615 2755 in
2665 2701 2971 2770 gehennam
3001 2704 3351 2773 protrudere.
3385 2720 3499 2761 suae

1909 2791 2042 2845 satis
2073 2792 2330 2861 pravitati
2364 2791 2568 2846 factum
2597 2793 2867 2848 exitiosus
2914 2794 3003 2848 ille
3045 2804 3327 2862 putasset;
3360 2797 3497 2867 quin

1908 2884 2073 2937 etiam
2127 2891 2291 2936 tanta;
2348 2882 2588 2936 miseria:
2645 2884 2928 2937 cumulum
2972 2900 3099 2939 suas
3142 2885 3235 2941 ille
3268 2887 3497 2943 delicias

1910 2988 2295 3042 summamque
2330 2974 2651 3026 beatitatem
2697 2975 2963 3028 duxisset.
3001 2975 3068 3028 Et
3102 2976 3208 3032 hoc
3247 2979 3492 3047 quidem,

230 3082 503 3140 quantum
546 3087 608 3123 ex
648 3070 767 3139 ipso
818 3080 957 3131 erat,
991 3067 1332 3137 contigisset,
1370 3068 1471 3122 nisi
1519 3069 1684 3131 Deus,
1720 3070 1811 3138 qui
1848 3085 2000 3123 suam
2064 3086 2191 3139 erga
2223 3085 2324 3123 nos
2388 3069 2789 3139 providentiam
2820 3071 3025 3141 jugiter
3055 3074 3315 3139 ostendit,
3349 3075 3497 3130 illius

231 3178 422 3221 contra
453 3180 555 3218 nos
587 3166 829 3218 furorem
861 3164 1221 3218 cohibuisset.

306 3264 440 3319 Εἶτα
473 3264 572 3316 οὐκ
606 3258 919 3328 αἰσχύνεται
946 3258 1171 3310 τοιαῦτα
1208 3262 1488 3329 πράττων
1517 3260 1623 3311 οὐδ’
1655 3259 1806 3311 ἐλέου
1837 3268 1878 3322 C

230 3358 484 3424 διενοήθη
519 3355 757 3422 ῥήματα,
781 3348 888 3401 οὐδ’
916 3350 997 3401 ὃτι
1030 3349 1095 3400 τὰ
1120 3348 1370 3417 δρώμενα
1407 3349 1693 3417 βδελυκτὰ,
1714 3351 1808 3401 καὶ

235 3448 436 3513 μίσους
494 3439 661 3508 κείρω
722 3434 945 3497 παντὸς,
994 3435 1332 3503 κρύπτεσθαι
1390 3437 1805 3503 μεμελέτηκενο

234 3538 365 3587 αλλὰ
414 3527 878 3601 παρρησιάζεται,
910 3528 1005 3579 καὶ
1044 3525 1224 3595 χαίρει
1258 3528 1321 3596 τῇ
1356 3527 1687 3596 κακουργία,
1719 3529 1809 3579 καὶ

235 3625 566 3689 σεμνύνεται
598 3624 711 3683 τοῖς
746 3620 1126 3690 μηχανήμασι,
1169 3621 1264 3671 καὶ
1291 3618 1664 3688 ἀναισχύντως
1686 3622 1809 3681 τοὺς

233 3719 562 3787 ἀμέμπτους
600 3712 872 3781 ἐπιζητεῖ,
912 3711 987 3773 ὡς
1015 3715 1106 3762 καὶ
1149 3712 1182 3779 ἠ
1217 3711 1355 3764 κατά
1391 3710 1482 3763 τὸν
1512 3710 1631 3763 Ἰὼϐ
1668 3728 1811 3779 παρη

235 3810 447 3876 ἔστησεν
486 3804 714 3874 ἱστορία.

323 3904 399 3953 Ζ’.
429 3899 528 3950 Διὰ
551 3896 711 3949 τοῦτο
743 3894 1029 3964 ἄνθρωπος
1064 3895 1182 3962 μὲν,
1201 3896 1335 3964 μήτε
1367 3894 1563 3946 κακίαν
1586 3894 1812 3963 ἐξευρη-

232 3992 367 4053 κὼς,
406 3990 543 4056 μήτε
596 3986 861 4056 φανείσης
918 3984 1252 4053 μεταδιδοὺς,
1286 3984 1423 4037 ἀλλὰ
1476 3984 1572 4037 καὶ
1625 3984 1814 4037 παθὼν

234 4082 325 4132 καὶ
361 4081 712 4148 ὀδυρόμενος,
743 4080 928 4131 οἴκτου
964 4077 1057 4129 καὶ
1093 4071 1157 4146 ἦν
1192 4077 1363 4141 ἄξιος,
1397 4075 1489 4128 καὶ
1516 4075 1808 4145 τετύχηκε.

236 4173 537 4239 Πραγματι
582 4170 716 4235 γὰρ,
748 4170 795 4219 εί
837 4167 931 4219 καὶ
975 4167 1051 4237 μὴ
1093 4169 1324 4235 ῥήμασι,
1360 4166 1453 4217 τὸν
1505 4164 1651 4218 ἔλεον
1695 4165 1813 4231 ἐξε-

234 4265 479 4315 καλεῖτο.
515 4261 587 4312 Τὸ
633 4259 904 4329 κρυϐῆναι
938 4259 1047 4326 γὰρ
1094 4256 1405 4319 δεικνύντος
1440 4252 1508 4326 ἦν
1545 4257 1688 4325 μέγα
1729 4273 1811 4308 τι-

235 4356 389 4406 θέναι
424 4352 483 4403 τὸ
509 4351 772 4421 ἀδίκημα,
792 4350 864 4411 ὡς
908 4349 1041 4417 μηδὲ
1072 4349 1256 4416 φωνὴν
1286 4347 1511 4419 θαρρεῖν
1539 4349 1812 4418 προϊέναι,

235 4450 266 4514 ἦ
298 4445 498 4498 ἐαυτξν
545 4441 890 4511 παραδεῖξαι.
936 4439 1024 4507 Τῷ
1073 4440 1127 4491 δὲ
1179 4440 1548 4508 παμπονήρῳ,
1598 4438 1666 4490 τὰ
1714 4438 1813 4491 και

235 4538 405 4589 κιστὰ
464 4551 521 4586 τε
571 4531 1002 4602 διανοησαμὲνῳ,
1039 4530 1132 4583 καὶ
1194 4528 1317 4581 καθ’
1356 4528 1548 4581 ἑαυτοῦ
1581 4529 1815 4597 διαπρα-

241 4633 482 4699 ξιμένῳ,
517 4630 613 4680 καὶ
641 4626 747 4679 τῶν
775 4626 971 4690 ἄλλων,
1002 4623 1095 4675 καὶ
1131 4621 1253 4692 μηδ’
1286 4620 1468 4675 ὁτιοῦν
1507 4621 1565 4685 ἐξ
1601 4621 1811 4673 ἐκείνου

238 4724 542 4790 καθυφέντι
572 4722 668 4789 τῆς
713 4717 931 4788 μανίας,
964 4717 1250 4784 στέργοντι
1285 4717 1341 4769 δὲ
1377 4720 1478 4783 τὴν
1509 4717 1687 4777 νόσον,
1717 4716 1813 4768 καὶ

243 4816 431 4885 ἰατρὸν
478 4812 815 4881 παρορῶντι,
843 4809 939 4860 καὶ⁵
990 4808 1082 4860 τὸν
1129 4806 1277 4859 ἔλεον
1326 4808 1810 4875 ἀποστρεφομένῳ,

244 4908 357 4969 πνῦς
414 4905 481 4957 ἂν
534 4902 750 4969 ἰαθῆναι
788 4901 997 4967 γένοιτό
1055 4915 1209 4963 ποτε,
1255 4899 1311 4960 ὅς
1356 4915 1419 4965 γε
1468 4900 1559 4951 καὶ
1607 4897 1673 4950 τὰ
1704 4901 1816 4960 τοῖς

244 5002 428 5061 ἄλλοις
475 4998 745 5065 φάρμακα
796 4992 1001 5045 οἰκείαν
1036 4992 1241 5061 ἥγηται
1276 4990 1548 5059 Msa-Iov;
1594 4990 1649 5041 Τί
1685 4988 1812 5056 γὰΓ.

248 5092 437 5160 φησιν,
464 5089 594 5156 ἐμοὶ
631 5088 727 5140 καὶ
766 5086 891 5145 σοὶ,
934 5084 1177 5151 Ἰησοῖς
1212 5079 1435 5147 Ἦλθες
1458 5082 1569 5147 πρὸ
1605 5099 1754 5146 mm:
1778 5081 1811 5131 ὗ

313 5204 356 5235 ⁵⁵
377 5202 514 5257 Gen.
560 5217 621 5265 ll,
652 5200 732 5253 18.

1983 3261 2213 3329 Insuper
2228 3272 2356 3311 vero
2372 3256 2505 3311 nihil
2526 3257 2703 3327 ipsum
2730 3257 2854 3311 talia
2883 3267 3287 3329 perpetrantem
3304 3260 3494 3331 pudet;

1920 3367 2095 3420 neque
2114 3351 2297 3413 verba,
2331 3349 2534 3417 quibus
2564 3349 2998 3403 misericordiam
3029 3358 3264 3420 peteret,
3294 3351 3500 3421 cogita-

1914 3446 1988 3496 vit
2007 3457 2267 3511 unquam,
2292 3456 2466 3509 nequc.
2486 3441 2740 3503 latebras,
2763 3449 2883 3493 utut
2910 3442 3245 3497 exsecranda
3262 3443 3501 3513 sintcqu

1914 3532 2156 3587 facinora
2172 3543 2227 3587 et
2243 3531 2594 3587 cxseeraudis
2610 3533 2867 3587 omnibus
2884 3534 3177 3600 deteriora,
3198 3537 3496 3606 aliquando

1915 3624 2115 3694 qumsiv
2131 3625 2189 3687 it;
2211 3624 2303 3678 sed
2326 3624 2499 3677 libere
2512 3625 2772 3687 exsultat,
2793 3633 2847 3678 et
2865 3624 3070 3693 iniquis
3089 3628 3237 3681 ausis
3254 3629 3495 3690 laetatur.

1916 3715 2101 3769 etsuis
2138 3714 2593 3768 machinamentis
2615 3714 2901 3781 gloriatur,
2920 3725 2973 3768 et
2994 3716 3494 3790 inculpatos,inipu-

1918 3805 2111 3859 denter
2126 3804 2383 3873 exagitat,
2405 3806 2745 3871 proutetiam
2762 3806 2990 3859 historia
3004 3807 3125 3861 Jobi
3146 3810 3325 3881 palam
3345 3809 3493 3865 facit.

1991 3895 2103 3948 Vll.
2138 3893 2507 3959 Quamobrem
2540 3893 2704 3946 homo
2761 3895 3003 3962 quidem,
3060 3876 3153 3965 qui
3189 3876 3368 3967 neque
3400 3915 3496 3968 per

1918 4004 1975 4044 sc
2024 3990 2372 4057 iniquitatem
2430 3989 2861 4057 excogitaverat,
2929 4007 3108 4060 neque
3167 3998 3221 4046 In
3280 4005 3492 4062 partem

1918 4078 2087 4141 illius,
2121 4094 2244 4148 quas
2274 4080 2513 4132 admissa
2556 4079 2751 4142 fuerat,
2799 4081 2935 4135 alios
2969 4083 3196 4136 vocabat
3233 4084 3367 4153 (83),
3401 4086 3494 4139 sed

1918 4171 1971 4224 in
2025 4171 2225 4223 malum
2284 4180 2591 4238 pertractus
2639 4171 2833 4231 fuerat,
2894 4172 3072 4241 deque
3126 4175 3247 4243 ipso
3274 4175 3498 4250 ‘dejnde

1917 4262 2158 4327 dolebat,
2192 4263 2298 4326 hic,
2356 4264 2598 4331 inquam,
2631 4272 2688 4315 et
2724 4262 3103 4317 misericordia
3140 4258 3496 4335 digntiserat,

1916 4363 1972 4408 et
1996 4354 2167 4423 ipsam
2196 4353 2430 4423 adeptus
2456 4363 2558 4418 est,
2595 4353 2691 4409 Sin
2725 4356 2906 4409 minus
2931 4357 3077 4410 enim
3111 4357 3317 4422 verbis,
3347 4338 3499 4413 certe

1917 4445 2075 4499 factis
2129 4445 2561 4499 misericordiam
2616 4446 2967 4514 implorabat.
3012 4446 3147 4501 Nam
3179 4432 3326 4517 quod
3362 4450 3497 4503 late-

1919 4537 2047 4589 bras
2100 4543 2389 4603 quaereret,
2454 4535 2676 4590 fatentis
2702 4547 2839 4601 erat,
2892 4552 3149 4607 magnum
3212 4554 3271 4593 se
3315 4542 3498 4595 scelus

1921 4632 2287 4693 perpetrasse,
2311 4623 2383 4678 ita
2414 4633 2472 4678 ut
2503 4641 2682 4695 neque
2720 4641 2908 4681 vocem
2943 4627 3197 4682 emittere
3241 4628 3495 4691 auderet,-

1910 4731 2089 4783 neque
2139 4716 2191 4767 in
2228 4716 2463 4769 aliorum
2518 4727 2872 4785 conspectum
2924 4719 3170 4786 prodire.
3232 4720 3301 4772 At
3366 4736 3497 4772 veru

1914 4804 2324 4871 improbissimo
2368 4804 2470 4868 illi,
2503 4805 2596 4872 qui
2638 4806 2872 4873 pessima
2905 4822 3136 4876 quaeque
3167 4816 3222 4861 et
3271 4810 3492 4879 excogi-

1915 4904 2068 4959 tavit,
2100 4904 2157 4947 et
2200 4894 2254 4947 in
2293 4894 2378 4948 sui
2413 4895 2585 4962 ipsius
2619 4897 2772 4964 juxta
2829 4913 2891 4950 ac
2922 4898 3153 4952 aliorum
3186 4900 3489 4967 perniciem

1916 4986 2135 5037 Inolitus
2170 4993 2276 5046 est,
2310 4996 2366 5038 et
2391 5001 2457 5038 ne
2494 4986 2663 5037 hilum
2694 4987 2917 5055 quidem
2952 4990 3250 5045 remisitex
3273 4970 3491 5044 suniillo

1913 5079 2122 5139 furore,
2181 5077 2387 5146 quique
2418 5088 2474 5129 et
2509 5077 2758 5129 morbum
2814 5094 2974 5133 suum
3008 5080 3173 5134 habet
3220 5079 3484 5135 charissi-

1498 5359 1636 5415 Ant.
1688 5352 1974 5415 Ballerini
2022 5361 2206 5412 notae.

317 5491 431 5557 (85;
467 5488 586 5543 Non
621 5504 683 5543 ea
721 5496 903 5542 mente
950 5486 1062 5541 haec
1107 5486 1175 5540 ab
1208 5484 1413 5539 Isidoro
1443 5481 1724 5557 dicuntur,
1760 5490 1818 5533 ut

248 5553 458 5631 peccati
482 5562 764 5631 Aciamitici
795 5559 1113 5631 propagatio
1141 5560 1190 5608 in
1222 5553 1817 5631 posterosdvncgetur;

252 5625 374 5684 nam
414 5630 746 5683 cath-~|icum
786 5625 1067 5695 dogi’na'de
1094 5636 1316 5693 peccatu
1340 5625 1587 5691 originali
1623 5625 1819 5695 passim

253 5715 299 5753 et
337 5700 697 5752 disi-nissum-
726 5693 1186 5765 aﬂbiprutitcur.
1220 5698 1360 5748 sicut
1387 5705 1441 5745 ct
1466 5693 1821 5765 disertissime

255 5773 320 5824 ab
344 5771 589 5839 ejusdem
612 5770 817 5837 peccati
838 5762 1221 5821 communione
1245 5766 1515 5833 Virginem
1542 5762 1820 5829 [leiparam

1917 5475 2155 5530 excludit
2190 5475 2322 5543 (vid.
2378 5468 2531 5528 Hom.
2576 5478 2629 5528 in
2668 5475 2920 5529 Prwsent.
2968 5478 3115 5543 Deip.
3154 5476 3180 5546 ᾗ
3218 5478 3301 5534 15.
3340 5488 3477 5545 part.

1918 5565 1953 5603 ι,
1990 5563 2109 5615 pag.
2146 5546 2405 5613 442445)
2435 5565 2445 5597 :
2477 5547 2568 5599 scd
2597 5547 3304 5606 tantummodo'inticiatur.
3338 5550 3480 5601 Ada-

1921 5634 2065 5670 mum
2095 5617 2225 5670 illud
2251 5631 2491 5684 quoque,
2538 5616 2684 5685 quod
2715 5616 2961 5670 diabolus
3007 5616 3232 5680 feCerat,
3271 5621 3471 5685 praesti-

1923 5690 2069 5744 tisse.
2112 5698 2169 5742 ut
2207 5687 2338 5739 alias
2372 5700 2653 5739 creaturas
2684 5687 2979 5750 seduxerit,
3015 5696 3179 5756 atque
3207 5687 3274 5740 ad
3305 5688 3476 5740 rebel-

1926 5758 2142 5814 landum
2176 5759 2436 5811 adversus
2463 5756 2630 5810 Deum
2652 5756 2968 5811 excitaverit
3030 5768 3035 5777 ‘
