4258 6364
730 452 801 509 7‘.)
1810 443 2110 507 ISIDORI
2160 439 2908 502 THESSALONICENSIS
3913 442 3980 503 80

722 574 894 621 mum,
942 567 999 613 et
1055 556 1331 611 medicum
1386 552 1710 617 contemnit,
1748 563 1805 608 et
1862 550 2300 608 misericordiam
2331 558 2377 613 Α

2291 566 2300 603 ι
2331 558 2377 613 Α
2408 548 2743 610 βασανίσαι
2766 566 2863 617 με,
2888 546 2987 619 τὴν
3018 547 3111 600 ὑπ’
3150 546 3315 602 αὑτοῦ
3351 550 3785 620 κατασχεθείσαν
3816 558 3972 606 νόσον

724 660 1037 715 aversatur,
1085 664 1324 720 quonam
1385 656 1547 718 pacto
1578 646 1792 701 medela
1836 644 2104 715 quaepiam
2133 642 2296 697 adhi-

728 744 947 806 beatur,
982 742 1112 796 dum
1136 740 1363 808 insuper
1401 753 1524 807 quin
1559 738 1682 791 aliis
1714 742 1843 790 sunt
1875 735 2294 799 medicamenta,

724 848 822 888 sua
858 834 959 886 iste
995 840 1153 900 putat
1176 843 1299 885 esse
1331 827 1641 898 supplicia?
1672 825 1812 891 Quid
1840 831 2000 890 enim,
2022 826 2201 893 inquit
2224 823 2295 891 ⁸⁸,

724 924 852 977 mihi
902 930 950 975 et
994 922 1113 986 tibi,
1146 919 1321 973 Iesu?
1386 917 1581 971 Venisti
1632 927 1755 970 ante
1800 925 2001 987 tempus
2056 924 2299 987 torquere

724 1026 844 1076 me;
876 1026 1001 1065 cum
1054 1025 1249 1081 nempe
1303 1008 1515 1063 videret
1561 1008 1759 1076 expelli
1811 1008 2084 1069 morbum,
2134 1022 2299 1077 quem

725 1106 843 1174 ipse
879 1104 959 1171 (in
988 1102 1227 1173 languidi
1262 1104 1513 1171 corpore)
1545 1099 1885 1154 continebat.
1916 1099 2126 1154 Exinde
2148 1114 2298 1164 cum,

726 1195 1014 1250 Salvatore
1054 1201 1390 1261 contempto,
1441 1201 1733 1262 cogeretur
1766 1192 1885 1245 loca
1913 1191 2206 1258 exquirere
2231 1189 2299 1243 ad

726 1284 1148 1339 iuhabitandum
1178 1283 1392 1348 ﬂorida,
1421 1282 1506 1337 vel
1552 1281 1698 1336 aliud
1722 1282 2001 1351 quidpiam
2035 1282 2301 1337 suavitate

725 1375 1031 1437 delectans,
1069 1374 1173 1429 iste
1209 1374 1497 1429 enimvero
1536 1388 1753 1443 porcos,
1781 1371 2131 1439 splendidum
2168 1386 2301 1427 sane

727 1464 1092 1531 domicilium,
1124 1464 1403 1534 praeelegit
1442 1462 1574 1532 (8i).
1627 1460 1718 1515 Sic
1762 1464 2018 1531 porcinus
2062 1471 2119 1516 et
2145 1476 2302 1516 caeno

726 1555 923 1624 plenus
951 1555 1041 1608 ille
1068 1553 1406 1607 miserrimus
1436 1560 1491 1606 ct
1520 1560 1787 1621 perpetuo
1810 1549 2031 1620 quidem
2058 1550 2110 1605 in
2146 1549 2305 1604 malis

726 1645 1053 1701 cll‘odiendis
1110 1651 1259 1698 totus
1304 1642 1625 1707 deiiciatur;
1672 1656 1891 1695 sursum
1942 1649 2127 1695 autem
2160 1642 2306 1710 aspi-

577 1725 580 1728 ’
640 1794 641 1797 η
727 1749 875 1798 cere,
915 1743 972 1789 et
1010 1733 1302 1789 sanitatem
1346 1732 1639 1792 advocare,
1688 1729 1793 1798 ipsi
1847 1746 1917 1784 ne
1962 1729 2017 1783 in
2063 1741 2304 1783 mentem

727 1824 949 1894 quidem
1000 1838 1242 1893 unquam
1310 1820 1494 1876 venit!
1556 1817 1827 1884 Quocirca
1892 1816 2040 1885 jacet
2104 1819 2304 1876 misere

2400 640 2766 711 ἐλαυνομένην
2800 640 2966 711 ὀρῶν.
2999 634 3133 693 Εἶτα
3166 641 3327 709 ἀφεὶς
3365 641 3459 694 τὸν
3483 641 3737 712 Σωτῆρα,
3778 645 3972 721 ἐπιζη-

2399 735 2511 786 τείν
2549 733 2909 802 ἐλαυνόμενος
2946 732 3147 796 τόπους
3182 735 3264 796 είς
3304 733 3526 803 οἴκησιν
3561 735 3828 799 εὐανθεῖς,
3860 737 3893 805 ἧ
3920 754 3972 787 τι

2400 823 2508 877 τῶν
2535 822 2709 878 ἄλλων
2753 822 3024 889 τερπνῶν,
3051 821 3177 905 ὁ.δέ
3222 822 3480 894 λαμπράν
3523 824 3700 875 οίκίαν
3742 826 3976 893 αἱρεῖται

2400 916 2525 978 τοὺς
2553 914 2790 985 χοίρους.
2832 913 2989 967 Οὕτω
3020 914 3291 986 χοιρὼδης
3322 914 3419 967 καὶ¹
3457 913 3727 985 βορϐόρου
3771 918 3969 987 μεστδς

2400 1008 2429 1059 ὁ
2468 1007 2780 1071 πανάθλιος,
2836 1006 2933 1059 καὶ
2984 1008 3072 1059 ἀεὶ
3140 1006 3240 1075 μὲν
3300 1006 3401 1074 τὴν
3453 1006 3657 1058 κακίαν
3706 1008 3972 1077 ὀρύττων,

2402 1097 2740 1168 ὲπεντρυφᾷ,
2797 1097 3092 1150 ἀνανεῦσαι
3138 1097 3194 1150 δὲ
3245 1098 3339 1150 καὶ
3386 1095 3483 1166 τὴν
3530 1097 3720 1165 ὑγείαν
3762 1100 3971 1150 ἀνακα-

2400 1187 2665 1242 λέσασθαι
2716 1190 3000 1257 ἐνενόησεν
3036 1189 3402 1243 οὐδεπώποτε.
3436 1188 3604 1242 Ὅθεν
3668 1192 3765 1242 καὶ
3794 1192 3977 1242 κεῖται

2400 1280 2681 1349 δυστυχῶς
2710 1281 2955 1350 κάμνων,
2986 1279 3253 1350 καλλονὴν
3300 1281 3399 1349 τὴν
3432 1278 3703 1350 πονηρίαν
3737 1279 3981 1349 ἡγούμε-

2402 1386 2513 1436 νος,
2554 1370 2649 1422 καὶ
2687 1370 3059 1441 χαριζομένην
3100 1371 3509 1442 ἀποστρέφεται
3543 1371 3640 1440 τὴν
3672 1369 3980 1440 θεραπείαν

2404 1461 2433 1513 ό
2466 1461 2843 1533 ὑπερήφανος.
2884 1462 3024 1515 Ἀλλ’
3055 1463 3155 1533 οὐχ
3180 1460 3357 1524 οὕτως
3383 1461 3434 1515 ol
3467 1463 3734 1525 πεσόντες
3771 1463 3935 1530 ἡμεῖς
3961 1478 3976 1492 ·

2404 1552 2690 1623 δεξάμενοι
2739 1554 2848 1624 γάρ
2896 1553 2995 1624 τὴν
3040 1554 3273 1626 πληγὴν,
3322 1554 3416 1607 τὸν
3459 1553 3982 1623 φιλανθρωπότατον

2409 1645 2592 1715 ίατρδν
2634 1646 2997 1716 ἐπεὸοὼμεθα
3047 1648 3238 1717 συχνὰ,
3289 1648 3385 1701 καὶ
3439 1646 3631 1701 τοῦτον
3679 1646 3985 1699 ἐπιστάντα

2408 1734 2628 1797 ίδόντες,
2662 1735 2923 1799 δουλικῶς
2948 1737 3349 1807 ὑπεδεξάμεθα,
3377 1738 3475 1792 καὶ
3514 1737 3694 1791 πάντα
3729 1735 3987 1805 γενέσθαι

2407 1825 2708 1895 εὖξάμεθα,
2745 1828 2846 1880 ὅσα
2875 1827 2953 1898 τῷ
2982 1830 3196 1897 Σωτῆρι
3224 1828 3587 1898 διανενόηται.

727 1926 1022 1988 agi-omns,
1065 1913 1253 1969 decori
1287 1911 1393 1967 sibi
1427 1910 1638 1965 ducens
1679 1908 2005 1979 pravitatem
2048 1924 2226 1974 suam,
2290 1921 2345 1967 et
2384 1914 2627 1971 oblatam
2669 1917 2937 1972 medelam
2997 1918 3269 1989 superbus
3356 1917 3555 1988 refugit
3602 1917 3735 1989 (85).
3785 1918 3987 1970 Verum

729 2027 838 2065 non
876 2011 949 2064 ita
974 2023 1075 2062 nos
1104 2007 1281 2076 lapsi;
1341 2011 1568 2072 accepto
1612 2001 1760 2058 enim
1827 2001 2055 2056 vulnere
2121 2002 2189 2056 ad
2264 2005 2717 2077 benignissimum
2774 2011 3051 2067 medicum
3103 2026 3293 2067 vocem
3379 2026 3521 2082 saepe
3558 2012 3881 2075 attollimus,
3933 2018 3987 2065 et

728 2118 1016 2177 postquam
1045 2105 1154 2174 jam
1196 2102 1482 2157 advenisse
1511 2100 1775 2163 vidimus,
1810 2098 1988 2168 ipsum
2045 2107 2300 2169 tanquam
2342 2106 2485 2157 servi
2548 2108 2915 2177 suscepimus,
2959 2118 3124 2180 atque
3192 2108 3399 2174 omnia,
3472 2122 3816 2179 quaecunque
3860 2106 3984 2163 Sal-

731 2212 887 2253 vator
949 2196 1262 2266 proposuit,
1310 2208 1373 2246 ea
1447 2201 1507 2244 ut
1553 2191 1609 2243 in
1664 2190 1823 2245 nobis
1889 2190 2272 2259 implerentur,
2311 2196 2473 2251 enixe
2527 2197 2806 2267 deprecati
2851 2214 3044 2254 sumus

804 2290 940 2343 Vill.
970 2287 1101 2341 Etiil
1126 2285 1347 2355 quidem
1363 2281 1649 2336 manifeste
1684 2291 1955 2335 testantur
1985 2282 2298 2335 Purissimrc
2328 2289 2374 2348 B
2473 2290 2485 2341 1

2328 2289 2374 2348 Β
2473 2290 2556 2342 ll'.
2587 2291 2693 2343 Καὶ
2743 2290 2897 2361 δηλοῖ
2925 2290 3084 2345 τοῦτο
3115 2290 3307 2360 σαφῶς
3356 2290 3458 2361 τῆς
3501 2290 3887 2362 Παναχράντου
3917 2295 3988 2347 τά

731 2382 878 2436 illius
906 2378 1073 2434 verba
1106 2394 1119 2430 :
1154 2376 1307 2442 Ecce,
1335 2374 1535 2443 inquit,
1565 2371 1765 2425 ancilla
1788 2371 2018 2437 Domini,
2054 2371 2151 2439 ﬁat
2180 2371 2305 2425 mihi
2408 2410 2412 2446 1

2408 2378 2665 2449 ῥήματα·
2727 2380 2875 2435 Ἰδοὺ
2922 2381 2961 2447 ἡ
3014 2380 3205 2449 δούλη
3257 2382 3497 2449 Κυρίου,
3550 2386 3706 2452 φησι,
3754 2380 3988 2451 γένοιτό

731 2471 1012 2524 secundum
1044 2467 1253 2521 verbum
1272 2473 1419 2517 tuum
1441 2463 1513 2516 ".
1565 2460 1736 2530 Cujus
1774 2474 1903 2514 sane
1955 2460 2133 2514 virtus
2188 2475 2305 2513 ma-

742 2576 906 2630 gnum
940 2561 1044 2613 hoc
1074 2568 1363 2625 tropaeum,
1394 2561 1639 2608 nostram
1666 2551 1877 2606 scilicet
1902 2550 2156 2612 salutem,
2184 2566 2306 2606 ere-

731 2654 829 2708 xit.
858 2652 1157 2721 Postquam
1178 2647 1324 2702 enim
1348 2662 1450 2701 nos
1479 2643 1625 2713 cepit
1653 2643 1926 2713 voluptas,
1976 2651 2034 2697 et
2093 2642 2305 2697 beneﬁ-

732 2761 854 2798 cum
886 2745 1080 2806 Deum,
1114 2741 1203 2794 hei
1240 2739 1412 2792 mihil
1460 2736 1824 2806 auiugicntes,
1882 2734 2133 2802 improbo
2188 2750 2309 2789 ser-

735 2836 888 2906 pvnti
919 2843 1136 2888 nosmet
1152 2830 1428 2892 dedimus,
1460 2828 1762 2898 perduellis
1789 2827 1940 2881 illius
1956 2826 2136 2880 eﬂecti
2163 2827 2307 2882 servi

731 2941 945 2992 sumus,
980 2925 1210 2995 ejusque
1262 2920 1496 2975 arbitrio
1554 2919 1836 2988 subjecti;
1905 2927 1962 2973 et
2000 2918 2137 2972 nihil
2203 2918 2309 2975 iuit

731 3018 1110 3086 cujuscunque
1135 3011 1285 3074 mali,
1315 3009 1384 3064 ad
1447 3008 1593 3078 quod
1643 3010 1903 3062 seductor
1941 3006 2034 3061 ille
2080 3006 2308 3061 dolosas

732 3120 833 3159 nos
890 3103 1052 3173 plane
1099 3098 1386 3171 tyrannide
1432 3112 1531 3151 sua
1605 3110 1714 3150 non
1739 3095 2024 3165 adigeret;
2075 3093 2222 3149 unde
2252 3102 2307 3148 et

732 3195 983 3250 libidinis
1014 3193 1200 3262 erupit
1234 3190 1495 3261 procella,
1527 3199 1583 3244 et
1638 3188 1990 3243 exundarunt
2042 3187 2306 3257 iniquita-

734 3288 805 3341 tis
837 3288 1058 3347 tluctus,
1109 3292 1165 3337 et
1229 3282 1517 3354 ἱιῄιιειιιὶειξ
1549 3280 1711 3335 turbo
1779 3281 1915 3333 lines
1976 3287 2136 3333 terra:
2176 3293 2307 3332 con—

735 3379 930 3433 cussit.
961 3377 1107 3431 Deus
1132 3384 1315 3428 autem
1346 3390 1376 3425 e
1427 3372 1569 3426 coelo
1632 3370 2024 3440 prospiciebat,
2059 3384 2309 3440 quaerens

735 3471 779 3522 si
812 3467 942 3537 quis
979 3463 1283 3519 secundum
1316 3477 1411 3515 cor
1438 3463 1561 3530 ejus
1592 3470 1736 3514 esset
1774 3462 1827 3513 in
1858 3470 2026 3522 terra,
2063 3459 2158 3529 qui
2193 3459 2310 3512 ido-

736 3574 874 3613 neus
894 3557 1176 3611 videretur
1212 3555 1276 3607 ad
1316 3553 1569 3606 homines
1598 3552 1665 3604 ab
1696 3551 1788 3604 illo
1806 3566 1995 3605 errore
2029 3560 2085 3604 et
2107 3567 2136 3604 a
2192 3565 2308 3604 ser-

2402 2488 2505 2539 μοι
2537 2471 2688 2525 κατὰ
2718 2471 2785 2525 τὸ
2799 2471 2971 2541 ῥῆμά
2997 2488 3134 2527 σου.
3160 2466 3268 2535 Ἦς
3292 2476 3327 2542 ἡ
3358 2471 3528 2543 ἀρετὴ
3561 2472 3622 2525 τὸ
3661 2474 3805 2541 μέγα
3825 2472 3983 2525 τοῦτο

2407 2561 2687 2630 τρόπαιον,
2716 2560 2815 2631 τὴν
2851 2562 3130 2633 ἡμετέραν
3161 2563 3430 2633 ἀνῄρηται
3462 2562 3759 2632 σωτηρίαν.
3801 2562 3979 2616 Ἐπει·

2406 2649 2471 2722 δὴ
2493 2650 2600 2721 γὰρ
2621 2645 2764 2705 εἶλεν
2790 2653 2936 2722 ἡμᾶς
2964 2654 3144 2724 ἡδονὴ,
3179 2653 3274 2706 καὶ
3305 2653 3458 2717 Θεὸν,
3487 2652 3655 2722 οἴμοιε
3696 2653 3789 2707 τὸν
3821 2656 3983 2724 εὐερ-

2408 2743 2595 2812 γέτην,
2630 2744 2980 2812 διαφυγόντες
3009 2745 3088 2815 τῷ
3132 2744 3355 2815 πονηρῷ
3391 2745 3799 2814 προσετέθημεν
3841 2745 3987 2813 ὄφει,

2410 2834 2658 2895 ἐλεεινῶς
2704 2836 3037 2905 αἰχμάλωτοι
3093 2837 3400 2905 γεγονότες,
3449 2838 3544 2891 καὶ
3590 2840 3710 2899 ταῖς
3737 2835 3831 2889 τοῦ
3866 2836 3984 2908 δρι-

2413 2924 2574 2977 πέτου
2622 2925 3042 2990 καθυπείκοντες
3104 2926 3371 2996 γνώμαις.
3430 2930 3524 2981 καὶ
3562 2928 3715 2980 οὐδὲν
3756 2924 3823 2999 ἦν
3866 2932 3987 2981 ὅταν

2409 3003 2517 3066 τῶν
2545 3016 2727 3068 κακῶν
2762 3017 2898 3086 μήτε
2931 3016 3229 3086 σύμϐουλος
3264 3019 3291 3069 ό
3318 3017 3514 3080 πλάνος
3557 3021 3651 3070 καὶ
3697 3020 3842 3088 ἡμᾶς
3887 3021 3993 3073 ὑπὸ

2410 3108 2567 3175 χεῖρα
2589 3105 2663 3174 μὴ
2697 3100 2861 3174 εἶχεν·
2907 3106 3026 3159 ὅθεν
3074 3106 3278 3177 χειμὼν
3306 3108 3405 3177 μὲν
3441 3108 3725 3175 ἀσελγείας
3757 3110 3989 3180 ἐρράγη,

2414 3198 2508 3249 καὶ
2558 3196 2773 3249 κυκεὼν
2822 3199 3048 3267 ἀνομίας
3078 3198 3326 3269 ἐξεχύθη,
3378 3201 3471 3251 καὶ
3516 3200 3649 3268 ζάλη
3678 3200 3744 3254 τά
3780 3206 3990 3269 πέρατα

2412 3289 2671 3342 διέσεισεν
2707 3289 2937 3351 ἀδικίας.
2970 3288 3100 3351 Θεὸς
3126 3289 3181 3342 δὲ
3210 3288 3386 3357 ζητῶν
3434 3288 3720 3340 διέκυτττεν
3758 3290 3989 3357 οὐρανό-

2415 3378 2526 3439 θεν,
2547 3380 2599 3431 εί
2631 3380 2732 3430 πού
2765 3395 2845 3441 τις
2874 3379 3021 3449 αὐτῷ
3048 3378 3188 3431 κατά
3215 3377 3436 3446 γνώμην
3462 3378 3555 3429 ἐπὶ
3586 3379 3685 3445 γῆς
3716 3382 3822 3449 εἴη,
3846 3379 3874 3428 ὃ
3926 3379 3992 3431 ἂν

2415 3471 2597 3531 ἱκανὸς
2632 3469 2941 3534 ἀπαλλάξαι
2985 3471 3177 3538 φανείη
3233 3470 3334 3539 τῆς
3372 3469 3576 3537 πλάνης
3632 3470 3850 3537 ἐκείνης
3896 3475 3992 3521 καὶ

2413 3562 2520 3613 τῶν
2567 3561 2781 3631 δεσμῶν
2831 3562 2956 3625 τοὺς
3004 3561 3358 3633 ἀνθρώπους
3395 3561 3490 3615 καὶ
3539 3558 3605 3631 ἦν
3647 3562 3829 3631 εὗρεῖν
3890 3564 3990 3630 οὐχ

736 3650 928 3703 vitutis
966 3648 1201 3702 vinculis
1247 3646 1614 3708 liberandos;
1677 3652 1732 3696 et
1793 3658 1861 3695 ne
1918 3657 2061 3696 unus
2082 3640 2304 3711 quidem
2337 3653 2380 3711 ο

2337 3653 2380 3711 C
2417 3653 2519 3716 ’ἐως
2554 3655 2693 3717 ἐνὸς,
2733 3654 2990 3707 ἀπάντων
3013 3654 3283 3724 δήπουθεν
3316 3656 3695 3723 προκειμένων
3728 3655 3986 3725 ἀχρείων,

739 3741 971 3795 inveniri
1000 3749 1232 3811 poterat,
1257 3752 1380 3792 cum
1412 3751 1604 3791 omnes
1662 3735 1851 3805 utique
1917 3734 2141 3788 inutiles
2165 3733 2313 3803 jace-

739 3844 881 3892 rcot,
912 3844 967 3885 ot
1011 3834 1287 3902 serpentis
1320 3846 1536 3885 veneno
1562 3828 1773 3884 infecti.

808 3935 905 3985 Ast
931 3940 1052 3998 post
1083 3928 1279 3981 multas
1303 3927 1525 3980 tandem
1558 3922 1967 3993 generationes,
2021 3931 2309 3993 postquam

740 4025 869 4078 illud
898 4038 1063 4092 supra
1099 4030 1351 4075 naturam
1383 4016 1664 4079 delicium,
1697 4015 2022 4081 Purissima,
2065 4015 2310 4085 inquam,

740 4116 833 4170 illa
864 4115 975 4185 (86)
996 4114 1265 4184 apparuit,
1300 4112 1457 4182 cujus
1477 4110 1641 4163 virtus
1675 4116 1722 4160 et
1744 4110 1919 4172 caelos,
1950 4117 2013 4161 ut
2040 4122 2164 4162 cum
2187 4123 2313 4178 pro-

814 4233 859 4262 "
891 4230 1081 4285 Matth.
1125 4241 1241 4291 V‘lll,
1273 4228 1366 4281 2!).
1445 4228 1490 4256 "
1518 4225 1650 4278 Luc.
1681 4241 1718 4289 i,
1747 4224 1835 4276 58.

2419 3747 2512 3798 καὶ
2545 3745 2620 3813 τῷ
2650 3744 2742 3800 τοῦ
2774 3746 2950 3815 διρεως
2981 3747 3338 3816 κατιωμένων
3379 3746 3460 3816 ἰῷ.

2489 3925 2641 3977 Μετὰ
2678 3923 2875 3986 πολλὰς
2900 3923 2955 3976 δέ
2980 3924 3193 3990 γενεάς,
3221 3922 3340 3975 ἐπεὶ
3364 3921 3423 3976 τὸ
3461 3924 3738 3994 ὑπερφυὲς
3770 3923 3993 3992 ἄγαλμα

2421 4017 2453 4086 ἡ
2502 4015 2842 4085 πανάμωμος
2870 4013 3176 4085 ἀνεδείχθη,
3207 4009 3274 4085 ἦς
3305 4015 3338 4086 η
3376 4015 3547 4086 ἀρετὴ
3573 4018 3667 4068 καὶ
3703 4017 3990 4085 οὐρανοὺς,

2419 4108 2777 4179 προφητικῶς
2815 4108 3012 4174 είπεῖν,
3043 4106 3334 4176 ἐκάλυψεν,
3375 4107 3510 4162 ἀλλά
3540 4109 3633 4162 καὶ
3670 4110 3704 4179 ἡ
3739 4109 3811 4178 γῆ
3849 4110 3989 4179 πλή-

2001 4381 2143 4441 Ant.
2186 4376 2478 4440 Ballerini
2529 4388 2718 4441 notua.

822 4518 936 4589 (8i)
969 4511 1137 4589 Harp.
1166 4528 1221 4576 v,
1253 4510 1335 4564 12.
1366 4509 1449 4589 .Et
1478 4508 1893 4589 deprecaoantur
1946 4522 2065 4589 eum
2110 4506 2335 4575 spiritus

747 4578 973 4643 dic'rnt'es
1000 4598 1016 4635 :
1053 4581 1202 4637 Mitte
1232 4596 1321 4633 nos
1362 4581 1413 4633 in
1442 4578 1643 4648 porros,
1671 4585 1725 4629 ut
1769 4579 1823 4631 in
1851 4592 1935 4648 eos
1962 4578 2313 4648 introeamus.

819 4656 931 4721 (85)
967 4653 1157 4706 Elui-et
1191 4666 1257 4705 ex
1294 4646 1687 4721 liis,_15idorum
1717 4648 1771 4721 in
1806 4661 1869 4721 ea
1898 4646 2066 4721 fuisse
2093 4656 2316 4721 senten-

749 4714 843 4784 tia,
869 4714 991 4794 qua:
1013 4724 1178 4775 etiam
1210 4719 1491 4794 nonnullis
1518 4734 1549 4771 e
1580 4718 1765 4794 schola
1792 4714 2061 4794 theologis
2089 4714 2313 4793 placuit,

748 4787 903 4851 inter'
926 4802 1209 4862 peccatum
1260 4788 1460 4862 diaboli
1520 4795 1575 4840 ct
1613 4787 1857 4856 ejusdem
1910 4787 2313 4862 damnationem

749 4854 968 4931 aliquod
1010 4860 1381 4915 intercessisse
1434 4854 1668 4931 tempus,
1723 4871 1833 4925 quo
1868 4855 2043 4924 gratia
2095 4854 2316 4925 adjutus

748 4927 1127 5007 paenitentiam
1157 4943 1319 5007 agere
1357 4927 1645 5007 potuisset.

2423 4516 2674 4575 exempta
2705 4507 2842 4560 vitio
2896 4522 3080 4561 coram
3110 4507 3222 4578 Deo
3281 4510 3558 4578 apparuit.
3606 4512 3709 4567 Sed
3750 4524 3804 4569 et
3838 4518 3988 4577 illud.

2425 4578 2568 4646 quod
2621 4578 3025 4655 perpenilatur,
3080 4577 3241 4655 plane
3296 4577 3676 4655 digitissimum
3725 4585 3828 4655 hoc
3870 4588 3992 4640 loco

2425 4647 2669 4723 occurrit
2712 4664 2724 4698 :
2764 4660 2969 4723 nempe
3009 4647 3284 4723 quodnam
3317 4647 3679 4723 ofﬁciunnsit.
3719 4654 3785 4707 ad
3844 4659 3988 4723 quod

2426 4716 2699 4770 hominem
2753 4718 3085 4788 quempiam
3124 4716 3382 4770 idoneum
3438 4720 3751 4788 requirebat
3816 4716 3987 4779 Deus:

2425 4795 2538 4839 tum
2566 4800 2695 4840 vero
2720 4800 2819 4839 cur
2841 4785 3110 4854 ejusmodi
3132 4801 3209 4855 ne
3237 4801 3403 4839 unum
3438 4785 3657 4855 quidem
3689 4792 3832 4847 inter
3862 4796 3990 4848 Athe

2424 4856 2566 4909 ﬁlios
2613 4855 2857 4923 reperire
2904 4866 3069 4909 esset.
3128 4854 3196 4926 Et
3240 4854 3482 4909 ofﬁcium
3522 4861 3740 4926 quidem
3778 4864 3988 4917 nullum

2423 4926 2569 4978 aliud
2597 4926 2941 4994 prolionitur,
2962 4941 3122 4994 quam
3138 4925 3250 4977 Deo
3262 4925 3587 4994 cooperandi
3608 4932 3659 4983 in
3678 4931 3993 4987 hominibus

819 5006 930 5073 (86)
964 5002 1129 5073 Virgo
1156 4993 1409 5065 Dcipara,
1442 5006 1500 5073 u_t
1528 5003 1697 5065 patet,
1716 4993 1819 5073 ‘hic
1840 4993 2174 5073 designatur,
2197 5007 2319 5073 quae
2353 5000 2394 5054 ῐ)
2424 5010 2453 5047 a
2476 4993 2749 5073 servitute
2778 4993 3326 5073 infernieximendis.
3354 4993 3527 5073 Causa
3552 5014 3680 5073 vero
3701 5015 3801 5053 cur
3827 5018 3991 5055 nemo

746 5064 1187 5127 antonomastice
1221 5064 1435 5133 prorsus
1474 5064 1820 5119 immaculata
1865 5066 1919 5133 (η
1956 5064 2295 5133 πανάμωμος

747 5138 1184 5212 appellatur._Et
1208 5137 1341 5212 alios
1363 5148 1492 5212 sane
1515 5135 1827 5212 audivimus
1856 5137 2017 5212 (part.
2042 5148 2085 5212 _t,
2116 5148 2171 5202 p.

750 5201 1024 5265 l§idoruni
1048 5206 1269 5261 disertis
1290 5205 1474 5259 verbis
1493 5201 1876 5265 afﬁrmantem,
1904 5201 2185 5272 Virginem
2212 5201 2320 5255 Ma-

750 5286 889 5335 riam
914 5283 967 5333 in
996 5276 1360 5347 iniquitatibus
1403 5290 1505 5351 non
1540 5273 1699 5351 fuisse
1723 5280 2047 5351 conceptam.
2076 5272 2145 5351 At
2174 5272 2321 5325 enim

749 5351 1002 5420 quamvis
1022 5342 1129 5403 tam
1151 5354 1339 5414 aperta
1364 5342 1633 5420 professio
1656 5342 1924 5420 ascriptis
1941 5343 2060 5411 ejus
2082 5342 2319 5420 abesset,

750 5410 933 5474 nonne
989 5410 1199 5473 eadem’
1237 5410 1506 5468 sentientia
1567 5428 1635 5466 ex
1705 5413 1808 5465 hoc
1858 5410 1983 5464 loco
2035 5410 2321 5466 manifeste

749 5488 1019 5558 emergit?
1047 5486 1183 5558 Cum
1212 5484 1358 5539 enim
1396 5482 1563 5558 dicat,
1600 5484 1873 5537 neminem
1905 5482 2047 5534 inter
2071 5479 2320 5558 homines

751 5548 984 5615 inveniri
1038 5557 1299 5625 potuisse,
1355 5553 1447 5619 qui
1508 5552 1623 5607 Deo
1670 5559 1931 5619 acceptus
1962 5559 2020 5625 et
2072 5548 2318 5625 ejusdem

750 5630 1000 5683 consiliis
1032 5619 1265 5680 idoneus
1292 5631 1459 5687 esset,
1508 5631 1799 5690 prepterea
1848 5619 1993 5688 quod
2048 5621 2320 5687 serpentis

750 5713 963 5753 veneno
1013 5696 1196 5751 intecti
1256 5694 1547 5747 omnesad
1602 5707 1769 5745 unum
1824 5692 2109 5760 jacerent;
2164 5690 2318 5757 plane

747 5769 1062 5824 coiit-itur.
1099 5768 1187 5819 iilo
1222 5764 1388 5833 igitur
1415 5776 1627 5833 veneno
1656 5759 1911 5814 infectam
1950 5759 2174 5813 Mariam
2212 5774 2319 5833 non

747 5844 934 5897 luisse,
966 5852 1086 5907 quae
1109 5836 1221 5889 sola
1243 5830 1373 5903 'j’ost
1408 5831 1606 5887 multas
1627 5833 2009 5901 generationes
2039 5830 2317 5883 communi

2424 5065 2488 5117 ad
2526 5066 2577 5118 id
2608 5074 2769 5131 aptus
2809 5073 3149 5126 censeretur,
3201 5064 3425 5118 iniectio
3462 5066 3666 5122 dicitur
3714 5087 3744 5123 ε
3780 5086 3993 5125 veneno

2422 5139 2694 5209 serpentis
2711 5143 3024 5209 contracta.
3047 5136 3222 5209 atqui
3251 5134 3387 5187 nihil
3415 5137 3767 5209 exploratum
3794 5143 3989 5209 magis,

2422 5204 2556 5256 nihil
2585 5204 2754 5272 magis
2776 5212 3029 5257 testatum
3059 5204 3112 5256 in
3134 5205 3387 5258 universa
3413 5203 3671 5261 Ecclesiae
3697 5203 3992 5265 traditione

2420 5274 2667 5347 occurrit
2696 5288 2761 5347 ea
2791 5275 3059 5347 doctrina,
3083 5290 3204 5341 qua:
3232 5277 3406 5347 docet,
3442 5274 3666 5347 Mariam
3693 5280 3759 5331 ad
3785 5294 3989 5347 coope-

2423 5344 2652 5416 raudutn
2700 5341 2919 5395 Christo
2968 5343 3022 5395 in
3078 5342 3381 5416 reparando
3422 5344 3728 5416 hominum
3788 5341 3990 5416 genere

2422 5412 2651 5465 electam
2671 5422 3114 5479 assumptamque
3152 5411 3342 5483 fuisse,
3372 5412 3508 5467 adeo
3532 5424 3588 5468 ut
3614 5411 3811 5483 passim
3840 5418 3991 5471 salu-

2424 5489 2569 5534 tetur
2587 5490 2859 5552 tamquam
2886 5483 3116 5552 κόσμου
3133 5482 3495 5547 ἀνάκλησις,
3517 5482 3742 5549 παντὸς
3758 5487 3992 5552 κόσμου

2420 5551 2703 5622 σωτηρία,
2718 5552 2901 5622 λύσις
2924 5550 3207 5622 κατάρας,
3226 5553 3539 5622 πεσόντων
3557 5550 3988 5622 ἐπανόρθωοις,

2419 5618 2744 5693 ἀνθρώπων
2762 5620 3006 5693 λύτρον,
3040 5620 3283 5693 κόσμου-
3309 5621 3694 5689 ἀντίλυτρον,
3718 5618 3867 5693 ξωῆς
3890 5618 3989 5679 seu

2420 5690 2717 5760 σωτηρίας
2773 5691 3085 5756 πρόξενος,
3135 5689 3387 5757 μεσῖτις,
3428 5689 3825 5760 ίλαστήριον,
3853 5708 3988 5759 eIc.,

2421 5759 2677 5813 videlicet
2708 5761 2891 5813 mundi
2931 5763 3087 5813 totius
3119 5761 3408 5829 reparatio,
3442 5762 3611 5821 salus.
3640 5759 3842 5817 solutio
3871 5781 3988 5817 mo-

2422 5829 2733 5895 ledictionis,
2766 5830 3034 5885 (uasorum
3069 5831 3343 5893 restitutio,
3382 5832 3650 5887 hominum
3678 5835 3987 5903 redemptio,
