4256 6364
297 404 372 467 83
1108 409 1367 471 SERMO
1401 411 1481 471 IN
1522 413 2220 476 ANNUNTIATIONEM
2250 417 2291 475 ll
2338 417 2401 477 V.
2442 416 2731 477 MAerE.
3478 418 3548 480 86

294 520 429 582 θεὸς
466 520 639 591 Λόγος
698 522 769 578 δι’
824 523 1021 579 ἑαυτοῦ
1079 528 1645 608 προσηγόρευσεν,σή
1686 527 1876 581 τοῦτον
1903 540 1949 596 Α

1865 540 1949 596 Ἀ
1979 530 2140 598 quasi
2167 532 2509 587 internuntio
2547 530 2852 602 indigebat,
2885 531 3156 601 siquidem
3211 545 3350 601 opus
3405 530 3546 586 foret

296 614 738 682 ἤνεγκεν,ἅπαν
763 618 829 671 τὸ
868 619 1161 689 πλήρωμα
1198 620 1309 687 τῆς
1342 622 1643 687 θεότητος.

1983 630 2043 675 ιιι
2068 637 2189 676 eam
2210 624 2594 677 allocutionem
2635 623 2872 678 audiret.
2913 622 3033 691 Ipse
3088 623 3260 687 enim,
3322 620 3417 690 qui
3462 636 3549 680 est
3614 666 3620 671 .

298 708 446 761 Deus
474 708 736 771 Verbum.
768 726 867 780 per
898 727 957 767 se
990 711 1237 781 profecto
1268 713 1538 768 allocutus
1567 724 1687 765 eam
1713 708 1929 774 luisset,
1980 727 2102 782 quae
2170 715 2318 769 hunc
2374 716 2651 776 eumdem.
2705 730 2912 768 omnem
2976 713 3188 768 scilicet
3249 712 3549 767 Divinitan‘s

295 799 681 868 plenitudinem
705 802 772 864 ⁶¹,
803 804 1061 871 portavit.

370 894 477 945 IA'.
520 894 657 946 Ἀλλ’
682 897 730 947 εί
754 896 1144 966 φαιδρυνθῆναι
1168 896 1261 949 τὸν
1284 897 1676 965 διακονήσοντα
1710 894 1879 967 προῦ-

295 1002 471 1044 κειτο,
513 986 603 1037 τὸν
638 987 855 1053 μείζονα
880 988 1037 1041 τοῦτο
1069 989 1260 1043 παθεῖν
1289 990 1476 1058 ἐχρῆν,
1509 988 1641 1059 φαίη
1672 1005 1756 1051 τις
1781 988 1871 1050 ἂν,

296 1077 502 1146 ἥκιστα
534 1078 589 1130 δξ
625 1080 716 1131 τὸν
746 1080 1013 1151 Γαϐριὴλ,
1052 1082 1127 1145 ὡς
1159 1082 1225 1135 ἂν
1253 1082 1332 1144 εἰς
1378 1082 1505 1145 τοὺς
1537 1082 1735 1151 ἥττους
1778 1079 1875 1134 καὶ

297 1169 359 1218 τὸ
380 1169 630 1240 λαμπρὸν
648 1172 806 1243 διαεῇ

382 1432 480 1491 Τίς
513 1428 607 1485 οὖν
653 1436 681 1487 ὁ
724 1435 927 1502 λόγοςς
984 1436 1107 1489 Ὅτι
1145 1438 1261 1495 τοῖς
1303 1437 1453 1491 κάτω
1484 1439 1743 1491 κοινωνὸν
1783 1440 1870 1493 ἵνα

304 1525 511 1593 ποιήσῃ
546 1527 638 1575 τὸν
670 1526 811 1595 ὑπὲρ
860 1527 1109 1591 ἅπαντας
1149 1530 1180 1595 ἡ
1228 1530 1616 1597 ὑπερὺμνητος
1651 1529 1869 1583 δοθεῖσα

299 1614 378 1679 τῷ
406 1615 521 1683 βίῳ.
560 1617 791 1682 κλίμακι
823 1618 1078 1689 καθάπερ
1113 1621 1389 1689 ἐχρήσατο
1418 1620 1497 1689 τῷ
1530 1622 1694 1674 παντὶ
1732 1622 1870 1692 πρὸς

302 1708 591 1761 ἀνάϐασιν.
630 1710 738 1776 Γῆν
770 1710 951 1763 τοίνυν
996 1713 1230 1781 ἐπείπερ
1273 1712 1501 1781 πρώτην
1527 1708 1671 1780 εἶχεν
1705 1713 1738 1782 ἡ
1769 1730 1871 1781 μα-

302 1801 477 1852 καοία
534 1802 797 1869 βαθμίδα,
920 1806 1200 1873 προσῆκεν
1248 1805 1479 1873 οὐρανὸς
1530 1806 1720 1873 φέρειν
1771 1804 1872 1874 τὴν

302 1893 551 1958 πρνζοῗον.
580 1895 638 1961 ἢ.
676 1896 730 1947 εἴ
758 1912 809 1947 τι
840 1896 969 1949 ἄλλο
997 1896 1091 1949 καὶ
1114 1896 1278 1950 αὑτοῦ
1311 1897 1665 1967 ὑψηλότερον,
1707 1899 1872 1967 οὑρα-

300 1982 393 2042 vi;
428 1985 535 2049 γὰρ
578 1983 718 2053 αὕτη
758 1986 854 2036 τοῦ
885 1985 1118 2054 οὑρανοῦ
1143 2027 1157 2050 ,
1210 1990 1355 2059 μόνῳ
1404 1990 1760 2057 προσήκουσα
1792 1990 1869 2060 τῷ

304 2073 495 2140 Κυρίῳ
522 2074 721 2141 κλῆρος
743 2116 755 2133 ,
790 2070 857 2144 ἦν
887 2076 951 2128 ἂν
983 2077 1079 2129 καὶ
1106 2076 1265 2130 τοῦτο
1291 2078 1401 2129 τῶν
1432 2078 1749 2131 ἀκολούθων
1780 2120 1795 2143 ,
1842 2080 1869 2132 ὃ

302 2166 397 2214 καὶ
424 2164 607 2228 ὲξςὸη,
642 2169 705 2233 τῇ
742 2166 937 2238 πρώτῃ
972 2168 1111 2238 μετὰ
1142 2170 1243 2237 τὴν
1273 2170 1380 2237 γῆν
1411 2169 1519 2223 τῶν
1560 2172 1869 2242 ἀσωμάτων

300 2253 545 2321 ἔντυχείν
576 2255 746 2325 αὐτὴν
776 2256 948 2321 τάξει.

384 2517 593 2578 Ἀλλως
622 2536 679 2571 τε
716 2525 811 2573 και¹
848 2524 970 2575 ἐπεὶ
1000 2525 1100 2593 τὴν
1140 2525 1243 2592 γῆν
1288 2529 1320 2596 ἠ
1359 2530 1742 2600 πολυύμνητος
1780 2535 1870 2586 οὑ-

306 2610 471 2675 ρανὺν
506 2612 729 2679 ἐποίησε
755 2655 767 2671 ,
811 2618 920 2677 τοῖς
967 2618 1251 2688 προσεχῶς
1304 2620 1445 2690 ὑπὲρ
1494 2622 1592 2691 τὴν
1622 2625 1726 2693 γῆν
1762 2625 1868 2678 ἔδει

306 2703 664 2771 προσομιλεῖν
698 2707 985 2776 πρότερον,
1028 2712 1124 2763 καὶ
1155 2711 1293 2779 μετὰ
1326 2712 1486 2766 τοῦτο
1517 2718 1629 2778 τοῖς
1662 2717 1867 2769 ἀνωτέο

308 2808 428 2858 pm;
480 2792 580 2861 τὴν
627 2798 823 2861 καινὴν
875 2799 1249 2853 ὑποδεικνύειν
1294 2803 1434 2857 ὀδόν.
1492 2805 1774 2875 Προσεχὴς
1812 2809 1868 2861 δὲ

305 2882 443 2949 ἡμῖν
478 2885 641 2954 νοερὰ
664 2887 818 2951 τάξις
848 2888 879 2959 ἡ
908 2889 1005 2942 τοῦ
1036 2889 1183 2943 θείου
1206 2890 1347 2945 εἶναι
1370 2892 1584 2961 λέγεται
1606 2894 1864 2966 Γαῆριήλ.

2014 894 2137 947 'Xl.
2166 894 2351 961 Atqui,
2386 893 2587 949 dixerit
2641 892 2871 949 fortasse
2919 892 3217 964 quispiam,
3248 907 3293 945 ει
3331 890 3547 960 ριέεειίο

1978 989 2155 1035 tutum
2180 991 2297 1035 erat
2344 991 2402 1036 ut
2435 983 2503 1047 is,
2535 982 2629 1051 qui
2658 997 2816 1036 suum
2840 982 3130 1037 exhiberet
3151 980 3542 1044 ministerium,

1969 1072 2534 1136 illustriorevadcret,
2564 1087 2695 1126 sane
2752 1072 3136 1127 sublimiorem
3188 1070 3425 1139 aliquem
3452 1069 3545 1123 tali

1972 1164 2181 1217 honore
2236 1162 2375 1216 allici
2431 1162 2746 1232 oportebat,
2796 1161 3025 1216 minime
3048 1176 3181 1217 vero
3205 1160 3545 1220 Gabrielem.

1969 1270 2080 1323 quo
2099 1256 2263 1309 etiam
2296 1255 2349 1307 in
2375 1256 2615 1311 minores
2642 1253 2915 1327 ejusmodi
2944 1254 3208 1309 nobilitas
3262 1251 3544 1307 didunde-

1968 1357 2141 1403 retur.

2032 1437 2171 1502 Quid
2210 1438 2378 1507 igitur
2427 1435 2719 1491 dicemus?
2749 1436 2866 1491 Hoc
2900 1450 3119 1507 nempe,
3153 1433 3548 1489 benedictissi-

1966 1543 2108 1583 mam
2151 1528 2341 1593 illam,
2399 1542 2520 1598 quas
2554 1526 2677 1583 ideo
2724 1528 2780 1582 in
2834 1527 2997 1583 vitam
3048 1526 3229 1597 prodit
3281 1534 3341 1579 ut
3394 1540 3544 1589 eum,

1968 1619 2060 1688 qui
2092 1634 2256 1687 super
2286 1634 2477 1673 omnes
2518 1628 2624 1681 est,
2673 1626 2987 1673 consortem
3022 1616 3384 1671 terrestribus
3414 1614 3544 1669 red-

1968 1710 2146 1773 deret,
2183 1710 2283 1763 hac
2314 1725 2499 1764 rerum
2526 1708 2882 1763 universitate
2915 1723 3016 1763 ceu
3049 1707 3281 1777 quadam
3306 1706 3453 1762 scala
3478 1703 3545 1758 ad

1972 1800 2384 1855 ascendendum
2435 1815 2589 1853 usam
2645 1814 2787 1853 esse.
2846 1800 3119 1864 Quoniam
3173 1798 3339 1867 igitur
3386 1796 3546 1850 beata

1974 1890 2086 1953 illa,
2152 1889 2241 1943 cui
2302 1887 2692 1959 progrediendi
2750 1886 2968 1940 initium
3027 1899 3147 1939 esse
3204 1882 3403 1937 cadum
3446 1880 3549 1934 de-

1968 1982 2175 2035 buisset
2208 1979 2341 2047 (93),
2376 1984 2471 2033 aut
2502 1978 2547 2032 si
2578 1977 2709 2047 quid
2744 1976 2893 2031 aliud
2929 1976 3048 2045 ipso
3080 1975 3220 2028 cado
3250 1972 3545 2027 sublimius

1968 2072 2042 2126 sit
2088 2076 2237 2133 (nam
2274 2072 2391 2139 ipsa
2448 2069 2550 2123 fuit
2585 2069 2785 2123 cmlum
2835 2067 2983 2127 cceli,
3030 2064 3132 2118 soli
3165 2062 3397 2117 Domino
3442 2076 3541 2114 ceu

1971 2178 2094 2231 pars
2123 2162 2269 2215 illius
2297 2160 2516 2229 propria
2552 2158 2942 2226 conveniens),
2977 2165 3179 2210 terram
3214 2154 3381 2208 veluti
3427 2153 3542 2220 pri-

1970 2269 2117 2305 mum
2144 2251 2370 2319 gradum
2401 2251 2689 2315 habuerat,
2723 2250 2929 2303 idcirco
2954 2258 3009 2303 et
3040 2248 3163 2306 hoc.
3191 2245 3335 2315 quod
3364 2245 3542 2311 reipsa

1969 2346 2219 2414 contigit.
2245 2342 2675 2397 Consentaneum
2706 2352 2845 2404 erat,
2879 2354 2941 2395 ut
2976 2355 3101 2394 cum
3132 2340 3224 2392 illo
3246 2338 3541 2405 Spiriluum

1968 2438 2184 2501 ordine,
2212 2437 2359 2505 quia
2394 2445 2537 2489 terra
2562 2435 2775 2505 primus
2804 2445 2904 2497 est,
2927 2432 3261 2500 colloquium
3289 2428 3543 2481 haberet.

2038 2528 2345 2583 Praisertim
2384 2543 2516 2582 vero
2566 2526 2710 2595 quod
2759 2540 2884 2579 cum
2938 2522 3161 2591 (Virgo)
3196 2521 3344 2575 omni
3383 2519 3545 2574 laude

1970 2618 2293 2688 dignissima
2337 2626 2538 2671 terram
2593 2616 2645 2668 in
2696 2614 2896 2669 calum
2943 2610 3364 2667 commutaverit
3404 2607 3541 2675 i9l),

1971 2710 2127 2777 plane
2160 2723 2258 2777 par
2307 2715 2429 2761 erat
2461 2716 2520 2762 ut
2550 2706 2789 2777 primum
2816 2719 2941 2759 cum
2968 2702 3035 2757 iis
3073 2712 3411 2762 versaretur,
3446 2698 3539 2767 qui

1970 2801 2218 2869 proxime
2245 2814 2411 2868 super
2442 2807 2643 2852 terram
2673 2806 2825 2860 sunt,
2867 2804 2923 2850 et
2953 2794 3216 2862 deinceps
3261 2791 3545 2845 sublimio-

1973 2891 2126 2942 ribus
2165 2904 2360 2941 novam
2404 2889 2548 2942 viam
2596 2887 3026 2940 demonstraret.
3084 2881 3318 2951 Propior
3359 2890 3541 2934 autem

1972 2981 2132 3034 nobis
2164 2980 2457 3049 spirituum
2496 2978 2633 3032 ordo
2662 2978 2752 3033 illc
2790 2991 2911 3033 esse
2945 2974 3141 3037 fertur,
3180 2974 3235 3027 in
3265 2988 3374 3043 quo
3399 2970 3541 3025 divi-

1973 3088 2077 3127 nus
2102 3071 2321 3125 Gabriel
2350 3081 2627 3125 censetur.

379 3140 516 3253 Εἶτα
583 3146 898 3253 θαυμαστὸν
950 3151 1139 3216 οὐδὲν,
1210 3155 1258 3205 εί
1294 3157 1404 3217 τοῖς
1463 3158 1936 3253 ὑποδεδηκόσινο
2044 3164 2060 3217 1

1860 3182 1867 3207 ν
1895 3198 1936 3253 C
2044 3163 2251 3217 Deinde
2294 3163 2370 3215 nil
2403 3162 2601 3215 mirum
2637 3175 2758 3215 esse
2784 3158 2970 3223 debet,
3003 3158 3148 3227 quod
3180 3156 3541 3212 inferioribus

303 3235 559 3301 ἀγγέλοις
603 3238 679 3306 τῷ
716 3239 956 3312 λαμπρῷ
1010 3245 1297 3315 μυστηρίῳ
1359 3249 1593 3318 πρώτοις
1642 3252 1868 3319 διαυγα-

305 3330 505 3396 σθῆναι
565 3330 809 3402 συνέ6η⁶
860 3333 986 3386 ἐπεὶ
1038 3336 1132 3386 καὶ⁸
1177 3335 1460 3407 ἄνθρωποι
1511 3344 1869 3413 κατατρυφᾷν

302 3424 640 3491 ἠξιώθησαν,
670 3420 745 3479 ὧν
774 3430 885 3489 τοῖς
916 3429 1170 3495 ἀγγέλοις
1205 3432 1339 3499 μήτε
1375 3432 1563 3499 γεῦσις
1589 3438 1868 3505 συγκεχώ-

309 3532 464 3583 ρητο,
507 3518 599 3568 καὶ
636 3518 863 3586 σφοδρὸς
897 3518 1036 3588 ἔρως
1068 3524 1147 3582 εἰς
1178 3522 1359 3575 ἐκεῖνά
1393 3541 1455 3590 γε
1484 3528 1867 3594 παρακύπτειν

302 3608 482 3676 ἐνίησι
508 3626 521 3639 ’
553 3610 647 3661 καὶ
674 3609 849 3662 ταῦτα
882 3613 994 3663 τῶν
1024 3612 1205 3665 ἀΰλων
1240 3615 1419 3685 πολλῴ
1448 3616 1525 3685 τῷ
1562 3619 1741 3686 μέτρῳ
1768 3622 1867 3688 τὴν

302 3714 363 3747 τε
401 3697 559 3759 ἀξίαν
594 3700 685 3750 καὶ
718 3700 1065 3769 καθαρότητα
1095 3703 1452 3770 διιστάμενοι.
1480 3706 1587 3756 Καὶ
1617 3708 1868 3776 καθάπερ

303 3786 361 3836 et
403 3803 487 3847 τις
528 3788 705 3840 ὁτιοῦν
753 3792 1040 3859 ὲπιζητοίη
1084 3791 1349 3859 λαμπάδι,
1393 3794 1460 3846 τὰ
1491 3798 1867 3866 παρακείμενα

303 3878 419 3929 τῶν
462 3880 648 3949 πόρρω
676 3882 922 3934 δείκνυσι
954 3886 1320 3955 φωτεινότερα
1353 3900 1366 3913 ·
1400 3887 1491 3938 τὸν
1523 3888 1634 3939 ἴσον
1668 3892 1867 3957 τρόπον

310 3971 405 4034 τῆς
444 3968 687 4039 δραχμῆς
732 3971 1045 4042 εὑρεθείσης
1093 3976 1328 4044 ἐκείνης,
1380 3978 1519 4048 ὑπὲρ
1656 3982 1683 4032 ὁ
1716 4000 1865 4051 παμ-

307 4061 617 4125 φαέστατος
668 4062 861 4130 λύχνος
907 4064 1147 4133 ἀνήφθη,
1200 4067 1295 4117 καὶ
1340 4069 1439 4119 ὅσα
1476 4070 1570 4121 τοῦ
1605 4073 1866 4137 φανέντος

305 4150 543 4217 πλησίον
586 4154 787 4219 μᾶλλον
836 4154 868 4221 ἢ
905 4156 971 4206 τὰ
1004 4157 1229 4226 μακρὰν
1264 4158 1359 4209 τοῦ
1410 4161 1586 4226 φωτὸς
1627 4162 1691 4230 ἦν
1722 4163 1866 4226 εἰκὸς

306 4241 631 4297 ἀπολαύειν.
665 4246 777 4311 Τῆς
808 4246 861 4297 δὲ
896 4247 1336 4317 βασιλικωτάτης
1373 4252 1588 4319 ἐκείνης
1627 4255 1862 4318 εἰκόνος,

300 4335 403 4399 τὴν
441 4335 717 4400 Πάναγνον
752 4337 893 4403 λέγω
918 4379 933 4403 ,
971 4340 1003 4407 ἣ
1048 4340 1213 4407 μέσον
1242 4342 1604 4409 ἀπήστραπτε
1635 4345 1744 4396 τῶν
1774 4347 1863 4414 βε-

300 4424 737 4493 ϐορϐορωμένων
777 4429 1077 4496 ὁμογενῶν,
1132 4430 1286 4483 οὐδὲν
1324 4432 1381 4493 ἐς
1426 4432 1612 4499 ἔγγιον
1645 4435 1793 4487 ἄλλοι
1829 4437 1860 4504 ἢ

1972 3256 2182 3325 angelis
2228 3254 2519 3324 splendido
2557 3254 2662 3309 hoc
2697 3252 2958 3325 mysterio
2988 3250 3300 3305 collustrari
3355 3248 3543 3317 primis

1970 3349 2295 3417 contigerit;
2356 3346 2804 3417 quandoquidem
2852 3354 2908 3399 et
2959 3344 3212 3397 homines
3258 3339 3409 3409 digni
3443 3338 3542 3392 ha-

1970 3440 2067 3493 biti
2103 3447 2231 3492 sunt
2260 3448 2319 3492 ut
2346 3438 2411 3491 iis
2467 3438 2679 3491 affatim
2726 3435 3064 3499 fruerentur,
3113 3432 3182 3487 de
3234 3430 3441 3500 quibus
3474 3444 3543 3482 ne

1968 3547 2269 3601 parumper
2291 3530 2512 3599 quidem
2532 3529 2820 3598 degustare
2842 3527 3047 3596 angelis
3070 3536 3391 3579 concessum
3416 3519 3539 3583 fuit,

1968 3624 2098 3677 licet
2117 3638 2246 3676 sane
2267 3623 2562 3675 vehemens
2588 3621 2686 3674 hos
2707 3618 3043 3674 desiderium
3066 3614 3133 3671 ad
3156 3630 3217 3670 ea
3245 3613 3328 3667 vel
3347 3611 3543 3666 leviter

1968 3715 2284 3780 attingenda
2338 3713 2603 3783 impellat.
2646 3721 2700 3766 et
2744 3722 2867 3767 utut
2907 3724 3104 3780 magno
3148 3706 3437 3762 intervallo
3470 3702 3540 3756 ab

1972 3804 2317 3873 incorporeis
2353 3803 2675 3859 substantiis
2708 3803 2959 3856 homines
2989 3811 3105 3856 tum
3131 3799 3397 3869 dignitate
3425 3806 3539 3851 tum

1971 3898 2207 3965 puritate
2247 3896 2470 3949 distent.
2496 3896 2563 3949 Et
2590 3893 3053 3964 quemadmodum
3081 3894 3125 3947 si
3154 3892 3278 3962 quis
3304 3903 3536 3945 accensa

1968 3987 2217 4055 lampade
2270 3988 2548 4056 quippiam
2634 3987 2935 4056 perquirat,
2990 3984 3185 4056 majori
3234 3984 3378 4046 luce,
3417 3996 3539 4050 qua:

1969 4092 2138 4144 prope
2182 4087 2309 4131 sunt
2355 4077 2782 4145 perfunduntur,
2816 4091 2979 4146 quam
3032 4090 3153 4144 qua:
3189 4082 3317 4128 sunt
3344 4070 3537 4141 procul

1968 4169 2165 4235 posita;
2200 4166 2453 4219 eumdem
2485 4166 2540 4219 in
2576 4165 2799 4219 modum
2846 4180 2972 4219 cum
3001 4164 3262 4219 drachma
3308 4161 3402 4215 illa
3456 4162 3540 4214 in—

1969 4263 2131 4306 venta
2173 4262 2278 4317 est,
2330 4262 2554 4323 propter
2594 4269 2757 4322 quam
2793 4267 3022 4306 accensa
3060 4260 3145 4305 est
3174 4251 3399 4304 lucerna
3447 4247 3537 4301 illa

1969 4345 2338 4413 undequaque
2370 4346 2789 4413 fulgentissima,
2822 4352 3255 4398 consentaneum
3294 4352 3434 4404 erat,
3479 4347 3538 4393 ut

1967 4445 2241 4505 quotquot
2268 4436 2493 4505 propius
2518 4436 2702 4489 lumen
2734 4434 2870 4489 illud
2910 4442 3090 4497 erant,
3119 4430 3534 4495 abundantiori,

298 4514 583 4583 ἄνθρωποι
616 4534 631 4548 ’
666 4518 760 4571 καὶ
808 4520 840 4589 ἡ
889 4520 1166 4589 προσεχὴς
1214 4520 1399 4582 αὑτοῖς
1442 4520 1734 4592 ἀσώματος
1767 4523 1862 4575 τοῦ
1892 4534 1979 4593 Di

1855 4524 1862 4573 ὃ
1892 4534 1943 4593 D
1969 4542 2131 4597 quam
2162 4542 2281 4596 quae
2305 4528 2464 4597 longe
2480 4526 2757 4598 jacebant,
2785 4526 2906 4580 luce
2930 4525 3268 4579 fruerentur.
3294 4522 3536 4590 Denique

298 4604 543 4674 Γαϐριὴλ
587 4609 807 4678 εἴρηται
862 4614 1115 4680 στρατιά.
1148 4612 1245 4663 Διά
1272 4612 1422 4665 ταῦτ’
1456 4608 1547 4667 οὗν
1582 4613 1728 4677 εἰκὸς
1760 4615 1855 4667 καὶ

374 4764 417 4794 ⁸⁸
446 4762 657 4819 Coloss.
692 4782 751 4830 ιι,
776 4766 827 4820 9.

1966 4618 2033 4673 ad
2067 4618 2469 4674 nobilissimam
2507 4618 2656 4674 illam
2696 4616 2963 4689 speciem,
3014 4616 3365 4686 purissimam
3409 4610 3535 4667 Vir-

1549 4938 1690 4994 Ant.
1736 4933 2027 4997 ‘Ballerini
2073 4938 2265 4997 notae.

295 5089 408 5134 tam
434 5076 639 5145 Virgini
666 5076 1066 5131 excellentiam.
1087 5078 1246 5144 Atqui
1266 5092 1387 5131 cum
1406 5078 1627 5132 notione
1650 5080 1851 5147 operis,

296 5148 446 5216 quod
516 5147 805 5203 intrinseca
870 5147 975 5201 sibi
1052 5149 1332 5201 nobilitate
1401 5149 1853 5214 perfectissimum

296 5233 566 5268 nnmsum.
610 5234 719 5270 uno
779 5218 885 5270 Deo
926 5229 1173 5285 excepto,
1232 5216 1857 5284 excellentissiniumque

296 5288 490 5339 haberi
518 5287 734 5348 debeat,
766 5288 921 5355 plane
970 5289 1143 5341 nescit
1186 5289 1361 5339 amico
1401 5287 1603 5339 fcedere
1660 5287 1855 5340 sociari

300 5368 450 5408 tanta
501 5358 711 5413 vilitas.
795 5358 927 5424 quin
983 5369 1036 5411 et
1114 5367 1259 5409 tanta
1328 5355 1637 5419 turpitudo,
1696 5367 1859 5424 atque

296 5425 669 5496 alnuniuatio.
721 5436 923 5488 quanta
976 5428 1029 5480 iu
1082 5427 1287 5496 peccati
1345 5427 1501 5487 labe,
1550 5434 1605 5479 et
1656 5426 1708 5477 in
1764 5425 1857 5478 Dei

297 5494 586 5548 inimicitia
615 5496 837 5549 residet.

376 5565 487 5631 (95)
550 5564 668 5635 ιιῖιτρ
726 5582 941 5635 quoque
1003 5568 1285 5621 manifeste
1346 5566 1635 5627 evincunt,
1693 5580 1852 5630 quam

295 5636 577 5700 explorata
608 5634 775 5687 fuerit
812 5637 1057 5692 doctrina
1084 5638 1150 5690 de
1181 5637 1463 5691 sanctitate
1510 5651 1615 5702 qua
1651 5636 1702 5686 in
1736 5634 1851 5699 ipso

296 5703 598 5776 exsistcudi
656 5705 810 5776 initio
836 5707 1010 5776 Al'irgo
1050 5709 1203 5761 beata
1254 5707 1354 5759 fuit
1402 5704 1848 5776 exornata.Quid

296 5773 447 5827 enim
478 5772 768 5828 absurdius
792 5772 1175 5838 aflirniaretur,
1201 5793 1359 5840 quam
1386 5793 1413 5829 a
1436 5776 1569 5830 coelo
1594 5775 1847 5828 inclmare

1962 5079 2078 5132 vias
2103 5094 2231 5133 suas
2283 5077 2538 5133 debuisse
2593 5078 2874 5135 hominem
2907 5088 3132 5148 peccato
3160 5077 3528 5147 inquinatum,

1960 5156 2017 5201 et
2049 5148 2271 5216 quidem
2305 5162 2373 5200 eo
2394 5157 2636 5216 peccato,
2669 5159 2892 5217 propter
2912 5151 3057 5218 quod
3090 5150 3291 5203 nedum
3317 5164 3346 5201 a
3369 5150 3531 5212 uelo,

1958 5218 2103 5271 unde
2131 5226 2186 5271 et
2211 5217 2383 5285 angeli
2413 5226 2635 5285 propter
2664 5217 2946 5286 peccatum
2974 5219 3252 5273 deturbati
3289 5218 3533 5283 fuerant,

1956 5286 2052 5407 fed
2111 5300 2171 5393 e9
2192 5286 2435 5339 terrestri
2496 5302 2716 5355 quoque
2787 5289 3037 5357 paradiso
3095 5289 3306 5357 ejectus
3373 5287 3534 5342 homo

1982 5365 2165 5407 uerat.

1982 5365 2165 5407 uerat!

2033 5426 2141 5493 (94)
2180 5424 2237 5476 In
2264 5424 2462 5477 cwlum
2494 5434 2637 5477 terra
2660 5440 2922 5479 conversa
2944 5434 3050 5485 est,
3084 5440 3205 5476 cum
3234 5424 3350 5478 lucc
3387 5425 3439 5478 in
3474 5443 3532 5479 se.

1960 5494 2128 5546 Deum
2186 5495 2525 5545 iucarnatum
2578 5510 2675 5561 per
2719 5495 2943 5547 Mariam
2976 5494 3215 5561 excepit.
3271 5495 3349 5547 Ad
3380 5497 3530 5562 quod

1961 5578 2159 5615 novum
2188 5563 2353 5613 veluti
2382 5564 2578 5615 coelum
2603 5565 2820 5631 angelus
2848 5564 3172 5619 accurrisse.
3194 5574 3248 5615 et
3269 5578 3334 5617 ex
3360 5563 3531 5617 Paulo

1961 5633 2224 5685 discimus
2283 5633 2563 5698 inquienle
2621 5633 2802 5697 (Hebr.
2851 5650 2889 5695 ι,
2924 5636 2978 5700 6)
3013 5652 3023 5685 :
3062 5632 3126 5685 Et
3179 5650 3295 5685 cum
3338 5635 3530 5685 iterum

1959 5703 2234 5753 introducit
2280 5704 2681 5769 primogenitum
2723 5706 2775 5754 in
2812 5703 2986 5755 orbem
3041 5712 3214 5768 lcrriv,
3246 5704 3412 5757 dicit:
3461 5703 3526 5760 Et

1958 5773 2171 5823 adamat
2206 5787 2317 5822 eum
2344 5786 2517 5823 omnes
2552 5772 2723 5841 angeli
2762 5774 2891 5840 ejus.
