4258 6364
717 391 785 452 ST
1774 400 1871 455 lxii
1888 396 2068 457 DORI
2124 397 2874 460 THESSALONICENSIS
3030 464 3037 470 ,
3884 402 3952 463 δᾶ

715 508 897 575 ginem
932 504 1080 558 ‘JI'O.
1117 519 1236 573 qua:
1264 503 1408 557 inter
1436 517 1698 573 rogantes
1727 524 1853 559 suos
1876 521 2034 560 caeno
2058 506 2286 559 obrutos
2320 518 2359 570 Α
2392 528 2396 538 ι

2272 520 2286 559 ς
2320 518 2359 570 Α
2392 506 2498 577 πρό
2546 524 2611 574 γε
2662 510 2882 562 πάντων
2934 509 3044 563 τῶν
3090 509 3229 566 νόων
3272 509 3363 564 τὸν
3406 510 3851 581 ἀρχιστράτηγον
3889 511 3953 581 δὴ

717 598 1027 653 coruscavit
1064 596 1197 664 (95),
1233 595 1366 649 nihil
1403 598 1550 650 aliud
1585 600 1794 651 accedit
1826 598 2069 667 prupius,
2118 613 2282 666 quam

2393 597 2791 666 φαιδρυνθῆναι
2822 597 3035 655 τοῦτον.

719 694 990 757 homines;
1024 691 1109 744 his
1147 708 1279 746 vero
1305 693 1585 759 proximus
1628 709 1747 747 esse
1797 692 1998 746 dicitur
2028 693 2387 761 incorporeus
2448 692 2720 748 Gabrielis
2781 695 2937 750 ordo.
3011 696 3119 751 llas
3190 698 3355 767 igitur
3390 698 3460 753 ob
3491 713 3686 753 causas
3725 712 3956 768 prorsus

722 800 823 855 par
848 794 988 844 erat,
1027 799 1135 851 prae
1168 784 1427 836 omnibus
1473 783 1910 852 intelligo-utilius
1950 782 2278 838 substantiis
2318 780 2465 836 hunc
2500 783 2743 837 cmlestis
2776 785 3054 839 exercitus
3079 786 3273 840 ducem
3299 788 3640 841 collustrari.

796 874 910 928 XII.
941 875 1162 928 Primus
1186 890 1318 943 ergo
1347 875 1439 929 hic
1467 876 1775 929 illustratur
1805 886 1918 929 tum
1962 876 2033 927 ob
2068 876 2292 943 propin-

2466 873 2568 927 IB’.
2604 876 2964 943 Φαιδρύνεται
3003 879 3183 931 τοίνυν
3234 874 3389 940 οὗτος
3416 881 3637 948 πρῶτος
3669 883 3731 949 τῇ
3770 897 3828 933 τε
3864 881 3957 945 hy—

720 964 1009 1035 quitatem,
1038 976 1151 1019 tum
1183 967 1347 1018 etiam
1372 977 1601 1033 prepter
1641 967 1774 1019 illud
1804 965 2086 1027 gaudium,
2143 964 2292 1031 quod
2386 982 2401 1032 π

2272 964 2292 1016 l
2386 966 2580 1035 γύτητι
2607 968 2701 1019 καὶ
2746 969 2880 1039 πρὸς
2918 986 2981 1035 γε
3014 969 3208 1037 τούτῳ,
3253 970 3321 1022 δι’
3354 971 3421 1041 ἢν
3469 971 3691 1041 ἐκόμιζε
3734 972 3913 1041 χαρὰν
3938 1010 3953 1034 ,

724 1054 842 1122 ipse
864 1052 1067 1114 attulit,
1100 1052 1305 1120 quippe
1334 1051 1425 1120 qui
1455 1053 1726 1120 particeps
1768 1051 2000 1105 effrctus
2053 1064 2135 1105 est
2161 1051 2291 1104 boni
2387 1058 2405 1111 ε

2276 1052 2291 1103 ἱ
2387 1057 2483 1111 ἅτε
2517 1058 2608 1110 τοῦ
2640 1061 3010 1130 κομιζομένου
3047 1064 3140 1113 καὶ
3171 1064 3333 1125 αὐτὸς
3368 1064 3748 1133 μετειληφὼς,
3783 1062 3957 1115 καθά-

722 1146 892 1205 illins,
925 1143 1071 1212 quod
1105 1142 1372 1206 adduxit;
1420 1158 1529 1195 non
1559 1158 1717 1196 secus
1763 1158 1825 1195 ac
1861 1142 1953 1209 qui
1990 1142 2148 1195 alti-ri
2190 1159 2294 1194 un-
2390 1166 2403 1200 τ

2277 1170 2294 1181 -
2390 1166 2498 1218 περ
2518 1152 2545 1202 6
2572 1150 2743 1220 μύρου
2770 1152 3085 1219 μεταδιδοὺς
3119 1156 3215 1222 τῆς
3241 1155 3453 1207 ἐκεῖθεν
3485 1156 3686 1222 ἀρετῆς
3711 1154 3958 1206 κοινωνεί

722 1243 985 1304 guentum
1021 1232 1246 1300 prmbet,
1281 1248 1387 1285 una
1416 1247 1539 1285 cum
1563 1248 1650 1290 eo,
1671 1230 2003 1299 qnierecipit,
2034 1232 2293 1283 virtutem

722 1342 786 1379 ex
815 1332 1096 1393 unguento
1134 1332 1482 1377 emanantem
1512 1324 1824 1392 participat.

786 1416 969 1485 quuit
998 1416 1196 1485 igitur:
1216 1417 1318 1469 Ave
1340 1417 1515 1484 gratia
1540 1414 1719 1482 plena,
1754 1415 2007 1468 Dominus
2031 1425 2194 1467 tecum
2219 1416 2287 1467 η.

722 1509 842 1563 Non
879 1516 1095 1577 poterat
1125 1506 1346 1560 Gabriel
1398 1506 1833 1574 magnitudinem
1881 1506 2064 1575 gaudii
2113 1505 2291 1569 ferre;

2391 1240 2469 1309 τῷ
2502 1241 2782 1311 δεχομένῳ

2459 1410 2635 1477 Χαῖρε
2663 1411 2780 1476 οὖν,
2808 1418 3277 1485 κεχαριτωμένη,
3299 1419 3484 1486 φησὶν,
3510 1422 3542 1471 ό
3559 1419 3778 1485 Κύριος
3808 1419 3961 1487 μετὰ

2391 1502 2529 1557 σοῦ.
2572 1505 2686 1557 Οὐκ
2721 1501 2836 1575 εἶχε
2868 1508 3057 1575 φέρειν
3097 1508 3126 1558 6
3166 1508 3409 1577 Γαϐριὴλ
3438 1509 3497 1562 τὸ
3523 1511 3624 1579 τῆς
3659 1511 3834 1579 χαρᾶς
3871 1509 3962 1579 μέ-

727 1614 792 1652 ac
822 1599 989 1652 veluti
1022 1598 1291 1651 festinans
1316 1612 1572 1665 magnum
1608 1596 1743 1649 illud
1790 1597 1973 1664 gaudii
2022 1596 2237 1663 pondus
2266 1612 2298 1649 a
2393 1611 2408 1660 τ

2283 1612 2298 1648 ι
2393 1595 2554 1661 γεθος
2589 1610 2602 1624 ·
2639 1596 2736 1649 καὶ
2773 1598 2975 1650 ὡσανεὶ
3015 1599 3267 1651 σπεύδων
3320 1602 3379 1654 τὸ
3438 1603 3582 1671 μέγα
3635 1604 3814 1653 ἐκεῖνο
3863 1602 3964 1668 τῆς

724 1705 782 1744 se
810 1689 927 1757 ipso
956 1689 1012 1749 in
1053 1704 1182 1742 eum
1206 1726 1223 1753 ,
1262 1688 1353 1756 qui
1382 1688 1526 1741 ferre
1560 1688 1693 1740 illud
1730 1696 1947 1755 posset,
1996 1686 2293 1755 deponere,
2329 1722 2369 1776 Β
2399 1742 2405 1755 ,

2282 1727 2293 1752 ι
2329 1722 2369 1776 Β
2399 1688 2575 1756 χαρᾶς
2630 1686 2821 1757 χρῆμα
2871 1690 2964 1756 ἀφ’
3012 1692 3209 1742 ἑαυτοῦ
3247 1693 3518 1745 ἐπιθεῖναι
3551 1693 3630 1764 τῷ
3659 1694 3963 1762 δυναμένῳ,

724 1779 1033 1850 purissimas
1059 1781 1205 1833 iliius
1233 1794 1431 1831 nomen
1462 1779 1666 1831 oblitus
1688 1788 1793 1839 est.
1828 1788 1884 1832 et
1929 1779 2101 1832 veluti
2149 1794 2296 1833 com-

729 1872 998 1942 pellanda:
1024 1872 1170 1925 illius
1194 1872 1501 1935 immemor,
1536 1872 1717 1925 staaim
1750 1871 1879 1925 illud
1915 1871 2020 1925 Ave
2045 1871 2294 1941 porrigit,

726 1963 871 2031 quod
902 1961 1148 2031 gerebat.
1179 1963 1258 2013 Tu
1300 1962 1505 2029 igitur.
1546 1963 1761 2029 inquit.
1792 1978 1852 2017 es
1881 1963 2058 2031 gratia
2106 1961 2261 2031 plena
2282 2003 2295 2025 ,

729 2064 784 2106 tu
811 2054 865 2107 in
891 2053 1209 2107 mulieribus
1227 2053 1514 2112 benedicta,
1542 2063 1595 2104 et
1628 2053 1833 2106 idcirco
1860 2053 2057 2121 gaude.
2092 2053 2295 2106 Tecum

729 2145 877 2199 enim
932 2146 1318 2199 universorum
1374 2155 1458 2197 est
1506 2144 1803 2205 Dominus,
1862 2160 1965 2198 nec
2015 2144 2296 2213 quippiam

726 2235 931 2303 aptius,
960 2250 1071 2303 quo
1105 2244 1155 2287 te
1184 2234 1458 2302 alloquar,
1479 2235 1745 2293 occurrit,
1766 2250 1931 2302 quam
1958 2238 2084 2286 Ave.
2118 2233 2299 2303 Siqui-

729 2323 855 2379 dem
905 2337 1068 2392 quem
1114 2323 1315 2377 cmlum
1370 2332 1427 2375 et
1475 2332 1619 2377 terra
1677 2338 1893 2393 capere,
1935 2324 2187 2392 quamvis
2219 2322 2300 2379 eis

726 2416 923 2469 liceret
945 2414 1112 2468 etiam
1132 2413 1296 2468 latius
1314 2428 1371 2468 se
1396 2415 1743 2483 protendere,
1773 2430 1881 2468 non
1915 2426 2155 2483 possent,
2179 2416 2301 2485 ejus

731 2520 788 2562 tu
807 2506 1026 2559 domum
1048 2520 1269 2560 auream
1291 2513 1559 2572 (ouovum
1580 2507 1937 2575 portentum!)
1957 2507 2300 2575 temetipsum

729 2597 983 2653 effecisti.
1033 2596 1109 2649 Te
1156 2596 1356 2665 igitur,
1414 2604 1674 2667 tanquam
1720 2597 1966 2650 omnium
2019 2597 2301 2666 reginam,

730 2703 988 2749 veneror.
1021 2700 1100 2752 ct,
1131 2688 1295 2742 sicuti
1323 2689 1509 2758 jussus
1549 2704 1692 2750 sum,
1726 2688 1831 2742 Ave
1878 2689 1976 2743 tibi
2013 2690 2299 2745 annuntio.

804 2781 1023 2845 Gaude,
1084 2796 1206 2835 nam
1261 2790 1553 2850 propterea
1602 2789 1659 2835 et
1717 2782 1833 2851 ipse
1890 2761 2040 2836 nunc
2092 2782 2301 2851 gaudio

736 2877 931 2944 gestio,
957 2890 1064 2928 non
1087 2875 1263 2928 solum
1294 2884 1517 2943 propter
1539 2888 1659 2927 eam
1692 2874 1747 2925 in
1779 2874 2085 2927 nuntiando
2104 2875 2306 2943 jucun-

738 2967 989 3029 ditatem,
1005 2983 1165 3036 quam
1185 2967 1414 3035 quisque
1435 2966 1712 3020 laetissima
1728 2965 1985 3019 nuntians
2000 2967 2302 3035 experitur,

2401 1778 2495 1831 τοῦ
2521 1778 2781 1848 ὀνόματος
2810 1781 3105 1834 ἐπελάθετο
3138 1783 3236 1851 τῆς
3278 1784 3567 1852 Πανάγνου
3601 1801 3617 1817 ’
3659 1787 3755 1837 καὶ
3808 1785 3965 1853 χαῖρε

2401 1867 2617 1919 δίδωσιν
2651 1868 2840 1932 εὐθὺς,
2885 1872 3023 1941 ὅπερ
3073 1868 3143 1941 ἦν
3180 1874 3394 1943 φέρων,
3444 1873 3547 1943 τῆς
3595 1874 3970 1944 προσηγορίας

2401 1956 2591 2028 ὥσπερ
2652 1962 3071 2031 ἀμνημονήσας.
3120 1964 3192 2015 Σὺ
3252 1960 3346 2015 οὖν
3402 1960 3452 2015 εἴ
3504 1963 3969 2031 κεχαριτωμένη,

2402 2048 2557 2118 φησὶ,
2588 2049 2671 2102 σὺ
2705 2051 2778 2103 ἐν
2804 2052 3083 2119 γυναιξὶν
3108 2053 3509 2122 εὐλογημένη,
3551 2052 3647 2106 καὶ
3680 2053 3768 2106 διὰ
3810 2052 3976 2106 τοῦτο

2403 2140 2581 2207 χαῖρε.
2617 2139 2773 2192 Μετὰ
2804 2140 2897 2193 σοῦ
2944 2144 3054 2211 γὰρ
3104 2143 3133 2195 6
3184 2142 3291 2196 τῶν
3332 2144 3471 2197 ὅλων
3526 2144 3830 2211 Δεσπότης,
3875 2142 3975 2194 καὶ

2403 2229 2553 2281 οὐδὲν
2617 2231 2945 2300 οἰκειότερον
2999 2233 3031 2303 ἢ
3086 2233 3261 2301 Χαῖρε
3325 2236 3408 2286 σοὶ
3449 2234 3778 2303 προσλαλεῖν
3831 2228 3968 2287 οἶδα.

2409 2320 2506 2372 Ὃν
2535 2321 2647 2389 γὰρ
2670 2322 2901 2389 οὐρανὸς
2931 2324 3026 2377 καὶ
3051 2324 3146 2393 γῆ,
3181 2324 3275 2377 καὶ
3301 2326 3350 2377 εί
3388 2325 3800 2378 πολλαπλάσιον
3842 2325 3971 2375 ἑαυ-

2401 2411 2511 2462 τῶν
2548 2407 2692 2479 εἶχον
2727 2410 3074 2481 δ.αταθῆναι,
3108 2417 3305 2483 χωρεῖν
3336 2415 3398 2466 οὐ
3429 2415 3772 2481 δεδύνηνται,
3823 2408 3976 2465 οἷκον

2403 2500 2642 2565 ἐκείνου,
2670 2499 2713 2554 ὣ
2741 2501 3020 2572 θαύματος
3052 2505 3392 2573 παραδιζξουι
3416 2511 3650 2573 σεαυτὴν
3676 2504 3975 2573 ὲχρυτούρ-

2404 2611 2606 2665 γησας.
2629 2595 2741 2648 Καὶ
2767 2595 2840 2658 ὡς
2867 2596 3126 2650 ἁπάντων
3160 2597 3343 2651 τοίνυν
3385 2597 3619 2667 βασιλίδι
3655 2596 3974 2667 προσκυνῶ,

2406 2689 2502 2741 καὶ
2532 2687 2607 2750 ὡς
2647 2690 3017 2758 προσετάγην,
3050 2689 3228 2757 Χαῖρέ
3257 2707 3338 2742 σοι
3370 2691 3694 2759 προσφωνῶ.

2475 2777 2730 2849 Χαίροις,
2765 2780 2849 2833 ὅτι
2877 2779 2967 2835 διὰ
2995 2779 3158 2833 τοῦτο
3190 2780 3284 2834 νῦν
3326 2781 3506 2852 χαίρω
3568 2782 3664 2835 καὶ
3704 2780 3867 2842 αὐτὸς
3914 2781 3979 2833 οὐ

2405 2869 2484 2940 τῷ
2533 2870 2759 2941 τερπνῷ
2818 2871 2965 2942 μόνῳ
3012 2875 3113 2943 τῆς
3156 2872 3444 2940 ἀγγελίας,
3506 2873 3535 2926 ὃ
3588 2875 3754 2944 πᾷσιν
3790 2873 3983 2924 ἕπεται

2408 2964 2823 3030 διαγγέλλουσιν
2857 2966 3072 3034 ἥδιστα,
3095 2965 3211 3018 ἀλλ’
3242 2968 3324 3020 ὅτι
3351 2967 3445 3019 καὶ
3477 2964 3718 3035 ἐμαυτοῦ
3757 2965 3983 3035 βελτίων

738 3060 832 3115 sed
860 3060 1025 3113 etiam
1052 3060 1178 3127 quia
1230 3075 1313 3111 me
1347 3058 1467 3125 ipso
1510 3059 1666 3127 plane
1712 3058 1906 3111 melior
1950 3058 2143 3120 evado,
2190 3075 2303 3113 am.
2330 3040 2375 3099 (ἶ
2412 3079 2419 3109 t

2301 3094 2303 3098 τ
2330 3040 2375 3099 c
2412 3057 2640 3124 ἁπάρτι,
2667 3060 2764 3109 καὶ
2796 3059 2940 3110 νοεῖν
2968 3057 3277 3127 ὑψηλότερα
3300 3058 3688 3129 διαυγέστερος
3713 3057 3941 3125 γίνομαι
3968 3072 3982 3086 ·

740 3152 1015 3220 pliorique
1042 3151 1249 3204 lumine
1280 3150 1576 3204 collustror
1613 3150 1679 3203 ad
1706 3149 2031 3203 sublimiora
2059 3158 2306 3205 contem-

744 3242 942 3312 planda
971 3259 985 3294 :
1010 3242 1127 3296 haec
1167 3258 1333 3310 porro
1364 3250 1455 3294 tua
1484 3240 1732 3309 profecto
1761 3248 1912 3302 sunt,
1935 3240 2139 3308 quibus
2167 3241 2305 3294 nihil

748 3333 1057 3387 mirabilius
1118 3348 1182 3385 ac
1226 3333 1519 3386 sublimius
1550 3341 1632 3386 est
1669 3332 1829 3385 nihil.
1877 3331 2034 3397 Quod
2080 3333 2126 3388 si
2156 3333 2304 3402 quis,

751 3421 974 3490 quando
1003 3421 1191 3474 suavia
1222 3432 1538 3491 pertractat,
1573 3420 1791 3490 gaudet,
1827 3420 2043 3474 etiamsi
2068 3422 2120 3475 in
2144 3421 2323 3491 ipsum

744 3508 923 3564 solum
954 3509 1541 3578 redundetgaudium;
1590 3526 1714 3563 cum
1764 3520 1820 3563 tu
1879 3510 2171 3565 dulcedine
2202 3529 2327 3581 per-

743 3597 968 3662 fruaris,
1024 3616 1145 3668 qua:
1178 3600 1563 3669 cogitaliouetn
1615 3616 1832 3654 omnem
1884 3613 2199 3672 exsuperat,
2235 3612 2316 3657 te.

2413 3148 2591 3202 ταῦτα
2615 3148 2672 3200 δὲ
2698 3149 2764 3201 τὰ
2798 3147 2889 3210 σὰ,
2919 3142 2995 3201 ὧν
3028 3148 3152 3202 οὔτε
3191 3150 3631 3219 παραδοξότερον
3663 3147 3776 3201 οὗθ’
3811 3148 3987 3216 ὺπέρ·

2412 3253 2573 3307 τερον
2609 3238 2785 3292 οὐδέν.
2837 3238 2902 3291 Et
2937 3238 2994 3291 δὲ
3021 3240 3134 3301 τοῖς
3165 3238 3347 3308 ἡδέσιν
3379 3238 3537 3301 εἴτις
3580 3237 3942 3310 προσομιλοίη
3966 3275 3985 3300 ,

2415 3331 2618 3401 χαίρει,
2670 3332 2774 3384 κᾶν
2825 3333 2907 3391 είς
2951 3331 3115 3383 αὑτὸν
3154 3332 3187 3400 ἠ
3227 3331 3418 3400 τέρψις
3465 3333 3746 3400 έλίττηται
3799 3332 3986 3400 μόνον,

2421 3424 2554 3476 ὅταν
2593 3420 2927 3493 γλυκασμοῦι
2963 3422 3066 3491 μὲν
3116 3422 3257 3491 ὑπὲρ
3288 3422 3499 3474 ἔννοιαν
3542 3419 3847 3493 ἀπολαύῃς,
3890 3418 3989 3470 σὺν

2425 3513 2510 3565 σοὶ
2542 3513 2599 3566 δὲ
2643 3514 2739 3565 καὶ
2784 3490 2973 3573 κτίσις
3018 3490 3239 3577 ἅπασα,
3283 3511 3377 3564 καὶ
3426 3512 3455 3563 6
3512 3490 3777 3581 Πλὰστηέ
3820 3509 3989 3579 χαίρῃ

2423 3602 2577 3667 Θεὸς,
2612 3602 2665 3653 τί
2694 3601 2760 3655 ἄν
2792 3618 2877 3665 τις
2912 3603 3041 3673 περὶ
3075 3602 3168 3655 σοῦ
3202 3602 3337 3671 φαίη
3368 3621 3383 3668 ;

744 3713 868 3753 cum
897 3711 1030 3750 vero
1059 3694 1328 3764 gaudeant
1354 3704 1408 3747 et
1430 3709 1622 3748 omnes
1674 3694 1834 3748 simul
1866 3705 2153 3763 creaturae,
2174 3707 2227 3751 et
2254 3696 2482 3752 Creator
2514 3697 2675 3760 Deus,
2701 3696 2833 3764 quid
2863 3697 3084 3752 demum
3106 3695 3175 3751 de
3211 3707 3262 3751 te
3285 3696 3467 3750 dicere
3484 3694 3754 3765 quispiam
3780 3693 3995 3764 possit?

813 3790 955 3844 XIII.
992 3791 1097 3843 Ave
1125 3788 1310 3857 igitur,
1339 3787 1513 3855 gratia
1553 3784 1737 3855 plena,
1782 3796 1838 3840 et
1888 3786 2107 3855 gaudio,
2153 3802 2315 3841 omne

746 3881 1008 3953 gaudium
1043 3878 1366 3940 excedente,
1436 3878 1642 3941 fruere,
1702 3893 1735 3930 ο
1781 3876 2071 3930 beneuicta.
2106 3878 2322 3932 Saluta-

745 3975 973 4038 tionem,
1002 3988 1111 4043 qua
1145 3981 1197 4026 te
1243 3970 1591 4040 compellem,
1625 3968 1714 4022 his
1746 3968 2078 4022 nobiliorem
2108 3969 2317 4023 nullam

743 4068 948 4122 habeo.
984 4067 1051 4123 Et
1076 4066 1191 4119 scio
1224 4064 1508 4133 equidem,
1538 4061 1685 4131 quod
1719 4072 1945 4131 propter
1975 4076 2125 4125 cum,
2155 4076 2318 4131 quem

736 4162 891 4231 juxta
918 4158 1046 4214 felix
1080 4172 1262 4212 meum
1298 4156 1551 4209 nuntium
1579 4163 1737 4208 utero
1773 4170 1951 4223 geres,
1987 4155 2143 4208 beata
2185 4169 2323 4221 pra:-

2483 3786 2584 3840 II".
2626 3786 2801 3854 Χαῖρε
2842 3786 3046 3851 τοίνυν,
3099 3784 3542 3855 κεχαριτωμένη
3574 3824 3589 3849 ,
3664 3784 3760 3836 καὶ
3817 3784 3992 3851 χαρᾶς

2416 3878 2557 3946 ὑπὲρ
2590 3877 2738 3930 ἅπαν
2773 3876 3008 3944 τερπνὸν
3048 3877 3313 3939 ἀπόλαυε,
3338 3874 3739 3945 εὐλογημένη.
3774 3874 3993 3926 Τούτων

2420 3990 2504 4024 σοι
2550 3971 2659 4023 τῶν
2712 3971 3209 4041 προσφωνημάτων
3275 3970 3377 4022 οὐκ
3428 3968 3537 4037 ἔχω
3616 3969 3995 4038 προσαγαγεῖν

2417 4062 2764 4133 τιμιώτερον.
2795 4061 2907 4113 Καὶ
2957 4056 3077 4112 οἶδα
3112 4060 3212 4129 μὲν
3240 4060 3323 4112 ὅτι
3353 4061 3449 4113 καὶ
3479 4058 3729 4128 μακαρία
3754 4059 3988 4125 ἀκούσῃ,

2406 4155 2485 4231 ,δι’
2517 4154 2575 4207 ὃν
2604 4153 2749 4206 κατὰ
2790 4153 2866 4205 τὰ
2908 4152 3019 4223 ἐμὰ
3048 4152 3345 4221 βαστάσεις
3381 4152 3702 4219 εὐαγγέλια,
3746 4152 3842 4202 καὶ
3896 4166 3991 4218 με-

744 4252 1043 4313 dicaberis,
1071 4259 1128 4304 ct
1155 4246 1461 4317 magnificis
1493 4245 1750 4300 laudibus
1774 4245 1829 4298 in
1851 4259 2017 4298 omne
2043 4252 2260 4311 tempus
2284 4257 2315 4296 a
2346 4271 2397 4329 Β
2423 4269 2425 4277 π

2308 4262 2315 4296 ι
2346 4271 2397 4329 D
2423 4247 2791 4321 γαλοπρεπῶς
2827 4246 2992 4316 μέχρι
3024 4245 3227 4309 παντὸς
3260 4244 3551 4315 ὑμνηθήσῃ
3580 4245 3730 4312 παρᾶ
3754 4243 3989 4308 πολλοῖς,

747 4342 938 4397 multis
954 4341 1272 4401 celebraris,
1298 4336 1761 4407 quemadmodum
1783 4336 1921 4389 mira
1942 4349 2166 4403 prorsus
2181 4333 2249 4387 de
2268 4343 2320 4387 te

749 4450 780 4488 ι
807 4432 1090 4503 prophetis
1109 4445 1232 4485 cum
1263 4430 1625 4483 admiratione
1654 4426 1912 4496 praedicta
1943 4426 2186 4479 fuerunt.
2213 4425 2318 4478 Sed

745 4540 927 4594 neque
954 4540 983 4578 e
1005 4523 1287 4576 veteribus
1318 4520 1588 4591 quispiam
1619 4534 1763 4582 eam,
1793 4534 1915 4588 quae
1949 4518 2047 4571 tibi
2070 4518 2318 4579 obvenit,

745 4616 983 4671 faustam
1036 4614 1488 4668 acclamationem
1545 4610 1879 4673 reservavit,
1945 4624 2125 4679 neque
2182 4623 2324 4677 prm-

747 4706 989 4761 sentium
1042 4712 1138 4758 aut
1191 4704 1503 4756 futurorum
1557 4702 1757 4769 aliquis
1806 4700 1903 4759 tibi
1958 4715 2057 4771 pro
2107 4698 2321 4752 meritis

748 4799 972 4867 plausus
1023 4796 1209 4860 dabit,
1248 4795 1358 4848 imo
1410 4808 1588 4861 neque
1624 4792 1671 4847 si
1713 4792 1781 4845 ad
1819 4792 1924 4845 hoc
1950 4789 2320 4860 praestandum

748 4904 943 4942 onmes
966 4888 1130 4942 simul
1162 4885 1460 4941 convenire
1503 4885 1871 4953 contingeret,
1922 4888 2192 4949 quotquot
2236 4878 2327 4932 vel

751 4989 882 5035 sunt
911 4979 998 5032 vel
1040 4978 1269 5031 fuerunt
1301 4975 1386 5029 vel
1416 4984 1601 5037 erunt,
1636 4983 1689 5027 te
1734 4984 1914 5027 tamen
1945 4973 2143 5041 dignus
2172 4970 2318 5023 necti

754 5073 987 5141 hymnus
1020 5076 1225 5137 posset.

813 5161 1004 5217 Gaude
1028 5160 1195 5231 igitur
1216 5167 1441 5229 propter
1474 5159 1589 5212 haec
1610 5158 1818 5220 omnia,
1845 5174 1878 5209 ο
1908 5155 2156 5209 scientia:
2188 5170 2321 5223 pro-

752 5255 1001 5308 iJlHIIlaS
1030 5269 1094 5308 ac
1120 5251 1402 5322 sapientia:
1428 5249 1684 5311 altitudo,
1718 5257 1774 5302 et
1797 5246 2081 5317 opulentia
2105 5246 2318 5315 gaudii,

821 5392 865 5422 "
897 5389 1030 5445 Luc.
1053 5406 1092 5453 I,
1123 5389 1212 5447 28.

2424 4338 2566 4392 καθὰ
2598 4338 2864 4407 δήπουθεν
2897 4338 2993 4390 σὺν
3023 4336 3265 4407 θαύματι
3300 4338 3430 4405 περὶ
3476 4336 3571 4389 σοῦ
3605 4337 3674 4388 τὰ
3714 4333 3992 4403 παράδοξα

2423 4431 2878 4500 προκεκήρυκται
2909 4430 3022 4490 τοῖς
3050 4428 3383 4498 προφήταις.
3438 4426 3578 4480 Ἀλλ’
3607 4426 3733 4479 οὒτε
3770 4442 3854 4488 τις
3885 4425 3993 4477 τῶν

2421 4521 2591 4573 πάλαι
2622 4520 2723 4587 τὴν
2751 4519 3086 4587 γιγνομένην
3112 4517 3375 4570 διέσωσεν
3400 4516 3703 4585 εὐφημίαν,
3740 4514 3864 4568 οὔτε
3885 4514 3994 4566 τῶν

2423 4611 2711 4681 παρόντων
2750 4609 2782 4679 ἦ
2821 4610 3121 4678 ἐσομένων,
3150 4609 3227 4671 ὡς
3263 4610 3510 4679 προσῆκέ
3535 4625 3639 4671 σοι,
3680 4608 3875 4677 φθάσει
3902 4605 3998 4659 τὸν

2424 4704 2620 4773 κρότον
2648 4720 2661 4735 ο
2696 4702 2799 4766 ἔτι,
2828 4704 2926 4756 καὶ
2950 4701 3059 4754 οὐδ’
3102 4702 3150 4753 ει
3185 4703 3344 4766 πᾶσι,
3375 4703 3488 4763 τοῖς
3520 4717 3577 4753 τε
3609 4695 3753 4761 οὖσι,
3792 4699 3897 4768 πρό
3932 4714 3994 4749 τε

2425 4796 2567 4859 οὖσι,
2590 4798 2705 4858 τοῖς
2735 4794 2784 4848 τ’
2819 4795 3127 4865 ἐσομένοις,
3160 4793 3300 4863 ὑπὲρ
3334 4792 3524 4846 τούτου
3552 4792 3830 4845 συνελθεῖν
3871 4794 3995 4857 ἐγε-

2427 4890 2599 4956 γόνει,
2635 4887 2726 4939 τὸν
2756 4886 2945 4939 είκὸτα
2976 4885 3042 4939 ἂν
3073 4885 3242 4946 ὕμνον
3278 4883 3561 4952 ἐξεγένετο
3592 4884 3809 4949 πλέξαι.

2505 5154 2677 5219 Χαῖρε
2733 5149 2919 5201 λοιπὸν
2952 5150 3041 5201 διὰ
3081 5147 3275 5206 ταῦτα.
3308 5141 3353 5201 ὦ
3387 5145 3547 5216 βάθος
3578 5145 3851 5214 γνώσεως,
3904 5148 3999 5197 καὶ

2439 5242 2626 5311 σοφίας
2660 5239 2816 5308 ὕψος,
2848 5241 2944 5292 καὶ
2984 5239 3155 5308 χαρᾶς
3186 5236 3437 5299 πλοῦτος,
3479 5237 3573 5290 καὶ
3608 5236 3844 5306 χαρίτων
3897 5234 3996 5288 θα-

2014 5531 2154 5585 Ant.
2204 5522 2491 5584 Bullerini
2538 5530 2727 5582 notae.

825 5682 935 5739 (95':
968 5682 1263 5751 Imaginem
1298 5681 1467 5735 habes
1494 5678 2005 5751 luculentissimam.
2026 5673 2326 5751 eujnsmndi

758 5752 917 5806 fueiit
976 5746 1215 5808 conditio
1258 5752 1490 5821 Virginis
1547 5750 1611 5804 ad
1657 5750 1989 5818 reliquorum
2036 5746 2317 5797 hmniuum

2440 5671 2810 5724 conditionem
2849 5682 2865 5720 :
2901 5668 3042 5720 inter
3061 5680 3252 5721 omnes
3281 5665 3491 5722 scilicet
3523 5680 3682 5722 cinno
3714 5664 4001 5721 sordentes

2426 5743 2537 5798 sola
2563 5739 2917 5794 mundissima
2950 5734 3182 5791 relulsit.
