4258 6364
255 389 322 449 93
1038 388 1302 449 SERMO
1352 391 1433 451 ΙΝ
1473 391 1830 450 ANNUNTI

1943 392 2190 453 IONEM
2234 396 2298 454 Β.
2339 396 2403 457 ν.
2451 396 2748 457 ΜΑΙὶΙίΕ.
3458 392 3531 455 94

246 506 510 570 emam,
527 506 674 569 ὅπως
700 506 1020 576 ὑπέραγνον
1041 507 1272 569 ἔσωσεν,
1300 508 1450 569 ὅπως
1478 507 1623 561 ᾶπαν
1649 506 1842 576 ῆλεγξε

1954 508 2047 561 illo
2066 511 2488 577 przevaricatore
2522 512 2775 573 dtu-tum,
2807 511 3143 566 horrendum
3167 508 3372 579 aliquid
3393 523 3534 579 prte-

257 602 462 669 πτερδν
512 602 635 661 ταῖς
686 600 921 669 ὑψηλαῖς
978 598 1283 652 ἁναὸἀσεσι
1330 598 1430 667 τῆς
1479 599 1709 667 καρδίας
1766 600 1842 660 είς

1948 602 2151 654 celsam
2208 601 2355 655 illam
2415 606 2891 659 annuutiationem
2943 604 3244 667 censebat,
3298 616 3363 656 ac
3420 609 3535 655 tota

244 692 389 758 ὕψος
416 692 715 744 ἀναπτᾶσα
746 692 1027 760 οὐράνιον,
1082 692 1181 761 τὴν
1235 691 1499 760 ἔκπληξιν
1532 692 1842 759 ὑποχωρεῖν

1947 699 2177 760 stupore
2210 692 2639 761 percellebatur,
2667 694 2947 765 quomodo
2977 710 3071 748 vas
3101 696 3337 757 luteum,
3367 703 3538 761 atque

243 781 467 844 ὶόὶδου,
502 783 594 834 καὶ
627 783 833 853 ἑαυτὴν
896 783 1189 852 ἀταράχως
1245 782 1491 834 ὑπετίθει
1546 782 1626 851 τῷ
1684 782 1842 850 μηνύ-

1946 784 2082 837 adeo
2103 784 2328 853 insuper
2354 785 2507 853 lapsu
2531 787 2871 842 confractum
2892 785 3152 855 (l),tllum
3178 785 3389 840 scilicet
3422 793 3536 838 tre-

250 886 390 935 ματι
426 887 439 897 ·
498 873 788 934 καὶ,“Ιδοὺ
824 875 861 940 ή
892 875 1083 941 δούλη
1115 875 1362 941 Κυρίου,
1403 874 1533 925 ὲὸόα
1569 888 1583 904 °
1614 872 1842 941 γένοιτό

1951 874 2212 927 mendum
2251 886 2416 945 atque
2448 877 3065 946 incomprehensibilem
3104 879 3251 932 intra
3282 891 3342 931 se
3376 890 3532 929 com-

248 978 348 1031 μοι
383 964 536 1015 κατὰ
571 965 637 1017 τὸ
655 965 822 1036 ῥῆμά
860 982 1000 1019 σου.

1948 966 2355 1034 prehensurum
2387 978 2569 1033 esset;
2609 979 2667 1024 et
2702 985 2767 1024 ex
2816 971 2921 1026 hac
2969 985 3203 1041 prorsus
3257 965 3535 1022 comside-

252 1058 469 1110 taliutte
497 1071 637 1123 erat,
674 1062 821 1129 quod
860 1062 950 1123 (de
979 1063 1309 1117 salutatione
1342 1063 1452 1129 illa)
1482 1062 1769 1133 cogitaret.
1814 1061 1881 1115 At
1920 1076 2045 1116 cum
2079 1062 2146 1116 ad
2192 1078 2346 1117 suam
2392 1065 2569 1133 ipsius
2635 1068 2872 1121 animant
2915 1068 3107 1123 oculos
3155 1063 3535 1121 convertebat.

251 1149 535 1211 quomodo
593 1150 805 1205 scilicet
863 1167 984 1205 eam
1043 1152 1502 1217 immaculatam,
1560 1150 1840 1221 quomodo
1882 1167 2075 1221 puram
2139 1168 2253 1223 prze
2316 1156 2464 1209 omni
2500 1158 2741 1227 puritate
2771 1160 3049 1222 servabat,
3080 1162 3379 1229 quomodo.
3405 1172 3535 1212 cor-

250 1242 337 1294 dis
367 1246 793 1302 asceusionibus
815 1248 880 1302 ad
907 1248 1188 1304 cmlestem
1244 1259 1436 1303 evetta
1504 1249 1925 1315 sublimitatem,
1966 1251 2211 1321 cujusvis
2264 1251 2481 1305 volatus
2523 1268 2719 1309 omnes
2766 1255 2932 1326 lor.ge
2980 1256 3533 1325 pmtergredereturo

248 1347 385 1390 tunc
419 1338 647 1391 demum
684 1339 1070 1396 vehementem
1106 1342 1260 1395 illum
1292 1342 1579 1396 horrorem
1612 1341 1958 1407 demittebat,
2030 1359 2094 1397 ac
2159 1343 2351 1399 sedato
2409 1346 2595 1400 animo
2628 1362 2687 1401 se
2725 1348 2813 1411 iis,
2848 1366 2969 1420 qua:
3034 1348 3525 1408 denuntiabantur,

245 1432 619 1499 subjiciebat;
650 1442 729 1499 et,
778 1434 935 1499 Ecce,
973 1436 1188 1506 inquit,
1214 1437 1414 1493 ancilla
1456 1436 1712 1500 Domini;
1744 1436 1842 1507 ﬁat
1884 1438 2010 1491 mihi
2034 1440 2320 1493 secundum
2347 1440 2561 1494 verbum
2584 1451 2734 1497 tuum
2755 1444 2821 1498 “.

320 1530 426 1581 ιε’.
458 1525 632 1598 Οἶμαι
672 1531 728 1583 δὲ
769 1532 846 1594 ὼς
871 1528 1017 1603 εἶχεν
1048 1533 1114 1587 ἂν
1156 1534 1253 1586 καὶ
1307 1534 1373 1585 ἐκ
1396 1534 1512 1602 -τῆς
1545 1534 1825 1603 ἡμετέρας

2016 1534 2131 1589 XV.
2188 1536 2302 1606 Ego
2358 1553 2493 1593 vero
2545 1539 2625 1593 sic
2674 1541 2888 1601 sentio,
2921 1555 2986 1594 ex
3024 1540 3261 1595 humana
3314 1554 3534 1610 quoque

249 1622 615 1691 συνϐἐσεωςή
652 1630 1037 1695 ὑπεραμωμος
1096 1625 1359 1695 βραχεῖαν
1394 1627 1710 1694 ὑπανοίγειν
1742 1625 1807 1679 Oti

1948 1635 2139 1681 nostra
2172 1632 2649 1700 coagmentatione
2679 1632 2940 1687 habuisse
2962 1631 3110 1686 illam
3142 1648 3251 1701 pra:
3277 1633 3533 1687 omnibus

248 1733 355 1784 ραν
383 1716 461 1784 τῷ
489 1718 769 1788 ὑπερφυεῖ
792 1718 1099 1789 ἀσπασμῷ.
1129 1717 1405 1789 Καθάπερ
1426 1719 1536 1789 γὰρ
1563 1720 1699 1789 ἡμῖν
1734 1718 1839 1789 μὲν

1948 1718 2381 1785 immaculatam,
2419 1739 2529 1794 quo
2568 1724 2635 1779 ad
2679 1724 3026 1779 salutationis
3077 1722 3227 1778 illius
3266 1725 3533 1778 rationem

250 1808 398 1875 ὑπὲρ
437 1809 599 1875 λόγον
634 1811 662 1862 δ
687 1811 786 1881 τῆς
823 1811 1009 1881 ψυχῆς
1057 1810 1153 1863 καὶ
1208 1811 1465 1881 σώματος
1516 1809 1836 1881 σύνδεσμος,

1945 1810 2356 1881 intelligendam
2386 1814 2623 1886 aliquem
2655 1816 2758 1871 sibi
2789 1816 2999 1871 aditum
3043 1817 3304 1885 aperiret.
3335 1815 3538 1883 Quem-

246 1900 469 1953 πᾶσιδὲ
494 1903 645 1971 ὅμως
680 1904 967 1971 λογισμοῖς
996 1904 1097 1976 τὴν
1161 1904 1429 1975 τοιαύτην
1472 1904 1841 1973 ἀνομολογοῦ-

1950 1901 2246 1957 admodum
2304 1905 2453 1959 enim
2505 1907 2700 1961 animae
2750 1923 2874 1961 cum
2925 1923 3155 1976 corpore
3215 1907 3535 1976 conjunctio

251 2012 357 2061 μεν
405 1997 751 2065 συνάφειαν⁹
802 1996 977 2059 οὕτως
1016 1997 1083 2051 ἂν
1114 1999 1211 2052 καὶ
1267 1997 1397 2068 περὶ
1435 1998 1538 2066 τῆς
1591 1997 1841 2070 μείζονος

1941 2004 2145 2050 nostra:
2175 1996 2397 2066 quidem
2454 1998 2655 2053 mentis
2707 2009 2926 2068 captum
2980 1999 3217 2062 excedit,
3254 2009 3535 2052 verumta-

250 2088 459 2138 ἐνενόει
493 2088 912 2155 συλλογίζεσθαι
951 2088 1264 2153 κοινωνίας,
1293 2090 1356 2143 οὐ
1400 2090 1611 2161 μικρὰν
1633 2092 1697 2143 ὲκ
1738 2088 1842 2159 τῆς

1942 2102 2066 2143 men
2094 2088 2541 2159 coniunctionem
2576 2090 2891 2161 hnjnsmodi
2920 2091 3178 2145 omnibus
3209 2090 3379 2144 animi
3410 2106 3537 2144 sen-

248 2178 468 2231 ἐκεῖθεν
508 2181 788 2248 συμφυΐας
855 2182 949 2234 καὶ
1007 2182 1137 2252 περὶ
1169 2181 1266 2234 τοῦ
1306 2181 1498 2235 καινοῦ
1533 2180 1690 2233 τοῦδε
1736 2197 1838 2252 μυ-

250 2270 480 2339 στηρίου
505 2272 691 2324 νεῦσιν
727 2271 1083 2344 ποριζομένη.
1146 2273 1302 2344 Ἐμοὶ
1352 2272 1464 2343 γὰρ
1507 2272 1706 2340 δοκεῖν,
1746 2276 1839 2327 καὶ

246 2364 349 2431 οὐχ
379 2364 458 2425 ὡς
486 2363 555 2415 τὸ
582 2367 864 2419 ποικίλον
921 2365 1010 2418 ῐνα
1048 2365 1210 2435 μόνον
1267 2364 1548 2437 διαδειχθῇ
1596 2366 1693 2435 τῆς
1740 2362 1838 2417 τοῦ

249 2457 611 2525 Δημιουργοῦ
645 2458 869 2525 σοφίας
900 2458 1140 2526 ἀφάτου,
1182 2456 1283 2527 τὴν
1331 2457 1516 2529 διττὴν
1543 2458 1836 2527 ἅνθρωπος

248 2546 448 2615 εΰπμρε
482 2547 757 2613 σύνθεσιν,
808 2548 949 2601 ἀλλὰ
998 2552 1098 2603 καὶ
1132 2548 1227 2602 τοῦ
1304 2548 1612 2620 μυστηρίου
1642 2547 1838 2602 τούτου

250 2639 423 2690 ἕνεκα
471 2640 676 2709 μικρὰν
712 2640 892 2708 ἑαυτῷ
924 2641 1109 2695 πίστιν
1142 2641 1291 2704 ὅπως
1315 2642 1448 2711 παρ’
1471 2639 1667 2695 ἑαυτοῦ
1705 2656 1837 2693 συν-

247 2730 513 2801 εισφὲρῃ.
552 2730 661 2781 Καὶ
714 2730 831 2798 εἴγε
895 2731 969 2802 μὴ
1005 2731 1099 2785 καὶ
1143 2730 1233 2783 διὰ
1286 2721 1477 2783 τοῦτον
1530 2730 1624 2783 τὸν
1654 2730 1835 2799 λόγον,

244 2819 326 2883 ὼς
368 2822 395 2872 ὀ
423 2822 556 2889 ἐμὸς
584 2820 768 2888 λόγος,
794 2822 1007 2878 ἄνωθεν
1040 2824 1074 2894 ή
1105 2823 1424 2894 ἀνθρωπεία
1472 2823 1838 2876 διεπλάττετο

247 2914 644 2982 πραγματεία,
683 2916 785 2968 οὐκ
809 2916 875 2969 ἂν
909 2918 938 2969 ὁ
969 2912 1101 2985 χοῦς
1133 2915 1321 2984 ἐδέησε
1376 2915 1455 2984 τῷ
1488 2914 1634 2984 Θεῷ,
1663 2915 1741 2979 ὡς
1770 2915 1837 2968 ἂν

248 3006 318 3058 ὲκ
349 3004 546 3058 τούτου
591 3008 652 3059 τὸ
702 3006 877 3077 βραχῦ
912 3024 967 3060 τι
1018 3006 1154 3077 παρ’
1198 3005 1471 3075 ἀγγέλους
1531 3006 1833 3076 φέροιμεν·

1941 2180 2095 2236 sibus
2126 2180 2491 2248 conﬁtemur;
2537 2183 2618 2237 sic
2660 2193 2715 2237 et
2745 2182 2812 2237 de
2860 2182 3227 2252 praestantiori
3268 2183 3372 2237 hac
3392 2198 3535 2237 con-

1936 2273 2224 2344 junctione
2281 2274 2715 2329 ratiocinandum
2773 2282 2941 2340 rata,~
2972 2274 3117 2329 haud
3164 2276 3441 2329 mediocre
3466 2289 3533 2328 ex

1942 2366 2184 2419 humano
2202 2364 2303 2419 hoc
2322 2367 2628 2434 composito
2649 2366 2914 2419 auxilium
2934 2365 3002 2419 ad
3027 2365 3154 2420 huic
3179 2380 3398 2435 quoque
3420 2381 3533 2435 my-

1939 2455 2111 2510 sterio
2137 2454 2548 2509 assentiendum
2590 2455 2695 2509 sibi
2717 2454 3093 2524 comparabat.
3130 2454 3195 2510 Ut
3231 2454 3376 2508 enim
3401 2455 3535 2509 mihi

1940 2546 2178 2611 videtur,
2210 2561 2321 2600 non
2351 2546 2474 2602 ideo
2503 2557 2713 2601 tantum
2748 2548 2915 2601 homo
2941 2563 3008 2602 ex
3036 2548 3242 2615 duplici
3280 2547 3536 2601 substan-

1941 2640 2014 2694 tia
2034 2639 2372 2708 compositus
2400 2647 2504 2701 est,
2534 2646 2595 2692 ut
2624 2655 2691 2692 ex
2719 2640 2985 2694 varietate
3020 2637 3205 2707 aperis
3231 2647 3534 2705 appareret

1941 2730 2236 2785 ineﬂ'abilis
2288 2746 2354 2785 ac
2404 2729 2749 2801 multiformis
2797 2731 3065 2799 sapientia
3105 2731 3147 2760 "
3182 2727 3532 2791 Conditoris;

1941 2838 2132 2877 verum
2187 2822 2352 2877 etiam
2407 2832 2634 2892 propter
2686 2823 2791 2878 hoc
2843 2823 3188 2893 mysterium,
3222 2832 3281 2875 ut
3319 2821 3535 2874 scilicet

1940 2916 2045 2971 sibi
2085 2915 2185 2984 ipsi
2219 2914 2379 2969 fidem
2431 2916 2668 2985 aliquam
2703 2930 2769 2970 ex
2803 2932 2861 2971 se
2893 2916 3013 2985 ipso
3045 2914 3256 2981 (homo)
3303 2913 3531 2967 faceret.

1942 3006 2009 3060 Et
2038 3005 2334 3075 siquidem,
2366 3016 2425 3060 ut
2458 2996 2576 3060 mea
2609 3022 2668 3061 se
2700 3006 2866 3060 habet
2899 3004 3110 3076 opinio,
3139 3020 3246 3058 non
3277 3003 3329 3057 in
3362 3006 3526 3057 istam

247 3100 371 3152 ἀλλ’
399 3096 545 3170 ἦμεν
578 3100 644 3153 ἂν
673 3103 785 3163 τοῖς
820 3100 1005 3162 ἀΰλοις
1044 3098 1353 3169 προσθήκη,
1389 3096 1564 3168 μικρά
1582 3112 1669 3159 τις
1702 3096 1838 3159 ἴσως

1942 3113 2165 3166 quoque
2221 3096 2384 3151 finem
2423 3096 2723 3151 humanum
2781 3097 2884 3151 hoc
2928 3096 3288 3165 compositum
3338 3094 3530 3148 fuisset

248 3191 420 3257 ἑτέρα
457 3190 630 3256 τάξις,
675 3193 788 3244 καὶῗ
814 3192 916 3259 τῆς
954 3192 1058 3260 γῆς
1085 3190 1229 3260 δίχα.

1946 3191 2297 3259 plasmatum,
2362 3188 2510 3243 haud
2566 3204 2705 3258 opus
2768 3189 2879 3243 Deo
2926 3186 3121 3241 fuisset
3177 3188 3422 3256 pulvere,
3474 3196 3532 3237 ut

249 3281 472 3335 ratione
523 3282 688 3352 hujus
747 3282 910 3350 paulo
959 3282 1204 3338 minores
1256 3296 1504 3336 essemus
1531 3281 1599 3337 ab
1637 3282 1881 3351 angelis;
1921 3280 2017 3336 sed
2069 3280 2526 3335 immaterialibus
2576 3279 2887 3350 spiritibus,
2937 3278 3078 3334 alius
3150 3277 3375 3349 quidam
3421 3274 3535 3329 fur-

248 3392 400 3436 tasse
455 3380 698 3445 humilis,
753 3386 910 3434 terra:
966 3392 1148 3434 tamen
1200 3394 1395 3447 expers
1442 3379 1600 3445 ordo,
1664 3379 1835 3433 additi
1880 3378 2192 3434 fuissemus.

327 3476 454 3526 Ἔτι
493 3474 550 3526 δὲ
576 3476 671 3526 καὶ
698 3476 747 3527 εί
796 3474 964 3543 μηδὲν
1023 3474 1554 3544 προεισενεγκόντας
1593 3472 1669 3542 (τί
1726 3472 1837 3544 γὰρ

246 3569 353 3621 οὐκ
376 3568 525 3627 ὄντες
546 3568 877 3632 είσενεγκεῖν
901 3565 1145 3636 εἴχομεν)
1169 3581 1183 3630 ;
1203 3565 1271 3618 τὰ
1286 3564 1610 3636 ὑπεράγαθα
1630 3564 1842 3632 σπλάγ-

247 3678 378 3729 χνα,
418 3659 508 3711 διὰ
530 3657 677 3711 τοῦτ’
704 3658 837 3711 αὐτὸ
870 3657 1034 3725 μόνον
1068 3658 1162 3709 καὶ
1197 3658 1495 3727 παρήγαγε
1536 3655 1634 3709 καὶ
1679 3657 1837 3725 φιλό-

248 3768 419 3818 τιμον
458 3749 743 3819 παρέθηκε
766 3748 1071 3818 τράπεζαν,
1104 3746 1203 3817 τὴν
1226 3745 1285 3810 ἐξ
1332 3744 1567 3815 οὐρανοῦ
1607 3745 1705 3799 καὶ⁸
1734 3746 1838 3814 γῆς

250 3845 352 3897 καὶ
383 3841 493 3893 τῶν
524 3843 583 3893 ἐν
616 3841 767 3909 μέσῳ
802 3839 1083 3892 ποικιλίαν
1109 3855 1169 3890 τε
1201 3839 1297 3889 καὶ
1330 3838 1635 3907 δαψίλειαν,
1678 3838 1838 3891 τίνων

251 3936 358 3987 οὐκ
396 3933 462 3985 ἂν
497 3931 807 3985 ἀπολαῦσαι
840 3932 1056 3998 γένοιτο
1079 3928 1322 3998 δωρεῶν,
1366 3927 1497 3996 φίλα
1524 3926 1602 3996 τῷ
1634 3929 1834 3997 ποιητῇ

253 4025 775 4095 διαπραξαμένοις;
831 4024 942 4076 Καὶ
992 4021 1054 4073 τὺ
1102 3999 1466 4073 διειδέστατον
1517 4015 1610 4072 οὖν
1659 4022 1840 4073 ὲκεῖνο

257 4119 482 4182 σκεῦος,
524 4119 555 4187 ἡ
586 4114 966 4184 ὑπερένδοξος,
1002 4114 1122 4165 ἐπεὶ
1155 4113 1325 4182 μηδὲν
1350 4109 1493 4183 εἶχεν
1534 4114 1765 4176 ἐννοεῖν,
1812 4111 1841 4164 ὃ

262 4208 339 4277 μὴ
378 4208 686 4275 φιλοτίμως
720 4206 802 4263 είς
830 4204 1059 4274 ἁγνείαν
1082 4205 1412 4273 προσήγαγε
1456 4202 1534 4272 τῷ
1562 4203 1841 4273 Δεσπότῃ,

257 4301 375 4354 οὐδ’
409 4302 476 4353 ἂν
505 4295 619 4369 εἶχε
653 4298 798 4351 πάνυ
827 4297 1135 4367 διαπορεῖν,
1177 4295 1287 4349 τῶν
1312 4294 1457 4366 ὑπὲρ
1485 4294 1613 4349 νοῦν
1638 4294 1841 4367 ἑαυτὴν

260 4392 544 4447 ἀκούουσα
573 4391 915 4460 λειτουργὸν.

2004 3472 2279 3526 Praeterea
2312 3470 2357 3524 si
2388 3470 2473 3526 vel
2502 3469 2728 3540 quando
2764 3469 2905 3523 nihil
2938 3483 3037 3523 nos
3072 3466 3527 3538 przestiteramus.

1937 3562 2089 3634 (quid
2127 3566 2275 3617 enim
2306 3571 2573 3633 praestare
2603 3562 2975 3632 potuissemus
3000 3560 3093 3629 qui
3128 3559 3374 3613 nondum
3400 3573 3527 3612 era-

1934 3659 2126 3725 mus?)
2172 3674 2240 3713 ex
2288 3658 2569 3712 immensae
2628 3657 2892 3712 bonitatis
2938 3671 3050 3710 sua:
3086 3654 3390 3709 visceribus
3426 3668 3528 3707 nos

1941 3751 2044 3805 hac
2098 3750 2215 3804 sola
2246 3749 2314 3804 de
2349 3764 2514 3804 causa
2548 3748 2624 3818 (2)
2656 3763 2686 3801 e
2713 3747 2889 3804 nihilo
2945 3743 3160 3805 eduxit,
3206 3752 3262 3797 et
3300 3742 3525 3795 muniti-

1937 3856 2058 3895 cam
2114 3842 2274 3895 nobis
2321 3840 2491 3895 veluti
2546 3836 2829 3904 mensam,
2885 3834 3201 3898 omnimoda
3253 3833 3523 3887 bonorum

1937 3932 2247 3986 cmlestium
2278 3940 2334 3987 ct
2366 3932 2715 3987 terrestrium
2749 3939 2805 3985 et
2838 3944 3052 3993 eorum,
3093 3941 3216 3996 qua:
3257 3926 3523 3979 interme-

1936 4024 2025 4078 dia
2058 4033 2206 4089 sunt,
2236 4024 2501 4079 varietate
2529 4034 2585 4079 et
2610 4022 2893 4093 0pu|entia
2925 4020 3184 4075 refertam
3224 4015 3520 4087 apposuit,

1941 4115 2299 4184 quibusnam,
2342 4130 2545 4183 quasso,
2582 4114 2743 4169 donis
2783 4112 2890 4168 frui
2924 4111 3082 4166 nobis
3114 4124 3223 4165 non
3270 4108 3518 4169 daretur,

1935 4205 1979 4258 si
2030 4220 2151 4273 quae
2173 4204 2443 4259 conditori
2493 4215 2717 4274 accepta
2773 4211 2926 4267 sunt,
2984 4196 3410 4269 perficeremus?
3452 4194 3521 4248 Et

1937 4297 2071 4351 illud
2125 4298 2292 4367 igitur
2351 4313 2446 4351 vas
2498 4278 2970 4355 nitentissimum,
3025 4292 3211 4360 Virgo,
3269 4288 3517 4357 inquam,

1936 4402 2104 4459 super
2157 4404 2350 4443 omnes
2400 4388 2657 4458 gloriosa,
2708 4382 3155 4454 quandoquidem
3198 4394 3300 4433 nec
3333 4386 3521 4432 mente

256 4486 483 4555 (ιιιίιξςιιι
545 4483 828 4553 quidpiam
876 4481 1101 4536 volvere
1154 4487 1375 4551 posset,
1432 4478 1579 4551 quod
1628 4493 1844 4533 summo
1882 4495 2006 4535 cum
2055 4479 2313 4548 puritatis
2368 4479 2551 4532 studio
2626 4492 2733 4531 non
2802 4475 3028 4530 offerret
3063 4471 3331 4529 Domino,
3381 4461 3520 4520 nihil

257 4597 393 4636 sane
424 4579 686 4646 habebat,
719 4594 839 4646 cur,
874 4575 1107 4632 audiens
1128 4583 1305 4632 semet
1362 4573 1432 4630 ad
1494 4570 1920 4631 miriistrandum
1958 4573 2331 4631 ineil'abilihus
2384 4570 2655 4644 mysteriis
2690 4570 2945 4631 electam,
2978 4572 3260 4634 tantopere
3306 4559 3523 4615 haerens

257 4680 590 4744 ambigeret.

334 4774 455 4840 Ιέῗ.
494 4775 640 4845 Πλὴν
685 4774 776 4827 διὰ
827 4774 919 4828 τὸν
962 4774 1126 4841 λόγον
1157 4773 1389 4839 ἐκεῖνον,
1420 4771 1502 4825 ὅτι
1551 4771 1676 4842 μηδ’
1702 4770 1842 4824 ’ὅσον

2021 4765 2160 4821 XVI.
2202 4765 2591 4819 Verumtamen
2642 4776 2767 4815 cum
2798 4756 2983 4811 habita
3028 4753 3237 4808 ratione
3268 4747 3518 4805 immensi

333 4919 383 4949 “
405 4917 539 4971 Luc.
571 4932 609 4976 ι,
644 4915 736 4970 38.
816 4916 860 4947 ⁸⁷
891 4915 1094 4983 Ephes.
1121 4929 1203 4979 ιιι,
1229 4911 1320 4968 10.

1536 5032 1678 5090 Ant.
1725 5024 2023 5088 Ballerini
2068 5031 2259 5085 notae.

332 5165 411 5231 (l)
451 5163 609 5221 Vide.
638 5175 803 5231 quam
846 5169 974 5231 apte
1011 5155 1246 5231 [Erginis
1288 5152 1849 5231 Deipara;__condi_tio-

1955 5164 2108 5218 pore,
2142 5144 2287 5215 quod
2320 5156 2557 5218 non_vas
2580 5139 2742 5194 modo
2771 5137 2979 5218 luteum
3008 5124 3516 5218 appareth-ed

261 5203 411 5293 nent,
1288 5203 1852 5287 ἓιῖἰῖηῖίῗιιξιὶιῖλδω
1954 5203 2120 5293 super
2145 5203 2294 5293 {lapsa
2326 5213 2673 5293 confractum,
2700 5208 2902 5293 quippe

261 5306 544 5359 exstitisse
573 5302 759 5361 filiam,
812 5308 975 5367 atque
1006 5296 1145 5350 adeo
1181 5310 1212 5349 e
1261 5303 1487 5367 parente
1518 5294 1846 5367 praevarica-

266 5389 387 5428 tore
434 5381 702 5427 exortam.
757 5378 818 5423 ut
841 5364 969 5422 aviti
1009 5367 1192 5435 lapsus
1224 5365 1419 5419 effecta
1469 5374 1579 5417 non
1625 5364 1847 5435 penitus

970 5434 1128 5504 pacto
1156 5450 1279 5488 cum
1329 5436 1411 5487 eis
1456 5434 1845 5495 concilientur,

266 5444 543 5508 effugerit.
574 5442 640 5494 At
677 5457 786 5508 quo
820 5441 921 5493 ista

264 5504 564 5584 ῳιπεῖιὶρψ
592 5503 724 5565 alias
755 5503 1141 5584 tradit_(vi_dn.__§
1190 5506 1273 5566 15,
1309 5505 1456 5584 hom.
1488 5506 1541 5556 in
1583 5503 1842 5584 Prmsent.

265 5573 425 5651 ὑμὶν.
460 5593 604 5652 part.
635 5597 672 5641 ι,
698 5597 818 5652 pag.
851 5573 975 5637 Ml.
1011 5573 1161 5652 545),
1197 5575 1441 5652 potuisse
1476 5588 1673 5641 nempe
1696 5573 1763 5627 de
1786 5586 1844 5625 se

267 5646 546 5722 Virginem
582 5646 921 5721 proclamare
956 5665 969 5699 :
1001 5646 1449 5722 [aitait/uitatibus
1467 5652 1717 5712 concepta
1741 5658 1845 5722 non

269 5711 440 5792 [τάξει
467 5711 640 5776 εοίαήι
675 5738 777 5774 non
799 5720 1030 5792 concepit
1057 5718 1109 5769 in
1133 5711 1361 5792 peccatis
1388 5732 1466 5766 me
1489 5711 1661 5792 mater
1685 5728 1801 5766 mea
1824 5711 1849 5765 Ζ)

270 5784 717 5852 l‘raavaricatoris
744 5790 871 5847 Adae
906 5784 1101 5858 nempe
1125 5785 1291 5842 (illam
1326 5784 1610 5855 cognoscis
1645 5784 1698 5838 in
1724 5798 1846 5837 cor-

1955 5268 2108 5341 itif";
2133 5268 2293 5339 dornis
2330 5268 2571 5352 pristinae
2625 5268 3001 5352 plasmationis
3027 5268 3265 5352 propriis
3280 5274 3511 5352 careat:

1951 5339 2023 5410 at“
2043 5339 2232 5411 oculos
2261 5339 2340 5408 ad.
2364 5354 2597 5405 animam
2626 5339 2669 5401 'si
2701 5355 3009 5418 convertas,
3032 5339 3247 5418 nullum
3279 5343 3517 5418 paternae

1950 5428 2197 5481 infaustae
2228 5422 2563 5479 luereditatis
2592 5417 2895 5489 vestigium
2921 5416 3180 5489 occurrit,
3233 5416 3515 5489 qtttnAeam

1947 5513 2059 5551 non
2094 5498 2271 5551 solum
2325 5484 2749 5552 immaculatum,
2805 5484 2899 5538 sed
2935 5484 3172 5551 puritate
3232 5486 3515 5543 puriorem

1948 5583 2214 5708 ωἲὲἱδὲκ
2242 5631 2512 5687 sententia
2550 5628 2716 5708 igitur
2737 5622 2978 5708 auctoris
3005 5615 3327 5708 mysteriittn‘t‘
3338 5612 3523 5708 incf-‘1'.-

1956 5680 2754 5772 nalit’t..i's"s'£6i;.}§iii‘itfqtiem
2771 5696 2874 5752 sibi
2902 5693 2957 5748 in
2983 5680 3272 5746 condendo
3297 5680 3519 5737 homins

1958 5779 2098 5834 Deus
2132 5773 2444 5847 praestituit.
