4258 6364
743 398 814 463 99
1778 394 1877 455 ISI
1891 395 2072 456 DOIll
2140 396 2241 456 ΤΠ
2255 395 2430 456 ESSA
2441 397 2584 457 [ΟΧ
2595 396 2898 462 ICENSIS

3909 411 4013 470 ΠΟ

736 502 922 574 ltaante
973 519 1081 559 non
1137 503 1329 558 dubito
1383 504 1629 575 quidem,
1675 504 1732 559 in
1781 521 1867 559 me
1919 520 2162 575 quoque,
2215 507 2324 559 Deo

2428 505 2621 578 ἀνδρὸς
2647 507 2707 561 τὸ
2739 509 3034 563 ἀκόλουθον
3092 508 3360 580 ἐπιζητεῖ.
3413 509 3539 565 Πῶς
3583 510 3678 565 οὖν
3735 512 3886 570 ἔσται
3929 537 4023 585 μοι

737 607 976 660 volente,
1031 598 1308 652 ineffabile
1361 597 1580 668 aliquod
1638 585 1941 667 perlectum
2001 597 2067 651 iri
2123 607 2326 668 myste-

735 689 915 753 rium;
969 703 1156 741 vcrum
1211 689 1499 758 conceptio
1548 698 1604 742 et
1655 689 1818 752 lilius,
1873 689 2078 757 quibus
2134 689 2324 757 utique

2434 600 2497 650 τὸ
2528 601 2779 669 μήνυμα,
2829 601 2906 670 μὴ
2964 601 3133 670 μέσου
3187 602 3648 672 παραληφθέντος
3679 606 3915 675 ἐκείνου,
3951 610 4017 664 σύ

2437 706 2528 756 μοι
2555 689 2825 757 δήλωσον,
2863 690 3140 761 ἀγνοούσῃ
3163 691 3255 744 τὸν
3278 692 3508 760 τρόπον.

735 783 963 837 vocibus
1013 782 1132 851 ipse
1173 798 1305 837 usus
1333 797 1413 846 es,
1453 782 1690 835 humana
1745 792 1875 859 sunt
1921 798 2108 852 opera,
2174 790 2230 836 ct
2287 779 2390 833 viri
2432 783 2826 836 commercium
2895 791 3302 852 consequenter
3364 787 3610 852 exigunt.
3671 787 3786 852 Qua
3851 789 4021 859 igitur

735 876 971 937 ratione,
1020 873 1173 929 hisce
1223 874 1419 928 mediis
1463 888 1573 926 non
1611 855 1901 939 adhibitis,
1937 875 1990 928 in
2021 889 2109 928 me
2171 871 2358 926 futura
2396 880 2526 935 smt,
2589 888 2711 940 quae
2738 873 2899 935 dicis,
2936 875 3051 944 ipse
3083 873 3238 935 mihi,
3267 889 3388 944 qua:
3413 875 3575 943 plane
3604 876 3655 929 id
3689 896 3796 933 non
3834 855 4015 934 video.

731 964 818 1020 fac
847 968 1142 1023 edisseras.

806 1059 994 1114 XVIII.
1044 1059 1113 1112 Et
1175 1059 1492 1128 respondens
1547 1057 1767 1127 angelus
1817 1058 1949 1109 dixit
1985 1055 2330 1124 ei:Spiritus

730 1158 943 1204 sanctus
977 1151 1306 1220 superveniet
1335 1151 1389 1203 in
1421 1157 1492 1212 te,
1529 1157 1576 1202 et
1611 1150 1774 1202 virtus
1825 1149 2083 1202 Altissimi
2141 1149 2329 1200 obum-

731 1241 905 1294 brabit
934 1242 1057 1305 tibi;
1103 1241 1321 1311 ideoque
1357 1251 1403 1294 et
1439 1240 1576 1312 quod
1628 1249 1875 1293 nascetur
1899 1256 1962 1292 cx
1985 1249 2035 1292 tc
2059 1251 2323 1302 sanctum,

729 1335 1002 1387 vocabitur
1047 1330 1216 1387 Filius
1248 1333 1342 1386 Dei
1363 1333 1430 1386 ⁷⁵.
1461 1332 1752 1401 Congrum,
1801 1331 2001 1401 inquit,
2035 1347 2199 1384 voces
2229 1330 2322 1382 de-

729 1434 882 1490 sunt,
937 1425 1140 1495 quibus
1199 1424 1518 1495 mysterium
1576 1425 1882 1492 explicem;
1934 1432 1988 1478 ct
2032 1431 2322 1491 propterea

727 1516 814 1570 vel
855 1518 908 1570 in
947 1517 1035 1580 iis,
1088 1533 1209 1586 quae
1245 1516 1622 1572 conditionem
1677 1518 1974 1570 humanam
2024 1514 2321 1577 excedunt,

727 1620 889 1660 voces
913 1622 980 1660 ex
1002 1607 1262 1662 humanis
1287 1607 1608 1675 desumptas
1634 1622 1861 1674 usurpo.
1889 1605 2148 1674 Alioquin
2175 1604 2322 1657 haud

727 1691 1091 1765 incongruum
1143 1706 1246 1760 est,
1287 1703 1347 1748 ut
1378 1710 1541 1748 voces
1596 1693 1868 1762 ejusmodi
1920 1692 1986 1746 de
2018 1693 2110 1746 illo
2161 1708 2323 1745 usur-

725 1795 951 1853 pentur,
987 1786 1080 1855 qui
1111 1802 1222 1854 pra:
1250 1785 1511 1840 inell‘abili
1549 1801 1648 1839 sua
1683 1785 1734 1838 in
1767 1784 2018 1838 homines
2045 1783 2317 1838 charitate

725 1874 893 1928 homo
925 1885 980 1930 et
1007 1877 1269 1946 appellari
1296 1887 1353 1932 ct
1378 1879 1491 1933 lieri
1527 1878 1782 1946 dignatus
1815 1890 1920 1933 est.

2502 1048 2606 1102 III'.
2649 1051 2756 1102 Kal
2797 1051 3145 1119 ἀποκριθεὶς
3177 1056 3209 1106 ό
3252 1053 3531 1141 ἆγὶ-ελος,
3589 1053 3759 1109 εἶπεν
3812 1060 3968 1128 αὐτῇ
3999 1077 4009 1087 ·

2434 1142 2678 1209 Πνεῦμα
2709 1142 2886 1211 ἅγιον
2923 1145 3319 1199 ἐπελεύσεται
3345 1147 3439 1198 ἐπὶ
3493 1147 3587 1211 σὲ,
3617 1148 3710 1200 καὶ
3757 1150 4014 1220 δύναμίς

2438 1231 2544 1301 ’Υιῤ
2559 1236 2734 1287 ίστου
2757 1235 3100 1288 ἐπισκιάσει
3125 1252 3224 1288 σοι
3254 1253 3267 1266 ·
3299 1237 3392 1288 διὸ
3412 1238 3507 1291 καὶ
3532 1242 3598 1290 τὸ
3631 1243 4014 1308 γεννώμενον

2423 1323 2615 1393 ίὶγιον,
2641 1325 3008 1392 κληθήσεται
3045 1326 3172 1390 Υἱὸς
3193 1328 3362 1382 Θεοῦ.
3385 1331 3496 1381 Οὐκ
3528 1331 3656 1398 ἔχω,
3691 1335 3843 1400 φησι,
3872 1352 4006 1386 καιτ-

2421 1416 2683 1486 αλλήλους
2723 1415 2902 1468 δοῦναι
2932 1416 3008 1486 τῷ
3059 1419 3346 1488 μυστηρίῳ
3371 1420 3552 1488 φωνάς
3574 1439 3589 1452 ν
3624 1423 3717 1475 καὶ
3743 1423 3831 1475 διὰ
3851 1426 4016 1480 τοῦτο

2423 1515 2532 1572 τοῖς
2563 1512 2621 1577 ἐξ
2649 1511 2955 1581 ἀνθρώπων
2990 1514 3049 1564 ὲν
3079 1515 3195 1574 τοῖς
3227 1512 3369 1582 ὑπὲρ
3409 1514 3701 1584 ἄνθρωπον
3757 1518 4014 1591 χριῖμαι.

2428 1602 2635 1664 Ἀλλως
2665 1619 2725 1655 τε
2758 1604 2854 1654 καὶ
2905 1604 3136 1666 ἀπεικὸς
3165 1604 3318 1656 οὐδὲν
3345 1607 3453 1657 τῶν
3500 1606 3762 1658 τοιούτων
3810 1605 4024 1662 κοινωέ

2419 1697 2533 1744 νεῖν
2574 1695 2884 1763 ὀνομάτων,
2927 1694 2986 1756 ὃς
3046 1695 3189 1765 ὑπὲρ
3251 1696 3532 1764 ἀφράστου
3575 1697 3996 1768 φιλανθρωπίας

2416 1785 2706 1855 ἄνθρωπος
2739 1786 2834 1838 καὶ
2893 1785 3166 1855 κληθῆναι
3202 1786 3530 1857 κατηξίωσε,
3592 1789 3688 1842 καὶ
3723 1793 4005 1857 γενέσθαι.

795 1963 936 2019 Vere
965 1966 1133 2036 igitur
1169 1968 1466 2037 concipies,
1497 1978 1551 2020 et
1589 1969 1668 2039 (in
1698 1983 1807 2036 quo
1834 1982 2077 2036 praesens
2117 1974 2319 2036 myste-

2499 1965 2772 2035 Σύλληψις
2799 1964 2892 2018 οὖν
2917 1965 3144 2036 ἀληθὴς,
3178 1969 3271 2018 καὶ
3307 1969 3399 2030 σός
3434 1969 3584 2020 ἐστιν
3616 1969 3729 2030 alb;
3762 1969 4006 2038 ἀληθῶς,

723 2055 872 2108 rium
907 2058 1131 2120 residet)
1158 2073 1287 2111 vere
1323 2059 1416 2112 tibi
1447 2057 1593 2111 lilins
1636 2059 1763 2111 erit.
1795 2058 1986 2111 Modus
2014 2066 2219 2121 autem,
2249 2058 2315 2111 de

723 2160 834 2213 quo
859 2147 1080 2215 quaaris,
1109 2148 1197 2201 hic
1227 2157 1311 2202 est
1337 2164 1352 2202 :
1381 2147 1611 2218 Spiritus
1647 2159 1862 2202 sanctus
1908 2152 2235 2218 superveniet
2263 2152 2313 2201 in

723 2246 807 2300 te;
853 2239 1070 2308 ideoque
1130 2243 1356 2310 etquod
1404 2253 1650 2294 nascetur
1701 2255 1978 2306 sanctum,
2029 2241 2131 2294 etsi
2177 2241 2318 2294 lilius

723 2335 873 2394 tuus,
907 2339 1088 2385 tamen
1117 2332 1284 2385 etiam
1315 2333 1408 2386 Dei
1438 2330 1610 2386 Filius
1636 2333 1928 2386 vocabitur.
1965 2333 2101 2386 Audi
2129 2332 2314 2403 igitur,

719 2417 839 2483 lilia
893 2419 1040 2489 (nam
1093 2431 1146 2476 te
1194 2438 1408 2477 mecum
1445 2435 1501 2478 et
1547 2427 1816 2494 propheta
1870 2426 2152 2488 exorat",
2205 2427 2314 2495 jam

723 2512 855 2564 olim
893 2514 1066 2566 dubio
1121 2515 1312 2582 procul
1347 2516 1452 2569 hoc
1493 2517 1741 2579 edoctus,
1784 2515 1930 2584 quod
1973 2532 2121 2570 nunc
2165 2533 2192 2570 a
2229 2533 2314 2570 me

721 2601 790 2657 de
821 2603 926 2656 hoc
960 2607 1217 2675 mysterio
1249 2607 1513 2674 scitaris),
1542 2616 1592 2659 et
1622 2607 1822 2661 inclina
1855 2625 2037 2661 aurem
2065 2619 2232 2672 tuam,
2264 2621 2312 2662 et

721 2695 1020 2752 obliviscere
1078 2699 1315 2753 humana
1369 2700 1786 2754 ratiocinatione
1833 2715 1907 2754 ea'
1942 2703 2309 2770 perpendere,

721 2804 843 2858 quae
877 2792 1178 2844 humanum
1208 2793 1460 2846 ordinem
1491 2792 2040 2862 praetergrediuntur,
2069 2802 2123 2846 et
2145 2793 2311 2846 simul

721 2880 1050 2935 obliviscere
1086 2896 1430 2950 quaacunque
1451 2882 1518 2935 ad
1546 2893 1826 2952 paternam
1861 2891 2004 2936 tuam
2031 2895 2082 2936 et
2112 2899 2313 2953 cogna-

721 2982 832 3023 tam
879 2972 976 3025 tibi
1011 2975 1231 3026 (iunium
1281 2974 1577 3041 pertinent,
1615 2975 1739 3039 quia
1781 2977 2071 3043 concupivit
2105 2991 2195 3027 rex
2229 2979 2315 3027 de-

718 3077 896 3114 corem
953 3074 1123 3127 tuum,
1185 3073 1241 3117 et
1290 3074 1516 3133 propter
1565 3077 1616 3120 te
1663 3080 1836 3134 genus
1886 3067 2186 3120 humanum
2244 3068 2312 3120 ab

718 3154 919 3207 acerba
951 3158 1224 3209 sententia
1256 3156 1386 3208 olim
1415 3157 1626 3225 prolata
1670 3157 1868 3209 liberat
1897 3157 1998 3223 (5).
2031 3165 2087 3210 ct
2116 3173 2308 3228 super.

718 3248 1055 3304 naturalium
1091 3251 1392 3317 gratiarum
1445 3249 1710 3318 fulgorem
1759 3265 1854 3317 per
1883 3265 2077 3304 omnes
2118 3252 2307 3304 mundi

722 3335 860 3390 lines
915 3338 1180 3390 hodierna
1234 3339 1323 3392 die
1369 3338 1648 3393 ditI‘undit.
1709 3339 1775 3392 Et
1821 3356 1955 3402 ecce,
2011 3341 2156 3410 quod
2211 3342 2308 3394 tibi

720 3439 1046 3499 argumento
1078 3432 1151 3484 sit
1181 3445 1310 3484 vera
1340 3446 1462 3484 esse
1493 3447 1612 3500 qua:
1663 3431 1878 3500 loquor,
1923 3435 2088 3486 etiam
2129 3433 2308 3487 Elisu-

721 3519 836 3574 betli
871 3532 1096 3591 cognata
1129 3531 1220 3574 tua
1249 3531 1294 3574 et
1326 3523 1442 3592 ipsa
1487 3525 1718 3588 concepit
1769 3523 1939 3592 ﬁlium
1967 3525 2021 3577 in
2047 3536 2309 3579 senectute

719 3627 858 3675 sua;
895 3624 942 3665 et
970 3615 1053 3665 hic
1085 3614 1274 3666 mensis
1307 3623 1483 3667 sextus
1510 3621 1585 3667 est
1616 3613 1717 3676 illi,
1755 3629 1872 3680 qua:
1908 3625 2124 3669 vocatur
2152 3620 2310 3669 steri-

2421 2057 2482 2108 τὸ
2508 2060 2685 2126 παρὸν
2719 2060 3043 2127 μυστήριον.
3094 2058 3151 2109 '0
3209 2058 3263 2110 δὲ
3297 2063 3520 2127 τρόπος,
3557 2061 3800 2128 Πνεῦμα
3829 2063 4005 2130 ἅγιον

2419 2151 2812 2204 ἐπελεύσεται
2835 2150 2930 2203 ἐπὶ
2957 2149 3053 2210 σὲ,
3081 2149 3172 2201 διὸ
3195 2151 3290 2202 καί
3320 2150 3384 2202 τὸ
3413 2151 3784 2216 γεννώμενοι·
3805 2154 4002 2222 ἅγιον,

2421 2244 2468 2294 εί
2504 2246 2598 2294 καὶ
2631 2247 2720 2304 σὸς
2757 2243 2894 2304 υίὸς,
2935 2243 3070 2295 ἀλλὰ
3109 2241 3205 2293 καὶ
3243 2243 3371 2307 Υὲιῖς
3425 2243 3576 2295 Θεοῦ
3603 2244 4001 2310 κληθήσεται.

2425 2333 2728 2387 Ἄκουσον
2780 2335 2986 2397 τοίνυν,
3031 2336 3306 2402 θύγατερ,
3372 2337 3492 2402 μετ’
3548 2335 3687 2402 ἐμοῦ
3725 2337 3784 2388 σὲ
3819 2347 3914 2390 καὶ
3977 2341 4007 2390 ὁ

2420 2424 2706 2490 προφήτης
2761 2421 2927 2488 ἀξιοῖ,
2965 2425 3066 2491 τὴν
3129 2424 3230 2488 σὴν
3271 2425 3410 2493 πρὸς
3464 2426 3566 2493 ἐμὲ
3619 2428 3747 2494 περὶ
3805 2429 4001 2482 τούτου

2419 2513 2648 2583 ζήτησιν
2682 2515 2899 2576 πάντως
2943 2514 3307 2584 προμυηυεὶς.
3347 2517 3442 2568 καὶ
3496 2517 3712 2568 κλῖνον
3765 2519 3830 2571 τὸ
3881 2515 3994 2585 οὖς

2404 2593 2554 2668 σου,
2586 2606 2684 2659 καί
2735 2605 3027 2659 ἐπιλάθου
3080 2606 3176 2659 τοῦ
3241 2606 3364 2658 κατ’
3389 2606 3679 2675 ἄνθρωπον
3733 2625 3801 2659 τα
3858 2612 4004 2680 ὑπὲρ

2417 2697 2712 2766 ἄνθρωπον
2778 2697 3222 2764 συλλογίζεσθαι,
3273 2699 3367 2750 καὶ
3425 2699 3523 2749 ὅσα
3575 2698 3674 2765 τῆς
3721 2703 4004 2771 πέτρικῆς

2417 2789 2535 2839 ἐστι
2569 2791 2666 2856 σῆς
2721 2787 2818 2839 καὶ
2877 2788 3178 2856 συγγενοῦς
3217 2790 3418 2853 οἰκίας,
3472 2789 3559 2840 ὅτι
3605 2793 3637 2842 ό
3692 2790 4001 2859 ,ϐασιλεὺς

2416 2880 2524 2932 τοῦ
2552 2881 2668 2933 σοῦ
2705 2880 2978 2943 κάλλους
3007 2881 3371 2947 ἐπεθύμησε,
3408 2882 3498 2933 καὶ
3537 2881 3626 2934 διὰ
3663 2883 3720 2934 σὲ
3745 2884 3806 2936 τὸ
3845 2887 4005 2951 γένος

2415 2959 2514 3039 τῆς
2544 2973 2676 3042 πρὶν
2703 2972 2976 3042 ὀδυνηρᾶς
3025 2969 3140 3023 λύει
3194 2973 3400 3040 ψήφου,
3431 2975 3523 3024 καὶ
3566 2974 3870 3044 ὑπερῳυεϊς
3904 2981 4004 3045 σή-

2419 3080 2584 3132 μερον
2646 3062 2952 3131 ἐπιλάμπει
2998 3066 3112 3125 τοῖς
3154 3064 3356 3128 πέρασι
3397 3063 3654 3131 χάριτας.
3721 3066 3876 3118 Ἰδοὺ
3909 3067 4001 3128 δὲ,

2416 3155 2598 3216 πίστις
2656 3172 2739 3206 σοι
2788 3155 2897 3206 τῶν
2939 3153 3089 3223 ὲμῶν
3122 3154 3408 3222 ῥημάτων,
3461 3156 3554 3206 καὶ
3606 3157 3922 3210 Ἐλισάϐετ
3963 3161 3996 3223 ii

2416 3247 2716 3316 συγγενής
2750 3263 2889 3312 σου,
2940 3247 3037 3299 καί
3094 3245 3249 3312 αὐτὴ
3297 3247 3702 3314 συνειληφυῐα
3749 3249 3885 3301 υἱὸν
3929 3251 4002 3300 ἐι-

2418 3339 2584 3405 γήρει
2609 3339 2800 3406 αὐτῆς
2827 3356 2848 3389 ’μ
2879 3337 2978 3391 και
3026 3333 3206 3402 οὗτος
3227 3338 3353 3406 μὴν
3378 3338 3555 3403 ἕκτος
3611 3338 3785 3392 ἐστίν
3840 3339 4004 3407 αὐτῇ

2418 3429 2492 3497 τῇ
2523 3430 2865 3499 καλουμένῃ
2897 3429 3106 3496 στείρᾳ
3130 3444 3145 3457 ·
3174 3428 3261 3482 ὅτι
3291 3431 3399 3482 οὐκ
3432 3429 3806 3494 ἀδυνατήσει
3835 3435 3998 3497 παρὰ

2419 3522 2498 3586 τῷ
2528 3520 2650 3584 Θεῷ
2681 3518 3017 3588 πὰνρἦμα.
3055 3520 3148 3587 Μὴ
3196 3520 3400 3581 τοίνυν,
3459 3518 3756 3588 ἐπιδημίαν
3802 3521 3860 3571 ἐν
3905 3522 3993 3572 σοὶ

2417 3614 2552 3666 θεοῦ
2584 3612 2886 3681 πυθομένη,
2918 3613 2978 3664 τὸ
3014 3610 3126 3672 πῶς
3161 3611 3430 3680 ἐπιζήτει.

725 3708 809 3773 lis,
843 3709 967 3777 quia
999 3725 1101 3760 non
1132 3711 1230 3761 erit
1265 3708 1580 3778 impossibile
1626 3711 1768 3780 apud
1806 3708 1970 3762 Deum
2012 3727 2164 3764 omne
2194 3711 2407 3765 verbum
2431 3713 2496 3765 ⁷⁵.
2528 3711 2604 3764 Ne
2634 3711 2818 3780 igitur,
2873 3706 2970 3761 Dei
3001 3705 3231 3760 audiens
3294 3705 3346 3758 in
3413 3714 3464 3758 te.
3494 3704 3809 3773 adventum,
3879 3723 4006 3761 mo-

723 3801 855 3855 dum
884 3802 1164 3869 exuuiras.

794 3893 939 3948 XIX.
980 3895 1124 3949 Dixit
1153 3905 1326 3949 autem
1364 3895 1546 3950 Maria
1588 3913 1605 3948 :
1641 3896 1776 3950 Ecce
1818 3897 2018 3952 ancilla
2069 3898 2306 3963 Domini,

728 3984 827 4052 ﬁat
857 3986 982 4040 mihi
999 3988 1280 4040 secundum
1302 3988 1511 4042 verbum
1537 3998 1686 4041 tuum
1715 3989 1782 4040 ⁷⁷.
1808 3989 1957 4059 Euge
1987 3991 2305 4059 prmclaram

726 4081 1145 4147 responsionem
1183 4081 1197 4132 l
1239 4079 1386 4150 Euge
1435 4079 1840 4149 praaclariorem
1895 4082 2305 4150 c0gitatiouem,

727 4184 849 4237 qua:
893 4169 961 4222 ad
1016 4170 1278 4223 miracula
1327 4170 1542 4224 edenda
1590 4171 1704 4238 jam
1755 4170 2117 4240 praeordinata
2149 4181 2309 4224 antea

729 4261 951 4313 fuerat!
1002 4259 1214 4325 Qualis,
1267 4260 1469 4330 inquit,
1510 4260 1699 4314 futura
1733 4269 1881 4316 esset
1931 4262 2312 4330 conceptionis

730 4350 900 4413 ratio,
932 4349 1276 4416 sciscitabar,
1319 4367 1444 4404 cum
1493 4351 1597 4406 hoc
1632 4353 1834 4420 ipsum,
1867 4354 2159 4421 conceptio
2207 4353 2313 4406 sci-

727 4440 875 4503 licet,
895 4442 1120 4496 auribus
1145 4445 1283 4497 meis
1310 4443 1613 4497 insonaret.
1639 4442 1777 4498 Cum
1810 4459 1940 4498 vero
1973 4445 2041 4498 de
2069 4443 2311 4513 Spiritus

2483 3893 2584 3948 ιε’.
2614 3889 2760 3945 Eine
2787 3889 2855 3940 δὲ
2901 3885 3136 3954 Μαριάμ
3171 3902 3184 3915 ·
3242 3884 3395 3939 Ἰδοὺ
3432 3885 3467 3952 ἡ
3510 3886 3699 3954 δούλη
3747 3890 4001 3958 Κιερίοιι,

2417 3987 2647 4056 γένοιτό
2659 3999 2760 4051 μοι
2780 3977 2928 4034 κατὰ
2945 3979 3004 4030 τὸ
3017 3973 3182 4044 ῥῆμά
3208 3992 3344 4029 σου.
3367 3971 3504 4042 Εὖγε
3522 3975 3619 4044 τῆς
3634 3980 3966 4047 ἀποκρίσεω,
3979 4019 4006 4047 ,

2415 4077 2690 4144 ὐπέρευγε
2709 4071 2808 4139 τῆς
2829 4067 3088 4129 διανοίας,
3105 4069 3139 4135 ἢ
3160 4067 3224 4116 τὰ
3253 4065 3541 4132 θαυμαστὰ
3563 4067 4006 4136 προηυτρέπιστο

2413 4164 2658 4220 τίκτεινῑ
2695 4161 2815 4223 [ιὼς
2844 4159 3016 4223 ἔσται,
3052 4161 3236 4226 φησιν,
3264 4158 3290 4208 ὁ
3317 4156 3515 4223 τρόπος
3552 4157 3650 4224 τῆς
3684 4158 4001 4228 συλλήψεως

2415 4260 2670 4328 ἐζήτουν,
2696 4253 2853 4307 τοῦτο
2901 4249 3058 4312 αὐτὸ,
3091 4247 3382 4316 σύλληψιν,
3433 4251 3790 4320 ὲνηχουμένη,
3845 4252 4007 4305 Ἐπεὶ

2414 4353 2472 4404 δὲ
2503 4351 2819 4418 Πνεύματος
2851 4345 3012 4411 ἁγίου
3035 4342 3325 4394 ὲπέλευσιν
3385 4343 3620 4412 ἀκήκοα,
3657 4344 3754 4395 οὐκ
3821 4345 4005 4413 ἀμφι-

2419 4444 2620 4498 ϐάλλω.
2657 4438 2996 4508 Πειθομένην
3025 4434 3190 4503 ἔχεις,
3221 4436 3285 4484 ὲκ
3349 4433 3474 4485 νέου
3517 4433 3650 4485 Θεὸν
3701 4434 4008 4503 ποθοῦσαν,

727 4534 909 4588 sancti
969 4533 1211 4588 adventu
1265 4526 1598 4597 audiverim,
1639 4535 1778 4588 nihil
1821 4536 2056 4604 amplius
2087 4535 2305 4589 dubito.

2417 4538 2510 4590 καὶ
2552 4533 2689 4587 Θεοῦ
2722 4530 2863 4601 πλὴν
2888 4529 3018 4582 ἄλλο
3052 4522 3468 4594 φανταζομένην
3499 4527 3688 4594 μηδέν’
3743 4530 3836 4579 καὶ
3872 4528 4002 4580 δου-

728 4624 1137 4694 Obsequentem
1173 4627 1286 4696 jam
1320 4627 1530 4691 habes;
1566 4641 1597 4680 a
1629 4628 1831 4681 tenella
1880 4628 2027 4681 enim
2071 4636 2229 4682 artate
2258 4629 2312 4682 in

727 4715 902 4770 Dcmn
959 4717 1279 4771 ferebantur
1330 4719 1606 4774 desideria
1663 4735 1807 4781 mea,
1856 4733 1922 4773 ac
1967 4719 2108 4774 nihil
2161 4719 2313 4772 aliud

729 4818 930 4874 prater
987 4808 1157 4860 Deum
1219 4809 1405 4863 anitno
1443 4824 1564 4863 tneo
1612 4809 2054 4875 obversabatur;
2108 4810 2314 4878 Deique

733 4899 1003 4952 voluntati
1032 4900 1314 4954 deservire
1333 4901 1544 4970 jamdiu
1574 4910 1725 4955 certa
1744 4899 2144 4955 deliberatione
2172 4917 2314 4971 prae-

731 4991 1039 5045 stitueram.
1090 4990 1375 5060 Tanquam
1423 4992 1590 5059 igitur
1635 4991 1854 5046 Domini
1906 4992 2130 5056 ancilla,
2185 5007 2315 5046 ecce

729 5089 1116 5141 salutationem
1161 5095 1415 5156 prompto
1451 5087 1636 5140 animo
1685 5086 2024 5155 amplector:
2071 5085 2164 5138 liat
2229 5088 2340 5157 jam
2384 5085 2544 5148 mihi,
2589 5101 2621 5136 ο
2665 5084 2880 5153 angele,
2929 5082 3076 5152 quod
3120 5081 3409 5136 nuntiasti.

730 5184 1069 5252 impossibile
1100 5199 1223 5240 esse
1249 5193 1305 5238 et
1334 5184 1451 5255 ipsa
1484 5195 1664 5238 tecum
1697 5185 2000 5254 proclamo.

806 5303 850 5332 "
878 5303 1016 5357 Inc.
1044 5320 1084 5366 ι,
1131 5303 1221 5358 35.
1273 5303 1459 5359 Codex
1501 5303 1890 5358 omittitvoces
1929 5306 1992 5355 ὲκ
2036 5302 2152 5355 eos.

2233 5304 2278 5334 ⁷⁸
2306 5303 2446 5357 Psal.
2488 5316 2628 5361 XLIV,
2669 5299 2755 5362 Η,
2794 5297 2879 5350 12.

2416 4629 2629 4681 λεύσειν
2665 4622 2800 4677 Θεοῦ
2863 4621 3162 4691 βουλήματι
3221 4616 3392 4670 πάλαι
3451 4616 3845 4687 προελομένην.
3912 4620 4009 4682 Ὠς

2416 4717 2576 4785 δούλη
2605 4714 2785 4768 τοίνυν
2841 4711 3072 4781 Κυρίου,
3112 4708 3218 4760 ἰδοὺ
3275 4707 3568 4777 προθύμως
3600 4709 3892 4762 ὑποπίπτω
3924 4711 4010 4780 τῷ

2417 4809 2718 4878 ἀσπασμῷ
2781 4807 2996 4874 γένοιτό
3048 4824 3139 4877 μοι
3186 4807 3371 4858 λοιπὸν
3403 4807 3464 4858 τὸ
3512 4806 3602 4858 σὺν
3657 4807 4009 4876 εὐαγγέλιον,

2419 4899 2641 4966 ἄγγελε.
2707 4897 3015 4949 ’Λδυνατείν
3046 4897 3154 4966 γὰρ
3187 4896 3336 4966 παρὰ
3362 4894 3444 4963 τῷ
3469 4893 3588 4964 Θεῷ
3613 4895 3804 4965 μηδὲν,
3858 4909 4006 4963 συμ-

2422 4990 2737 5058 φθέγγομαι
2766 4992 2857 5040 καὶ
2886 4989 3045 5057 αὐτή.

3487 5081 3635 5135 Nihil
3690 5081 3836 5135 enim
3893 5080 4011 5136 Deo

2958 5296 3002 5328 '°
3038 5295 3166 5350 Luc.
3215 5294 3360 5360 t,38,
3395 5293 3484 5348 37.
3564 5294 3608 5326 ⁷⁷
3643 5293 3780 5349 ibid.
3815 5295 3907 5350 58.

1989 5422 2131 5478 Aut.
2181 5417 2476 5478 Bahermi
2523 5423 2716 5476 notae.

815 5520 889 5583 iii)
923 5520 1064 5573 I'che
1097 5517 1194 5572 tibi
1225 5519 1520 5582 sententia,
1551 5518 1836 5573 tritissima
1870 5518 1958 5572 illa
2005 5519 2224 5587 quidem
2266 5518 2318 5571 in

735 5590 1125 5642 Ct't'It'slasllc‘iB
1157 5589 1470 5644 traditionis
1503 5589 1896 5652 monumentis,
1934 5597 1990 5642 at
2024 5589 2187 5643 simul
2239 5589 2322 5641 di-

736 5657 1040 5712 sortissime
1092 5674 1121 5711 a
1161 5672 1345 5714 reatus
1369 5659 1423 5713 in
1481 5674 1653 5729 genus
1682 5659 1983 5712 humanum
2039 5659 2318 5728 propagati

735 5729 1128 5781 communione
1161 5729 1439 5798 Virginem
1470 5731 1686 5783 beatam
1716 5730 1984 5783 eximens.
2019 5729 2136 5783 Non
2169 5729 2317 5784 eniin

739 5801 945 5866 patitur
984 5801 1058 5853 rei
1110 5809 1322 5865 natura,
1359 5811 1417 5854 ut
1462 5801 1635 5855 veteri
1678 5811 1834 5854 reatu
1887 5799 2212 5854 sordescens
2263 5809 2321 5854 et

2431 5517 2798 5572 exsecrationi
2839 5516 3074 5570 obnoxia
3107 5530 3231 5570 cum
3280 5514 3508 5582 reliquis
3562 5513 3653 5568 illa
3686 5525 4001 5577 censeatur,

2430 5591 2586 5656 cujus
2611 5589 3079 5656 pulchritudinem
3123 5601 3214 5639 rex
3252 5585 3492 5638 caelestis
3523 5600 3649 5656 cum
3678 5584 3871 5652 diligat
3914 5601 4009 5640 ve-

2429 5655 2862 5719 hementissime,
2889 5659 2952 5709 ad
2984 5669 3331 5709 communem
3357 5657 3500 5707 illam
3526 5655 3743 5708 sordem
3777 5657 3977 5708 abluen
3995 5687 4010 5696 -

2427 5729 2573 5786 dam.
2629 5738 2683 5780 et
2745 5729 2997 5781 acerbam
3035 5726 3359 5780 sententiam
3418 5726 3734 5778 solvendae:
3789 5740 4010 5793 νει-ιιιοο

2429 5809 2638 5854 teatur.
