4258 6364
751 399 840 471 111

1821 410 1924 470 ISl
1937 409 2120 470 DORI
2165 407 2459 470 TIIESSA
2470 407 2928 470 LONICENSIS

3919 411 4024 474 112

743 534 934 591 gyrum
985 522 1309 590 repetebant
1365 526 1422 574 et
1476 519 1639 574 simul
1692 533 1819 573 cum
1869 517 2027 573 chori
2079 518 2330 590 principe
2359 532 2406 588 Α

2359 532 2406 588 Α
2435 518 2531 574 καὶ
2587 517 2891 572 ἀνείλιττον
2949 517 3041 572 καὶ
3092 517 3391 589 ἀνύμνουν,
3450 520 3547 572 xa‘t
3583 520 4023 591 συνεφθέγγοντο

741 611 1092 666 accinebant.
1147 609 1324 664 Tanta
1379 609 1596 664 scilicet
1650 609 1964 679 purissima:
2019 611 2168 666 illius
2208 627 2327 666 ma-

741 701 1063 770 gniﬁcentia
1095 708 1235 764 erat,
1274 710 1331 754 et
1365 701 1473 754 hoc
1501 710 1662 770 pacto
1693 717 1722 754 a
1754 702 2028 756 creaturis
2060 703 2330 756 universis

745 793 1024 862 Virginem
1057 792 1288 847 salutari
1337 793 1652 861 oportebat.
1688 793 1847 858 Quod
1890 794 1934 848 si
1969 810 2078 848 non
2121 795 2328 864 lingua,

745 893 968 952 propter
992 897 1114 936 eam
1140 897 1302 952 quam
1337 882 1578 936 diximus
1606 885 1876 938 rationem
1899 925 1914 949 ,
1947 893 2003 938 at
2039 894 2190 939 certe
2217 886 2330 939 fac-

745 973 814 1026 tis
861 973 1123 1042 gaudium
1184 988 1344 1026 suum
1395 983 1593 1044 cuneta
1643 974 2155 1041 manilestaverunt,
2205 993 2330 1032 cum

741 1061 810 1116 ad
846 1063 1280 1132 splendidiorem
1328 1062 1706 1119 conditionem
1752 1081 1871 1120 sese
1918 1078 2179 1136 provecta
2208 1085 2334 1138 per-

743 1162 1075 1217 senserunt;
1121 1164 1288 1224 atque
1325 1156 1399 1210 ita
1433 1167 1814 1212 creaturarum
1858 1161 2197 1215 universitas
2221 1163 2332 1216 ela-

745 1248 861 1302 rius
890 1247 1058 1302 etiam
1090 1265 1255 1318 quam
1286 1263 1386 1318 per
1434 1250 1636 1319 lingua:
1672 1253 2039 1307 ministerium
2071 1254 2334 1310 laudatis-

745 1338 899 1392 sinue
930 1338 1077 1391 illius
1107 1338 1378 1408 magnalia
1415 1339 1736 1393 celebravit.
1772 1339 1928 1405 Quod
1972 1342 2120 1395 enim
2153 1357 2332 1413 neque

745 1440 1015 1485 creaturae
1065 1445 1298 1500 quaeque
1351 1436 1674 1493 terrestres,
1711 1448 1893 1502 neque
1927 1433 2069 1496 aliae.
2118 1435 2164 1488 si
2211 1452 2332 1504 quae

745 1522 1038 1576 exstabant
1086 1531 1379 1586 creaturae,
1421 1530 1698 1590 poterant,
1729 1531 1838 1576 tam
1893 1541 2066 1595 prope
2121 1526 2334 1581 scilicet

745 1613 812 1666 ad
853 1613 1024 1667 Deum
1072 1611 1360 1674 accedere,
1394 1621 1454 1664 ut
1481 1612 1598 1666 haec
1629 1613 1852 1682 quidem
1884 1625 2058 1670 semet
2088 1617 2200 1670 Deo
2245 1632 2334 1672 se-

747 1704 872 1758 dem
907 1710 1277 1772 supponeret,
1317 1703 1410 1756 illa
1437 1717 1572 1757 vero
1606 1713 1864 1769 stratum,
1905 1716 1961 1760 ei
1987 1707 2093 1761 alia
2121 1708 2328 1773 cibum,

747 1793 853 1847 alia
893 1802 1081 1862 potum
1109 1833 1122 1855 .
1157 1801 1214 1846 et
1256 1793 1424 1847 alium
1455 1794 1560 1848 alia
1597 1810 1755 1848 usum
1789 1797 2080 1866 praeberet,
2119 1809 2176 1853 et
2226 1800 2330 1853 alia

2431 611 2510 681 τῷ
2542 611 2820 682 χοράρχῳ.
2857 610 3130 664 Τοσοῦτον
3162 611 3271 680 γάρ
3302 611 3364 664 τὸ
3397 612 3494 680 τῆς
3531 613 3814 682 πανάγνου
3850 633 4026 684 μεγα-

2434 706 2598 767 λεῖον,
2639 707 2734 757 καῖ
2763 705 2907 757 οὕτω
2946 706 3098 758 πᾶσα
3131 707 3165 774 ἡ
3203 705 3384 768 κτίσις
3440 709 3762 773 προσειπεῖν
3809 706 4020 776 ὤφειλε

2433 798 2498 866 τῇ
2543 795 2830 866 Παρθένῳ.
2903 796 3047 849 Ἀλλ’
3097 796 3146 848 εί
3202 796 3278 865 μὴ
3313 795 3554 868 γλώττῃ,
3609 797 3679 849 δι’
3710 796 3769 850 δν
3800 801 4024 868 εἴρηται

2433 887 2612 954 λόγον,
2652 871 2950 956 πράγμασι
3008 885 3064 938 δὲ
3115 886 3397 949 ἐδήλωσαν
3455 887 3554 955 τὴν
3610 889 3811 956 χαράν,
3843 889 3911 940 δι’
3947 882 4026 943 ὧν

2434 978 2666 1048 ᾔσθοντο
2701 978 2838 1047 πρὸς
2869 978 2929 1029 τὸ
2969 977 3328 1048 φαιδρότερον
3370 978 3587 1030 ἑαυτῶν
3620 979 4028 1048 μεταποιηοέν-

2434 1084 2542 1120 των
2569 1083 2582 1097 ·
2632 1068 2728 1119 καὶ
2773 1067 2950 1130 οὕτως
3014 1071 3048 1137 ἡ
3091 1067 3424 1137 δημιουργία
3461 1069 3612 1122 πᾶσα
3651 1069 3718 1120 τὰ
3758 1071 4029 1137 μεγαλεῖα

2434 1161 2531 1228 τῆς
2581 1161 2941 1229 πανυμνὴτου
2981 1160 3238 1227 γλώσσης
3289 1159 3621 1230 τρανότερον
3676 1159 4027 1228 διεκήρυξεν.

2442 1253 2506 1304 Ὃ
2560 1252 2671 1322 γάρ
2705 1253 2806 1305 οὐκ
2839 1253 2906 1305 ἂν
2940 1248 3051 1322 εἶχε
3094 1251 3205 1304 τῶν
3244 1254 3335 1304 ἐπὶ
3390 1254 3493 1320 γῆς
3529 1253 3782 1318 ἕκαστον,
3813 1254 3922 1305 οὐδ’
3963 1253 4030 1306 ἂν

2435 1344 2562 1396 εἴτι
2610 1345 2704 1398 καὶ
2740 1345 3006 1412 ἐγεγόνει,
3033 1345 3199 1412 ὲγγὺς
3221 1342 3364 1396 οὕτω
3396 1343 3531 1396 Θεοῦ
3583 1345 3856 1412 γενέσθαι,
3883 1344 4031 1398 ὥστε

2434 1437 2463 1488 ὃ
2513 1438 2612 1507 μὲν
2642 1438 2806 1490 ἑαυτὸ
2837 1436 3113 1506 καθέδραν
3155 1435 3441 1489 ὑποθεῖναι
3469 1436 3612 1506 Θεῷ,
3666 1437 3694 1489 δ
3728 1437 3784 1489 δὲ
3812 1437 4031 1504 κλίνην,

2437 1527 2531 1578 καὶ
2562 1524 2771 1594 τροφὴν
2807 1524 2957 1586 ἄλλο,
2997 1526 3163 1577 ποσὶν
3193 1525 3251 1577 δὲ
3313 1527 3522 1595 ἕτερον,
3581 1526 3750 1596 ἄλλην
3779 1543 3838 1579 τε
3899 1527 4035 1580 ἄλλο

2437 1619 2634 1688 χρῆσιν
2659 1618 2754 1670 καὶ
2788 1617 2919 1671 ἄλλο
2955 1615 3208 1684 γλώττης
3237 1617 3461 1670 ἀκούειν
3496 1618 3691 1689 οεῖκὴν
3727 1619 4028 1688 διηχούτης

2435 1706 2744 1779 ενέρςειαν,
2826 1708 3115 1778 ἄνθρωπος
3165 1708 3224 1762 δὲ
3277 1707 3374 1761 καὶ
3407 1709 3600 1776 λόγων
3657 1711 3754 1762 καὶ
3807 1711 4026 1778 διαὲτης

2437 1800 2766 1870 κοινωνῆσαι
2845 1799 3006 1868 Θεῷ,
3098 1800 3196 1853 καὶ
3272 1799 3415 1852 οὕτω
3493 1803 3672 1852 πάντα
3727 1799 3806 1867 τῷ
3891 1800 4034 1868 ξένῳ

747 1883 988 1952 linguam
1015 1882 1221 1936 divinis
1253 1869 1495 1936 motibus
1521 1895 1875 1939 resonantem
1898 1885 2137 1948 audiret,
2171 1892 2334 1940 [ionio
2364 1881 2411 1940 B

2364 1881 2411 1940 Β
2439 1869 2868 1962 λαμπρυνθῆναι
2922 1891 3208 1962 ἁγιασμῷ,
3237 1893 3433 1946 τούτου
3474 1894 3648 1964 ῥᾷστα
3679 1892 3775 1946 καὶ
3803 1891 4033 1945 ὁτουοῦν

749 1988 882 2026 vero
929 1982 986 2027 et
1019 1986 1307 2026 sermones
1365 1979 1420 2024 et
1471 1987 1822 2026 communem
1883 1974 2010 2028 vine
2061 1977 2331 2031 rationem

751 2080 876 2118 cum
908 2065 1021 2118 Deo
1054 2063 1302 2127 haberet,
1339 2070 1395 2117 et
1425 2063 1503 2118 sic
1537 2063 1723 2117 omnia
1755 2080 1895 2118 nova
1936 2066 2040 2119 hac
2085 2068 2332 2121 sanctiﬁ-

748 2155 964 2206 catione
994 2151 1462 2217 nobilitarcntur;
1497 2152 1614 2207 hzec
1632 2154 1813 2207 omnia
1845 2155 2102 2210 facillime
2125 2167 2181 2211 et
2209 2157 2336 2212 abs-

749 2262 857 2314 que
909 2245 1019 2298 ullo
1077 2245 1267 2299 labore
1305 2261 1403 2314 per
1449 2247 1796 2314 purissimam
1862 2247 2010 2301 illam
2069 2250 2334 2318 consequi

753 2345 1073 2407 potuerunt.
1120 2336 1444 2406 Quanquam
1498 2336 1645 2390 enim
1698 2353 1877 2407 neque
1920 2339 2030 2393 alio
2073 2341 2336 2396 translata

754 2430 998 2494 t'uerint,
1035 2443 1216 2499 neque
1247 2445 1277 2483 a
1316 2439 1587 2484 consueto
1615 2445 1808 2484 carum
1853 2441 1996 2487 statu
2040 2434 2333 2500 distractae,

2443 1982 2569 2052 δξχα
2609 1983 2773 2036 πόνου
2849 1985 3032 2053 τυχεῖν
3074 1983 3163 2037 διὰ
3215 1983 3317 2050 τῆς
3365 1984 3641 2050 πανάγνου
3694 1982 4030 2052 δεδύνηνται.

2443 2077 2599 2145 Μήτε
2650 2077 2761 2147 γὰρ
2796 2076 3034 2148 ἑτέρωσε
3067 2077 3481 2146 μεταστάντων,
3530 2079 3670 2146 μήτε
3697 2075 3808 2127 τῶν
3837 2075 4035 2127 εἰωθό-

2441 2182 2552 2220 των
2576 2165 3032 2236 διαζευχθέντων,
3066 2167 3192 2238 μήθ’
3215 2167 3389 2237 ἑτέρῳ
3438 2167 3818 2236 συντυχόντων
3869 2166 4036 2236 ἀήθει

2441 2256 2592 2324 τόπῳ
2649 2256 2682 2327 ἢ
2727 2257 2935 2327 τρόπῳ,
2969 2257 3104 2310 ἀλλὰ
3139 2256 3360 2311 πάντων
3396 2258 3483 2325 ἐφ’
3513 2257 3688 2310 ἆπασι
3737 2258 3882 2311 κατά
3919 2256 4036 2326 χώ-

2448 2363 2549 2416 ραν
2599 2347 2870 2415 μενόντων
2899 2363 2912 2378 ο
2969 2347 3088 2416 μετ’
3139 2349 3378 2416 αύτῶνὴ
3412 2348 3794 2418 πολυύμνητος
3842 2349 4038 2402 καινόν

2443 2455 2566 2490 τινα
2623 2439 2827 2506 τρόπον
2889 2440 3162 2509 ἑνωθῆναι
3209 2442 3301 2491 τ“.ν
3369 2441 3610 2510 Κτῖστην
3654 2442 3953 2509 πεποίηκε.

754 2537 934 2592 neque
971 2532 1066 2576 aut
1095 2523 1276 2578 locum
1340 2525 1509 2578 alium
1567 2534 1662 2578 aut
1713 2526 1872 2579 aliam
1926 2529 2251 2582 scbabcndi
2287 2531 2553 2586 rationem
2617 2534 2827 2587 sortitae
2875 2534 3008 2597 sint,
3055 2534 3152 2588 sed
3223 2549 3416 2588 omnes
3461 2536 3512 2588 in
3571 2551 3666 2591 sua
3731 2535 3862 2590 sede
3910 2550 4038 2604 per-

751 2615 1090 2680 manserint;
1157 2617 1247 2670 illa
1303 2625 1486 2670 tamen
1553 2619 1702 2671 omi
1783 2619 1944 2674 laude
2003 2620 2325 2691 dignissima
2369 2623 2533 2694 Virgo
2611 2641 2755 2678 novo
2804 2625 3043 2695 quodam
3079 2626 3243 2681 modo
3284 2626 3503 2690 ellecit,
3546 2636 3604 2680 ut
3644 2629 3870 2682 Greater
3907 2643 4034 2682 cum

755 2715 824 2768 iis
852 2715 1308 2783 conjungeretur,

827 2804 1022 2860 XXIX.
1065 2804 1192 2860 llaec
1225 2821 1391 2874 porro
1416 2815 1544 2860 sunt
1575 2807 1858 2864 hodierna:
1888 2810 2259 2867 solemnitatis
2289 2822 2345 2868 et

756 2899 963 2952 donum
999 2908 1055 2951 et
1113 2896 1346 2951 fructus.
1382 2897 1658 2953 Hodierna
1695 2902 1810 2956 lucc
1856 2903 2116 2958 salutatio
2173 2921 2346 2959 novo-

757 3005 880 3044 rum
935 2988 1332 3042 miraculorum
1404 2991 1655 3044 ell‘eetrix
1703 2994 1934 3048 exstitit.
1977 2995 2077 3050 llic
2132 2995 2346 3051 faustus

755 3080 1032 3135 Gabrielis
1089 3081 1322 3134 nuntius
1371 3080 1608 3135 alterum
1652 3083 1838 3152 priore
1909 3087 2342 3154 splendidiorem

758 3176 930 3228 solem
964 3177 1129 3231 rebus
1169 3175 1430 3229 onmibus
1461 3175 1591 3230 lceit
1621 3177 1962 3232 illucesccre.
2015 3180 2140 3233 litec
2190 3195 2342 3232 eom-

760 3267 1008 3336 pcllatio,
1064 3276 1386 3320 terrestrem
1445 3265 1768 3320 discindens
1813 3268 2141 3335 tuniculam,
2179 3268 2337 3320 in.lu-

758 3369 944 3413 mento
970 3358 1235 3413 divinitus
1270 3357 1551 3412 elaboran
1584 3358 1838 3412 homines
1885 3359 2338 3413 Cll'CllanCSlltil.

759 3451 884 3505 llaec
908 3451 1172 3504 allocutio
1217 3457 1301 3504 est
1331 3459 1580 3504 veterqu
1625 3451 1976 3520 aenigmatum
2025 3452 2340 3520 explicatio,

759 3555 816 3597 ct
880 3558 1148 3596 novarum
1206 3542 1434 3595 novellae
1499 3541 1676 3596 aetatis
1749 3543 2050 3612 gratiarum
2125 3543 2344 3596 exsistit

761 3638 1040 3706 splendor.
1073 3635 1196 3689 llaec
1223 3637 1308 3690 vel
1349 3645 1475 3690 ante
1509 3634 1831 3689 meonomia:
1857 3636 2102 3698 exitum,
2155 3634 2343 3688 Salva-

768 3731 905 3783 toris
933 3728 1150 3782 scilicet
1173 3726 1666 3788 resurrectionem,
1692 3725 2027 3778 venerandis
2056 3725 2162 3779 illis
2189 3727 2342 3788 viris,

763 3822 858 3891 qui
926 3819 1070 3889 apud
1126 3818 1332 3875 inferos
1386 3815 1694 3880 sedebant,
1744 3816 2110 3886 iucunditatis
2184 3833 2344 3871 causa

763 3910 980 3966 exstitit
1012 3921 1068 3964 et
1107 3909 1329 3964 laetitia.
1383 3909 1534 3961 Sicut
1588 3909 1735 3960 enim
1784 3907 1837 3960 in
1892 3915 2034 3961 terra
2082 3908 2346 3978 degentes

768 4005 909 4057 banc
938 4018 1070 4057 sane
1099 4001 1345 4058 omnium
1377 3999 1832 4069 jucunuissimam
1869 3999 2344 4054 annuntiationem

769 4096 1198 4165 praecinuerant,
1232 4093 1311 4146 sic
1345 4091 1494 4144 baud
1529 4091 1692 4159 plane
1727 4091 1928 4158 potuit,
1961 4101 2018 4143 ut
2058 4103 2215 4161 puto,
2251 4107 2346 4146 eos

769 4189 857 4242 vel
906 4189 960 4242 in
1015 4185 1204 4240 inieris
1254 4183 1640 4237 suavissimum
1697 4181 1802 4234 hoc
1851 4181 2106 4235 nuntium
2155 4182 2345 4239 latere.

770 4280 906 4332 tium
953 4291 1084 4330 vero
1128 4281 1470 4344 agnoverunt
1525 4271 1594 4326 de
1653 4286 1793 4324 nova
1840 4272 1929 4325 illa
1987 4273 2345 4340 allocutione,

767 4381 935 4438 atque
963 4382 1106 4430 eam,
1136 4380 1260 4418 cum
1291 4363 1510 4418 Gabriel
1541 4378 1707 4416 voces
1737 4362 1856 4416 illas
1902 4365 2170 4434 protulit,
2207 4382 2346 4435 quo-

771 4462 1066 4518 dammodo
1097 4462 1414 4528 audierunt,
1448 4476 1547 4531 par
1581 4475 1712 4514 sane
1751 4470 1868 4515 erat
1891 4501 1905 4524 ,
1953 4471 2014 4514 ut
2043 4459 2350 4530 gauderent

2519 2810 2650 2866 KB'.
2689 2810 2878 2863 Ταῦτα
2911 2811 2967 2863 δὲ
3004 2811 3104 2880 τῆς
3134 2811 3419 2881 παρούσης
3446 2812 3622 2882 δῶρον
3657 2814 3755 2865 καὶ
3783 2810 4038 2880 γέννημα

2447 2903 2833 2973 πανηγύρεως.
2877 2903 2936 2955 ’0
2970 2902 3064 2954 νῦν
3095 2904 3385 2972 ἀσπασμὸς
3418 2904 3528 2955 τῶν
3575 2905 3779 2970 καινῶν
3825 2904 4019 2971 γέγονε

2448 2981 2746 3064 θαυμάτων
2775 2995 3133 3065 δημιουργός.
3170 2995 3244 3046 Τὸ
3298 2994 3394 3046 τοῦ
3426 2994 3669 3066 Γαϐριὴλ
3713 2995 4037 3062 εὐαγγέλιον

2446 3088 2596 3156 ἥλιον
2652 3087 2833 3153 ἄλλον,
2891 3090 2983 3139 τὸν
3050 3087 3322 3156 προτέρου
3380 3087 3792 3158 λαμπρότερον,
3862 3089 4037 3140 πᾶσιν

2446 3178 2756 3247 ἐπιλάμψαι
2787 3178 3114 3247 πεποίηκεν.
3166 3176 3315 3247 Αὕτη
3347 3180 3380 3247 ή
3434 3179 3759 3247 προσλαλιὰ,
3796 3181 3888 3232 τὸν
3917 3185 4038 3250 χοῖ-

2448 3269 2542 3320 κδν
2592 3267 2937 3338 δισ.ῤῥήξασα
3004 3267 3354 3335 χιτωνίσκον,
3439 3267 3763 3337 θεουργικδν
3827 3270 4036 3340 ἔνδυμα

2449 3357 2775 3426 περιέϐαλλε
2832 3359 2958 3419 τοὺς
3020 3358 3368 3429 ἀνθρώπους.
3405 3358 3579 3411 Τοῦτο
3619 3359 3678 3411 τδ
3728 3361 4040 3432 πρόσρημ

2444 3451 2554 3501 τῶν
2589 3451 2722 3520 πρὶν
2769 3451 2868 3519 μὲν
2924 3451 3192 3520 κήρυγμα
3249 3452 3592 3520 αἰνιγμάτων
3617 3467 3630 3480 °
3683 3453 3820 3504 νέων
3854 3454 3910 3504 δὲ
3940 3453 4037 3505 νῦν

2446 3546 2696 3614 χαρίτων
2742 3545 3049 3614 ἀγλάϊσμα.
3095 3545 3269 3598 Τοῦτο
3303 3547 3399 3599 καὶ
3454 3547 3562 3616 πρὸ
3612 3547 3706 3598 τοῦ
3743 3548 4035 3618 συμπερά-

2450 3653 2678 3704 σματος,
2715 3636 2862 3704 λέγω
2890 3637 2946 3688 δὲ
2981 3636 3077 3703 τὴν
3111 3636 3205 3688 τοῦ
3265 3637 3520 3707 Σωτῆρος
3564 3638 3884 3703 ἀνάστασιν,
3918 3641 4035 3699 τοῖς

2447 3729 2600 3781 κάτω
2653 3732 2874 3798 σεμνοῖς
2926 3730 3182 3797 ἀνδράσιν
3217 3729 3382 3800 ἡδονὴ
3434 3735 3525 3783 καί
3558 3732 3750 3801 χαρίεν
3803 3734 4033 3800 κίνημα.

2462 3821 2548 3883 Ὠς
2583 3821 2692 3891 γὰρ
2734 3823 2825 3873 ἐπὶ
2868 3823 2974 3890 γῆς
3033 3816 3120 3874 οἷα
3175 3823 3455 3892 προφῆται
3509 3823 3669 3875 τοῦτο
3703 3823 3768 3894 δὴ
3800 3825 3860 3876 τὸ
3890 3827 4035 3876 παν-

2446 3930 2556 3966 των
2614 3913 2982 3983 χαριέστατον
3049 3913 3361 3982 διάγγελμα
3423 3915 3824 3983 προηγόρευον.
3890 3915 4039 3967 οὓτω

2448 4007 2513 4077 δὴ
2545 4007 2643 4059 καῖ¹
2671 4008 2728 4060 ἐν
2767 4007 2868 4078 ᾇδῃ
2923 4008 3163 4075 ἀγνοεῖν,
3223 4004 3402 4078 οἶμαι,
3453 4011 3553 4062 οὐκ
3606 4005 3752 4078 εἶχον
3793 4011 3853 4063 τὸ
3912 4027 4041 4082 τερ-

2451 4101 2721 4152 πνότατον
2757 4101 3104 4169 εὐαγγέλιον.
3161 4103 3387 4164 Εξδότας
3444 4103 3525 4166 δὲ,
3566 4105 3662 4157 καὶ
3695 4105 3798 4173 τῆς
3835 4106 4039 4175 καινῆς

2451 4191 2651 4261 ὥσπερ
2687 4193 2999 4261 ἀκηκοότας
3031 4195 3416 4263 προσρήσεως,
3442 4195 3531 4246 ὅτε
3560 4199 3585 4248 ὀ
3621 4196 3862 4266 Γαϐριὴλ
3895 4199 4041 4266 isquii-

2450 4302 2552 4350 νει,
2585 4285 2804 4354 χαίρειν
2848 4288 3000 4348 εἰκὸς
3042 4288 3142 4340 καὶ
3177 4289 3428 4358 σκιρτᾷν,
3467 4289 3549 4340 ὅτι
3584 4291 3679 4359 τὴν
3709 4291 4038 4358 ἐλευθερίαν

2451 4379 2683 4445 ἤγγικεν
2733 4379 3246 4450 ὲνοπτριζομένους.
3304 4380 3476 4434 Τοῦτο
3525 4382 3584 4433 τὸ
3640 4384 3884 4462 μήνυμα,
3943 4385 4035 4438 ἵνα

2456 4471 2530 4538 μὴ
2563 4471 2735 4525 πολλὰ
2767 4472 2932 4538 λέγω,
2987 4472 3221 4542 φαιδρὰν
3268 4474 3649 4543 ἀπειργάσατο
3698 4477 3879 4528 πᾶσαν
3933 4479 4041 4548 τὴν

768 4563 828 4609 et
863 4553 1225 4614 exsultarent,
1263 4552 1467 4621 quippe
1495 4550 1588 4619 qui
1621 4550 1924 4619 proximam
1967 4549 2352 4619 conspicerent
2385 4572 2428 4626 υ
2462 4561 2656 4616 κτίσιν,

771 4649 1106 4704 libertatem.
1141 4644 1251 4698 lloe
1277 4645 1530 4697 nuntium
1563 4642 1822 4713 denique,
1857 4658 1925 4698 ne
1954 4643 2109 4712 plura
2140 4643 2344 4706 dicam,

769 4741 1040 4799 creaturis
1073 4739 1332 4795 omnibus
1358 4736 1690 4792 hilaritatem
1720 4735 2057 4790 conciliavit.

841 4835 1014 4892 XXX.
1059 4835 1114 4890 Id
1161 4849 1293 4888 vero
1335 4833 1632 4902 perspicue
1664 4839 1900 4886 testatur
1943 4838 1998 4885 et
2045 4830 2160 4884 lucc
2202 4831 2346 4884 inter

769 4926 901 4979 anni
927 4930 1281 4991 tempestates
1307 4920 1702 4990 pulcherrima,
1737 4934 1859 4988 qua:
1889 4918 2053 4973 rebus
2092 4921 2351 4974 omnibus

771 5014 1285 5088 praestantissimam
1324 5021 1498 5066 status
1525 5012 1888 5066 mutationem
1921 5021 1975 5065 et
2005 5011 2176 5065 veluti
2221 5012 2346 5066 vitae

770 5105 1299 5176 rcdintegrationem
1343 5102 1586 5158 beneﬁce
1619 5102 1917 5172 elargitur,
1948 5102 2353 5169 quodammodo

775 5213 972 5266 nempe
997 5196 1362 5256 erubescens,
1397 5195 1441 5248 si
1477 5195 1683 5264 quibus
1719 5202 1903 5264 potest
1954 5193 2193 5254 indiciis,
2219 5194 2352 5248 illud

771 5288 953 5359 gaudii
990 5289 1246 5342 nuntium
1275 5285 1559 5355 splendide
1589 5284 1981 5339 celebrandum
2015 5300 2126 5338 non
2169 5295 2356 5339 osten-

777 5386 900 5444 dat;
948 5397 1012 5435 ac
1047 5396 1115 5434 ne
1139 5381 1265 5449 quis
1312 5393 1456 5441 eam,
1504 5387 1566 5431 ut
1608 5378 1682 5431 ita
1731 5375 1932 5441 dicam,
1987 5378 2357 5447 improbitatis

770 5477 1010 5535 incuset,
1075 5472 1407 5526 annuntiare
1437 5470 1727 5541 perspicue
1753 5486 1852 5526 sua
1899 5479 2189 5524 venustate
2241 5479 2357 5524 stu-

767 5569 883 5630 det,
914 5579 1061 5618 nunc
1090 5561 1226 5617 illud
1260 5562 1441 5617 redire
1477 5573 1714 5633 tempus,
1753 5577 1864 5632 quo
1918 5562 2186 5615 creaturis
2231 5577 2350 5614 om-

770 5656 936 5712 nibus
969 5655 1226 5725 gaudium
1258 5655 1488 5709 adulsit.

840 5747 906 5802 Et
934 5762 1065 5800 sane
1095 5761 1238 5800 nunc
1263 5747 1489 5807 nubem,
1524 5745 1690 5799 vcluti
1735 5745 1998 5815 gramiam
2031 5744 2346 5814 quamdam,

771 5855 800 5887 e
852 5838 1018 5892 radiis
1045 5837 1159 5893 suis
1195 5838 1275 5892 Sol
1310 5837 1543 5902 abradit,
1575 5836 2115 5906 splendidioremquc
2146 5837 2350 5892 emittit

2529 4829 2608 4881 A'.
2651 4829 3168 4898 Παρυπογρὰςρειδὲ
3209 4829 3270 4882 τὸ
3333 4831 3503 4896 says;
3548 4834 3643 4884 καὶ
3692 4834 3723 4902 ἡ
3773 4834 4023 4886 καλλέστέ

2455 4921 2563 4972 τῶν
2599 4921 2760 4989 ὡρῶν
2813 4921 2930 4990 ἥδε,
2961 4921 3027 4972 δι’
3061 4915 3136 4974 ὧν
3186 4925 3323 4974 πᾶσι
3381 4922 3670 4992 ,Εελτῖστην
3730 4925 4007 4996 μεταϐολὴ

2456 5016 2552 5064 καὶ
2581 5015 2884 5066 ἀναϐίωσιν
2912 5015 3076 5066 οἱονεὶ
3106 5015 3418 5084 χαρίζεται,
3471 5016 3662 5087 ὥσπερ
3718 5017 4028 5087 αἰδουμένη.

2459 5103 2509 5152 εἴ
2539 5119 2601 5169 γε
2639 5103 2714 5171 μὴ
2767 5102 3042 5172 λαμπρὸν,
3072 5102 3139 5156 δι’
3183 5101 3257 5156 ὧν
3289 5106 3405 5174 ἔχει
3439 5105 3676 5172 φαῖνειν,
3715 5106 3777 5157 τὸ
3810 5107 3910 5174 τῆς
3938 5125 4026 5175 χα-

2467 5199 2562 5265 ριῖς
2599 5199 2780 5250 ἐκεῖνο
2833 5201 3061 5270 μήνυμα
3115 5201 3396 5268 ἐπιδείξῃ·
3449 5202 3542 5254 καί
3583 5201 3658 5263 ὡς
3693 5203 3890 5265 εἰπεῖν,

2459 5289 2532 5376 μή
2565 5305 2650 5350 τις
2687 5289 3085 5358 ἀγνωμοσύνης
3118 5291 3288 5359 αὐτὴν
3317 5290 3612 5360 γράψαιτο,
3643 5295 3709 5362 τῇ
3739 5293 3867 5361 παρ’
3913 5296 4029 5344 ὲαυμ

2455 5379 2555 5446 τῆς
2584 5378 2822 5449 καλλονῇ
2854 5379 3078 5432 σπεύδει
3108 5380 3322 5449 τρανῶς
3375 5382 3725 5450 διαγγέλλειν
3757 5384 3832 5447 ὼς
3879 5377 4033 5447 οὗτός

2455 5471 2604 5522 ἑστιν
2661 5472 2688 5522 ὁ
2740 5471 2952 5538 καιρὸς,
3014 5472 3135 5523 καθ’
3188 5472 3246 5523 ὃν
3312 5475 3344 5541 ἡ
3412 5473 3762 5542 παγκόσμιος
3820 5476 4032 5548 ἐπέστη

2456 5564 2620 5629 χαρά.

2532 5746 2648 5799 Νῦν
2679 5746 2788 5817 γὰρ
2839 5747 2989 5816 ἥλιος
3043 5749 3141 5818 τῆς
3185 5750 3398 5812 ἀκτῖνος
3450 5754 3696 5822 ὡσπερεὶ
3727 5751 3909 5823 λήμην
3977 5759 4039 5806 τὶ

2463 5839 2697 5907 νειρῶδες
2725 5839 2969 5908 ἀποξέει,
2999 5844 3090 5894 καὶ
3122 5843 3516 5912 διαυγεστέραν
3546 5845 3738 5913 ἀφίησι
3780 5849 3879 5898 τὶν
3899 5845 4033 5901 λαιι-
