  <div class='ocr_page' id='page_1' title='image "/cluster/home/n/w/nwhite01/storage/ocr_20150623/139/nnc1.0046979840/074.png"; bbox 0 0 4256 6364; ppageno 0'>
   <div class='ocr_carea' id='block_1_1' title="bbox 201 408 306 472">
    <p class='ocr_par' dir='ltr' id='par_1_1' title="bbox 201 408 306 472">
     <span class='ocr_line' id='line_1_1' title="bbox 201 408 306 472; baseline -0.019 0"><span class='ocrx_word' id='word_1_1' title='bbox 201 408 306 472; x_wconf 80' lang='lat'><strong>113</strong></span> 
     </span>
    </p>
   </div>
   <div class='ocr_carea' id='block_1_2' title="bbox 994 404 2680 473">
    <p class='ocr_par' dir='ltr' id='par_1_2' title="bbox 994 404 2680 473">
     <span class='ocr_line' id='line_1_2' title="bbox 994 404 2680 473; baseline -0.002 0"><span class='ocrx_word' id='word_1_2' title='bbox 994 411 1257 473; x_wconf 64' lang='lat' dir='ltr'><strong>Sittith</strong></span> <span class='ocrx_word' id='word_1_3' title='bbox 1300 410 1377 471; x_wconf 83' lang='lat' dir='ltr'><strong>1N</strong></span> <span class='ocrx_word' id='word_1_4' title='bbox 1424 404 2125 469; x_wconf 74' lang='lat' dir='ltr'><strong>ANNUNTIATII)NEM</strong></span> <span class='ocrx_word' id='word_1_5' title='bbox 2173 410 2232 469; x_wconf 71' lang='lat' dir='ltr'><strong>ll.</strong></span> <span class='ocrx_word' id='word_1_6' title='bbox 2282 412 2344 470; x_wconf 70' lang='grc' dir='ltr'>ν.</span> <span class='ocrx_word' id='word_1_7' title='bbox 2392 410 2680 471; x_wconf 63' lang='grc' dir='ltr'><strong>ΜΑΗΙΛΞ.</strong></span> 
     </span>
    </p>
   </div>
   <div class='ocr_carea' id='block_1_3' title="bbox 3367 405 3470 469">
    <p class='ocr_par' dir='ltr' id='par_1_3' title="bbox 3367 405 3470 469">
     <span class='ocr_line' id='line_1_3' title="bbox 3367 405 3470 469; baseline -0.019 0"><span class='ocrx_word' id='word_1_8' title='bbox 3367 405 3470 469; x_wconf 75' lang='grc' dir='ltr'><strong>ιιι</strong></span> 
     </span>
    </p>
   </div>
   <div class='ocr_carea' id='block_1_4' title="bbox 194 518 1875 599">
    <p class='ocr_par' dir='ltr' id='par_1_4' title="bbox 194 518 1852 599">
     <span class='ocr_line' id='line_1_4' title="bbox 194 518 1852 599; baseline -0.001 -25"><span class='ocrx_word' id='word_1_9' title='bbox 194 524 429 591; x_wconf 81' lang='grc' dir='ltr'>πηδόνα,</span> <span class='ocrx_word' id='word_1_10' title='bbox 465 525 559 577; x_wconf 77' lang='grc' dir='ltr'>καὶ</span> <span class='ocrx_word' id='word_1_11' title='bbox 595 526 735 599; x_wconf 84' lang='grc' dir='ltr'>ὑπὲρ</span> <span class='ocrx_word' id='word_1_12' title='bbox 782 528 884 598; x_wconf 81' lang='grc' dir='ltr'>γῆν</span> <span class='ocrx_word' id='word_1_13' title='bbox 930 529 1161 597; x_wconf 81' lang='grc' dir='ltr'>ἄρχεται</span> <span class='ocrx_word' id='word_1_14' title='bbox 1222 527 1411 579; x_wconf 82' lang='grc' dir='ltr'>πλεῖον</span> <span class='ocrx_word' id='word_1_15' title='bbox 1448 536 1777 595; x_wconf 78' lang='grc' dir='ltr'>προσγειτο-</span> <span class='ocrx_word' id='word_1_16' title='bbox 1810 518 1852 573; x_wconf 76' lang='grc' dir='ltr'><strong>Α</strong></span> 
     </span>
    </p>
   </div>
   <div class='ocr_carea' id='block_1_5' title="bbox 1789 518 3470 599">
    <p class='ocr_par' dir='ltr' id='par_1_5' title="bbox 1810 518 3470 594">
     <span class='ocr_line' id='line_1_5' title="bbox 1810 518 3470 594; baseline -0.001 -21"><span class='ocrx_word' id='word_1_17' title='bbox 1810 518 1852 573; x_wconf 76' lang='grc' dir='ltr'><strong>Α</strong></span> <span class='ocrx_word' id='word_1_18' title='bbox 1883 520 2175 590; x_wconf 81' lang='lat' dir='ltr'><strong>fulgorem,</strong></span> <span class='ocrx_word' id='word_1_19' title='bbox 2200 540 2263 578; x_wconf 87' lang='lat' dir='ltr'><strong>ac</strong></span> <span class='ocrx_word' id='word_1_20' title='bbox 2296 525 2525 594; x_wconf 88' lang='lat' dir='ltr'><strong>propius</strong></span> <span class='ocrx_word' id='word_1_21' title='bbox 2552 533 2755 579; x_wconf 81' lang='lat' dir='ltr'><strong>terram</strong></span> <span class='ocrx_word' id='word_1_22' title='bbox 2804 537 3027 578; x_wconf 79' lang='lat' dir='ltr'><strong>cursum</strong></span> <span class='ocrx_word' id='word_1_23' title='bbox 3061 536 3222 575; x_wconf 88' lang='lat' dir='ltr'><strong>suum</strong></span> <span class='ocrx_word' id='word_1_24' title='bbox 3274 519 3470 589; x_wconf 75' lang='lat' dir='ltr'><strong>incipit</strong></span> 
     </span>
    </p>
   </div>
   <div class='ocr_carea' id='block_1_6' title="bbox 194 614 1780 688">
    <p class='ocr_par' dir='ltr' id='par_1_6' title="bbox 194 614 1780 688">
     <span class='ocr_line' id='line_1_6' title="bbox 194 614 1780 688; baseline -0.003 -19"><span class='ocrx_word' id='word_1_25' title='bbox 194 618 328 680; x_wconf 83' lang='grc' dir='ltr'>νεῖν,</span> <span class='ocrx_word' id='word_1_26' title='bbox 364 616 543 673; x_wconf 74' lang='grc' dir='ltr'>ἅπασι</span> <span class='ocrx_word' id='word_1_27' title='bbox 599 622 826 688; x_wconf 73' lang='grc' dir='ltr'>μονονοὺ</span> <span class='ocrx_word' id='word_1_28' title='bbox 877 620 1218 688; x_wconf 73' lang='grc' dir='ltr'><strong>προσφωνῶν</strong></span> <span class='ocrx_word' id='word_1_29' title='bbox 1254 618 1353 688; x_wconf 77' lang='grc' dir='ltr'>τὴν</span> <span class='ocrx_word' id='word_1_30' title='bbox 1383 617 1477 669; x_wconf 83' lang='grc' dir='ltr'><strong>τοῦ</strong></span> <span class='ocrx_word' id='word_1_31' title='bbox 1511 616 1637 670; x_wconf 76' lang='grc' dir='ltr'>νέου</span> <span class='ocrx_word' id='word_1_32' title='bbox 1684 614 1780 667; x_wconf 76' lang='grc' dir='ltr'>καὶ</span> 
     </span>
    </p>
   </div>
   <div class='ocr_carea' id='block_1_7' title="bbox 198 707 1780 781">
    <p class='ocr_par' dir='ltr' id='par_1_7' title="bbox 198 707 1780 781">
     <span class='ocr_line' id='line_1_7' title="bbox 198 707 1780 781; baseline -0.004 -19"><span class='ocrx_word' id='word_1_33' title='bbox 198 711 445 779; x_wconf 76' lang='grc' dir='ltr'>μεγάλου</span> <span class='ocrx_word' id='word_1_34' title='bbox 481 712 635 765; x_wconf 87' lang='grc' dir='ltr'>τοῦδε</span> <span class='ocrx_word' id='word_1_35' title='bbox 671 713 847 781; x_wconf 78' lang='grc' dir='ltr'>φωτὸς</span> <span class='ocrx_word' id='word_1_36' title='bbox 870 712 1222 780; x_wconf 61' lang='grc' dir='ltr'>ἐπιφάνειαν,</span> <span class='ocrx_word' id='word_1_37' title='bbox 1255 713 1353 764; x_wconf 69' lang='grc' dir='ltr'><strong>καὶ</strong></span> <span class='ocrx_word' id='word_1_38' title='bbox 1398 711 1472 770; x_wconf 73' lang='grc' dir='ltr'>ὡς</span> <span class='ocrx_word' id='word_1_39' title='bbox 1526 710 1651 777; x_wconf 84' lang='grc' dir='ltr'>ἄρτι</span> <span class='ocrx_word' id='word_1_40' title='bbox 1686 707 1780 759; x_wconf 76' lang='grc' dir='ltr'>καὶ</span> 
     </span>
    </p>
   </div>
   <div class='ocr_carea' id='block_1_8' title="bbox 195 799 1782 876">
    <p class='ocr_par' dir='ltr' id='par_1_8' title="bbox 195 799 1782 876">
     <span class='ocr_line' id='line_1_8' title="bbox 195 799 1782 876; baseline -0.003 -21"><span class='ocrx_word' id='word_1_41' title='bbox 195 804 361 867; x_wconf 70' lang='grc' dir='ltr'>αὐτὸς</span> <span class='ocrx_word' id='word_1_42' title='bbox 392 805 495 875; x_wconf 79' lang='grc' dir='ltr'><strong>τὴν</strong></span> <span class='ocrx_word' id='word_1_43' title='bbox 530 808 879 859; x_wconf 85' lang='grc' dir='ltr'>ἀνακαίνισιν</span> <span class='ocrx_word' id='word_1_44' title='bbox 926 808 1169 876; x_wconf 74' lang='grc' dir='ltr'>δέχεται,</span> <span class='ocrx_word' id='word_1_45' title='bbox 1202 807 1299 858; x_wconf 80' lang='grc' dir='ltr'>καὶ</span> <span class='ocrx_word' id='word_1_46' title='bbox 1328 804 1434 857; x_wconf 78' lang='grc' dir='ltr'><strong>ὑπὸ</strong></span> <span class='ocrx_word' id='word_1_47' title='bbox 1465 803 1611 856; x_wconf 80' lang='grc' dir='ltr'>νῶτα</span> <span class='ocrx_word' id='word_1_48' title='bbox 1644 799 1782 869; x_wconf 84' lang='grc' dir='ltr'>κρύ-</span> 
     </span>
    </p>
   </div>
   <div class='ocr_carea' id='block_1_9' title="bbox 197 897 1531 970">
    <p class='ocr_par' dir='ltr' id='par_1_9' title="bbox 197 897 1531 970">
     <span class='ocr_line' id='line_1_9' title="bbox 197 897 1531 970; baseline 0.003 -24"><span class='ocrx_word' id='word_1_49' title='bbox 197 912 357 949; x_wconf 81' lang='grc' dir='ltr'>πτειν</span> <span class='ocrx_word' id='word_1_50' title='bbox 382 897 485 964; x_wconf 77' lang='grc' dir='ltr'>τῆς</span> <span class='ocrx_word' id='word_1_51' title='bbox 518 897 621 968; x_wconf 84' lang='grc' dir='ltr'>γῆς</span> <span class='ocrx_word' id='word_1_52' title='bbox 653 898 860 970; x_wconf 80' lang='grc' dir='ltr'>βραχέα</span> <span class='ocrx_word' id='word_1_53' title='bbox 892 898 1150 967; x_wconf 84' lang='grc' dir='ltr'>βούλεται</span> <span class='ocrx_word' id='word_1_54' title='bbox 1181 898 1284 969; x_wconf 74' lang='grc' dir='ltr'>τὴν</span> <span class='ocrx_word' id='word_1_55' title='bbox 1310 897 1531 951; x_wconf 82' lang='grc' dir='ltr'>ἀκτῖνα.</span> 
     </span>
    </p>
   </div>
   <div class='ocr_carea' id='block_1_10' title="bbox 266 1074 1783 1149">
    <p class='ocr_par' dir='ltr' id='par_1_10' title="bbox 266 1074 1783 1149">
     <span class='ocr_line' id='line_1_10' title="bbox 266 1074 1783 1149; baseline -0.002 -21"><span class='ocrx_word' id='word_1_56' title='bbox 266 1074 389 1129; x_wconf 80' lang='grc' dir='ltr'>Νῦν</span> <span class='ocrx_word' id='word_1_57' title='bbox 438 1076 689 1148; x_wconf 80' lang='grc' dir='ltr'>οὐρανὸς,</span> <span class='ocrx_word' id='word_1_58' title='bbox 748 1074 859 1133; x_wconf 76' lang='grc' dir='ltr'>οἷον</span> <span class='ocrx_word' id='word_1_59' title='bbox 914 1082 1130 1149; x_wconf 78' lang='grc' dir='ltr'>ἱμάτιον</span> <span class='ocrx_word' id='word_1_60' title='bbox 1180 1079 1376 1132; x_wconf 77' lang='grc' dir='ltr'>ἑαυτὸν</span> <span class='ocrx_word' id='word_1_61' title='bbox 1436 1076 1783 1148; x_wconf 80' lang='grc' dir='ltr'>περιϐάλλων</span> 
     </span>
    </p>
   </div>
   <div class='ocr_carea' id='block_1_11' title="bbox 199 1169 1783 1245">
    <p class='ocr_par' dir='ltr' id='par_1_11' title="bbox 199 1169 1783 1245">
     <span class='ocr_line' id='line_1_11' title="bbox 199 1169 1783 1245; baseline 0.014 -27"><span class='ocrx_word' id='word_1_62' title='bbox 199 1169 415 1235; x_wconf 82' lang='grc' dir='ltr'>καινὸν,</span> <span class='ocrx_word' id='word_1_63' title='bbox 452 1172 895 1243; x_wconf 83' lang='grc' dir='ltr'>σκυθρωπότητα</span> <span class='ocrx_word' id='word_1_64' title='bbox 946 1174 1048 1242; x_wconf 79' lang='grc' dir='ltr'>μὲν</span> <span class='ocrx_word' id='word_1_65' title='bbox 1094 1173 1442 1245; x_wconf 77' lang='grc' dir='ltr'>περιδύεται,</span> <span class='ocrx_word' id='word_1_66' title='bbox 1496 1171 1783 1238; x_wconf 68' lang='grc' dir='ltr'>διαύγειαν</span> 
     </span>
    </p>
   </div>
   <div class='ocr_carea' id='block_1_12' title="bbox 198 1262 1789 1338">
    <p class='ocr_par' dir='ltr' id='par_1_12' title="bbox 198 1262 1789 1338">
     <span class='ocr_line' id='line_1_12' title="bbox 198 1262 1789 1338; baseline 0.003 -23"><span class='ocrx_word' id='word_1_67' title='bbox 198 1262 254 1315; x_wconf 87' lang='grc' dir='ltr'>δὲ</span> <span class='ocrx_word' id='word_1_68' title='bbox 293 1265 684 1334; x_wconf 77' lang='grc' dir='ltr'><strong>ἀμφιέννυται,</strong></span> <span class='ocrx_word' id='word_1_69' title='bbox 713 1269 807 1321; x_wconf 79' lang='grc' dir='ltr'>καὶ</span> <span class='ocrx_word' id='word_1_70' title='bbox 833 1268 1036 1320; x_wconf 82' lang='grc' dir='ltr'>ὡσανεί</span> <span class='ocrx_word' id='word_1_71' title='bbox 1068 1286 1187 1322; x_wconf 88' lang='grc' dir='ltr'>τινα</span> <span class='ocrx_word' id='word_1_72' title='bbox 1214 1270 1422 1338; x_wconf 81' lang='grc' dir='ltr'>κόσμον</span> <span class='ocrx_word' id='word_1_73' title='bbox 1453 1268 1553 1336; x_wconf 78' lang='grc' dir='ltr'>τῆς</span> <span class='ocrx_word' id='word_1_74' title='bbox 1579 1268 1789 1328; x_wconf 80' lang='grc' dir='ltr'><strong>οἰκείας</strong></span> 
     </span>
    </p>
   </div>
   <div class='ocr_carea' id='block_1_13' title="bbox 200 1354 1786 1430">
    <p class='ocr_par' dir='ltr' id='par_1_13' title="bbox 200 1354 1786 1430">
     <span class='ocr_line' id='line_1_13' title="bbox 200 1354 1786 1430; baseline 0.002 -23"><span class='ocrx_word' id='word_1_75' title='bbox 200 1354 438 1424; x_wconf 69' lang='grc' dir='ltr'>ἐσθῆτος</span> <span class='ocrx_word' id='word_1_76' title='bbox 474 1358 601 1420; x_wconf 78' lang='grc' dir='ltr'>τοὺς</span> <span class='ocrx_word' id='word_1_77' title='bbox 652 1359 892 1430; x_wconf 76' lang='grc' dir='ltr'><strong>ἀστέρας</strong></span> <span class='ocrx_word' id='word_1_78' title='bbox 945 1360 1269 1429; x_wconf 78' lang='grc' dir='ltr'>προϐάλλει,</span> <span class='ocrx_word' id='word_1_79' title='bbox 1327 1359 1575 1411; x_wconf 74' lang='grc' dir='ltr'>ποικίλον</span> <span class='ocrx_word' id='word_1_80' title='bbox 1604 1376 1659 1412; x_wconf 87' lang='grc' dir='ltr'><strong>τε</strong></span> <span class='ocrx_word' id='word_1_81' title='bbox 1692 1360 1786 1413; x_wconf 70' lang='grc' dir='ltr'>καὶ</span> 
     </span>
    </p>
   </div>
   <div class='ocr_carea' id='block_1_14' title="bbox 198 1448 1785 1522">
    <p class='ocr_par' dir='ltr' id='par_1_14' title="bbox 198 1448 1785 1522">
     <span class='ocr_line' id='line_1_14' title="bbox 198 1448 1785 1522; baseline 0.004 -23"><span class='ocrx_word' id='word_1_82' title='bbox 198 1448 493 1519; x_wconf 79' lang='grc' dir='ltr'>διαλαμπῆ</span> <span class='ocrx_word' id='word_1_83' title='bbox 535 1451 723 1504; x_wconf 73' lang='grc' dir='ltr'>εἰκόνα</span> <span class='ocrx_word' id='word_1_84' title='bbox 778 1453 1003 1522; x_wconf 76' lang='grc' dir='ltr'>προθεὶς</span> <span class='ocrx_word' id='word_1_85' title='bbox 1036 1454 1254 1517; x_wconf 69' lang='grc' dir='ltr'>ἑαυτὸν,</span> <span class='ocrx_word' id='word_1_86' title='bbox 1287 1448 1369 1515; x_wconf 68' lang='grc' dir='ltr'>οἷς</span> <span class='ocrx_word' id='word_1_87' title='bbox 1408 1453 1616 1505; x_wconf 76' lang='grc' dir='ltr'>ἔπιπλα</span> <span class='ocrx_word' id='word_1_88' title='bbox 1670 1469 1785 1505; x_wconf 84' lang='grc' dir='ltr'>ποι-</span> 
     </span>
    </p>
   </div>
   <div class='ocr_carea' id='block_1_15' title="bbox 200 1539 1785 1617">
    <p class='ocr_par' dir='ltr' id='par_1_15' title="bbox 200 1539 1785 1617">
     <span class='ocr_line' id='line_1_15' title="bbox 200 1539 1785 1617; baseline 0.004 -26"><span class='ocrx_word' id='word_1_89' title='bbox 200 1539 412 1593; x_wconf 72' lang='grc' dir='ltr'>κίλλειν</span> <span class='ocrx_word' id='word_1_90' title='bbox 440 1542 850 1596; x_wconf 82' lang='grc' dir='ltr'>ὲσπούδασται·</span> <span class='ocrx_word' id='word_1_91' title='bbox 891 1548 987 1598; x_wconf 66' lang='grc' dir='ltr'>καὶ</span> <span class='ocrx_word' id='word_1_92' title='bbox 1012 1545 1108 1599; x_wconf 91' lang='grc' dir='ltr'><strong>νῦν</strong></span> <span class='ocrx_word' id='word_1_93' title='bbox 1142 1546 1349 1617; x_wconf 74' lang='grc' dir='ltr'>μᾶλλον</span> <span class='ocrx_word' id='word_1_94' title='bbox 1389 1545 1421 1615; x_wconf 75' lang='grc' dir='ltr'>ἢ</span> <span class='ocrx_word' id='word_1_95' title='bbox 1465 1547 1597 1614; x_wconf 79' lang='grc' dir='ltr'>πρὶν</span> <span class='ocrx_word' id='word_1_96' title='bbox 1645 1545 1785 1598; x_wconf 84' lang='grc' dir='ltr'>Θεοῦ</span> 
     </span>
    </p>
   </div>
   <div class='ocr_carea' id='block_1_16' title="bbox 197 1632 990 1708">
    <p class='ocr_par' dir='ltr' id='par_1_16' title="bbox 197 1632 990 1708">
     <span class='ocr_line' id='line_1_16' title="bbox 197 1632 990 1708; baseline 0.01 -24"><span class='ocrx_word' id='word_1_97' title='bbox 197 1632 516 1700; x_wconf 60' lang='grc' dir='ltr'>διηγεῖσθαι</span> <span class='ocrx_word' id='word_1_98' title='bbox 556 1635 717 1701; x_wconf 79' lang='grc' dir='ltr'>δόξαν</span> <span class='ocrx_word' id='word_1_99' title='bbox 760 1638 990 1708; x_wconf 64' lang='grc' dir='ltr'>γράφει.</span> 
     </span>
    </p>
   </div>
   <div class='ocr_carea' id='block_1_17' title="bbox 272 1725 1788 1801">
    <p class='ocr_par' dir='ltr' id='par_1_17' title="bbox 272 1725 1788 1801">
     <span class='ocr_line' id='line_1_17' title="bbox 272 1725 1788 1801; baseline 0.007 -26"><span class='ocrx_word' id='word_1_100' title='bbox 272 1725 392 1776; x_wconf 78' lang='grc' dir='ltr'>Νῦν</span> <span class='ocrx_word' id='word_1_101' title='bbox 426 1727 498 1795; x_wconf 78' lang='grc' dir='ltr'>γῆ</span> <span class='ocrx_word' id='word_1_102' title='bbox 547 1728 781 1797; x_wconf 79' lang='grc' dir='ltr'>βοτάνας</span> <span class='ocrx_word' id='word_1_103' title='bbox 844 1733 1065 1801; x_wconf 78' lang='grc' dir='ltr'>ἀνίησιν</span> <span class='ocrx_word' id='word_1_104' title='bbox 1114 1735 1194 1795; x_wconf 80' lang='grc' dir='ltr'><strong>είς</strong></span> <span class='ocrx_word' id='word_1_105' title='bbox 1241 1734 1439 1795; x_wconf 80' lang='grc' dir='ltr'>κάλλος</span> <span class='ocrx_word' id='word_1_106' title='bbox 1494 1733 1645 1798; x_wconf 78' lang='grc' dir='ltr'>ξένον</span> <span class='ocrx_word' id='word_1_107' title='bbox 1693 1734 1788 1785; x_wconf 72' lang='grc' dir='ltr'>καὶ</span> 
     </span>
    </p>
   </div>
   <div class='ocr_carea' id='block_1_18' title="bbox 200 1809 1787 1896">
    <p class='ocr_par' dir='ltr' id='par_1_18' title="bbox 200 1809 1787 1896">
     <span class='ocr_line' id='line_1_18' title="bbox 200 1809 1787 1896; baseline 0.007 -31"><span class='ocrx_word' id='word_1_108' title='bbox 200 1809 316 1867; x_wconf 70' lang='grc' dir='ltr'>οἷον</span> <span class='ocrx_word' id='word_1_109' title='bbox 378 1818 685 1887; x_wconf 57' lang='grc' dir='ltr'>ἀμίμητον,</span> <span class='ocrx_word' id='word_1_110' title='bbox 734 1823 811 1891; x_wconf 77' lang='grc' dir='ltr'><strong>τῷ</strong></span> <span class='ocrx_word' id='word_1_111' title='bbox 858 1824 1133 1877; x_wconf 76' lang='grc' dir='ltr'>πολυειδεῖ</span> <span class='ocrx_word' id='word_1_112' title='bbox 1172 1824 1283 1878; x_wconf 73' lang='grc' dir='ltr'><strong>τῶν</strong></span> <span class='ocrx_word' id='word_1_113' title='bbox 1339 1826 1518 1896; x_wconf 82' lang='grc' dir='ltr'>χροῶν</span> <span class='ocrx_word' id='word_1_114' title='bbox 1565 1824 1787 1892; x_wconf 81' lang='grc' dir='ltr'>ἐξυφαί-</span> 
     </span>
    </p>
   </div>
   <div class='ocr_carea' id='block_1_19' title="bbox 202 1913 1794 1986">
    <p class='ocr_par' dir='ltr' id='par_1_19' title="bbox 202 1913 1794 1986">
     <span class='ocr_line' id='line_1_19' title="bbox 202 1913 1794 1986; baseline 0.006 -28"><span class='ocrx_word' id='word_1_115' title='bbox 202 1924 397 1973; x_wconf 86' lang='grc' dir='ltr'>νουσα,</span> <span class='ocrx_word' id='word_1_116' title='bbox 431 1913 659 1975; x_wconf 76' lang='grc' dir='ltr'>καὶτοῖς</span> <span class='ocrx_word' id='word_1_117' title='bbox 706 1913 1025 1985; x_wconf 74' lang='grc' dir='ltr'>ζωγραφεῖν</span> <span class='ocrx_word' id='word_1_118' title='bbox 1070 1919 1421 1986; x_wconf 79' lang='grc' dir='ltr'>αἱρουμένοις</span> <span class='ocrx_word' id='word_1_119' title='bbox 1454 1915 1794 1985; x_wconf 82' lang='grc' dir='ltr'>ἀνοουργικά</span> 
     </span>
    </p>
   </div>
   <div class='ocr_carea' id='block_1_20' title="bbox 204 1999 1791 2080">
    <p class='ocr_par' dir='ltr' id='par_1_20' title="bbox 204 1999 1791 2080">
     <span class='ocr_line' id='line_1_20' title="bbox 204 1999 1791 2080; baseline 0.003 -25"><span class='ocrx_word' id='word_1_120' title='bbox 204 1999 475 2069; x_wconf 77' lang='grc' dir='ltr'>βάμματα</span> <span class='ocrx_word' id='word_1_121' title='bbox 505 2005 839 2072; x_wconf 71' lang='grc' dir='ltr'><strong>χορηγοῦσα,</strong></span> <span class='ocrx_word' id='word_1_122' title='bbox 870 2008 940 2060; x_wconf 83' lang='grc' dir='ltr'><strong>δι’</strong></span> <span class='ocrx_word' id='word_1_123' title='bbox 964 2001 1039 2061; x_wconf 82' lang='grc' dir='ltr'>ὧν</span> <span class='ocrx_word' id='word_1_124' title='bbox 1062 2012 1171 2071; x_wconf 82' lang='grc' dir='ltr'>τοῖς</span> <span class='ocrx_word' id='word_1_125' title='bbox 1202 2011 1578 2080; x_wconf 76' lang='grc' dir='ltr'>ζωγραφικοῖς</span> <span class='ocrx_word' id='word_1_126' title='bbox 1611 2008 1791 2060; x_wconf 73' lang='grc' dir='ltr'>ἔνεστι</span> 
     </span>
    </p>
   </div>
   <div class='ocr_carea' id='block_1_21' title="bbox 203 2094 1793 2171">
    <p class='ocr_par' dir='ltr' id='par_1_21' title="bbox 203 2094 1793 2171">
     <span class='ocr_line' id='line_1_21' title="bbox 203 2094 1793 2171; baseline 0.005 -26"><span class='ocrx_word' id='word_1_127' title='bbox 203 2094 500 2163; x_wconf 71' lang='grc' dir='ltr'>πλάσμασι</span> <span class='ocrx_word' id='word_1_128' title='bbox 529 2097 918 2163; x_wconf 78' lang='grc' dir='ltr'>διαμιλλᾶσοαι</span> <span class='ocrx_word' id='word_1_129' title='bbox 954 2102 1090 2170; x_wconf 71' lang='grc' dir='ltr'>πρὸς</span> <span class='ocrx_word' id='word_1_130' title='bbox 1128 2102 1226 2171; x_wconf 77' lang='grc' dir='ltr'>τὴν</span> <span class='ocrx_word' id='word_1_131' title='bbox 1253 2102 1534 2170; x_wconf 77' lang='grc' dir='ltr'>ἀλήθειαν.</span> <span class='ocrx_word' id='word_1_132' title='bbox 1572 2102 1713 2154; x_wconf 68' lang='lat' dir='ltr'><strong>Udo!</strong></span> <span class='ocrx_word' id='word_1_133' title='bbox 1736 2119 1793 2153; x_wconf 82' lang='grc' dir='ltr'><strong>τε</strong></span> 
     </span>
    </p>
   </div>
   <div class='ocr_carea' id='block_1_22' title="bbox 206 2188 1795 2262">
    <p class='ocr_par' dir='ltr' id='par_1_22' title="bbox 206 2188 1795 2262">
     <span class='ocr_line' id='line_1_22' title="bbox 206 2188 1795 2262; baseline 0.004 -25"><span class='ocrx_word' id='word_1_134' title='bbox 206 2190 403 2253; x_wconf 62' lang='grc' dir='ltr'>φυτοῖς</span> <span class='ocrx_word' id='word_1_135' title='bbox 434 2188 739 2242; x_wconf 67' lang='grc' dir='ltr'>ἀναϐιῶναι</span> <span class='ocrx_word' id='word_1_136' title='bbox 776 2192 1216 2262; x_wconf 77' lang='grc' dir='ltr'>παρακελεύεται</span> <span class='ocrx_word' id='word_1_137' title='bbox 1244 2236 1257 2258; x_wconf 92' lang='grc'><strong>,</strong></span> <span class='ocrx_word' id='word_1_138' title='bbox 1318 2193 1411 2245; x_wconf 78' lang='grc' dir='ltr'>καὶ</span> <span class='ocrx_word' id='word_1_139' title='bbox 1447 2193 1508 2244; x_wconf 74' lang='grc' dir='ltr'>τὸ</span> <span class='ocrx_word' id='word_1_140' title='bbox 1542 2193 1795 2261; x_wconf 54' lang='grc' dir='ltr'>λαμπρόν</span> 
     </span>
    </p>
   </div>
   <div class='ocr_carea' id='block_1_23' title="bbox 206 2280 1795 2367">
    <p class='ocr_par' dir='ltr' id='par_1_23' title="bbox 206 2280 1795 2355">
     <span class='ocr_line' id='line_1_23' title="bbox 206 2280 1795 2355; baseline -0.003 -14"><span class='ocrx_word' id='word_1_141' title='bbox 206 2280 468 2344; x_wconf 67' lang='grc' dir='ltr'>ἐξυμνεῖν</span> <span class='ocrx_word' id='word_1_142' title='bbox 532 2281 631 2348; x_wconf 67' lang='grc' dir='ltr'><strong>τῆς</strong></span> <span class='ocrx_word' id='word_1_143' title='bbox 690 2282 1075 2350; x_wconf 79' lang='grc' dir='ltr'>πανηγύρεως.</span> <span class='ocrx_word' id='word_1_144' title='bbox 1138 2284 1339 2352; x_wconf 71' lang='grc' dir='ltr'>Χαίρει</span> <span class='ocrx_word' id='word_1_145' title='bbox 1392 2284 1447 2336; x_wconf 79' lang='grc' dir='ltr'>δὲ</span> <span class='ocrx_word' id='word_1_146' title='bbox 1495 2286 1611 2346; x_wconf 87' lang='grc' dir='ltr'>τοῖς</span> <span class='ocrx_word' id='word_1_147' title='bbox 1662 2286 1795 2355; x_wconf 79' lang='grc' dir='ltr'>παρ’</span> 
     </span>
    </p>
   </div>
   <div class='ocr_carea' id='block_1_24' title="bbox 207 2371 1797 2447">
    <p class='ocr_par' dir='ltr' id='par_1_24' title="bbox 207 2371 1797 2447">
     <span class='ocr_line' id='line_1_24' title="bbox 207 2371 1797 2447; baseline -0.003 -16"><span class='ocrx_word' id='word_1_148' title='bbox 207 2371 414 2438; x_wconf 66' lang='grc' dir='ltr'>ἑαυτῆς</span> <span class='ocrx_word' id='word_1_149' title='bbox 444 2372 632 2425; x_wconf 71' lang='grc' dir='ltr'>ἀιΘεσι</span> <span class='ocrx_word' id='word_1_150' title='bbox 668 2374 1049 2445; x_wconf 73' lang='grc' dir='ltr'>στολιζομένη,</span> <span class='ocrx_word' id='word_1_151' title='bbox 1102 2377 1195 2431; x_wconf 77' lang='grc' dir='ltr'>καὶ</span> <span class='ocrx_word' id='word_1_152' title='bbox 1245 2377 1446 2445; x_wconf 80' lang='grc' dir='ltr'>ἑαυτὴν</span> <span class='ocrx_word' id='word_1_153' title='bbox 1502 2376 1797 2447; x_wconf 70' lang='grc' dir='ltr'>στρωμνὴν</span> 
     </span>
    </p>
   </div>
   <div class='ocr_carea' id='block_1_25' title="bbox 210 2464 1486 2540">
    <p class='ocr_par' dir='ltr' id='par_1_25' title="bbox 210 2464 1486 2540">
     <span class='ocr_line' id='line_1_25' title="bbox 210 2464 1486 2540; baseline 0.005 -24"><span class='ocrx_word' id='word_1_154' title='bbox 210 2464 540 2534; x_wconf 68' lang='grc' dir='ltr'>ὑποτίθησιν</span> <span class='ocrx_word' id='word_1_155' title='bbox 583 2467 829 2536; x_wconf 75' lang='grc' dir='ltr'>ἐπιεικῆ,</span> <span class='ocrx_word' id='word_1_156' title='bbox 856 2468 889 2536; x_wconf 85' lang='grc' dir='ltr'>ἢ</span> <span class='ocrx_word' id='word_1_157' title='bbox 919 2470 1052 2539; x_wconf 75' lang='grc' dir='ltr'>πρὶν</span> <span class='ocrx_word' id='word_1_158' title='bbox 1086 2470 1365 2539; x_wconf 79' lang='grc' dir='ltr'>ἀνήμερος</span> <span class='ocrx_word' id='word_1_159' title='bbox 1396 2465 1486 2540; x_wconf 79' lang='grc' dir='ltr'><strong>ἦν.</strong></span> 
     </span>
    </p>
   </div>
   <div class='ocr_carea' id='block_1_26' title="bbox 283 2640 1800 2716">
    <p class='ocr_par' dir='ltr' id='par_1_26' title="bbox 283 2640 1800 2716">
     <span class='ocr_line' id='line_1_26' title="bbox 283 2640 1800 2716; baseline 0.001 -20"><span class='ocrx_word' id='word_1_160' title='bbox 283 2643 405 2696; x_wconf 76' lang='grc' dir='ltr'>Νῦν</span> <span class='ocrx_word' id='word_1_161' title='bbox 433 2643 701 2708; x_wconf 73' lang='grc' dir='ltr'>θάλασσα,</span> <span class='ocrx_word' id='word_1_162' title='bbox 730 2640 818 2696; x_wconf 76' lang='grc' dir='ltr'>οἷα</span> <span class='ocrx_word' id='word_1_163' title='bbox 861 2645 965 2713; x_wconf 57' lang='grc' dir='ltr'>πρδι</span> <span class='ocrx_word' id='word_1_164' title='bbox 995 2644 1200 2716; x_wconf 79' lang='grc' dir='ltr'>μικροῦ</span> <span class='ocrx_word' id='word_1_165' title='bbox 1254 2644 1516 2714; x_wconf 81' lang='grc' dir='ltr'>πολεμία,</span> <span class='ocrx_word' id='word_1_166' title='bbox 1552 2647 1665 2708; x_wconf 88' lang='grc' dir='ltr'>τοῖς</span> <span class='ocrx_word' id='word_1_167' title='bbox 1705 2645 1800 2698; x_wconf 82' lang='grc' dir='ltr'>κύ-</span> 
     </span>
    </p>
   </div>
   <div class='ocr_carea' id='block_1_27' title="bbox 217 2734 1801 2805">
    <p class='ocr_par' dir='ltr' id='par_1_27' title="bbox 217 2734 1801 2805">
     <span class='ocr_line' id='line_1_27' title="bbox 217 2734 1801 2805; baseline 0.002 -18"><span class='ocrx_word' id='word_1_168' title='bbox 217 2752 356 2803; x_wconf 83' lang='grc' dir='ltr'>μασι</span> <span class='ocrx_word' id='word_1_169' title='bbox 386 2734 489 2805; x_wconf 73' lang='grc' dir='ltr'>τὴν</span> <span class='ocrx_word' id='word_1_170' title='bbox 518 2735 738 2802; x_wconf 76' lang='grc' dir='ltr'>γείτονα</span> <span class='ocrx_word' id='word_1_171' title='bbox 768 2740 1051 2790; x_wconf 73' lang='grc' dir='ltr'>τύπτουσα</span> <span class='ocrx_word' id='word_1_172' title='bbox 1086 2739 1211 2805; x_wconf 81' lang='grc' dir='ltr'>γῆν,</span> <span class='ocrx_word' id='word_1_173' title='bbox 1246 2738 1498 2791; x_wconf 77' lang='grc' dir='ltr'>ἀπειλεῖν</span> <span class='ocrx_word' id='word_1_174' title='bbox 1526 2738 1596 2790; x_wconf 87' lang='grc' dir='ltr'><strong>τά</strong></span> <span class='ocrx_word' id='word_1_175' title='bbox 1647 2736 1801 2792; x_wconf 81' lang='grc' dir='ltr'>δεινά</span> 
     </span>
    </p>
   </div>
   <div class='ocr_carea' id='block_1_28' title="bbox 214 2828 1801 2901">
    <p class='ocr_par' dir='ltr' id='par_1_28' title="bbox 214 2828 1801 2901">
     <span class='ocr_line' id='line_1_28' title="bbox 214 2828 1801 2901; baseline 0.003 -22"><span class='ocrx_word' id='word_1_176' title='bbox 214 2830 572 2897; x_wconf 75' lang='grc' dir='ltr'>παυσαμένη,</span> <span class='ocrx_word' id='word_1_177' title='bbox 606 2828 841 2894; x_wconf 71' lang='grc' dir='ltr'>γελῶσα,</span> <span class='ocrx_word' id='word_1_178' title='bbox 873 2831 971 2892; x_wconf 82' lang='grc' dir='ltr'><strong>τὰς</strong></span> <span class='ocrx_word' id='word_1_179' title='bbox 1027 2829 1319 2896; x_wconf 70' lang='grc' dir='ltr'>διαλλαγάς</span> <span class='ocrx_word' id='word_1_180' title='bbox 1374 2832 1662 2901; x_wconf 76' lang='grc' dir='ltr'>ἐπιζητεῖ,</span> <span class='ocrx_word' id='word_1_181' title='bbox 1725 2833 1801 2896; x_wconf 86' lang='grc' dir='ltr'>ὼς</span> 
     </span>
    </p>
   </div>
   <div class='ocr_carea' id='block_1_29' title="bbox 215 2922 1802 2995">
    <p class='ocr_par' dir='ltr' id='par_1_29' title="bbox 215 2922 1802 2995">
     <span class='ocr_line' id='line_1_29' title="bbox 215 2922 1802 2995; baseline 0.004 -21"><span class='ocrx_word' id='word_1_182' title='bbox 215 2922 343 2988; x_wconf 73' lang='grc' dir='ltr'>ἄρτι</span> <span class='ocrx_word' id='word_1_183' title='bbox 379 2924 548 2973; x_wconf 77' lang='grc' dir='ltr'>πᾶσιν</span> <span class='ocrx_word' id='word_1_184' title='bbox 604 2922 881 2991; x_wconf 78' lang='grc' dir='ltr'>ἐπέδραμε</span> <span class='ocrx_word' id='word_1_185' title='bbox 961 2923 1405 2995; x_wconf 79' lang='grc' dir='ltr'>μαρτυροῦσα,ἡ</span> <span class='ocrx_word' id='word_1_186' title='bbox 1450 2926 1627 2979; x_wconf 76' lang='grc' dir='ltr'>πάντα</span> <span class='ocrx_word' id='word_1_187' title='bbox 1675 2927 1802 2980; x_wconf 88' lang='grc' dir='ltr'>νοῦν</span> 
     </span>
    </p>
   </div>
   <div class='ocr_carea' id='block_1_30' title="bbox 216 3013 1802 3088">
    <p class='ocr_par' dir='ltr' id='par_1_30' title="bbox 216 3013 1802 3088">
     <span class='ocr_line' id='line_1_30' title="bbox 216 3013 1802 3088; baseline 0.004 -23"><span class='ocrx_word' id='word_1_188' title='bbox 216 3013 572 3083; x_wconf 72' lang='grc' dir='ltr'>ὑπερέχουσα</span> <span class='ocrx_word' id='word_1_189' title='bbox 606 3014 821 3083; x_wconf 78' lang='grc' dir='ltr'>εἰρήνη.</span> <span class='ocrx_word' id='word_1_190' title='bbox 857 3013 971 3068; x_wconf 77' lang='grc' dir='ltr'>Νῦν</span> <span class='ocrx_word' id='word_1_191' title='bbox 1007 3016 1114 3085; x_wconf 79' lang='grc' dir='ltr'>ἀὴρ</span> <span class='ocrx_word' id='word_1_192' title='bbox 1148 3015 1309 3085; x_wconf 68' lang='grc' dir='ltr'>ἤπιον</span> <span class='ocrx_word' id='word_1_193' title='bbox 1338 3017 1516 3087; x_wconf 79' lang='grc' dir='ltr'>διηχεῖ</span> <span class='ocrx_word' id='word_1_194' title='bbox 1546 3018 1644 3088; x_wconf 83' lang='grc' dir='ltr'>τὴν</span> <span class='ocrx_word' id='word_1_195' title='bbox 1675 3018 1802 3087; x_wconf 56' lang='grc' dir='ltr'>ἀψι-</span> 
     </span>
    </p>
   </div>
   <div class='ocr_carea' id='block_1_31' title="bbox 216 3102 1802 3177">
    <p class='ocr_par' dir='ltr' id='par_1_31' title="bbox 216 3102 1802 3177">
     <span class='ocr_line' id='line_1_31' title="bbox 216 3102 1802 3177; baseline 0.006 -24"><span class='ocrx_word' id='word_1_196' title='bbox 216 3102 541 3170; x_wconf 68' lang='grc' dir='ltr'>ὶὰνθρωπον</span> <span class='ocrx_word' id='word_1_197' title='bbox 616 3103 823 3172; x_wconf 81' lang='grc' dir='ltr'>πνοὴν,</span> <span class='ocrx_word' id='word_1_198' title='bbox 874 3105 967 3156; x_wconf 61' lang='grc' dir='ltr'><strong>καὶ⁸</strong></span> <span class='ocrx_word' id='word_1_199' title='bbox 1034 3106 1436 3177; x_wconf 74' lang='grc' dir='ltr'>μεγαλόκροτον</span> <span class='ocrx_word' id='word_1_200' title='bbox 1517 3109 1802 3174; x_wconf 80' lang='grc' dir='ltr'>ἐκτιναξά-</span> 
     </span>
    </p>
   </div>
   <div class='ocr_carea' id='block_1_32' title="bbox 1892 616 3473 687">
    <p class='ocr_par' dir='ltr' id='par_1_32' title="bbox 1892 616 3473 687">
     <span class='ocr_line' id='line_1_32' title="bbox 1892 616 3473 687; baseline -0.003 -18"><span class='ocrx_word' id='word_1_201' title='bbox 1892 616 2206 681; x_wconf 74' lang='lat' dir='ltr'><strong>instituere,</strong></span> <span class='ocrx_word' id='word_1_202' title='bbox 2253 619 2511 673; x_wconf 88' lang='lat' dir='ltr'><strong>omnibus</strong></span> <span class='ocrx_word' id='word_1_203' title='bbox 2562 616 2961 687; x_wconf 82' lang='lat' dir='ltr'><strong>propemodum</strong></span> <span class='ocrx_word' id='word_1_204' title='bbox 3007 616 3150 670; x_wconf 89' lang='lat' dir='ltr'><strong>elata</strong></span> <span class='ocrx_word' id='word_1_205' title='bbox 3200 627 3333 667; x_wconf 85' lang='lat' dir='ltr'><strong>voce</strong></span> <span class='ocrx_word' id='word_1_206' title='bbox 3373 627 3473 665; x_wconf 85' lang='lat' dir='ltr'><strong>an-</strong></span> 
     </span>
    </p>
   </div>
   <div class='ocr_carea' id='block_1_33' title="bbox 1891 708 3476 782">
    <p class='ocr_par' dir='ltr' id='par_1_33' title="bbox 1891 708 3476 782">
     <span class='ocr_line' id='line_1_33' title="bbox 1891 708 3476 782; baseline -0.004 -19"><span class='ocrx_word' id='word_1_207' title='bbox 1891 711 2151 764; x_wconf 85' lang='lat' dir='ltr'><strong>nuntians</strong></span> <span class='ocrx_word' id='word_1_208' title='bbox 2188 710 2312 763; x_wconf 90' lang='lat' dir='ltr'><strong>novi</strong></span> <span class='ocrx_word' id='word_1_209' title='bbox 2368 711 2534 782; x_wconf 80' lang='lat' dir='ltr'><strong>hujus</strong></span> <span class='ocrx_word' id='word_1_210' title='bbox 2572 726 2637 764; x_wconf 83' lang='lat' dir='ltr'><strong>ac</strong></span> <span class='ocrx_word' id='word_1_211' title='bbox 2685 709 2865 779; x_wconf 86' lang='lat' dir='ltr'><strong>magni</strong></span> <span class='ocrx_word' id='word_1_212' title='bbox 2914 708 3140 763; x_wconf 81' lang='lat' dir='ltr'><strong>luminis</strong></span> <span class='ocrx_word' id='word_1_213' title='bbox 3182 716 3388 767; x_wconf 88' lang='lat' dir='ltr'><strong>ortum,</strong></span> <span class='ocrx_word' id='word_1_214' title='bbox 3419 709 3476 757; x_wconf 83' lang='lat' dir='ltr'><strong>et</strong></span> 
     </span>
    </p>
   </div>
   <div class='ocr_carea' id='block_1_34' title="bbox 1891 794 3474 871">
    <p class='ocr_par' dir='ltr' id='par_1_34' title="bbox 1891 794 3474 871">
     <span class='ocr_line' id='line_1_34' title="bbox 1891 794 3474 871; baseline -0.004 -18"><span class='ocrx_word' id='word_1_215' title='bbox 1891 801 2172 869; x_wconf 87' lang='lat' dir='ltr'><strong>quomodo</strong></span> <span class='ocrx_word' id='word_1_216' title='bbox 2209 801 2326 870; x_wconf 90' lang='lat' dir='ltr'><strong>ipse</strong></span> <span class='ocrx_word' id='word_1_217' title='bbox 2361 816 2585 871; x_wconf 87' lang='lat' dir='ltr'><strong>quoque</strong></span> <span class='ocrx_word' id='word_1_218' title='bbox 2620 816 2767 855; x_wconf 91' lang='lat' dir='ltr'><strong>nunc</strong></span> <span class='ocrx_word' id='word_1_219' title='bbox 2808 800 3127 859; x_wconf 89' lang='lat' dir='ltr'><strong>innovctur,</strong></span> <span class='ocrx_word' id='word_1_220' title='bbox 3164 811 3265 852; x_wconf 90' lang='lat' dir='ltr'><strong>nec</strong></span> <span class='ocrx_word' id='word_1_221' title='bbox 3290 794 3474 849; x_wconf 83' lang='lat' dir='ltr'><strong>radios</strong></span> 
     </span>
    </p>
   </div>
   <div class='ocr_carea' id='block_1_35' title="bbox 1892 888 3477 966">
    <p class='ocr_par' dir='ltr' id='par_1_35' title="bbox 1892 888 3477 966">
     <span class='ocr_line' id='line_1_35' title="bbox 1892 888 3477 966; baseline -0.004 -20"><span class='ocrx_word' id='word_1_222' title='bbox 1892 909 2023 948; x_wconf 87' lang='lat' dir='ltr'><strong>suos</strong></span> <span class='ocrx_word' id='word_1_223' title='bbox 2055 895 2159 948; x_wconf 90' lang='lat' dir='ltr'><strong>sub</strong></span> <span class='ocrx_word' id='word_1_224' title='bbox 2198 903 2358 949; x_wconf 71' lang='lat' dir='ltr'><strong>terra:</strong></span> <span class='ocrx_word' id='word_1_225' title='bbox 2384 894 2611 949; x_wconf 83' lang='lat' dir='ltr'><strong>dorsum</strong></span> <span class='ocrx_word' id='word_1_226' title='bbox 2651 892 2997 966; x_wconf 79' lang='lat' dir='ltr'><strong>longioribus</strong></span> <span class='ocrx_word' id='word_1_227' title='bbox 3034 890 3188 945; x_wconf 84' lang='lat' dir='ltr'><strong>horis</strong></span> <span class='ocrx_word' id='word_1_228' title='bbox 3238 888 3477 959; x_wconf 75' lang='lat' dir='ltr'><strong>patiatur</strong></span> 
     </span>
    </p>
   </div>
   <div class='ocr_carea' id='block_1_36' title="bbox 1891 988 2177 1043">
    <p class='ocr_par' dir='ltr' id='par_1_36' title="bbox 1891 988 2177 1043">
     <span class='ocr_line' id='line_1_36' title="bbox 1891 988 2177 1043; baseline 0.007 -2"><span class='ocrx_word' id='word_1_229' title='bbox 1891 988 2177 1043; x_wconf 80' lang='lat' dir='ltr'><strong>abscondi.</strong></span> 
     </span>
    </p>
   </div>
   <div class='ocr_carea' id='block_1_37' title="bbox 1967 1074 3475 1139">
    <p class='ocr_par' dir='ltr' id='par_1_37' title="bbox 1967 1074 3475 1139">
     <span class='ocr_line' id='line_1_37' title="bbox 1967 1074 3475 1139; baseline -0.006 -5"><span class='ocrx_word' id='word_1_230' title='bbox 1967 1081 2121 1135; x_wconf 84' lang='lat' dir='ltr'><strong>Nunc</strong></span> <span class='ocrx_word' id='word_1_231' title='bbox 2150 1084 2348 1137; x_wconf 62' lang='lat' dir='ltr'><strong>coelum</strong></span> <span class='ocrx_word' id='word_1_232' title='bbox 2378 1085 2530 1139; x_wconf 91' lang='lat' dir='ltr'><strong>velut</strong></span> <span class='ocrx_word' id='word_1_233' title='bbox 2560 1098 2703 1136; x_wconf 87' lang='lat' dir='ltr'><strong>novo</strong></span> <span class='ocrx_word' id='word_1_234' title='bbox 2735 1098 2790 1136; x_wconf 83' lang='lat' dir='ltr'><strong>sc</strong></span> <span class='ocrx_word' id='word_1_235' title='bbox 2822 1081 3144 1134; x_wconf 85' lang='lat' dir='ltr'><strong>indumento</strong></span> <span class='ocrx_word' id='word_1_236' title='bbox 3171 1074 3437 1129; x_wconf 91' lang='lat' dir='ltr'><strong>amiciens</strong></span> <span class='ocrx_word' id='word_1_237' title='bbox 3461 1114 3475 1134; x_wconf 91' lang='lat'><strong>,</strong></span> 
     </span>
    </p>
   </div>
   <div class='ocr_carea' id='block_1_38' title="bbox 1898 1165 3475 1243">
    <p class='ocr_par' dir='ltr' id='par_1_38' title="bbox 1898 1165 3475 1243">
     <span class='ocr_line' id='line_1_38' title="bbox 1898 1165 3475 1243; baseline -0.01 -12"><span class='ocrx_word' id='word_1_238' title='bbox 1898 1176 2145 1231; x_wconf 89' lang='lat' dir='ltr'><strong>tctricam</strong></span> <span class='ocrx_word' id='word_1_239' title='bbox 2187 1176 2415 1243; x_wconf 75' lang='lat' dir='ltr'><strong>deponit</strong></span> <span class='ocrx_word' id='word_1_240' title='bbox 2448 1175 2667 1239; x_wconf 79' lang='lat' dir='ltr'><strong>faciem,</strong></span> <span class='ocrx_word' id='word_1_241' title='bbox 2722 1173 3171 1240; x_wconf 88' lang='lat' dir='ltr'><strong>hilaritatemque</strong></span> <span class='ocrx_word' id='word_1_242' title='bbox 3222 1165 3475 1228; x_wconf 87' lang='lat' dir='ltr'><strong>assumit,</strong></span> 
     </span>
    </p>
   </div>
   <div class='ocr_carea' id='block_1_39' title="bbox 1892 1260 3479 1339">
    <p class='ocr_par' dir='ltr' id='par_1_39' title="bbox 1892 1260 3479 1339">
     <span class='ocr_line' id='line_1_39' title="bbox 1892 1260 3479 1339; baseline -0.009 -16"><span class='ocrx_word' id='word_1_243' title='bbox 1892 1278 1948 1324; x_wconf 80' lang='lat' dir='ltr'><strong>et</strong></span> <span class='ocrx_word' id='word_1_244' title='bbox 1984 1267 2277 1339; x_wconf 90' lang='lat' dir='ltr'><strong>quemdam</strong></span> <span class='ocrx_word' id='word_1_245' title='bbox 2303 1269 2470 1323; x_wconf 85' lang='lat' dir='ltr'><strong>veluti</strong></span> <span class='ocrx_word' id='word_1_246' title='bbox 2496 1284 2609 1322; x_wconf 69' lang='lat' dir='ltr'><strong>sum</strong></span> <span class='ocrx_word' id='word_1_247' title='bbox 2634 1265 2803 1321; x_wconf 85' lang='lat' dir='ltr'><strong>vestis</strong></span> <span class='ocrx_word' id='word_1_248' title='bbox 2830 1272 3085 1318; x_wconf 88' lang='lat' dir='ltr'><strong>ornatum</strong></span> <span class='ocrx_word' id='word_1_249' title='bbox 3119 1260 3304 1315; x_wconf 81' lang='lat' dir='ltr'><strong>stellas</strong></span> <span class='ocrx_word' id='word_1_250' title='bbox 3350 1271 3479 1326; x_wconf 86' lang='lat' dir='ltr'><strong>pro-</strong></span> 
     </span>
    </p>
   </div>
   <div class='ocr_carea' id='block_1_40' title="bbox 1896 1351 3480 1425">
    <p class='ocr_par' dir='ltr' id='par_1_40' title="bbox 1896 1351 3480 1425">
     <span class='ocr_line' id='line_1_40' title="bbox 1896 1351 3480 1425; baseline -0.01 -8"><span class='ocrx_word' id='word_1_251' title='bbox 1896 1363 2021 1425; x_wconf 83' lang='lat' dir='ltr'><strong>fert,</strong></span> <span class='ocrx_word' id='word_1_252' title='bbox 2047 1378 2166 1417; x_wconf 82' lang='lat' dir='ltr'><strong>sese</strong></span> <span class='ocrx_word' id='word_1_253' title='bbox 2196 1361 2461 1416; x_wconf 72' lang='lat' dir='ltr'><strong>varietate</strong></span> <span class='ocrx_word' id='word_1_254' title='bbox 2490 1370 2786 1416; x_wconf 87' lang='lat' dir='ltr'><strong>venustqu</strong></span> <span class='ocrx_word' id='word_1_255' title='bbox 2853 1373 2915 1412; x_wconf 91' lang='lat' dir='ltr'><strong>ac</strong></span> <span class='ocrx_word' id='word_1_256' title='bbox 2944 1354 3181 1411; x_wconf 89' lang='lat' dir='ltr'><strong>nitidum</strong></span> <span class='ocrx_word' id='word_1_257' title='bbox 3212 1351 3480 1408; x_wconf 76' lang='lat' dir='ltr'><strong>exhibens</strong></span> 
     </span>
    </p>
   </div>
   <div class='ocr_carea' id='block_1_41' title="bbox 1897 1445 3479 1524">
    <p class='ocr_par' dir='ltr' id='par_1_41' title="bbox 1897 1445 3479 1524">
     <span class='ocr_line' id='line_1_41' title="bbox 1897 1445 3479 1524; baseline -0.01 -16"><span class='ocrx_word' id='word_1_258' title='bbox 1897 1454 1951 1508; x_wconf 92' lang='lat' dir='ltr'><strong>in</strong></span> <span class='ocrx_word' id='word_1_259' title='bbox 1982 1455 2263 1524; x_wconf 81' lang='lat' dir='ltr'><strong>exemplar</strong></span> <span class='ocrx_word' id='word_1_260' title='bbox 2295 1455 2380 1514; x_wconf 87' lang='lat' dir='ltr'><strong>iis.</strong></span> <span class='ocrx_word' id='word_1_261' title='bbox 2404 1455 2497 1524; x_wconf 85' lang='lat' dir='ltr'><strong>qui</strong></span> <span class='ocrx_word' id='word_1_262' title='bbox 2530 1451 2859 1522; x_wconf 85' lang='lat' dir='ltr'><strong>supellectili</strong></span> <span class='ocrx_word' id='word_1_263' title='bbox 2890 1445 3231 1515; x_wconf 71' lang='lat' dir='ltr'><strong>variegandre</strong></span> <span class='ocrx_word' id='word_1_264' title='bbox 3254 1456 3479 1513; x_wconf 83' lang='lat' dir='ltr'><strong>operam</strong></span> 
     </span>
    </p>
   </div>
   <div class='ocr_carea' id='block_1_42' title="bbox 1897 1532 3482 1611">
    <p class='ocr_par' dir='ltr' id='par_1_42' title="bbox 1897 1532 3482 1611">
     <span class='ocr_line' id='line_1_42' title="bbox 1897 1532 3482 1611; baseline -0.01 -14"><span class='ocrx_word' id='word_1_265' title='bbox 1897 1552 2134 1608; x_wconf 89' lang='lat' dir='ltr'><strong>navant;</strong></span> <span class='ocrx_word' id='word_1_266' title='bbox 2167 1554 2223 1598; x_wconf 91' lang='lat' dir='ltr'><strong>et</strong></span> <span class='ocrx_word' id='word_1_267' title='bbox 2254 1558 2400 1597; x_wconf 92' lang='lat' dir='ltr'><strong>nunc</strong></span> <span class='ocrx_word' id='word_1_268' title='bbox 2431 1543 2604 1611; x_wconf 83' lang='lat' dir='ltr'><strong>magis</strong></span> <span class='ocrx_word' id='word_1_269' title='bbox 2630 1556 2793 1611; x_wconf 91' lang='lat' dir='ltr'><strong>quam</strong></span> <span class='ocrx_word' id='word_1_270' title='bbox 2836 1553 2994 1593; x_wconf 74' lang='lat' dir='ltr'><strong>antea</strong></span> <span class='ocrx_word' id='word_1_271' title='bbox 3027 1552 3083 1591; x_wconf 87' lang='lat' dir='ltr'><strong>se</strong></span> <span class='ocrx_word' id='word_1_272' title='bbox 3112 1535 3206 1590; x_wconf 89' lang='lat' dir='ltr'><strong>Dei</strong></span> <span class='ocrx_word' id='word_1_273' title='bbox 3250 1532 3482 1603; x_wconf 81' lang='lat' dir='ltr'><strong>gloriam</strong></span> 
     </span>
    </p>
   </div>
   <div class='ocr_carea' id='block_1_43' title="bbox 1896 1644 2447 1691">
    <p class='ocr_par' dir='ltr' id='par_1_43' title="bbox 1896 1644 2447 1691">
     <span class='ocr_line' id='line_1_43' title="bbox 1896 1644 2447 1691; baseline 0.004 -2"><span class='ocrx_word' id='word_1_274' title='bbox 1896 1651 2153 1690; x_wconf 83' lang='lat' dir='ltr'><strong>enarrare</strong></span> <span class='ocrx_word' id='word_1_275' title='bbox 2195 1644 2447 1691; x_wconf 78' lang='lat' dir='ltr'><strong>testatur.</strong></span> 
     </span>
    </p>
   </div>
   <div class='ocr_carea' id='block_1_44' title="bbox 1970 1717 3482 1796">
    <p class='ocr_par' dir='ltr' id='par_1_44' title="bbox 1970 1717 3482 1796">
     <span class='ocr_line' id='line_1_44' title="bbox 1970 1717 3482 1796; baseline -0.007 -16"><span class='ocrx_word' id='word_1_276' title='bbox 1970 1726 2128 1780; x_wconf 78' lang='lat' dir='ltr'><strong>Nunc</strong></span> <span class='ocrx_word' id='word_1_277' title='bbox 2153 1727 2314 1780; x_wconf 91' lang='lat' dir='ltr'><strong>tellus</strong></span> <span class='ocrx_word' id='word_1_278' title='bbox 2334 1727 2584 1796; x_wconf 82' lang='lat' dir='ltr'><strong>gramina</strong></span> <span class='ocrx_word' id='word_1_279' title='bbox 2612 1727 2667 1780; x_wconf 92' lang='lat' dir='ltr'><strong>in</strong></span> <span class='ocrx_word' id='word_1_280' title='bbox 2692 1726 2884 1779; x_wconf 89' lang='lat' dir='ltr'><strong>miram</strong></span> <span class='ocrx_word' id='word_1_281' title='bbox 2911 1738 2974 1778; x_wconf 91' lang='lat' dir='ltr'><strong>ac</strong></span> <span class='ocrx_word' id='word_1_282' title='bbox 2997 1720 3133 1776; x_wconf 88' lang='lat' dir='ltr'><strong>nulli</strong></span> <span class='ocrx_word' id='word_1_283' title='bbox 3161 1717 3482 1774; x_wconf 84' lang='lat' dir='ltr'><strong>imitandam</strong></span> 
     </span>
    </p>
   </div>
   <div class='ocr_carea' id='block_1_45' title="bbox 1900 1812 3484 1888">
    <p class='ocr_par' dir='ltr' id='par_1_45' title="bbox 1900 1812 3484 1888">
     <span class='ocr_line' id='line_1_45' title="bbox 1900 1812 3484 1888; baseline -0.006 -16"><span class='ocrx_word' id='word_1_284' title='bbox 1900 1817 2371 1888; x_wconf 88' lang='lat' dir='ltr'><strong>pulchritudinem</strong></span> <span class='ocrx_word' id='word_1_285' title='bbox 2408 1817 2656 1887; x_wconf 85' lang='lat' dir='ltr'><strong>profert,</strong></span> <span class='ocrx_word' id='word_1_286' title='bbox 2705 1815 2997 1884; x_wconf 87' lang='lat' dir='ltr'><strong>multiplici</strong></span> <span class='ocrx_word' id='word_1_287' title='bbox 3028 1812 3291 1867; x_wconf 82' lang='lat' dir='ltr'><strong>varietate</strong></span> <span class='ocrx_word' id='word_1_288' title='bbox 3327 1822 3484 1864; x_wconf 85' lang='lat' dir='ltr'><strong>suam</strong></span> 
     </span>
    </p>
   </div>
   <div class='ocr_carea' id='block_1_46' title="bbox 1899 1901 3488 1977">
    <p class='ocr_par' dir='ltr' id='par_1_46' title="bbox 1899 1901 3488 1977">
     <span class='ocr_line' id='line_1_46' title="bbox 1899 1901 3488 1977; baseline -0.008 -12"><span class='ocrx_word' id='word_1_289' title='bbox 1899 1922 2204 1966; x_wconf 80' lang='lat' dir='ltr'><strong>contexens</strong></span> <span class='ocrx_word' id='word_1_290' title='bbox 2257 1910 2649 1977; x_wconf 81' lang='lat' dir='ltr'><strong>superficiem,</strong></span> <span class='ocrx_word' id='word_1_291' title='bbox 2692 1918 2857 1977; x_wconf 89' lang='lat' dir='ltr'><strong>atque</strong></span> <span class='ocrx_word' id='word_1_292' title='bbox 2913 1906 3064 1965; x_wconf 85' lang='lat' dir='ltr'><strong>illis.</strong></span> <span class='ocrx_word' id='word_1_293' title='bbox 3115 1904 3210 1975; x_wconf 92' lang='lat' dir='ltr'><strong>qui</strong></span> <span class='ocrx_word' id='word_1_294' title='bbox 3258 1901 3488 1972; x_wconf 77' lang='lat' dir='ltr'><strong>cupiant</strong></span> 
     </span>
    </p>
   </div>
   <div class='ocr_carea' id='block_1_47' title="bbox 1899 1997 3488 2075">
    <p class='ocr_par' dir='ltr' id='par_1_47' title="bbox 1899 1997 3488 2075">
     <span class='ocr_line' id='line_1_47' title="bbox 1899 1997 3488 2075; baseline -0.01 -16"><span class='ocrx_word' id='word_1_295' title='bbox 1899 2005 2155 2075; x_wconf 81' lang='lat' dir='ltr'><strong>pingere,</strong></span> <span class='ocrx_word' id='word_1_296' title='bbox 2182 2020 2246 2057; x_wconf 79' lang='lat' dir='ltr'><strong>ex</strong></span> <span class='ocrx_word' id='word_1_297' title='bbox 2299 2002 2432 2072; x_wconf 89' lang='lat' dir='ltr'><strong>ipsis</strong></span> <span class='ocrx_word' id='word_1_298' title='bbox 2482 2002 2717 2057; x_wconf 79' lang='lat' dir='ltr'><strong>ﬂoribus</strong></span> <span class='ocrx_word' id='word_1_299' title='bbox 2762 2001 2979 2056; x_wconf 91' lang='lat' dir='ltr'><strong>colores</strong></span> <span class='ocrx_word' id='word_1_300' title='bbox 3025 1997 3348 2069; x_wconf 79' lang='lat' dir='ltr'><strong>porrigens,</strong></span> <span class='ocrx_word' id='word_1_301' title='bbox 3390 2006 3488 2061; x_wconf 77' lang='lat' dir='ltr'><strong>per</strong></span> 
     </span>
    </p>
   </div>
   <div class='ocr_carea' id='block_1_48' title="bbox 1897 2089 3484 2168">
    <p class='ocr_par' dir='ltr' id='par_1_48' title="bbox 1897 2089 3484 2168">
     <span class='ocr_line' id='line_1_48' title="bbox 1897 2089 3484 2168; baseline -0.01 -16"><span class='ocrx_word' id='word_1_302' title='bbox 1897 2114 2038 2168; x_wconf 85' lang='lat' dir='ltr'><strong>quos</strong></span> <span class='ocrx_word' id='word_1_303' title='bbox 2079 2098 2360 2151; x_wconf 75' lang='lat' dir='ltr'><strong>elaborata</strong></span> <span class='ocrx_word' id='word_1_304' title='bbox 2410 2096 2684 2165; x_wconf 90' lang='lat' dir='ltr'><strong>pictorum</strong></span> <span class='ocrx_word' id='word_1_305' title='bbox 2738 2109 2905 2163; x_wconf 86' lang='lat' dir='ltr'><strong>opera</strong></span> <span class='ocrx_word' id='word_1_306' title='bbox 2954 2106 3079 2144; x_wconf 89' lang='lat' dir='ltr'><strong>cum</strong></span> <span class='ocrx_word' id='word_1_307' title='bbox 3128 2089 3244 2159; x_wconf 89' lang='lat' dir='ltr'><strong>ipsa</strong></span> <span class='ocrx_word' id='word_1_308' title='bbox 3303 2098 3484 2140; x_wconf 92' lang='lat' dir='ltr'><strong>rerum</strong></span> 
     </span>
    </p>
   </div>
   <div class='ocr_carea' id='block_1_49' title="bbox 1899 2185 3491 2257">
    <p class='ocr_par' dir='ltr' id='par_1_49' title="bbox 1899 2185 3491 2257">
     <span class='ocr_line' id='line_1_49' title="bbox 1899 2185 3491 2257; baseline -0.008 -14"><span class='ocrx_word' id='word_1_309' title='bbox 1899 2189 2133 2243; x_wconf 78' lang='lat' dir='ltr'><strong>veritate</strong></span> <span class='ocrx_word' id='word_1_310' title='bbox 2159 2197 2374 2242; x_wconf 81' lang='lat' dir='ltr'><strong>certare</strong></span> <span class='ocrx_word' id='word_1_311' title='bbox 2401 2195 2628 2257; x_wconf 84' lang='lat' dir='ltr'><strong>queant.</strong></span> <span class='ocrx_word' id='word_1_312' title='bbox 2661 2186 2801 2239; x_wconf 85' lang='lat' dir='ltr'><strong>Tum</strong></span> <span class='ocrx_word' id='word_1_313' title='bbox 2836 2192 2897 2238; x_wconf 91' lang='lat' dir='ltr'><strong>ut</strong></span> <span class='ocrx_word' id='word_1_314' title='bbox 2926 2185 3157 2237; x_wconf 83' lang='lat' dir='ltr'><strong>arbores</strong></span> <span class='ocrx_word' id='word_1_315' title='bbox 3187 2192 3380 2234; x_wconf 88' lang='lat' dir='ltr'><strong>omnes</strong></span> <span class='ocrx_word' id='word_1_316' title='bbox 3406 2191 3491 2231; x_wconf 77' lang='lat' dir='ltr'><strong>re-</strong></span> 
     </span>
    </p>
   </div>
   <div class='ocr_carea' id='block_1_50' title="bbox 1899 2271 3491 2347">
    <p class='ocr_par' dir='ltr' id='par_1_50' title="bbox 1899 2271 3491 2347">
     <span class='ocr_line' id='line_1_50' title="bbox 1899 2271 3491 2347; baseline -0.009 -10"><span class='ocrx_word' id='word_1_317' title='bbox 1899 2284 2199 2347; x_wconf 88' lang='lat' dir='ltr'><strong>viviscant,</strong></span> <span class='ocrx_word' id='word_1_318' title='bbox 2248 2297 2311 2336; x_wconf 90' lang='lat' dir='ltr'><strong>ac</strong></span> <span class='ocrx_word' id='word_1_319' title='bbox 2357 2280 2728 2335; x_wconf 67' lang='lat' dir='ltr'><strong>solt-trinitatis</strong></span> <span class='ocrx_word' id='word_1_320' title='bbox 2765 2277 3047 2331; x_wconf 68' lang='lat' dir='ltr'><strong>hodierna:</strong></span> <span class='ocrx_word' id='word_1_321' title='bbox 3096 2271 3491 2329; x_wconf 86' lang='lat' dir='ltr'><strong>concelebrent</strong></span> 
     </span>
    </p>
   </div>
   <div class='ocr_carea' id='block_1_51' title="bbox 1899 2363 3490 2447">
    <p class='ocr_par' dir='ltr' id='par_1_51' title="bbox 1899 2363 3490 2447">
     <span class='ocr_line' id='line_1_51' title="bbox 1899 2363 3490 2447; baseline -0.009 -16"><span class='ocrx_word' id='word_1_322' title='bbox 1899 2374 2254 2447; x_wconf 88' lang='lat' dir='ltr'><strong>splendorem</strong></span> <span class='ocrx_word' id='word_1_323' title='bbox 2296 2372 2487 2429; x_wconf 89' lang='lat' dir='ltr'><strong>edicit.</strong></span> <span class='ocrx_word' id='word_1_324' title='bbox 2522 2371 2789 2426; x_wconf 69' lang='lat' dir='ltr'><strong>Laatitiam</strong></span> <span class='ocrx_word' id='word_1_325' title='bbox 2821 2383 2955 2424; x_wconf 90' lang='lat' dir='ltr'><strong>vero</strong></span> <span class='ocrx_word' id='word_1_326' title='bbox 2985 2365 3194 2437; x_wconf 89' lang='lat' dir='ltr'><strong>prodit,</strong></span> <span class='ocrx_word' id='word_1_327' title='bbox 3239 2363 3355 2419; x_wconf 83' lang='lat' dir='ltr'><strong>suis</strong></span> <span class='ocrx_word' id='word_1_328' title='bbox 3399 2376 3490 2417; x_wconf 88' lang='lat' dir='ltr'><strong>se-</strong></span> 
     </span>
    </p>
   </div>
   <div class='ocr_carea' id='block_1_52' title="bbox 1900 2460 3492 2539">
    <p class='ocr_par' dir='ltr' id='par_1_52' title="bbox 1900 2460 3492 2539">
     <span class='ocr_line' id='line_1_52' title="bbox 1900 2460 3492 2539; baseline -0.009 -15"><span class='ocrx_word' id='word_1_329' title='bbox 1900 2471 2190 2539; x_wconf 90' lang='lat' dir='ltr'><strong>metipsam</strong></span> <span class='ocrx_word' id='word_1_330' title='bbox 2221 2466 2450 2521; x_wconf 83' lang='lat' dir='ltr'><strong>ﬂoribus</strong></span> <span class='ocrx_word' id='word_1_331' title='bbox 2479 2479 2774 2527; x_wconf 79' lang='lat' dir='ltr'><strong>exornans,</strong></span> <span class='ocrx_word' id='word_1_332' title='bbox 2801 2476 3031 2531; x_wconf 42' lang='lat' dir='ltr'><strong>quasque</strong></span> <span class='ocrx_word' id='word_1_333' title='bbox 3066 2460 3299 2513; x_wconf 87' lang='lat' dir='ltr'><strong>horrore</strong></span> <span class='ocrx_word' id='word_1_334' title='bbox 3323 2471 3492 2527; x_wconf 81' lang='lat' dir='ltr'><strong>squa-</strong></span> 
     </span>
    </p>
   </div>
   <div class='ocr_carea' id='block_1_53' title="bbox 1902 2549 3344 2622">
    <p class='ocr_par' dir='ltr' id='par_1_53' title="bbox 1902 2549 3344 2622">
     <span class='ocr_line' id='line_1_53' title="bbox 1902 2549 3344 2622; baseline -0.007 -9"><span class='ocrx_word' id='word_1_335' title='bbox 1902 2559 2073 2622; x_wconf 86' lang='lat' dir='ltr'><strong>lebat,</strong></span> <span class='ocrx_word' id='word_1_336' title='bbox 2112 2572 2232 2613; x_wconf 84' lang='lat' dir='ltr'><strong>sese</strong></span> <span class='ocrx_word' id='word_1_337' title='bbox 2264 2572 2412 2609; x_wconf 89' lang='lat' dir='ltr'><strong>nunc</strong></span> <span class='ocrx_word' id='word_1_338' title='bbox 2449 2564 2681 2609; x_wconf 88' lang='lat' dir='ltr'><strong>stratum</strong></span> <span class='ocrx_word' id='word_1_339' title='bbox 2716 2568 3023 2621; x_wconf 85' lang='lat' dir='ltr'><strong>congruum</strong></span> <span class='ocrx_word' id='word_1_340' title='bbox 3058 2549 3344 2619; x_wconf 89' lang='lat' dir='ltr'><strong>supponit.</strong></span> 
     </span>
    </p>
   </div>
   <div class='ocr_carea' id='block_1_54' title="bbox 1975 2642 3488 2717">
    <p class='ocr_par' dir='ltr' id='par_1_54' title="bbox 1975 2642 3488 2717">
     <span class='ocr_line' id='line_1_54' title="bbox 1975 2642 3488 2717; baseline -0.009 -13"><span class='ocrx_word' id='word_1_341' title='bbox 1975 2652 2132 2705; x_wconf 89' lang='lat' dir='ltr'><strong>Nunc</strong></span> <span class='ocrx_word' id='word_1_342' title='bbox 2166 2663 2315 2701; x_wconf 90' lang='lat' dir='ltr'><strong>mare</strong></span> <span class='ocrx_word' id='word_1_343' title='bbox 2343 2688 2357 2712; x_wconf 93' lang='lat'><strong>,</strong></span> <span class='ocrx_word' id='word_1_344' title='bbox 2392 2645 2542 2717; x_wconf 91' lang='lat' dir='ltr'><strong>quod</strong></span> <span class='ocrx_word' id='word_1_345' title='bbox 2582 2645 2844 2700; x_wconf 84' lang='lat' dir='ltr'><strong>ﬂuctibus</strong></span> <span class='ocrx_word' id='word_1_346' title='bbox 2885 2642 3230 2712; x_wconf 86' lang='lat' dir='ltr'><strong>adjacentem</strong></span> <span class='ocrx_word' id='word_1_347' title='bbox 3280 2651 3488 2693; x_wconf 88' lang='lat' dir='ltr'><strong>terram</strong></span> 
     </span>
    </p>
   </div>
   <div class='ocr_carea' id='block_1_55' title="bbox 1903 2730 3491 2809">
    <p class='ocr_par' dir='ltr' id='par_1_55' title="bbox 1903 2730 3491 2809">
     <span class='ocr_line' id='line_1_55' title="bbox 1903 2730 3491 2809; baseline -0.009 -12"><span class='ocrx_word' id='word_1_348' title='bbox 1903 2743 2077 2797; x_wconf 89' lang='lat' dir='ltr'><strong>instar</strong></span> <span class='ocrx_word' id='word_1_349' title='bbox 2122 2739 2298 2795; x_wconf 89' lang='lat' dir='ltr'><strong>hostis</strong></span> <span class='ocrx_word' id='word_1_350' title='bbox 2356 2739 2519 2809; x_wconf 91' lang='lat' dir='ltr'><strong>paulo</strong></span> <span class='ocrx_word' id='word_1_351' title='bbox 2560 2747 2689 2792; x_wconf 88' lang='lat' dir='ltr'><strong>ante</strong></span> <span class='ocrx_word' id='word_1_352' title='bbox 2733 2735 3002 2794; x_wconf 74' lang='lat' dir='ltr'><strong>feriebat,</strong></span> <span class='ocrx_word' id='word_1_353' title='bbox 3041 2733 3227 2802; x_wconf 85' lang='lat' dir='ltr'><strong>gravia</strong></span> <span class='ocrx_word' id='word_1_354' title='bbox 3293 2730 3491 2785; x_wconf 86' lang='lat' dir='ltr'><strong>minari</strong></span> 
     </span>
    </p>
   </div>
   <div class='ocr_carea' id='block_1_56' title="bbox 1904 2824 3492 2895">
    <p class='ocr_par' dir='ltr' id='par_1_56' title="bbox 1904 2824 3492 2895">
     <span class='ocr_line' id='line_1_56' title="bbox 1904 2824 3492 2895; baseline -0.008 -5"><span class='ocrx_word' id='word_1_355' title='bbox 1904 2850 2150 2895; x_wconf 90' lang='lat' dir='ltr'><strong>cessans,</strong></span> <span class='ocrx_word' id='word_1_356' title='bbox 2202 2848 2266 2887; x_wconf 90' lang='lat' dir='ltr'><strong>ac</strong></span> <span class='ocrx_word' id='word_1_357' title='bbox 2300 2832 2510 2893; x_wconf 87' lang='lat' dir='ltr'><strong>ridens,</strong></span> <span class='ocrx_word' id='word_1_358' title='bbox 2567 2828 3077 2884; x_wconf 84' lang='lat' dir='ltr'><strong>reconciliationem</strong></span> <span class='ocrx_word' id='word_1_359' title='bbox 3135 2824 3355 2895; x_wconf 66' lang='lat' dir='ltr'><strong>quatit,</strong></span> <span class='ocrx_word' id='word_1_360' title='bbox 3410 2824 3492 2878; x_wconf 87' lang='lat' dir='ltr'><strong>sic</strong></span> 
     </span>
    </p>
   </div>
   <div class='ocr_carea' id='block_1_57' title="bbox 1909 2913 3494 2991">
    <p class='ocr_par' dir='ltr' id='par_1_57' title="bbox 1909 2913 3494 2991">
     <span class='ocr_line' id='line_1_57' title="bbox 1909 2913 3494 2991; baseline -0.01 -8"><span class='ocrx_word' id='word_1_361' title='bbox 1909 2927 2222 2983; x_wconf 83' lang='lat' dir='ltr'><strong>testimonio</strong></span> <span class='ocrx_word' id='word_1_362' title='bbox 2255 2940 2357 2980; x_wconf 89' lang='lat' dir='ltr'><strong>suo</strong></span> <span class='ocrx_word' id='word_1_363' title='bbox 2384 2923 2739 2986; x_wconf 83' lang='lat' dir='ltr'><strong>confirmans,</strong></span> <span class='ocrx_word' id='word_1_364' title='bbox 2772 2922 2880 2991; x_wconf 86' lang='lat' dir='ltr'><strong>jam</strong></span> <span class='ocrx_word' id='word_1_365' title='bbox 2911 2934 3101 2990; x_wconf 84' lang='lat' dir='ltr'><strong>pacem</strong></span> <span class='ocrx_word' id='word_1_366' title='bbox 3134 2917 3282 2971; x_wconf 87' lang='lat' dir='ltr'><strong>illam</strong></span> <span class='ocrx_word' id='word_1_367' title='bbox 3314 2913 3494 2969; x_wconf 87' lang='lat' dir='ltr'><strong>omni-</strong></span> 
     </span>
    </p>
   </div>
   <div class='ocr_carea' id='block_1_58' title="bbox 1905 3006 3487 3088">
    <p class='ocr_par' dir='ltr' id='par_1_58' title="bbox 1905 3006 3487 3088">
     <span class='ocr_line' id='line_1_58' title="bbox 1905 3006 3487 3088; baseline -0.013 -11"><span class='ocrx_word' id='word_1_368' title='bbox 1905 3023 2008 3077; x_wconf 88' lang='lat' dir='ltr'><strong>bus</strong></span> <span class='ocrx_word' id='word_1_369' title='bbox 2068 3020 2518 3088; x_wconf 73' lang='lat' dir='ltr'><strong>advenisse,quw</strong></span> <span class='ocrx_word' id='word_1_370' title='bbox 2570 3028 2777 3068; x_wconf 80' lang='lat' dir='ltr'><strong>omnem</strong></span> <span class='ocrx_word' id='word_1_371' title='bbox 2837 3027 3048 3066; x_wconf 73' lang='lat' dir='ltr'><strong>sensum</strong></span> <span class='ocrx_word' id='word_1_372' title='bbox 3100 3013 3386 3077; x_wconf 77' lang='lat' dir='ltr'><strong>exsuperat</strong></span> <span class='ocrx_word' id='word_1_373' title='bbox 3416 3006 3487 3061; x_wconf 77' lang='lat'><strong>“.</strong></span> 
     </span>
    </p>
   </div>
   <div class='ocr_carea' id='block_1_59' title="bbox 1903 3110 3490 3177">
    <p class='ocr_par' dir='ltr' id='par_1_59' title="bbox 1903 3110 3490 3177">
     <span class='ocr_line' id='line_1_59' title="bbox 1903 3110 3490 3177; baseline -0.012 -5"><span class='ocrx_word' id='word_1_374' title='bbox 1903 3117 2062 3173; x_wconf 88' lang='lat' dir='ltr'><strong>Nunc</strong></span> <span class='ocrx_word' id='word_1_375' title='bbox 2109 3130 2237 3177; x_wconf 91' lang='lat' dir='ltr'><strong>aer,</strong></span> <span class='ocrx_word' id='word_1_376' title='bbox 2290 3112 2652 3165; x_wconf 87' lang='lat' dir='ltr'><strong>inclementes</strong></span> <span class='ocrx_word' id='word_1_377' title='bbox 2702 3114 2900 3161; x_wconf 90' lang='lat' dir='ltr'><strong>ventos</strong></span> <span class='ocrx_word' id='word_1_378' title='bbox 2938 3118 3002 3158; x_wconf 92' lang='lat' dir='ltr'><strong>ac</strong></span> <span class='ocrx_word' id='word_1_379' title='bbox 3030 3110 3490 3173; x_wconf 78' lang='lat' dir='ltr'><strong>perstrepentem</strong></span> 
     </span>
    </p>
   </div>
   <div class='ocr_carea' id='block_1_60' title="bbox 223 3192 1904 3273">
    <p class='ocr_par' dir='ltr' id='par_1_60' title="bbox 223 3192 1874 3273">
     <span class='ocr_line' id='line_1_60' title="bbox 223 3192 1874 3273; baseline 0.008 -28"><span class='ocrx_word' id='word_1_380' title='bbox 223 3211 386 3261; x_wconf 88' lang='grc' dir='ltr'>μενος</span> <span class='ocrx_word' id='word_1_381' title='bbox 421 3192 673 3263; x_wconf 74' lang='grc' dir='ltr'>βροντὴν,</span> <span class='ocrx_word' id='word_1_382' title='bbox 715 3196 809 3246; x_wconf 73' lang='grc' dir='ltr'>καὶ</span> <span class='ocrx_word' id='word_1_383' title='bbox 833 3196 999 3248; x_wconf 74' lang='grc' dir='ltr'>οἱονεὶ</span> <span class='ocrx_word' id='word_1_384' title='bbox 1026 3197 1299 3260; x_wconf 76' lang='grc' dir='ltr'>τιθασσῶς</span> <span class='ocrx_word' id='word_1_385' title='bbox 1347 3201 1650 3267; x_wconf 78' lang='grc' dir='ltr'>ἐπιπνέων,</span> <span class='ocrx_word' id='word_1_386' title='bbox 1693 3203 1803 3257; x_wconf 84' lang='grc' dir='ltr'>τῶν</span> <span class='ocrx_word' id='word_1_387' title='bbox 1832 3216 1874 3273; x_wconf 81' lang='lat' dir='ltr'>c</span> 
     </span>
    </p>
   </div>
   <div class='ocr_carea' id='block_1_61' title="bbox 1809 3192 3490 3273">
    <p class='ocr_par' dir='ltr' id='par_1_61' title="bbox 1832 3199 3490 3273">
     <span class='ocr_line' id='line_1_61' title="bbox 1832 3199 3490 3273; baseline -0.009 -13"><span class='ocrx_word' id='word_1_388' title='bbox 1832 3216 1874 3273; x_wconf 68' lang='grc' dir='ltr'><strong>(ι</strong></span> <span class='ocrx_word' id='word_1_389' title='bbox 1912 3206 2179 3259; x_wconf 89' lang='lat' dir='ltr'><strong>tonitrum</strong></span> <span class='ocrx_word' id='word_1_390' title='bbox 2215 3203 2494 3273; x_wconf 80' lang='lat' dir='ltr'><strong>ablegatis,</strong></span> <span class='ocrx_word' id='word_1_391' title='bbox 2539 3199 2741 3255; x_wconf 84' lang='lat' dir='ltr'><strong>leniter</strong></span> <span class='ocrx_word' id='word_1_392' title='bbox 2772 3205 3044 3258; x_wconf 88' lang='lat' dir='ltr'><strong>susurrat,</strong></span> <span class='ocrx_word' id='word_1_393' title='bbox 3089 3210 3152 3248; x_wconf 90' lang='lat' dir='ltr'><strong>ac</strong></span> <span class='ocrx_word' id='word_1_394' title='bbox 3205 3200 3490 3248; x_wconf 88' lang='lat' dir='ltr'><strong>mansuete</strong></span> 
     </span>
    </p>
   </div>
   <div class='ocr_carea' id='block_1_62' title="bbox 219 3285 1799 3365">
    <p class='ocr_par' dir='ltr' id='par_1_62' title="bbox 219 3285 1799 3365">
     <span class='ocr_line' id='line_1_62' title="bbox 219 3285 1799 3365; baseline 0.008 -29"><span class='ocrx_word' id='word_1_395' title='bbox 219 3285 484 3337; x_wconf 78' lang='grc' dir='ltr'>οἰκῐσκων</span> <span class='ocrx_word' id='word_1_396' title='bbox 520 3288 729 3349; x_wconf 82' lang='grc' dir='ltr'>πάντας</span> <span class='ocrx_word' id='word_1_397' title='bbox 766 3287 857 3338; x_wconf 79' lang='grc' dir='ltr'><strong>καὶ</strong></span> <span class='ocrx_word' id='word_1_398' title='bbox 890 3288 1245 3343; x_wconf 83' lang='grc' dir='ltr'>καταδύσεων</span> <span class='ocrx_word' id='word_1_399' title='bbox 1276 3292 1617 3351; x_wconf 75' lang='grc' dir='ltr'>ἐκκαλεῖται.</span> <span class='ocrx_word' id='word_1_400' title='bbox 1670 3297 1799 3365; x_wconf 75' lang='grc' dir='ltr'>φίλα</span> 
     </span>
    </p>
   </div>
   <div class='ocr_carea' id='block_1_63' title="bbox 219 3380 1010 3450">
    <p class='ocr_par' dir='ltr' id='par_1_63' title="bbox 219 3380 1010 3450">
     <span class='ocr_line' id='line_1_63' title="bbox 219 3380 1010 3450; baseline 0.004 -20"><span class='ocrx_word' id='word_1_401' title='bbox 219 3382 524 3449; x_wconf 77' lang='grc' dir='ltr'>τροσπνεῖν</span> <span class='ocrx_word' id='word_1_402' title='bbox 551 3380 1010 3450; x_wconf 75' lang='grc' dir='ltr'>ὑπισχνούμενος.</span> 
     </span>
    </p>
   </div>
   <div class='ocr_carea' id='block_1_64' title="bbox 292 3557 1799 3642">
    <p class='ocr_par' dir='ltr' id='par_1_64' title="bbox 292 3557 1799 3642">
     <span class='ocr_line' id='line_1_64' title="bbox 292 3557 1799 3642; baseline 0.008 -32"><span class='ocrx_word' id='word_1_403' title='bbox 292 3557 414 3611; x_wconf 82' lang='grc' dir='ltr'>Νῦν</span> <span class='ocrx_word' id='word_1_404' title='bbox 459 3559 815 3628; x_wconf 67' lang='grc' dir='ltr'>τετραπόδων</span> <span class='ocrx_word' id='word_1_405' title='bbox 874 3562 973 3629; x_wconf 71' lang='grc' dir='ltr'>μὲν</span> <span class='ocrx_word' id='word_1_406' title='bbox 1026 3563 1219 3630; x_wconf 80' lang='grc' dir='ltr'>ἀγέλαι</span> <span class='ocrx_word' id='word_1_407' title='bbox 1288 3569 1517 3635; x_wconf 73' lang='grc' dir='ltr'>σκιρτᾷν</span> <span class='ocrx_word' id='word_1_408' title='bbox 1544 3610 1557 3633; x_wconf 91' lang='grc'><strong>,</strong></span> <span class='ocrx_word' id='word_1_409' title='bbox 1600 3572 1695 3623; x_wconf 75' lang='grc' dir='ltr'>καὶ</span> <span class='ocrx_word' id='word_1_410' title='bbox 1733 3573 1799 3642; x_wconf 77' lang='grc' dir='ltr'>τῇ</span> 
     </span>
    </p>
   </div>
   <div class='ocr_carea' id='block_1_65' title="bbox 227 3654 1803 3723">
    <p class='ocr_par' dir='ltr' id='par_1_65' title="bbox 227 3654 1803 3723">
     <span class='ocr_line' id='line_1_65' title="bbox 227 3654 1803 3723; baseline 0.01 -20"><span class='ocrx_word' id='word_1_411' title='bbox 227 3654 403 3721; x_wconf 82' lang='grc' dir='ltr'>μητρὶ</span> <span class='ocrx_word' id='word_1_412' title='bbox 455 3654 526 3720; x_wconf 84' lang='grc' dir='ltr'><strong>γῇ</strong></span> <span class='ocrx_word' id='word_1_413' title='bbox 589 3654 974 3720; x_wconf 77' lang='grc' dir='ltr'>προσπαίζειν,</span> <span class='ocrx_word' id='word_1_414' title='bbox 1034 3658 1129 3709; x_wconf 56' lang='grc' dir='ltr'><strong>καὶ⁸</strong></span> <span class='ocrx_word' id='word_1_415' title='bbox 1180 3658 1437 3723; x_wconf 80' lang='grc' dir='ltr'>πωλικῶς</span> <span class='ocrx_word' id='word_1_416' title='bbox 1482 3662 1803 3718; x_wconf 67' lang='grc' dir='ltr'>ὲνάλλεσθκ</span> 
     </span>
    </p>
   </div>
   <div class='ocr_carea' id='block_1_66' title="bbox 222 3744 1802 3822">
    <p class='ocr_par' dir='ltr' id='par_1_66' title="bbox 222 3744 1802 3822">
     <span class='ocr_line' id='line_1_66' title="bbox 222 3744 1802 3822; baseline 0.008 -25"><span class='ocrx_word' id='word_1_417' title='bbox 222 3744 623 3798; x_wconf 76' lang='grc' dir='ltr'>διανίστανται.</span> <span class='ocrx_word' id='word_1_418' title='bbox 680 3744 936 3799; x_wconf 85' lang='grc' dir='ltr'>Νεοττῶν</span> <span class='ocrx_word' id='word_1_419' title='bbox 964 3748 1021 3800; x_wconf 82' lang='grc' dir='ltr'>δὲ</span> <span class='ocrx_word' id='word_1_420' title='bbox 1066 3748 1196 3818; x_wconf 80' lang='grc' dir='ltr'>γένη</span> <span class='ocrx_word' id='word_1_421' title='bbox 1254 3751 1313 3802; x_wconf 76' lang='grc' dir='ltr'>τὸ</span> <span class='ocrx_word' id='word_1_422' title='bbox 1366 3756 1565 3822; x_wconf 74' lang='grc' dir='ltr'>πτερὸν</span> <span class='ocrx_word' id='word_1_423' title='bbox 1598 3757 1802 3810; x_wconf 81' lang='grc' dir='ltr'>ἄπονον</span> 
     </span>
    </p>
   </div>
   <div class='ocr_carea' id='block_1_67' title="bbox 223 3835 1801 3914">
    <p class='ocr_par' dir='ltr' id='par_1_67' title="bbox 223 3835 1801 3914">
     <span class='ocr_line' id='line_1_67' title="bbox 223 3835 1801 3914; baseline 0.009 -27"><span class='ocrx_word' id='word_1_424' title='bbox 223 3836 465 3903; x_wconf 57' lang='grc' dir='ltr'>ἔραττλοί</span> <span class='ocrx_word' id='word_1_425' title='bbox 500 3835 635 3905; x_wconf 70' lang='grc' dir='ltr'>πρὸς</span> <span class='ocrx_word' id='word_1_426' title='bbox 666 3838 804 3907; x_wconf 81' lang='grc' dir='ltr'>ἀέρα</span> <span class='ocrx_word' id='word_1_427' title='bbox 835 3854 848 3869; x_wconf 79' lang='grc'><strong><em>⁸</em></strong></span> <span class='ocrx_word' id='word_1_428' title='bbox 880 3839 973 3891; x_wconf 72' lang='grc' dir='ltr'>καὶ</span> <span class='ocrx_word' id='word_1_429' title='bbox 1010 3842 1293 3909; x_wconf 82' lang='grc' dir='ltr'>μουσικῶς</span> <span class='ocrx_word' id='word_1_430' title='bbox 1326 3844 1637 3914; x_wconf 78' lang='grc' dir='ltr'>κιοαρέζειν</span> <span class='ocrx_word' id='word_1_431' title='bbox 1660 3851 1801 3901; x_wconf 82' lang='grc' dir='ltr'>ἐτοι-</span> 
     </span>
    </p>
   </div>
   <div class='ocr_carea' id='block_1_68' title="bbox 227 3928 1804 4001">
    <p class='ocr_par' dir='ltr' id='par_1_68' title="bbox 227 3928 1804 4001">
     <span class='ocr_line' id='line_1_68' title="bbox 227 3928 1804 4001; baseline 0.009 -21"><span class='ocrx_word' id='word_1_432' title='bbox 227 3928 469 3997; x_wconf 72' lang='grc' dir='ltr'>μᾶζεται</span> <span class='ocrx_word' id='word_1_433' title='bbox 500 3930 569 3980; x_wconf 74' lang='grc' dir='ltr'><strong>τὰ</strong></span> <span class='ocrx_word' id='word_1_434' title='bbox 601 3928 997 3997; x_wconf 62' lang='grc' dir='ltr'>ποικιλόςωνα,</span> <span class='ocrx_word' id='word_1_435' title='bbox 1047 3933 1262 4001; x_wconf 81' lang='grc' dir='ltr'>χαίρειν</span> <span class='ocrx_word' id='word_1_436' title='bbox 1293 3937 1355 3987; x_wconf 81' lang='grc' dir='ltr'>ὲκ</span> <span class='ocrx_word' id='word_1_437' title='bbox 1390 3938 1581 3991; x_wconf 82' lang='grc' dir='ltr'>τούτου</span> <span class='ocrx_word' id='word_1_438' title='bbox 1627 3941 1804 3994; x_wconf 71' lang='grc' dir='ltr'>πάντα</span> 
     </span>
    </p>
   </div>
   <div class='ocr_carea' id='block_1_69' title="bbox 220 4021 1805 4095">
    <p class='ocr_par' dir='ltr' id='par_1_69' title="bbox 220 4021 1805 4095">
     <span class='ocr_line' id='line_1_69' title="bbox 220 4021 1805 4095; baseline 0.008 -22"><span class='ocrx_word' id='word_1_439' title='bbox 220 4021 691 4090; x_wconf 74' lang='grc' dir='ltr'>διασημαίνοντα.</span> <span class='ocrx_word' id='word_1_440' title='bbox 727 4021 998 4092; x_wconf 82' lang='grc' dir='ltr'>Καθάπερ</span> <span class='ocrx_word' id='word_1_441' title='bbox 1033 4026 1128 4077; x_wconf 77' lang='grc' dir='ltr'>καὶ</span> <span class='ocrx_word' id='word_1_442' title='bbox 1160 4024 1458 4095; x_wconf 81' lang='grc' dir='ltr'>ἄνθρωποι,</span> <span class='ocrx_word' id='word_1_443' title='bbox 1501 4029 1568 4082; x_wconf 86' lang='grc' dir='ltr'><strong>δι’</strong></span> <span class='ocrx_word' id='word_1_444' title='bbox 1600 4027 1672 4083; x_wconf 72' lang='grc' dir='ltr'><strong>ὧν</strong></span> <span class='ocrx_word' id='word_1_445' title='bbox 1712 4032 1805 4086; x_wconf 83' lang='grc' dir='ltr'><strong>νῦν</strong></span> 
     </span>
    </p>
   </div>
   <div class='ocr_carea' id='block_1_70' title="bbox 228 4113 1807 4192">
    <p class='ocr_par' dir='ltr' id='par_1_70' title="bbox 228 4113 1807 4192">
     <span class='ocr_line' id='line_1_70' title="bbox 228 4113 1807 4192; baseline 0.01 -28"><span class='ocrx_word' id='word_1_446' title='bbox 228 4116 329 4183; x_wconf 81' lang='grc' dir='ltr'>μὲν</span> <span class='ocrx_word' id='word_1_447' title='bbox 369 4113 467 4166; x_wconf 88' lang='grc' dir='ltr'><strong>τοῦ</strong></span> <span class='ocrx_word' id='word_1_448' title='bbox 512 4113 767 4183; x_wconf 76' lang='grc' dir='ltr'>σώματος</span> <span class='ocrx_word' id='word_1_449' title='bbox 818 4115 1193 4186; x_wconf 69' lang='grc' dir='ltr'>ἀππιοέμεοα</span> <span class='ocrx_word' id='word_1_450' title='bbox 1240 4120 1349 4173; x_wconf 79' lang='grc' dir='ltr'>τῶν</span> <span class='ocrx_word' id='word_1_451' title='bbox 1384 4121 1707 4192; x_wconf 81' lang='grc' dir='ltr'>ἐνδυμάτων</span> <span class='ocrx_word' id='word_1_452' title='bbox 1739 4126 1807 4180; x_wconf 76' lang='grc' dir='ltr'><strong>τὰ</strong></span> 
     </span>
    </p>
   </div>
   <div class='ocr_carea' id='block_1_71' title="bbox 223 4197 1800 4285">
    <p class='ocr_par' dir='ltr' id='par_1_71' title="bbox 223 4197 1800 4285">
     <span class='ocr_line' id='line_1_71' title="bbox 223 4197 1800 4285; baseline 0.008 -27"><span class='ocrx_word' id='word_1_453' title='bbox 223 4207 425 4267; x_wconf 79' lang='grc' dir='ltr'>πλείω,</span> <span class='ocrx_word' id='word_1_454' title='bbox 456 4205 525 4257; x_wconf 78' lang='grc' dir='ltr'>δι’</span> <span class='ocrx_word' id='word_1_455' title='bbox 556 4197 630 4257; x_wconf 81' lang='grc' dir='ltr'>ὧν</span> <span class='ocrx_word' id='word_1_456' title='bbox 660 4205 717 4257; x_wconf 67' lang='grc' dir='ltr'>δὲ</span> <span class='ocrx_word' id='word_1_457' title='bbox 765 4203 921 4257; x_wconf 87' lang='grc' dir='ltr'>πλεῖν</span> <span class='ocrx_word' id='word_1_458' title='bbox 963 4206 1059 4259; x_wconf 77' lang='grc' dir='ltr'>καὶ</span> <span class='ocrx_word' id='word_1_459' title='bbox 1108 4214 1440 4279; x_wconf 79' lang='grc' dir='ltr'>στρατηγεῖν</span> <span class='ocrx_word' id='word_1_460' title='bbox 1489 4215 1800 4285; x_wconf 72' lang='grc' dir='ltr'>ἀρχόμεθα,</span> 
     </span>
    </p>
   </div>
   <div class='ocr_carea' id='block_1_72' title="bbox 225 4298 1808 4377">
    <p class='ocr_par' dir='ltr' id='par_1_72' title="bbox 225 4298 1808 4377">
     <span class='ocr_line' id='line_1_72' title="bbox 225 4298 1808 4377; baseline 0.007 -23"><span class='ocrx_word' id='word_1_461' title='bbox 225 4303 322 4354; x_wconf 67' lang='grc' dir='ltr'><strong>καὶ</strong></span> <span class='ocrx_word' id='word_1_462' title='bbox 354 4300 497 4369; x_wconf 71' lang='grc' dir='ltr'>πρὸς</span> <span class='ocrx_word' id='word_1_463' title='bbox 528 4298 841 4369; x_wconf 74' lang='grc' dir='ltr'>ἀποδημίας</span> <span class='ocrx_word' id='word_1_464' title='bbox 867 4299 1067 4363; x_wconf 75' lang='grc' dir='ltr'>ἵεσθαι,</span> <span class='ocrx_word' id='word_1_465' title='bbox 1114 4304 1204 4354; x_wconf 75' lang='grc' dir='ltr'>καὶ</span> <span class='ocrx_word' id='word_1_466' title='bbox 1236 4304 1375 4367; x_wconf 77' lang='grc' dir='ltr'>ὅλως</span> <span class='ocrx_word' id='word_1_467' title='bbox 1410 4310 1565 4377; x_wconf 83' lang='grc' dir='ltr'>χεῖρα</span> <span class='ocrx_word' id='word_1_468' title='bbox 1600 4317 1808 4377; x_wconf 78' lang='grc' dir='ltr'>καινοῖς</span> 
     </span>
    </p>
   </div>
   <div class='ocr_carea' id='block_1_73' title="bbox 223 4391 1811 4476">
    <p class='ocr_par' dir='ltr' id='par_1_73' title="bbox 223 4391 1811 4476">
     <span class='ocr_line' id='line_1_73' title="bbox 223 4391 1811 4476; baseline 0.003 -33"><span class='ocrx_word' id='word_1_469' title='bbox 223 4392 549 4444; x_wconf 79' lang='grc' dir='ltr'>ἐπιϐάλλειν</span> <span class='ocrx_word' id='word_1_470' title='bbox 582 4391 769 4460; x_wconf 78' lang='grc' dir='ltr'>ἔργοις</span> <span class='ocrx_word' id='word_1_471' title='bbox 797 4406 811 4421; x_wconf 78' lang='grc'><strong><em>⁸</em></strong></span> <span class='ocrx_word' id='word_1_472' title='bbox 840 4393 921 4444; x_wconf 76' lang='grc' dir='ltr'>ὃτι</span> <span class='ocrx_word' id='word_1_473' title='bbox 956 4393 1049 4445; x_wconf 86' lang='grc' dir='ltr'><strong>νῦν</strong></span> <span class='ocrx_word' id='word_1_474' title='bbox 1084 4394 1144 4445; x_wconf 72' lang='grc' dir='ltr'><strong>τὸ</strong></span> <span class='ocrx_word' id='word_1_475' title='bbox 1190 4394 1330 4465; x_wconf 74' lang='grc' dir='ltr'>βαρὺ</span> <span class='ocrx_word' id='word_1_476' title='bbox 1362 4398 1461 4468; x_wconf 81' lang='grc' dir='ltr'>τῆς</span> <span class='ocrx_word' id='word_1_477' title='bbox 1506 4402 1811 4476; x_wconf 67' lang='grc' dir='ltr'>παλαιότη-</span> 
     </span>
    </p>
   </div>
   <div class='ocr_carea' id='block_1_74' title="bbox 222 4481 1811 4563">
    <p class='ocr_par' dir='ltr' id='par_1_74' title="bbox 222 4481 1811 4563">
     <span class='ocr_line' id='line_1_74' title="bbox 222 4481 1811 4563; baseline 0.018 -45"><span class='ocrx_word' id='word_1_478' title='bbox 222 4499 344 4546; x_wconf 47' lang='grc' dir='ltr'><strong>τοςν</strong></span> <span class='ocrx_word' id='word_1_479' title='bbox 380 4481 799 4549; x_wconf 69' lang='grc' dir='ltr'>διαγγέλλομεν,</span> <span class='ocrx_word' id='word_1_480' title='bbox 833 4481 1138 4551; x_wconf 80' lang='grc' dir='ltr'>ἀπεξέσθη,</span> <span class='ocrx_word' id='word_1_481' title='bbox 1183 4485 1278 4537; x_wconf 76' lang='grc' dir='ltr'>καὶ</span> <span class='ocrx_word' id='word_1_482' title='bbox 1314 4487 1621 4554; x_wconf 68' lang='grc' dir='ltr'>ἀνάκλασις</span> <span class='ocrx_word' id='word_1_483' title='bbox 1656 4491 1811 4563; x_wconf 66' lang='grc' dir='ltr'>διηρο</span> 
     </span>
    </p>
   </div>
   <div class='ocr_carea' id='block_1_75' title="bbox 1902 3287 3487 3367">
    <p class='ocr_par' dir='ltr' id='par_1_75' title="bbox 1902 3287 3487 3367">
     <span class='ocr_line' id='line_1_75' title="bbox 1902 3287 3487 3367; baseline -0.008 -14"><span class='ocrx_word' id='word_1_484' title='bbox 1902 3300 2149 3367; x_wconf 85' lang='lat' dir='ltr'><strong>aspirans</strong></span> <span class='ocrx_word' id='word_1_485' title='bbox 2196 3311 2389 3349; x_wconf 86' lang='lat' dir='ltr'><strong>omnes</strong></span> <span class='ocrx_word' id='word_1_486' title='bbox 2440 3290 2848 3364; x_wconf 80' lang='lat' dir='ltr'><strong>quodammodo</strong></span> <span class='ocrx_word' id='word_1_487' title='bbox 2894 3298 3091 3344; x_wconf 87' lang='lat' dir='ltr'><strong>evocat</strong></span> <span class='ocrx_word' id='word_1_488' title='bbox 3151 3304 3181 3344; x_wconf 91' lang='lat' dir='ltr'><strong>e</strong></span> <span class='ocrx_word' id='word_1_489' title='bbox 3248 3287 3487 3343; x_wconf 80' lang='lat' dir='ltr'><strong>domun-</strong></span> 
     </span>
    </p>
   </div>
   <div class='ocr_carea' id='block_1_76' title="bbox 1902 3380 3489 3458">
    <p class='ocr_par' dir='ltr' id='par_1_76' title="bbox 1902 3380 3489 3458">
     <span class='ocr_line' id='line_1_76' title="bbox 1902 3380 3489 3458; baseline -0.008 -13"><span class='ocrx_word' id='word_1_490' title='bbox 1902 3391 2042 3445; x_wconf 91' lang='lat' dir='ltr'><strong>culis</strong></span> <span class='ocrx_word' id='word_1_491' title='bbox 2096 3398 2259 3458; x_wconf 86' lang='lat' dir='ltr'><strong>atque</strong></span> <span class='ocrx_word' id='word_1_492' title='bbox 2308 3403 2337 3442; x_wconf 91' lang='lat' dir='ltr'><strong>e</strong></span> <span class='ocrx_word' id='word_1_493' title='bbox 2386 3386 2654 3447; x_wconf 88' lang='lat' dir='ltr'><strong>latebris,</strong></span> <span class='ocrx_word' id='word_1_494' title='bbox 2702 3382 2946 3455; x_wconf 87' lang='lat' dir='ltr'><strong>jucunde</strong></span> <span class='ocrx_word' id='word_1_495' title='bbox 2998 3396 3118 3436; x_wconf 88' lang='lat' dir='ltr'><strong>sese</strong></span> <span class='ocrx_word' id='word_1_496' title='bbox 3160 3380 3489 3452; x_wconf 86' lang='lat' dir='ltr'><strong>promittens</strong></span> 
     </span>
    </p>
   </div>
   <div class='ocr_carea' id='block_1_77' title="bbox 1904 3482 2303 3550">
    <p class='ocr_par' dir='ltr' id='par_1_77' title="bbox 1904 3482 2303 3550">
     <span class='ocr_line' id='line_1_77' title="bbox 1904 3482 2303 3550; baseline -0.008 -16"><span class='ocrx_word' id='word_1_497' title='bbox 1904 3482 2303 3550; x_wconf 83' lang='lat' dir='ltr'><strong>aspiraturum.</strong></span> 
     </span>
    </p>
   </div>
   <div class='ocr_carea' id='block_1_78' title="bbox 1974 3568 3487 3640">
    <p class='ocr_par' dir='ltr' id='par_1_78' title="bbox 1974 3568 3487 3640">
     <span class='ocr_line' id='line_1_78' title="bbox 1974 3568 3487 3640; baseline -0.008 -14"><span class='ocrx_word' id='word_1_498' title='bbox 1974 3572 2130 3627; x_wconf 84' lang='lat' dir='ltr'><strong>Nunc</strong></span> <span class='ocrx_word' id='word_1_499' title='bbox 2151 3568 2573 3640; x_wconf 88' lang='lat' dir='ltr'><strong>quadrupedum</strong></span> <span class='ocrx_word' id='word_1_500' title='bbox 2597 3585 2790 3639; x_wconf 81' lang='lat' dir='ltr'><strong>greges</strong></span> <span class='ocrx_word' id='word_1_501' title='bbox 2812 3576 3161 3638; x_wconf 78' lang='lat' dir='ltr'><strong>assurgentes</strong></span> <span class='ocrx_word' id='word_1_502' title='bbox 3186 3568 3487 3627; x_wconf 77' lang='lat' dir='ltr'><strong>exsultant,</strong></span> 
     </span>
    </p>
   </div>
   <div class='ocr_carea' id='block_1_79' title="bbox 1904 3658 3485 3731">
    <p class='ocr_par' dir='ltr' id='par_1_79' title="bbox 1904 3658 3485 3731">
     <span class='ocr_line' id='line_1_79' title="bbox 1904 3658 3485 3731; baseline -0.006 -12"><span class='ocrx_word' id='word_1_503' title='bbox 1904 3674 1961 3719; x_wconf 88' lang='lat' dir='ltr'><strong>et</strong></span> <span class='ocrx_word' id='word_1_504' title='bbox 2010 3665 2168 3717; x_wconf 88' lang='lat' dir='ltr'><strong>matri</strong></span> <span class='ocrx_word' id='word_1_505' title='bbox 2201 3671 2358 3716; x_wconf 80' lang='lat' dir='ltr'><strong>terra:</strong></span> <span class='ocrx_word' id='word_1_506' title='bbox 2392 3661 2664 3726; x_wconf 86' lang='lat' dir='ltr'><strong>alludunt,</strong></span> <span class='ocrx_word' id='word_1_507' title='bbox 2696 3677 2761 3715; x_wconf 91' lang='lat' dir='ltr'><strong>ac</strong></span> <span class='ocrx_word' id='word_1_508' title='bbox 2794 3661 3071 3731; x_wconf 88' lang='lat' dir='ltr'><strong>pullorum</strong></span> <span class='ocrx_word' id='word_1_509' title='bbox 3123 3674 3273 3713; x_wconf 88' lang='lat' dir='ltr'><strong>more</strong></span> <span class='ocrx_word' id='word_1_510' title='bbox 3306 3658 3485 3727; x_wconf 89' lang='lat' dir='ltr'><strong>tripu-</strong></span> 
     </span>
    </p>
   </div>
   <div class='ocr_carea' id='block_1_80' title="bbox 1905 3756 3487 3820">
    <p class='ocr_par' dir='ltr' id='par_1_80' title="bbox 1905 3756 3487 3820">
     <span class='ocr_line' id='line_1_80' title="bbox 1905 3756 3487 3820; baseline -0.005 -11"><span class='ocrx_word' id='word_1_511' title='bbox 1905 3757 2079 3811; x_wconf 86' lang='lat' dir='ltr'><strong>diant.</strong></span> <span class='ocrx_word' id='word_1_512' title='bbox 2110 3756 2407 3809; x_wconf 82' lang='lat' dir='ltr'><strong>Volucrum</strong></span> <span class='ocrx_word' id='word_1_513' title='bbox 2452 3769 2584 3807; x_wconf 79' lang='lat' dir='ltr'><strong>vero</strong></span> <span class='ocrx_word' id='word_1_514' title='bbox 2638 3768 2831 3807; x_wconf 89' lang='lat' dir='ltr'><strong>recens</strong></span> <span class='ocrx_word' id='word_1_515' title='bbox 2868 3761 3157 3806; x_wconf 89' lang='lat' dir='ltr'><strong>enatarum</strong></span> <span class='ocrx_word' id='word_1_516' title='bbox 3215 3758 3487 3820; x_wconf 88' lang='lat' dir='ltr'><strong>quotquot</strong></span> 
     </span>
    </p>
   </div>
   <div class='ocr_carea' id='block_1_81' title="bbox 1906 3840 3482 3918">
    <p class='ocr_par' dir='ltr' id='par_1_81' title="bbox 1906 3840 3482 3918">
     <span class='ocr_line' id='line_1_81' title="bbox 1906 3840 3482 3918; baseline -0.004 -17"><span class='ocrx_word' id='word_1_517' title='bbox 1906 3859 2034 3902; x_wconf 65' lang='lat' dir='ltr'><strong>sunt</strong></span> <span class='ocrx_word' id='word_1_518' title='bbox 2060 3862 2282 3918; x_wconf 89' lang='lat' dir='ltr'><strong>genera,</strong></span> <span class='ocrx_word' id='word_1_519' title='bbox 2320 3846 2433 3900; x_wconf 82' lang='lat' dir='ltr'><strong>alas</strong></span> <span class='ocrx_word' id='word_1_520' title='bbox 2465 3861 2562 3915; x_wconf 90' lang='lat' dir='ltr'><strong>per</strong></span> <span class='ocrx_word' id='word_1_521' title='bbox 2595 3859 2724 3899; x_wconf 88' lang='lat' dir='ltr'><strong>aera</strong></span> <span class='ocrx_word' id='word_1_522' title='bbox 2758 3844 2876 3899; x_wconf 88' lang='lat' dir='ltr'><strong>sine</strong></span> <span class='ocrx_word' id='word_1_523' title='bbox 2912 3844 3100 3899; x_wconf 89' lang='lat' dir='ltr'><strong>labore</strong></span> <span class='ocrx_word' id='word_1_524' title='bbox 3132 3840 3482 3911; x_wconf 88' lang='lat' dir='ltr'><strong>expandunt;</strong></span> 
     </span>
    </p>
   </div>
   <div class='ocr_carea' id='block_1_82' title="bbox 1907 3928 3485 4006">
    <p class='ocr_par' dir='ltr' id='par_1_82' title="bbox 1907 3928 3485 4006">
     <span class='ocr_line' id='line_1_82' title="bbox 1907 3928 3485 4006; baseline -0.006 -15"><span class='ocrx_word' id='word_1_525' title='bbox 1907 3948 1962 3991; x_wconf 92' lang='lat' dir='ltr'><strong>ct</strong></span> <span class='ocrx_word' id='word_1_526' title='bbox 1990 3953 2110 4006; x_wconf 72' lang='lat' dir='ltr'><strong>qum</strong></span> <span class='ocrx_word' id='word_1_527' title='bbox 2146 3936 2415 3990; x_wconf 84' lang='lat' dir='ltr'><strong>suavitate</strong></span> <span class='ocrx_word' id='word_1_528' title='bbox 2442 3928 2579 3988; x_wconf 85' lang='lat' dir='ltr'><strong>varii</strong></span> <span class='ocrx_word' id='word_1_529' title='bbox 2613 3945 2807 3989; x_wconf 91' lang='lat' dir='ltr'><strong>cantus</strong></span> <span class='ocrx_word' id='word_1_530' title='bbox 2835 3935 3133 3996; x_wconf 79' lang='lat' dir='ltr'><strong>excellunt,</strong></span> <span class='ocrx_word' id='word_1_531' title='bbox 3177 3932 3397 4002; x_wconf 84' lang='lat' dir='ltr'><strong>jamjam</strong></span> <span class='ocrx_word' id='word_1_532' title='bbox 3426 3945 3485 3983; x_wconf 85' lang='lat' dir='ltr'><strong>se</strong></span> 
     </span>
    </p>
   </div>
   <div class='ocr_carea' id='block_1_83' title="bbox 1906 4022 3484 4097">
    <p class='ocr_par' dir='ltr' id='par_1_83' title="bbox 1906 4022 3484 4097">
     <span class='ocr_line' id='line_1_83' title="bbox 1906 4022 3484 4097; baseline -0.005 -16"><span class='ocrx_word' id='word_1_533' title='bbox 1906 4038 2123 4097; x_wconf 85' lang='lat' dir='ltr'><strong>parant,</strong></span> <span class='ocrx_word' id='word_1_534' title='bbox 2158 4037 2218 4082; x_wconf 88' lang='lat' dir='ltr'><strong>ut</strong></span> <span class='ocrx_word' id='word_1_535' title='bbox 2253 4027 2493 4081; x_wconf 90' lang='lat' dir='ltr'><strong>musicos</strong></span> <span class='ocrx_word' id='word_1_536' title='bbox 2549 4036 2854 4080; x_wconf 89' lang='lat' dir='ltr'><strong>concentus</strong></span> <span class='ocrx_word' id='word_1_537' title='bbox 2877 4025 3044 4079; x_wconf 89' lang='lat' dir='ltr'><strong>veluti</strong></span> <span class='ocrx_word' id='word_1_538' title='bbox 3107 4022 3174 4077; x_wconf 92' lang='lat' dir='ltr'><strong>ad</strong></span> <span class='ocrx_word' id='word_1_539' title='bbox 3216 4022 3484 4076; x_wconf 83' lang='lat' dir='ltr'><strong>citharam</strong></span> 
     </span>
    </p>
   </div>
   <div class='ocr_carea' id='block_1_84' title="bbox 1909 4116 3486 4188">
    <p class='ocr_par' dir='ltr' id='par_1_84' title="bbox 1909 4116 3486 4188">
     <span class='ocr_line' id='line_1_84' title="bbox 1909 4116 3486 4188; baseline -0.006 -13"><span class='ocrx_word' id='word_1_540' title='bbox 1909 4122 2280 4183; x_wconf 89' lang='lat' dir='ltr'><strong>modulentur,</strong></span> <span class='ocrx_word' id='word_1_541' title='bbox 2312 4133 2584 4188; x_wconf 90' lang='lat' dir='ltr'><strong>suumque</strong></span> <span class='ocrx_word' id='word_1_542' title='bbox 2610 4133 2706 4188; x_wconf 88' lang='lat' dir='ltr'><strong>per</strong></span> <span class='ocrx_word' id='word_1_543' title='bbox 2728 4117 2841 4171; x_wconf 65' lang='lat' dir='ltr'><strong>haec</strong></span> <span class='ocrx_word' id='word_1_544' title='bbox 2874 4116 3131 4187; x_wconf 89' lang='lat' dir='ltr'><strong>gaudium</strong></span> <span class='ocrx_word' id='word_1_545' title='bbox 3160 4130 3266 4168; x_wconf 90' lang='lat' dir='ltr'><strong>una</strong></span> <span class='ocrx_word' id='word_1_546' title='bbox 3290 4128 3486 4167; x_wconf 86' lang='lat' dir='ltr'><strong>omnes</strong></span> 
     </span>
    </p>
   </div>
   <div class='ocr_carea' id='block_1_85' title="bbox 1911 4206 3484 4286">
    <p class='ocr_par' dir='ltr' id='par_1_85' title="bbox 1911 4206 3484 4286">
     <span class='ocr_line' id='line_1_85' title="bbox 1911 4206 3484 4286; baseline -0.007 -17"><span class='ocrx_word' id='word_1_547' title='bbox 1911 4215 2242 4286; x_wconf 76' lang='lat' dir='ltr'><strong>significent.</strong></span> <span class='ocrx_word' id='word_1_548' title='bbox 2274 4212 2387 4267; x_wconf 87' lang='lat' dir='ltr'><strong>Nec</strong></span> <span class='ocrx_word' id='word_1_549' title='bbox 2439 4211 2694 4266; x_wconf 88' lang='lat' dir='ltr'><strong>dissimili</strong></span> <span class='ocrx_word' id='word_1_550' title='bbox 2728 4211 2938 4265; x_wconf 89' lang='lat' dir='ltr'><strong>ratione</strong></span> <span class='ocrx_word' id='word_1_551' title='bbox 2972 4224 3069 4263; x_wconf 90' lang='lat' dir='ltr'><strong>nos</strong></span> <span class='ocrx_word' id='word_1_552' title='bbox 3114 4221 3334 4279; x_wconf 91' lang='lat' dir='ltr'><strong>quoque</strong></span> <span class='ocrx_word' id='word_1_553' title='bbox 3382 4206 3484 4259; x_wconf 88' lang='lat' dir='ltr'><strong>ho-</strong></span> 
     </span>
    </p>
   </div>
   <div class='ocr_carea' id='block_1_86' title="bbox 1912 4300 3485 4378">
    <p class='ocr_par' dir='ltr' id='par_1_86' title="bbox 1912 4300 3485 4378">
     <span class='ocr_line' id='line_1_86' title="bbox 1912 4300 3485 4378; baseline -0.006 -15"><span class='ocrx_word' id='word_1_554' title='bbox 1912 4312 2085 4363; x_wconf 90' lang='lat' dir='ltr'><strong>mines</strong></span> <span class='ocrx_word' id='word_1_555' title='bbox 2120 4325 2218 4378; x_wconf 90' lang='lat' dir='ltr'><strong>per</strong></span> <span class='ocrx_word' id='word_1_556' title='bbox 2264 4308 2407 4361; x_wconf 89' lang='lat' dir='ltr'><strong>hanc</strong></span> <span class='ocrx_word' id='word_1_557' title='bbox 2458 4305 2584 4359; x_wconf 87' lang='lat' dir='ltr'><strong>anni</strong></span> <span class='ocrx_word' id='word_1_558' title='bbox 2643 4314 3021 4373; x_wconf 86' lang='lat' dir='ltr'><strong>tempestatem</strong></span> <span class='ocrx_word' id='word_1_559' title='bbox 3072 4302 3203 4356; x_wconf 91' lang='lat' dir='ltr'><strong>hinc</strong></span> <span class='ocrx_word' id='word_1_560' title='bbox 3264 4300 3485 4370; x_wconf 90' lang='lat' dir='ltr'><strong>quidem</strong></span> 
     </span>
    </p>
   </div>
   <div class='ocr_carea' id='block_1_87' title="bbox 1913 4390 3489 4469">
    <p class='ocr_par' dir='ltr' id='par_1_87' title="bbox 1913 4390 3489 4469">
     <span class='ocr_line' id='line_1_87' title="bbox 1913 4390 3489 4469; baseline -0.006 -18"><span class='ocrx_word' id='word_1_561' title='bbox 1913 4400 2067 4469; x_wconf 90' lang='lat' dir='ltr'><strong>plura</strong></span> <span class='ocrx_word' id='word_1_562' title='bbox 2101 4399 2189 4452; x_wconf 90' lang='lat' dir='ltr'><strong>illa</strong></span> <span class='ocrx_word' id='word_1_563' title='bbox 2218 4396 2471 4467; x_wconf 90' lang='lat' dir='ltr'><strong>corporis</strong></span> <span class='ocrx_word' id='word_1_564' title='bbox 2518 4393 2839 4448; x_wconf 87' lang='lat' dir='ltr'><strong>indumenta</strong></span> <span class='ocrx_word' id='word_1_565' title='bbox 2885 4390 3197 4462; x_wconf 89' lang='lat' dir='ltr'><strong>abjicimus,</strong></span> <span class='ocrx_word' id='word_1_566' title='bbox 3242 4390 3369 4445; x_wconf 88' lang='lat' dir='ltr'><strong>inde</strong></span> <span class='ocrx_word' id='word_1_567' title='bbox 3398 4406 3489 4443; x_wconf 90' lang='lat' dir='ltr'><strong>au-</strong></span> 
     </span>
    </p>
   </div>
   <div class='ocr_carea' id='block_1_88' title="bbox 1917 4486 3485 4561">
    <p class='ocr_par' dir='ltr' id='par_1_88' title="bbox 1917 4486 3485 4561">
     <span class='ocr_line' id='line_1_88' title="bbox 1917 4486 3485 4561; baseline -0.005 -16"><span class='ocrx_word' id='word_1_568' title='bbox 1917 4503 2023 4547; x_wconf 90' lang='lat' dir='ltr'><strong>tem</strong></span> <span class='ocrx_word' id='word_1_569' title='bbox 2058 4501 2113 4547; x_wconf 89' lang='lat' dir='ltr'><strong>et</strong></span> <span class='ocrx_word' id='word_1_570' title='bbox 2147 4492 2403 4561; x_wconf 86' lang='lat' dir='ltr'><strong>navigare</strong></span> <span class='ocrx_word' id='word_1_571' title='bbox 2428 4498 2483 4545; x_wconf 88' lang='lat' dir='ltr'><strong>el</strong></span> <span class='ocrx_word' id='word_1_572' title='bbox 2508 4489 2649 4543; x_wconf 90' lang='lat' dir='ltr'><strong>bella</strong></span> <span class='ocrx_word' id='word_1_573' title='bbox 2693 4487 2996 4558; x_wconf 89' lang='lat' dir='ltr'><strong>suscipere,</strong></span> <span class='ocrx_word' id='word_1_574' title='bbox 3030 4496 3085 4542; x_wconf 89' lang='lat' dir='ltr'><strong>et</strong></span> <span class='ocrx_word' id='word_1_575' title='bbox 3114 4488 3218 4540; x_wconf 90' lang='lat' dir='ltr'><strong>iter</strong></span> <span class='ocrx_word' id='word_1_576' title='bbox 3244 4486 3485 4556; x_wconf 87' lang='lat' dir='ltr'><strong>aggredi,</strong></span> 
     </span>
    </p>
   </div>
   <div class='ocr_carea' id='block_1_89' title="bbox 222 4558 1903 4651">
    <p class='ocr_par' dir='ltr' id='par_1_89' title="bbox 222 4558 1885 4649">
     <span class='ocr_line' id='line_1_89' title="bbox 222 4558 1885 4649; baseline 0.007 -25"><span class='ocrx_word' id='word_1_577' title='bbox 222 4573 416 4640; x_wconf 76' lang='grc' dir='ltr'>τίσθη,</span> <span class='ocrx_word' id='word_1_578' title='bbox 451 4572 544 4623; x_wconf 72' lang='grc' dir='ltr'><strong>καὶ</strong></span> <span class='ocrx_word' id='word_1_579' title='bbox 576 4572 719 4641; x_wconf 68' lang='grc' dir='ltr'>χαρὰ</span> <span class='ocrx_word' id='word_1_580' title='bbox 756 4570 1009 4642; x_wconf 74' lang='grc' dir='ltr'>ἐξεχύθη,</span> <span class='ocrx_word' id='word_1_581' title='bbox 1046 4573 1115 4625; x_wconf 81' lang='grc' dir='ltr'>δι’</span> <span class='ocrx_word' id='word_1_582' title='bbox 1146 4574 1213 4645; x_wconf 74' lang='grc' dir='ltr'>ἣν</span> <span class='ocrx_word' id='word_1_583' title='bbox 1244 4575 1401 4640; x_wconf 81' lang='grc' dir='ltr'>ἄλλος</span> <span class='ocrx_word' id='word_1_584' title='bbox 1430 4578 1595 4649; x_wconf 69' lang='grc' dir='ltr'>ἄλλῳ,</span> <span class='ocrx_word' id='word_1_585' title='bbox 1624 4558 1808 4639; x_wconf 37' lang='grc' dir='ltr'>καθ-ά-</span> <span class='ocrx_word' id='word_1_586' title='bbox 1845 4558 1885 4609; x_wconf 76' lang='lat' dir='ltr'><strong>D</strong></span> 
     </span>
    </p>
   </div>
   <div class='ocr_carea' id='block_1_90' title="bbox 1804 4558 3485 4651">
    <p class='ocr_par' dir='ltr' id='par_1_90' title="bbox 1804 4558 3485 4651">
     <span class='ocr_line' id='line_1_90' title="bbox 1804 4558 3485 4651; baseline -0.007 -10"><span class='ocrx_word' id='word_1_587' title='bbox 1804 4616 1808 4625; x_wconf 76' lang='grc' dir='ltr'>ι</span> <span class='ocrx_word' id='word_1_588' title='bbox 1845 4558 1885 4609; x_wconf 76' lang='lat' dir='ltr'><strong>D</strong></span> <span class='ocrx_word' id='word_1_589' title='bbox 1916 4596 1972 4641; x_wconf 90' lang='lat' dir='ltr'><strong>et</strong></span> <span class='ocrx_word' id='word_1_590' title='bbox 2005 4585 2307 4640; x_wconf 89' lang='lat' dir='ltr'><strong>universim</strong></span> <span class='ocrx_word' id='word_1_591' title='bbox 2340 4583 2501 4637; x_wconf 80' lang='lat' dir='ltr'><strong>novis</strong></span> <span class='ocrx_word' id='word_1_592' title='bbox 2522 4580 2783 4651; x_wconf 89' lang='lat' dir='ltr'><strong>operibus</strong></span> <span class='ocrx_word' id='word_1_593' title='bbox 2810 4594 3029 4632; x_wconf 89' lang='lat' dir='ltr'><strong>manum</strong></span> <span class='ocrx_word' id='word_1_594' title='bbox 3073 4577 3368 4632; x_wconf 89' lang='lat' dir='ltr'><strong>admovere</strong></span> <span class='ocrx_word' id='word_1_595' title='bbox 3402 4577 3485 4630; x_wconf 92' lang='lat' dir='ltr'><strong>in-</strong></span> 
     </span>
    </p>
   </div>
   <div class='ocr_carea' id='block_1_91' title="bbox 222 4662 1809 4743">
    <p class='ocr_par' dir='ltr' id='par_1_91' title="bbox 222 4662 1809 4743">
     <span class='ocr_line' id='line_1_91' title="bbox 222 4662 1809 4743; baseline 0.01 -29"><span class='ocrx_word' id='word_1_596' title='bbox 222 4680 335 4733; x_wconf 85' lang='grc' dir='ltr'><strong>περ</strong></span> <span class='ocrx_word' id='word_1_597' title='bbox 390 4663 569 4733; x_wconf 72' lang='grc' dir='ltr'>κῆρυξ</span> <span class='ocrx_word' id='word_1_598' title='bbox 621 4663 820 4726; x_wconf 73' lang='grc' dir='ltr'>τόπους</span> <span class='ocrx_word' id='word_1_599' title='bbox 870 4662 1045 4725; x_wconf 79' lang='grc' dir='ltr'>διιὼν,</span> <span class='ocrx_word' id='word_1_600' title='bbox 1115 4667 1333 4737; x_wconf 87' lang='grc' dir='ltr'>χαίρειν</span> <span class='ocrx_word' id='word_1_601' title='bbox 1409 4673 1809 4743; x_wconf 79' lang='grc' dir='ltr'>διακελεύεται,</span> 
     </span>
    </p>
   </div>
   <div class='ocr_carea' id='block_1_92' title="bbox 222 4754 1811 4829">
    <p class='ocr_par' dir='ltr' id='par_1_92' title="bbox 222 4754 1811 4829">
     <span class='ocr_line' id='line_1_92' title="bbox 222 4754 1811 4829; baseline 0.008 -21"><span class='ocrx_word' id='word_1_602' title='bbox 222 4757 453 4824; x_wconf 75' lang='grc' dir='ltr'>καὶτῆς</span> <span class='ocrx_word' id='word_1_603' title='bbox 481 4754 728 4816; x_wconf 83' lang='grc' dir='ltr'>ὲνώσεως</span> <span class='ocrx_word' id='word_1_604' title='bbox 758 4754 944 4807; x_wconf 80' lang='grc' dir='ltr'>δίδωσι</span> <span class='ocrx_word' id='word_1_605' title='bbox 974 4757 1066 4808; x_wconf 78' lang='grc' dir='ltr'>καὶ</span> <span class='ocrx_word' id='word_1_606' title='bbox 1094 4758 1487 4829; x_wconf 76' lang='grc' dir='ltr'>ἀντιλαμϐάνει</span> <span class='ocrx_word' id='word_1_607' title='bbox 1517 4766 1585 4820; x_wconf 68' lang='grc' dir='ltr'><strong>τὰ</strong></span> <span class='ocrx_word' id='word_1_608' title='bbox 1618 4770 1811 4822; x_wconf 87' lang='grc' dir='ltr'>συναλ-</span> 
     </span>
    </p>
   </div>
   <div class='ocr_carea' id='block_1_93' title="bbox 220 4850 513 4918">
    <p class='ocr_par' dir='ltr' id='par_1_93' title="bbox 220 4850 513 4918">
     <span class='ocr_line' id='line_1_93' title="bbox 220 4850 513 4918; baseline -0.003 -16"><span class='ocrx_word' id='word_1_609' title='bbox 220 4850 513 4918; x_wconf 77' lang='grc' dir='ltr'>λάγματα.</span> 
     </span>
    </p>
   </div>
   <div class='ocr_carea' id='block_1_94' title="bbox 1920 4668 3487 4746">
    <p class='ocr_par' dir='ltr' id='par_1_94' title="bbox 1920 4668 3487 4746">
     <span class='ocr_line' id='line_1_94' title="bbox 1920 4668 3487 4746; baseline -0.004 -16"><span class='ocrx_word' id='word_1_610' title='bbox 1920 4677 2193 4746; x_wconf 90' lang='lat' dir='ltr'><strong>cipimus;</strong></span> <span class='ocrx_word' id='word_1_611' title='bbox 2227 4673 2675 4745; x_wconf 88' lang='lat' dir='ltr'><strong>quandoquidem</strong></span> <span class='ocrx_word' id='word_1_612' title='bbox 2711 4686 2859 4725; x_wconf 92' lang='lat' dir='ltr'><strong>nunc</strong></span> <span class='ocrx_word' id='word_1_613' title='bbox 2908 4670 3196 4725; x_wconf 80' lang='lat' dir='ltr'><strong>vetustatis</strong></span> <span class='ocrx_word' id='word_1_614' title='bbox 3251 4668 3487 4739; x_wconf 88' lang='lat' dir='ltr'><strong>pondus,</strong></span> 
     </span>
    </p>
   </div>
   <div class='ocr_carea' id='block_1_95' title="bbox 1920 4763 3490 4833">
    <p class='ocr_par' dir='ltr' id='par_1_95' title="bbox 1920 4763 3490 4833">
     <span class='ocr_line' id='line_1_95' title="bbox 1920 4763 3490 4833; baseline -0.004 -10"><span class='ocrx_word' id='word_1_615' title='bbox 1920 4771 1998 4825; x_wconf 89' lang='lat' dir='ltr'><strong>uti</strong></span> <span class='ocrx_word' id='word_1_616' title='bbox 2045 4769 2455 4831; x_wconf 79' lang='lat' dir='ltr'><strong>annuntiamus,</strong></span> <span class='ocrx_word' id='word_1_617' title='bbox 2505 4766 2781 4821; x_wconf 88' lang='lat' dir='ltr'><strong>sublatum</strong></span> <span class='ocrx_word' id='word_1_618' title='bbox 2826 4773 2932 4830; x_wconf 90' lang='lat' dir='ltr'><strong>est,</strong></span> <span class='ocrx_word' id='word_1_619' title='bbox 2967 4776 3023 4819; x_wconf 90' lang='lat' dir='ltr'><strong>et</strong></span> <span class='ocrx_word' id='word_1_620' title='bbox 3055 4763 3339 4818; x_wconf 88' lang='lat' dir='ltr'><strong>renovatio</strong></span> <span class='ocrx_word' id='word_1_621' title='bbox 3365 4778 3490 4833; x_wconf 88' lang='lat' dir='ltr'><strong>per-</strong></span> 
     </span>
    </p>
   </div>
   <div class='ocr_carea' id='block_1_96' title="bbox 1919 4855 3492 4932">
    <p class='ocr_par' dir='ltr' id='par_1_96' title="bbox 1919 4855 3492 4932">
     <span class='ocr_line' id='line_1_96' title="bbox 1919 4855 3492 4932; baseline -0.008 -10"><span class='ocrx_word' id='word_1_622' title='bbox 1919 4867 2082 4932; x_wconf 84' lang='lat' dir='ltr'><strong>fecta,</strong></span> <span class='ocrx_word' id='word_1_623' title='bbox 2122 4874 2179 4920; x_wconf 87' lang='lat' dir='ltr'><strong>et</strong></span> <span class='ocrx_word' id='word_1_624' title='bbox 2210 4861 2473 4918; x_wconf 82' lang='lat' dir='ltr'><strong>dill‘usum</strong></span> <span class='ocrx_word' id='word_1_625' title='bbox 2500 4866 2585 4915; x_wconf 85' lang='lat' dir='ltr'><strong>est</strong></span> <span class='ocrx_word' id='word_1_626' title='bbox 2609 4858 2891 4930; x_wconf 87' lang='lat' dir='ltr'><strong>gaudium,</strong></span> <span class='ocrx_word' id='word_1_627' title='bbox 2922 4866 3147 4929; x_wconf 87' lang='lat' dir='ltr'><strong>propter</strong></span> <span class='ocrx_word' id='word_1_628' title='bbox 3177 4856 3323 4927; x_wconf 90' lang='lat' dir='ltr'><strong>quod</strong></span> <span class='ocrx_word' id='word_1_629' title='bbox 3351 4855 3492 4910; x_wconf 81' lang='lat' dir='ltr'><strong>alius</strong></span> 
     </span>
    </p>
   </div>
   <div class='ocr_carea' id='block_1_97' title="bbox 221 4940 3493 5031">
    <p class='ocr_par' dir='ltr' id='par_1_97' title="bbox 221 4940 3493 5031">
     <span class='ocr_line' id='line_1_97' title="bbox 221 4940 3493 5031; baseline 0.003 -37"><span class='ocrx_word' id='word_1_630' title='bbox 221 4940 425 5003; x_wconf 89' lang='lat' dir='ltr'><strong>altum,</strong></span> <span class='ocrx_word' id='word_1_631' title='bbox 499 4942 670 4995; x_wconf 84' lang='lat' dir='ltr'><strong>veluti</strong></span> <span class='ocrx_word' id='word_1_632' title='bbox 727 4960 909 5012; x_wconf 68' lang='lat' dir='ltr'><strong>prceeo</strong></span> <span class='ocrx_word' id='word_1_633' title='bbox 962 4945 1143 5000; x_wconf 87' lang='lat' dir='ltr'><strong>varias</strong></span> <span class='ocrx_word' id='word_1_634' title='bbox 1193 4962 1493 5016; x_wconf 78' lang='lat' dir='ltr'><strong>peragrans</strong></span> <span class='ocrx_word' id='word_1_635' title='bbox 1540 4954 1815 5025; x_wconf 80' lang='lat' dir='ltr'><strong>regiones,</strong></span> <span class='ocrx_word' id='word_1_636' title='bbox 1856 4958 2096 5031; x_wconf 85' lang='lat' dir='ltr'><strong>gaudere</strong></span> <span class='ocrx_word' id='word_1_637' title='bbox 2126 4957 2303 5028; x_wconf 85' lang='lat' dir='ltr'><strong>jubet,</strong></span> <span class='ocrx_word' id='word_1_638' title='bbox 2376 4952 2711 5023; x_wconf 65' lang='lat' dir='ltr'><strong>hederisque</strong></span> <span class='ocrx_word' id='word_1_639' title='bbox 2762 4962 2927 5023; x_wconf 89' lang='lat' dir='ltr'><strong>atque</strong></span> <span class='ocrx_word' id='word_1_640' title='bbox 2986 4951 3241 5008; x_wconf 61' lang='lat' dir='ltr'><strong>amicitiae</strong></span> <span class='ocrx_word' id='word_1_641' title='bbox 3268 4951 3493 5022; x_wconf 86' lang='lat' dir='ltr'><strong>pignora</strong></span> 
     </span>
    </p>
   </div>
   <div class='ocr_carea' id='block_1_98' title="bbox 221 5037 924 5109">
    <p class='ocr_par' dir='ltr' id='par_1_98' title="bbox 221 5037 924 5109">
     <span class='ocr_line' id='line_1_98' title="bbox 221 5037 924 5109; baseline 0.006 -16"><span class='ocrx_word' id='word_1_642' title='bbox 221 5038 320 5093; x_wconf 87' lang='lat' dir='ltr'><strong>dat</strong></span> <span class='ocrx_word' id='word_1_643' title='bbox 348 5049 407 5093; x_wconf 82' lang='lat' dir='ltr'><strong>ct</strong></span> <span class='ocrx_word' id='word_1_644' title='bbox 438 5037 672 5093; x_wconf 83' lang='lat' dir='ltr'><strong>vicissim</strong></span> <span class='ocrx_word' id='word_1_645' title='bbox 705 5041 924 5109; x_wconf 88' lang='lat' dir='ltr'><strong>accipit.</strong></span> 
     </span>
    </p>
   </div>
   <div class='ocr_carea' id='block_1_99' title="bbox 311 5132 1803 5220">
    <p class='ocr_par' dir='ltr' id='par_1_99' title="bbox 311 5132 1803 5220">
     <span class='ocr_line' id='line_1_99' title="bbox 311 5132 1803 5220; baseline 0.012 -35"><span class='ocrx_word' id='word_1_646' title='bbox 311 5132 479 5185; x_wconf 82' lang='grc' dir='ltr'>Ἀλλά</span> <span class='ocrx_word' id='word_1_647' title='bbox 505 5132 679 5185; x_wconf 80' lang='grc' dir='ltr'>ταῦτα</span> <span class='ocrx_word' id='word_1_648' title='bbox 722 5134 820 5203; x_wconf 80' lang='grc' dir='ltr'>μὲν</span> <span class='ocrx_word' id='word_1_649' title='bbox 845 5178 858 5202; x_wconf 88' lang='grc'><strong>,</strong></span> <span class='ocrx_word' id='word_1_650' title='bbox 894 5136 980 5189; x_wconf 87' lang='grc' dir='ltr'>ῐνα</span> <span class='ocrx_word' id='word_1_651' title='bbox 1008 5137 1109 5207; x_wconf 80' lang='grc' dir='ltr'>τὴν</span> <span class='ocrx_word' id='word_1_652' title='bbox 1140 5141 1540 5197; x_wconf 81' lang='grc' dir='ltr'>ἐκκενωθεῖσαν</span> <span class='ocrx_word' id='word_1_653' title='bbox 1585 5148 1803 5220; x_wconf 83' lang='grc' dir='ltr'>ἐκείνην</span> 
     </span>
    </p>
   </div>
   <div class='ocr_carea' id='block_1_100' title="bbox 222 5225 1803 5307">
    <p class='ocr_par' dir='ltr' id='par_1_100' title="bbox 222 5225 1803 5307">
     <span class='ocr_line' id='line_1_100' title="bbox 222 5225 1803 5307; baseline 0.012 -29"><span class='ocrx_word' id='word_1_654' title='bbox 222 5226 404 5298; x_wconf 74' lang='grc' dir='ltr'>δείξῃ,</span> <span class='ocrx_word' id='word_1_655' title='bbox 441 5226 539 5277; x_wconf 76' lang='grc' dir='ltr'><strong>καὶ</strong></span> <span class='ocrx_word' id='word_1_656' title='bbox 572 5227 640 5277; x_wconf 73' lang='grc' dir='ltr'><strong>τά</strong></span> <span class='ocrx_word' id='word_1_657' title='bbox 684 5225 900 5295; x_wconf 70' lang='grc' dir='ltr'>πέρατα</span> <span class='ocrx_word' id='word_1_658' title='bbox 943 5230 1313 5287; x_wconf 84' lang='grc' dir='ltr'>διαλαϐοῦσαν</span> <span class='ocrx_word' id='word_1_659' title='bbox 1341 5240 1518 5305; x_wconf 77' lang='grc' dir='ltr'>χαρᾶς</span> <span class='ocrx_word' id='word_1_660' title='bbox 1547 5240 1803 5307; x_wconf 77' lang='grc' dir='ltr'>εὐωδίαν,</span> 
     </span>
    </p>
   </div>
   <div class='ocr_carea' id='block_1_101' title="bbox 225 5315 1810 5399">
    <p class='ocr_par' dir='ltr' id='par_1_101' title="bbox 225 5315 1810 5399">
     <span class='ocr_line' id='line_1_101' title="bbox 225 5315 1810 5399; baseline 0.011 -31"><span class='ocrx_word' id='word_1_661' title='bbox 225 5317 424 5371; x_wconf 81' lang='grc' dir='ltr'>τοῦτον</span> <span class='ocrx_word' id='word_1_662' title='bbox 440 5315 569 5385; x_wconf 79' lang='grc' dir='ltr'>’ἔχει</span> <span class='ocrx_word' id='word_1_663' title='bbox 603 5317 697 5369; x_wconf 73' lang='grc' dir='ltr'><strong>τὸν</strong></span> <span class='ocrx_word' id='word_1_664' title='bbox 728 5317 933 5387; x_wconf 87' lang='grc' dir='ltr'>τρόπον</span> <span class='ocrx_word' id='word_1_665' title='bbox 961 5335 974 5349; x_wconf 92' lang='grc'><strong>·</strong></span> <span class='ocrx_word' id='word_1_666' title='bbox 1005 5322 1102 5374; x_wconf 73' lang='grc' dir='ltr'><strong>καὶ</strong></span> <span class='ocrx_word' id='word_1_667' title='bbox 1152 5324 1402 5377; x_wconf 66' lang='grc' dir='ltr'>οὐδέποτ’</span> <span class='ocrx_word' id='word_1_668' title='bbox 1455 5327 1521 5381; x_wconf 79' lang='grc' dir='ltr'>ἂν</span> <span class='ocrx_word' id='word_1_669' title='bbox 1580 5334 1810 5399; x_wconf 85' lang='grc' dir='ltr'>μηνύειν</span> 
     </span>
    </p>
   </div>
   <div class='ocr_carea' id='block_1_102' title="bbox 224 5410 1811 5493">
    <p class='ocr_par' dir='ltr' id='par_1_102' title="bbox 224 5410 1811 5493">
     <span class='ocr_line' id='line_1_102' title="bbox 224 5410 1811 5493; baseline 0.006 -30"><span class='ocrx_word' id='word_1_670' title='bbox 224 5414 296 5466; x_wconf 71' lang='grc' dir='ltr'>τὰ</span> <span class='ocrx_word' id='word_1_671' title='bbox 328 5412 434 5481; x_wconf 83' lang='grc' dir='ltr'>τῆς</span> <span class='ocrx_word' id='word_1_672' title='bbox 483 5410 714 5480; x_wconf 80' lang='grc' dir='ltr'>χάριτος</span> <span class='ocrx_word' id='word_1_673' title='bbox 750 5410 998 5482; x_wconf 87' lang='grc' dir='ltr'>σύμϐολα</span> <span class='ocrx_word' id='word_1_674' title='bbox 1048 5419 1451 5485; x_wconf 82' lang='grc' dir='ltr'>κατοκνήσαιεν</span> <span class='ocrx_word' id='word_1_675' title='bbox 1475 5461 1488 5482; x_wconf 93' lang='grc'><strong>,</strong></span> <span class='ocrx_word' id='word_1_676' title='bbox 1530 5422 1636 5485; x_wconf 72' lang='grc' dir='ltr'>ἕως</span> <span class='ocrx_word' id='word_1_677' title='bbox 1669 5422 1736 5476; x_wconf 82' lang='grc' dir='ltr'>ἂν</span> <span class='ocrx_word' id='word_1_678' title='bbox 1778 5426 1811 5493; x_wconf 74' lang='grc' dir='ltr'>ἡ</span> 
     </span>
    </p>
   </div>
   <div class='ocr_carea' id='block_1_103' title="bbox 225 5502 1812 5585">
    <p class='ocr_par' dir='ltr' id='par_1_103' title="bbox 225 5502 1812 5585">
     <span class='ocr_line' id='line_1_103' title="bbox 225 5502 1812 5585; baseline 0.007 -27"><span class='ocrx_word' id='word_1_679' title='bbox 225 5502 537 5571; x_wconf 80' lang='grc' dir='ltr'>καινοτάτη</span> <span class='ocrx_word' id='word_1_680' title='bbox 578 5503 674 5555; x_wconf 83' lang='grc' dir='ltr'>καὶ</span> <span class='ocrx_word' id='word_1_681' title='bbox 718 5505 908 5573; x_wconf 81' lang='grc' dir='ltr'>γήρως</span> <span class='ocrx_word' id='word_1_682' title='bbox 956 5507 1222 5577; x_wconf 78' lang='grc' dir='ltr'>κρείττων</span> <span class='ocrx_word' id='word_1_683' title='bbox 1250 5510 1557 5574; x_wconf 78' lang='grc' dir='ltr'>ἀνάπλασις</span> <span class='ocrx_word' id='word_1_684' title='bbox 1589 5514 1812 5585; x_wconf 73' lang='grc' dir='ltr'>ἐκδέξη-</span> 
     </span>
    </p>
   </div>
   <div class='ocr_carea' id='block_1_104' title="bbox 222 5590 1809 5676">
    <p class='ocr_par' dir='ltr' id='par_1_104' title="bbox 222 5590 1809 5676">
     <span class='ocr_line' id='line_1_104' title="bbox 222 5590 1809 5676; baseline 0.002 -26"><span class='ocrx_word' id='word_1_685' title='bbox 222 5615 320 5650; x_wconf 78' lang='grc' dir='ltr'><strong>ται</strong></span> <span class='ocrx_word' id='word_1_686' title='bbox 374 5594 694 5653; x_wconf 78' lang='grc' dir='ltr'>τελευταῖα.</span> <span class='ocrx_word' id='word_1_687' title='bbox 743 5590 811 5667; x_wconf 77' lang='grc' dir='ltr'>ἧς</span> <span class='ocrx_word' id='word_1_688' title='bbox 861 5598 889 5666; x_wconf 73' lang='grc' dir='ltr'><strong>η</strong></span> <span class='ocrx_word' id='word_1_689' title='bbox 947 5605 1128 5671; x_wconf 72' lang='grc' dir='ltr'>τρυφὴ</span> <span class='ocrx_word' id='word_1_690' title='bbox 1174 5601 1267 5655; x_wconf 86' lang='grc' dir='ltr'><strong>τοῦ</strong></span> <span class='ocrx_word' id='word_1_691' title='bbox 1307 5604 1612 5676; x_wconf 84' lang='grc' dir='ltr'>μυστηρίου</span> <span class='ocrx_word' id='word_1_692' title='bbox 1658 5608 1809 5661; x_wconf 66' lang='grc' dir='ltr'>τοῦδε</span> 
     </span>
    </p>
   </div>
   <div class='ocr_carea' id='block_1_105' title="bbox 224 5688 466 5749">
    <p class='ocr_par' dir='ltr' id='par_1_105' title="bbox 224 5688 466 5749">
     <span class='ocr_line' id='line_1_105' title="bbox 224 5688 466 5749; baseline -0.025 -6"><span class='ocrx_word' id='word_1_693' title='bbox 224 5688 466 5749; x_wconf 75' lang='grc' dir='ltr'>καρπός.</span> 
     </span>
    </p>
   </div>
   <div class='ocr_carea' id='block_1_106' title="bbox 303 5848 834 5918">
    <p class='ocr_par' dir='ltr' id='par_1_106' title="bbox 303 5848 834 5918">
     <span class='ocr_line' id='line_1_106' title="bbox 303 5848 834 5918; baseline -0.008 -15"><span class='ocrx_word' id='word_1_694' title='bbox 303 5852 349 5880; x_wconf 81' lang='lat'><strong>&quot;</strong></span> <span class='ocrx_word' id='word_1_695' title='bbox 387 5848 608 5918; x_wconf 71' lang='lat' dir='ltr'><strong>Philipp</strong></span> <span class='ocrx_word' id='word_1_696' title='bbox 674 5866 745 5914; x_wconf 84' lang='lat' dir='ltr'><strong>tv,</strong></span> <span class='ocrx_word' id='word_1_697' title='bbox 785 5852 834 5905; x_wconf 84' lang='lat'><strong>&#39;1.</strong></span> 
     </span>
    </p>
   </div>
   <div class='ocr_carea' id='block_1_107' title="bbox 1989 5143 3491 5220">
    <p class='ocr_par' dir='ltr' id='par_1_107' title="bbox 1989 5143 3491 5220">
     <span class='ocr_line' id='line_1_107' title="bbox 1989 5143 3491 5220; baseline -0.006 -15"><span class='ocrx_word' id='word_1_698' title='bbox 1989 5152 2055 5205; x_wconf 81' lang='lat' dir='ltr'><strong>Et</strong></span> <span class='ocrx_word' id='word_1_699' title='bbox 2082 5152 2197 5205; x_wconf 65' lang='lat' dir='ltr'><strong>haec</strong></span> <span class='ocrx_word' id='word_1_700' title='bbox 2224 5148 2448 5220; x_wconf 88' lang='lat' dir='ltr'><strong>quidem</strong></span> <span class='ocrx_word' id='word_1_701' title='bbox 2482 5148 2554 5201; x_wconf 87' lang='lat' dir='ltr'><strong>ita</strong></span> <span class='ocrx_word' id='word_1_702' title='bbox 2601 5162 2659 5201; x_wconf 88' lang='lat' dir='ltr'><strong>se</strong></span> <span class='ocrx_word' id='word_1_703' title='bbox 2693 5146 2919 5212; x_wconf 81' lang='lat' dir='ltr'><strong>habent,</strong></span> <span class='ocrx_word' id='word_1_704' title='bbox 2958 5154 3018 5200; x_wconf 92' lang='lat' dir='ltr'><strong>ut</strong></span> <span class='ocrx_word' id='word_1_705' title='bbox 3059 5145 3235 5214; x_wconf 86' lang='lat' dir='ltr'><strong>palam</strong></span> <span class='ocrx_word' id='word_1_706' title='bbox 3268 5143 3491 5211; x_wconf 83' lang='lat' dir='ltr'><strong>faciant,</strong></span> 
     </span>
    </p>
   </div>
   <div class='ocr_carea' id='block_1_108' title="bbox 1916 5237 3495 5311">
    <p class='ocr_par' dir='ltr' id='par_1_108' title="bbox 1916 5237 3495 5311">
     <span class='ocr_line' id='line_1_108' title="bbox 1916 5237 3495 5311; baseline -0.004 -13"><span class='ocrx_word' id='word_1_707' title='bbox 1916 5260 2138 5299; x_wconf 88' lang='lat' dir='ltr'><strong>suavem</strong></span> <span class='ocrx_word' id='word_1_708' title='bbox 2177 5243 2322 5296; x_wconf 88' lang='lat' dir='ltr'><strong>illam</strong></span> <span class='ocrx_word' id='word_1_709' title='bbox 2355 5240 2543 5311; x_wconf 85' lang='lat' dir='ltr'><strong>gaudii</strong></span> <span class='ocrx_word' id='word_1_710' title='bbox 2576 5239 2932 5310; x_wconf 86' lang='lat' dir='ltr'><strong>fragrantiam</strong></span> <span class='ocrx_word' id='word_1_711' title='bbox 2957 5237 3183 5293; x_wconf 84' lang='lat' dir='ltr'><strong>effusam</strong></span> <span class='ocrx_word' id='word_1_712' title='bbox 3209 5238 3319 5307; x_wconf 90' lang='lat' dir='ltr'><strong>jam</strong></span> <span class='ocrx_word' id='word_1_713' title='bbox 3349 5250 3495 5302; x_wconf 87' lang='lat' dir='ltr'><strong>esse,</strong></span> 
     </span>
    </p>
   </div>
   <div class='ocr_carea' id='block_1_109' title="bbox 1921 5332 3500 5406">
    <p class='ocr_par' dir='ltr' id='par_1_109' title="bbox 1921 5332 3500 5406">
     <span class='ocr_line' id='line_1_109' title="bbox 1921 5332 3500 5406; baseline -0.003 -13"><span class='ocrx_word' id='word_1_714' title='bbox 1921 5348 1977 5393; x_wconf 91' lang='lat' dir='ltr'><strong>et</strong></span> <span class='ocrx_word' id='word_1_715' title='bbox 2038 5338 2106 5392; x_wconf 89' lang='lat' dir='ltr'><strong>ad</strong></span> <span class='ocrx_word' id='word_1_716' title='bbox 2162 5349 2319 5391; x_wconf 75' lang='lat' dir='ltr'><strong>terr-.e</strong></span> <span class='ocrx_word' id='word_1_717' title='bbox 2388 5352 2561 5406; x_wconf 88' lang='lat' dir='ltr'><strong>usque</strong></span> <span class='ocrx_word' id='word_1_718' title='bbox 2603 5336 2741 5391; x_wconf 87' lang='lat' dir='ltr'><strong>lines</strong></span> <span class='ocrx_word' id='word_1_719' title='bbox 2796 5349 2918 5390; x_wconf 88' lang='lat' dir='ltr'><strong>sese</strong></span> <span class='ocrx_word' id='word_1_720' title='bbox 2966 5332 3339 5405; x_wconf 85' lang='lat' dir='ltr'><strong>protendisse;</strong></span> <span class='ocrx_word' id='word_1_721' title='bbox 3396 5348 3500 5388; x_wconf 89' lang='lat' dir='ltr'><strong>nec</strong></span> 
     </span>
    </p>
   </div>
   <div class='ocr_carea' id='block_1_110' title="bbox 1925 5422 3497 5497">
    <p class='ocr_par' dir='ltr' id='par_1_110' title="bbox 1925 5422 3497 5497">
     <span class='ocr_line' id='line_1_110' title="bbox 1925 5422 3497 5497; baseline -0.001 -17"><span class='ocrx_word' id='word_1_722' title='bbox 1925 5443 2169 5496; x_wconf 86' lang='lat' dir='ltr'><strong>unquam</strong></span> <span class='ocrx_word' id='word_1_723' title='bbox 2201 5428 2299 5480; x_wconf 90' lang='lat' dir='ltr'><strong>ista</strong></span> <span class='ocrx_word' id='word_1_724' title='bbox 2329 5427 2546 5481; x_wconf 64' lang='lat' dir='ltr'><strong>collatae</strong></span> <span class='ocrx_word' id='word_1_725' title='bbox 2568 5427 2755 5497; x_wconf 76' lang='lat' dir='ltr'><strong>gratiae</strong></span> <span class='ocrx_word' id='word_1_726' title='bbox 2785 5423 3031 5496; x_wconf 84' lang='lat' dir='ltr'><strong>symbola</strong></span> <span class='ocrx_word' id='word_1_727' title='bbox 3056 5439 3086 5478; x_wconf 89' lang='lat' dir='ltr'><strong>a</strong></span> <span class='ocrx_word' id='word_1_728' title='bbox 3114 5423 3374 5479; x_wconf 86' lang='lat' dir='ltr'><strong>monendi</strong></span> <span class='ocrx_word' id='word_1_729' title='bbox 3401 5422 3462 5478; x_wconf 87' lang='lat' dir='ltr'><strong>of</strong></span> <span class='ocrx_word' id='word_1_730' title='bbox 3469 5453 3497 5463; x_wconf 87' lang='lat'><strong>-</strong></span> 
     </span>
    </p>
   </div>
   <div class='ocr_carea' id='block_1_111' title="bbox 1923 5513 3499 5586">
    <p class='ocr_par' dir='ltr' id='par_1_111' title="bbox 1923 5513 3499 5586">
     <span class='ocr_line' id='line_1_111' title="bbox 1923 5513 3499 5586; baseline 0.001 -18"><span class='ocrx_word' id='word_1_731' title='bbox 1923 5518 2050 5570; x_wconf 73' lang='grc' dir='ltr'>ίί‹·ίο</span> <span class='ocrx_word' id='word_1_732' title='bbox 2075 5515 2438 5586; x_wconf 80' lang='lat' dir='ltr'><strong>pigt&#39;itnbunt,</strong></span> <span class='ocrx_word' id='word_1_733' title='bbox 2466 5530 2758 5586; x_wconf 90' lang='lat' dir='ltr'><strong>quousque</strong></span> <span class='ocrx_word' id='word_1_734' title='bbox 2790 5514 3090 5570; x_wconf 86' lang='lat' dir='ltr'><strong>novissima</strong></span> <span class='ocrx_word' id='word_1_735' title='bbox 3112 5513 3204 5569; x_wconf 88' lang='lat' dir='ltr'><strong>illa</strong></span> <span class='ocrx_word' id='word_1_736' title='bbox 3242 5523 3301 5570; x_wconf 90' lang='lat' dir='ltr'><strong>et</strong></span> <span class='ocrx_word' id='word_1_737' title='bbox 3337 5528 3499 5569; x_wconf 83' lang='lat' dir='ltr'><strong>sene-</strong></span> 
     </span>
    </p>
   </div>
   <div class='ocr_carea' id='block_1_112' title="bbox 1922 5603 3501 5675">
    <p class='ocr_par' dir='ltr' id='par_1_112' title="bbox 1922 5603 3501 5675">
     <span class='ocr_line' id='line_1_112' title="bbox 1922 5603 3501 5675; baseline 0.001 -18"><span class='ocrx_word' id='word_1_738' title='bbox 1922 5605 2087 5659; x_wconf 86' lang='lat' dir='ltr'><strong>ctutis</strong></span> <span class='ocrx_word' id='word_1_739' title='bbox 2122 5604 2305 5658; x_wconf 90' lang='lat' dir='ltr'><strong>nescia</strong></span> <span class='ocrx_word' id='word_1_740' title='bbox 2360 5605 2704 5675; x_wconf 90' lang='lat' dir='ltr'><strong>regeneratio</strong></span> <span class='ocrx_word' id='word_1_741' title='bbox 2737 5604 2962 5659; x_wconf 90' lang='lat' dir='ltr'><strong>demum</strong></span> <span class='ocrx_word' id='word_1_742' title='bbox 2994 5603 3302 5669; x_wconf 72' lang='lat' dir='ltr'><strong>advenerit,</strong></span> <span class='ocrx_word' id='word_1_743' title='bbox 3345 5604 3501 5674; x_wconf 89' lang='lat' dir='ltr'><strong>cujus</strong></span> 
     </span>
    </p>
   </div>
   <div class='ocr_carea' id='block_1_113' title="bbox 1920 5696 3002 5769">
    <p class='ocr_par' dir='ltr' id='par_1_113' title="bbox 1920 5696 3002 5769">
     <span class='ocr_line' id='line_1_113' title="bbox 1920 5696 3002 5769; baseline 0.001 -18"><span class='ocrx_word' id='word_1_744' title='bbox 1920 5696 2108 5751; x_wconf 82' lang='lat' dir='ltr'><strong>fruitio</strong></span> <span class='ocrx_word' id='word_1_745' title='bbox 2131 5706 2213 5751; x_wconf 91' lang='lat' dir='ltr'><strong>cst</strong></span> <span class='ocrx_word' id='word_1_746' title='bbox 2238 5696 2464 5767; x_wconf 86' lang='lat' dir='ltr'><strong>hujusce</strong></span> <span class='ocrx_word' id='word_1_747' title='bbox 2498 5697 2741 5769; x_wconf 78' lang='lat' dir='ltr'><strong>mysterii</strong></span> <span class='ocrx_word' id='word_1_748' title='bbox 2769 5696 3002 5752; x_wconf 87' lang='lat' dir='ltr'><strong>fructus.</strong></span> 
     </span>
    </p>
   </div>
  </div>
