4256 6364
249 395 345 456 ii’l

1098 401 1358 461 SERMO
1397 401 1476 460 IN
1521 397 2068 461 DORMITIONEM
2114 401 2176 459 Β.
2226 402 2293 461 ν.
2328 399 2620 461 ΜΑΗΙᾹΞ.

3383 399 3484 463 1‘22

319 506 392 558 Γ.
435 505 576 558 Ἀλλ’
622 506 708 558 ἵνα
754 522 807 558 τι
856 507 1053 576 μικρὸν
1082 511 1110 560 ὁ
1154 509 1308 575 λόγος
1354 508 1738 578 προθεωρὴσῃ.
1777 507 1811 574 ὴ
1845 512 1884 561 Α

1987 505 2075 560 Ill.
2115 507 2313 560 Verum
2337 517 2395 560 ut
2412 505 2723 561 enarrando
2748 508 3007 577 mysterio
3023 509 3285 564 nonnulla
3303 525 3485 567 sermo

244 596 526 660 πάναγνος
569 595 802 665 ἐπείπερ
835 597 915 658 είς
946 596 1061 664 βίον
1088 593 1256 668 ἧκεν,
1295 598 1381 650 ἵνα
1415 599 1476 649 το
1511 597 1816 666 παράδοξον

248 685 430 736 ἐκεῖνο
469 685 734 757 διαπλέξῃ
782 687 1104 754 τεράστιον,
1131 687 1280 754 τόγε
1314 689 1412 755 τὴν
1443 685 1698 756 δουλικὴν
1737 685 1815 754 τῷ

248 777 500 846 Δεσπότῃ
532 776 842 845 περιθεῖναι
880 777 1115 847 μορφὴν,
1169 782 1260 830 καὶ
1287 780 1366 833 είς
1397 779 1812 846 ἑνωτικωτάτην

245 871 338 922 καὶ
378 869 521 940 ὑπὲρ
556 869 714 936 λόγον
741 869 956 922 εὔνοιαν
996 868 1155 942 [forte
1185 868 1414 942 ἔννοιαν]
1439 871 1528 922 τὸν
1560 870 1814 939 Πλάστην

248 961 488 1028 συνάψαι
503 964 611 1022 τοίς
633 962 766 1032 πρὶν
781 963 1185 1032 ἀποκηρύκτοις
1205 964 1298 1014 καὶ
1316 963 1591 1027 πολεμίοις
1608 959 1704 1014 ἀνθ
1711 960 1818 1030 pth-

246 1069 398 1118 ποις,
421 1053 616 1122 ἑαυτὴν
645 1053 960 1119 ὲξεικόνιζε,
1014 1056 1108 1108 καὶ
1139 1055 1326 1122 σαφῶς
1369 1055 1688 1123 διιμόρφου,
1729 1049 1817 1106 οἴά

246 1162 330 1204 τις
357 1144 563 1212 ἀγαθὸς
587 1147 898 1216 ζωγράφος,
931 1147 1071 1216 πρὸς
1099 1147 1196 1218 τὴν
1220 1147 1315 1201 τοῦ
1344 1147 1696 1218 Δημιουργοῦ
1725 1148 1818 1199 καὶ

255 1233 383 1286 Υἱοῦ
415 1235 586 1303 αὐτῆς
609 1235 791 1288 εἰκόνα
805 1235 1225 1308 ὁρῶσα.Ὥσπερ
1249 1238 1358 1307 γὰρ
1386 1241 1412 1291 ὁ
1439 1239 1698 1306 Κτίστης,
1728 1237 1818 1290 τὸν

245 1327 434 1394 χοῖκδν
472 1326 903 1396 ἀναϐαλλόμενος
926 1332 1055 1399 παρ’
1100 1331 1268 1398 αὐτῆς
1311 1331 1534 1400 χιτῶνα,
1585 1330 1819 1383 ταπεινά

246 1419 344 1472 καὶ
379 1419 474 1472 τοῦ
504 1420 625 1490 χοὸς
653 1419 779 1486 ἀξια
803 1425 882 1483 είς
904 1422 1008 1493 γῆν
1037 1423 1339 1487 ινεδείξατο
1362 1441 1375 1454 ·
1411 1424 1502 1476 xxi.
1540 1423 1818 1486 τέκτονος

248 1512 356 1581 γὰρ
373 1512 604 1582 ἠκουσεν
626 1517 774 1579 υίὸς,
799 1517 896 1569 καὶ
911 1517 1170 1588 λαμπρὰν
1191 1516 1301 1570 οὔτ’
1323 1517 1598 1587 ᾠκείωσεν
1615 1515 1814 1580 οἰκίαν,

245 1603 388 1658 ἀλλά
420 1607 514 1656 καὶ
545 1607 842 1660 ἀλωπέκων
884 1612 1208 1678 πενέστερος
1247 1610 1296 1669 b,
1354 1609 1456 1661 ποῦ
1493 1609 1672 1662 κλίναι
1721 1609 1818 1661 οὐκ

249 1689 371 1764 εἶχε
409 1699 505 1768 τὴν
539 1700 783 1769 κεφαλὴν
805 1743 820 1765 ,
860 1703 952 1755 καὶ
996 1705 1160 1756 παῖδα
1193 1703 1330 1773 πρὸς
1362 1703 1671 1770 ὑπουργίαν
1707 1700 1818 1753 οὔτ’

247 1788 505 1856 ἐπρίατο,
555 1791 715 1855 αὐτός
771 1811 828 1846 τε
882 1791 949 1864 ἦν
977 1795 1329 1864 ἐξυπηρετῶν
1366 1798 1429 1864 τῇ
1477 1797 1663 1863 μητρὶ,
1724 1793 1816 1844 καὶ
1852 1834 1894 1888 Β

248 1884 432 1934 πάντα
463 1883 656 1946 ποιῶν,
682 1880 757 1936 ὧν
782 1885 1066 1954 ὀλιγωρεῖν
1100 1888 1200 1940 οὐκ
1234 1888 1298 1956 ἐᾷ
1319 1887 1377 1938 τὸ
1406 1885 1626 1954 φίλτρον
1665 1887 1815 1953 φιλο·

251 1975 504 2043 στόργως
553 1975 806 2029 τοκεῦσιν
861 1979 1325 2047 ὑποτασσόμενον,
1379 1979 1470 2030 καὶ
1503 1977 1580 2028 ἔτι
1626 1976 1821 2046 πένησι

248 2069 488 2136 πένητα,
519 2070 762 2137 Πτωχὸς
788 2071 898 2138 γάρ
924 2074 1042 2138 εἰμι
1072 2071 1206 2140 ἐγὼ,
1251 2071 1348 2124 καί
1407 2073 1474 2121 ἐν
1503 2072 1715 2135 κόποις
1753 2070 1822 2121 ἐκ

247 2161 539 2226 νεότητός
582 2177 703 2229 μου
730 2177 746 2190 ⁰
771 2160 913 2214 οὕτω
955 2163 1048 2216 καὶ
1091 2165 1126 2232 ἡ
1162 2162 1284 2233 ἱερά
1335 2162 1820 2231 Μητροπάρθενοςν

248 2249 357 2299 τῶν
396 2251 528 2302 ῑσων
555 2253 716 2320 ίχνῶν
740 2254 1003 2323 ἐχομένη,
1021 2254 1187 2319 θγκον
1217 2270 1275 2306 τε
1300 2254 1588 2321 ἠγάπησεν
1609 2253 1822 2316 οὐδένα,

252 2343 396 2408 μήτε
445 2343 751 2408 παιδίσκας,
809 2345 947 2414 μήτι
1021 2345 1319 2414 θεραπείαν
1391 2343 1676 2415 ἡντιναοῦν
1737 2346 1822 2398 δε-

250 2435 552 2496 σποινικῶς
613 2436 784 2505 ἑαυτῇ
845 2438 1265 2506 παραστήσασα,
1330 2440 1424 2492 καὶ
1475 2440 1591 2510 βίον
1640 2440 1822 2496 εἷλκεν

249 2525 453 2593 εὖτελῆ
499 2526 739 2587 διαζῶσα
770 2543 784 2556 ’
836 2527 1009 2598 ἑαυτῇ
1052 2528 1152 2597 μὲν
1199 2531 1338 2582 οἴκοι
1386 2531 1524 2602 μόνῃ
1564 2533 1820 2602 χρωμένη

253 2615 464 2682 ἑαυτῆς
499 2615 732 2685 διακόνῳ
765 2632 779 2648 ο
813 2613 879 2688 ἧς
903 2619 958 2670 δὲ
991 2617 1194 2682 ἔξωθεν
1230 2619 1402 2672 ἐδεῖτο
1437 2624 1819 2692 παραμυθίας,

252 2705 482 2773 χορηγῷ
524 2705 601 2775 τῷ
630 2707 788 2760 πάντ’
822 2707 1030 2776 ἀρίστῳ
1063 2710 1154 2761 καὶ
1179 2711 1320 2781 ὑπὲρ
1355 2714 1564 2777 πάντας
1603 2716 1819 2786 μαθητῇ

253 2795 574 2862 φιληθέντι,
619 2797 845 2870 Ἰωάννῃ
877 2799 953 2867 τῷ
985 2801 1260 2871 παρθένῳ,
1308 2803 1390 2864 ὃν,
1434 2806 1686 2877 καθάπερ
1723 2807 1822 2876 τῆς

254 2885 568 2953 Πανάγνου,
617 2891 707 2941 καὶ
758 2889 999 2959 χαρίτων
1034 2892 1135 2960 μὲν
1169 2893 1330 2946 ἕνεκα
1368 2895 1564 2961 ἄλλων,
1606 2898 1821 2962 οὐδενὸς

252 2976 303 3027 δ’
356 2973 522 3046 ἦττον
571 2980 663 3031 καὶ
705 2981 802 3032 τοῦ
843 2981 1069 3045 κάλλους
1106 2983 1204 3052 τῆς
1257 2986 1579 3055 παρθενίας,
1633 2991 1744 3042 υίὺν
1784 2995 1811 3044 ὁ

255 3067 506 3139 πλάστης
538 3071 727 3126 ἑαυτὸν
765 3073 1212 3145 ἐκαινούργησεν,
1247 3076 1389 3131 οὕτω
1418 3079 1505 3134 ad
1537 3084 1596 3134 τὸ
1626 3085 1822 3138 ταύτὸν

1918 597 2231 664 ιιι-ωιιιίιιαι,
2266 597 2712 666 quandoquidem
2744 598 3036 667 purissima
3061 599 3152 654 illa
3188 599 3313 655 ideo
3335 601 3486 656 edita

1918 687 1973 740 in
2009 686 2150 741 hanc
2195 687 2360 740 vitam
2407 687 2604 746 fuerat,
2639 697 2697 742 ut
2733 690 3066 758 stupendum
3111 689 3244 747 illud
3297 690 3486 760 prodi-

1919 779 2067 846 gium
2114 788 2453 842 contexeret,
2517 781 2776 834 videlicet
2833 789 2893 835 ut
2955 781 3246 836 Dominum
3297 785 3487 840 set-viii

1919 869 2092 926 forma
2121 873 2366 934 vestiret,
2402 873 2821 943 arctissimoque
2859 883 2914 928 et
2951 875 3214 928 ineffabili
3252 876 3489 931 benevo-

1918 961 2102 1017 lentiae
2135 964 2353 1017 vinculo
2375 963 2691 1018 Creatorem
2723 983 2846 1019 cum
2881 967 3196 1020 hominibus
3220 968 3330 1036 jam
3357 969 3486 1021 olim

1921 1055 2245 1123 proscriptis
2292 1065 2344 1110 et
2381 1057 2681 1110 etiamnum
2733 1057 2972 1114 inimicis
3021 1059 3326 1114 devinciret
3371 1060 3488 1129 (7');

1923 1147 1976 1201 in
2037 1146 2328 1216 imaginem
2369 1148 2591 1202 intuens
2638 1146 2919 1203 Creatoris
2948 1165 3012 1204 ac
3047 1150 3141 1204 ﬁlii
3172 1152 3281 1214 sui,
3334 1151 3486 1204 velut

1919 1240 2174 1308 egregius
2212 1238 2435 1308 quidam
2473 1239 2742 1309 sculptor,
2785 1239 2854 1294 ad
2886 1240 3021 1294 illud
3056 1255 3178 1295 sese
3210 1243 3492 1312 exemplar

1919 1329 2194 1398 emngerc,
2227 1345 2457 1398 eamque
2487 1331 2540 1383 in
2571 1345 2629 1384 se
2655 1331 2883 1384 formam
2915 1335 3222 1400 exprimere
3252 1333 3491 1402 diligen-

1889 1436 2005 1501 lter
2066 1424 2367 1495 satagebat.
2425 1426 2496 1479 Et
2558 1441 2687 1480 sane
2726 1426 3186 1494 quemadmodum
3235 1426 3490 1489 Creator,

1922 1529 2198 1572 terrenam
2233 1532 2299 1570 ex
2332 1518 2446 1586 ipsa
2474 1516 2716 1570 tunicam
2758 1517 3006 1577 indutus,
3046 1517 3274 1572 humilia
3314 1527 3492 1572 terre-

1923 1625 2112 1678 na-que
2134 1609 2438 1663 conditioni
2465 1604 2832 1662 consentanea
2864 1609 2916 1662 in
2945 1610 3106 1662 terris
3127 1626 3236 1664 non
3260 1611 3490 1674 abnuit;

1923 1718 2048 1754 nam
2105 1710 2161 1754 et
2215 1701 2351 1768 fabri
2405 1699 2548 1766 ﬁlius
2579 1701 2751 1752 audiit
2786 1699 2886 1769 (8),
2949 1701 3282 1768 domumque
3318 1700 3492 1774 _baud

1923 1793 2259 1862 splendidam
2282 1793 2530 1857 incoluit;
2557 1791 2689 1859 quin
2709 1791 3158 1860 etiam,vulpibus
3177 1792 3493 1860 pauperior,

1925 1900 2032 1938 non
2067 1884 2301 1937 habebat
2357 1883 2447 1936 ubi
2490 1884 2782 1936 reclinaret
2820 1893 2984 1952 caput
3018 1884 3131 1952 (9);
3162 1899 3339 1952 neque
3375 1900 3496 1938 ser-

1924 1977 2108 2029 vulum
2141 1977 2245 2030 sibi
2269 1975 2335 2030 ad
2371 1975 2738 2029 ministerium
2773 1975 3147 2044 comparavit;
3178 1977 3273 2030 sed
3307 1991 3338 2030 e
3361 1992 3496 2030 cou-

1924 2085 2084 2121 verso
2141 2069 2256 2137 ipse
2312 2067 2473 2120 matri
2531 2067 2895 2121 miniSterium
2947 2068 3264 2130 exhibebat,
3317 2083 3494 2136 eaque

1923 2162 2106 2216 omnia
2142 2161 2451 2230 prmstabat,
2478 2174 2600 2228 qua:
2633 2160 2830 2230 negligi
2858 2175 2964 2213 non
3000 2159 3131 2212 sinit
3167 2160 3255 2211 illa
3296 2158 3492 2228 pictas,

1923 2267 2043 2322 qum
2070 2251 2136 2304 ad
2173 2249 2588 2318 obsequendum
2621 2265 2718 2317 per
2750 2248 3215 2303 ferventissimum
3251 2263 3494 2302 amorem

1924 2344 2268 2416 parentibus,
2300 2343 2476 2411 iisque
2512 2342 2740 2411 insuper
2775 2342 3106 2411 pauperibus
3155 2341 3326 2395 (ilium
3357 2357 3496 2412 pau-

1924 2452 2108 2508 perem
2137 2436 2275 2490 solet
2298 2436 2576 2504 impellere
2607 2453 2618 2488 :
2652 2433 2866 2504 Pauper
2895 2435 3055 2497 enim,
3092 2433 3332 2502 inqttit',
3378 2449 3494 2485 sum

1924 2545 2036 2598 ego,
2072 2539 2120 2580 et
2158 2529 2211 2581 in
2241 2527 2503 2581 laboribus
2536 2527 2860 2595 ajurentute
2887 2540 3042 2578 mea:
3086 2530 3156 2578 ita
3187 2533 3244 2579 et
3267 2533 3494 2592 augusta

1924 2621 2014 2674 illa
2051 2619 2220 2673 Mater
2256 2619 2418 2687 Virgo
2443 2617 2636 2672 iisdem
2686 2619 2945 2672 insistens
2993 2616 3272 2685 vestigiis,
3317 2629 3494 2684 neque

1925 2716 2095 2768 ullum
2118 2714 2393 2768 adamavit
2412 2712 2634 2773 fastum,
2660 2727 2838 2780 neque
2861 2710 3111 2770 ancillas,
3135 2723 3236 2762 nec
3252 2708 3491 2776 aliquem

1925 2819 2199 2877 utcunque
2232 2807 2553 2860 famulatum
2606 2804 2710 2858 sibi
2743 2819 2895 2857 more
2944 2801 3290 2858 dominarum
3350 2797 3494 2853 asci-

1923 2901 2032 2962 vit;
2064 2900 2158 2954 sed
2206 2913 2503 2968 pauperem
2533 2904 2849 2950 constanter
2885 2895 3051 2946 vitam
3101 2891 3375 2952 trahebat,
3401 2903 3492 2942 se-

1924 2993 2154 3062 metipsa
2203 2993 2318 3046 sola
2348 2990 2450 3044 sibi
2489 2989 2688 3043 famula
2726 2998 2886 3040 utens
2917 2985 3102 3049 denti;
3153 2985 3206 3038 in
3242 2983 3308 3037 iis
3337 2998 3489 3047 vero,

1923 3101 2043 3156 qua:
2076 3084 2422 3138 extrinsecus
2458 3081 2524 3134 ad
2559 3097 2715 3134 usum
2756 3079 3067 3148 quempiam
3099 3076 3200 3131 sibi
3233 3091 3372 3144 opus
3399 3089 3492 3128 es-

253 3157 358 3226 τῆς
393 3161 619 3226 ἁγνείας
651 3165 768 3217 υἱὸν
800 3164 1032 3219 ὑπέθετο
1058 3169 1122 3239 τῇ
1148 3170 1433 3240 Παρθένῳ.
1847 3179 1890 3235 C

1889 3184 1890 3232 ξ
1925 3186 2066 3240 sent,
2100 3191 2323 3246 operam
2360 3174 2630 3229 adhibens
2664 3172 2857 3241 optimi
2900 3171 3047 3224 illius
3082 3183 3145 3222 ac
3173 3183 3283 3236 pra:
3311 3165 3493 3220 omni-

253 3258 361 3311 bus
423 3257 610 3313 dilecti
658 3259 934 3330 discipuli,
987 3263 1236 3329 Joannis,
1288 3267 1532 3338 inquam,
1565 3274 1814 3344 virginis,
1855 3292 2017 3347 quem
2084 3274 2292 3345 Virgini
2335 3271 2506 3326 ﬁlium
2585 3276 2806 3338 propter
2851 3264 3122 3320 castitatis
3174 3258 3492 3332 praerogati.

254 3350 959 3418 vamCreatorsuﬂ‘ecerat,
987 3358 1144 3425 plane
1167 3361 1357 3416 eadem
1404 3366 1612 3420 scilicet
1680 3372 1891 3426 ratione
1931 3388 1994 3426 ac
2022 3373 2136 3442 ipse
2165 3386 2289 3426 cum
2325 3369 2395 3423 ob
2446 3368 2580 3422 alias
2626 3364 2848 3435 quidem
2895 3363 3122 3416 eximias
3171 3360 3330 3413 dotes
3376 3367 3490 3412 tum

252 3443 620 3501 nihilominus
651 3447 722 3500 ob
739 3447 1064 3518 virginitatis
1084 3451 1825 3528 nitoremsemetpurissima:
1865 3462 2008 3518 illius
2040 3465 2209 3518 tilium
2242 3478 2384 3516 novo
2413 3467 2666 3531 portento
2698 3457 2979 3511 eﬂ‘ecerat.

325 3546 402 3595 Δ’.
438 3545 574 3610 Ἐζη
633 3545 834 3610 τοίνυν,
901 3547 992 3600 τὸν
1055 3547 1179 3600 νοῦν
1200 3551 1589 3622 περιφέρουσα,
1638 3559 1670 3624 ἠ
1719 3558 1827 3611 τῶν

252 3634 507 3703 οὐρανῶν
535 3635 861 3706 ὑξκηλοτέρα,
899 3637 1098 3704 μᾶλλον
1129 3640 1186 3692 δὲ
1230 3635 1297 3711 ἦς
1359 3644 1510 3714 ἥττω
1553 3648 1688 3716 μηδὲ
1742 3667 1828 3716 μι-

255 3727 377 3796 κρῷ
411 3727 597 3797 μέτρῳ
625 3729 691 3781 τὰ
711 3729 984 3800 Σεραφὶμ,
1009 3732 1200 3803 πόρρω
1229 3736 1524 3802 φαντασίας
1559 3740 1650 3790 καὶ
1671 3739 1822 3809 δόξης

255 3821 482 3889 ἁπάσης
511 3821 692 3890 κενῆς,
743 3822 860 3891 λιτῇ
894 3824 986 3874 καὶ
1055 3827 1284 3894 πενιχρᾷ
1332 3828 1590 3897 χαίρουσα
1622 3829 1821 3899 διαίτῃ.

255 3913 534 3980 Καθάπερ
569 3914 676 3980 γὰρ
705 3914 842 3984 αὐτῇ
877 3915 1008 3983 πρὶν
1037 3916 1102 3968 ἂν
1134 3917 1333 3970 ἐκεῖνα
1393 3922 1584 3991 ἐπιστῇ
1618 3921 1690 3974 τὰ
1719 3939 1820 3989 με·

254 4003 470 4070 ruia-Ta
527 4002 633 4056 τοῦ
679 4005 964 4070 δυνατοῦ,
1027 4009 1123 4060 καὶ
1174 4009 1413 4082 Γαϐριὴλ
1458 4013 1517 4065 τὸ
1564 4015 1822 4084 μέγακαὶ

252 4096 464 4164 ὑψηλὸν
498 4099 696 4168 κομίσῃ
733 4097 1117 4168 πρόσφθεγμα,
1172 4102 1324 4155 οὐδέν
1354 4120 1403 4154 τι
1452 4106 1560 4157 τῶν
1617 4107 1820 4172 γηΐνων

251 4187 287 4256 ἢ
343 4186 599 4255 λαμπρὸν
641 4188 896 4257 ὲδόκει,ἢ
947 4191 1083 4256 πρὸς
1126 4192 1289 4244 ἑαυτό
1336 4195 1669 4262 μεταστῆσαι
1723 4196 1820 4266 τὴν

254 4275 543 4347 μακαρίαν
568 4279 808 4347 (exuam,
837 4276 1033 4350 ἁλλ’ἦν
1067 4282 1163 4350 μὲν
1185 4283 1438 4336 ἁπάντων
1471 4286 1816 4355 ὑπερορῶσα,

252 4371 487 4440 οὐράνια
516 4370 571 4423 δὲ
605 4371 773 4438 αὐτῆς
807 4375 1128 4440 κατεκράτει
1158 4375 1317 4442 μόνα,
1340 4376 1434 4428 καὶ
1465 4375 1601 4428 Θεοῦ
1626 4376 1824 4448 θερμό-

252 4480 424 4526 τατος
450 4462 610 4532 ἔρως,
641 4456 685 4531 ᾧ
711 4465 806 4515 καὶ
863 4464 1004 4534 ὑπὲρ
1053 4465 1211 4532 λόγον
1265 4467 1508 4537 ἥνωται·
1560 4469 1824 4524 οὕτωκαὶ

257 4552 403 4622 μετὰ
455 4551 514 4603 τὸ
565 4551 657 4603 τὸν
711 4552 842 4605 Θεὸν
885 4555 1056 4620 Λόγον
1093 4557 1293 4619 τεκεῖν,
1325 4557 1418 4608 καὶ
1462 4557 1522 4609 τὸ
1553 4559 1706 4625 γένος
1740 4563 1824 4624 είς

251 4645 509 4712 οὐράνιον
539 4643 693 4708 δόξαν
723 4646 1050 4710 ἀνενεγκεῖν,
1097 4647 1215 4698 ἐκεῖ
1251 4665 1310 4700 τε
1364 4649 1454 4701 τὸν
1486 4651 1652 4719 αὐτῆς
1697 4652 1824 4704 Υἱον

253 4737 355 4788 καὶ
392 4734 531 4786 Θεὸν
571 4735 832 4800 ἀνελθεῖν,
886 4730 945 4789 οὗ
987 4737 1251 4807 μηδαμῶς
1302 4741 1518 4792 πώποτε
1581 4742 1813 4810 κεχώρι-

253 4844 403 4889 σται,
433 4825 544 4877 τῶν
571 4825 720 4879 κάτω
739 4827 1002 4894 κρείττων
1030 4828 1292 4897 ἐτύγχανε
1326 4830 1558 4896 πάντων,
1595 4834 1688 4885 καὶ
1717 4833 1822 4886 τῦν

250 4919 541 4989 λυομένων
571 4919 743 4981 οὐδὲν,
771 4921 859 4987 ἐφ’
910 4914 987 4981 οἷς
1028 4921 1302 4988 ἀνθρωττοι
1369 4923 1509 4992 μέγα
1542 4927 1821 4993 φρονοίσι,

252 5010 414 5080 φίλου
447 5010 634 5081 τρόπῳ
666 5011 731 5079 τῇ
784 5009 1042 5079 Παρθένῳ
1071 5011 1337 5080 παρίστη.

337 5125 528 5180 ’l‘sal.
577 5140 816 5188 Lxxxvn,
876 5123 962 5181 16.
1040 5123 1213 5178 ‘Luc.
1271 5141 1311 5190 ι,
1348 5125 1438 5179 49.

1995 3561 2082 3618 ιν.
2130 3559 2220 3614 Sic
2275 3559 2439 3628 igitur
2489 3571 2610 3625 qua:
2659 3551 2968 3617 calisipsis
3018 3549 3330 3610 sublimior,
3389 3562 3488 3603 seu

1923 3653 2118 3706 melius
2147 3650 2400 3712 dixerim,
2433 3663 2555 3717 qua:
2583 3647 2743 3714 longe
2778 3639 3066 3711 Seraphirn
3119 3640 3486 3710 pracellebat,

1922 3743 2163 3796 alienum
2223 3740 2292 3793 ab
2343 3738 2494 3792 omni
2545 3733 2934 3795 ostentatione,
2993 3742 3050 3787 et
3095 3733 3290 3800 quavis
3337 3729 3487 3785 inani

1922 3833 2092 3903 gioria
2125 3846 2350 3887 servans
2379 3830 2620 3884 animum
2665 3843 2730 3882 ac
2780 3825 3014 3894 simplici
3049 3824 3310 3892 tenuique
3348 3837 3486 3892 gau-

1922 3923 2059 3977 dens
2113 3923 2238 3975 vitae
2286 3920 2521 3982 ratione,
2552 3918 2671 3973 dies
2719 3932 2848 3971 suos
2873 3916 3089 3986 agebat.
3121 3914 3488 3981 Quemadmo-

1919 4013 2048 4068 dutn
2095 4012 2242 4066 enim
2295 4020 2588 4080 antequam
2644 4008 2912 4078 magnalia
2964 4007 3059 4060 illa
3115 4005 3390 4076 ροιεηιίε⁸
3428 4004 3484 4058 in

1918 4120 2038 4159 eam
2097 4103 2501 4163 conferrentur,
2568 4100 2886 4168 priusquam
2950 4097 3165 4153 scilicet
3227 4112 3482 4165 magnum

1920 4196 2057 4251 illud
2083 4211 2146 4250 ac
2187 4194 2506 4264 praecelsum
2549 4190 2801 4244 nuntium
2829 4188 3046 4243 Gabriel
3082 4188 3181 4258 ipsi
3219 4187 3480 4252 deferret,

1924 4289 2062 4343 nihil
2099 4287 2154 4341 in
2185 4284 2416 4340 terrenis
2440 4284 2524 4337 vel
2554 4281 2899 4351 splendidum
2934 4280 3010 4333 ilii
3044 4279 3350 4342 ridebatur,
3396 4281 3481 4332 vel

1927 4382 2142 4435 beatam
2177 4377 2322 4431 illam
2357 4374 2568 4428 valebat
2593 4373 2658 4426 ad
2689 4387 2748 4426 se
2786 4380 3127 4433 convertere,
3157 4370 3251 4424 sed
3282 4378 3482 4424 cuncta

1925 4473 2039 4526 haec
2081 4469 2238 4538 plane
2268 4465 2623 4534 despiciebat,
2669 4463 2894 4532 soloque
2938 4462 3241 4516 cmlestium
3295 4475 3479 4513 rerum

1925 4560 2140 4621 atl'eetu,
2173 4555 2664 4624 ardentissimoque
2704 4552 2798 4608 Dei
2824 4567 3032 4614 amore,
3067 4551 3154 4606 cui
3183 4559 3239 4606 et
3284 4550 3482 4605 inetia-

1926 4651 2106 4706 biliter
2132 4649 2420 4716 conjuncta
2449 4654 2586 4708 crat,
2619 4628 2937 4709 tenebatur;
2983 4643 3062 4695 sic
3109 4650 3163 4696 et
3191 4651 3479 4711 postquam

1926 4743 2092 4796 Deum
2126 4739 2360 4794 Verbum
2391 4736 2598 4806 genuit,
2646 4745 2701 4788 et
2723 4736 2787 4787 ad
2814 4735 3090 4787 cmlestem
3117 4733 3341 4802 gloriam
3378 4733 3481 4786 hu-

1927 4844 2146 4884 manum
2199 4843 2370 4898 genus
2397 4825 2596 4889 evexit,
2645 4841 2709 4878 ac
2765 4825 2908 4878 tilius
2955 4823 3077 4892 ejus
3106 4839 3169 4878 ac
3216 4824 3360 4878 Deus
3412 4839 3478 4878 eo

1927 4935 2179 4974 reversus
2223 4929 2328 4982 est,
2380 4916 2523 4970 unde
2555 4916 2866 4969 nullatenus
2919 4916 3214 4983 aliquando
3267 4916 3476 4970 disces-

1926 5019 2096 5073 serat,
2125 5009 2306 5062 inﬁma
2345 5008 2458 5062 haec
2491 5005 2674 5060 omnia
2705 5004 3122 5074 aspernabatur,
3169 5011 3223 5057 et
3260 5005 3394 5058 nihil
3445 5019 3476 5058 θ

1521 5250 1664 5308 Ant.
1703 5247 1987 5308 Ballcrini
2022 5254 2206 5306 notte.

325 5372 356 5412 ι
383 5369 520 5424 Cod.
556 5369 780 5420 πενέστε
789 5385 898 5436 ρον.

327 5442 405 5508 (7)
451 5438 507 5492 Si
537 5438 713 5508 Maria
747 5438 914 5491 Deum
943 5440 1086 5493 inter
1111 5448 1165 5493 et
1188 5440 1484 5494 humanum
1517 5455 1687 5508 genus
1710 5441 1820 5494 Deo

254 5507 360 5581 ipsi
393 5507 675 5581 inimicum
709 5520 772 5560 ac
816 5508 1132 5581 damnatum
1169 5511 1453 5564 mediatrix
1492 5507 1818 5581 Intercessit,

253 5576 314 5636 ut
344 5581 454 5632 hoc
491 5576 570 5630 illi
614 5576 1014 5648 reconciliaret,
1037 5578 1248 5631 distans
1293 5581 1458 5648 igitur
1481 5580 1549 5632 ab
1583 5578 1820 5633 inimicis

249 5663 308 5704 et
337 5650 453 5703 Deo
483 5655 707 5716 accepta
736 5646 1045 5716 exhibetur,
1067 5656 1124 5700 et
1153 5646 1371 5716 quidem
1401 5651 1466 5702 ad
1512 5649 1614 5702 hoc
1640 5657 1822 5702 exorta

252 5721 485 5774 dicitur.
547 5715 711 5782 Atqui
756 5714 1492 5789 Adamnatioret'inimieitia.
1525 5735 1646 5789 quas
1695 5721 1818 5772 uni-

253 5802 477 5844 versum
525 5801 696 5846 genus
756 5785 1036 5842 hominum
1080 5788 1340 5849 ἱιινυινςιι.
1374 5791 1517 5846 nulla
1544 5785 1648 5844 ’ρει
1694 5790 1819 5848 alia.

1915 5389 2075 5439 quam
2107 5387 2227 5438 qua:
2256 5386 2282 5422 a
2308 5369 2566 5439 primzevo
2619 5365 2746 5439 Adae
2796 5364 2948 5439 lapsu
2989 5361 3144 5439 duxit
3175 5361 3470 5439 originem.

1920 5432 2082 5509 Virgo
2117 5432 2280 5509 igitur
2311 5432 2383 5509 ab
2432 5435 2776 5491 luereditaria
2846 5433 2946 5487 hac
3004 5433 3222 5486 miseria
3270 5432 3478 5487 distans

1918 5507 2106 5580 aperte
2137 5507 2446 5580 pra-sumito
2457 5522 2502 5580 ι’.

1987 5581 2060 5647 (8)
2097 5569 2290 5632 Matth.
2352 5576 2494 5647 Xlll,
2523 5575 2633 5647 55;:
2666 5572 2861 5647 Nonne
2893 5573 2975 5625 In'c
3005 5577 3095 5647 est.
3118 5570 3252 5638 fabri
3289 5569 3482 5647 ﬂius?

1989 5639 2065 5720 (9)
2105 5650 2255 5720 Luc,
2301 5646 2391 5720 lx,
2424 5646 2534 5720 58_:
2564 5643 2763 5720 _thp_e_s
2796 5648 2967 5710 foveas
3008 5640 3262 5720 hqbent...
3311 5639 3482 5697 Filius

1920 5707 2092 5777 atticin
2121 5718 2339 5774 hominis
2362 5733 2463 5770 non
2487 5715 2638 5770 habet
2661 5707 2746 5767 tibi
2781 5707 2936 5782 caput
2969 5707 3200 5766 reclinet.
