4258 6364
732 368 829 429 127

1788 376 1885 434 ISl
1903 375 2087 435 υσιιι
2136 376 2427 435 THESSA
2441 374 2891 434 LONICEXSIS

3886 362 3994 427 128

725 487 955 540 talitatis
1007 487 1188 541 ferens
1227 486 1459 541 fructus.
1490 486 1700 549 Gaude,
1728 490 1988 556 quoniam
2020 499 2075 543 et
2120 489 2305 542 incor-
2335 490 2375 548 Α

2409 505 2498 550 τος
2544 486 2836 556 σύμϐολον,
2890 486 3102 541 τουτονί
3165 502 3248 539 σοι
3302 486 3395 538 τδν
3443 482 3640 537 θαλλόν
3668 481 3853 536 δοῦναι
3898 480 4004 535 τοῦ

724 593 921 645 porcas
977 580 1096 633 ρωίί
1152 579 1340 638 cives,
1401 581 1493 647 qtti
1552 580 1647 634 tibi
1694 580 1796 633 hoc
1864 580 1987 633 felix
2052 580 2305 632 nuntium

724 671 987 734 all‘erunt,
1036 671 1398 739 splendidiori
1443 673 1586 733 luce,
1630 682 1791 740 prout
1832 672 1946 741 ipse
1992 687 2135 726 nunc
2184 681 2333 723 certa
2374 670 2720 740 experientia
2780 671 2936 725 disco
2964 714 2976 734 ,
3020 670 3324 741 perfundis.

724 778 943 830 semper
974 765 1213 819 viventis
1246 781 1574 834 semperque
1610 768 1864 831 virentis,
1924 783 2030 837 qua
2106 767 2353 836 potieris,

717 857 907 927 jussus
933 873 1077 914 sum.

798 950 908 1003 νη.
940 951 1065 1004 lbec
1111 953 1201 1005 ubi
1241 954 1385 1007 dicta
1442 971 1644 1023 sponsa
1699 957 1931 1019 audivit,
1984 972 2310 1026 ramumque

724 1041 793 1094 ab
844 1042 1169 1112 incorporeo
1221 1048 1415 1101 nuntio
1464 1048 1699 1118 accepit,
1737 1050 1883 1103 illico
1928 1066 2069 1103 novo
2113 1050 2315 1118 gaudio

727 1133 1021 1196 redundat,
1086 1138 1376 1191 suavitatis
1431 1157 1556 1194 rore
1622 1142 1867 1210 undique
1932 1142 2310 1211 perfunditur,

727 1222 972 1277 lmtitiam
1004 1227 1586 1297 Spirat,jucunditatis
1610 1232 1763 1285 ducit
1799 1233 2060 1297 halitum;
2106 1248 2171 1287 ac
2204 1243 2314 1288 tota

728 1316 1068 1373 duleissimte
1119 1322 1415 1390 voluptatis
1453 1339 1620 1378 sensu
1664 1337 1951 1394 correpta,
1990 1327 2318 1381 exsultatio-

728 1424 854 1461 nem
929 1427 1081 1464 suam
1140 1416 1475 1471 OtltlliIIIOtllS
1524 1418 1741 1472 iudieiis
1790 1421 2035 1472 exterius
2090 1420 2312 1488 promit.

727 1498 927 1561 Quidni
979 1503 1127 1555 enim
1181 1504 1231 1556 id
1286 1504 1461 1569 ﬁeret,
1494 1507 1624 1560 dum
1672 1510 1798 1562 talia
1847 1526 1942 1577 per
1983 1510 2313 1575 legationem

732 1588 880 1642 illam
934 1592 983 1645 ei
1022 1594 1093 1645 ob
1144 1597 1335 1649 oculos
1391 1598 1859 1666 proponebantur,
1896 1600 2153 1653 videlicet
2207 1600 2312 1653 alia

730 1682 974 1748 quidem,
1005 1702 1068 1739 ac
1100 1688 1255 1743 olim.
1286 1691 1520 1751 ratione,
1560 1702 1615 1743 at
1646 1709 1751 1745 non
1783 1693 1968 1747 ltllltlls
2004 1710 2150 1747 nunc
2177 1710 2315 1762 quo-

730 1791 838 1841 que
882 1776 1207 1833 admiranda
1239 1780 1489 1836 Creatori
1531 1801 1593 1836 ac
1622 1785 1759 1837 Filio
1803 1801 1901 1837 suo
1945 1796 2096 1839 arcte
2131 1788 2309 1839 adlue-

2419 581 2661 649 φοίνικος
2692 581 3131 649 προστεταγμαι.

3396 668 3717 739 Symbolum
3826 682 4002 738 porro

2419 765 2788 836 iucunditatis
2844 766 2991 822 hunc
3051 765 3244 835 palmae
3295 757 3510 819 ramum
3565 764 3665 820 tibi
3723 764 4009 833 porrigere

2482 955 2555 1006 Z’.
2596 951 2816 1005 Τούτων
2848 951 2923 1012 ὠς
2976 951 3219 1020 ἀκήκοεν
3269 950 3302 1020 ὴ
3338 950 3670 1017 θεόνυμφος,
3706 950 3801 1002 καὶ
3852 951 4007 1017 παρὰ

2409 1045 2505 1098 τοῦ
2533 1046 2824 1114 ἀσωμάτου
2856 1042 2946 1094 τὸν
2979 1042 3173 1094 κλάδον
3214 1042 3426 1111 εἴληφε,
3466 1043 3641 1112 χαρᾶς
3666 1042 3829 1105 εὐθὺς
3864 1041 4010 1107 πλη-

2416 1135 2643 1205 ροῦται·
2703 1132 3044 1202 γλυκύτητος
3106 1134 3454 1203 περιρρεῖται
3510 1131 3729 1200 ψεκάδι,
3795 1132 4004 1198 εὖφρο-

2415 1226 2583 1295 σύνην
2609 1225 2784 1288 ἔπνει,
2822 1224 3089 1294 θυμηδίας
3141 1225 3462 1291 ἀνέπεμπεν
3503 1220 3690 1292 ἆσθμα
3715 1239 3730 1254 ·
3788 1224 3882 1275 καὶ
3935 1217 4005 1291 ἦν

2415 1318 2607 1387 ἡδενῆς
2638 1316 2732 1385 ὅλη
2756 1315 3040 1385 γέμουσα,
3090 1319 3185 1368 καὶ
3242 1314 3627 1381 ἀγαλλιάσεως
3662 1314 4007 1381 πολλαχόθεν

2416 1407 2680 1463 δεικνῦσα
2729 1407 2799 1458 τὰ
2844 1406 3114 1474 σύμόολα.
3178 1406 3300 1468 Πῶς
3344 1407 3400 1458 δὲ
3463 1405 3561 1457 οὐκ
3596 1404 3792 1474 ἔμελλε
3817 1405 4008 1471 τοῦτο,

2415 1502 2643 1553 τοιαῦτα
2676 1499 3079 1569 ζωγραφούστις
3110 1498 3211 1567 τῆς
3253 1499 3541 1566 ἀγγελίας,
3571 1499 3773 1567 τρόπον
3807 1498 4005 1568 ἕτερον

2415 1594 2563 1663 ἥπερ
2608 1588 2757 1660 εἶχεν
2800 1595 2826 1645 ὁ
2870 1594 3023 1661 πρὶν,
3088 1591 3393 1658 παράδοξον
3433 1592 3491 1645 δὲ
3543 1592 3636 1643 καὶ
3688 1590 3873 1650 αὑτὸν,
3928 1590 4010 1659 τῷ

2418 1684 2748 1754 Δημιουργῷ
2798 1685 2891 1736 καὶ
2944 1684 3112 1753 αὐτῆς
3160 1683 3275 1752 Υίῷ
3336 1682 3670 1751 προσφῦναι,
3728 1682 3823 1734 καὶ
3850 1679 4009 1743 αὖθις

2420 1777 2712 1844 ὲνωθῆναι,
2770 1777 2863 1828 καὶ
2920 1774 3255 1842 θεοφθόγγου
3312 1775 3407 1826 καὶ
3460 1773 3642 1843 υίῖκῆς
3714 1771 4006 1824 αἰσθέσθαι

733 1883 853 1919 rete
887 1877 941 1920 et
971 1871 1227 1940 conjungi
1264 1889 1474 1935 rursus,
1517 1890 1753 1943 cumque
1782 1892 1878 1929 ore
1906 1876 1998 1929 illo
2034 1876 2220 1928 divino
2251 1893 2314 1930 ac
2348 1878 2375 1935 Ii

2419 1866 2687 1934 γλώττης,
2746 1864 2886 1933 ὑπὲρ
2943 1865 3089 1917 ἅπαν
3160 1864 3257 1933 ἡδὺ
3316 1862 3648 1933 χαριέστατα
3717 1861 3851 1931 πρὸς
3898 1862 4002 1929 τὴν

733 1958 829 2012 [iiii
869 1960 1067 2014 alfettt
1105 1973 1160 2015 et
1192 1964 1417 2017 vocibus
1459 1981 1568 2034 prae
1608 1967 1754 2019 omni
1794 1966 2066 2020 suavitate
2110 1968 2317 2020 dulcis-

733 2050 888 2105 simis
927 2068 984 2107 se
1014 2064 1243 2109 matrem
1280 2072 1432 2109 suam
1465 2059 1836 2127 alioquentem
1875 2060 2108 2113 audire?

829 2144 1015 2198 deirco
1043 2156 1100 2199 et
1141 2157 1382 2201 montem
1419 2148 1700 2203 Olivarum
1746 2150 2091 2212 conscendit,
2134 2162 2193 2204 ut
2242 2150 2316 2203 ibi

733 2245 790 2288 ct
823 2252 1015 2304 preces
1054 2237 1338 2298 ellundat.
1368 2250 1421 2294 et
1464 2242 1667 2309 gratias
1702 2252 1825 2313 agat
1868 2243 2122 2303 Domino,
2171 2242 2319 2311 quod

737 2327 802 2380 ad
840 2344 897 2381 se
934 2329 1212 2400 iilatnjam
1250 2344 1517 2387 accersat.
1555 2334 1779 2387 Solebat
1818 2333 1963 2388 enim
2010 2335 2065 2387 in
2104 2350 2229 2388 eum
2260 2350 2319 2388 se

739 2434 981 2474 mentem
1025 2422 1288 2490 recipere,
1343 2441 1427 2489 ac,
1479 2427 1628 2479 velut
1679 2426 1810 2480 huic
1852 2442 2077 2495 quoque
2125 2444 2323 2481 sensus

739 2524 1037 2578 constaret,
1092 2531 1215 2569 cum
1270 2516 1389 2584 ipso
1441 2518 1648 2572 versari
1704 2529 1927 2572 etcum
1980 2518 2221 2588 alloqui,
2254 2518 2322 2571 ad

741 2606 1031 2675 illumque,
1066 2608 1119 2659 in
1146 2624 1256 2675 quo
1278 2625 1431 2663 meus
1466 2627 1687 2679 quoque
1717 2612 1877 2666 Jesus
1910 2611 2027 2664 luto
2059 2612 2165 2666 hoc
2196 2627 2325 2665 nos-

742 2707 827 2751 tro
861 2702 914 2760 (ο
940 2700 1277 2753 iucﬂ‘abilem
1325 2703 1650 2777 cliaritatem
1681 2706 1718 2771 !)
1747 2700 2165 2769 circuiutectus,
2212 2705 2323 2759 Deo

740 2805 803 2843 ac
845 2791 988 2843 Patri
1019 2806 1212 2859 preces
1244 2794 1442 2848 olIerre
1482 2805 1879 2857 consueverat,
1922 2798 2073 2849 velut
2132 2796 2199 2849 ad
2242 2795 2328 2849 di-

740 2881 863 2935 lecti
893 2881 1012 2935 Filii
1045 2884 1127 2937 sui
1159 2894 1213 2937 et
1246 2883 1461 2939 Domini
1502 2888 1739 2940 amicum
1768 2890 2051 2941 accedere.

816 2973 952 3026 Vill.
981 2976 1239 3029 Ascendit
1274 2978 1463 3043 igitur,
1492 2989 1551 3032 ut
1597 2981 1760 3033 modo
1794 2981 2004 3035 dictum
2043 2994 2148 3048 est,
2179 2995 2237 3037 ut
2271 2993 2327 3037 ct

743 3077 985 3129 congrua
1041 3066 1348 3121 discedenti
1402 3069 1579 3123 cilicia
1634 3073 1902 3140 expleret,
1954 3083 2009 3128 et
2067 3076 2327 3144 precibus

742 3152 1057 3209 Creatorem
1085 3168 1355 3213 exoraret.
1384 3160 1625 3217 Cernere
1658 3178 1791 3234 ergo
1833 3173 1964 3220 tunc
2008 3176 2128 3220 erat
2174 3184 2329 3235 spec-

748 3243 991 3293 taculum
1051 3243 1251 3297 mirum
1293 3248 1434 3310 visu,
1494 3258 1552 3302 et
1614 3250 1952 3306 horrendum
2010 3253 2227 3315 auditu,
2265 3224 2398 3309 acc

747 3332 862 3385 Sola
894 3334 1051 3388 beata
1086 3336 1175 3389 illa
1204 3338 1569 3408 condignum.
1608 3344 1958 3398 Ascendebat
2001 3346 2171 3410 enim,
2204 3363 2332 3415 pro-

751 3425 829 3477 uti
886 3425 1021 3489 dixi,
1088 3440 1146 3480 ut
1203 3446 1398 3497 preces
1462 3433 1795 3498 ell'underet;
1858 3446 1913 3489 et
1974 3438 2157 3505 quoad
2216 3440 2330 3506 ipsa

756 3518 1060 3574 ascendere
1088 3522 1372 3591 pergebat,
1397 3526 1608 3593 spissae,
1650 3543 1773 3596 quae
1805 3528 1878 3582 ibi
1914 3540 2093 3595 erant,
2131 3532 2331 3600 plantze

750 3625 913 3664 suum
974 3616 1270 3670 servabant
1347 3618 1610 3684 modum;
1672 3636 1775 3675 nec
1831 3625 1979 3676 enim
2045 3624 2331 3693 quidpiam

750 3705 1143 3771 ostendebant,
1178 3709 1325 3778 quod
1358 3726 1520 3765 sensu
1557 3712 1885 3781 pollentium
1921 3716 2205 3783 proprium
2237 3718 2329 3778 sit,

751 3805 847 3850 aut
889 3800 1035 3865 quod
1071 3801 1138 3853 ad
1192 3802 1519 3856 rationalem
1572 3804 1827 3857 ordinem
1881 3809 2175 3875 pertineat.
2230 3806 2332 3861 Ubi

753 3898 938 3940 autem
978 3890 1290 3957 purissima,
1319 3904 1377 3946 ut
1412 3909 1470 3947 se
1517 3894 1831 3958 inclinaret,
1870 3908 1927 3950 et
1973 3912 2171 3950 manus
2219 3913 2337 3949 nio-

751 3980 934 4044 vebat,
967 3991 1022 4036 et
1042 3998 1217 4050 genua
1250 3984 1576 4040 deﬂectebat
1616 3988 1769 4041 humi
1834 3993 1887 4053 (ο
1943 4004 2145 4042 novum
2206 4004 2332 4059 por-

756 4081 971 4127 tentum
1000 4076 1040 4141 l)
1077 4076 1275 4143 planta:
1324 4094 1547 4147 quoque
1603 4080 1707 4133 illa:
1755 4095 1949 4135 omnes
1979 4090 2144 4149 atque.
2172 4082 2337 4137 arbo-

758 4178 868 4225 res,
908 4168 1063 4232 quasi
1099 4168 1183 4221 vel
1224 4178 1410 4222 mente
1446 4179 1635 4224 essent
1676 4171 1941 4239 praedium
1974 4172 2147 4226 instar
2177 4174 2341 4227 ancil-

757 4254 935 4309 larum
974 4258 1348 4327 obsequentes
1385 4263 1549 4315 simul
1591 4278 1718 4316 cum
1770 4263 2002 4317 Domina
2052 4280 2111 4319 se
2152 4281 2340 4319 move-

758 4347 912 4412 bant,
978 4350 1187 4417 pudore
1250 4354 1422 4407 veluti
1484 4355 1730 4422 suﬁusm,
1791 4356 1897 4410 nisi
1948 4372 2163 4412 summa
2218 4374 2339 4412 eam

761 4455 1240 4511 prosequerentur
1310 4449 1661 4511 reverentia,
1737 4458 1793 4501 et
1850 4450 2055 4517 quibus
2117 4460 2342 4519 possent

2427 1961 2636 2028 μητέρα
2662 1957 2894 2027 ῥεούσης
2923 1974 2936 2020 ;

2496 2140 2593 2191 Διὰ
2625 2138 2797 2191 ταῦτα
2827 2139 2921 2191 καὶ
2972 2140 3178 2191 ἄνεισιν
3210 2137 3300 2189 ἐπὶ
3344 2137 3404 2189 τὸ
3437 2137 3560 2207 ὅρος
3587 2136 3695 2188 τῶν
3753 2134 4009 2195 Ἐλαιῶν,

2425 2232 2593 2300 εὐχήν
2616 2248 2674 2282 τε
2706 2231 3065 2283 ἀποδώσουσα
3108 2228 3187 2291 τῷ
3244 2228 3516 2299 ,Δεετπότῃ⁹
3577 2228 3672 2281 καὶ,
3702 2228 3862 2299 χάριν
3914 2227 4010 2295 τῇ

2426 2324 2563 2391 πρὶς
2620 2323 2780 2374 αὐτὸν
2817 2322 3089 2392 κλήσεως.
3121 2320 3311 2373 Εἰώθει
3362 2321 3470 2390 γὰρ
3521 2322 3815 2390 αναφοιτᾷν
3870 2317 4014 2390 πρὸς

2424 2417 2602 2467 ἐκεῖνο
2652 2415 2712 2467 τὸ
2734 2414 2881 2484 ὅρος,
2915 2415 3009 2466 καὶ
3051 2412 3127 2474 ὠς
3158 2412 3266 2463 τῶν
3293 2412 3555 2482 ἐμψύχων
3585 2412 3686 2475 ἐνἰ,
3714 2412 3808 2463 καὶ
3832 2425 4011 2479 προσ-

2423 2507 2634 2575 ομιλεῖν
2720 2508 2815 2558 καὶ
2866 2504 3377 2574 προσφθέγγεσθαι,
3427 2504 3522 2556 καὶ
3575 2498 3665 2555 οἷα
3720 2504 3858 2573 φίλῳ
3913 2504 4013 2556 τοῦ

2428 2598 2754 2665 φιλουμένου
2788 2596 2983 2658 Παιδὸς
3015 2597 3107 2649 καὶ
3160 2598 3435 2649 Δεσπότου
3497 2596 3921 2666 προσέρχεσθαι,
3957 2600 4015 2650 ἐν

2424 2680 2468 2754 ᾧ
2500 2689 2595 2740 καὶ
2618 2690 2645 2740 ὁ
2673 2688 2805 2756 ἐμὸς
2861 2688 3070 2756 Ἰησοῦς
3101 2685 3199 2749 τὰς
3239 2688 3407 2756 εὐχὰς
3444 2686 3521 2757 τῷ
3554 2686 3673 2754 Θεῷ
3705 2689 3800 2739 καὶ
3833 2690 4012 2757 ιιατρὶ

2428 2782 2727 2851 προσῆγεν,
2800 2779 2845 2832 ὣ
2902 2780 3319 2850 φιλανθρωπίας
3367 2781 3616 2850 ἀφάτουί
3673 2779 3897 2851 ἔλυτρον
3948 2784 4013 2832 ὲκ

2428 2874 2601 2939 πηλοῦ
2635 2875 2837 2939 φέρων.

2500 2969 2580 3019 H'.
2618 2968 2827 3019 Ἀνεισι
2866 2966 3157 3038 τοιγαροῦν
3179 3008 3193 3031 ,
3222 2968 3298 3030 ὡς
3325 2968 3541 3038 εἴρηται
3572 2968 3914 3029 τελευταῖον,
3948 2965 4020 3019 τὰ

2428 3060 2677 3129 ὲξιτήρια
2709 3059 2803 3112 καὶ
2828 3060 3177 3130 προσεροῦσα
3205 3063 3295 3113 καὶ
3325 3061 3738 3130 προσευξομένη
3771 3062 3847 3127 τῷ
3872 3060 4018 3112 11λά-

2432 3166 2553 3220 στῃ.
2600 3146 2707 3202 Ἦν
2754 3146 2848 3204 οὖν
2874 3152 3002 3203 ίδεῖν
3042 3152 3165 3204 τότε
3209 3153 3390 3219 θέαμα
3431 3154 3604 3219 ξένον,
3646 3154 3740 3205 καὶ
3784 3155 4019 3222 φρικτὸν

2435 3246 2595 3313 ἀκοῇ,
2638 3245 2806 3313 μόνης
2840 3246 2896 3298 δὲ
2928 3245 3079 3310 ἄξιον
3108 3246 3207 3313 τῆς
3246 3247 3542 3315 μακαρίας.
3589 3248 3770 3317 Ἀνῄει
3809 3251 3953 3317 γὰρ,
3990 3248 4019 3301 ὅ

2440 3354 2530 3404 μοι
2565 3336 2802 3405 εἴρηται.
2857 3336 3303 3406 προσευξομένη·
3354 3338 3451 3389 καὶ
3491 3338 3596 3400 ἓως
3651 3338 3751 3408 μὲν
3794 3336 4021 3391 ἀνιοῦσα

2435 3426 2722 3497 ἐτύγχανε,
2767 3428 2856 3480 τὸν
2898 3428 3096 3480 οίκεῖον
3136 3426 3307 3491 ἔσωζε
3342 3429 3505 3498 νόμον
3554 3431 3645 3482 καὶ
3690 3430 3798 3483 τῶν
3839 3432 4020 3485 ἐκεῖσε

2436 3520 2618 3586 φυτῶν
2647 3521 2679 3587 ἡ
2724 3518 2931 3585 πληθύς
2957 3534 2972 3549 ο
3009 3518 3183 3571 ἐποίει
3212 3522 3320 3587 γὰρ
3353 3521 3506 3573 οὐδὲν
3536 3520 3648 3574 τῶν
3686 3522 4018 3592 αἰσθανομέ-

2435 3628 2566 3670 νων,
2602 3611 2708 3661 ούδ*
2741 3611 2775 3663 ἃ
2801 3609 2876 3676 τῷ
2902 3610 3104 3677 λογικῷ
3128 3611 3579 3681 συγκεκλήρωται
3604 3611 3906 3682 διακόσμῳ.
3954 3616 4021 3667 Ἥ

2439 3704 2712 3769 πάναγνος
2749 3702 2804 3753 δὲ
2843 3704 2931 3755 ὅτε
2985 3702 3188 3755 κλίνειν
3221 3703 3315 3755 καὶ
3348 3706 3536 3775 χεῖρας
3564 3705 3754 3765 ἐκίνει,
3788 3708 3881 3758 καὶ
3931 3709 4021 3773 γό-

2438 3814 2573 3849 νατα
2618 3798 3004 3865 συνέκαμπτεν
3050 3799 3129 3859 εἰς
3174 3796 3302 3865 γῆν,
3353 3796 3398 3849 ὣ
3444 3796 3632 3850 καινὸν
3677 3798 3895 3866 θαῦμαί
3952 3804 4023 3854 τὰ

2439 3896 2581 3961 φυτὰ
2618 3910 2675 3945 τε
2710 3895 2886 3946 πάντα
2922 3895 3108 3947 ἐκεῖνα
3142 3894 3236 3945 καὶ
3273 3894 3487 3960 δένδρα,
3526 3894 3623 3946 καὶ
3654 3889 3742 3947 οἷα
3772 3895 3897 3947 νοῦν
3927 3897 4023 3961 φέ-

2442 4004 2625 4058 ροντα,
2654 3986 2815 4040 δοῦλα
2839 3989 2906 4057 τῇ
2931 3988 3202 4059 Δεσποίνῃ
3229 3987 3590 4059 συνδιηκόνει,
3619 3988 3808 4059 ὥσπερ
3832 3991 4028 4059 αἰσχυ-

2438 4080 2663 4149 νόμενα,
2690 4082 2738 4132 εἰ
2775 4082 2932 4149 μήγε
2966 4080 3245 4148 ὑπερφυὲς
3279 4080 3469 4132 σώσειε
3507 4081 3691 4144 σέϐας,
3726 4083 3816 4133 καὶ
3854 4081 3920 4133 δι’
3950 4076 4027 4135 ὧν

2440 4172 2567 4241 ἐνῆν
2599 4172 2791 4236 δεῖξαι,
2826 4170 3116 4241 κηρύξειεν
3148 4175 3230 4225 ὅτι
3258 4174 3364 4226 πᾶν
3393 4173 3520 4241 γόνυ
3559 4174 3798 4241 κάμψειν
3827 4177 3920 4228 καὶ
3956 4180 4024 4246 τῇ

2442 4265 2703 4332 πανάγνῳ
2744 4265 2991 4331 προσῆκε
3042 4264 3128 4316 διὰ
3178 4266 3239 4316 τὸ
3294 4266 3433 4332 μέγα
3470 4267 3563 4317 καὶ
3609 4264 3811 4334 ὑψηλὸν
3854 4268 4027 4334 αὐτῆς

2441 4356 2635 4424 δνομα.
2676 4356 2741 4407 Ἠ
2772 4354 2947 4424 λόχμη
2977 4356 3158 4407 τοίνυν
3186 4357 3394 4425 ἐκείνη,
3422 4361 3515 4408 καὶ
3540 4357 3898 4422 συγκλίνασα,
3928 4359 4026 4410 καὶ

2441 4446 2644 4499 ὡσανεὶ
2668 4445 2987 4498 τελευταίαν
3015 4446 3325 4514 ὲκδημούσῃ
3356 4448 3457 4515 τὴν
3486 4447 3858 4515 προσκύνησιν
3887 4447 4025 4511 ἀφο-

761 4534 929 4600 signis
962 4536 1392 4603 proclamarem,
1428 4554 1656 4607 prorsus
1706 4555 1804 4608 par
1837 4555 1981 4604 esse,
2021 4551 2080 4594 ut
2109 4552 2337 4611 propter
2366 4561 2375 4619 1

2409 4539 2710 4613 μαιομένη,
2746 4538 3100 4607 προπέμπειν
3144 4538 3243 4606 μὲν
3292 4538 3503 4590 ἐδόκειο
3560 4539 3780 4590 πενθεῖν
3816 4538 3869 4590 δὲ
3913 4535 4030 4591 οἷον

766 4638 1021 4692 magnum
1048 4634 1102 4678 et
1130 4627 1406 4680 excelsum
1439 4629 1560 4697 ejus
1594 4644 1791 4683 nomen
1825 4644 1988 4684 omne
2008 4646 2150 4699 genu
2174 4631 2337 4684 etiam

764 4713 1075 4781 purissima:
1108 4716 1183 4768 illi
1235 4716 1555 4771 ﬂecteretur
1588 4721 1722 4787 (tl).
1765 4720 1860 4773 Illa
1901 4736 2033 4789 ergo
2082 4722 2233 4791 sylva
2280 4727 2337 4774 et

2449 4632 2542 4683 καὶ
2571 4629 3013 4697 σκυθρωπάζειν,
3039 4630 3112 4690 ὡς
3140 4629 3236 4698 τῆς
3264 4629 3441 4699 ξένης,
3466 4625 3532 4701 ἧς
3563 4630 3844 4699 ἀπήλαυεν
3876 4632 4031 4698 ἁγιό-

2445 4736 2607 4788 τητος
2643 4720 2793 4787 παρά
2814 4735 2879 4784 γε
2910 4722 3008 4786 τῆς
3041 4718 3342 4785 Παρθένου,
3372 4721 3738 4791 χωριζομένη.

765 4812 942 4858 semet
982 4806 1275 4866 inclinans.
1309 4822 1373 4859 ae.
1409 4809 1577 4862 veluti
1614 4819 1957 4878 postremum
2001 4811 2346 4865 adorationis
2386 4810 2715 4881 obsequium
2776 4810 3011 4863 abiturae
3068 4820 3255 4865 sancte
3288 4812 3627 4878 persolvens,
3653 4814 3907 4868 ultimum
3946 4817 4027 4879 illi

765 4893 885 4946 vale
927 4895 1114 4947 dicere
1170 4896 1500 4960 videbatur;
1535 4907 1648 4951 tum
1693 4898 1825 4954 ﬂere
1870 4902 2043 4955 veluti
2096 4916 2161 4955 ac
2204 4901 2544 4963 contristari,
2594 4900 2778 4970 vquod
2860 4901 2996 4954 mira
3069 4901 3160 4955 illa
3212 4901 3649 4957 sanctiﬁcatione
3710 4906 4027 4975 orbaretur,

765 5004 871 5057 qua
907 5005 1003 5055 per
1042 4990 1276 5060 Virginis
1310 4993 1656 5059 przescntiam
1704 4994 1807 5047 frui
1838 4996 2069 5049 solebat.
2122 4998 2125 5001 ’

840 5080 930 5133 IX.
964 5082 1098 5133 Cum
1127 5094 1311 5136 autem
1349 5086 1696 5153 supplicandi
1746 5087 1907 5142 finem
1966 5088 2207 5151 fecisset,
2236 5088 2337 5141 do-

773 5187 920 5223 mum
960 5187 1019 5224 se
1057 5172 1429 5227 laudatissima
1490 5174 1579 5228 illa
1630 5176 1954 5245 recipiebat.
2006 5177 2146 5230 Ecce
2180 5191 2345 5245 porro

770 5278 821 5314 et
858 5263 930 5317 ibi
967 5265 1243 5332 quoddam
1286 5279 1482 5334 prtetcr
1528 5284 1737 5321 morem
1779 5284 1997 5323 omnem
2058 5280 2342 5323 eventum.

774 5356 1003 5407 llomutn
1056 5356 1259 5409 etenim
1320 5366 1523 5409 tremor
1583 5360 1815 5423 invasit;
1866 5370 1920 5413 et
1972 5361 2118 5427 quod
2174 5370 2334 5415 antea

774 5466 929 5517 passa
989 5450 1102 5503 liter
1154 5467 1431 5520 nunquam
1496 5455 1693 5516 fuerat,
1732 5461 1840 5505 tota
1880 5464 2009 5505 tunc
2057 5452 2341 5505 concutie-

2517 5085 2594 5138 8'.
2641 5083 2783 5137 Ἀλλ’
2820 5082 2940 5134 ἐπεὶ
2972 5082 3144 5150 πέρας
3180 5075 3293 5150 εἶχε
3327 5080 3397 5134 τὰ
3434 5082 3531 5152 τῆς
3564 5083 3751 5153 εὐχῆς,
3782 5088 3962 5140 οἴκαδε
3999 5091 4029 5158 ἡ

2450 5176 2802 5244 πανύμνητος
2851 5174 3099 5243 ἐπανῄει.
3164 5174 3339 5225 Κάκεῖ
3395 5191 3445 5225 τι
3494 5174 3704 5241 γίνεται
3757 5178 3868 5229 τῶν
3928 5182 4029 5233 οὐκ

2448 5268 2740 5321 είωθότων.
2769 5267 2966 5326 Κλόνος
2995 5268 3088 5317 καὶ
3118 5267 3225 5334 γὰρ
3255 5268 3513 5336 περιέσχε
3554 5268 3649 5331 τὴν
3683 5270 3861 5323 οἰκίαν
3886 5288 3901 5304 ι
3935 5277 4031 5326 καὶ

2443 5359 2471 5411 ὃ
2503 5361 2629 5429 πρὶν
2656 5359 2757 5411 οὐκ
2782 5354 2894 5426 εἶχε
2925 5355 3205 5421 παθοῦσα,
3239 5356 3428 5408 ἅπασα
3459 5357 3579 5409 τότε
3603 5360 3842 5429 ἐσείσθη.
3887 5364 4033 5431 Ἐγὼ

2447 5450 2689 5521 νομίζω,
2725 5447 3029 5515 στεναγμὸν
3055 5446 3199 5499 τοῦτ’
3234 5441 3301 5515 ἦν
3332 5449 3745 5519 αἱνιττομὲνης.
3785 5455 3878 5507 καὶ
3911 5457 4030 5506 ἀντ’

2042 5595 2179 5651 Aut.
2224 5590 2515 5653 Ballerini
2555 5598 2739 5651 nota).

848 5708 961 5775 (li)
1001 5707 1111 5760 lloc
1135 5722 1350 5777 quoque
1382 5708 1582 5761 videsis
1607 5709 1926 5762 translatum
1960 5710 2023 5761 ad
2063 5711 2336 5776 Virginem

777 5779 1023 5845 Matrem,
1056 5781 1219 5849 quoi,
1271 5781 1527 5848 Apostulu
1582 5781 1808 5833 docente
1845 5780 2094 5850 (Philipp.
2149 5797 2204 5847 tt,
2248 5784 2323 5850 ll),

2449 5712 2635 5766 datum
2664 5719 2747 5764 est
2774 5708 2994 5766 Christo
3026 5708 3256 5764 Domino
3288 5728 3298 5761 ;
3330 5708 3395 5762 L't
3429 5710 3479 5761 in
3506 5712 3717 5763 nomine
3742 5712 3852 5779 (λιι.)
3877 5728 4034 5769 omne

2438 5800 2567 5851 genti
2596 5783 2860 5849 ﬂectatur.
