4258 6364
146 405 240 467 i2)

1002 395 1264 457 SERth
1324 392 1403 452 1N
1455 387 2009 451 DORMJTIONEM
2052 387 2114 446 ιι.
2160 387 2225 446 v.
2269 336 2556 445 mani/is.

3319 373 3425 438 130

142 519 383 592 ὀξυρμοῦ
442 520 537 572 τὸν
610 516 800 570 κλόνον
860 509 1135 572 πενθικῶς
1196 505 1586 578 προαρύσηςί,
1652 501 1747 555 Eu

1804 513 1819 561 i
1852 502 2036 557 batur.
2083 501 2218 555 Erat
2248 498 2324 564 id,
2357 506 2416 553 ut
2442 505 2597 568 puto,
2634 492 2921 564 prodeatis
2948 493 3182 555 luctum,
3224 500 3281 544 et
3308 492 3433 544 loco

144 616 204 683 δὴ
226 616 323 681 τῆς
355 614 583 665 πάντων
613 606 925 676 ἁγιωτέρας
951 604 1045 655 καὶ
1064 598 1415 669 ἀσυγκρίτως
1443 594 1742 662 καλλίστης

144 704 543 771 δ.εσταλμένης
582 700 858 753 συνοίκου.
894 692 1059 765 Οἶμαι
1093 694 1148 746 δὲ
1177 693 1269 744 καὶ
1312 690 1386 752 ὡς
1413 726 1427 751 ,
1466 688 1626 755 εἴπερ
1662 688 1742 746 εἰς

146 798 242 866 γῆν
265 796 517 855 πλείονος
546 794 625 844 ἔτι
646 789 808 858 δόξης
842 787 949 839 ἔδει
979 789 1044 855 τῇ
1081 784 1363 850 πανάγνῳ,
1391 780 1483 831 καὶ
1514 777 1743 846 οὐρανδς

153 889 234 949 iv,
272 889 370 939 καὶ
401 887 473 953 γῆ
501 926 515 947 ,
550 886 644 937 καὶ
679 882 959 943 θάλασσα,
990 878 1084 930 καὶ
1120 877 1272 928 πᾶσα
1304 874 1426 925 τότε
1460 872 1491 940 ὴ
1526 869 1741 929 κτίσις,

143 983 346 1031 ἱκαστι
389 977 593 1045 θρῆνον
634 972 1081 1037 ἀναπλεξάμενα,
1113 966 1405 1035 δονηθῆναι
1444 960 1614 1031 εἶχον,
1649 963 1744 1014 καὶ

149 1072 334 1139 γοερῆν
384 1066 720 1135 ἁνοιμῶξαι,
756 1063 855 1133 τὴν
899 1061 1166 1130 ἐκδημίαν
1214 1055 1591 1125 ὀλοφυρόμενα
1644 1052 1743 1121 τῆς

152 1162 430 1228 Παρθένου
454 1176 469 1189 ·
506 1164 598 1211 καὶ
626 1162 653 1211 ὁ
682 1158 993 1217 τελευταῖος
1025 1153 1090 1207 ἂν
1119 1153 1294 1205 ἐδόκει
1323 1148 1568 1216 σεισμὸς,
1600 1140 1659 1200 οὗ
1687 1147 1746 1198 τὸ

154 1253 421 1322 ’φρικῶδες
441 1252 539 1304 καὶ
568 1252 797 1318 νεκροὺς
827 1246 1101 1316 ἀκούομεν
1130 1242 1458 1310 ἁνυψώσειν.
1484 1236 1625 1292 ὥστε
1652 1238 1747 1288 καὶ

156 1350 226 1407 si;
280 1346 489 1413 αἰθέρα
537 1341 940 1409 νεφελοὸατείν,
988 1338 1063 1399 ὡς
1118 1334 1292 1405 μικρὰ
1335 1333 1606 1401 διαφέρων
1651 1328 1747 1395 τῆς

156 1436 237 1488 ἐπ’
276 1437 503 1502 ἐκείνην
542 1433 637 1486 τοῦ
676 1432 878 1502 θρήνου
912 1429 1225 1497 κυκήσεως.
1266 1427 1388 1478 Ὂτι
1423 1424 1482 1475 δὲ
1516 1420 1613 1473 τοῦ
1649 1435 1749 1488 με-

157 1533 342 1598 γίστνιυ
380 1531 478 1581 καὶ
502 1521 562 1581 οὗ
595 1528 731 1595 πρὸς
760 1525 920 1590 δόξαν
952 1519 1423 1591 περιφανέστερον
1450 1512 1623 1575 οὐδὲν,
1655 1511 1751 1563 τὸν

156 1626 283 1676 Θεὸν
319 1623 564 1676 τεκοῦσα
594 1623 886 1689 τετύχηκε,
920 1618 1083 1685 λόγου
1113 1615 1298 1668 λοιπδν
1320 1612 1422 1665 οὐκ
1450 1604 1520 1680 ἦν
1560 1607 1710 1671 ἄξιον
1735 1644 1749 1668 ,

158 1716 404 1768 τοιοῦτόν
442 1732 496 1766 τι
544 1712 712 1782 γῆθεν
744 1711 888 1764 κατὰ
919 1710 1019 1779 τὴν
1059 1707 1213 1759 θείαν
1242 1705 1459 1773 ἐκείνην
1492 1702 1752 1770 κοίμησιν

157 1808 653 1877 καινοτομηθῆναι.

1847 592 2155 664 gemituum
2197 600 2406 644 motum
2453 588 2607 642 illum
2652 578 2887 655 lugubre
2934 600 2998 638 ex
3043 584 3154 637 imo
3209 581 3431 644 citntis,

1846 683 1994 753 quod
2056 681 2273 736 scilicet
2332 678 2755 735 contubernalis
2819 675 2940 729 illa'
2988 690 3109 737 sua,
3185 674 3435 728 sanctior

1851 776 2150 835 universis,
2214 781 2270 826 et
2322 773 2459 826 citra
2515 769 2987 839 comparationem
3032 781 3249 822 omnem
3314 765 3433 835 pul-

1846 869 2118 923 cherrima
2160 867 2273 937 (η)
2313 867 2422 936 jam
2454 866 2762 919 discessura
2813 871 2980 918 esset.
3029 861 3098 916 Et
3154 859 3427 928 siquidem

1849 961 2047 1030 majori
2086 961 2316 1029 insuper
2358 958 2531 1029 gloria
2568 956 2829 1011 exornari
2874 956 2928 1009 in
2988 954 3152 1010 terris
3202 951 3434 1022 purissi-

1851 1067 1995 1106 mam
2034 1052 2183 1105 illam
2218 1050 2583 1120 oportuisset,
2616 1050 2927 1113 enimvero,
2977 1058 3034 1101 ut
3068 1061 3171 1116 ego
3205 1044 3433 1113 quidem

1857 1142 2417 1207 arbitror,etcoelum
2449 1152 2602 1206 tunc,
2630 1151 2686 1195 et
2722 1152 2891 1201 terra,
2923 1151 2978 1193 et
3009 1155 3179 1202 mare,
3205 1146 3262 1191 et
3281 1152 3439 1190 crea-

1854 1249 1990 1293 tura:
2036 1253 2248 1301 omnes,
2300 1236 2533 1305 lugubre
2579 1235 2713 1304 quid
2777 1232 3005 1301 singulae
3053 1229 3435 1289 concinentes,

1853 1330 2194 1384 commoveri
2228 1329 2577 1391 debuissent,
2624 1337 2680 1381 et
2724 1324 2968 1395 Virginis
2999 1323 3308 1377 discessum
3356 1320 3437 1371 la-

1853 1426 2164 1472 intentantes
2191 1417 2359 1471 flebili
2386 1432 2518 1470 voce
2556 1416 2952 1485 ingemiscere;
3008 1426 3074 1467 ac
3120 1411 3235 1464 visa
3293 1418 3444 1463 essrt

1854 1520 2130 1581 postrema
2170 1511 2262 1563 illa
2320 1511 2431 1581 jam
2480 1509 2675 1563 adesse
2706 1507 3025 1567 commotio,
3057 1506 3215 1575 cujus
3248 1502 3446 1557 horro-

1859 1618 1973 1655 rem
2010 1602 2092 1656 vel
2130 1601 2282 1671 ipsos
2317 1608 2567 1653 mortuos
2602 1598 2861 1651 novimus
2895 1606 3235 1657 erecturum,
3287 1601 3346 1646 ut
3385 1594 3441 1646 in

1858 1710 1985 1749 aera
2027 1695 2202 1747 instar
2241 1692 2475 1746 nubium
2511 1684 2865 1755 discurrant;
2932 1702 3126 1757 parum
3170 1687 3307 1740 adeo
3339 1685 3443 1738 ista

1864 1804 1895 1842 a
1928 1786 2150 1858 lugubri
2184 1787 2274 1840 illa
2302 1794 2536 1855 propter
2563 1785 2848 1853 Virginem
2885 1781 3320 1837 conturbatione
3362 1783 3447 1830 vi-

158 1874 395 1953 deretur
419 1874 720 1951 absimilis.
776 1896 847 1947 At
884 1890 1149 1962 quoniam
1193 1888 1379 1958 Virgo,
1417 1891 1609 1954 utpote
1649 1879 1747 1935 Dei
1786 1886 1963 1933 mater
2033 1876 2252 1941 effecta,
2300 1875 2472 1930 decus
2515 1875 2763 1928 omnium
2832 1874 3157 1940 maximum,
3216 1883 3275 1927 et
3332 1886 3447 1942 quo

158 1996 512 2066 splendidius
557 1995 696 2048 nihil
731 1993 986 2049 conferre
1012 1989 1079 2045 ad
1109 1988 1339 2060 gloriam
1379 1990 1583 2055 potest,
1654 1978 1853 2035 sortita
1935 1978 2046 2049 jam
2134 1976 2333 2038 fuerat,
2374 1975 2525 2029 nulla
2579 1972 2894 2044 postulabat
2930 1974 3091 2037 ratio,
3167 1980 3228 2026 ut
3262 1969 3441 2043 quod-

161 2095 299 2164 piam
359 2087 641 2159 ejusmodi
709 2100 911 2140 novum
982 2089 1301 2154 portentum
1361 2077 1432 2131 ob
1493 2074 1739 2128 divinam
1784 2072 1930 2126 illam
1979 2070 2377 2123 dormitionem
2418 2084 2448 2123 e
2485 2079 2630 2122 terra
2655 2068 2945 2123 ederetur.

230 2189 287 2241 ιο.
332 2185 498 2239 Ἐπεὶ
528 2184 583 2235 δὲ
613 2185 640 2236 ὀ
671 2182 768 2250 μὲν
799 2176 943 2241 οἶκος
976 2178 1108 2246 ἔστη
1136 2176 1232 2230 τοῦ
1264 2175 1482 2233 κλόνου,
1511 2172 1544 2241 ἡ
1574 2169 1631 2223 δὲ
1660 2186 1759 2238 με·

1804 2175 1837 2231 Β
1937 2166 2007 2220 Χ.
2056 2166 2355 2236 Postquam
2391 2182 2524 2237 ergo
2549 2166 2749 2221 domus
2775 2167 3011 2221 cessavit
3046 2182 3073 2220 λ
3112 2177 3287 2230 motu.
3316 2183 3441 2222 cum

164 2281 435 2339 τάστασις
456 2277 636 2343 φωτὸς
661 2275 842 2343 ἔργον,
872 2273 966 2324 καὶ
994 2269 1089 2322 τοῦ
1113 2266 1526 2338 λαμπροτάτου,
1554 2262 1764 2329 ἀνέπτη

166 2375 319 2441 φῶτα
357 2368 564 2440 ⁴ἤκιστιὶ
594 2384 658 2435 γε
689 2365 917 2436 βραχέα,
952 2361 1188 2416 τοσαῦτα
1221 2361 1297 2422 δὲ,
1332 2359 1435 2412 ὅσα
1464 2358 1645 2425 πλήρη
1673 2355 1766 2439 τὸν

164 2436 309 2517 οἷκον
342 2436 527 2530 φωτὺς
566 2461 661 2512 καὶ
694 2456 975 2525 ὀλολαμπῆ
1026 2453 1320 2521 πεποίηκε.
1363 2450 1536 2502 Τοῦτο
1574 2447 1632 2501 δὲ
1661 2436 1762 2517 ἢν,

168 2556 361 2625 ἔμοιγε
396 2553 567 2614 δοκεῖ,
599 2552 697 2618 τὴν
727 2547 1031 2616 τηνικαῦτα
1054 2544 1165 2598 τῶν
1190 2542 1437 2611 ἀγγέλων
1465 2539 1767 2609 ἐπιδημίαν

174 2645 615 2715 ὑποφαινούσης,
641 2641 734 2695 ἅτε
767 2639 1105 2707 καταλλήλου
1132 2635 1226 2689 τοῦ
1254 2635 1431 2702 φωτὸς
1457 2633 1630 2696 ὄντος,
1655 2631 1769 2692 τοῖς

171 2741 263 2792 τοῦ
294 2738 437 2791 Θεοῦ
461 2736 824 2803 λειτουργοῖς,
857 2733 932 2793 ὡς
966 2730 1076 2801 πῦρ
1107 2728 1305 2797 φλέγον
1330 2723 1726 2794 πεποιημένοις
1751 2737 1768 2753 ο

172 2833 291 2886 οὐδὲ
342 2833 456 2900 γὰρ
493 2827 639 2898 εἶχεν
680 2828 867 2894 ἓτερον
910 2824 1263 2894 οἰκειότερον,
1298 2815 1342 2889 ᾧ
1384 2820 1450 2873 ἂν
1476 2820 1603 2880 τοὺς
1645 2817 1772 2877 νόας

172 2929 345 2993 γῇθεν
386 2922 659 2986 ξενίσαιτο
686 2937 696 2949 ⁸
728 2921 763 2972 ἄ
800 2920 903 2980 λως
926 2918 972 2970 θ’
1001 2921 1082 2970 ὅτι
1119 2917 1214 2968 καὶ
1248 2914 1453 2982 σφόδρα
1479 2907 1549 2980 ἦν
1571 2909 1631 2962 τὸ
1658 2909 1775 2977 φῶς

174 3020 383 3069 οἰκεῖςν
412 3017 577 3083 αὐτῇ,
613 3014 834 3064 πάντων
864 3010 999 3082 οῠσῃ
1026 3006 1421 3077 φωτεινοτάτῃ.

1870 2262 2137 2316 transitus
2174 2260 2265 2315 ille
2310 2260 2552 2329 Virginis
2606 2261 2671 2313 ad
2722 2276 2889 2329 opera
2925 2259 3068 2313 lucis
3106 2269 3161 2314 et
3215 2261 3442 2329 quidem

1868 2353 2296 2424 fulgentissima
2344 2361 2640 2421 spectaret,
2689 2353 2870 2406 statim
2925 2354 3150 2422 exiguas
3197 2353 3314 2422 ipsa
3364 2353 3446 2407 fa-

1867 2448 2041 2509 culas,
2074 2460 2279 2516 easque
2323 2454 2402 2498 tot
2448 2444 2724 2507 accendit,
2783 2452 2919 2513 quot
2970 2444 3035 2498 ad
3108 2444 3444 2514 implendam

1868 2540 1989 2593 luce
2017 2540 2264 2603 domum,
2288 2554 2519 2607 eamque
2552 2538 2895 2608 splendidam
2931 2539 3172 2608 undique
3204 2538 3445 2594 ellicien-

1869 2635 1994 2689 dam
2028 2636 2163 2692 satis
2205 2644 2411 2690 essent.
2441 2635 2544 2689 Per
2575 2633 2688 2690 haec
2718 2647 2928 2710 autem,
2965 2645 3025 2691 ut
3057 2636 3187 2690 mihi
3221 2638 3445 2707 quidem

1869 2727 2107 2793 videtur,
2134 2728 2430 2782 instantem
2453 2728 2564 2798 jam
2592 2731 2918 2799 angelorum
2953 2728 3251 2784 adventum
3297 2730 3449 2783 indi-

1871 2821 2052 2885 cabat,
2082 2836 2206 2874 enm
2242 2821 2507 2874 videlicet
2547 2821 2641 2876 Dei
2682 2821 3049 2884 administris,
3105 2826 3307 2891 quippe
3353 2824 3450 2892 qui

1873 2913 1999 2967 facti
2036 2920 2165 2965 sunt
2212 2913 2355 2982 ignis
2400 2927 2566 2966 urens
2602 2912 2643 2974 ⁸,
2711 2914 2803 2967 lux
2854 2928 3086 2965 maxune
3144 2921 3452 2981 congruat;

1879 3018 2003 3055 nam
2039 3003 2177 3055 nihil
2235 3002 2469 3056 habebat
2529 3003 2714 3068 aliud,
2777 3020 2886 3071 quo
2945 3008 3127 3076 aptius
3180 3006 3233 3058 in
3293 3004 3459 3059 terris

176 3111 436 3163 cmlestes
505 3104 734 3173 spiritus
809 3101 1052 3169 hospitio
1128 3098 1461 3166 exciperet;
1518 3092 1825 3163 praesertim
1867 3108 2000 3147 vero
2042 3108 2167 3146 cum
2204 3103 2259 3147 et
2294 3093 2397 3163 ipsi
2433 3093 2660 3163 Virgini,
2729 3104 2918 3164 utpote
2972 3112 3153 3149 rerum
3209 3098 3457 3151 omnium

178 3199 562 3258 lucizissimze,
604 3198 698 3249 lux
728 3203 873 3248 esset
904 3190 1338 3245 accommodata.

255 3291 374 3346 Εἶτ’
411 3289 764 3357 ἐκκορήσασα
792 3287 851 3338 τὸ
884 3283 1179 3353 δωμάτιον,
1213 3281 1306 3332 καὶ
1336 3278 1434 3348 τὴν
1469 3277 1621 3346 ἱερὰν
1657 3274 1773 3327 κλί-

1826 3262 1868 3311 "
1959 3275 2166 3330 Deinde
2198 3291 2323 3329 eum
2346 3274 2739 3328 domunculam
2762 3277 3029 3329 verrendo
3051 3288 3462 3347 perpurgasset,

182 3403 284 3454 νην
313 3426 325 3441 .
376 3382 462 3448 ἐφ’
498 3375 614 3451 ᾖτὸ
645 3379 824 3446 τίμιον
854 3375 1145 3427 διανέπαυε
1180 3370 1364 3437 σῶμα,
1400 3367 1460 3420 εὖ
1492 3367 1739 3419 διαθεῖσα
1760 3401 1775 3427 ,

180 3477 356 3530 τᾶλλα
392 3490 449 3524 τε
480 3468 950 3538 παρασκευάσασα
971 3506 985 3529 ,
1021 3466 1120 3515 ὅσα
1150 3464 1297 3529 ταφῇ
1334 3459 1612 3528 νομίζεται
1633 3497 1648 3522 ,
1679 3456 1778 3517 τὰς

184 3569 351 3637 φίλας
406 3566 545 3630 αὑτῇ
592 3563 840 3626 γείτονας
886 3556 1263 3623 συγκαλεὴαι.
1309 3554 1371 3604 Αἰ
1415 3551 1471 3602 δὲ
1508 3545 1649 3618 ἦσαν
1687 3547 1781 3598 δύο

186 3659 458 3726 πενιχραὶ
503 3655 669 3721 χῆραι
711 3652 819 3701 τῶν
845 3645 1039 3699 ἐνδεῶν
1080 3646 1177 3715 μὲν
1219 3646 1317 3697 ὅσα
1349 3642 1485 3710 πρὸς
1524 3640 1669 3709 βίον,
1710 3637 1785 3698 ὡς

184 3754 241 3803 δὲ
276 3753 345 3819 τῇ
384 3749 604 3798 πάντων
636 3745 832 3794 οἰκεῖαι
872 3739 1106 3808 βασιλίδι
1132 3778 1146 3801 ,
1180 3739 1275 3788 καὶ
1304 3735 1416 3786 τῶν
1446 3730 1619 3799 αὐτῆς
1649 3729 1784 3798 κλη-

190 3818 445 3912 ρινόξιοι,
480 3836 553 3897 ὡς
591 3833 698 3903 ἄρα
731 3833 869 3901 μετὰ
906 3829 1102 3899 μικρὸν
1133 3829 1161 3879 ὁ
1190 3828 1348 3893 λόγος
1387 3822 1650 3891 δηλώσει,
1677 3818 1787 3871 τῶν

190 3938 257 3985 ἐκ
281 3929 539 3998 λιπαρῶν
566 3928 661 3978 καὶ
695 3923 901 3993 βαθέων
926 3923 1089 3976 οἴκων
1113 3918 1617 3987 εὐδαιμονέστεραι.
1644 3913 1790 3964 Γνω-

195 4028 339 4096 ρίζει
390 4024 575 4074 τοίνυν
624 4018 850 4079 ταύταις
900 4017 999 4084 τὴν
1046 4012 1347 4081 ἐκδημίαν·
1403 4008 1497 4061 τοῦ
1552 4005 1787 4073 ἀγγέλου

191 4120 350 4186 δηλοῖ
390 4118 459 4169 τὰ
500 4116 719 4183 ῥήματα
747 4127 759 4140 ·
795 4110 855 4160 τὸ
891 4108 984 4160 τοῦ
1021 4106 1217 4173 ἑαυτῆς
1251 4101 1380 4155 Υἱοῦ
1419 4104 1509 4153 καὶ
1541 4101 1791 4169 Σωτῆρος

194 4208 457 4277 ἀγγέλλει
482 4206 734 4273 μήνυμα⁸
762 4201 1000 4252 δείκνυσι
1030 4198 1120 4250 καὶ
1142 4197 1232 4248 τὸν
1256 4194 1470 4253 κλάδον,
1494 4191 1589 4244 καὶ
1616 4192 1793 4256 λόγοις

195 4302 503 4368 ἐξιτηρίοις
536 4292 868 4361 διησπάζετο
908 4292 1027 4350 ταῖς
1064 4286 1363 4355 γνωρίμοις
1391 4300 1405 4313 ο
1448 4284 1542 4336 καὶ
1576 4281 1642 4344 ἃς
1680 4280 1793 4349 εἶχε

195 4396 387 4452 Gtt-r1;
418 4388 680 4455 ἐσθῆτας,
713 4383 820 4437 τῶν
850 4382 1036 4452 χηρῶν
1072 4382 1330 4448 ἐνείματο
1363 4376 1639 4445 ἑκατέρᾳο
1672 4375 1793 4427 οὐδὲ

198 4488 309 4552 γὰρ
355 4481 426 4551 ἦν
472 4482 574 4531 ὅσα
619 4494 683 4544 γε
724 4476 803 4535 είς
854 4471 1129 4541 θησαυρὸν
1172 4470 1361 4537 ἕτερον
1409 4469 1476 4535 τῇ
1530 4467 1797 4532 πανάγνῳ

205 4578 228 4602 “
278 4573 519 4634 πλοῦτος
568 4565 866 4637 ὑπερφυῶν
911 4562 1148 4633 ἀρετῶν,
1198 4563 1292 4611 καὶ
1325 4561 1352 4611 ὅ
1402 4576 1454 4611 τι
1502 4559 1797 4626 ἀναγκαῖον

235 4665 388 4721 ἔικεν
420 4669 454 4735 ἡ
491 4662 670 4734 χρεία.

214 4764 391 4816 fidum
422 4757 735 4812 distribuit.
767 4752 957 4823 Neque
994 4750 1142 4805 enim
1185 4747 1502 4819 purissima:
1536 4746 1616 4800 illi
1684 4746 1835 4801 aliud
1876 4747 2159 4815 quidpiam
2201 4750 2444 4803 thesauri
2481 4759 2621 4816 erat,

1886 3375 1942 3420 ct
1982 3366 2358 3420 venerandum
2406 3367 2557 3420 illuni
2602 3364 2888 3429 lectult'im,
2951 3370 3003 3421 in
3072 3386 3181 3439 quo
3219 3373 3457 3439 aliquam

1804 3489 1847 3550 (Ζ
1886 3458 2099 3512 solebat
2135 3459 2375 3528 pretioso
2424 3458 2641 3527 corpori
2683 3474 2783 3512 suo
2833 3462 3076 3529 requiem
3132 3463 3283 3530 dare,
3329 3481 3462 3518 con-

1880 3552 2039 3603 (-inne
2093 3551 2488 3619 disposuisset,
2542 3566 2665 3603 curn
2720 3559 2773 3603 t-t
2822 3552 2927 3606 alia
2964 3594 2978 3616 ,
3013 3569 3354 3625 quaecunque
3410 3558 3467 3609 in

1882 3642 2171 3695 funeribus
2230 3643 2333 3696 rite
2377 3643 2807 3708 adhibebantur,
2863 3658 3205 3713 apparasset,
3261 3649 3473 3703 vicinas

1883 3732 1988 3784 sibi
2008 3732 2214 3785 amicas
2244 3743 2532 3786 convocat.
2567 3734 2687 3787 lstm
2722 3751 2891 3804 porro
2921 3737 3043 3790 dum
3078 3749 3239 3793 erant
3272 3740 3468 3809 inopes

1887 3824 2084 3887 viduae,
2109 3840 2378 3893 pauperes
2407 3826 2628 3894 quidem
2658 3826 2801 3895 quod
2842 3829 2907 3882 ad
2943 3831 3065 3883 vita:
3099 3831 3471 3887 conditionem

1888 3917 2109 3978 attinet,
2143 3926 2423 3983 quatenus
2457 3927 2644 3971 autem
2702 3920 2907 3988 reginae
2961 3921 3346 3977 universorum
3392 3926 3472 3978 fa-

1895 4008 2158 4073 miliares,
2211 4022 2267 4063 et
2320 4012 2372 4062 in
2423 4012 2671 4080 ejusdem
2708 4012 3113 4079 haereditatem,
3172 4018 3248 4070 uti
3307 4020 3476 4087 paulo

1893 4112 2018 4170 post
2052 4116 2236 4155 sermo
2261 4103 2563 4166 enarrabit,
2617 4104 2829 4167 'ascitre,
2892 4108 3237 4174 quibuslibet
3288 4113 3373 4163 vel
3409 4127 3471 4164 ea

1891 4190 2151 4257 0pulenta
2180 4191 2462 4261 nobilique
2508 4194 2672 4247 domo
2722 4195 2941 4249 feminis
2971 4196 3265 4253 feliciores.
3302 4200 3478 4256 llasce

1896 4280 2065 4349 igitur
2099 4282 2168 4337 de
2214 4284 2463 4338 discessu
2490 4302 2589 4339 suo
2618 4298 2806 4341 monet
2836 4306 2848 4354 ;
2898 4299 3122 4344 enarrat
3164 4291 3335 4346 verba
3372 4309 3475 4347 an-

1895 4374 1999 4442 geli
2030 4391 2044 4437 ;
2077 4374 2200 4429 Filii
2242 4392 2306 4430 ac
2340 4377 2642 4431 Salvatoris
2684 4380 2768 4432 sui
2822 4382 3080 4434 nuntium
3117 4385 3336 4451 aperit;
3387 4402 3477 4438 ra-

1900 4481 2050 4519 mum
2098 4482 2318 4535 quoque
2376 4468 2485 4523 illis
2539 4472 2800 4536 ostendit,
2856 4481 2912 4526 et
2954 4476 3137 4529 verbis
3172 4476 3477 4532 discedenti

1902 4561 2168 4628 congruis
2226 4562 2635 4616 consuetudine
2693 4564 2798 4617 sibi
2851 4565 3139 4621 devinctas
3196 4579 3480 4637 postremo

1905 4653 2146 4717 salutat;
2185 4662 2298 4706 tum
2351 4655 2530 4719 binas,
2564 4672 2703 4725 quas
2738 4658 2976 4712 habebat
3011 4672 3213 4722 vestes,
3258 4662 3480 4729 utrique

2701 4767 2866 4821 quam
2914 4753 3479 4808 eminentissimarum

207 4860 487 4910 virtutum
531 4865 688 4918 Opes,
734 4857 790 4901 et
842 4849 884 4902 si
940 4848 1073 4917 quid
1127 4850 1255 4903 vitae
1302 4862 1439 4900 usus
1479 4848 1793 4900 necessario
1833 4848 2102 4916 exigebat.

278 4953 385 5002 lA’.
433 4947 590 4998 Ἐπεὶ
621 4945 677 4996 δὲ
700 4943 903 4995 τούτων
932 4946 1001 4994 τὰ
1025 4961 1081 4995 σε
1093 4946 1199 5012 μνᾶ
1224 4946 1408 4996 ἐκεῖνα
1430 4944 1685 5013 διήκουσε
1709 4943 1773 5008 γύ

1832 4949 1875 5001 D
1977 4943 2068 4997 XI.
2124 4945 2221 5000 Ubi
2256 4962 2388 5000 vero
2426 4949 2541 5001 haec
2577 4949 2877 5003 audierunt
2932 4950 3176 5005 honestae
3224 4951 3329 5005 illa:
3365 4967 3486 5004 mn-

212 5063 334 5095 νσια
359 5084 373 5104 ,
405 5038 619 5107 γοερῶς
645 5035 949 5106 ἀνῴμωξαν
971 5074 985 5097 ,
1014 5037 1228 5104 πικρῶς
1257 5040 1318 5087 ὲκ
1346 5036 1541 5103 βάθους
1573 5038 1794 5086 ἐστένα-

218 5135 329 5198 ξαν,
360 5130 620 5200 δακρύων
646 5129 856 5198 ῥύακας
887 5126 1197 5180 ἀπέϐλυσαν
1219 5128 1326 5180 τῶν
1354 5128 1649 5197 ὀφθαλμῶν
1672 5144 1684 5158 ’
1706 5129 1796 5180 καὶ

351 5274 505 5334 Psal.
543 5289 660 5340 CIII,
686 5272 737 5325 4.

1904 5033 2086 5097 lieres,
2120 5035 2173 5088 in
2198 5036 2573 5091 lamentabiles
2592 5040 2826 5107 gemitu.-
2855 5050 3227 5107 proruperunt
3252 5058 3265 5104 ;
3297 5056 3479 5093 amara

1903 5140 1969 5178 ex
2014 5126 2123 5181 imo
2171 5130 2443 5185 ducebant
2477 5132 2739 5200 suspiria,
2792 5133 3153 5200 lacryinarum
3209 5132 3478 5202 proﬂnvia

1502 5429 1644 5488 Ant.
1683 5422 1977 5486 Ballerini
2010 5428 2198 5484 noue.

300 5604 320 5643 ί
348 5604 517 5659 Forte
555 5600 959 5666 προαρυούσης.

298 5676 410 5744 (Ιί)
438 5673 654 5731 Cernis,
681 5672 745 5723 de
768 5671 989 5738 Virgine
1020 5666 1480 5744 Deiparadiccnti
1508 5668 1589 5721 vel
1613 5676 1806 5736 sponte

234 5740 476 5799 ac'nuila
500 5750 758 5811 poscente
782 5756 944 5793 causa
970 5741 1225 5793 excidere
1257 5740 1445 5792 Iaudes
1465 5741 1809 5806 incompara-

238 5816 356 5864 bili:
409 5811 723 5864 sanctitatis
765 5822 818 5864 et
867 5809 1299 5864 pulchritudinis
1339 5828 1353 5864 :
1402 5809 1541 5864 adeo
1593 5809 1806 5862 scilicet

238 5816 356 5871 bilis
409 5809 723 5867 sanctitatis
765 5822 818 5864 et
867 5809 1299 5878 pulchritudinis

1910 5594 1998 5647 vix
2043 5592 2110 5646 de
2142 5590 2364 5660 Virgine
2406 5589 2571 5644 Maria
2621 5589 2863 5654 cogitare
2898 5586 3481 5660 lice_t._quin_singula-

1912 5665 2150 5723 rissiina,
2179 5657 2281 5731 qua
2314 5662 2508 5727 fulget,
2540 5662 2799 5713 sanctitas
2828 5673 2890 5712 ac
2927 5657 3276 5727 pulchritudo
3301 5662 3481 5712 nitenv

1910 5735 2119 5788 tissinia
2150 5732 2317 5787 menti
2356 5738 2701 5787 obversetur.
