  <div class='ocr_page' id='page_1' title='image "/cluster/home/n/w/nwhite01/storage/ocr_20150623/139/nnc1.0046979840/085.png"; bbox 0 0 4258 6364; ppageno 0'>
   <div class='ocr_carea' id='block_1_1' title="bbox 766 380 865 442">
    <p class='ocr_par' dir='ltr' id='par_1_1' title="bbox 766 380 865 442">
     <span class='ocr_line' id='line_1_1' title="bbox 766 380 865 442; baseline 0 -2"><span class='ocrx_word' id='word_1_1' title='bbox 766 380 865 442; x_wconf 66' lang='grc'><strong>135</strong></span> 
     </span>
    </p>
   </div>
   <div class='ocr_carea' id='block_1_2' title="bbox 1817 366 2912 431">
    <p class='ocr_par' dir='ltr' id='par_1_2' title="bbox 1817 366 2912 431">
     <span class='ocr_line' id='line_1_2' title="bbox 1817 366 2912 431; baseline -0.001 0"><span class='ocrx_word' id='word_1_2' title='bbox 1817 368 2109 431; x_wconf 79' lang='lat' dir='ltr'><strong>ISIDORI</strong></span> <span class='ocrx_word' id='word_1_3' title='bbox 2161 366 2912 430; x_wconf 66' lang='lat' dir='ltr'><strong>TIIESSALONICENSIS</strong></span> 
     </span>
    </p>
   </div>
   <div class='ocr_carea' id='block_1_3' title="bbox 3903 369 4009 432">
    <p class='ocr_par' dir='ltr' id='par_1_3' title="bbox 3903 369 4009 432">
     <span class='ocr_line' id='line_1_3' title="bbox 3903 369 4009 432; baseline -0.038 0"><span class='ocrx_word' id='word_1_4' title='bbox 3903 369 4009 432; x_wconf 68' lang='grc'><strong>126</strong></span> 
     </span>
    </p>
   </div>
   <div class='ocr_carea' id='block_1_4' title="bbox 761 475 2442 551">
    <p class='ocr_par' dir='ltr' id='par_1_4' title="bbox 761 475 2442 551">
     <span class='ocr_line' id='line_1_4' title="bbox 761 475 2442 551; baseline -0.012 -5"><span class='ocrx_word' id='word_1_5' title='bbox 761 501 959 548; x_wconf 67' lang='lat' dir='ltr'><strong>ventus</strong></span> <span class='ocrx_word' id='word_1_6' title='bbox 1014 492 1093 543; x_wconf 81' lang='lat' dir='ltr'><strong>ﬁt.</strong></span> <span class='ocrx_word' id='word_1_7' title='bbox 1148 490 1433 543; x_wconf 71' lang='lat' dir='ltr'><strong>Prmcones</strong></span> <span class='ocrx_word' id='word_1_8' title='bbox 1472 484 1620 539; x_wconf 86' lang='lat' dir='ltr'><strong>enim</strong></span> <span class='ocrx_word' id='word_1_9' title='bbox 1674 478 1981 551; x_wconf 78' lang='lat' dir='ltr'><strong>Evangelii.</strong></span> <span class='ocrx_word' id='word_1_10' title='bbox 2033 493 2159 532; x_wconf 93' lang='lat' dir='ltr'><strong>cum</strong></span> <span class='ocrx_word' id='word_1_11' title='bbox 2236 475 2442 540; x_wconf 43' lang='lat' dir='ltr'><strong>alii/ti</strong></span> 
     </span>
    </p>
   </div>
   <div class='ocr_carea' id='block_1_5' title="bbox 2336 475 4017 551">
    <p class='ocr_par' dir='ltr' id='par_1_5' title="bbox 2361 476 4017 551">
     <span class='ocr_line' id='line_1_5' title="bbox 2361 476 4017 551; baseline 0.002 -24"><span class='ocrx_word' id='word_1_12' title='bbox 2361 483 2409 540; x_wconf 80' lang='grc' dir='ltr'><strong>Λ</strong></span> <span class='ocrx_word' id='word_1_13' title='bbox 2436 478 2693 545; x_wconf 77' lang='grc' dir='ltr'>περάτων</span> <span class='ocrx_word' id='word_1_14' title='bbox 2738 478 2989 540; x_wconf 80' lang='grc' dir='ltr'>διιόντος,</span> <span class='ocrx_word' id='word_1_15' title='bbox 3024 479 3121 531; x_wconf 74' lang='grc' dir='ltr'>καὶ</span> <span class='ocrx_word' id='word_1_16' title='bbox 3168 476 3261 531; x_wconf 76' lang='grc' dir='ltr'><strong>τὸν</strong></span> <span class='ocrx_word' id='word_1_17' title='bbox 3312 480 3559 551; x_wconf 76' lang='grc' dir='ltr'><strong>ἄσηπτον</strong></span> <span class='ocrx_word' id='word_1_18' title='bbox 3591 480 3687 533; x_wconf 73' lang='grc' dir='ltr'><strong>καὶ</strong></span> <span class='ocrx_word' id='word_1_19' title='bbox 3742 482 4017 550; x_wconf 80' lang='grc' dir='ltr'>σωτήριον</span> 
     </span>
    </p>
   </div>
   <div class='ocr_carea' id='block_1_6' title="bbox 763 574 2339 641">
    <p class='ocr_par' dir='ltr' id='par_1_6' title="bbox 763 574 2339 641">
     <span class='ocr_line' id='line_1_6' title="bbox 763 574 2339 641; baseline -0.013 0"><span class='ocrx_word' id='word_1_20' title='bbox 763 588 904 641; x_wconf 83' lang='lat' dir='ltr'><strong>alios</strong></span> <span class='ocrx_word' id='word_1_21' title='bbox 934 594 1095 640; x_wconf 65' lang='lat' dir='ltr'><strong>terrae</strong></span> <span class='ocrx_word' id='word_1_22' title='bbox 1125 585 1260 636; x_wconf 99' lang='lat' dir='ltr'><strong>lines</strong></span> <span class='ocrx_word' id='word_1_23' title='bbox 1302 580 1707 641; x_wconf 76' lang='lat' dir='ltr'><strong>discurrerent,</strong></span> <span class='ocrx_word' id='word_1_24' title='bbox 1755 582 1812 630; x_wconf 92' lang='lat' dir='ltr'><strong>et</strong></span> <span class='ocrx_word' id='word_1_25' title='bbox 1850 574 2235 641; x_wconf 85' lang='lat' dir='ltr'><strong>incorruptum</strong></span> <span class='ocrx_word' id='word_1_26' title='bbox 2275 583 2339 621; x_wconf 92' lang='lat' dir='ltr'><strong>ac</strong></span> 
     </span>
    </p>
   </div>
   <div class='ocr_carea' id='block_1_7' title="bbox 764 660 2339 733">
    <p class='ocr_par' dir='ltr' id='par_1_7' title="bbox 764 660 2339 733">
     <span class='ocr_line' id='line_1_7' title="bbox 764 660 2339 733; baseline -0.015 1"><span class='ocrx_word' id='word_1_27' title='bbox 764 681 1002 733; x_wconf 89' lang='lat' dir='ltr'><strong>salutare</strong></span> <span class='ocrx_word' id='word_1_28' title='bbox 1052 690 1239 728; x_wconf 89' lang='lat' dir='ltr'><strong>semen</strong></span> <span class='ocrx_word' id='word_1_29' title='bbox 1293 673 1347 726; x_wconf 91' lang='lat' dir='ltr'><strong>in</strong></span> <span class='ocrx_word' id='word_1_30' title='bbox 1404 672 1613 726; x_wconf 76' lang='lat' dir='ltr'><strong>animas</strong></span> <span class='ocrx_word' id='word_1_31' title='bbox 1669 667 2000 725; x_wconf 83' lang='lat' dir='ltr'><strong>infidelium,</strong></span> <span class='ocrx_word' id='word_1_32' title='bbox 2054 661 2224 715; x_wconf 77' lang='lat' dir='ltr'><strong>veluti</strong></span> <span class='ocrx_word' id='word_1_33' title='bbox 2282 660 2339 713; x_wconf 91' lang='lat' dir='ltr'><strong>in</strong></span> 
     </span>
    </p>
   </div>
   <div class='ocr_carea' id='block_1_8' title="bbox 765 754 2336 839">
    <p class='ocr_par' dir='ltr' id='par_1_8' title="bbox 765 754 2336 839">
     <span class='ocr_line' id='line_1_8' title="bbox 765 754 2336 839; baseline -0.012 -16"><span class='ocrx_word' id='word_1_34' title='bbox 765 768 1029 839; x_wconf 89' lang='lat' dir='ltr'><strong>quosdam</strong></span> <span class='ocrx_word' id='word_1_35' title='bbox 1061 766 1270 827; x_wconf 88' lang='lat' dir='ltr'><strong>sulcos,</strong></span> <span class='ocrx_word' id='word_1_36' title='bbox 1298 769 1644 833; x_wconf 82' lang='lat' dir='ltr'><strong>spargerent,</strong></span> <span class='ocrx_word' id='word_1_37' title='bbox 1693 770 1827 814; x_wconf 88' lang='lat' dir='ltr'><strong>tunc</strong></span> <span class='ocrx_word' id='word_1_38' title='bbox 1861 758 1998 810; x_wconf 91' lang='lat' dir='ltr'><strong>miro</strong></span> <span class='ocrx_word' id='word_1_39' title='bbox 2029 754 2195 808; x_wconf 90' lang='lat' dir='ltr'><strong>modo</strong></span> <span class='ocrx_word' id='word_1_40' title='bbox 2230 768 2336 804; x_wconf 85' lang='lat' dir='ltr'><strong>una</strong></span> 
     </span>
    </p>
   </div>
   <div class='ocr_carea' id='block_1_9' title="bbox 764 843 2339 926">
    <p class='ocr_par' dir='ltr' id='par_1_9' title="bbox 764 843 2339 926">
     <span class='ocr_line' id='line_1_9' title="bbox 764 843 2339 926; baseline -0.012 -12"><span class='ocrx_word' id='word_1_41' title='bbox 764 874 955 914; x_wconf 88' lang='lat' dir='ltr'><strong>omnes</strong></span> <span class='ocrx_word' id='word_1_42' title='bbox 1004 859 1057 911; x_wconf 92' lang='lat' dir='ltr'><strong>in</strong></span> <span class='ocrx_word' id='word_1_43' title='bbox 1105 858 1411 926; x_wconf 81' lang='lat' dir='ltr'><strong>purissimae</strong></span> <span class='ocrx_word' id='word_1_44' title='bbox 1458 853 1849 905; x_wconf 85' lang='lat' dir='ltr'><strong>domunculam</strong></span> <span class='ocrx_word' id='word_1_45' title='bbox 1916 855 2143 915; x_wconf 84' lang='lat' dir='ltr'><strong>repente</strong></span> <span class='ocrx_word' id='word_1_46' title='bbox 2173 843 2339 897; x_wconf 88' lang='lat' dir='ltr'><strong>delati</strong></span> 
     </span>
    </p>
   </div>
   <div class='ocr_carea' id='block_1_10' title="bbox 764 936 2336 1013">
    <p class='ocr_par' dir='ltr' id='par_1_10' title="bbox 764 936 2336 1013">
     <span class='ocr_line' id='line_1_10' title="bbox 764 936 2336 1013; baseline -0.01 -11"><span class='ocrx_word' id='word_1_47' title='bbox 764 960 1181 1005; x_wconf 72' lang='lat' dir='ltr'><strong>convenerunt:</strong></span> <span class='ocrx_word' id='word_1_48' title='bbox 1211 962 1389 1013; x_wconf 86' lang='lat' dir='ltr'><strong>neque</strong></span> <span class='ocrx_word' id='word_1_49' title='bbox 1420 944 1521 1010; x_wconf 82' lang='lat' dir='ltr'><strong>ipsi</strong></span> <span class='ocrx_word' id='word_1_50' title='bbox 1555 943 1753 1002; x_wconf 87' lang='lat' dir='ltr'><strong>solum,</strong></span> <span class='ocrx_word' id='word_1_51' title='bbox 1803 940 1896 993; x_wconf 79' lang='lat' dir='ltr'><strong>sed</strong></span> <span class='ocrx_word' id='word_1_52' title='bbox 1924 947 1979 991; x_wconf 88' lang='lat' dir='ltr'><strong>et</strong></span> <span class='ocrx_word' id='word_1_53' title='bbox 2026 936 2336 990; x_wconf 82' lang='lat' dir='ltr'><strong>caelestium</strong></span> 
     </span>
    </p>
   </div>
   <div class='ocr_carea' id='block_1_11' title="bbox 766 1030 2343 1109">
    <p class='ocr_par' dir='ltr' id='par_1_11' title="bbox 766 1030 2343 1109">
     <span class='ocr_line' id='line_1_11' title="bbox 766 1030 2343 1109; baseline -0.008 -15"><span class='ocrx_word' id='word_1_54' title='bbox 766 1042 987 1109; x_wconf 89' lang='lat' dir='ltr'><strong>sapiens</strong></span> <span class='ocrx_word' id='word_1_55' title='bbox 1017 1042 1105 1093; x_wconf 91' lang='lat' dir='ltr'><strong>ille</strong></span> <span class='ocrx_word' id='word_1_56' title='bbox 1133 1045 1421 1091; x_wconf 77' lang='lat' dir='ltr'><strong>enarrator</strong></span> <span class='ocrx_word' id='word_1_57' title='bbox 1465 1034 1755 1104; x_wconf 87' lang='lat' dir='ltr'><strong>Dionysius</strong></span> <span class='ocrx_word' id='word_1_58' title='bbox 1790 1031 2141 1100; x_wconf 80' lang='lat' dir='ltr'><strong>Areopagita,</strong></span> <span class='ocrx_word' id='word_1_59' title='bbox 2167 1030 2343 1083; x_wconf 88' lang='lat' dir='ltr'><strong>subli-</strong></span> 
     </span>
    </p>
   </div>
   <div class='ocr_carea' id='block_1_12' title="bbox 772 1122 2345 1199">
    <p class='ocr_par' dir='ltr' id='par_1_12' title="bbox 772 1122 2345 1199">
     <span class='ocr_line' id='line_1_12' title="bbox 772 1122 2345 1199; baseline -0.006 -16"><span class='ocrx_word' id='word_1_60' title='bbox 772 1136 982 1199; x_wconf 87' lang='lat' dir='ltr'><strong>misqne</strong></span> <span class='ocrx_word' id='word_1_61' title='bbox 1008 1129 1359 1189; x_wconf 81' lang='lat' dir='ltr'><strong>llierotheus,</strong></span> <span class='ocrx_word' id='word_1_62' title='bbox 1391 1135 1445 1180; x_wconf 89' lang='lat' dir='ltr'><strong>et</strong></span> <span class='ocrx_word' id='word_1_63' title='bbox 1468 1124 1822 1179; x_wconf 84' lang='lat' dir='ltr'><strong>admirandus</strong></span> <span class='ocrx_word' id='word_1_64' title='bbox 1848 1122 2190 1185; x_wconf 85' lang='lat' dir='ltr'><strong>Timotheus,</strong></span> <span class='ocrx_word' id='word_1_65' title='bbox 2214 1136 2345 1174; x_wconf 88' lang='lat' dir='ltr'><strong>nec-</strong></span> 
     </span>
    </p>
   </div>
   <div class='ocr_carea' id='block_1_13' title="bbox 768 1213 2343 1277">
    <p class='ocr_par' dir='ltr' id='par_1_13' title="bbox 768 1213 2343 1277">
     <span class='ocr_line' id='line_1_13' title="bbox 768 1213 2343 1277; baseline -0.006 -3"><span class='ocrx_word' id='word_1_66' title='bbox 768 1238 877 1274; x_wconf 90' lang='lat' dir='ltr'><strong>non</strong></span> <span class='ocrx_word' id='word_1_67' title='bbox 910 1230 965 1273; x_wconf 77' lang='lat' dir='ltr'><strong>et</strong></span> <span class='ocrx_word' id='word_1_68' title='bbox 990 1219 1210 1273; x_wconf 89' lang='lat' dir='ltr'><strong>celeber</strong></span> <span class='ocrx_word' id='word_1_69' title='bbox 1241 1219 1329 1271; x_wconf 84' lang='lat' dir='ltr'><strong>ille</strong></span> <span class='ocrx_word' id='word_1_70' title='bbox 1370 1218 1633 1277; x_wconf 83' lang='lat' dir='ltr'><strong>Jacobus,</strong></span> <span class='ocrx_word' id='word_1_71' title='bbox 1691 1214 1876 1267; x_wconf 84' lang='lat' dir='ltr'><strong>Sionis</strong></span> <span class='ocrx_word' id='word_1_72' title='bbox 1908 1213 2166 1266; x_wconf 67' lang='lat' dir='ltr'><strong>Ecclesiae</strong></span> <span class='ocrx_word' id='word_1_73' title='bbox 2213 1223 2343 1265; x_wconf 92' lang='lat' dir='ltr'><strong>tunc</strong></span> 
     </span>
    </p>
   </div>
   <div class='ocr_carea' id='block_1_14' title="bbox 771 1307 2345 1380">
    <p class='ocr_par' dir='ltr' id='par_1_14' title="bbox 771 1307 2345 1380">
     <span class='ocr_line' id='line_1_14' title="bbox 771 1307 2345 1380; baseline -0.006 -18"><span class='ocrx_word' id='word_1_74' title='bbox 771 1312 990 1380; x_wconf 60' lang='lat' dir='ltr'><strong>praesul.</strong></span> <span class='ocrx_word' id='word_1_75' title='bbox 1021 1313 1160 1364; x_wconf 85' lang='lat' dir='ltr'><strong>Sunt</strong></span> <span class='ocrx_word' id='word_1_76' title='bbox 1184 1320 1367 1362; x_wconf 89' lang='lat' dir='ltr'><strong>autem</strong></span> <span class='ocrx_word' id='word_1_77' title='bbox 1402 1309 1495 1375; x_wconf 85' lang='lat' dir='ltr'><strong>qui</strong></span> <span class='ocrx_word' id='word_1_78' title='bbox 1520 1307 1791 1359; x_wconf 85' lang='lat' dir='ltr'><strong>allirment</strong></span> <span class='ocrx_word' id='word_1_79' title='bbox 1840 1312 2100 1372; x_wconf 64' lang='lat' dir='ltr'><strong>praeterea</strong></span> <span class='ocrx_word' id='word_1_80' title='bbox 2123 1311 2345 1369; x_wconf 79' lang='lat' dir='ltr'><strong>septua-</strong></span> 
     </span>
    </p>
   </div>
   <div class='ocr_carea' id='block_1_15' title="bbox 769 1390 2342 1471">
    <p class='ocr_par' dir='ltr' id='par_1_15' title="bbox 769 1390 2342 1471">
     <span class='ocr_line' id='line_1_15' title="bbox 769 1390 2342 1471; baseline -0.009 -16"><span class='ocrx_word' id='word_1_81' title='bbox 769 1403 917 1471; x_wconf 81' lang='lat' dir='ltr'><strong>ginta</strong></span> <span class='ocrx_word' id='word_1_82' title='bbox 954 1401 1256 1469; x_wconf 82' lang='lat' dir='ltr'><strong>discipulos</strong></span> <span class='ocrx_word' id='word_1_83' title='bbox 1304 1398 1508 1451; x_wconf 81' lang='lat' dir='ltr'><strong>ibidem</strong></span> <span class='ocrx_word' id='word_1_84' title='bbox 1542 1396 1817 1459; x_wconf 79' lang='lat' dir='ltr'><strong>adfuisse;</strong></span> <span class='ocrx_word' id='word_1_85' title='bbox 1849 1393 1943 1462; x_wconf 89' lang='lat' dir='ltr'><strong>qni</strong></span> <span class='ocrx_word' id='word_1_86' title='bbox 1982 1408 2112 1446; x_wconf 78' lang='lat' dir='ltr'><strong>sane</strong></span> <span class='ocrx_word' id='word_1_87' title='bbox 2144 1401 2199 1444; x_wconf 89' lang='lat' dir='ltr'><strong>et</strong></span> <span class='ocrx_word' id='word_1_88' title='bbox 2242 1390 2342 1460; x_wconf 82' lang='lat' dir='ltr'><strong>ipsi</strong></span> 
     </span>
    </p>
   </div>
   <div class='ocr_carea' id='block_1_16' title="bbox 772 1486 2343 1561">
    <p class='ocr_par' dir='ltr' id='par_1_16' title="bbox 772 1486 2343 1561">
     <span class='ocr_line' id='line_1_16' title="bbox 772 1486 2343 1561; baseline -0.006 -16"><span class='ocrx_word' id='word_1_89' title='bbox 772 1494 825 1545; x_wconf 90' lang='lat' dir='ltr'><strong>in</strong></span> <span class='ocrx_word' id='word_1_90' title='bbox 856 1502 1065 1561; x_wconf 88' lang='lat' dir='ltr'><strong>partem</strong></span> <span class='ocrx_word' id='word_1_91' title='bbox 1113 1491 1279 1561; x_wconf 82' lang='lat' dir='ltr'><strong>hujus</strong></span> <span class='ocrx_word' id='word_1_92' title='bbox 1313 1504 1534 1558; x_wconf 86' lang='lat' dir='ltr'><strong>quoque</strong></span> <span class='ocrx_word' id='word_1_93' title='bbox 1583 1487 1875 1540; x_wconf 79' lang='lat' dir='ltr'><strong>ministerii</strong></span> <span class='ocrx_word' id='word_1_94' title='bbox 1911 1486 2033 1537; x_wconf 88' lang='lat' dir='ltr'><strong>ideo</strong></span> <span class='ocrx_word' id='word_1_95' title='bbox 2073 1493 2200 1537; x_wconf 91' lang='lat' dir='ltr'><strong>sunt</strong></span> <span class='ocrx_word' id='word_1_96' title='bbox 2244 1498 2343 1535; x_wconf 87' lang='lat' dir='ltr'><strong>vo-</strong></span> 
     </span>
    </p>
   </div>
   <div class='ocr_carea' id='block_1_17' title="bbox 772 1576 2344 1649">
    <p class='ocr_par' dir='ltr' id='par_1_17' title="bbox 772 1576 2344 1649">
     <span class='ocr_line' id='line_1_17' title="bbox 772 1576 2344 1649; baseline -0.008 -12"><span class='ocrx_word' id='word_1_97' title='bbox 772 1586 901 1647; x_wconf 82' lang='lat' dir='ltr'><strong>cati,</strong></span> <span class='ocrx_word' id='word_1_98' title='bbox 942 1595 999 1636; x_wconf 87' lang='lat' dir='ltr'><strong>ut</strong></span> <span class='ocrx_word' id='word_1_99' title='bbox 1032 1585 1175 1635; x_wconf 88' lang='lat' dir='ltr'><strong>sicut</strong></span> <span class='ocrx_word' id='word_1_100' title='bbox 1201 1593 1257 1635; x_wconf 87' lang='lat' dir='ltr'><strong>et</strong></span> <span class='ocrx_word' id='word_1_101' title='bbox 1273 1582 1377 1634; x_wconf 89' lang='lat' dir='ltr'><strong>alia</strong></span> <span class='ocrx_word' id='word_1_102' title='bbox 1398 1580 1654 1649; x_wconf 87' lang='lat' dir='ltr'><strong>mysteria</strong></span> <span class='ocrx_word' id='word_1_103' title='bbox 1684 1592 1748 1629; x_wconf 88' lang='lat' dir='ltr'><strong>ac</strong></span> <span class='ocrx_word' id='word_1_104' title='bbox 1782 1576 2035 1644; x_wconf 67' lang='lat' dir='ltr'><strong>praecelsa</strong></span> <span class='ocrx_word' id='word_1_105' title='bbox 2067 1581 2344 1643; x_wconf 87' lang='lat' dir='ltr'><strong>portenta,</strong></span> 
     </span>
    </p>
   </div>
   <div class='ocr_carea' id='block_1_18' title="bbox 776 1662 2348 1741">
    <p class='ocr_par' dir='ltr' id='par_1_18' title="bbox 776 1662 2348 1741">
     <span class='ocr_line' id='line_1_18' title="bbox 776 1662 2348 1741; baseline -0.009 -14"><span class='ocrx_word' id='word_1_106' title='bbox 776 1676 848 1727; x_wconf 91' lang='lat' dir='ltr'><strong>ita</strong></span> <span class='ocrx_word' id='word_1_107' title='bbox 882 1682 939 1727; x_wconf 91' lang='lat' dir='ltr'><strong>et</strong></span> <span class='ocrx_word' id='word_1_108' title='bbox 967 1689 1089 1741; x_wconf 58' lang='lat' dir='ltr'><strong>quat</strong></span> <span class='ocrx_word' id='word_1_109' title='bbox 1138 1686 1285 1724; x_wconf 91' lang='lat' dir='ltr'><strong>nunc</strong></span> <span class='ocrx_word' id='word_1_110' title='bbox 1327 1669 1682 1739; x_wconf 76' lang='lat' dir='ltr'><strong>gerebantur,</strong></span> <span class='ocrx_word' id='word_1_111' title='bbox 1745 1681 1937 1719; x_wconf 90' lang='lat' dir='ltr'><strong>eorum</strong></span> <span class='ocrx_word' id='word_1_112' title='bbox 1993 1664 2177 1733; x_wconf 77' lang='lat' dir='ltr'><strong>lingua</strong></span> <span class='ocrx_word' id='word_1_113' title='bbox 2227 1662 2348 1715; x_wconf 88' lang='lat' dir='ltr'><strong>aliis</strong></span> 
     </span>
    </p>
   </div>
   <div class='ocr_carea' id='block_1_19' title="bbox 775 1771 1327 1834">
    <p class='ocr_par' dir='ltr' id='par_1_19' title="bbox 775 1771 1327 1834">
     <span class='ocr_line' id='line_1_19' title="bbox 775 1771 1327 1834; baseline -0.005 -16"><span class='ocrx_word' id='word_1_114' title='bbox 775 1780 993 1834; x_wconf 87' lang='lat' dir='ltr'><strong>quoque</strong></span> <span class='ocrx_word' id='word_1_115' title='bbox 1023 1771 1327 1817; x_wconf 87' lang='lat' dir='ltr'><strong>enarraret.</strong></span> 
     </span>
    </p>
   </div>
   <div class='ocr_carea' id='block_1_20' title="bbox 856 1895 2353 1969">
    <p class='ocr_par' dir='ltr' id='par_1_20' title="bbox 856 1895 2353 1969">
     <span class='ocr_line' id='line_1_20' title="bbox 856 1895 2353 1969; baseline -0.007 -13"><span class='ocrx_word' id='word_1_116' title='bbox 856 1903 994 1956; x_wconf 69' lang='lat' dir='ltr'><strong>XVI.</strong></span> <span class='ocrx_word' id='word_1_117' title='bbox 1030 1902 1099 1955; x_wconf 88' lang='lat' dir='ltr'><strong>Et</strong></span> <span class='ocrx_word' id='word_1_118' title='bbox 1129 1902 1181 1954; x_wconf 90' lang='lat' dir='ltr'><strong>lti</strong></span> <span class='ocrx_word' id='word_1_119' title='bbox 1208 1901 1429 1969; x_wconf 81' lang='lat' dir='ltr'><strong>quidem</strong></span> <span class='ocrx_word' id='word_1_120' title='bbox 1473 1898 1539 1951; x_wconf 88' lang='lat' dir='ltr'><strong>ad</strong></span> <span class='ocrx_word' id='word_1_121' title='bbox 1573 1895 2110 1951; x_wconf 85' lang='lat' dir='ltr'><strong>intemeratissimam</strong></span> <span class='ocrx_word' id='word_1_122' title='bbox 2153 1908 2353 1946; x_wconf 80' lang='lat' dir='ltr'><strong>conve-</strong></span> 
     </span>
    </p>
   </div>
   <div class='ocr_carea' id='block_1_21' title="bbox 780 1988 2351 2056">
    <p class='ocr_par' dir='ltr' id='par_1_21' title="bbox 780 1988 2351 2056">
     <span class='ocr_line' id='line_1_21' title="bbox 780 1988 2351 2056; baseline -0.008 -8"><span class='ocrx_word' id='word_1_123' title='bbox 780 2002 980 2048; x_wconf 92' lang='lat' dir='ltr'><strong>nerunt</strong></span> <span class='ocrx_word' id='word_1_124' title='bbox 1033 2008 1063 2047; x_wconf 92' lang='lat' dir='ltr'><strong>e</strong></span> <span class='ocrx_word' id='word_1_125' title='bbox 1135 2001 1315 2056; x_wconf 89' lang='lat' dir='ltr'><strong>terra;</strong></span> <span class='ocrx_word' id='word_1_126' title='bbox 1370 2006 1399 2044; x_wconf 91' lang='lat' dir='ltr'><strong>e</strong></span> <span class='ocrx_word' id='word_1_127' title='bbox 1443 1989 1598 2043; x_wconf 73' lang='lat' dir='ltr'><strong>cmlis</strong></span> <span class='ocrx_word' id='word_1_128' title='bbox 1629 1988 1949 2056; x_wconf 76' lang='lat' dir='ltr'><strong>verojusta,</strong></span> <span class='ocrx_word' id='word_1_129' title='bbox 2000 1996 2184 2053; x_wconf 80' lang='lat' dir='ltr'><strong>utpar</strong></span> <span class='ocrx_word' id='word_1_130' title='bbox 2212 1993 2351 2044; x_wconf 86' lang='lat' dir='ltr'><strong>erat,</strong></span> 
     </span>
    </p>
   </div>
   <div class='ocr_carea' id='block_1_22' title="bbox 785 2076 2355 2156">
    <p class='ocr_par' dir='ltr' id='par_1_22' title="bbox 785 2076 2355 2156">
     <span class='ocr_line' id='line_1_22' title="bbox 785 2076 2355 2156; baseline -0.008 -15"><span class='ocrx_word' id='word_1_131' title='bbox 785 2086 1124 2156; x_wconf 83' lang='lat' dir='ltr'><strong>persoluturi</strong></span> <span class='ocrx_word' id='word_1_132' title='bbox 1183 2084 1459 2138; x_wconf 88' lang='lat' dir='ltr'><strong>communi</strong></span> <span class='ocrx_word' id='word_1_133' title='bbox 1513 2083 1758 2135; x_wconf 89' lang='lat' dir='ltr'><strong>onmium</strong></span> <span class='ocrx_word' id='word_1_134' title='bbox 1822 2078 2087 2142; x_wconf 67' lang='lat' dir='ltr'><strong>Dominte,</strong></span> <span class='ocrx_word' id='word_1_135' title='bbox 2140 2076 2355 2146; x_wconf 82' lang='lat' dir='ltr'><strong>agmina</strong></span> 
     </span>
    </p>
   </div>
   <div class='ocr_carea' id='block_1_23' title="bbox 784 2169 2356 2245">
    <p class='ocr_par' dir='ltr' id='par_1_23' title="bbox 784 2169 2356 2245">
     <span class='ocr_line' id='line_1_23' title="bbox 784 2169 2356 2245; baseline -0.008 -16"><span class='ocrx_word' id='word_1_136' title='bbox 784 2177 1124 2245; x_wconf 80' lang='lat' dir='ltr'><strong>angelorum,</strong></span> <span class='ocrx_word' id='word_1_137' title='bbox 1172 2171 1702 2244; x_wconf 59' lang='grc' dir='ltr'><strong>⁴Ῑιιειοιδιιιιιιιιιο,ιιιιὶ</strong></span> <span class='ocrx_word' id='word_1_138' title='bbox 1765 2182 1924 2223; x_wconf 83' lang='lat' dir='ltr'><strong>antea</strong></span> <span class='ocrx_word' id='word_1_139' title='bbox 1984 2169 2356 2227; x_wconf 86' lang='lat' dir='ltr'><strong>decesserant,</strong></span> 
     </span>
    </p>
   </div>
   <div class='ocr_carea' id='block_1_24' title="bbox 786 2262 2357 2331">
    <p class='ocr_par' dir='ltr' id='par_1_24' title="bbox 786 2262 2357 2331">
     <span class='ocr_line' id='line_1_24' title="bbox 786 2262 2357 2331; baseline -0.006 -11"><span class='ocrx_word' id='word_1_140' title='bbox 786 2269 1079 2320; x_wconf 84' lang='lat' dir='ltr'><strong>universus</strong></span> <span class='ocrx_word' id='word_1_141' title='bbox 1114 2274 1312 2326; x_wconf 68' lang='lat' dir='ltr'><strong>curtus,</strong></span> <span class='ocrx_word' id='word_1_142' title='bbox 1353 2264 1649 2319; x_wconf 87' lang='lat' dir='ltr'><strong>multitudo</strong></span> <span class='ocrx_word' id='word_1_143' title='bbox 1699 2262 1858 2331; x_wconf 87' lang='lat' dir='ltr'><strong>plane</strong></span> <span class='ocrx_word' id='word_1_144' title='bbox 1905 2262 2217 2320; x_wconf 89' lang='lat' dir='ltr'><strong>innumera,</strong></span> <span class='ocrx_word' id='word_1_145' title='bbox 2264 2274 2357 2310; x_wconf 87' lang='lat' dir='ltr'><strong>ac-</strong></span> 
     </span>
    </p>
   </div>
   <div class='ocr_carea' id='block_1_25' title="bbox 789 2349 2354 2425">
    <p class='ocr_par' dir='ltr' id='par_1_25' title="bbox 789 2349 2354 2425">
     <span class='ocr_line' id='line_1_25' title="bbox 789 2349 2354 2425; baseline -0.008 -13"><span class='ocrx_word' id='word_1_146' title='bbox 789 2367 1110 2412; x_wconf 87' lang='lat' dir='ltr'><strong>cnrrerunt.</strong></span> <span class='ocrx_word' id='word_1_147' title='bbox 1144 2358 1212 2411; x_wconf 88' lang='lat' dir='ltr'><strong>Et</strong></span> <span class='ocrx_word' id='word_1_148' title='bbox 1249 2373 1378 2411; x_wconf 88' lang='lat' dir='ltr'><strong>sane</strong></span> <span class='ocrx_word' id='word_1_149' title='bbox 1410 2372 1520 2425; x_wconf 85' lang='lat' dir='ltr'><strong>quo</strong></span> <span class='ocrx_word' id='word_1_150' title='bbox 1548 2356 1662 2411; x_wconf 88' lang='lat' dir='ltr'><strong>tieri</strong></span> <span class='ocrx_word' id='word_1_151' title='bbox 1700 2365 1857 2423; x_wconf 89' lang='lat' dir='ltr'><strong>pacto</strong></span> <span class='ocrx_word' id='word_1_152' title='bbox 1884 2362 2088 2423; x_wconf 77' lang='lat' dir='ltr'><strong>pOSset,</strong></span> <span class='ocrx_word' id='word_1_153' title='bbox 2125 2360 2186 2403; x_wconf 94' lang='lat' dir='ltr'><strong>ut</strong></span> <span class='ocrx_word' id='word_1_154' title='bbox 2224 2349 2354 2403; x_wconf 89' lang='lat' dir='ltr'><strong>dum</strong></span> 
     </span>
    </p>
   </div>
   <div class='ocr_carea' id='block_1_26' title="bbox 787 2449 2360 2519">
    <p class='ocr_par' dir='ltr' id='par_1_26' title="bbox 787 2449 2360 2519">
     <span class='ocr_line' id='line_1_26' title="bbox 787 2449 2360 2519; baseline -0.007 -13"><span class='ocrx_word' id='word_1_155' title='bbox 787 2452 1022 2506; x_wconf 87' lang='lat' dir='ltr'><strong>Creator</strong></span> <span class='ocrx_word' id='word_1_156' title='bbox 1046 2468 1109 2505; x_wconf 88' lang='lat' dir='ltr'><strong>ac</strong></span> <span class='ocrx_word' id='word_1_157' title='bbox 1137 2452 1357 2519; x_wconf 87' lang='lat' dir='ltr'><strong>sapiens</strong></span> <span class='ocrx_word' id='word_1_158' title='bbox 1382 2450 1688 2519; x_wconf 79' lang='lat' dir='ltr'><strong>Legislator</strong></span> <span class='ocrx_word' id='word_1_159' title='bbox 1715 2449 1910 2515; x_wconf 81' lang='lat' dir='ltr'><strong>legem,</strong></span> <span class='ocrx_word' id='word_1_160' title='bbox 1937 2461 2059 2514; x_wconf 65' lang='lat' dir='ltr'><strong>quae</strong></span> <span class='ocrx_word' id='word_1_161' title='bbox 2105 2452 2360 2512; x_wconf 81' lang='lat' dir='ltr'><strong>parentes</strong></span> 
     </span>
    </p>
   </div>
   <div class='ocr_carea' id='block_1_27' title="bbox 787 2536 2356 2610">
    <p class='ocr_par' dir='ltr' id='par_1_27' title="bbox 787 2536 2356 2610">
     <span class='ocr_line' id='line_1_27' title="bbox 787 2536 2356 2610; baseline -0.008 -12"><span class='ocrx_word' id='word_1_162' title='bbox 787 2562 816 2598; x_wconf 90' lang='lat' dir='ltr'><strong>a</strong></span> <span class='ocrx_word' id='word_1_163' title='bbox 848 2545 974 2598; x_wconf 84' lang='lat' dir='ltr'><strong>ﬁliis</strong></span> <span class='ocrx_word' id='word_1_164' title='bbox 1004 2543 1357 2597; x_wconf 88' lang='lat' dir='ltr'><strong>honorandos</strong></span> <span class='ocrx_word' id='word_1_165' title='bbox 1390 2541 1659 2610; x_wconf 68' lang='lat' dir='ltr'><strong>praecipit,</strong></span> <span class='ocrx_word' id='word_1_166' title='bbox 1692 2540 1806 2609; x_wconf 88' lang='lat' dir='ltr'><strong>ipse</strong></span> <span class='ocrx_word' id='word_1_167' title='bbox 1839 2536 2159 2597; x_wconf 81' lang='lat' dir='ltr'><strong>studiosius,</strong></span> <span class='ocrx_word' id='word_1_168' title='bbox 2194 2550 2356 2604; x_wconf 80' lang='lat' dir='ltr'><strong>quam</strong></span> 
     </span>
    </p>
   </div>
   <div class='ocr_carea' id='block_1_28' title="bbox 790 2627 2330 2705">
    <p class='ocr_par' dir='ltr' id='par_1_28' title="bbox 790 2627 2330 2705">
     <span class='ocr_line' id='line_1_28' title="bbox 790 2627 2330 2705; baseline -0.008 -16"><span class='ocrx_word' id='word_1_169' title='bbox 790 2637 1063 2705; x_wconf 78' lang='lat' dir='ltr'><strong>quispiam</strong></span> <span class='ocrx_word' id='word_1_170' title='bbox 1102 2635 1270 2695; x_wconf 88' lang='lat' dir='ltr'><strong>ullus,</strong></span> <span class='ocrx_word' id='word_1_171' title='bbox 1307 2632 1582 2694; x_wconf 70' lang='lat' dir='ltr'><strong>SBl&#39;tabttl,</strong></span> <span class='ocrx_word' id='word_1_172' title='bbox 1641 2646 1703 2682; x_wconf 87' lang='lat' dir='ltr'><strong>ac</strong></span> <span class='ocrx_word' id='word_1_173' title='bbox 1750 2638 2041 2698; x_wconf 79' lang='lat' dir='ltr'><strong>prOpterea</strong></span> <span class='ocrx_word' id='word_1_174' title='bbox 2073 2627 2137 2679; x_wconf 83' lang='lat' dir='ltr'><strong>ad</strong></span> <span class='ocrx_word' id='word_1_175' title='bbox 2184 2627 2330 2679; x_wconf 89' lang='lat' dir='ltr'><strong>hono</strong></span> 
     </span>
    </p>
   </div>
   <div class='ocr_carea' id='block_1_29' title="bbox 790 2717 2363 2796">
    <p class='ocr_par' dir='ltr' id='par_1_29' title="bbox 790 2717 2363 2796">
     <span class='ocr_line' id='line_1_29' title="bbox 790 2717 2363 2796; baseline -0.008 -15"><span class='ocrx_word' id='word_1_176' title='bbox 790 2729 1015 2781; x_wconf 86' lang='lat' dir='ltr'><strong>randam</strong></span> <span class='ocrx_word' id='word_1_177' title='bbox 1055 2726 1335 2796; x_wconf 88' lang='lat' dir='ltr'><strong>propriam</strong></span> <span class='ocrx_word' id='word_1_178' title='bbox 1374 2733 1629 2783; x_wconf 86' lang='lat' dir='ltr'><strong>matrem,</strong></span> <span class='ocrx_word' id='word_1_179' title='bbox 1670 2719 2186 2785; x_wconf 84' lang='lat' dir='ltr'><strong>sanctissimamque</strong></span> <span class='ocrx_word' id='word_1_180' title='bbox 2216 2717 2363 2771; x_wconf 74' lang='lat' dir='ltr'><strong>illius</strong></span> 
     </span>
    </p>
   </div>
   <div class='ocr_carea' id='block_1_30' title="bbox 789 2809 2359 2887">
    <p class='ocr_par' dir='ltr' id='par_1_30' title="bbox 789 2809 2359 2887">
     <span class='ocr_line' id='line_1_30' title="bbox 789 2809 2359 2887; baseline -0.007 -15"><span class='ocrx_word' id='word_1_181' title='bbox 789 2822 1027 2872; x_wconf 87' lang='lat' dir='ltr'><strong>animam</strong></span> <span class='ocrx_word' id='word_1_182' title='bbox 1081 2817 1462 2887; x_wconf 81' lang='lat' dir='ltr'><strong>excipiendam</strong></span> <span class='ocrx_word' id='word_1_183' title='bbox 1516 2826 1756 2883; x_wconf 70' lang='lat' dir='ltr'><strong>prmsens</strong></span> <span class='ocrx_word' id='word_1_184' title='bbox 1815 2809 1930 2879; x_wconf 88' lang='lat' dir='ltr'><strong>ipse</strong></span> <span class='ocrx_word' id='word_1_185' title='bbox 1979 2809 2193 2873; x_wconf 87' lang='lat' dir='ltr'><strong>aderat,</strong></span> <span class='ocrx_word' id='word_1_186' title='bbox 2250 2824 2359 2861; x_wconf 92' lang='lat' dir='ltr'><strong>non</strong></span> 
     </span>
    </p>
   </div>
   <div class='ocr_carea' id='block_1_31' title="bbox 793 2904 2366 2968">
    <p class='ocr_par' dir='ltr' id='par_1_31' title="bbox 793 2904 2366 2968">
     <span class='ocr_line' id='line_1_31' title="bbox 793 2904 2366 2968; baseline -0.008 -4"><span class='ocrx_word' id='word_1_187' title='bbox 793 2912 955 2964; x_wconf 87' lang='lat' dir='ltr'><strong>simul</strong></span> <span class='ocrx_word' id='word_1_188' title='bbox 988 2926 1179 2964; x_wconf 89' lang='lat' dir='ltr'><strong>onmes</strong></span> <span class='ocrx_word' id='word_1_189' title='bbox 1200 2916 1574 2966; x_wconf 88' lang='lat' dir='ltr'><strong>accnrrerent,</strong></span> <span class='ocrx_word' id='word_1_190' title='bbox 1603 2913 1659 2957; x_wconf 90' lang='lat' dir='ltr'><strong>et</strong></span> <span class='ocrx_word' id='word_1_191' title='bbox 1682 2904 2026 2959; x_wconf 75' lang='lat' dir='ltr'><strong>servulorum</strong></span> <span class='ocrx_word' id='word_1_192' title='bbox 2050 2914 2225 2961; x_wconf 87' lang='lat' dir='ltr'><strong>more,</strong></span> <span class='ocrx_word' id='word_1_193' title='bbox 2245 2912 2366 2968; x_wconf 65' lang='lat' dir='ltr'><strong>quae</strong></span> 
     </span>
    </p>
   </div>
   <div class='ocr_carea' id='block_1_32' title="bbox 793 2990 2366 3065">
    <p class='ocr_par' dir='ltr' id='par_1_32' title="bbox 793 2990 2366 3065">
     <span class='ocr_line' id='line_1_32' title="bbox 793 2990 2366 3065; baseline -0.01 -9"><span class='ocrx_word' id='word_1_194' title='bbox 793 3004 857 3055; x_wconf 90' lang='lat' dir='ltr'><strong>ad</strong></span> <span class='ocrx_word' id='word_1_195' title='bbox 878 3002 1062 3065; x_wconf 87' lang='lat' dir='ltr'><strong>funus,</strong></span> <span class='ocrx_word' id='word_1_196' title='bbox 1096 2998 1441 3053; x_wconf 79' lang='lat' dir='ltr'><strong>deduCtionis</strong></span> <span class='ocrx_word' id='word_1_197' title='bbox 1468 3010 1743 3065; x_wconf 85' lang='lat' dir='ltr'><strong>pompam,</strong></span> <span class='ocrx_word' id='word_1_198' title='bbox 1772 3008 1836 3047; x_wconf 92' lang='lat' dir='ltr'><strong>ac</strong></span> <span class='ocrx_word' id='word_1_199' title='bbox 1869 3007 2053 3046; x_wconf 86' lang='lat' dir='ltr'><strong>sacros</strong></span> <span class='ocrx_word' id='word_1_200' title='bbox 2077 2990 2366 3058; x_wconf 80' lang='lat' dir='ltr'><strong>exsequia-</strong></span> 
     </span>
    </p>
   </div>
   <div class='ocr_carea' id='block_1_33' title="bbox 800 3084 2369 3160">
    <p class='ocr_par' dir='ltr' id='par_1_33' title="bbox 800 3084 2369 3160">
     <span class='ocr_line' id='line_1_33' title="bbox 800 3084 2369 3160; baseline -0.01 -13"><span class='ocrx_word' id='word_1_201' title='bbox 800 3108 919 3147; x_wconf 90' lang='lat' dir='ltr'><strong>rum</strong></span> <span class='ocrx_word' id='word_1_202' title='bbox 955 3093 1093 3145; x_wconf 80' lang='lat' dir='ltr'><strong>ritus</strong></span> <span class='ocrx_word' id='word_1_203' title='bbox 1124 3091 1424 3160; x_wconf 87' lang='lat' dir='ltr'><strong>pertinent,</strong></span> <span class='ocrx_word' id='word_1_204' title='bbox 1458 3088 1579 3157; x_wconf 89' lang='lat' dir='ltr'><strong>puri</strong></span> <span class='ocrx_word' id='word_1_205' title='bbox 1628 3084 1940 3155; x_wconf 66' lang='lat' dir='ltr'><strong>purissimte</strong></span> <span class='ocrx_word' id='word_1_206' title='bbox 1984 3088 2093 3134; x_wconf 91' lang='lat' dir='ltr'><strong>non</strong></span> <span class='ocrx_word' id='word_1_207' title='bbox 2143 3090 2369 3150; x_wconf 78' lang='lat' dir='ltr'><strong>praesta-</strong></span> 
     </span>
    </p>
   </div>
   <div class='ocr_carea' id='block_1_34' title="bbox 2445 565 4021 639">
    <p class='ocr_par' dir='ltr' id='par_1_34' title="bbox 2445 565 4021 639">
     <span class='ocr_line' id='line_1_34' title="bbox 2445 565 4021 639; baseline 0.002 -19"><span class='ocrx_word' id='word_1_208' title='bbox 2445 570 2646 637; x_wconf 77' lang='grc' dir='ltr'>σπόρον</span> <span class='ocrx_word' id='word_1_209' title='bbox 2693 571 2811 628; x_wconf 82' lang='grc' dir='ltr'>ταῖς</span> <span class='ocrx_word' id='word_1_210' title='bbox 2856 570 2965 621; x_wconf 83' lang='grc' dir='ltr'>τῶν</span> <span class='ocrx_word' id='word_1_211' title='bbox 3010 570 3276 633; x_wconf 80' lang='grc' dir='ltr'>ἀπίστων,</span> <span class='ocrx_word' id='word_1_212' title='bbox 3308 565 3399 623; x_wconf 69' lang='grc' dir='ltr'><strong>οἷά</strong></span> <span class='ocrx_word' id='word_1_213' title='bbox 3445 588 3551 639; x_wconf 88' lang='grc' dir='ltr'><strong>περ</strong></span> <span class='ocrx_word' id='word_1_214' title='bbox 3584 568 3833 635; x_wconf 78' lang='grc' dir='ltr'>αὔλαξιν,</span> <span class='ocrx_word' id='word_1_215' title='bbox 3869 572 4021 623; x_wconf 78' lang='grc' dir='ltr'>ἐντι--</span> 
     </span>
    </p>
   </div>
   <div class='ocr_carea' id='block_1_35' title="bbox 2442 658 4015 730">
    <p class='ocr_par' dir='ltr' id='par_1_35' title="bbox 2442 658 4015 730">
     <span class='ocr_line' id='line_1_35' title="bbox 2442 658 4015 730; baseline 0.002 -21"><span class='ocrx_word' id='word_1_216' title='bbox 2442 658 2624 721; x_wconf 85' lang='grc' dir='ltr'>θέντος</span> <span class='ocrx_word' id='word_1_217' title='bbox 2673 660 2894 727; x_wconf 72' lang='grc' dir='ltr'>ψυχαῖς,</span> <span class='ocrx_word' id='word_1_218' title='bbox 2934 661 3052 712; x_wconf 78' lang='grc' dir='ltr'>τότε</span> <span class='ocrx_word' id='word_1_219' title='bbox 3100 662 3301 724; x_wconf 82' lang='grc' dir='ltr'>πάντες</span> <span class='ocrx_word' id='word_1_220' title='bbox 3350 663 3675 728; x_wconf 79' lang='grc' dir='ltr'><strong>παραδόξως</strong></span> <span class='ocrx_word' id='word_1_221' title='bbox 3724 662 4015 730; x_wconf 82' lang='grc' dir='ltr'>συνῆλθον,</span> 
     </span>
    </p>
   </div>
   <div class='ocr_carea' id='block_1_36' title="bbox 2441 749 4021 825">
    <p class='ocr_par' dir='ltr' id='par_1_36' title="bbox 2441 749 4021 825">
     <span class='ocr_line' id='line_1_36' title="bbox 2441 749 4021 825; baseline 0.003 -24"><span class='ocrx_word' id='word_1_222' title='bbox 2441 749 2637 815; x_wconf 71' lang='grc' dir='ltr'>ἁθρόον</span> <span class='ocrx_word' id='word_1_223' title='bbox 2682 754 3005 814; x_wconf 67' lang='grc' dir='ltr'>ἐπιστάντες</span> <span class='ocrx_word' id='word_1_224' title='bbox 3032 753 3110 822; x_wconf 81' lang='grc' dir='ltr'>τῷ</span> <span class='ocrx_word' id='word_1_225' title='bbox 3138 753 3239 821; x_wconf 82' lang='grc' dir='ltr'>τῆς</span> <span class='ocrx_word' id='word_1_226' title='bbox 3286 755 3569 823; x_wconf 80' lang='grc' dir='ltr'>πανάγνου</span> <span class='ocrx_word' id='word_1_227' title='bbox 3610 756 3886 825; x_wconf 80' lang='grc' dir='ltr'>δωματίῳ,</span> <span class='ocrx_word' id='word_1_228' title='bbox 3920 755 4021 806; x_wconf 73' lang='grc' dir='ltr'><strong>καὶ</strong></span> 
     </span>
    </p>
   </div>
   <div class='ocr_carea' id='block_1_37' title="bbox 2441 844 4021 914">
    <p class='ocr_par' dir='ltr' id='par_1_37' title="bbox 2441 844 4021 914">
     <span class='ocr_line' id='line_1_37' title="bbox 2441 844 4021 914; baseline 0.003 -22"><span class='ocrx_word' id='word_1_229' title='bbox 2441 844 2541 894; x_wconf 64' lang='grc' dir='ltr'><strong>οὐκ</strong></span> <span class='ocrx_word' id='word_1_230' title='bbox 2564 845 2723 895; x_wconf 71' lang='grc' dir='ltr'>αὐτοὶ</span> <span class='ocrx_word' id='word_1_231' title='bbox 2754 844 2937 913; x_wconf 76' lang='grc' dir='ltr'>μόνον,</span> <span class='ocrx_word' id='word_1_232' title='bbox 2967 845 3104 896; x_wconf 71' lang='grc' dir='ltr'>ἀλλὰ</span> <span class='ocrx_word' id='word_1_233' title='bbox 3159 846 3254 897; x_wconf 68' lang='grc' dir='ltr'>καὶ</span> <span class='ocrx_word' id='word_1_234' title='bbox 3303 847 3331 896; x_wconf 98' lang='lat'><strong>6</strong></span> <span class='ocrx_word' id='word_1_235' title='bbox 3384 846 3493 898; x_wconf 80' lang='grc' dir='ltr'><strong>τῶν</strong></span> <span class='ocrx_word' id='word_1_236' title='bbox 3541 847 3815 914; x_wconf 73' lang='grc' dir='ltr'><strong>οὐρανίων</strong></span> <span class='ocrx_word' id='word_1_237' title='bbox 3849 846 4021 913; x_wconf 71' lang='grc' dir='ltr'>σοφὸς</span> 
     </span>
    </p>
   </div>
   <div class='ocr_carea' id='block_1_38' title="bbox 2444 935 4018 1006">
    <p class='ocr_par' dir='ltr' id='par_1_38' title="bbox 2444 935 4018 1006">
     <span class='ocr_line' id='line_1_38' title="bbox 2444 935 4018 1006; baseline -0.001 -19"><span class='ocrx_word' id='word_1_238' title='bbox 2444 937 2753 1003; x_wconf 71' lang='grc' dir='ltr'>ὑφηγητὴς,</span> <span class='ocrx_word' id='word_1_239' title='bbox 2784 937 3057 997; x_wconf 77' lang='grc' dir='ltr'>Διονύσιος</span> <span class='ocrx_word' id='word_1_240' title='bbox 3100 939 3128 987; x_wconf 86' lang='lat'><strong>6</strong></span> <span class='ocrx_word' id='word_1_241' title='bbox 3162 936 3583 1006; x_wconf 82' lang='grc' dir='ltr'>’Λρεοπαγίτης,</span> <span class='ocrx_word' id='word_1_242' title='bbox 3630 937 3657 987; x_wconf 86' lang='grc' dir='ltr'><strong>ὃ</strong></span> <span class='ocrx_word' id='word_1_243' title='bbox 3705 953 3765 988; x_wconf 89' lang='grc' dir='ltr'><strong>τε</strong></span> <span class='ocrx_word' id='word_1_244' title='bbox 3810 935 4018 1004; x_wconf 64' lang='grc' dir='ltr'>ὑψηλὸς</span> 
     </span>
    </p>
   </div>
   <div class='ocr_carea' id='block_1_39' title="bbox 2456 1027 4020 1097">
    <p class='ocr_par' dir='ltr' id='par_1_39' title="bbox 2456 1027 4020 1097">
     <span class='ocr_line' id='line_1_39' title="bbox 2456 1027 4020 1097; baseline 0 -18"><span class='ocrx_word' id='word_1_245' title='bbox 2456 1028 2737 1097; x_wconf 83' lang='grc' dir='ltr'>’ἰερόθεος,</span> <span class='ocrx_word' id='word_1_246' title='bbox 2783 1030 2874 1080; x_wconf 73' lang='grc' dir='ltr'><strong>καὶ</strong></span> <span class='ocrx_word' id='word_1_247' title='bbox 2899 1027 3262 1089; x_wconf 82' lang='grc' dir='ltr'>ὀθαυμαστὸς</span> <span class='ocrx_word' id='word_1_248' title='bbox 3300 1027 3589 1095; x_wconf 80' lang='grc' dir='ltr'>Τιμόθεος,</span> <span class='ocrx_word' id='word_1_249' title='bbox 3624 1027 3706 1079; x_wconf 80' lang='grc' dir='ltr'>ἔτι</span> <span class='ocrx_word' id='word_1_250' title='bbox 3748 1028 3803 1079; x_wconf 77' lang='grc' dir='ltr'>δὲ</span> <span class='ocrx_word' id='word_1_251' title='bbox 3853 1027 3950 1079; x_wconf 82' lang='grc' dir='ltr'>καὶ</span> <span class='ocrx_word' id='word_1_252' title='bbox 3990 1029 4020 1080; x_wconf 92' lang='lat'><strong>6</strong></span> 
     </span>
    </p>
   </div>
   <div class='ocr_carea' id='block_1_40' title="bbox 2444 1116 4025 1187">
    <p class='ocr_par' dir='ltr' id='par_1_40' title="bbox 2444 1116 4025 1187">
     <span class='ocr_line' id='line_1_40' title="bbox 2444 1116 4025 1187; baseline -0.003 -16"><span class='ocrx_word' id='word_1_253' title='bbox 2444 1119 2542 1187; x_wconf 78' lang='grc' dir='ltr'>τῆς</span> <span class='ocrx_word' id='word_1_254' title='bbox 2589 1119 2729 1170; x_wconf 85' lang='grc' dir='ltr'>Σιὼν</span> <span class='ocrx_word' id='word_1_255' title='bbox 2779 1120 2898 1170; x_wconf 83' lang='grc' dir='ltr'>τότε</span> <span class='ocrx_word' id='word_1_256' title='bbox 2954 1116 3216 1186; x_wconf 78' lang='grc' dir='ltr'>πρόεδρος</span> <span class='ocrx_word' id='word_1_257' title='bbox 3264 1116 3617 1184; x_wconf 84' lang='grc' dir='ltr'>Ἐκκλησίας,</span> <span class='ocrx_word' id='word_1_258' title='bbox 3683 1116 3943 1178; x_wconf 77' lang='grc' dir='ltr'>Ἰάκωϐος</span> <span class='ocrx_word' id='word_1_259' title='bbox 3993 1119 4025 1167; x_wconf 91' lang='lat'><strong>6</strong></span> 
     </span>
    </p>
   </div>
   <div class='ocr_carea' id='block_1_41' title="bbox 2448 1205 4023 1275">
    <p class='ocr_par' dir='ltr' id='par_1_41' title="bbox 2448 1205 4023 1275">
     <span class='ocr_line' id='line_1_41' title="bbox 2448 1205 4023 1275; baseline -0.004 -14"><span class='ocrx_word' id='word_1_260' title='bbox 2448 1213 2611 1263; x_wconf 74' lang='grc' dir='ltr'>πάνυ.</span> <span class='ocrx_word' id='word_1_261' title='bbox 2639 1208 2760 1259; x_wconf 78' lang='grc' dir='ltr'><strong>Εἱσὶ</strong></span> <span class='ocrx_word' id='word_1_262' title='bbox 2788 1208 2843 1259; x_wconf 76' lang='grc' dir='ltr'><strong>δε</strong></span> <span class='ocrx_word' id='word_1_263' title='bbox 2884 1208 2938 1260; x_wconf 79' lang='grc' dir='ltr'>οῖ</span> <span class='ocrx_word' id='word_1_264' title='bbox 2973 1224 3108 1275; x_wconf 73' lang='grc' dir='ltr'>φασι</span> <span class='ocrx_word' id='word_1_265' title='bbox 3136 1207 3229 1258; x_wconf 74' lang='grc' dir='ltr'><strong>καὶ</strong></span> <span class='ocrx_word' id='word_1_266' title='bbox 3257 1207 3384 1268; x_wconf 75' lang='grc' dir='ltr'>τοὺς</span> <span class='ocrx_word' id='word_1_267' title='bbox 3416 1205 3791 1274; x_wconf 74' lang='grc' dir='ltr'>ἑϐδομήκοντα</span> <span class='ocrx_word' id='word_1_268' title='bbox 3838 1205 4023 1272; x_wconf 86' lang='grc' dir='ltr'>μαθη-</span> 
     </span>
    </p>
   </div>
   <div class='ocr_carea' id='block_1_42' title="bbox 2446 1293 4022 1370">
    <p class='ocr_par' dir='ltr' id='par_1_42' title="bbox 2446 1293 4022 1370">
     <span class='ocr_line' id='line_1_42' title="bbox 2446 1293 4022 1370; baseline -0.005 -15"><span class='ocrx_word' id='word_1_269' title='bbox 2446 1303 2541 1366; x_wconf 75' lang='grc' dir='ltr'>τὰς</span> <span class='ocrx_word' id='word_1_270' title='bbox 2571 1303 2938 1370; x_wconf 74' lang='grc' dir='ltr'><strong>συμπαρεῖναι</strong></span> <span class='ocrx_word' id='word_1_271' title='bbox 2960 1315 2973 1328; x_wconf 72' lang='grc' dir='ltr'><strong>ο</strong></span> <span class='ocrx_word' id='word_1_272' title='bbox 3006 1298 3257 1351; x_wconf 73' lang='grc' dir='ltr'>κοινωνοὶ</span> <span class='ocrx_word' id='word_1_273' title='bbox 3279 1298 3336 1351; x_wconf 73' lang='grc' dir='ltr'>δὲ</span> <span class='ocrx_word' id='word_1_274' title='bbox 3360 1293 3507 1350; x_wconf 64' lang='grc' dir='ltr'>οὗτοι</span> <span class='ocrx_word' id='word_1_275' title='bbox 3542 1302 3637 1351; x_wconf 80' lang='grc' dir='ltr'>καὶ</span> <span class='ocrx_word' id='word_1_276' title='bbox 3658 1297 3890 1367; x_wconf 75' lang='grc' dir='ltr'>ταυτησὶ</span> <span class='ocrx_word' id='word_1_277' title='bbox 3915 1296 4022 1365; x_wconf 81' lang='grc' dir='ltr'>τῆς</span> 
     </span>
    </p>
   </div>
   <div class='ocr_carea' id='block_1_43' title="bbox 2446 1388 4023 1462">
    <p class='ocr_par' dir='ltr' id='par_1_43' title="bbox 2446 1388 4023 1462">
     <span class='ocr_line' id='line_1_43' title="bbox 2446 1388 4023 1462; baseline -0.005 -14"><span class='ocrx_word' id='word_1_278' title='bbox 2446 1396 2723 1455; x_wconf 77' lang='grc' dir='ltr'>διακονίας</span> <span class='ocrx_word' id='word_1_279' title='bbox 2743 1392 3076 1462; x_wconf 87' lang='grc' dir='ltr'>ὲκλήθησαν,</span> <span class='ocrx_word' id='word_1_280' title='bbox 3106 1392 3179 1454; x_wconf 85' lang='grc' dir='ltr'>ὼς</span> <span class='ocrx_word' id='word_1_281' title='bbox 3217 1392 3283 1446; x_wconf 76' lang='grc' dir='ltr'><strong>ἂν</strong></span> <span class='ocrx_word' id='word_1_282' title='bbox 3330 1392 3465 1445; x_wconf 84' lang='grc' dir='ltr'>ἄλλα</span> <span class='ocrx_word' id='word_1_283' title='bbox 3504 1409 3565 1444; x_wconf 89' lang='grc' dir='ltr'><strong>τε</strong></span> <span class='ocrx_word' id='word_1_284' title='bbox 3612 1391 3886 1462; x_wconf 78' lang='grc' dir='ltr'><strong>μυστήρια</strong></span> <span class='ocrx_word' id='word_1_285' title='bbox 3920 1388 4023 1440; x_wconf 74' lang='grc' dir='ltr'>καὶ</span> 
     </span>
    </p>
   </div>
   <div class='ocr_carea' id='block_1_44' title="bbox 2449 1482 4023 1555">
    <p class='ocr_par' dir='ltr' id='par_1_44' title="bbox 2449 1482 4023 1555">
     <span class='ocr_line' id='line_1_44' title="bbox 2449 1482 4023 1555; baseline -0.004 -16"><span class='ocrx_word' id='word_1_286' title='bbox 2449 1488 2629 1554; x_wconf 72' lang='grc' dir='ltr'>ὑψηλὰ</span> <span class='ocrx_word' id='word_1_287' title='bbox 2664 1486 2934 1554; x_wconf 76' lang='grc' dir='ltr'>θεάματα,</span> <span class='ocrx_word' id='word_1_288' title='bbox 2982 1482 3158 1536; x_wconf 83' lang='grc' dir='ltr'>ταῦτα</span> <span class='ocrx_word' id='word_1_289' title='bbox 3195 1484 3259 1555; x_wconf 80' lang='grc' dir='ltr'>δὴ</span> <span class='ocrx_word' id='word_1_290' title='bbox 3308 1485 3375 1537; x_wconf 73' lang='grc' dir='ltr'><strong>τὰ</strong></span> <span class='ocrx_word' id='word_1_291' title='bbox 3423 1484 3691 1554; x_wconf 78' lang='grc' dir='ltr'>παρόντα,</span> <span class='ocrx_word' id='word_1_292' title='bbox 3736 1485 3770 1553; x_wconf 77' lang='grc' dir='ltr'>ἡ</span> <span class='ocrx_word' id='word_1_293' title='bbox 3809 1482 4023 1535; x_wconf 86' lang='grc' dir='ltr'>τούτων</span> 
     </span>
    </p>
   </div>
   <div class='ocr_carea' id='block_1_45' title="bbox 2452 1574 3366 1645">
    <p class='ocr_par' dir='ltr' id='par_1_45' title="bbox 2452 1574 3366 1645">
     <span class='ocr_line' id='line_1_45' title="bbox 2452 1574 3366 1645; baseline -0.002 -16"><span class='ocrx_word' id='word_1_294' title='bbox 2452 1578 2664 1645; x_wconf 77' lang='grc' dir='ltr'>γλῶττα</span> <span class='ocrx_word' id='word_1_295' title='bbox 2705 1577 2799 1628; x_wconf 77' lang='grc' dir='ltr'>καὶ</span> <span class='ocrx_word' id='word_1_296' title='bbox 2831 1574 3013 1638; x_wconf 75' lang='grc' dir='ltr'>ἄλλοις</span> <span class='ocrx_word' id='word_1_297' title='bbox 3042 1574 3366 1645; x_wconf 75' lang='grc' dir='ltr'>διακονήσῃ.</span> 
     </span>
    </p>
   </div>
   <div class='ocr_carea' id='block_1_46' title="bbox 2526 1864 4029 1942">
    <p class='ocr_par' dir='ltr' id='par_1_46' title="bbox 2526 1864 4029 1942">
     <span class='ocr_line' id='line_1_46' title="bbox 2526 1864 4029 1942; baseline -0.006 -16"><span class='ocrx_word' id='word_1_298' title='bbox 2526 1876 2644 1940; x_wconf 70' lang='grc' dir='ltr'>ις’.</span> <span class='ocrx_word' id='word_1_299' title='bbox 2677 1874 2790 1926; x_wconf 64' lang='grc' dir='ltr'>Καὶ</span> <span class='ocrx_word' id='word_1_300' title='bbox 2819 1870 2969 1942; x_wconf 74' lang='grc' dir='ltr'>παρὰ</span> <span class='ocrx_word' id='word_1_301' title='bbox 2998 1871 3097 1940; x_wconf 82' lang='grc' dir='ltr'><strong>μὲν</strong></span> <span class='ocrx_word' id='word_1_302' title='bbox 3134 1870 3233 1936; x_wconf 83' lang='grc' dir='ltr'>τῆς</span> <span class='ocrx_word' id='word_1_303' title='bbox 3264 1871 3369 1938; x_wconf 85' lang='grc' dir='ltr'><strong>γῆς</strong></span> <span class='ocrx_word' id='word_1_304' title='bbox 3392 1886 3548 1931; x_wconf 87' lang='grc' dir='ltr'>ουτος</span> <span class='ocrx_word' id='word_1_305' title='bbox 3585 1864 3729 1940; x_wconf 78' lang='grc' dir='ltr'>ἦσαν</span> <span class='ocrx_word' id='word_1_306' title='bbox 3775 1865 4029 1933; x_wconf 75' lang='grc' dir='ltr'>ἐπιδεδη-</span> 
     </span>
    </p>
   </div>
   <div class='ocr_carea' id='block_1_47' title="bbox 2460 1958 4032 2038">
    <p class='ocr_par' dir='ltr' id='par_1_47' title="bbox 2460 1958 4032 2038">
     <span class='ocr_line' id='line_1_47' title="bbox 2460 1958 4032 2038; baseline -0.008 -17"><span class='ocrx_word' id='word_1_307' title='bbox 2460 1968 2697 2038; x_wconf 82' lang='grc' dir='ltr'>μηκὸτες</span> <span class='ocrx_word' id='word_1_308' title='bbox 2723 1968 2790 2036; x_wconf 81' lang='grc' dir='ltr'>τῇ</span> <span class='ocrx_word' id='word_1_309' title='bbox 2820 1966 3188 2035; x_wconf 83' lang='grc' dir='ltr'>παναχρὰντῳ</span> <span class='ocrx_word' id='word_1_310' title='bbox 3213 1981 3227 1996; x_wconf 70' lang='grc' dir='ltr'><strong>ι</strong></span> <span class='ocrx_word' id='word_1_311' title='bbox 3265 1964 3475 2018; x_wconf 77' lang='grc' dir='ltr'>ἄνωθεν</span> <span class='ocrx_word' id='word_1_312' title='bbox 3522 1963 3579 2016; x_wconf 78' lang='grc' dir='ltr'>δὲ</span> <span class='ocrx_word' id='word_1_313' title='bbox 3628 1958 3885 2031; x_wconf 72' lang='grc' dir='ltr'>στρατιαὶ</span> <span class='ocrx_word' id='word_1_314' title='bbox 3919 1959 4032 2009; x_wconf 84' lang='grc' dir='ltr'>τῶν</span> 
     </span>
    </p>
   </div>
   <div class='ocr_carea' id='block_1_48' title="bbox 2456 2049 4027 2126">
    <p class='ocr_par' dir='ltr' id='par_1_48' title="bbox 2456 2049 4027 2126">
     <span class='ocr_line' id='line_1_48' title="bbox 2456 2049 4027 2126; baseline -0.009 -15"><span class='ocrx_word' id='word_1_315' title='bbox 2456 2058 2731 2126; x_wconf 85' lang='grc' dir='ltr'>ἀγγέλων,</span> <span class='ocrx_word' id='word_1_316' title='bbox 2765 2056 2858 2109; x_wconf 77' lang='grc' dir='ltr'><strong>καὶ</strong></span> <span class='ocrx_word' id='word_1_317' title='bbox 2892 2056 3001 2107; x_wconf 84' lang='grc' dir='ltr'><strong>τῶν</strong></span> <span class='ocrx_word' id='word_1_318' title='bbox 3024 2055 3249 2107; x_wconf 85' lang='grc' dir='ltr'>δικαίων</span> <span class='ocrx_word' id='word_1_319' title='bbox 3284 2056 3311 2106; x_wconf 91' lang='grc' dir='ltr'>ὁ</span> <span class='ocrx_word' id='word_1_320' title='bbox 3343 2054 3732 2123; x_wconf 78' lang='grc' dir='ltr'>προμεταστὰς</span> <span class='ocrx_word' id='word_1_321' title='bbox 3762 2049 4027 2114; x_wconf 78' lang='grc' dir='ltr'>σύλλογος</span> 
     </span>
    </p>
   </div>
   <div class='ocr_carea' id='block_1_49' title="bbox 2460 2141 4025 2216">
    <p class='ocr_par' dir='ltr' id='par_1_49' title="bbox 2460 2141 4025 2216">
     <span class='ocr_line' id='line_1_49' title="bbox 2460 2141 4025 2216; baseline -0.01 -12"><span class='ocrx_word' id='word_1_322' title='bbox 2460 2151 2625 2212; x_wconf 70' lang='grc' dir='ltr'>ἄπας,</span> <span class='ocrx_word' id='word_1_323' title='bbox 2661 2148 2862 2216; x_wconf 77' lang='grc' dir='ltr'>πλῆθος</span> <span class='ocrx_word' id='word_1_324' title='bbox 2896 2148 2988 2200; x_wconf 71' lang='grc' dir='ltr'><strong>καὶ</strong></span> <span class='ocrx_word' id='word_1_325' title='bbox 3020 2145 3257 2216; x_wconf 78' lang='grc' dir='ltr'>ἀριθμοῦ</span> <span class='ocrx_word' id='word_1_326' title='bbox 3286 2146 3535 2215; x_wconf 75' lang='grc' dir='ltr'>κρεῖττον</span> <span class='ocrx_word' id='word_1_327' title='bbox 3565 2144 3928 2212; x_wconf 77' lang='grc' dir='ltr'>συνέδραμον,</span> <span class='ocrx_word' id='word_1_328' title='bbox 3956 2141 4025 2207; x_wconf 81' lang='grc' dir='ltr'>τῇ</span> 
     </span>
    </p>
   </div>
   <div class='ocr_carea' id='block_1_50' title="bbox 2462 2232 4030 2308">
    <p class='ocr_par' dir='ltr' id='par_1_50' title="bbox 2462 2232 4030 2308">
     <span class='ocr_line' id='line_1_50' title="bbox 2462 2232 4030 2308; baseline -0.009 -13"><span class='ocrx_word' id='word_1_329' title='bbox 2462 2244 2570 2295; x_wconf 83' lang='grc' dir='ltr'>τῶν</span> <span class='ocrx_word' id='word_1_330' title='bbox 2602 2243 2738 2294; x_wconf 77' lang='grc' dir='ltr'>ὅλων</span> <span class='ocrx_word' id='word_1_331' title='bbox 2766 2241 3031 2308; x_wconf 75' lang='grc' dir='ltr'>Δεσποίνῃ</span> <span class='ocrx_word' id='word_1_332' title='bbox 3067 2238 3506 2306; x_wconf 63' lang='grc' dir='ltr'>ἁφοσιωσῦμενοι</span> <span class='ocrx_word' id='word_1_333' title='bbox 3548 2235 3617 2286; x_wconf 76' lang='grc' dir='ltr'>τὰ</span> <span class='ocrx_word' id='word_1_334' title='bbox 3656 2233 3861 2285; x_wconf 77' lang='grc' dir='ltr'>είκότα.</span> <span class='ocrx_word' id='word_1_335' title='bbox 3899 2232 4030 2291; x_wconf 84' lang='grc' dir='ltr'>Πῶς</span> 
     </span>
    </p>
   </div>
   <div class='ocr_carea' id='block_1_51' title="bbox 2458 2322 4032 2398">
    <p class='ocr_par' dir='ltr' id='par_1_51' title="bbox 2458 2322 4032 2398">
     <span class='ocr_line' id='line_1_51' title="bbox 2458 2322 4032 2398; baseline -0.009 -13"><span class='ocrx_word' id='word_1_336' title='bbox 2458 2333 2515 2385; x_wconf 81' lang='grc' dir='ltr'>δὲ</span> <span class='ocrx_word' id='word_1_337' title='bbox 2565 2334 2666 2384; x_wconf 77' lang='grc' dir='ltr'><strong>οὐκ</strong></span> <span class='ocrx_word' id='word_1_338' title='bbox 2718 2331 2934 2398; x_wconf 77' lang='grc' dir='ltr'>ἔμελλε,</span> <span class='ocrx_word' id='word_1_339' title='bbox 2969 2329 3064 2382; x_wconf 81' lang='grc' dir='ltr'>τοῦ</span> <span class='ocrx_word' id='word_1_340' title='bbox 3116 2330 3351 2381; x_wconf 82' lang='grc' dir='ltr'>Κτίστον</span> <span class='ocrx_word' id='word_1_341' title='bbox 3386 2326 3482 2379; x_wconf 73' lang='grc' dir='ltr'><strong>καὶ</strong></span> <span class='ocrx_word' id='word_1_342' title='bbox 3530 2326 3698 2394; x_wconf 76' lang='grc' dir='ltr'>σοφοῦ</span> <span class='ocrx_word' id='word_1_343' title='bbox 3731 2322 4032 2393; x_wconf 70' lang='grc' dir='ltr'>νομοθέτου</span> 
     </span>
    </p>
   </div>
   <div class='ocr_carea' id='block_1_52' title="bbox 2460 2414 4032 2491">
    <p class='ocr_par' dir='ltr' id='par_1_52' title="bbox 2460 2414 4032 2491">
     <span class='ocr_line' id='line_1_52' title="bbox 2460 2414 4032 2491; baseline -0.006 -16"><span class='ocrx_word' id='word_1_344' title='bbox 2460 2424 2551 2475; x_wconf 75' lang='grc' dir='ltr'>τὸν</span> <span class='ocrx_word' id='word_1_345' title='bbox 2584 2424 2708 2484; x_wconf 78' lang='grc' dir='ltr'>τοὺς</span> <span class='ocrx_word' id='word_1_346' title='bbox 2735 2423 2995 2483; x_wconf 78' lang='grc' dir='ltr'>τεκόντας</span> <span class='ocrx_word' id='word_1_347' title='bbox 3019 2423 3187 2491; x_wconf 80' lang='grc' dir='ltr'>τιμᾷν</span> <span class='ocrx_word' id='word_1_348' title='bbox 3223 2420 3515 2472; x_wconf 74' lang='grc' dir='ltr'>κελεύοντα</span> <span class='ocrx_word' id='word_1_349' title='bbox 3548 2420 3710 2487; x_wconf 85' lang='grc' dir='ltr'>νόμον</span> <span class='ocrx_word' id='word_1_350' title='bbox 3758 2418 3961 2486; x_wconf 77' lang='grc' dir='ltr'>μᾶλλον</span> <span class='ocrx_word' id='word_1_351' title='bbox 3996 2414 4032 2481; x_wconf 81' lang='grc' dir='ltr'><strong>ἢ</strong></span> 
     </span>
    </p>
   </div>
   <div class='ocr_carea' id='block_1_53' title="bbox 2464 2512 4042 2579">
    <p class='ocr_par' dir='ltr' id='par_1_53' title="bbox 2464 2512 4042 2579">
     <span class='ocr_line' id='line_1_53' title="bbox 2464 2512 4042 2579; baseline -0.004 -13"><span class='ocrx_word' id='word_1_352' title='bbox 2464 2517 2665 2575; x_wconf 84' lang='grc' dir='ltr'>πάντες</span> <span class='ocrx_word' id='word_1_353' title='bbox 2717 2513 3010 2577; x_wconf 76' lang='grc' dir='ltr'>σώζοντος,</span> <span class='ocrx_word' id='word_1_354' title='bbox 3060 2512 3156 2564; x_wconf 74' lang='grc' dir='ltr'><strong>καὶ</strong></span> <span class='ocrx_word' id='word_1_355' title='bbox 3207 2512 3294 2563; x_wconf 84' lang='grc' dir='ltr'>διὰ</span> <span class='ocrx_word' id='word_1_356' title='bbox 3329 2512 3490 2563; x_wconf 83' lang='grc' dir='ltr'>τοῦτο</span> <span class='ocrx_word' id='word_1_357' title='bbox 3521 2512 3753 2579; x_wconf 75' lang='grc' dir='ltr'>τιμῆσαι</span> <span class='ocrx_word' id='word_1_358' title='bbox 3789 2524 4042 2578; x_wconf 78' lang='grc' dir='ltr'>παραγε-</span> 
     </span>
    </p>
   </div>
   <div class='ocr_carea' id='block_1_54' title="bbox 2463 2600 4038 2675">
    <p class='ocr_par' dir='ltr' id='par_1_54' title="bbox 2463 2600 4038 2675">
     <span class='ocr_line' id='line_1_54' title="bbox 2463 2600 4038 2675; baseline -0.006 -16"><span class='ocrx_word' id='word_1_359' title='bbox 2463 2607 2688 2675; x_wconf 83' lang='grc' dir='ltr'>νομένου</span> <span class='ocrx_word' id='word_1_360' title='bbox 2716 2608 2816 2673; x_wconf 66' lang='grc' dir='ltr'><strong>τὴν</strong></span> <span class='ocrx_word' id='word_1_361' title='bbox 2848 2605 3056 2657; x_wconf 77' lang='grc' dir='ltr'>οἰκείαν</span> <span class='ocrx_word' id='word_1_362' title='bbox 3080 2605 3314 2673; x_wconf 82' lang='grc' dir='ltr'>μητέρα,</span> <span class='ocrx_word' id='word_1_363' title='bbox 3337 2603 3433 2655; x_wconf 70' lang='grc' dir='ltr'>καὶ</span> <span class='ocrx_word' id='word_1_364' title='bbox 3459 2602 3713 2666; x_wconf 75' lang='grc' dir='ltr'>δέξασθαι</span> <span class='ocrx_word' id='word_1_365' title='bbox 3736 2600 3832 2668; x_wconf 80' lang='grc' dir='ltr'><strong>τὴν</strong></span> <span class='ocrx_word' id='word_1_366' title='bbox 3859 2601 4038 2665; x_wconf 71' lang='grc' dir='ltr'>ἁγιω-</span> 
     </span>
    </p>
   </div>
   <div class='ocr_carea' id='block_1_55' title="bbox 2465 2692 4035 2767">
    <p class='ocr_par' dir='ltr' id='par_1_55' title="bbox 2465 2692 4035 2767">
     <span class='ocr_line' id='line_1_55' title="bbox 2465 2692 4035 2767; baseline -0.006 -16"><span class='ocrx_word' id='word_1_367' title='bbox 2465 2700 2632 2767; x_wconf 72' lang='grc' dir='ltr'>τάτην</span> <span class='ocrx_word' id='word_1_368' title='bbox 2694 2697 2865 2763; x_wconf 75' lang='grc' dir='ltr'>αὐτῆς</span> <span class='ocrx_word' id='word_1_369' title='bbox 2911 2697 3112 2765; x_wconf 79' lang='grc' dir='ltr'>ψυχὴν,</span> <span class='ocrx_word' id='word_1_370' title='bbox 3160 2694 3234 2763; x_wconf 83' lang='grc' dir='ltr'>μὴ</span> <span class='ocrx_word' id='word_1_371' title='bbox 3274 2694 3340 2747; x_wconf 84' lang='grc' dir='ltr'>ἂν</span> <span class='ocrx_word' id='word_1_372' title='bbox 3386 2694 3633 2754; x_wconf 74' lang='grc' dir='ltr'>ἅπαντας</span> <span class='ocrx_word' id='word_1_373' title='bbox 3674 2692 4035 2759; x_wconf 80' lang='grc' dir='ltr'>συνδραμεῖν,</span> 
     </span>
    </p>
   </div>
   <div class='ocr_carea' id='block_1_56' title="bbox 2466 2784 4043 2857">
    <p class='ocr_par' dir='ltr' id='par_1_56' title="bbox 2466 2784 4043 2857">
     <span class='ocr_line' id='line_1_56' title="bbox 2466 2784 4043 2857; baseline -0.008 -12"><span class='ocrx_word' id='word_1_374' title='bbox 2466 2794 2560 2845; x_wconf 67' lang='grc' dir='ltr'>καὶ</span> <span class='ocrx_word' id='word_1_375' title='bbox 2603 2791 2863 2851; x_wconf 77' lang='grc' dir='ltr'>δουλικῶς</span> <span class='ocrx_word' id='word_1_376' title='bbox 2913 2790 3040 2851; x_wconf 83' lang='grc' dir='ltr'>τοὺς</span> <span class='ocrx_word' id='word_1_377' title='bbox 3076 2789 3352 2857; x_wconf 81' lang='grc' dir='ltr'>καθαροὺς</span> <span class='ocrx_word' id='word_1_378' title='bbox 3396 2790 3462 2855; x_wconf 78' lang='grc' dir='ltr'>τῇ</span> <span class='ocrx_word' id='word_1_379' title='bbox 3518 2786 3884 2855; x_wconf 71' lang='grc' dir='ltr'>καθαρωτάτη</span> <span class='ocrx_word' id='word_1_380' title='bbox 3921 2784 4043 2835; x_wconf 88' lang='grc' dir='ltr'>δια-</span> 
     </span>
    </p>
   </div>
   <div class='ocr_carea' id='block_1_57' title="bbox 2468 2873 4046 2959">
    <p class='ocr_par' dir='ltr' id='par_1_57' title="bbox 2468 2873 4046 2959">
     <span class='ocr_line' id='line_1_57' title="bbox 2468 2873 4046 2959; baseline -0.008 -23"><span class='ocrx_word' id='word_1_381' title='bbox 2468 2884 2699 2959; x_wconf 80' lang='grc' dir='ltr'>κονῆσαι</span> <span class='ocrx_word' id='word_1_382' title='bbox 2732 2880 2799 2933; x_wconf 79' lang='grc' dir='ltr'>τὰ</span> <span class='ocrx_word' id='word_1_383' title='bbox 2822 2881 2917 2949; x_wconf 78' lang='grc' dir='ltr'>τῆς</span> <span class='ocrx_word' id='word_1_384' title='bbox 2941 2880 3178 2946; x_wconf 74' lang='grc' dir='ltr'>ἐκφορᾶς</span> <span class='ocrx_word' id='word_1_385' title='bbox 3205 2879 3298 2930; x_wconf 73' lang='grc' dir='ltr'><strong>καὶ</strong></span> <span class='ocrx_word' id='word_1_386' title='bbox 3330 2877 3666 2947; x_wconf 80' lang='grc' dir='ltr'>προπομπῆς</span> <span class='ocrx_word' id='word_1_387' title='bbox 3697 2876 3791 2928; x_wconf 78' lang='grc' dir='ltr'><strong>καὶ</strong></span> <span class='ocrx_word' id='word_1_388' title='bbox 3816 2873 4046 2941; x_wconf 67' lang='grc' dir='ltr'>τελετῆς</span> 
     </span>
    </p>
   </div>
   <div class='ocr_carea' id='block_1_58' title="bbox 2473 2966 4049 3043">
    <p class='ocr_par' dir='ltr' id='par_1_58' title="bbox 2473 2966 4049 3043">
     <span class='ocr_line' id='line_1_58' title="bbox 2473 2966 4049 3043; baseline -0.007 -18"><span class='ocrx_word' id='word_1_389' title='bbox 2473 2976 2658 3043; x_wconf 70' lang='grc' dir='ltr'>ἱερᾶςς</span> <span class='ocrx_word' id='word_1_390' title='bbox 2710 2973 2818 3024; x_wconf 72' lang='grc' dir='ltr'><strong>Καὶ</strong></span> <span class='ocrx_word' id='word_1_391' title='bbox 2867 2973 2937 3041; x_wconf 80' lang='grc' dir='ltr'><strong>γῆ</strong></span> <span class='ocrx_word' id='word_1_392' title='bbox 2979 2971 3037 3024; x_wconf 79' lang='grc' dir='ltr'>δὲ</span> <span class='ocrx_word' id='word_1_393' title='bbox 3086 2976 3303 3029; x_wconf 72' lang='grc' dir='ltr'>πάντως</span> <span class='ocrx_word' id='word_1_394' title='bbox 3358 2970 3445 3029; x_wconf 84' lang='grc' dir='ltr'><strong>ἂν,</strong></span> <span class='ocrx_word' id='word_1_395' title='bbox 3490 2970 3584 3020; x_wconf 77' lang='grc' dir='ltr'><strong>καὶ</strong></span> <span class='ocrx_word' id='word_1_396' title='bbox 3630 2966 3900 3027; x_wconf 79' lang='grc' dir='ltr'>θάλασσα,</span> <span class='ocrx_word' id='word_1_397' title='bbox 3950 2966 4049 3015; x_wconf 75' lang='grc' dir='ltr'><strong>καὶ</strong></span> 
     </span>
    </p>
   </div>
   <div class='ocr_carea' id='block_1_59' title="bbox 2471 3051 4045 3137">
    <p class='ocr_par' dir='ltr' id='par_1_59' title="bbox 2471 3051 4045 3137">
     <span class='ocr_line' id='line_1_59' title="bbox 2471 3051 4045 3137; baseline -0.009 -20"><span class='ocrx_word' id='word_1_398' title='bbox 2471 3069 2645 3137; x_wconf 72' lang='grc' dir='ltr'>ἣλιος,</span> <span class='ocrx_word' id='word_1_399' title='bbox 2679 3066 2772 3116; x_wconf 82' lang='grc' dir='ltr'><strong>καὶ</strong></span> <span class='ocrx_word' id='word_1_400' title='bbox 2807 3064 2876 3115; x_wconf 68' lang='grc' dir='ltr'><strong>τὰ</strong></span> <span class='ocrx_word' id='word_1_401' title='bbox 2910 3062 3071 3115; x_wconf 68' lang='grc' dir='ltr'>λοιπὰ</span> <span class='ocrx_word' id='word_1_402' title='bbox 3100 3062 3209 3114; x_wconf 86' lang='grc' dir='ltr'><strong>τῶν</strong></span> <span class='ocrx_word' id='word_1_403' title='bbox 3251 3061 3402 3113; x_wconf 63' lang='grc' dir='ltr'>κάτω</span> <span class='ocrx_word' id='word_1_404' title='bbox 3435 3059 3831 3127; x_wconf 76' lang='grc' dir='ltr'>συγκινηθῆναι</span> <span class='ocrx_word' id='word_1_405' title='bbox 3873 3051 4045 3125; x_wconf 62' lang='grc' dir='ltr'>εἶχον,</span> 
     </span>
    </p>
   </div>
   <div class='ocr_carea' id='block_1_60' title="bbox 804 3149 2485 3239">
    <p class='ocr_par' dir='ltr' id='par_1_60' title="bbox 804 3150 2485 3239">
     <span class='ocr_line' id='line_1_60' title="bbox 804 3150 2485 3239; baseline -0.011 -1"><span class='ocrx_word' id='word_1_406' title='bbox 804 3183 961 3238; x_wconf 90' lang='lat' dir='ltr'><strong>rent?</strong></span> <span class='ocrx_word' id='word_1_407' title='bbox 998 3183 1247 3235; x_wconf 75' lang='lat' dir='ltr'><strong>Profecto</strong></span> <span class='ocrx_word' id='word_1_408' title='bbox 1281 3191 1337 3233; x_wconf 90' lang='lat' dir='ltr'><strong>et</strong></span> <span class='ocrx_word' id='word_1_409' title='bbox 1367 3190 1512 3233; x_wconf 82' lang='lat' dir='ltr'><strong>terra</strong></span> <span class='ocrx_word' id='word_1_410' title='bbox 1541 3187 1597 3231; x_wconf 90' lang='lat' dir='ltr'><strong>et</strong></span> <span class='ocrx_word' id='word_1_411' title='bbox 1629 3192 1778 3230; x_wconf 90' lang='lat' dir='ltr'><strong>mare</strong></span> <span class='ocrx_word' id='word_1_412' title='bbox 1823 3184 1879 3228; x_wconf 92' lang='lat' dir='ltr'><strong>et</strong></span> <span class='ocrx_word' id='word_1_413' title='bbox 1922 3174 2025 3238; x_wconf 90' lang='lat' dir='ltr'><strong>sol,</strong></span> <span class='ocrx_word' id='word_1_414' title='bbox 2054 3181 2111 3225; x_wconf 91' lang='lat' dir='ltr'><strong>et</strong></span> <span class='ocrx_word' id='word_1_415' title='bbox 2156 3171 2367 3239; x_wconf 90' lang='lat' dir='ltr'><strong>reliqua</strong></span> <span class='ocrx_word' id='word_1_416' title='bbox 2396 3150 2437 3205; x_wconf 64' lang='grc' dir='ltr'><strong>(ἶ</strong></span> <span class='ocrx_word' id='word_1_417' title='bbox 2477 3178 2485 3210; x_wconf 76' lang='grc' dir='ltr'><strong><em>ε</em></strong></span> 
     </span>
    </p>
   </div>
   <div class='ocr_carea' id='block_1_61' title="bbox 2367 3149 4048 3239">
    <p class='ocr_par' dir='ltr' id='par_1_61' title="bbox 2396 3149 4048 3227">
     <span class='ocr_line' id='line_1_61' title="bbox 2396 3149 4048 3227; baseline -0.008 -16"><span class='ocrx_word' id='word_1_418' title='bbox 2396 3150 2437 3205; x_wconf 84' lang='lat' dir='ltr'><strong>C</strong></span> <span class='ocrx_word' id='word_1_419' title='bbox 2477 3162 2525 3210; x_wconf 79' lang='grc' dir='ltr'>εἰ</span> <span class='ocrx_word' id='word_1_420' title='bbox 2562 3160 2664 3227; x_wconf 82' lang='grc' dir='ltr'><strong>μὴ,</strong></span> <span class='ocrx_word' id='word_1_421' title='bbox 2690 3157 2945 3223; x_wconf 77' lang='grc' dir='ltr'>καθάπερ</span> <span class='ocrx_word' id='word_1_422' title='bbox 2990 3155 3228 3223; x_wconf 79' lang='grc' dir='ltr'>εἴρηται,</span> <span class='ocrx_word' id='word_1_423' title='bbox 3264 3154 3361 3221; x_wconf 82' lang='grc' dir='ltr'><strong>τῆς</strong></span> <span class='ocrx_word' id='word_1_424' title='bbox 3408 3151 3560 3203; x_wconf 76' lang='grc' dir='ltr'>κάτω</span> <span class='ocrx_word' id='word_1_425' title='bbox 3600 3150 3759 3217; x_wconf 80' lang='grc' dir='ltr'>δόξης</span> <span class='ocrx_word' id='word_1_426' title='bbox 3788 3151 3910 3200; x_wconf 70' lang='grc' dir='ltr'>ἐπεὶ</span> <span class='ocrx_word' id='word_1_427' title='bbox 3944 3149 4048 3199; x_wconf 69' lang='grc' dir='ltr'>οἰκ</span> 
     </span>
    </p>
   </div>
   <div class='ocr_carea' id='block_1_62' title="bbox 800 3264 2369 3333">
    <p class='ocr_par' dir='ltr' id='par_1_62' title="bbox 800 3264 2369 3333">
     <span class='ocr_line' id='line_1_62' title="bbox 800 3264 2369 3333; baseline -0.011 -1"><span class='ocrx_word' id='word_1_428' title='bbox 800 3282 1077 3333; x_wconf 79' lang='lat' dir='ltr'><strong>mundana</strong></span> <span class='ocrx_word' id='word_1_429' title='bbox 1108 3276 1291 3328; x_wconf 89' lang='lat' dir='ltr'><strong>omnia</strong></span> <span class='ocrx_word' id='word_1_430' title='bbox 1318 3281 1591 3325; x_wconf 88' lang='lat' dir='ltr'><strong>comtnota</strong></span> <span class='ocrx_word' id='word_1_431' title='bbox 1618 3270 1873 3329; x_wconf 81' lang='lat' dir='ltr'><strong>fuissent,</strong></span> <span class='ocrx_word' id='word_1_432' title='bbox 1892 3267 2021 3325; x_wconf 80' lang='lat' dir='ltr'><strong>nisi,</strong></span> <span class='ocrx_word' id='word_1_433' title='bbox 2053 3265 2132 3318; x_wconf 91' lang='lat' dir='ltr'><strong>uti</strong></span> <span class='ocrx_word' id='word_1_434' title='bbox 2161 3264 2369 3317; x_wconf 85' lang='lat' dir='ltr'><strong>dictum</strong></span> 
     </span>
    </p>
   </div>
   <div class='ocr_carea' id='block_1_63' title="bbox 804 3354 2378 3434">
    <p class='ocr_par' dir='ltr' id='par_1_63' title="bbox 804 3354 2378 3434">
     <span class='ocr_line' id='line_1_63' title="bbox 804 3354 2378 3434; baseline -0.01 -14"><span class='ocrx_word' id='word_1_435' title='bbox 804 3377 909 3427; x_wconf 84' lang='lat' dir='ltr'><strong>est,</strong></span> <span class='ocrx_word' id='word_1_436' title='bbox 942 3365 1126 3434; x_wconf 56' lang='lat' dir='ltr'><strong>eloris</strong></span> <span class='ocrx_word' id='word_1_437' title='bbox 1153 3380 1181 3416; x_wconf 91' lang='lat' dir='ltr'><strong>e</strong></span> <span class='ocrx_word' id='word_1_438' title='bbox 1213 3362 1574 3415; x_wconf 85' lang='lat' dir='ltr'><strong>terrestribus</strong></span> <span class='ocrx_word' id='word_1_439' title='bbox 1616 3359 1908 3429; x_wconf 88' lang='lat' dir='ltr'><strong>purissima</strong></span> <span class='ocrx_word' id='word_1_440' title='bbox 1953 3356 2040 3409; x_wconf 90' lang='lat' dir='ltr'><strong>illa</strong></span> <span class='ocrx_word' id='word_1_441' title='bbox 2072 3370 2184 3409; x_wconf 92' lang='lat' dir='ltr'><strong>non</strong></span> <span class='ocrx_word' id='word_1_442' title='bbox 2236 3354 2378 3406; x_wconf 86' lang='lat' dir='ltr'><strong>indi-</strong></span> 
     </span>
    </p>
   </div>
   <div class='ocr_carea' id='block_1_64' title="bbox 805 3447 2379 3531">
    <p class='ocr_par' dir='ltr' id='par_1_64' title="bbox 805 3447 2379 3531">
     <span class='ocr_line' id='line_1_64' title="bbox 805 3447 2379 3531; baseline -0.012 -18"><span class='ocrx_word' id='word_1_443' title='bbox 805 3471 988 3531; x_wconf 68' lang='lat' dir='ltr'><strong>gente,</strong></span> <span class='ocrx_word' id='word_1_444' title='bbox 1051 3466 1385 3525; x_wconf 82' lang='lat' dir='ltr'><strong>praeceptum</strong></span> <span class='ocrx_word' id='word_1_445' title='bbox 1447 3454 1533 3506; x_wconf 88' lang='lat' dir='ltr'><strong>his</strong></span> <span class='ocrx_word' id='word_1_446' title='bbox 1588 3452 1802 3511; x_wconf 77' lang='lat' dir='ltr'><strong>inisset,</strong></span> <span class='ocrx_word' id='word_1_447' title='bbox 1871 3456 1931 3501; x_wconf 92' lang='lat' dir='ltr'><strong>ut</strong></span> <span class='ocrx_word' id='word_1_448' title='bbox 1993 3447 2379 3516; x_wconf 64' lang='lat' dir='ltr'><strong>quiescerent;</strong></span> 
     </span>
    </p>
   </div>
   <div class='ocr_carea' id='block_1_65' title="bbox 807 3544 2382 3619">
    <p class='ocr_par' dir='ltr' id='par_1_65' title="bbox 807 3544 2382 3619">
     <span class='ocr_line' id='line_1_65' title="bbox 807 3544 2382 3619; baseline -0.01 -16"><span class='ocrx_word' id='word_1_449' title='bbox 807 3550 1115 3619; x_wconf 63' lang='lat' dir='ltr'><strong>praesertim</strong></span> <span class='ocrx_word' id='word_1_450' title='bbox 1168 3562 1321 3606; x_wconf 78' lang='lat' dir='ltr'><strong>vero,</strong></span> <span class='ocrx_word' id='word_1_451' title='bbox 1381 3544 1525 3612; x_wconf 88' lang='lat' dir='ltr'><strong>quod</strong></span> <span class='ocrx_word' id='word_1_452' title='bbox 1586 3544 1898 3595; x_wconf 81' lang='lat' dir='ltr'><strong>nullatenus</strong></span> <span class='ocrx_word' id='word_1_453' title='bbox 1946 3549 2382 3594; x_wconf 85' lang='lat' dir='ltr'><strong>consentaneum</strong></span> 
     </span>
    </p>
   </div>
   <div class='ocr_carea' id='block_1_66' title="bbox 811 3629 2383 3704">
    <p class='ocr_par' dir='ltr' id='par_1_66' title="bbox 811 3629 2383 3704">
     <span class='ocr_line' id='line_1_66' title="bbox 811 3629 2383 3704; baseline -0.004 -15"><span class='ocrx_word' id='word_1_454' title='bbox 811 3640 1027 3700; x_wconf 86' lang='lat' dir='ltr'><strong>luisset,</strong></span> <span class='ocrx_word' id='word_1_455' title='bbox 1059 3647 1119 3689; x_wconf 92' lang='lat' dir='ltr'><strong>nt</strong></span> <span class='ocrx_word' id='word_1_456' title='bbox 1151 3638 1217 3689; x_wconf 92' lang='lat' dir='ltr'><strong>ad</strong></span> <span class='ocrx_word' id='word_1_457' title='bbox 1252 3651 1492 3704; x_wconf 80' lang='lat' dir='ltr'><strong>superna</strong></span> <span class='ocrx_word' id='word_1_458' title='bbox 1524 3633 1828 3685; x_wconf 88' lang='lat' dir='ltr'><strong>transeunti</strong></span> <span class='ocrx_word' id='word_1_459' title='bbox 1858 3630 2078 3699; x_wconf 86' lang='lat' dir='ltr'><strong>aliquod</strong></span> <span class='ocrx_word' id='word_1_460' title='bbox 2122 3646 2188 3683; x_wconf 84' lang='lat' dir='ltr'><strong>ex</strong></span> <span class='ocrx_word' id='word_1_461' title='bbox 2235 3629 2383 3682; x_wconf 85' lang='lat' dir='ltr'><strong>hisce</strong></span> 
     </span>
    </p>
   </div>
   <div class='ocr_carea' id='block_1_67' title="bbox 806 3719 2384 3792">
    <p class='ocr_par' dir='ltr' id='par_1_67' title="bbox 806 3719 2384 3792">
     <span class='ocr_line' id='line_1_67' title="bbox 806 3719 2384 3792; baseline -0.009 -8"><span class='ocrx_word' id='word_1_462' title='bbox 806 3731 1013 3785; x_wconf 87' lang='lat' dir='ltr'><strong>inlimis</strong></span> <span class='ocrx_word' id='word_1_463' title='bbox 1081 3728 1455 3781; x_wconf 85' lang='lat' dir='ltr'><strong>ministerium</strong></span> <span class='ocrx_word' id='word_1_464' title='bbox 1513 3740 1653 3792; x_wconf 89' lang='lat' dir='ltr'><strong>opus</strong></span> <span class='ocrx_word' id='word_1_465' title='bbox 1714 3739 1836 3777; x_wconf 91' lang='lat' dir='ltr'><strong>esse</strong></span> <span class='ocrx_word' id='word_1_466' title='bbox 1902 3723 2219 3784; x_wconf 70' lang='lat' dir='ltr'><strong>videretur;</strong></span> <span class='ocrx_word' id='word_1_467' title='bbox 2286 3719 2384 3772; x_wconf 83' lang='lat' dir='ltr'><strong>sed</strong></span> 
     </span>
    </p>
   </div>
   <div class='ocr_carea' id='block_1_68' title="bbox 807 3810 2385 3890">
    <p class='ocr_par' dir='ltr' id='par_1_68' title="bbox 807 3810 2385 3890">
     <span class='ocr_line' id='line_1_68' title="bbox 807 3810 2385 3890; baseline -0.012 -11"><span class='ocrx_word' id='word_1_468' title='bbox 807 3826 1085 3886; x_wconf 69' lang='lat' dir='ltr'><strong>cmlcstcs,</strong></span> <span class='ocrx_word' id='word_1_469' title='bbox 1141 3821 1287 3890; x_wconf 85' lang='lat' dir='ltr'><strong>quod</strong></span> <span class='ocrx_word' id='word_1_470' title='bbox 1344 3827 1402 3871; x_wconf 91' lang='lat' dir='ltr'><strong>et</strong></span> <span class='ocrx_word' id='word_1_471' title='bbox 1452 3817 1654 3869; x_wconf 77' lang='lat' dir='ltr'><strong>factum</strong></span> <span class='ocrx_word' id='word_1_472' title='bbox 1720 3824 1825 3878; x_wconf 83' lang='lat' dir='ltr'><strong>est,</strong></span> <span class='ocrx_word' id='word_1_473' title='bbox 1895 3810 2229 3865; x_wconf 84' lang='lat' dir='ltr'><strong>descendere</strong></span> <span class='ocrx_word' id='word_1_474' title='bbox 2290 3824 2385 3877; x_wconf 86' lang='lat' dir='ltr'><strong>par</strong></span> 
     </span>
    </p>
   </div>
   <div class='ocr_carea' id='block_1_69' title="bbox 807 3900 2386 3982">
    <p class='ocr_par' dir='ltr' id='par_1_69' title="bbox 807 3900 2386 3982">
     <span class='ocr_line' id='line_1_69' title="bbox 807 3900 2386 3982; baseline -0.013 -10"><span class='ocrx_word' id='word_1_475' title='bbox 807 3926 977 3980; x_wconf 89' lang='lat' dir='ltr'><strong>esset,</strong></span> <span class='ocrx_word' id='word_1_476' title='bbox 1012 3927 1073 3968; x_wconf 92' lang='lat' dir='ltr'><strong>ut</strong></span> <span class='ocrx_word' id='word_1_477' title='bbox 1107 3913 1198 3982; x_wconf 91' lang='lat' dir='ltr'><strong>qui</strong></span> <span class='ocrx_word' id='word_1_478' title='bbox 1227 3928 1347 3965; x_wconf 88' lang='lat' dir='ltr'><strong>eam</strong></span> <span class='ocrx_word' id='word_1_479' title='bbox 1406 3911 1460 3962; x_wconf 92' lang='lat' dir='ltr'><strong>in</strong></span> <span class='ocrx_word' id='word_1_480' title='bbox 1509 3911 1679 3961; x_wconf 68' lang='lat' dir='ltr'><strong>caelus</strong></span> <span class='ocrx_word' id='word_1_481' title='bbox 1711 3904 2025 3972; x_wconf 79' lang='lat' dir='ltr'><strong>suscepturi</strong></span> <span class='ocrx_word' id='word_1_482' title='bbox 2060 3910 2239 3962; x_wconf 87' lang='lat' dir='ltr'><strong>erant,</strong></span> <span class='ocrx_word' id='word_1_483' title='bbox 2286 3900 2386 3969; x_wconf 89' lang='lat' dir='ltr'><strong>ipsi</strong></span> 
     </span>
    </p>
   </div>
   <div class='ocr_carea' id='block_1_70' title="bbox 811 3997 2388 4062">
    <p class='ocr_par' dir='ltr' id='par_1_70' title="bbox 811 3997 2388 4062">
     <span class='ocr_line' id='line_1_70' title="bbox 811 3997 2388 4062; baseline -0.013 -2"><span class='ocrx_word' id='word_1_484' title='bbox 811 4006 1067 4060; x_wconf 79' lang='lat' dir='ltr'><strong>eamdem</strong></span> <span class='ocrx_word' id='word_1_485' title='bbox 1107 4004 1294 4055; x_wconf 83' lang='lat' dir='ltr'><strong>debito</strong></span> <span class='ocrx_word' id='word_1_486' title='bbox 1322 4000 1618 4053; x_wconf 76' lang='lat' dir='ltr'><strong>famulatus</strong></span> <span class='ocrx_word' id='word_1_487' title='bbox 1658 3997 1867 4047; x_wconf 85' lang='lat' dir='ltr'><strong>honore</strong></span> <span class='ocrx_word' id='word_1_488' title='bbox 1894 3998 2388 4062; x_wconf 86' lang='lat' dir='ltr'><strong>prosequerentur.</strong></span> 
     </span>
    </p>
   </div>
   <div class='ocr_carea' id='block_1_71' title="bbox 814 4080 2396 4163">
    <p class='ocr_par' dir='ltr' id='par_1_71' title="bbox 814 4080 2396 4163">
     <span class='ocr_line' id='line_1_71' title="bbox 814 4080 2396 4163; baseline -0.013 -12"><span class='ocrx_word' id='word_1_489' title='bbox 814 4097 973 4163; x_wconf 83' lang='lat' dir='ltr'><strong>Quod</strong></span> <span class='ocrx_word' id='word_1_490' title='bbox 1006 4096 1051 4147; x_wconf 90' lang='lat' dir='ltr'><strong>si</strong></span> <span class='ocrx_word' id='word_1_491' title='bbox 1082 4110 1111 4147; x_wconf 92' lang='lat' dir='ltr'><strong>e</strong></span> <span class='ocrx_word' id='word_1_492' title='bbox 1146 4103 1289 4146; x_wconf 89' lang='lat' dir='ltr'><strong>terra</strong></span> <span class='ocrx_word' id='word_1_493' title='bbox 1332 4104 1555 4159; x_wconf 81' lang='lat' dir='ltr'><strong>quoque</strong></span> <span class='ocrx_word' id='word_1_494' title='bbox 1613 4088 1815 4140; x_wconf 82' lang='lat' dir='ltr'><strong>chorus</strong></span> <span class='ocrx_word' id='word_1_495' title='bbox 1862 4084 2239 4153; x_wconf 84' lang='lat' dir='ltr'><strong>apostolorum</strong></span> <span class='ocrx_word' id='word_1_496' title='bbox 2291 4080 2396 4133; x_wconf 89' lang='lat' dir='ltr'><strong>mi-</strong></span> 
     </span>
    </p>
   </div>
   <div class='ocr_carea' id='block_1_72' title="bbox 823 4171 2395 4245">
    <p class='ocr_par' dir='ltr' id='par_1_72' title="bbox 823 4171 2395 4245">
     <span class='ocr_line' id='line_1_72' title="bbox 823 4171 2395 4245; baseline -0.012 -4"><span class='ocrx_word' id='word_1_497' title='bbox 823 4187 1037 4241; x_wconf 84' lang='lat' dir='ltr'><strong>nisterii</strong></span> <span class='ocrx_word' id='word_1_498' title='bbox 1099 4184 1248 4236; x_wconf 89' lang='lat' dir='ltr'><strong>illius</strong></span> <span class='ocrx_word' id='word_1_499' title='bbox 1294 4182 1525 4234; x_wconf 71' lang='lat' dir='ltr'><strong>eli‘ectus</strong></span> <span class='ocrx_word' id='word_1_500' title='bbox 1579 4189 1662 4230; x_wconf 82' lang='lat' dir='ltr'><strong>est</strong></span> <span class='ocrx_word' id='word_1_501' title='bbox 1717 4186 2034 4245; x_wconf 57' lang='lat' dir='ltr'><strong>particeps;</strong></span> <span class='ocrx_word' id='word_1_502' title='bbox 2098 4183 2153 4227; x_wconf 88' lang='lat' dir='ltr'><strong>at</strong></span> <span class='ocrx_word' id='word_1_503' title='bbox 2201 4172 2312 4225; x_wconf 89' lang='lat' dir='ltr'><strong>illis</strong></span> <span class='ocrx_word' id='word_1_504' title='bbox 2343 4171 2395 4223; x_wconf 90' lang='lat' dir='ltr'><strong>id</strong></span> 
     </span>
    </p>
   </div>
   <div class='ocr_carea' id='block_1_73' title="bbox 817 4264 2398 4347">
    <p class='ocr_par' dir='ltr' id='par_1_73' title="bbox 817 4264 2398 4347">
     <span class='ocr_line' id='line_1_73' title="bbox 817 4264 2398 4347; baseline -0.011 -14"><span class='ocrx_word' id='word_1_505' title='bbox 817 4292 1078 4347; x_wconf 86' lang='lat' dir='ltr'><strong>tanquam</strong></span> <span class='ocrx_word' id='word_1_506' title='bbox 1128 4276 1436 4329; x_wconf 66' lang='lat' dir='ltr'><strong>cwlestium</strong></span> <span class='ocrx_word' id='word_1_507' title='bbox 1489 4270 1701 4323; x_wconf 79' lang='lat' dir='ltr'><strong>:cmulis</strong></span> <span class='ocrx_word' id='word_1_508' title='bbox 1756 4268 2022 4335; x_wconf 72' lang='lat' dir='ltr'><strong>contigit;</strong></span> <span class='ocrx_word' id='word_1_509' title='bbox 2061 4265 2155 4318; x_wconf 87' lang='lat' dir='ltr'><strong>uni</strong></span> <span class='ocrx_word' id='word_1_510' title='bbox 2194 4264 2398 4332; x_wconf 89' lang='lat' dir='ltr'><strong>quippe</strong></span> 
     </span>
    </p>
   </div>
   <div class='ocr_carea' id='block_1_74' title="bbox 815 4358 2395 4430">
    <p class='ocr_par' dir='ltr' id='par_1_74' title="bbox 815 4358 2395 4430">
     <span class='ocr_line' id='line_1_74' title="bbox 815 4358 2395 4430; baseline -0.012 -5"><span class='ocrx_word' id='word_1_511' title='bbox 815 4373 1043 4426; x_wconf 88' lang='lat' dir='ltr'><strong>Christo</strong></span> <span class='ocrx_word' id='word_1_512' title='bbox 1084 4367 1369 4427; x_wconf 73' lang='lat' dir='ltr'><strong>vivebant,</strong></span> <span class='ocrx_word' id='word_1_513' title='bbox 1401 4373 1458 4416; x_wconf 89' lang='lat' dir='ltr'><strong>et</strong></span> <span class='ocrx_word' id='word_1_514' title='bbox 1488 4362 1689 4430; x_wconf 91' lang='lat' dir='ltr'><strong>spiritu</strong></span> <span class='ocrx_word' id='word_1_515' title='bbox 1746 4361 1799 4412; x_wconf 94' lang='lat' dir='ltr'><strong>in</strong></span> <span class='ocrx_word' id='word_1_516' title='bbox 1838 4358 2169 4412; x_wconf 74' lang='lat' dir='ltr'><strong>cmlestibns</strong></span> <span class='ocrx_word' id='word_1_517' title='bbox 2208 4370 2395 4409; x_wconf 75' lang='lat' dir='ltr'><strong>versa-</strong></span> 
     </span>
    </p>
   </div>
   <div class='ocr_carea' id='block_1_75' title="bbox 2474 3240 4053 3318">
    <p class='ocr_par' dir='ltr' id='par_1_75' title="bbox 2474 3240 4053 3318">
     <span class='ocr_line' id='line_1_75' title="bbox 2474 3240 4053 3318; baseline -0.008 -17"><span class='ocrx_word' id='word_1_518' title='bbox 2474 3251 2583 3302; x_wconf 81' lang='grc' dir='ltr'>εδει</span> <span class='ocrx_word' id='word_1_519' title='bbox 2640 3253 2707 3318; x_wconf 82' lang='grc' dir='ltr'>τῇ</span> <span class='ocrx_word' id='word_1_520' title='bbox 2753 3248 3037 3317; x_wconf 79' lang='grc' dir='ltr'><strong>πανάγνῳ.</strong></span> <span class='ocrx_word' id='word_1_521' title='bbox 3075 3248 3302 3316; x_wconf 71' lang='grc' dir='ltr'>ἠρεμεῖν</span> <span class='ocrx_word' id='word_1_522' title='bbox 3362 3243 3823 3312; x_wconf 59' lang='grc' dir='ltr'>προσετάγησαν</span> <span class='ocrx_word' id='word_1_523' title='bbox 3871 3240 4053 3300; x_wconf 76' lang='grc' dir='ltr'>ἄλλως</span> 
     </span>
    </p>
   </div>
   <div class='ocr_carea' id='block_1_76' title="bbox 2474 3332 4052 3410">
    <p class='ocr_par' dir='ltr' id='par_1_76' title="bbox 2474 3332 4052 3410">
     <span class='ocr_line' id='line_1_76' title="bbox 2474 3332 4052 3410; baseline -0.008 -15"><span class='ocrx_word' id='word_1_524' title='bbox 2474 3361 2536 3395; x_wconf 89' lang='grc' dir='ltr'><strong>τε</strong></span> <span class='ocrx_word' id='word_1_525' title='bbox 2569 3344 2662 3395; x_wconf 73' lang='grc' dir='ltr'><strong>καὶ</strong></span> <span class='ocrx_word' id='word_1_526' title='bbox 2687 3341 2785 3409; x_wconf 76' lang='grc' dir='ltr'><strong>τὴν</strong></span> <span class='ocrx_word' id='word_1_527' title='bbox 2808 3341 2944 3410; x_wconf 80' lang='grc' dir='ltr'>πρὸς</span> <span class='ocrx_word' id='word_1_528' title='bbox 2967 3340 3035 3390; x_wconf 74' lang='grc' dir='ltr'>τὰ</span> <span class='ocrx_word' id='word_1_529' title='bbox 3081 3339 3194 3391; x_wconf 81' lang='grc' dir='ltr'>ἄνω</span> <span class='ocrx_word' id='word_1_530' title='bbox 3233 3337 3645 3406; x_wconf 81' lang='grc' dir='ltr'>μεθισταμένην</span> <span class='ocrx_word' id='word_1_531' title='bbox 3676 3334 3784 3385; x_wconf 82' lang='grc' dir='ltr'>τῶν</span> <span class='ocrx_word' id='word_1_532' title='bbox 3815 3332 4015 3383; x_wconf 70' lang='grc' dir='ltr'>ἀκολοΰ</span> <span class='ocrx_word' id='word_1_533' title='bbox 4042 3363 4052 3369; x_wconf 91' lang='grc'><strong>-</strong></span> 
     </span>
    </p>
   </div>
   <div class='ocr_carea' id='block_1_77' title="bbox 2477 3425 4054 3503">
    <p class='ocr_par' dir='ltr' id='par_1_77' title="bbox 2477 3425 4054 3503">
     <span class='ocr_line' id='line_1_77' title="bbox 2477 3425 4054 3503; baseline -0.008 -16"><span class='ocrx_word' id='word_1_534' title='bbox 2477 3435 2586 3487; x_wconf 84' lang='grc' dir='ltr'><strong>θων</strong></span> <span class='ocrx_word' id='word_1_535' title='bbox 2609 3435 2707 3485; x_wconf 69' lang='grc' dir='ltr'><strong>οὐκ</strong></span> <span class='ocrx_word' id='word_1_536' title='bbox 2730 3429 2795 3503; x_wconf 82' lang='grc' dir='ltr'>ἦν</span> <span class='ocrx_word' id='word_1_537' title='bbox 2823 3437 2924 3500; x_wconf 74' lang='grc' dir='ltr'>τῆς</span> <span class='ocrx_word' id='word_1_538' title='bbox 2947 3435 3010 3483; x_wconf 83' lang='grc' dir='ltr'><strong>ἐκ</strong></span> <span class='ocrx_word' id='word_1_539' title='bbox 3033 3430 3143 3482; x_wconf 83' lang='grc' dir='ltr'><strong>τῶν</strong></span> <span class='ocrx_word' id='word_1_540' title='bbox 3170 3431 3319 3481; x_wconf 78' lang='grc' dir='ltr'>κάτω</span> <span class='ocrx_word' id='word_1_541' title='bbox 3351 3428 3559 3480; x_wconf 80' lang='grc' dir='ltr'>δεῖσθαι</span> <span class='ocrx_word' id='word_1_542' title='bbox 3586 3427 3862 3488; x_wconf 79' lang='grc' dir='ltr'>διακονίας</span> <span class='ocrx_word' id='word_1_543' title='bbox 3890 3442 3904 3454; x_wconf 83' lang='grc'><em>’</em></span> <span class='ocrx_word' id='word_1_544' title='bbox 3939 3425 4054 3476; x_wconf 82' lang='grc' dir='ltr'>ἔδει</span> 
     </span>
    </p>
   </div>
   <div class='ocr_carea' id='block_1_78' title="bbox 2480 3518 4059 3592">
    <p class='ocr_par' dir='ltr' id='par_1_78' title="bbox 2480 3518 4059 3592">
     <span class='ocr_line' id='line_1_78' title="bbox 2480 3518 4059 3592; baseline -0.006 -15"><span class='ocrx_word' id='word_1_545' title='bbox 2480 3528 2535 3579; x_wconf 65' lang='grc' dir='ltr'>δὲ</span> <span class='ocrx_word' id='word_1_546' title='bbox 2569 3528 2693 3587; x_wconf 67' lang='grc' dir='ltr'>τοὺς</span> <span class='ocrx_word' id='word_1_547' title='bbox 2744 3524 2983 3592; x_wconf 69' lang='grc' dir='ltr'>ὑψηλοὺς</span> <span class='ocrx_word' id='word_1_548' title='bbox 3035 3521 3337 3584; x_wconf 75' lang='grc' dir='ltr'>κατελθεῖν,</span> <span class='ocrx_word' id='word_1_549' title='bbox 3392 3520 3420 3571; x_wconf 84' lang='grc' dir='ltr'><strong>ὃ</strong></span> <span class='ocrx_word' id='word_1_550' title='bbox 3469 3520 3564 3571; x_wconf 69' lang='grc' dir='ltr'><strong>καὶ</strong></span> <span class='ocrx_word' id='word_1_551' title='bbox 3616 3518 3802 3588; x_wconf 72' lang='grc' dir='ltr'>ἐξέϐη,</span> <span class='ocrx_word' id='word_1_552' title='bbox 3839 3518 3925 3570; x_wconf 78' lang='grc' dir='ltr'><strong>ἵνα</strong></span> <span class='ocrx_word' id='word_1_553' title='bbox 3987 3518 4059 3586; x_wconf 82' lang='grc' dir='ltr'>ἢν</span> 
     </span>
    </p>
   </div>
   <div class='ocr_carea' id='block_1_79' title="bbox 2483 3610 4062 3685">
    <p class='ocr_par' dir='ltr' id='par_1_79' title="bbox 2483 3610 4062 3685">
     <span class='ocr_line' id='line_1_79' title="bbox 2483 3610 4062 3685; baseline -0.006 -15"><span class='ocrx_word' id='word_1_554' title='bbox 2483 3619 2595 3670; x_wconf 83' lang='grc' dir='ltr'><strong>ἄνω</strong></span> <span class='ocrx_word' id='word_1_555' title='bbox 2652 3614 3065 3685; x_wconf 71' lang='grc' dir='ltr'>προσλαϐέσθαι</span> <span class='ocrx_word' id='word_1_556' title='bbox 3104 3613 3351 3681; x_wconf 78' lang='grc' dir='ltr'>ἔμελλον,</span> <span class='ocrx_word' id='word_1_557' title='bbox 3396 3612 3764 3679; x_wconf 71' lang='grc' dir='ltr'>διακονήςωσι</span> <span class='ocrx_word' id='word_1_558' title='bbox 3806 3610 3949 3661; x_wconf 73' lang='grc' dir='ltr'>κατὰ</span> <span class='ocrx_word' id='word_1_559' title='bbox 3995 3610 4062 3661; x_wconf 85' lang='grc' dir='ltr'><strong>τὸ</strong></span> 
     </span>
    </p>
   </div>
   <div class='ocr_carea' id='block_1_80' title="bbox 2488 3699 4060 3771">
    <p class='ocr_par' dir='ltr' id='par_1_80' title="bbox 2488 3699 4060 3771">
     <span class='ocr_line' id='line_1_80' title="bbox 2488 3699 4060 3771; baseline -0.006 -12"><span class='ocrx_word' id='word_1_560' title='bbox 2488 3709 2658 3767; x_wconf 77' lang='grc' dir='ltr'>εἰκός.</span> <span class='ocrx_word' id='word_1_561' title='bbox 2714 3706 2775 3757; x_wconf 84' lang='lat' dir='ltr'><strong>El</strong></span> <span class='ocrx_word' id='word_1_562' title='bbox 2828 3706 2884 3757; x_wconf 73' lang='grc' dir='ltr'>δὲ</span> <span class='ocrx_word' id='word_1_563' title='bbox 2953 3705 3048 3755; x_wconf 65' lang='grc' dir='ltr'><strong>καὶ</strong></span> <span class='ocrx_word' id='word_1_564' title='bbox 3100 3703 3268 3771; x_wconf 74' lang='grc' dir='ltr'>γῆθεν</span> <span class='ocrx_word' id='word_1_565' title='bbox 3322 3703 3421 3769; x_wconf 81' lang='grc' dir='ltr'>τῆς</span> <span class='ocrx_word' id='word_1_566' title='bbox 3478 3700 3825 3768; x_wconf 78' lang='grc' dir='ltr'>λειτουργίας</span> <span class='ocrx_word' id='word_1_567' title='bbox 3874 3700 3902 3749; x_wconf 86' lang='lat'><strong>6</strong></span> <span class='ocrx_word' id='word_1_568' title='bbox 3945 3699 4060 3749; x_wconf 77' lang='grc' dir='ltr'><strong>τῶν</strong></span> 
     </span>
    </p>
   </div>
   <div class='ocr_carea' id='block_1_81' title="bbox 2488 3790 4059 3869">
    <p class='ocr_par' dir='ltr' id='par_1_81' title="bbox 2488 3790 4059 3869">
     <span class='ocr_line' id='line_1_81' title="bbox 2488 3790 4059 3869; baseline -0.006 -18"><span class='ocrx_word' id='word_1_569' title='bbox 2488 3800 2745 3869; x_wconf 74' lang='grc' dir='ltr'>κηρύκων</span> <span class='ocrx_word' id='word_1_570' title='bbox 2799 3798 3125 3863; x_wconf 78' lang='grc' dir='ltr'>ἐκοινώνησε</span> <span class='ocrx_word' id='word_1_571' title='bbox 3182 3793 3400 3855; x_wconf 77' lang='grc' dir='ltr'>κύκλος,</span> <span class='ocrx_word' id='word_1_572' title='bbox 3452 3793 3569 3845; x_wconf 81' lang='grc' dir='ltr'>ἀλλ’</span> <span class='ocrx_word' id='word_1_573' title='bbox 3626 3791 3700 3853; x_wconf 85' lang='grc' dir='ltr'>ὼς</span> <span class='ocrx_word' id='word_1_574' title='bbox 3762 3790 4059 3858; x_wconf 74' lang='grc' dir='ltr'>ἐφάμιλλοι</span> 
     </span>
    </p>
   </div>
   <div class='ocr_carea' id='block_1_82' title="bbox 2487 3883 4066 3959">
    <p class='ocr_par' dir='ltr' id='par_1_82' title="bbox 2487 3883 4066 3959">
     <span class='ocr_line' id='line_1_82' title="bbox 2487 3883 4066 3959; baseline -0.009 -15"><span class='ocrx_word' id='word_1_575' title='bbox 2487 3898 2599 3953; x_wconf 77' lang='grc' dir='ltr'>τοῖς</span> <span class='ocrx_word' id='word_1_576' title='bbox 2628 3892 2813 3953; x_wconf 82' lang='grc' dir='ltr'>ἁΰλοις</span> <span class='ocrx_word' id='word_1_577' title='bbox 2843 3906 2855 3920; x_wconf 88' lang='grc'><strong>·</strong></span> <span class='ocrx_word' id='word_1_578' title='bbox 2887 3889 3109 3959; x_wconf 85' lang='grc' dir='ltr'>Χριστῷ</span> <span class='ocrx_word' id='word_1_579' title='bbox 3154 3887 3264 3957; x_wconf 78' lang='grc' dir='ltr'><strong>γὰρ</strong></span> <span class='ocrx_word' id='word_1_580' title='bbox 3306 3887 3442 3950; x_wconf 77' lang='grc' dir='ltr'>ἔζων</span> <span class='ocrx_word' id='word_1_581' title='bbox 3478 3887 3624 3954; x_wconf 70' lang='grc' dir='ltr'>μόνῳ</span> <span class='ocrx_word' id='word_1_582' title='bbox 3652 3900 3664 3912; x_wconf 84' lang='grc'>⁶</span> <span class='ocrx_word' id='word_1_583' title='bbox 3715 3883 3782 3936; x_wconf 75' lang='grc' dir='ltr'>τὰ</span> <span class='ocrx_word' id='word_1_584' title='bbox 3823 3884 3934 3937; x_wconf 82' lang='grc' dir='ltr'>ἄνω</span> <span class='ocrx_word' id='word_1_585' title='bbox 3967 3885 4066 3934; x_wconf 71' lang='grc' dir='ltr'><strong>καὶ</strong></span> 
     </span>
    </p>
   </div>
   <div class='ocr_carea' id='block_1_83' title="bbox 2491 3970 4069 4053">
    <p class='ocr_par' dir='ltr' id='par_1_83' title="bbox 2491 3970 4069 4053">
     <span class='ocr_line' id='line_1_83' title="bbox 2491 3970 4069 4053; baseline -0.006 -20"><span class='ocrx_word' id='word_1_586' title='bbox 2491 3983 2669 4053; x_wconf 71' lang='grc' dir='ltr'>ᾤκουν</span> <span class='ocrx_word' id='word_1_587' title='bbox 2693 3982 2771 4051; x_wconf 81' lang='grc' dir='ltr'>τῷ</span> <span class='ocrx_word' id='word_1_588' title='bbox 2806 3983 3084 4049; x_wconf 77' lang='grc' dir='ltr'>πνεύματι</span> <span class='ocrx_word' id='word_1_589' title='bbox 3112 3997 3126 4011; x_wconf 78' lang='grc' dir='ltr'><strong>ο</strong></span> <span class='ocrx_word' id='word_1_590' title='bbox 3177 3979 3437 4030; x_wconf 74' lang='grc' dir='ltr'>κάκεῖθεν</span> <span class='ocrx_word' id='word_1_591' title='bbox 3465 3978 3648 4038; x_wconf 80' lang='grc' dir='ltr'>αὐτοῖς</span> <span class='ocrx_word' id='word_1_592' title='bbox 3669 3977 3722 4027; x_wconf 77' lang='grc' dir='ltr'>εἴ</span> <span class='ocrx_word' id='word_1_593' title='bbox 3750 3992 3835 4036; x_wconf 88' lang='grc' dir='ltr'><strong>τις</strong></span> <span class='ocrx_word' id='word_1_594' title='bbox 3876 3970 3944 4044; x_wconf 75' lang='grc' dir='ltr'>ἦν</span> <span class='ocrx_word' id='word_1_595' title='bbox 3972 3974 4069 4041; x_wconf 80' lang='grc' dir='ltr'><strong>φί-</strong></span> 
     </span>
    </p>
   </div>
   <div class='ocr_carea' id='block_1_84' title="bbox 2492 4065 4066 4141">
    <p class='ocr_par' dir='ltr' id='par_1_84' title="bbox 2492 4065 4066 4141">
     <span class='ocr_line' id='line_1_84' title="bbox 2492 4065 4066 4141; baseline -0.008 -14"><span class='ocrx_word' id='word_1_596' title='bbox 2492 4077 2604 4138; x_wconf 82' lang='grc' dir='ltr'>λος,</span> <span class='ocrx_word' id='word_1_597' title='bbox 2641 4076 2689 4126; x_wconf 81' lang='grc' dir='ltr'><strong>εί</strong></span> <span class='ocrx_word' id='word_1_598' title='bbox 2738 4076 2831 4125; x_wconf 71' lang='grc' dir='ltr'><strong>καὶ</strong></span> <span class='ocrx_word' id='word_1_599' title='bbox 2874 4077 2901 4126; x_wconf 90' lang='lat'><strong>6</strong></span> <span class='ocrx_word' id='word_1_600' title='bbox 2951 4073 3134 4141; x_wconf 75' lang='grc' dir='ltr'>χοῖκὸς</span> <span class='ocrx_word' id='word_1_601' title='bbox 3178 4071 3357 4123; x_wconf 77' lang='grc' dir='ltr'>αὐτῶν</span> <span class='ocrx_word' id='word_1_602' title='bbox 3393 4068 3712 4137; x_wconf 78' lang='grc' dir='ltr'>χιτωνίσκος</span> <span class='ocrx_word' id='word_1_603' title='bbox 3755 4067 3834 4117; x_wconf 78' lang='grc' dir='ltr'>ἔτι</span> <span class='ocrx_word' id='word_1_604' title='bbox 3868 4069 3933 4133; x_wconf 80' lang='grc' dir='ltr'>τῇ</span> <span class='ocrx_word' id='word_1_605' title='bbox 3990 4065 4066 4132; x_wconf 84' lang='grc' dir='ltr'><strong>γῇ</strong></span> 
     </span>
    </p>
   </div>
   <div class='ocr_carea' id='block_1_85' title="bbox 2494 4155 4068 4238">
    <p class='ocr_par' dir='ltr' id='par_1_85' title="bbox 2494 4155 4068 4238">
     <span class='ocr_line' id='line_1_85' title="bbox 2494 4155 4068 4238; baseline -0.008 -19"><span class='ocrx_word' id='word_1_606' title='bbox 2494 4166 2906 4238; x_wconf 70' lang='grc' dir='ltr'>προπεσύρετο·</span> <span class='ocrx_word' id='word_1_607' title='bbox 2960 4164 3060 4216; x_wconf 70' lang='grc' dir='ltr'><strong>οὐκ</strong></span> <span class='ocrx_word' id='word_1_608' title='bbox 3110 4162 3216 4229; x_wconf 80' lang='grc' dir='ltr'><strong>ἄρα</strong></span> <span class='ocrx_word' id='word_1_609' title='bbox 3264 4161 3349 4213; x_wconf 81' lang='grc' dir='ltr'>διὰ</span> <span class='ocrx_word' id='word_1_610' title='bbox 3388 4159 3565 4211; x_wconf 76' lang='grc' dir='ltr'>ταῦτα</span> <span class='ocrx_word' id='word_1_611' title='bbox 3618 4158 3751 4226; x_wconf 78' lang='grc' dir='ltr'>φαίη</span> <span class='ocrx_word' id='word_1_612' title='bbox 3796 4173 3877 4217; x_wconf 82' lang='grc' dir='ltr'><strong>τις</strong></span> <span class='ocrx_word' id='word_1_613' title='bbox 3907 4156 3974 4206; x_wconf 77' lang='grc' dir='ltr'><strong>ἂν</strong></span> <span class='ocrx_word' id='word_1_614' title='bbox 4005 4155 4068 4206; x_wconf 67' lang='grc' dir='ltr'><strong>εἰ)</strong></span> 
     </span>
    </p>
   </div>
   <div class='ocr_carea' id='block_1_86' title="bbox 2495 4246 4069 4328">
    <p class='ocr_par' dir='ltr' id='par_1_86' title="bbox 2495 4246 4069 4328">
     <span class='ocr_line' id='line_1_86' title="bbox 2495 4246 4069 4328; baseline -0.01 -16"><span class='ocrx_word' id='word_1_615' title='bbox 2495 4258 2709 4328; x_wconf 75' lang='grc' dir='ltr'>φρονῶν</span> <span class='ocrx_word' id='word_1_616' title='bbox 2758 4257 2867 4308; x_wconf 84' lang='grc' dir='ltr'>τῶν</span> <span class='ocrx_word' id='word_1_617' title='bbox 2917 4256 3029 4308; x_wconf 77' lang='grc' dir='ltr'>ἄνω</span> <span class='ocrx_word' id='word_1_618' title='bbox 3054 4252 3342 4305; x_wconf 74' lang='grc' dir='ltr'>λείπεσθαι</span> <span class='ocrx_word' id='word_1_619' title='bbox 3372 4251 3498 4313; x_wconf 78' lang='grc' dir='ltr'>τοὺς</span> <span class='ocrx_word' id='word_1_620' title='bbox 3534 4250 3821 4316; x_wconf 76' lang='grc' dir='ltr'>λαμπροὺς</span> <span class='ocrx_word' id='word_1_621' title='bbox 3863 4246 4069 4316; x_wconf 66' lang='grc' dir='ltr'>ἄνδρας</span> 
     </span>
    </p>
   </div>
   <div class='ocr_carea' id='block_1_87' title="bbox 2494 4351 2757 4410">
    <p class='ocr_par' dir='ltr' id='par_1_87' title="bbox 2494 4351 2757 4410">
     <span class='ocr_line' id='line_1_87' title="bbox 2494 4351 2757 4410; baseline -0.004 -8"><span class='ocrx_word' id='word_1_622' title='bbox 2494 4351 2757 4410; x_wconf 80' lang='grc' dir='ltr'>ἐκείνους.</span> 
     </span>
    </p>
   </div>
   <div class='ocr_carea' id='block_1_88' title="bbox 823 4431 4072 4521">
    <p class='ocr_par' dir='ltr' id='par_1_88' title="bbox 823 4431 4072 4521">
     <span class='ocr_line' id='line_1_88' title="bbox 823 4431 4072 4521; baseline -0.009 -6"><span class='ocrx_word' id='word_1_623' title='bbox 823 4465 1044 4521; x_wconf 86' lang='lat' dir='ltr'><strong>bantur,</strong></span> <span class='ocrx_word' id='word_1_624' title='bbox 1076 4469 1132 4512; x_wconf 91' lang='lat' dir='ltr'><strong>et</strong></span> <span class='ocrx_word' id='word_1_625' title='bbox 1173 4473 1203 4510; x_wconf 88' lang='lat' dir='ltr'><strong>a</strong></span> <span class='ocrx_word' id='word_1_626' title='bbox 1256 4456 1397 4509; x_wconf 82' lang='lat' dir='ltr'><strong>ccelo</strong></span> <span class='ocrx_word' id='word_1_627' title='bbox 1428 4462 1548 4507; x_wconf 90' lang='lat' dir='ltr'><strong>erat</strong></span> <span class='ocrx_word' id='word_1_628' title='bbox 1596 4450 1642 4504; x_wconf 91' lang='lat' dir='ltr'><strong>si</strong></span> <span class='ocrx_word' id='word_1_629' title='bbox 1677 4452 1800 4518; x_wconf 86' lang='lat' dir='ltr'><strong>quis</strong></span> <span class='ocrx_word' id='word_1_630' title='bbox 1827 4450 1966 4518; x_wconf 88' lang='lat' dir='ltr'><strong>ipsis</strong></span> <span class='ocrx_word' id='word_1_631' title='bbox 2012 4463 2133 4501; x_wconf 85' lang='lat' dir='ltr'><strong>erat</strong></span> <span class='ocrx_word' id='word_1_632' title='bbox 2164 4448 2397 4507; x_wconf 89' lang='lat' dir='ltr'><strong>amicus,</strong></span> <span class='ocrx_word' id='word_1_633' title='bbox 2439 4456 2753 4511; x_wconf 88' lang='lat' dir='ltr'><strong>quanquam</strong></span> <span class='ocrx_word' id='word_1_634' title='bbox 2821 4450 3100 4492; x_wconf 84' lang='lat' dir='ltr'><strong>terrenum</strong></span> <span class='ocrx_word' id='word_1_635' title='bbox 3168 4450 3360 4490; x_wconf 90' lang='lat' dir='ltr'><strong>eorum</strong></span> <span class='ocrx_word' id='word_1_636' title='bbox 3389 4433 3768 4489; x_wconf 89' lang='lat' dir='ltr'><strong>indumentum</strong></span> <span class='ocrx_word' id='word_1_637' title='bbox 3801 4435 3983 4489; x_wconf 87' lang='lat' dir='ltr'><strong>adhuc</strong></span> <span class='ocrx_word' id='word_1_638' title='bbox 4015 4431 4072 4487; x_wconf 90' lang='lat' dir='ltr'><strong>in</strong></span> 
     </span>
    </p>
   </div>
   <div class='ocr_carea' id='block_1_89' title="bbox 820 4530 4075 4617">
    <p class='ocr_par' dir='ltr' id='par_1_89' title="bbox 820 4530 4075 4617">
     <span class='ocr_line' id='line_1_89' title="bbox 820 4530 4075 4617; baseline -0.009 -6"><span class='ocrx_word' id='word_1_639' title='bbox 820 4568 970 4611; x_wconf 91' lang='lat' dir='ltr'><strong>terra</strong></span> <span class='ocrx_word' id='word_1_640' title='bbox 1029 4555 1413 4607; x_wconf 78' lang='lat' dir='ltr'><strong>rolutaretur:</strong></span> <span class='ocrx_word' id='word_1_641' title='bbox 1463 4564 1527 4602; x_wconf 92' lang='lat' dir='ltr'><strong>ac</strong></span> <span class='ocrx_word' id='word_1_642' title='bbox 1568 4556 1860 4617; x_wconf 87' lang='lat' dir='ltr'><strong>propterea</strong></span> <span class='ocrx_word' id='word_1_643' title='bbox 1928 4546 2179 4614; x_wconf 84' lang='lat' dir='ltr'><strong>quisquis</strong></span> <span class='ocrx_word' id='word_1_644' title='bbox 2253 4551 2455 4611; x_wconf 82' lang='lat' dir='ltr'><strong>sapiat.</strong></span> <span class='ocrx_word' id='word_1_645' title='bbox 2501 4540 2641 4592; x_wconf 87' lang='lat' dir='ltr'><strong>haud</strong></span> <span class='ocrx_word' id='word_1_646' title='bbox 2672 4536 2891 4606; x_wconf 89' lang='lat' dir='ltr'><strong>superis</strong></span> <span class='ocrx_word' id='word_1_647' title='bbox 2922 4535 3155 4589; x_wconf 89' lang='lat' dir='ltr'><strong>cessisse</strong></span> <span class='ocrx_word' id='word_1_648' title='bbox 3201 4532 3428 4586; x_wconf 77' lang='lat' dir='ltr'><strong>eximios</strong></span> <span class='ocrx_word' id='word_1_649' title='bbox 3463 4530 3585 4584; x_wconf 87' lang='lat' dir='ltr'><strong>illos</strong></span> <span class='ocrx_word' id='word_1_650' title='bbox 3611 4531 3864 4585; x_wconf 89' lang='lat' dir='ltr'><strong>homines</strong></span> <span class='ocrx_word' id='word_1_651' title='bbox 3921 4530 4075 4584; x_wconf 76' lang='lat' dir='ltr'><strong>allir-</strong></span> 
     </span>
    </p>
   </div>
   <div class='ocr_carea' id='block_1_90' title="bbox 823 4650 1072 4706">
    <p class='ocr_par' dir='ltr' id='par_1_90' title="bbox 823 4650 1072 4706">
     <span class='ocr_line' id='line_1_90' title="bbox 823 4650 1072 4706; baseline -0.024 0"><span class='ocrx_word' id='word_1_652' title='bbox 823 4650 1072 4706; x_wconf 68' lang='lat' dir='ltr'><strong>maverit.</strong></span> 
     </span>
    </p>
   </div>
   <div class='ocr_carea' id='block_1_91' title="bbox 904 4732 2585 4831">
    <p class='ocr_par' dir='ltr' id='par_1_91' title="bbox 904 4755 2585 4831">
     <span class='ocr_line' id='line_1_91' title="bbox 904 4755 2585 4831; baseline -0.007 -9"><span class='ocrx_word' id='word_1_653' title='bbox 904 4770 1297 4823; x_wconf 84' lang='lat' dir='ltr'><strong>Verumtamen</strong></span> <span class='ocrx_word' id='word_1_654' title='bbox 1353 4762 1557 4831; x_wconf 78' lang='lat' dir='ltr'><strong>duplex</strong></span> <span class='ocrx_word' id='word_1_655' title='bbox 1613 4774 1837 4829; x_wconf 90' lang='lat' dir='ltr'><strong>quoque</strong></span> <span class='ocrx_word' id='word_1_656' title='bbox 1882 4757 2190 4828; x_wconf 65' lang='lat' dir='ltr'><strong>purissimae</strong></span> <span class='ocrx_word' id='word_1_657' title='bbox 2248 4755 2397 4810; x_wconf 88' lang='lat' dir='ltr'><strong>illius</strong></span> <span class='ocrx_word' id='word_1_658' title='bbox 2430 4759 2472 4812; x_wconf 90' lang='lat' dir='ltr'><strong>D</strong></span> <span class='ocrx_word' id='word_1_659' title='bbox 2579 4760 2585 4797; x_wconf 71' lang='lat' dir='ltr'><strong>l</strong></span> 
     </span>
    </p>
   </div>
   <div class='ocr_carea' id='block_1_92' title="bbox 2394 4732 4075 4831">
    <p class='ocr_par' dir='ltr' id='par_1_92' title="bbox 2394 4732 4075 4818">
     <span class='ocr_line' id='line_1_92' title="bbox 2394 4732 4075 4818; baseline -0.01 -12"><span class='ocrx_word' id='word_1_660' title='bbox 2394 4789 2397 4804; x_wconf 86' lang='lat'>.</span> <span class='ocrx_word' id='word_1_661' title='bbox 2430 4759 2472 4812; x_wconf 89' lang='lat' dir='ltr'><strong>D</strong></span> <span class='ocrx_word' id='word_1_662' title='bbox 2579 4750 2654 4804; x_wconf 82' lang='grc' dir='ltr'><strong>Οὐ</strong></span> <span class='ocrx_word' id='word_1_663' title='bbox 2702 4749 2808 4818; x_wconf 78' lang='grc' dir='ltr'>μὴν</span> <span class='ocrx_word' id='word_1_664' title='bbox 2834 4745 2970 4800; x_wconf 85' lang='grc' dir='ltr'>ἀλλὰ</span> <span class='ocrx_word' id='word_1_665' title='bbox 2999 4743 3093 4796; x_wconf 65' lang='grc' dir='ltr'><strong>κα)⁸</strong></span> <span class='ocrx_word' id='word_1_666' title='bbox 3125 4743 3185 4795; x_wconf 74' lang='grc' dir='ltr'>τὸ</span> <span class='ocrx_word' id='word_1_667' title='bbox 3226 4732 3403 4795; x_wconf 84' lang='grc' dir='ltr'>διττὸν</span> <span class='ocrx_word' id='word_1_668' title='bbox 3449 4741 3546 4809; x_wconf 76' lang='grc' dir='ltr'>τῆς</span> <span class='ocrx_word' id='word_1_669' title='bbox 3582 4742 3883 4809; x_wconf 76' lang='grc' dir='ltr'>πανάγνου,</span> <span class='ocrx_word' id='word_1_670' title='bbox 3922 4741 4075 4814; x_wconf 72' lang='grc' dir='ltr'><strong>ψυχὴ</strong></span> 
     </span>
    </p>
   </div>
   <div class='ocr_carea' id='block_1_93' title="bbox 831 4852 2404 4920">
    <p class='ocr_par' dir='ltr' id='par_1_93' title="bbox 831 4852 2404 4920">
     <span class='ocr_line' id='line_1_93' title="bbox 831 4852 2404 4920; baseline -0.01 -4"><span class='ocrx_word' id='word_1_671' title='bbox 831 4860 1162 4920; x_wconf 70' lang='lat' dir='ltr'><strong>substantia,</strong></span> <span class='ocrx_word' id='word_1_672' title='bbox 1198 4856 1380 4909; x_wconf 87' lang='lat' dir='ltr'><strong>anima</strong></span> <span class='ocrx_word' id='word_1_673' title='bbox 1434 4854 1527 4907; x_wconf 89' lang='lat' dir='ltr'><strong>illa</strong></span> <span class='ocrx_word' id='word_1_674' title='bbox 1564 4852 1824 4905; x_wconf 77' lang='lat' dir='ltr'><strong>videlicet</strong></span> <span class='ocrx_word' id='word_1_675' title='bbox 1877 4861 1934 4903; x_wconf 91' lang='lat' dir='ltr'><strong>et</strong></span> <span class='ocrx_word' id='word_1_676' title='bbox 1994 4864 2213 4918; x_wconf 86' lang='lat' dir='ltr'><strong>corpus,</strong></span> <span class='ocrx_word' id='word_1_677' title='bbox 2269 4862 2404 4902; x_wconf 90' lang='lat' dir='ltr'><strong>con-</strong></span> 
     </span>
    </p>
   </div>
   <div class='ocr_carea' id='block_1_94' title="bbox 835 4939 2405 5023">
    <p class='ocr_par' dir='ltr' id='par_1_94' title="bbox 835 4939 2405 5023">
     <span class='ocr_line' id='line_1_94' title="bbox 835 4939 2405 5023; baseline -0.011 -19"><span class='ocrx_word' id='word_1_678' title='bbox 835 4962 1096 5023; x_wconf 78' lang='lat' dir='ltr'><strong>grucntcr</strong></span> <span class='ocrx_word' id='word_1_679' title='bbox 1128 4946 1497 5000; x_wconf 88' lang='lat' dir='ltr'><strong>ministerium</strong></span> <span class='ocrx_word' id='word_1_680' title='bbox 1527 4954 1640 4995; x_wconf 90' lang='lat' dir='ltr'><strong>tum</strong></span> <span class='ocrx_word' id='word_1_681' title='bbox 1669 4957 1698 4994; x_wconf 92' lang='lat' dir='ltr'><strong>a</strong></span> <span class='ocrx_word' id='word_1_682' title='bbox 1730 4939 2049 4995; x_wconf 62' lang='lat' dir='ltr'><strong>coelestibus</strong></span> <span class='ocrx_word' id='word_1_683' title='bbox 2085 4947 2197 4990; x_wconf 91' lang='lat' dir='ltr'><strong>tum</strong></span> <span class='ocrx_word' id='word_1_684' title='bbox 2232 4951 2262 4989; x_wconf 89' lang='lat' dir='ltr'><strong>a</strong></span> <span class='ocrx_word' id='word_1_685' title='bbox 2293 4946 2405 4989; x_wconf 83' lang='lat' dir='ltr'><strong>ter-</strong></span> 
     </span>
    </p>
   </div>
   <div class='ocr_carea' id='block_1_95' title="bbox 836 5027 2408 5108">
    <p class='ocr_par' dir='ltr' id='par_1_95' title="bbox 836 5027 2408 5108">
     <span class='ocr_line' id='line_1_95' title="bbox 836 5027 2408 5108; baseline -0.011 -9"><span class='ocrx_word' id='word_1_686' title='bbox 836 5044 1111 5099; x_wconf 88' lang='lat' dir='ltr'><strong>restribus</strong></span> <span class='ocrx_word' id='word_1_687' title='bbox 1144 5040 1418 5108; x_wconf 75' lang='lat' dir='ltr'><strong>exigebat.</strong></span> <span class='ocrx_word' id='word_1_688' title='bbox 1454 5038 1630 5103; x_wconf 83' lang='lat' dir='ltr'><strong>Atque</strong></span> <span class='ocrx_word' id='word_1_689' title='bbox 1670 5034 1745 5087; x_wconf 89' lang='lat' dir='ltr'><strong>ita</strong></span> <span class='ocrx_word' id='word_1_690' title='bbox 1778 5034 1960 5101; x_wconf 91' lang='lat' dir='ltr'><strong>reipsa</strong></span> <span class='ocrx_word' id='word_1_691' title='bbox 1990 5031 2191 5085; x_wconf 79' lang='lat' dir='ltr'><strong>factum</strong></span> <span class='ocrx_word' id='word_1_692' title='bbox 2212 5036 2317 5083; x_wconf 90' lang='lat' dir='ltr'><strong>est.</strong></span> <span class='ocrx_word' id='word_1_693' title='bbox 2339 5027 2408 5082; x_wconf 87' lang='lat' dir='ltr'><strong>Et</strong></span> 
     </span>
    </p>
   </div>
   <div class='ocr_carea' id='block_1_96' title="bbox 836 5121 2407 5204">
    <p class='ocr_par' dir='ltr' id='par_1_96' title="bbox 836 5121 2407 5204">
     <span class='ocr_line' id='line_1_96' title="bbox 836 5121 2407 5204; baseline -0.011 -15"><span class='ocrx_word' id='word_1_694' title='bbox 836 5138 926 5189; x_wconf 91' lang='lat' dir='ltr'><strong>illa</strong></span> <span class='ocrx_word' id='word_1_695' title='bbox 958 5136 1178 5204; x_wconf 91' lang='lat' dir='ltr'><strong>quidem</strong></span> <span class='ocrx_word' id='word_1_696' title='bbox 1220 5140 1379 5185; x_wconf 73' lang='lat' dir='ltr'><strong>terra:</strong></span> <span class='ocrx_word' id='word_1_697' title='bbox 1402 5127 1697 5182; x_wconf 86' lang='lat' dir='ltr'><strong>luminaria</strong></span> <span class='ocrx_word' id='word_1_698' title='bbox 1726 5134 1848 5177; x_wconf 90' lang='lat' dir='ltr'><strong>utut</strong></span> <span class='ocrx_word' id='word_1_699' title='bbox 1883 5122 1949 5177; x_wconf 90' lang='lat' dir='ltr'><strong>ad</strong></span> <span class='ocrx_word' id='word_1_700' title='bbox 1974 5121 2407 5193; x_wconf 60' lang='lat' dir='ltr'><strong>praestantiorem</strong></span> 
     </span>
    </p>
   </div>
   <div class='ocr_carea' id='block_1_97' title="bbox 840 5219 2411 5293">
    <p class='ocr_par' dir='ltr' id='par_1_97' title="bbox 840 5219 2411 5293">
     <span class='ocr_line' id='line_1_97' title="bbox 840 5219 2411 5293; baseline -0.014 -10"><span class='ocrx_word' id='word_1_701' title='bbox 840 5229 1241 5293; x_wconf 83' lang='lat' dir='ltr'><strong>sublimemque</strong></span> <span class='ocrx_word' id='word_1_702' title='bbox 1289 5224 1573 5275; x_wconf 85' lang='lat' dir='ltr'><strong>cohortem</strong></span> <span class='ocrx_word' id='word_1_703' title='bbox 1607 5225 1942 5287; x_wconf 81' lang='lat' dir='ltr'><strong>spectarent,</strong></span> <span class='ocrx_word' id='word_1_704' title='bbox 1986 5225 2169 5266; x_wconf 88' lang='lat' dir='ltr'><strong>tamen</strong></span> <span class='ocrx_word' id='word_1_705' title='bbox 2221 5219 2411 5279; x_wconf 90' lang='lat' dir='ltr'><strong>utpote</strong></span> 
     </span>
    </p>
   </div>
   <div class='ocr_carea' id='block_1_98' title="bbox 846 5302 2411 5369">
    <p class='ocr_par' dir='ltr' id='par_1_98' title="bbox 846 5302 2411 5369">
     <span class='ocr_line' id='line_1_98' title="bbox 846 5302 2411 5369; baseline -0.012 -1"><span class='ocrx_word' id='word_1_706' title='bbox 846 5328 1077 5369; x_wconf 70' lang='lat' dir='ltr'><strong>terrena:</strong></span> <span class='ocrx_word' id='word_1_707' title='bbox 1126 5312 1427 5363; x_wconf 89' lang='lat' dir='ltr'><strong>etiamnum</strong></span> <span class='ocrx_word' id='word_1_708' title='bbox 1472 5304 1812 5360; x_wconf 86' lang='lat' dir='ltr'><strong>conditionis</strong></span> <span class='ocrx_word' id='word_1_709' title='bbox 1854 5302 2227 5355; x_wconf 90' lang='lat' dir='ltr'><strong>ministerium</strong></span> <span class='ocrx_word' id='word_1_710' title='bbox 2282 5313 2411 5367; x_wconf 81' lang='lat' dir='ltr'><strong>erga</strong></span> 
     </span>
    </p>
   </div>
   <div class='ocr_carea' id='block_1_99' title="bbox 845 5391 2415 5476">
    <p class='ocr_par' dir='ltr' id='par_1_99' title="bbox 845 5391 2415 5476">
     <span class='ocr_line' id='line_1_99' title="bbox 845 5391 2415 5476; baseline -0.013 -13"><span class='ocrx_word' id='word_1_711' title='bbox 845 5403 1234 5476; x_wconf 87' lang='lat' dir='ltr'><strong>aspectabilem</strong></span> <span class='ocrx_word' id='word_1_712' title='bbox 1263 5401 1412 5454; x_wconf 91' lang='lat' dir='ltr'><strong>illius</strong></span> <span class='ocrx_word' id='word_1_713' title='bbox 1437 5413 1667 5453; x_wconf 73' lang='lat' dir='ltr'><strong>summa:</strong></span> <span class='ocrx_word' id='word_1_714' title='bbox 1699 5394 2028 5449; x_wconf 65' lang='lat' dir='ltr'><strong>venerandae</strong></span> <span class='ocrx_word' id='word_1_715' title='bbox 2058 5403 2267 5463; x_wconf 90' lang='lat' dir='ltr'><strong>partem</strong></span> <span class='ocrx_word' id='word_1_716' title='bbox 2294 5391 2415 5444; x_wconf 91' lang='lat' dir='ltr'><strong>obi—</strong></span> 
     </span>
    </p>
   </div>
   <div class='ocr_carea' id='block_1_100' title="bbox 851 5483 2415 5560">
    <p class='ocr_par' dir='ltr' id='par_1_100' title="bbox 851 5483 2415 5560">
     <span class='ocr_line' id='line_1_100' title="bbox 851 5483 2415 5560; baseline -0.011 -9"><span class='ocrx_word' id='word_1_717' title='bbox 851 5499 1002 5551; x_wconf 84' lang='lat' dir='ltr'><strong>bant.</strong></span> <span class='ocrx_word' id='word_1_718' title='bbox 1066 5497 1274 5550; x_wconf 69' lang='lat' dir='ltr'><strong>Divinze</strong></span> <span class='ocrx_word' id='word_1_719' title='bbox 1343 5507 1476 5546; x_wconf 83' lang='lat' dir='ltr'><strong>vero</strong></span> <span class='ocrx_word' id='word_1_720' title='bbox 1528 5490 1771 5560; x_wconf 80' lang='lat' dir='ltr'><strong>ejusdem</strong></span> <span class='ocrx_word' id='word_1_721' title='bbox 1836 5488 2034 5540; x_wconf 76' lang='lat' dir='ltr'><strong>anima:</strong></span> <span class='ocrx_word' id='word_1_722' title='bbox 2092 5483 2415 5537; x_wconf 81' lang='lat' dir='ltr'><strong>famulatum</strong></span> 
     </span>
    </p>
   </div>
   <div class='ocr_carea' id='block_1_101' title="bbox 785 5577 2421 5655">
    <p class='ocr_par' dir='ltr' id='par_1_101' title="bbox 785 5577 2421 5655">
     <span class='ocr_line' id='line_1_101' title="bbox 785 5577 2421 5655; baseline -0.012 -11"><span class='ocrx_word' id='word_1_723' title='bbox 785 5596 805 5655; x_wconf 71' lang='grc'>,⁷</span> <span class='ocrx_word' id='word_1_724' title='bbox 853 5590 1244 5650; x_wconf 78' lang='lat' dir='ltr'><strong>exhibuerunt,</strong></span> <span class='ocrx_word' id='word_1_725' title='bbox 1275 5592 1547 5655; x_wconf 90' lang='lat' dir='ltr'><strong>quotquot</strong></span> <span class='ocrx_word' id='word_1_726' title='bbox 1575 5590 1731 5635; x_wconf 89' lang='lat' dir='ltr'><strong>erant</strong></span> <span class='ocrx_word' id='word_1_727' title='bbox 1761 5580 2026 5633; x_wconf 63' lang='lat' dir='ltr'><strong>caelorum</strong></span> <span class='ocrx_word' id='word_1_728' title='bbox 2058 5577 2272 5639; x_wconf 67' lang='lat' dir='ltr'><strong>incolae,</strong></span> <span class='ocrx_word' id='word_1_729' title='bbox 2306 5583 2421 5628; x_wconf 90' lang='lat' dir='ltr'><strong>ter-</strong></span> 
     </span>
    </p>
   </div>
   <div class='ocr_carea' id='block_1_102' title="bbox 770 5667 2423 5747">
    <p class='ocr_par' dir='ltr' id='par_1_102' title="bbox 770 5667 2423 5747">
     <span class='ocr_line' id='line_1_102' title="bbox 770 5667 2423 5747; baseline -0.011 -11"><span class='ocrx_word' id='word_1_730' title='bbox 770 5712 773 5717; x_wconf 60' lang='grc' dir='ltr'><strong>ν</strong></span> <span class='ocrx_word' id='word_1_731' title='bbox 854 5694 1155 5747; x_wconf 76' lang='lat' dir='ltr'><strong>renamque</strong></span> <span class='ocrx_word' id='word_1_732' title='bbox 1188 5676 1559 5731; x_wconf 86' lang='lat' dir='ltr'><strong>conditionem</strong></span> <span class='ocrx_word' id='word_1_733' title='bbox 1584 5670 2116 5743; x_wconf 64' lang='lat' dir='ltr'><strong>praetergredicntcs.</strong></span> <span class='ocrx_word' id='word_1_734' title='bbox 2148 5667 2251 5721; x_wconf 84' lang='lat' dir='ltr'><strong>Sed</strong></span> <span class='ocrx_word' id='word_1_735' title='bbox 2280 5680 2335 5720; x_wconf 91' lang='lat' dir='ltr'><strong>et</strong></span> <span class='ocrx_word' id='word_1_736' title='bbox 2357 5681 2423 5719; x_wconf 81' lang='lat' dir='ltr'><strong>ex</strong></span> 
     </span>
    </p>
   </div>
   <div class='ocr_carea' id='block_1_103' title="bbox 852 5758 2421 5835">
    <p class='ocr_par' dir='ltr' id='par_1_103' title="bbox 852 5758 2421 5835">
     <span class='ocr_line' id='line_1_103' title="bbox 852 5758 2421 5835; baseline -0.011 -8"><span class='ocrx_word' id='word_1_737' title='bbox 852 5773 973 5827; x_wconf 83' lang='lat' dir='ltr'><strong>istis</strong></span> <span class='ocrx_word' id='word_1_738' title='bbox 1009 5770 1334 5826; x_wconf 78' lang='lat' dir='ltr'><strong>nobiliores.</strong></span> <span class='ocrx_word' id='word_1_739' title='bbox 1371 5776 1528 5825; x_wconf 86' lang='lat' dir='ltr'><strong>nuto.</strong></span> <span class='ocrx_word' id='word_1_740' title='bbox 1592 5766 2121 5835; x_wconf 70' lang='lat' dir='ltr'><strong>pt&#39;atstautioresquc</strong></span> <span class='ocrx_word' id='word_1_741' title='bbox 2172 5776 2297 5827; x_wconf 73' lang='lat' dir='ltr'><strong>erga</strong></span> <span class='ocrx_word' id='word_1_742' title='bbox 2337 5758 2421 5811; x_wconf 81' lang='lat' dir='ltr'><strong>di-</strong></span> 
     </span>
    </p>
   </div>
   <div class='ocr_carea' id='block_1_104' title="bbox 2500 4832 4077 4914">
    <p class='ocr_par' dir='ltr' id='par_1_104' title="bbox 2500 4832 4077 4914">
     <span class='ocr_line' id='line_1_104' title="bbox 2500 4832 4077 4914; baseline 0.004 -38"><span class='ocrx_word' id='word_1_743' title='bbox 2500 4845 2609 4914; x_wconf 58' lang='grc' dir='ltr'><strong>γάρ</strong></span> <span class='ocrx_word' id='word_1_744' title='bbox 2647 4840 2831 4907; x_wconf 65' lang='grc' dir='ltr'>εκείνη</span> <span class='ocrx_word' id='word_1_745' title='bbox 2857 4840 2949 4891; x_wconf 79' lang='grc' dir='ltr'><strong>καὶ</strong></span> <span class='ocrx_word' id='word_1_746' title='bbox 2984 4835 3165 4905; x_wconf 84' lang='grc' dir='ltr'>σῶμα,</span> <span class='ocrx_word' id='word_1_747' title='bbox 3198 4832 3546 4901; x_wconf 77' lang='grc' dir='ltr'>καταλλήλως</span> <span class='ocrx_word' id='word_1_748' title='bbox 3593 4832 3690 4902; x_wconf 81' lang='grc' dir='ltr'><strong>τὴν</strong></span> <span class='ocrx_word' id='word_1_749' title='bbox 3726 4833 4077 4903; x_wconf 65' lang='grc' dir='ltr'>λειτουργίαι</span> 
     </span>
    </p>
   </div>
   <div class='ocr_carea' id='block_1_105' title="bbox 2503 4923 4075 4993">
    <p class='ocr_par' dir='ltr' id='par_1_105' title="bbox 2503 4923 4075 4993">
     <span class='ocr_line' id='line_1_105' title="bbox 2503 4923 4075 4993; baseline -0.004 -8"><span class='ocrx_word' id='word_1_750' title='bbox 2503 4934 2566 4985; x_wconf 76' lang='grc' dir='ltr'>ἐκ</span> <span class='ocrx_word' id='word_1_751' title='bbox 2587 4949 2645 4984; x_wconf 89' lang='grc' dir='ltr'><strong>τε</strong></span> <span class='ocrx_word' id='word_1_752' title='bbox 2676 4930 2783 4982; x_wconf 84' lang='grc' dir='ltr'>τῶν</span> <span class='ocrx_word' id='word_1_753' title='bbox 2813 4930 2923 4982; x_wconf 83' lang='grc' dir='ltr'>ἄνω</span> <span class='ocrx_word' id='word_1_754' title='bbox 2953 4928 3046 4978; x_wconf 72' lang='grc' dir='ltr'><strong>καὶ</strong></span> <span class='ocrx_word' id='word_1_755' title='bbox 3077 4925 3229 4976; x_wconf 82' lang='grc' dir='ltr'>κάτω</span> <span class='ocrx_word' id='word_1_756' title='bbox 3272 4923 3473 4992; x_wconf 68' lang='grc' dir='ltr'>ἐζήτει,</span> <span class='ocrx_word' id='word_1_757' title='bbox 3514 4926 3578 4975; x_wconf 80' lang='grc' dir='ltr'><strong>Ὀ</strong></span> <span class='ocrx_word' id='word_1_758' title='bbox 3608 4923 3670 4993; x_wconf 77' lang='grc' dir='ltr'><strong>δὴ</strong></span> <span class='ocrx_word' id='word_1_759' title='bbox 3713 4926 3807 4976; x_wconf 73' lang='grc' dir='ltr'><strong>καὶ</strong></span> <span class='ocrx_word' id='word_1_760' title='bbox 3849 4925 4075 4992; x_wconf 83' lang='grc' dir='ltr'>γέγονε.</span> 
     </span>
    </p>
   </div>
   <div class='ocr_carea' id='block_1_106' title="bbox 2504 5012 4082 5085">
    <p class='ocr_par' dir='ltr' id='par_1_106' title="bbox 2504 5012 4082 5085">
     <span class='ocr_line' id='line_1_106' title="bbox 2504 5012 4082 5085; baseline -0.01 -10"><span class='ocrx_word' id='word_1_761' title='bbox 2504 5022 2618 5076; x_wconf 67' lang='grc' dir='ltr'><strong>Καὶ</strong></span> <span class='ocrx_word' id='word_1_762' title='bbox 2655 5021 2703 5071; x_wconf 76' lang='grc' dir='ltr'>οἱ</span> <span class='ocrx_word' id='word_1_763' title='bbox 2758 5019 2855 5085; x_wconf 78' lang='grc' dir='ltr'>μὲν</span> <span class='ocrx_word' id='word_1_764' title='bbox 2910 5014 3199 5083; x_wconf 81' lang='grc' dir='ltr'>φωστῆρες</span> <span class='ocrx_word' id='word_1_765' title='bbox 3253 5013 3452 5064; x_wconf 76' lang='grc' dir='ltr'>ἐκεῖνοι</span> <span class='ocrx_word' id='word_1_766' title='bbox 3499 5012 3577 5082; x_wconf 81' lang='grc' dir='ltr'><strong>τῷ</strong></span> <span class='ocrx_word' id='word_1_767' title='bbox 3630 5013 3945 5082; x_wconf 67' lang='grc' dir='ltr'>φαινομένῳ</span> <span class='ocrx_word' id='word_1_768' title='bbox 3980 5018 4082 5085; x_wconf 72' lang='grc' dir='ltr'>τῆς</span> 
     </span>
    </p>
   </div>
   <div class='ocr_carea' id='block_1_107' title="bbox 2509 5104 4084 5181">
    <p class='ocr_par' dir='ltr' id='par_1_107' title="bbox 2509 5104 4084 5181">
     <span class='ocr_line' id='line_1_107' title="bbox 2509 5104 4084 5181; baseline 0.004 -29"><span class='ocrx_word' id='word_1_769' title='bbox 2509 5113 2783 5181; x_wconf 67' lang='grc' dir='ltr'>παν-,τῖμον</span> <span class='ocrx_word' id='word_1_770' title='bbox 2822 5109 2919 5178; x_wconf 81' lang='grc' dir='ltr'><strong>τὴν</strong></span> <span class='ocrx_word' id='word_1_771' title='bbox 2953 5106 3231 5158; x_wconf 86' lang='grc' dir='ltr'>διακονίαν</span> <span class='ocrx_word' id='word_1_772' title='bbox 3262 5104 3690 5167; x_wconf 77' lang='grc' dir='ltr'>ἀποδεδώκασιν,</span> <span class='ocrx_word' id='word_1_773' title='bbox 3727 5104 3776 5155; x_wconf 79' lang='grc' dir='ltr'>οἳ</span> <span class='ocrx_word' id='word_1_774' title='bbox 3808 5104 4084 5173; x_wconf 74' lang='grc' dir='ltr'>δήπουθεν</span> 
     </span>
    </p>
   </div>
   <div class='ocr_carea' id='block_1_108' title="bbox 2510 5196 4085 5266">
    <p class='ocr_par' dir='ltr' id='par_1_108' title="bbox 2510 5196 4085 5266">
     <span class='ocr_line' id='line_1_108' title="bbox 2510 5196 4085 5266; baseline -0.01 -7"><span class='ocrx_word' id='word_1_775' title='bbox 2510 5207 2587 5258; x_wconf 74' lang='grc' dir='ltr'><strong>ἔτ’</strong></span> <span class='ocrx_word' id='word_1_776' title='bbox 2620 5207 2682 5256; x_wconf 80' lang='grc' dir='ltr'>ἐκ</span> <span class='ocrx_word' id='word_1_777' title='bbox 2716 5203 2824 5254; x_wconf 81' lang='grc' dir='ltr'><strong>τῶν</strong></span> <span class='ocrx_word' id='word_1_778' title='bbox 2867 5200 3037 5262; x_wconf 85' lang='grc' dir='ltr'>κάτω,</span> <span class='ocrx_word' id='word_1_779' title='bbox 3081 5200 3130 5248; x_wconf 87' lang='grc' dir='ltr'>εἰ</span> <span class='ocrx_word' id='word_1_780' title='bbox 3169 5197 3263 5248; x_wconf 70' lang='grc' dir='ltr'><strong>καὶ</strong></span> <span class='ocrx_word' id='word_1_781' title='bbox 3312 5196 3404 5262; x_wconf 80' lang='grc' dir='ltr'>τῆς</span> <span class='ocrx_word' id='word_1_782' title='bbox 3451 5198 3765 5262; x_wconf 80' lang='grc' dir='ltr'>κρείττονος</span> <span class='ocrx_word' id='word_1_783' title='bbox 3812 5199 3906 5246; x_wconf 68' lang='grc' dir='ltr'><strong>καὶ</strong></span> <span class='ocrx_word' id='word_1_784' title='bbox 3938 5196 4085 5266; x_wconf 69' lang='grc' dir='ltr'>ὑψη-</span> 
     </span>
    </p>
   </div>
   <div class='ocr_carea' id='block_1_109' title="bbox 2512 5286 4087 5366">
    <p class='ocr_par' dir='ltr' id='par_1_109' title="bbox 2512 5286 4087 5366">
     <span class='ocr_line' id='line_1_109' title="bbox 2512 5286 4087 5366; baseline -0.006 -18"><span class='ocrx_word' id='word_1_785' title='bbox 2512 5298 2611 5366; x_wconf 80' lang='grc' dir='ltr'>λῆς</span> <span class='ocrx_word' id='word_1_786' title='bbox 2648 5294 2946 5361; x_wconf 81' lang='grc' dir='ltr'>ἐτύγχανον</span> <span class='ocrx_word' id='word_1_787' title='bbox 2979 5290 3200 5359; x_wconf 81' lang='grc' dir='ltr'>μοίρας·</span> <span class='ocrx_word' id='word_1_788' title='bbox 3236 5291 3301 5356; x_wconf 82' lang='grc' dir='ltr'>τῇ</span> <span class='ocrx_word' id='word_1_789' title='bbox 3334 5288 3388 5339; x_wconf 82' lang='grc' dir='ltr'>δὲ</span> <span class='ocrx_word' id='word_1_790' title='bbox 3416 5287 3532 5354; x_wconf 77' lang='grc' dir='ltr'>θεία</span> <span class='ocrx_word' id='word_1_791' title='bbox 3560 5289 3774 5354; x_wconf 76' lang='grc' dir='ltr'>ἐκείνης</span> <span class='ocrx_word' id='word_1_792' title='bbox 3801 5286 3945 5355; x_wconf 73' lang='grc' dir='ltr'>ψυχῇ</span> <span class='ocrx_word' id='word_1_793' title='bbox 3983 5288 4087 5358; x_wconf 73' lang='grc' dir='ltr'><strong>τὴν</strong></span> 
     </span>
    </p>
   </div>
   <div class='ocr_carea' id='block_1_110' title="bbox 2515 5379 4089 5455">
    <p class='ocr_par' dir='ltr' id='par_1_110' title="bbox 2515 5379 4089 5455">
     <span class='ocr_line' id='line_1_110' title="bbox 2515 5379 4089 5455; baseline -0.008 -15"><span class='ocrx_word' id='word_1_794' title='bbox 2515 5383 2860 5455; x_wconf 82' lang='grc' dir='ltr'>λειτουργίαν</span> <span class='ocrx_word' id='word_1_795' title='bbox 2908 5382 3177 5444; x_wconf 72' lang='grc' dir='ltr'>ἐτέλεσεν,</span> <span class='ocrx_word' id='word_1_796' title='bbox 3230 5380 3355 5431; x_wconf 83' lang='grc' dir='ltr'>ὅσον</span> <span class='ocrx_word' id='word_1_797' title='bbox 3407 5379 3661 5447; x_wconf 70' lang='grc' dir='ltr'>οὐράνιόν</span> <span class='ocrx_word' id='word_1_798' title='bbox 3720 5395 3777 5429; x_wconf 83' lang='grc' dir='ltr'><strong>τε</strong></span> <span class='ocrx_word' id='word_1_799' title='bbox 3834 5381 3927 5430; x_wconf 76' lang='grc' dir='ltr'><strong>καὶ</strong></span> <span class='ocrx_word' id='word_1_800' title='bbox 3982 5382 4089 5450; x_wconf 69' lang='grc' dir='ltr'><strong>γῆς</strong></span> 
     </span>
    </p>
   </div>
   <div class='ocr_carea' id='block_1_111' title="bbox 2515 5468 4089 5546">
    <p class='ocr_par' dir='ltr' id='par_1_111' title="bbox 2515 5468 4089 5546">
     <span class='ocr_line' id='line_1_111' title="bbox 2515 5468 4089 5546; baseline -0.005 -15"><span class='ocrx_word' id='word_1_801' title='bbox 2515 5478 2817 5546; x_wconf 75' lang='grc' dir='ltr'>ὑπέρτερον</span> <span class='ocrx_word' id='word_1_802' title='bbox 2843 5470 2929 5543; x_wconf 80' lang='grc' dir='ltr'><strong>ἦν.</strong></span> <span class='ocrx_word' id='word_1_803' title='bbox 2972 5468 3143 5541; x_wconf 78' lang='grc' dir='ltr'>Οἶμαι</span> <span class='ocrx_word' id='word_1_804' title='bbox 3177 5471 3257 5529; x_wconf 81' lang='grc' dir='ltr'><strong>δὲ.</strong></span> <span class='ocrx_word' id='word_1_805' title='bbox 3311 5472 3406 5522; x_wconf 73' lang='grc' dir='ltr'><strong>καὶ</strong></span> <span class='ocrx_word' id='word_1_806' title='bbox 3441 5469 3644 5522; x_wconf 79' lang='grc' dir='ltr'>τούτων</span> <span class='ocrx_word' id='word_1_807' title='bbox 3675 5472 3725 5521; x_wconf 86' lang='grc' dir='ltr'><strong>οἰ</strong></span> <span class='ocrx_word' id='word_1_808' title='bbox 3761 5470 4089 5539; x_wconf 70' lang='grc' dir='ltr'>ὑψηλότεροι</span> 
     </span>
    </p>
   </div>
   <div class='ocr_carea' id='block_1_112' title="bbox 2515 5560 4085 5635">
    <p class='ocr_par' dir='ltr' id='par_1_112' title="bbox 2515 5560 4085 5635">
     <span class='ocr_line' id='line_1_112' title="bbox 2515 5560 4085 5635; baseline -0.011 -12"><span class='ocrx_word' id='word_1_809' title='bbox 2515 5571 2581 5623; x_wconf 75' lang='grc' dir='ltr'>ἂν</span> <span class='ocrx_word' id='word_1_810' title='bbox 2618 5570 2708 5621; x_wconf 79' lang='grc' dir='ltr'><strong>καὶ</strong></span> <span class='ocrx_word' id='word_1_811' title='bbox 2740 5566 3116 5635; x_wconf 78' lang='grc' dir='ltr'>λαμπρότεροι</span> <span class='ocrx_word' id='word_1_812' title='bbox 3162 5562 3484 5629; x_wconf 79' lang='grc' dir='ltr'>διακονῆσαι</span> <span class='ocrx_word' id='word_1_813' title='bbox 3518 5560 3831 5629; x_wconf 80' lang='grc' dir='ltr'>προσῆλθον</span> <span class='ocrx_word' id='word_1_814' title='bbox 3860 5564 3926 5630; x_wconf 80' lang='grc' dir='ltr'>τῇ</span> <span class='ocrx_word' id='word_1_815' title='bbox 3959 5560 4085 5631; x_wconf 63' lang='grc' dir='ltr'>θείᾳ</span> 
     </span>
    </p>
   </div>
   <div class='ocr_carea' id='block_1_113' title="bbox 2518 5649 4091 5732">
    <p class='ocr_par' dir='ltr' id='par_1_113' title="bbox 2518 5649 4091 5732">
     <span class='ocr_line' id='line_1_113' title="bbox 2518 5649 4091 5732; baseline -0.015 -16"><span class='ocrx_word' id='word_1_816' title='bbox 2518 5663 2701 5732; x_wconf 75' lang='grc' dir='ltr'>ἐκείνῃ</span> <span class='ocrx_word' id='word_1_817' title='bbox 2741 5660 2834 5711; x_wconf 68' lang='grc' dir='ltr'><strong>καὶ</strong></span> <span class='ocrx_word' id='word_1_818' title='bbox 2882 5657 3209 5725; x_wconf 55' lang='grc' dir='ltr'>παναμὼμτι</span> <span class='ocrx_word' id='word_1_819' title='bbox 3452 5649 3527 5706; x_wconf 63' lang='grc'><strong>0³5</strong></span> <span class='ocrx_word' id='word_1_820' title='bbox 3560 5654 3739 5723; x_wconf 75' lang='grc' dir='ltr'>χάριν,</span> <span class='ocrx_word' id='word_1_821' title='bbox 3767 5653 3877 5720; x_wconf 79' lang='grc' dir='ltr'><strong>ἐγώ</strong></span> <span class='ocrx_word' id='word_1_822' title='bbox 3910 5670 3963 5704; x_wconf 68' lang='grc' dir='ltr'><strong>τε</strong></span> <span class='ocrx_word' id='word_1_823' title='bbox 4000 5671 4091 5706; x_wconf 82' lang='grc' dir='ltr'><strong>νο-</strong></span> 
     </span>
    </p>
   </div>
   <div class='ocr_carea' id='block_1_114' title="bbox 2528 5746 4095 5825">
    <p class='ocr_par' dir='ltr' id='par_1_114' title="bbox 2528 5746 4095 5825">
     <span class='ocr_line' id='line_1_114' title="bbox 2528 5746 4095 5825; baseline -0.004 -20"><span class='ocrx_word' id='word_1_824' title='bbox 2528 5756 2688 5825; x_wconf 68' lang='grc' dir='ltr'>μέζω,</span> <span class='ocrx_word' id='word_1_825' title='bbox 2719 5757 2805 5804; x_wconf 79' lang='grc' dir='ltr'><strong>καί</strong></span> <span class='ocrx_word' id='word_1_826' title='bbox 2840 5754 2866 5803; x_wconf 81' lang='grc' dir='ltr'>ὁ</span> <span class='ocrx_word' id='word_1_827' title='bbox 2898 5751 3038 5811; x_wconf 64' lang='grc' dir='ltr'>θεῖος</span> <span class='ocrx_word' id='word_1_828' title='bbox 3070 5750 3253 5815; x_wconf 77' lang='grc' dir='ltr'>εἴρηκε</span> <span class='ocrx_word' id='word_1_829' title='bbox 3284 5747 3478 5798; x_wconf 74' lang='grc' dir='ltr'><strong>Δαόἔό·</strong></span> <span class='ocrx_word' id='word_1_830' title='bbox 3514 5746 3585 5797; x_wconf 82' lang='grc' dir='ltr'><em>Τὸ</em></span> <span class='ocrx_word' id='word_1_831' title='bbox 3620 5746 3943 5811; x_wconf 74' lang='grc' dir='ltr'><strong>πρόσωπόν</strong></span> <span class='ocrx_word' id='word_1_832' title='bbox 3972 5761 4095 5798; x_wconf 77' lang='grc' dir='ltr'><strong>σου</strong></span> 
     </span>
    </p>
   </div>
  </div>
