4258 6364
204 374 296 433 13Ὶ

1056 371 1315 432 SERMO
1358 371 1433 429 IN
1478 371 2022 433 DOIiMlTlONEM
2062 376 2126 436 Β.
2167 374 2228 434 ν.
2271 373 2561 436 ΜΛΗΜΞ.

3346 385 3453 441 138

202 485 631 539 λιτανεὺοιυσιι·
696 486 751 535 οι
808 481 1097 535 πλούσιοι
1159 482 1266 535 τοῦ
1320 481 1508 533 λαοῦ·
1555 483 1620 551 τῇ
1670 479 1776 533 τοῦ
1808 488 1883 541 Α“

1808 488 1851 541 Α
1882 480 2064 534 vinam
2096 482 2242 535 illam
2270 491 2327 537 et
2356 483 2921 541 immaculatissimam
2942 488 3186 543 animam
3207 488 3321 560 (13)
3352 489 3457 546 hoc

199 577 506 628 πλουσίου
555 576 709 643 φωνῇ
750 575 811 627 τὸ
842 574 1032 643 περιὸν
1090 574 1229 643 ὑπὲρ
1271 574 1395 632 τοὺς
1444 572 1634 635 ἄλλους
1679 572 1777 639 τῆς

197 666 404 736 ἀρετῆς
438 667 779 736 ὑποφαίνων.

1889 571 2141 641 perfungi
2173 573 2351 627 ollicio
2385 575 2625 646 aggressi
2655 584 2806 630 sunt.
2849 566 3048 647 Atque,
3073 588 3133 634 ιιι
3184 579 3320 634 mihi
3371 580 3454 634 vi-

1887 664 2072 726 detur,
2100 663 2241 716 hanc
2266 665 2337 718 ob
2359 679 2579 720 causam
2603 666 2770 720 etiam
2798 667 3023 723 divinus
3044 669 3209 725 David
3235 672 3417 742 inquit
3443 690 3457 725 :

206 759 422 812 Vultum
524 770 679 813 tuum
738 762 1163 830 deprecabuntur
1209 760 1392 813 divites
1448 758 1614 828 plebis
1667 759 1732 823 “,
1768 771 1864 812 eos
1901 758 2114 813 scilicet
2162 760 2383 813 divitum
2435 761 2659 818 nomine
2695 763 3010 833 designans,
3071 767 3167 834 qui
3227 768 3457 838 reliquis

196 857 407 909 virtute
438 857 863 911 antecellerent.

268 954 512 1021 Ἔμοιγε
555 953 611 1005 δὲ
651 954 799 1005 δοκεῖ
824 954 899 1015 ὥς
929 952 1050 1005 οὐδὲ
1090 952 1188 1020 τῆς
1232 950 1384 1003 κάτω
1411 949 1477 1003 ἂν
1512 952 1620 1003 τῶν
1645 951 1781 1001 ἀπο-

198 1045 405 1096 στόλων
438 1046 473 1109 ἠ
503 1043 879 1113 πολυύμνητος
907 1042 1203 1110 ἐπιδημίας
1235 1040 1452 1111 ἐδεήθη,
1486 1041 1581 1093 καὶ
1607 1038 1785 1101 οὕτως

198 1134 479 1205 αἰθερίας,
512 1136 564 1187 εί
593 1151 655 1199 γε
712 1136 789 1203 μὴ
837 1128 992 1195 οὗτος
1017 1128 1085 1203 ἦν
1116 1135 1143 1185 6
1188 1133 1415 1195 σκοπὸς,
1462 1132 1531 1184 ἶν’
1558 1132 1639 1184 ὅτι
1688 1132 1782 1183 καὶ

196 1227 470 1296 ἁγγελικὴ
498 1226 634 1295 πρὸς
660 1225 760 1294 τὴν
800 1225 1061 1294 τοιαύτην
1093 1224 1441 1292 λειτουργίαν
1469 1224 1779 1293 συνέδραμε

197 1318 590 1385 διακόσμησις,
619 1316 777 1384 δῆλον
815 1318 946 1386 ἡμῖν
986 1318 1235 1386 γένηται.
1281 1314 1376 1369 Ἐκ
1404 1314 1513 1384 γὰρ
1547 1313 1641 1367 τοῦ
1672 1329 1779 1381 φα·

201 1406 360 1475 νεροῦ
396 1406 554 1458 τοῦδε
584 1407 679 1459 καὶ
718 1406 865 1459 οὕτω
914 1406 1224 1477 παραδόξου
1275 1406 1427 1476 μένει
1476 1406 1570 1459 καὶ
1609 1404 1670 1457 τδ
1704 1404 1780 1473 μὴ

198 1500 487 1569 ὁρώμενον
549 1499 926 1568 ἀναμφίὸολον
970 1515 983 1527 ·
1035 1498 1289 1568 καθάπερ
1348 1499 1442 1551 καὶ
1493 1498 1520 1549 6
1568 1497 1781 1567 Σωτήρ,

211 1589 545 1657 Ἀφέωνταί
598 1605 728 1653 σοι,
770 1591 848 1659 τῷ
904 1590 1201 1660 παραλύτῳ
1265 1589 1484 1658 πρῶτον
1538 1590 1781 1658 εἴρηκεν,

199 1681 264 1729 ui
298 1680 583 1747 ἁμαρτίαι
613 1693 732 1732 σου
751 1694 766 1708 ·
800 1681 975 1733 ἐκεῖνο
1003 1680 1049 1733 δ’
1078 1680 1270 1732 ἔπειτα
1296 1680 1464 1747 σαφὲς
1485 1677 1782 1748 προτιθεὶς,

200 1773 315 1835 καὶ,
351 1765 556 1837 'Apai,
596 1771 919 1841 προσέταξε,
947 1772 1056 1824 τόν
1086 1772 1439 1836 κράϐὄατον.

266 2032 365 2086 lZ'.
410 2034 564 2086 Ἐπεὶ
592 2034 675 2097 δὲ,
704 2034 764 2086 δν
795 2036 1011 2105 εἴρηται
1056 2037 1282 2106 τρόπον,
1313 2038 1362 2088 οἱ
1404 2036 1646 2105 μαθηταὶ
1681 2035 1777 2088 τοῦ

196 2126 478 2176 Δεσπότου
534 2127 627 2178 καὶ
654 2129 681 2177 6
712 2127 899 2189 λοιπὸς
930 2128 1073 2197 ἱερὸς
1099 2128 1381 2195 σύλλογος,
1414 2128 1473 2180 ὃν
1505 2127 1721 2197 φθάσας
1753 2129 1781 2181 ὁ

193 2216 353 2276 λόγος
403 2217 738 2286 ἐγνώρισεν,
793 2219 1478 2288 ὑπερφυῶςδπαρέστησαν
1518 2223 1585 2291 τῇ
1639 2239 1779 2274 παν-

194 2304 371 2373 ἀγνῳ,
442 2304 521 2374 τῷ
571 2306 671 2373 μὲν
722 2306 1007 2375 παραδόξῳ
1041 2307 1137 2376 τῆς
1199 2308 1524 2379 συνδρομῆς,
1565 2310 1672 2379 ὅπη
1719 2326 1779 2362 τε

191 2395 347 2456 δπθτες
385 2396 485 2464 τῆς
516 2398 619 2464 γῆς
644 2396 778 2467 παρ’
820 2397 1068 2467 ἀλλήλων
1102 2399 1486 2467 μανθάνοντες,
1510 2400 1603 2453 καὶ⁵
1630 2402 1780 2465 ὅπως

192 2485 392 2552 ἁθρόον
442 2487 524 2548 εἰς
573 2489 769 2540 ταυτὸν
818 2491 883 2557 τῇ
950 2489 1121 2559 ἀερίῳ
1166 2490 1431 2559 συνῆλθον
1474 2492 1775 2563 διαρπαγῇ,

192 2575 405 2644 σφόδρα
430 2577 816 2646 τεθαυμάκασι
845 2580 941 2631 σύν
970 2598 1035 2646 γε
1078 2584 1142 2651 τῇ
1204 2585 1453 2653 μακαρία
1491 2584 1774 2654 Παρθένῳ.

191 2666 300 2717 Καὶ
343 2667 507 2720 τοῦτο
551 2668 609 2720 δὲ
653 2670 822 2722 Δαδὶδ
860 2671 887 2721 ὁ
938 2672 1212 2740 μακάριος
1235 2675 1648 2744 προεκρότησεν
1682 2678 1779 2727 ὲκ-

191 2757 431 2823 θειάξων
452 2778 467 2790 ·
504 2762 599 2826 Τίς
622 2761 693 2814 ἑν
724 2763 1010 2830 νεφέλαις
1041 2765 1404 2835 ίσωθήσεται
1424 2766 1515 2831 ’τῷ
1543 2768 1778 2836 Κυρ[ῳ;

259 3024 511 3092 Χάριτας
540 3024 596 3077 δὲ
628 3026 1065 3095 ὁμολογήσαντες
1093 3027 1170 3097 τῷ
1205 3029 1422 3099 Σωτῆρι
1467 3032 1567 3100 τῆς
1615 3030 1769 3083 αίθεο

192 3116 313 3183 pla;
347 3115 569 3184 ἐκείνης
602 3118 856 3186 πτήσεως
888 3118 1101 3170 πολλῶν
1128 3136 1187 3170 τε
1225 3119 1401 3172 ἄλλων
1448 3121 1633 3180 ἕνεκα.
1673 3126 1772 3177 καὶ

192 3207 273 3256 ὅτι
314 3206 394 3275 μὴ
434 3206 829 3275 ἑκδημήσασαν
868 3209 966 3279 τὴν
1016 3209 1399 3278 πολυύμνητον
1446 3212 1769 3278 κατέλαϐον,

194 3296 335 3348 ἀλλὰ
375 3297 470 3347 καὶ
511 3297 641 3348 ἰδεῖν
682 3299 761 3349 ἔτι
815 3298 1137 3367 περιοῦσαν,
1174 3300 1269 3351 καὶ
1321 3301 1654 3369 ἁγιασθῆναι
1705 3306 1771 3373 τῇ

194 3386 449 3455 διακονίᾳ
509 3387 817 3457 ὴξιὼθησαν
863 3391 1075 3460 ἐκείνῃ,
1127 3389 1352 3443 τοιαῦτα
1415 3393 1772 3461 προσεφθέγ-

195 3495 358 3543 γοντο
392 3482 460 3548 τῇ
491 3478 738 3550 Θεοτόκῳ
760 3496 775 3511 ο

262 3657 373 3711 lﬂ'.
407 3657 476 3710 Τί
503 3675 607 3725 σοι,
642 3659 927 3723 Δέσποινα,
955 3661 1180 3725 ὲπᾶιξιον
1212 3662 1331 3730 ἃνή
1373 3662 1570 3730 πηλίνη
1599 3680 1771 3733 προσ-

190 3750 445 3811 πλέξειεν
497 3751 741 3819 ἡμετέρα
805 3751 1058 3817 γλῶττα;
1101 3753 1258 3804 Ποῖον
1289 3748 1458 3816 αἶνον,
1494 3753 1551 3805 ὃν
1576 3755 1603 3805 ό
1644 3754 1767 3806 καθ’

192 3843 339 3908 ἡμεῖς
368 3842 609 3908 γεωργεῖ
640 3842 785 3904 νοῦς,
817 3844 938 3904 ταῖς
974 3844 1097 3902 σαῖς
1123 3841 1496 3909 ἀναλογοῦντα
1519 3844 1767 3914 δώσομεν

191 3933 453 3997 ἀγλαΐαις
484 3949 498 3995 ;
530 3932 663 3983 Τίνα
702 3932 897 4000 κρότον
944 3933 1156 4000 μεγάλα
1197 3934 1623 3999 διασαλπίζοντα
1657 3937 1769 4000 τοῖς

194 4025 307 4083 σοῖς
350 4022 881 4091 μεγαλουργήμασιν
927 4025 1130 4087 ἱκανῶς
1180 4026 1442 4096 ἀντηχεῖν
1474 4030 1765 4099 συγχωρή-

193 4127 398 4178 σομενς
435 4112 605 4175 Ποίας
650 4114 1063 4183 εὐπορήσαντες
1100 4117 1378 4186 εὐφημίας
1419 4120 1624 4190 ταύτην
1656 4123 1767 4174 τῶν

194 4200 304 4251 σῶν
333 4200 499 4263 ἀξίαν
538 4203 987 4273 ἐπιψηφιούμεθα
1019 4206 1384 4275 λαμπηδόνων
1411 4226 1425 4273 ;

256 4377 359 4428 Διὰ
393 4376 479 4439 σὲ,
514 4378 786 4446 Πάναγνε,
821 4382 1049 4452 οὐρανὸν
1076 4387 1104 4438 6
1126 4388 1402 4456 Δεσπότης
1437 4392 1753 4459 παρήγαγε,

1959 946 2132 1000 Porro
2154 961 2257 1017 ego
2290 945 2518 1015 quidem
2547 947 2626 1001 sic
2666 948 2869 1014 sentio,
2912 949 3054 1005 nihil
3086 966 3226 1022 opus
3266 953 3457 1017 fuisse,

1895 1044 1958 1088 ut
2006 1036 2467 1103 quemadmodum
2521 1037 2744 1091 aetherei
2790 1040 2963 1104 cives,
2996 1041 3075 1095 sic
3106 1051 3163 1095 et
3207 1058 3275 1097 ex
3313 1053 3461 1099 terra

1885 1127 1951 1180 ad
1981 1128 2392 1195 obsequendum
2431 1129 2648 1199 Virgini
2680 1131 2830 1183 omni
2864 1122 3075 1187 honore
3110 1132 3451 1204 dignissimae

1883 1218 2118 1287 apostoli
2144 1220 2530 1284 convenirent,
2572 1221 2677 1274 nisi
2712 1221 2818 1276 hoc
2872 1234 3176 1291 spectatum
3235 1228 3457 1291 fuisset.

1886 1318 1946 1362 ut
1979 1319 2169 1363 notum
2203 1310 2367 1365 nobis
2401 1311 2578 1377 ﬁeret,
2633 1314 2912 1384 angelicos
2958 1331 3181 1385 quoque
3233 1320 3461 1377 ordines

1883 1400 1950 1453 ad
1975 1400 2077 1453 hoc
2108 1400 2430 1454 obeundum
2458 1418 2656 1457 nmnus
2679 1406 3054 1461 concurrisse.
3087 1407 3166 1461 Ex
3197 1424 3266 1463 co
3287 1411 3458 1476 enim,

1883 1493 2029 1561 quod
2064 1491 2415 1547 manifestum
2466 1503 2551 1546 est
2602 1493 2858 1564 idemque
2909 1498 3047 1551 adeo
3099 1500 3459 1569 stupendum,

1886 1582 2099 1635 ﬁrmam
2129 1582 2293 1637 ﬁdem
2324 1583 2677 1653 indipiscitur
2706 1594 2762 1638 et
2800 1587 2960 1652 illud,
2995 1590 3141 1655 quod
3175 1590 3231 1644 in
3267 1593 3462 1648 oculos

1885 1685 1996 1723 non
2025 1670 2293 1735 incurrit;
2320 1673 2785 1741 quemadmodum
2819 1677 2987 1731 etiam
3028 1676 3278 1735 Salvator
3308 1683 3464 1752 prius

1890 1759 2032 1814 dixit
2070 1761 2413 1831 paralytico:
2455 1762 2816 1818 Remittuntur
2862 1768 2956 1821 tibi
3006 1779 3224 1838 peccata
3280 1776 3460 1839 tua";

1814 1829 1857 1889 Β
1886 1862 1942 1905 et
1971 1851 2171 1907 deinde
2218 1829 2375 1917 illud,
2432 1854 2580 1923 quod
2636 1856 2927 1926 perspicue
2975 1829 3332 1930 cernebatur,
3378 1829 3464 1919 in;

1885 1940 2096 2006 dicans,
2126 1946 2419 2014 praecepit:
2451 1944 2597 1999 Tolle
2626 1950 2915 2017 grabatum
2938 1951 3012 2009 "'.

1955 2033 2118 2087 XVII.
2189 2036 2489 2105 Postquam
2545 2053 2677 2108 ergo
2730 2040 2989 2110 discipuli
3047 2044 3296 2111 Domini,
3353 2067 3463 2121 qua

1884 2126 2125 2181 diximus
2163 2129 2398 2195 ratione,
2441 2140 2495 2185 et
2527 2132 2795 2202 reliquus,
2827 2151 2989 2204 quem
3018 2136 3073 2192 in
3106 2149 3462 2198 antecessum

1883 2233 2065 2273 sermo
2120 2223 2599 2287 commemoravit,
2666 2240 2823 2280 sacer
2877 2237 3096 2295 costus,
3158 2232 3362 2287 mirum
3405 2235 3463 2289 in

1881 2310 2104 2365 modum
2158 2328 2342 2367 coram
2378 2314 2604 2383 Virgine
2667 2317 2962 2384 purissima
3009 2321 3366 2389 adstiterunt,
3401 2336 3461 2381 et

1881 2402 2021 2456 alter
2052 2402 2278 2470 quidem
2310 2403 2378 2458 ab
2403 2405 2579 2459 altero
2609 2405 2890 2470 audiebat.
2930 2418 3047 2464 tum
3082 2414 3306 2469 ubinam
3340 2427 3460 2471 ter-

1880 2508 2067 2547 rarum
2129 2502 2471 2556 versaretur,
2523 2502 2639 2548 tum
2674 2499 2953 2565 quomodo
2995 2502 3051 2555 in
3092 2517 3275 2558 aerem
3317 2508 3460 2575 rapti

1882 2583 2023 2635 miro
2054 2583 2257 2636 itinere
2289 2583 2344 2635 in
2370 2583 2630 2637 eumdem
2660 2584 2841 2639 locum
2870 2589 3142 2658 extemplo
3174 2594 3463 2649 convenis-

1883 2683 2024 2735 sent,
2056 2673 2414 2728 vehementer
2438 2675 2600 2728 simul
2629 2691 2751 2730 cum
2787 2677 3012 2748 Virgine
3060 2681 3216 2736 beata
3246 2684 3457 2740 obstu-

1880 2775 2139 2833 puerunt.
2174 2764 2347 2819 Porro
2379 2764 2432 2818 id
2462 2781 2684 2837 quoque
2742 2768 2913 2822 David
2973 2770 3135 2826 valde
3177 2773 3461 2832 admirans

1878 2856 2009 2908 olim
2040 2855 2322 2911 cecinerat
2345 2856 2600 2926 inquiens
2630 2875 2643 2910 :
2670 2857 2800 2923 Quis
2829 2860 2883 2913 in
2913 2861 3132 2916 nubibus
3162 2866 3460 2933 aequabitur

1878 2946 2191 3001 Domino“?
3126 3000 3132 3006 .

1951 3038 2162 3094 Deinde
2204 3056 2332 3095 cum
2381 3044 2584 3112 gratias
2634 3044 2903 3101 Salvatori
2950 3050 3213 3105 concordi
3270 3054 3458 3109 animo

1876 3130 2291 3199 persolvissent,
2330 3141 2445 3187 tum
2480 3150 2581 3203 pro
2610 3136 2707 3191 illo
2736 3154 2835 3207 per
2858 3140 3065 3195 aatbera
3103 3143 3309 3209 volatu,
3342 3156 3457 3202 tum

1878 3234 1978 3287 pro
2022 3220 2147 3274 aliis
2198 3222 2389 3276 multis
2430 3223 2735 3291 beneflciis,
2769 3238 2884 3281 tum
2919 3231 3086 3285 etiam
3140 3234 3287 3303 quod
3315 3235 3454 3290 Vir-

1878 3311 2059 3379 ginem
2100 3326 2336 3379 prorsus
2364 3316 2729 3371 venerandam
2764 3320 3007 3375 nondum
3039 3338 3070 3377 e
3104 3327 3340 3381 terrenis
3368 3327 3455 3382 di-

1879 3416 2123 3469 gressam
2184 3405 2538 3472 reperissent,
2595 3408 2691 3462 sed
2733 3420 2789 3463 et
2819 3411 3011 3468 videre
3038 3416 3221 3471 adhuc
3250 3430 3453 3488 super-

1878 3491 2082 3556 stitem,
2120 3504 2174 3548 et
2204 3495 2518 3552 ministerio
2565 3497 2661 3554 illo
2710 3503 3045 3559 sanctiﬁcari
3081 3507 3231 3578 digni
3268 3509 3445 3566 habiti

1878 3583 2131 3647 luissent,
2174 3585 2324 3640 hisce
2355 3584 2646 3657 Deiparam
2677 3592 2912 3649 vocibus
2946 3597 3172 3653 allocuti
3201 3612 3332 3655 sunt

1943 3673 2129 3729 XVIII.
2189 3677 2361 3743 Quam
2416 3680 2539 3745 tibi,
2600 3697 2633 3735 o
2690 3683 2945 3752 Domina,
2989 3704 3276 3759 coronam,
3324 3710 3450 3764 qua:

1873 3766 2147 3835 condigna
2185 3777 2234 3822 te
2266 3770 2357 3835 sit,
2394 3781 2580 3827 texere
2618 3774 2765 3829 lutea
2797 3776 2982 3849 lingua
3013 3791 3204 3838 nostra
3235 3788 3443 3855 queat?

1873 3856 2155 3922 Quodnam
2181 3860 2526 3916 otl‘erendum
2558 3865 2655 3918 tibi
2682 3870 2993 3924 encomium
3025 3873 3263 3930 humana
3289 3892 3447 3934 mens

1872 3957 2057 4001 nostra
2124 3950 2408 4017 elaboret,
2481 3954 2650 4022 quod-
2711 3958 3104 4028 splendoribus
3174 3966 3288 4023 tuis
3345 3984 3445 4038 par

1870 4040 2130 4093 exsistat?
2158 4041 2331 4107 Quem
2362 4045 2613 4112 plausum
2649 4048 2826 4103 instar
2856 4053 3002 4107 tubae
3041 4056 3150 4111 alte
3178 4073 3443 4114 resonan—

1872 4139 1980 4182 tcm
2032 4129 2449 4199 magniﬁcentiis
2508 4135 2623 4190 tuis
2679 4147 2805 4206 apte
2864 4145 3200 4211 respondere
3249 4162 3441 4203 cense-

1871 4216 2087 4271 bimus?
2145 4218 2292 4284 Quas
2349 4223 2662 4292 excogitare
2729 4228 2923 4284 laudes
2976 4236 3323 4301 poterimus,
3376 4247 3438 4292 ut

1871 4309 2179 4378 quampiam
2214 4321 2306 4365 tuo
2333 4329 2632 4383 congruam
2664 4316 2863 4387 fulgori
2893 4321 3295 4381 decernamus?

1938 4400 2166 4468 Propter
2203 4411 2275 4462 te.
2321 4419 2355 4457 o
2396 4406 2710 4473 purissima,
2748 4409 3013 4468 Dominus
3057 4418 3256 4472 cmlum
3291 4436 3427 4477 con-

191 4470 291 4534 γῆν
336 4469 695 4535 ἐθεμελίωσε,
729 4471 1031 4540 θάλασσαν,
1081 4477 1252 4545 ἥλιον,
1303 4480 1464 4549 χάριν
1497 4498 1555 4534 τε
1595 4482 1761 4550 ἄλλην
1786 4510 1872 4570 υς

1748 4503 1841 4570 νυ
1869 4489 2030 4554 didit,
2061 4501 2261 4546 terram
2305 4494 2575 4562 fundavit,
2609 4516 2784 4567 mare,
2825 4504 3019 4570 solem,
3054 4518 3221 4575 atque
3268 4512 3429 4566 aliam

190 4562 279 4611 καὶ
332 4561 652 4628 σεμνότητα
692 4562 787 4614 καὶ
847 4566 1050 4634 κόσμον
1074 4590 1077 4591 ν
1103 4569 1398 4639 ὑπέστησε.
1448 4572 1545 4624 Διὰ
1575 4574 1634 4626 σὲ
1668 4576 1763 4627 καὶ

187 4652 304 4710 ὅσος
364 4651 502 4719 ἡμῖν
561 4651 824 4707 ἐννοεῖται
864 4655 1180 4727 διάκοσμος.
1216 4660 1287 4712 Σὺ
1342 4662 1449 4731 γὰρ
1501 4665 1534 4734 ή
1587 4683 1765 4736 παρα-

190 4740 396 4805 σχοῦσα
430 4742 571 4793 πᾶσι
626 4743 686 4795 τὸ
718 4744 965 4812 βέλτιον·
1015 4749 1110 4801 τοῦ
1159 4750 1215 4803 δὲ
1264 4752 1539 4820 βελτίονος
1582 4758 1763 4821 ἕνεκα,

189 4833 274 4880 καὶ
330 4830 429 4883 τοῦ
490 4830 550 4883 εὖ
615 4829 751 4886 εἶναι
804 4842 1011 4908 τυχεῖν,
1055 4844 1087 4911 ή
1143 4843 1323 4908 κτίσις
1370 4847 1645 4917 ὲξυφάνθη
1689 4851 1768 4919 τῷ

190 4922 432 4992 Ποιητῇ·
467 4923 557 4977 διὰ
610 4930 690 4990 σὲ,
741 4929 1117 5001 πολυύμνητε,
1181 4939 1276 4991 καὶ
1322 4940 1505 5009 ἡμεῖς,
1559 4943 1655 4994 καὶ
1705 4943 1765 4996 οὐ

188 5009 344 5061 τοῦτο
390 5010 579 5080 μόνον,
608 5016 744 5068 ἀλλᾶ
787 5022 879 5072 καὶ
931 5022 1023 5074 τὸν
1071 5024 1205 5079 Θεὸν
1252 5028 1498 5096 ἔγνωμεν
1544 5030 1633 5084 διὰ
1679 5031 1759 5095 σὲ,

190 5100 277 5149 καὶ
320 5099 541 5169 πλάνης
574 5105 977 5179 ἀπηλλάγημεν
1011 5114 1104 5165 καὶ
1138 5116 1352 5182 σκότου,
1387 5119 1481 5170 καὶ
1513 5120 1614 5190 τὴν
1652 5120 1762 5171 τῶν

189 5190 448 5258 ἀρῤήτων
498 5194 722 5260 ἀγαθῶν
756 5204 1131 5275 περιμένομεν
1182 5212 1415 5279 κτῆσιν·
1464 5213 1559 5266 καὶ
1590 5213 1638 5264 εἰ
1685 5214 1759 5283 μὴ

188 5281 277 5333 τοῦ
304 5282 474 5349 ζόφου
507 5285 760 5357 λυθῆναι,
793 5294 889 5346 καὶ
920 5294 1066 5350 οῦτω
1098 5300 1207 5351 τῶν
1237 5301 1394 5355 θείων
1439 5281 1757 5376 ὲμφορηθῆέ

1866 4581 2169 4648 quamlibet
2232 4596 2614 4655 venustatem,
2670 4600 2727 4644 et
2782 4592 2981 4659 decus,
3050 4608 3106 4651 et
3169 4613 3429 4657 ornatum

1867 4673 2080 4725 creavit
2118 4694 2128 4727 :
2166 4684 2390 4742 propter
2436 4688 2486 4733 te
2537 4690 2621 4734 est
2681 4683 2953 4753 quidquid
3001 4689 3212 4745 ordinis
3261 4697 3429 4747 menti

1865 4774 2068 4818 nostra:
2115 4766 2460 4823 obversatur.
2519 4771 2598 4824 Tu
2660 4775 2807 4828 enim
2848 4792 2929 4843 es,
2985 4794 3107 4847 quae
3157 4782 3430 4839 universis

1864 4856 2145 4909 meliorem
2213 4866 2415 4913 statum
2482 4868 2805 4932 comparasti
2864 4885 2875 4919 :
2939 4885 3065 4923 nam
3144 4884 3421 4929 creaturae

1864 4961 2052 5001 omnes
2089 4958 2147 5002 ut
2174 4949 2227 5001 in
2263 4952 2455 5005 melius
2489 4954 2841 5022 proﬁcerent,
2883 4967 2940 5013 et
2990 4970 3050 5014 ut
3110 4962 3425 5020 felicitatem

1873 5051 2329 5107 assequerentur,
2384 5058 2413 5096 a
2463 5046 2757 5101 Conditore
2819 5050 3098 5117 productae
3144 5065 3313 5108 sunt:
3374 5057 3427 5112 id
3492 5048 3493 5051 “

1873 5145 2006 5184 vero
2039 5142 2095 5185 et
2127 5148 2227 5188 nos
2258 5146 2481 5204 propter
2510 5146 2583 5200 te,
2617 5154 2650 5192 ο
2690 5140 3010 5209 dignissima
3043 5147 3194 5201 omni
3242 5147 3426 5215 laude,

1869 5222 2146 5276 consecuti
2191 5239 2410 5291 sumus;
2474 5242 2653 5297 neque
2702 5230 2805 5285 hoc
2857 5233 3057 5301 solum,
3116 5238 3211 5291 sed
3254 5239 3423 5293 Deum

1872 5311 2100 5380 insuper
2135 5328 2360 5384 propter
2392 5328 2444 5371 te
2482 5321 2857 5387 cognovimus,
2903 5333 2958 5378 et
3001 5326 3072 5380 ab
3122 5342 3310 5383 errore
3362 5346 3427 5386 ac

258 5397 297 5427 “
320 5398 471 5452 Psal.
503 5416 648 5467 xuv,
678 5403 763 5458 15.
844 5407 888 5438 ⁸⁸
918 5407 1053 5464 Luc.
1078 5428 1130 5477 v,
1187 5413 1277 5470 ΞΟ.
1318 5434 1323 5441 κ
1358 5416 1401 5447 ¹³
1431 5416 1567 5476 ibid.
1592 5418 1683 5473 24.
1763 5419 1803 5450 ¹⁵
1837 5420 1939 5476 Psa

641 5442 648 5465 ,
678 5403 763 5458 15.
844 5407 888 5438 ⁸⁸
918 5407 1053 5464 Luc.
1078 5428 1130 5477 v,
1187 5413 1277 5470 ΞΟ.
1318 5434 1323 5441 κ
1358 5416 1401 5447 ¹³
1431 5416 1567 5476 ibid.
1592 5418 1683 5473 24.
1763 5419 1803 5450 ¹⁵
1837 5420 1981 5477 Psal.
2012 5439 2265 5492 Lxxxvm,
2296 5428 2322 5478 7

1457 5559 1596 5616 Ant.
1630 5557 1923 5621 Ballerini
1956 5569 2141 5624 notae.

258 5663 1026 5771 alfl'fieﬁilﬁl‘llT-t‘l‘lllni—l-lflll
1056 5683 1550 5771 puritatemLtribui
1573 5688 1765 5742 anima:
1806 5688 2061 5763 Virginis,
2095 5694 2233 5751 adeo
2266 5704 2324 5750 ut
2353 5697 2492 5754 nihil
2549 5699 2911 5758 dubitandum
2970 5706 3061 5771 sit,
3094 5720 3162 5761 an
3186 5707 3252 5763 ad
3279 5706 3422 5764 inte-

193 5737 439 5800 gritatem
479 5738 799 5808 virginalem
823 5746 963 5802 forte
998 5737 1111 5806 haec
1144 5737 1468 5809 referantur.

400 5818 678 5892 Parnon.
712 5829 823 5893 Cn.
849 5841 1006 5894 cxx
1028 5842 1186 5904 XIX.

2958 5855 2991 5915 5
