4258 6364
825 370 925 432 143

1890 385 2181 447 lSlDUlll
2247 389 3012 455 TiiESSALONlCENSlS

3977 400 4083 465 ιλιι

816 489 1055 555 rissima,
1082 495 1446 564 potentizeque
1486 506 1589 551 tuae
1620 498 1729 568 jam
1779 498 1964 565 fuerit,
2021 512 2075 557 et
2142 505 2398 571 tristitiae,
2442 522 2548 573 qua
2611 526 2712 566 nos
2737 510 3024 579 allicimur,
3054 513 3917 587 disjeeisscnubem,gratiasque
3966 528 4091 577 tuas

815 582 1112 650 gustandas
1147 583 1309 639 nobis
1340 588 1604 654 praibere.

890 674 1014 728 XX.
1052 675 1188 728 Cum
1225 688 1406 731 autem
1468 682 1738 751 ejusmodi
1766 685 2009 755 alloquia
2037 689 2399 761 lacrymarum
2432 705 2475 760 Α

2432 705 2475 760 Α
2577 691 2654 745 K'.
2709 690 2863 743 Ἐπεὶ
2902 690 2959 743 δὲ
2987 693 3053 743 τὰ
3080 690 3309 745 τοιαῦτα
3331 695 3704 763 προσρήματα
3742 696 3997 763 δακρυων
4028 716 4086 753 τε

817 770 961 820 rivos
982 770 1372 836 exprimerent,
1405 774 1497 842 qui
1556 776 1809 831 intimum
1864 780 2169 848 prodebant
2235 785 2395 838 dolo-

815 872 952 920 rem,
983 875 1093 926 quo
1124 861 1293 913 divini
1330 879 1614 931 praecones
1650 869 1799 922 intus
1858 871 2182 937 urebantur,
2236 875 2393 930 beata

811 963 1031 1017 quoque
1062 951 1147 1002 illa
1172 952 1336 1027 Virgo
1369 955 1648 1022 paululum
1676 974 1867 1013 eorum
1893 977 1950 1016 se
1981 963 2157 1018 dolori
2195 980 2392 1020 conso-

810 1040 1396 1114 ciarit,lacrymasque
1456 1049 1635 1103 oculis
1696 1052 1914 1107 eﬂ‘udit.
1976 1054 2045 1108 At
2110 1058 2391 1112 tristitiam

817 1146 945 1184 mox
1047 1136 1277 1189 vincens
1326 1138 1500 1192 :Non
1550 1141 1936 1209 lacrymarum,
1997 1146 2190 1214 inquit,
2247 1166 2393 1204 nunc

828 1231 1045 1291 tempus
1068 1234 1173 1291 est,
1207 1244 1240 1280 υ
1270 1230 1474 1299 egregii
1508 1232 1742 1287 ministri
1774 1240 2088 1292 communis
2145 1242 2389 1293 omnium

812 1312 1061 1379 Domini,
1096 1332 1206 1371 non
1245 1333 1404 1373 causa
1441 1321 1622 1375 luctus
1655 1326 1907 1395 migratio
1937 1343 2054 1382 mea
2103 1340 2220 1397 est;
2280 1348 2390 1387 non

808 1419 1109 1471 provocare
1133 1408 1198 1461 ad
1266 1410 1505 1478 gemitus
1563 1414 1728 1470 debet
1784 1417 1840 1472 in
1898 1421 2067 1476 caelos
2117 1426 2387 1491 ascensio,

808 1512 988 1565 neque
1039 1512 1332 1554 mmrorem
1390 1489 1582 1571 parere
1605 1507 1673 1561 ad
1731 1506 2049 1565 Creatorem
2082 1515 2388 1584 Filiumque

808 1601 990 1639 meum
1022 1588 1310 1658 profectio.
1341 1591 1475 1646 lllud
1510 1611 1678 1649 unum
1708 1596 2004 1653 dolendum
2034 1601 2155 1665 fuit,
2202 1604 2387 1658 Judze-

808 1694 966 1732 orum
1015 1680 1277 1735 adversus
1323 1682 1664 1741 Salvatorem
1713 1689 1959 1745 insania:
2004 1692 2095 1747 illa
2163 1711 2388 1763 prorsus

810 1769 1002 1829 tristia,
1040 1785 1103 1823 ac
1128 1782 1325 1841 praeter
1353 1774 1434 1828 fas
1458 1791 1621 1831 omne
1655 1794 1720 1833 ac
1756 1780 1954 1851 legem,
2004 1785 2207 1853 quibus
2256 1788 2386 1843 odio

805 1860 1012 1927 percita
1039 1872 1290 1916 creatura
1346 1864 1398 1917 in
1448 1866 1767 1923 Creatorem
1825 1887 1984 1925 suum
2047 1874 2385 1932 debaccliata

804 1962 887 2006 est
916 1968 927 2002 :
962 1953 1050 2008 illa
1074 1970 1204 2010 sane
1238 1957 1289 2010 in
1333 1959 1660 2016 miserrimis
1718 1960 2382 2041 censendaXSalvatoris)

2505 783 2752 855 ῥεύματα
2784 783 3195 853 προσεξήντλει,
3232 784 3268 838 ἃ.
3297 785 3398 855 τῆς
3432 786 3582 838 ἐνδον
3614 786 3814 855 φλογὸς
3846 790 4086 855 ἄγγελος

2500 872 2569 946 ἦν
2601 876 2708 928 τῶν
2740 875 3114 945 θεοκηρύκων,
3158 877 3459 947 συνήλγησε
3494 879 3597 945 μὲν
3626 879 3720 932 ἐπὶ
3756 884 3951 951 μικρὸν
3986 886 4085 937 καὶ

2501 967 2533 1036 ἡ
2565 966 2834 1035 μακαρία,
2874 968 2969 1019 καὶ
3001 967 3236 1035 δάκρυον
3279 968 3551 1035 ἀπέσταξε
3604 970 3714 1021 τῶν
3741 970 4079 1040 ὀφθαλμῶνο

2500 1058 2767 1126 κρείττων
2818 1057 2875 1108 δὲ
2923 1057 3192 1125 γενομένη
3228 1056 3323 1109 τοῦ
3374 1059 3615 1125 πάθους,
3670 1061 3743 1114 Οὐ
3797 1061 4087 1131 δακρύων,

2499 1149 2687 1217 φησιν,
2718 1152 2746 1203 ό
2776 1149 2970 1217 παρὼν
2995 1150 3210 1217 καιρὸς,
3241 1150 3436 1217 ἀγαθοὶ
3470 1151 3563 1203 τοῦ
3597 1152 3775 1205 κοινοῦ
3803 1154 4083 1206 Δεσπότου

2497 1242 2730 1296 διάκονοι
2755 1258 2767 1270 °
2822 1243 2882 1294 οὺ
2927 1243 3156 1303 πένθους
3205 1242 3523 1313 ὑπόθεσιςή
3560 1244 3668 1313 ἐμὴ
3703 1247 4040 1314 μετάστασις
4067 1262 4083 1276 ο

2498 1335 2559 1387 οὐ
2606 1338 2887 1403 ποιητικδν
2936 1336 3256 1405 στεναγμῶν
3292 1337 3324 1403 ἡ
3362 1336 3498 1405 πρὸς
3541 1337 3806 1404 οὐρανοὺς
3850 1338 4082 1401 ἄνοδος·

2496 1425 2558 1477 οὐ
2607 1424 2908 1494 κατηφείας
2960 1424 3135 1476 αἴτιον
3166 1426 3199 1494 ἡ
3234 1425 3366 1493 πρὸς
3409 1424 3499 1476 τὸν
3548 1424 3789 1494 Κτίστην
3831 1426 3924 1477 καὶ
3959 1426 4082 1476 υἱὸν

2497 1514 2630 1581 ἐμὸν
2654 1513 3020 1584 ἀναχώρησις.
3060 1516 3268 1568 Ἐκεῖνο
3294 1514 3454 1584 μόνον
3479 1515 3585 1567 τῶν
3612 1516 3957 1587 σκυθρωπῶν
3981 1513 4077 1587 ἦν,

2496 1606 2528 1674 ἡ
2594 1606 2722 1674 περὶ
2768 1606 2860 1659 τὸν
2911 1607 3137 1676 Σωτῆρα
3187 1608 3448 1677 παροινία
3498 1608 3608 1662 τῶν
3651 1609 3950 1662 Ἰουδαίων·
4006 1612 4081 1661 τὰ

2497 1697 2725 1764 ἀλγεινά
2774 1699 2978 1763 ἐκεῖνα,
3012 1700 3105 1751 καὶ
3140 1699 3295 1768 δίκης
3324 1699 3430 1763 ἔξω
3459 1702 3553 1752 καὶ
3582 1702 3785 1771 νόμων,
3817 1697 3905 1756 οἷα
3936 1706 4084 1759 κατὰ

2498 1788 2593 1841 τοῦ
2658 1789 2906 1842 Πλάστου
2975 1790 3036 1841 τὸ
3091 1791 3329 1860 ἀπεχθές
3379 1791 3747 1862 ἐξεϐάκχευσε
3810 1794 4080 1865 πλάσμα’

2493 1883 2667 1935 ἐκεῖνο
2710 1883 2820 1935 τῶν
2870 1883 3077 1952 σφόδρα
3129 1884 3392 1953 ἀνιαρῶν,
3437 1887 3471 1954 ὴ
3514 1885 3875 1955 γύμνωσις,ἰ;
3908 1888 4078 1957 στρέ-

2492 1975 2725 2038 6λωσις,
2775 1977 2832 2028 αἱ
2881 1976 3169 2045 μάστιγες,
3213 1978 3260 2028 οἱ
3294 1978 3648 2047 ἐμπαιγμοὶ,
3686 1980 3780 2030 καὶ
3821 1979 3997 2041 τέλος,
4028 1979 4077 2031 ὣ

804 2044 1124 2109 denudatio,
1165 2057 1394 2114 tortura,
1424 2047 1613 2120 ﬂagra,
1679 2053 1938 2120 ludibria,
1992 2074 2056 2113 ac
2124 2061 2383 2131 denique,
2417 2065 2459 2120 Β

2417 2065 2459 2120 Β
2488 2068 2559 2135 γῆ
2596 2070 2690 2120 καὶ
2740 2044 2893 2138 ἦλιεί
2927 2069 2955 2121 ό
3003 2044 3468 2132 ἀπευκταιότατος
3492 2044 3755 2135 θάνατος.
3803 2070 3912 2124 Ποῦ
3948 2072 4007 2124 δὲ
4037 2073 4077 2142 ἡ

804 2146 1003 2190 eterra
1032 2145 1087 2190 et
1121 2137 1243 2189 sol!
1294 2154 1443 2194 mors
1492 2143 1740 2197 omnium
1797 2149 2097 2205 teterrima.
2154 2152 2385 2207 Ubinam

804 2243 934 2281 vero
965 2228 1164 2298 injuria
1197 2230 1265 2284 iis
1287 2231 1435 2285 illata
1468 2233 1490 2285 ?
1528 2235 1673 2290 Nihil
1712 2253 1842 2292 sane
1881 2249 2009 2295 tunc
2040 2242 2382 2311 habuerunt,

802 2319 949 2386 quod
986 2334 1389 2391 quererentur;
1436 2336 1491 2381 et
1544 2328 1943 2385 beneﬁciorum
2005 2336 2261 2391 cumulus
2322 2354 2387 2393 ac

799 2421 1238 2481 perpetratorum
1268 2417 1657 2473 miraculorum
1677 2423 1890 2477 novitas
1903 2425 2145 2479 animum
2168 2443 2383 2495 eorum,

801 2514 921 2557 utut
955 2504 1363 2573 pravissimum,
1391 2510 1458 2563 ad
1512 2512 1951 2569 emendationem
1988 2519 2382 2583 provocabant.

2486 2158 2677 2229 ὒ6ρις;
2715 2159 2880 2213 Ἔνθα
2917 2160 3083 2229 μηδὲν
3113 2161 3239 2230 μήτ’
3290 2160 3543 2227 ἐγκαλεῖν
3593 2158 3767 2231 εἷχοψ
3817 2164 3912 2215 καὶ
3960 2164 4075 2215 τῶν

2485 2252 2870 2321 εὐεργεσιῶνή
2915 2252 3147 2322 πληθὺς,
3190 2254 3284 2306 καὶ
3318 2256 3350 2324 ὴ
3383 2256 3491 2307 τῶν
3526 2256 3773 2324 σημείων
3818 2274 4075 2309 καινοτο-

2487 2342 2616 2410 μία,
2656 2342 2759 2395 κᾶν
2781 2341 2880 2412 τὴν
2906 2344 3284 2415 πονηροτάτην
3314 2347 3785 2416 ἐπηνωρθώσαντο
3816 2348 4071 2418 γνώμην.

2484 2431 2567 2483 Τὰ
2594 2432 2649 2485 δέ
2678 2435 2796 2503 μετ’
2822 2435 3004 2487 ἐκεῖνα
3027 2437 3122 2487 καὶ
3150 2436 3279 2505 περὶ
3303 2438 3450 2505 ἡμᾶς
3477 2438 3654 2491 πάντα
3682 2457 3746 2508 χα
3760 2439 3849 2509 ρὰ,
3875 2440 4063 2509 ἡδονὴ,

2483 2524 2697 2593 τέρψις,
2729 2525 2914 2597 ἑορτὴ,
2947 2526 3115 2597 λευκή
3146 2545 3228 2588 τις
3257 2528 3461 2598 ἡμέρα.

798 2597 930 2662 Qum
962 2614 1126 2667 porro
1163 2600 1454 2656 subsecuta
1515 2614 1645 2658 sunt
1690 2607 1854 2660 etiam
1914 2611 2093 2678 quoad
2149 2628 2270 2679 nos,
2299 2617 2483 2672 omnia
2517 2619 2801 2689 gaudium,
2868 2621 3226 2691 voluptatem,
3288 2623 3710 2691 jucunditalem,
3796 2624 4069 2691 laetitiam,

799 2711 1056 2750 serenum
1088 2698 1378 2766 quemdam
1413 2700 1556 2756 diem
1593 2702 1819 2759 habent.

869 2787 1010 2852 Quid
1061 2788 1258 2850 enim?
1315 2790 1510 2845 Annon
1597 2804 1816 2849 sanctos
1880 2799 2102 2868 angelos
2158 2802 2383 2859 cernitis

799 2897 946 2935 nunc
970 2882 1222 2937 alacriter
1254 2882 1628 2948 advenientes,
1670 2896 1725 2939 et
1747 2887 1927 2941 lzrtum
1955 2890 2084 2957 quid
2138 2894 2380 2963 undique

799 2972 1157 3041 explicantes,
1178 2990 1288 3042 quo
1318 2984 1373 3027 el.
1404 2974 1771 3041 dulcedinem,
1792 2989 1847 3033 et
1869 2979 2289 3049 benignitatem,
2322 2994 2377 3040 et

798 3063 1074 3117 lenitatem
1104 3080 1213 3132 prae
1239 3073 1414 3119 semet
1458 3064 1661 3130 ferunt,
1713 3068 1908 3138 hisque
1969 3087 2070 3126 nos
2131 3077 2389 3128 suaviter

798 3154 1176 3222 alloquuntur,
1211 3163 1263 3207 et
1311 3155 1502 3224 ingens
1551 3159 1704 3225 quid,
1774 3175 1955 3213 meum
2008 3178 2204 3233 nempe
2245 3166 2374 3220 hinc

797 3248 1096 3298 discessum
1116 3246 1369 3300 nuntiant
1396 3248 1417 3299 ?
1441 3248 1634 3301 Annon
1691 3250 1963 3318 justorum
1993 3254 2190 3309 videtis
2210 3272 2369 3311 exer-

796 3334 982 3399 ritum,
1016 3336 1303 3405 splendore
1324 3338 1791 3405 circumamiclos,
1811 3357 1874 3395 ac
1896 3344 2063 3397 veluti
2089 3346 2368 3413 salientes,

793 3431 1146 3493 exsultantes,
1171 3433 1345 3486 amice
1377 3435 1732 3503 alloquentes,
1763 3440 2374 3507 meamquedissolutio-

776 3533 914 3589 ‘nem
948 3522 1377 3588 exspectantes?
1427 3522 1580 3575 llaud
1608 3535 2036 3580 consentaneum
2071 3536 2154 3581 est
2182 3530 2365 3599 igitur,

776 3594 819 3661 a
849 3610 1206 3678 praesentibus
1263 3621 1315 3665 ct
1377 3613 1584 3681 angelis
1645 3624 1698 3667 et
1750 3616 1951 3670 sanctis
2006 3616 2226 3672 dissona
2273 3635 2367 3675 seu

789 3701 992 3755 sentire
1016 3717 1107 3755 seu
1134 3718 1411 3772 peragere,
1434 3714 1529 3757 aut
1555 3704 1721 3759 flendi
1747 3722 1809 3761 ac
1842 3708 2178 3764 lantcnlandi
2230 3720 2366 3765 tem-

791 3809 891 3858 pus
921 3808 1147 3848 censere
1176 3800 1305 3847 tunc
1355 3794 1568 3858 adesse,
1623 3798 1844 3865 quando
1898 3802 2148 3856 cozlestes
2180 3818 2370 3859 omnes

787 3883 949 3935 simul
999 3898 1125 3936 cum
1163 3883 1688 3940 Creatorelaatitiam
1728 3900 1933 3959 agunt;
1966 3908 2142 3961 neque
2166 3910 2261 3962 par
2286 3906 2369 3949 cst

786 3972 1050 4043 lugubres
1086 3983 1280 4028 cantus
1308 3976 1581 4044 persequi,
1612 3979 1829 4045 quando
1855 3978 2053 4034 festum
2080 3999 2203 4036 cum
2233 4001 2365 4053 gau-

790 4065 882 4116 dio
910 4064 1300 4119 celebrandum
1324 4076 1426 4119 est.
1469 4067 1621 4121 Haud
1646 4085 1863 4138 aequum
1902 4083 2004 4137 est,
2039 4077 2152 4129 haec
2174 4077 2368 4144 quovis

789 4157 980 4221 plausu
1009 4166 1173 4225 atque
1202 4158 1567 4211 exsultatione
1609 4161 1977 4228 splendidiora
2002 4164 2364 4235 lacrymarum

785 4243 1051 4296 effusione
1096 4244 1458 4307 obnubilare,
1520 4261 1701 4315 neque
1756 4249 1862 4303 \‘ilc
1909 4251 2038 4318 quid
2075 4268 2137 4307 ac
2187 4255 2363 4309 tristia

789 4345 969 4388 mente
1046 4338 1251 4403 agitare
1306 4344 1399 4387 aut
1452 4336 1598 4405 loqui
1645 4340 1918 4407 congruit,
1962 4342 2099 4395 Ilum
2156 4345 2364 4399 ratione

788 4426 1050 4479 ineﬂubili
1077 4438 1130 4480 et
1158 4441 1278 4493 qua:
1317 4427 1487 4480 Deum
1531 4427 1920 4493 deceat,'nunc
1980 4448 2198 4503 quoque
2251 4437 2365 4505 ipse

713 4566 725 4579 ί
787 4513 947 4567 nobis
979 4529 1218 4581 praasens
1247 4530 1369 4567 cum
1401 4515 1690 4570 innumero
1743 4520 2030 4587 spirituum
2058 4525 2359 4579 caelestium

2554 2797 2630 2854 Ἦ
2669 2802 2767 2870 οὐχ
2806 2802 2969 2869 ὁρᾶτε
3021 2801 3114 2852 νῦν
3153 2801 3412 2870 φαιδροὺς
3450 2803 3575 2864 τοὺς
3613 2802 3790 2872 ἱεροὺς
3822 2820 4073 2874 παραγε-

2479 2892 2735 2961 νομένους
2783 2890 3067 2959 ἀγγέλους,
3128 2890 3219 2942 καὶ
3247 2890 3582 2960 πολλαχόθεν
3621 2893 3682 2944 τὸ
3714 2894 3907 2963 χάριεν
3942 2898 4067 2948 ἐπι-

2475 2981 2884 3051 δεικνυμένους,
2922 2980 2988 3032 δι’
3015 2976 3087 3034 ὧν
3121 2997 3180 3033 τε
3206 2982 3239 3050 ἡ
3273 2981 3555 3050 γλυκύτης
3586 2988 3679 3035 καὶ
3705 2984 3764 3033 τὸ
3790 2987 4069 3055 προσηνὲς

2475 3075 2660 3135 αὐτοῖς
2708 3072 3042 3143 ἐπικάθηται
3072 3074 3167 3125 καὶ
3213 3075 3407 3141 πρᾶον,
3454 3075 3547 3126 καὶ
3578 3074 3643 3127 δι’
3682 3070 3757 3129 ὧν
3790 3079 3922 3147 ἡμῖν
3961 3080 4067 3149 ἡδὺ

2475 3161 2858 3231 προσλαλοῦσι,
2906 3163 3001 3213 καὶ
3035 3162 3177 3231 ἱερόν
3204 3180 3257 3215 τι
3287 3164 3478 3233 χρῆμα
3506 3164 3604 3234 τὴν
3639 3167 3906 3237 ἐκδημίαν
3952 3188 4065 3240 μγ,-

2475 3250 2724 3317 νόουσιν;
2758 3254 2868 3322 Οὐχ
2902 3254 3065 3323 ὁρᾶτε
3105 3257 3367 3323 στρατιὰν
3406 3256 3511 3308 τῶν
3543 3256 3789 3322 δικαίων,
3828 3260 4064 3332 λαμπρὰ

2479 3343 2977 3412 περιόεὸλημένην,
3022 3346 3116 3397 καὶ
3146 3342 3259 3400 οἷον
3288 3347 3621 3414 σκιρτῶσαν,
3650 3350 4058 3420 ἀγαλλομένην,

2478 3434 2622 3503 ουμή
2635 3452 2699 3504 pr;
2720 3435 3263 3505 προσφθεγγομένην,
3292 3438 3498 3506 καὶτὴν
3528 3438 3667 3508 ἐμὴν
3692 3440 4061 3513 ἐκδεχομένην

2474 3523 2771 3589 ἀνάλυσιν;
2804 3525 2919 3577 Οὐκ
2950 3526 3057 3595 ἄρα
3084 3526 3467 3589 τάναντίαηκαὶ
3500 3533 3717 3597 φρονεῖν
3750 3532 3845 3583 καλ⁵
3874 3538 4059 3588 ποιεῖν

2472 3611 2581 3663 τῶν
2630 3613 2953 3680 ἐφεστώτων
2988 3615 3085 3669 καὶ
3123 3616 3373 3684 ἀγγέλων
3417 3619 3511 3669 καὶ
3545 3620 3715 3685 ἁγίων
3747 3625 4054 3693 προσῆκεν,

2472 3702 2532 3753 ού
2587 3704 2892 3772 τραγῳδίας
2953 3707 3145 3775 καιρὶν
3198 3705 3445 3759 τίθεσθαι
3505 3709 3598 3760 καὶ
3640 3708 3913 3779 ὀδυρμῶν,
3964 3718 4054 3770 ὅτε

2474 3794 2760 3865 συγχαίρει
2801 3796 2878 3865 τῷ
2933 3796 3151 3867 Πλάστῃ
3216 3798 3284 3850 τὰ
3336 3797 3724 3867 ύπερκόσμια·
3785 3805 3904 3873 οὐχ,
3962 3809 4056 3862 ὅτε

2472 3884 2865 3953 πανηγυρίζειν
2939 3886 3048 3940 ἔδει
3146 3889 3499 3959 χαρμόσυνα,
3578 3890 3840 3963 πενθικὴν
3906 3896 4058 3971 ᾠδὴν

2475 3977 2872 4056 ἀναϐάλλεσθαι
2905 3983 3033 4051 χρὴ.
3070 3985 3143 4034 Ού
3175 3983 3243 4036 τὰ
3284 3988 3479 4055 κρότου
3526 3992 3726 4054 παντὸς
3770 3992 3858 4046 καὶ
3892 4010 4050 4063 σκιρ-

2469 4053 2750 4135 τημάτων
2799 4070 3155 4144 λαμπρότερα
3209 4053 3430 4146 ἐκχύσει
3483 4080 3696 4151 θρήνων
3758 4053 4051 4154 aucupo-3V

2468 4155 2649 4219 ἄξιον·
2690 4160 2789 4211 οὐκ
2832 4162 3059 4233 ἀρρήτῳ
3108 4167 3331 4236 τρόπῳ,
3367 4172 3461 4223 καὶ
3493 4171 3590 4240 οἴῳ
3615 4171 3734 4241 Θεῷ
3768 4177 4050 4243 προσῆκε,

2468 4243 2561 4294 τοῦ
2615 4247 2849 4300 Κτίστου
2885 4255 2977 4302 καὶ
3022 4252 3117 4305 νῦν
3152 4254 3283 4324 ἡμῖν
3318 4258 3642 4322 ἐπιστάντος
3679 4262 3798 4330 μεθ’
3829 4266 4050 4327 ὑπερα-

2470 4334 2661 4405 πείρου
2711 4342 2972 4407 στρατιᾶς
3009 4347 3329 4413 νοουμένης,
3366 4349 3438 4409 ὡς
3472 4351 3536 4402 ἄν
3591 4368 3681 4420 μοι
3729 4356 3821 4406 καὶ
3864 4354 4048 4420 αὖθις,

2465 4422 2553 4478 οἷα
2582 4425 2835 4494 δυνατὸς,
2884 4435 3060 4501 χαρᾶς
3107 4437 3371 4503 μεγαλεῖα
3423 4442 3645 4513 ποιήσῃ,
3693 4445 3945 4497 ταπεινόν
3995 4464 4049 4499 τι

2468 4518 2561 4571 καὶ
2608 4520 2780 4573 ταῦτα
2822 4523 2932 4574 τῶν
2982 4525 3275 4579 ἐπωδύνων
3318 4532 3517 4599 νοεῖ·θῆ
3563 4532 3897 4600 φθέγγεσθαι
3927 4535 4046 4589 δεῖ·

787 4603 1027 4655 exercitu
1058 4600 1474 4666 Creatoradest,
1508 4614 1568 4657 ut
1606 4605 1760 4671 mihi,
1784 4617 1843 4661 et
1885 4609 2109 4677 quidem
2162 4612 2358 4667 iterum
2394 4631 2468 4685 Di

2394 4631 2438 4685 ο
2466 4609 2797 4676 ἀγάλλεσθαι
2828 4612 2882 4664 δὲ
2917 4615 3140 4682 μᾶλλον,
3165 4619 3259 4669 καὶ
3299 4620 3573 4686 μουσικῶς
3618 4622 3915 4692 τερετίζειν
3948 4628 4042 4679 εύ-

787 4696 968 4765 pronti
995 4705 1188 4764 potens
1209 4706 1311 4761 est,
1337 4696 1593 4765 gaudium
1622 4699 2157 4769 magniﬁcentissime
2185 4706 2371 4759 confe-

786 4796 868 4840 rat
898 4804 913 4852 ;
950 4785 1060 4839 imo
1092 4802 1219 4840 vero
1241 4786 1513 4841 exsultare
1539 4789 1781 4857 expedit.
1839 4800 1893 4845 et
1941 4793 2079 4848 lmtis
2131 4796 2369 4852 modulis

786 4880 999 4932 cantica
1084 4883 1449 4949 permiscere,
1518 4882 1959 4952 quandoquidem
2006 4897 2061 4940 et
2115 4904 2183 4941 ea;
2230 4906 2367 4942 num:

789 4972 1157 5037 generationes
1206 4989 1382 5024 omnes
1418 4989 1497 5024 mc
1556 4974 1763 5027 beatam
1797 4979 1966 5029 direm
1989 4978 2029 5008 ¹⁶
2054 5017 2068 5041 ,
2108 4990 2160 5033 el
2196 4996 2361 5050 ange-

780 5062 961 5113 lorum
1016 5062 1308 5115 multitudo
1370 5080 1494 5118 cum
1546 5067 1876 5120 sublimibus
1926 5068 2144 5139 hymnis
2198 5086 2358 5124 causa

782 5153 958 5206 nostri
1017 5154 1205 5222 utilue
1282 5157 1648 5212 exsultatione
1694 5160 1908 5228 gestiet,
1950 5171 2005 5214 et
2056 5160 2355 5215 humanum

783 5246 898 5311 pari
924 5244 1083 5297 modo
1104 5261 1277 5313 genus
1302 5248 1652 5316 congaudens
1672 5249 1889 5303 sonoris
1915 5251 2138 5305 vocibus
2168 5252 2357 5307 laudes

787 5349 936 5387 meas
953 5335 1238 5401 praecelsas
1260 5336 1581 5391 celebrabit.
1600 5338 1755 5404 Quod
1783 5339 1826 5393 si
1852 5339 2026 5404 vobis,
2055 5357 2086 5393 ο
2111 5342 2357 5397 Creatori

781 5427 1119 5495 Lonjndices,
1148 5427 1410 5484 discessio
1437 5445 1556 5484 mea
1581 5430 1712 5499 quid
1740 5431 1893 5484 triste
1915 5432 2075 5486 modo
2102 5433 2354 5499 videtur;

785 5527 841 5568 at
871 5518 935 5569 ad
972 5517 1191 5573 brevem
1221 5520 1435 5587 horam,
1462 5521 1664 5591 quippe
1696 5522 1786 5592 qui
1812 5524 1991 5577 adhuc
2026 5525 2128 5593 legi
2172 5527 2356 5581 carnis

779 5611 1027 5676 obnoxii,
1082 5612 1183 5665 hoe
1219 5615 1607 5681 suslinebitis;
1645 5616 1805 5685 paulo
1844 5625 1965 5686 post
2018 5634 2163 5682 vero,
2192 5619 2354 5671 etiam

849 5791 888 5820 "‘
923 5789 1055 5848 Luc.
1110 5808 1144 5852 ι.
1186 5793 1272 5846 48.

2471 4703 2717 4771 φρὸσυνα
2731 4704 2968 4756 δίκαιον⁸
2994 4706 3076 4759 ὃτι
3106 4711 3200 4760 καὶ
3224 4710 3342 4763 ἀπὸ
3360 4712 3465 4765 τοῦ
3486 4711 3603 4765 νῦν
3622 4718 3680 4767 al
3711 4719 3904 4784 γενεαὶ
3934 4720 4051 4773 mi-

2467 4806 2571 4844 σαι
2624 4794 2993 4860 μακαριοῦσί
3040 4813 3149 4864 με,
3201 4799 3297 4850 καὶ⁵
3353 4801 3489 4852 νόων
3536 4803 3636 4870 μὲν
3684 4805 3895 4876 πληθὺς
3944 4809 4047 4861 σὺν

2464 4880 2706 4950 ᾄσμασιν
2742 4882 2965 4953 ὑψηλοῖς
2998 4885 3139 4956 ὑπὲρ
3174 4889 3332 4957 ήμῶν
3370 4895 3685 4962 σκιρτήσει,
3719 4896 4041 4968 ἀνθρωπίνη

2459 4970 2515 5023 δὲ
2546 4973 2759 5040 γλῶττα
2780 4977 2991 5044 μεγάλα
3021 4979 3223 5047 ὁμοίως
3248 4983 3439 5052 ἠχήσει
3465 4985 3717 5053 ἐγκώμια
3748 4990 4039 5058 χαίρουσα.

2463 5064 2523 5115 Εί
2549 5065 2591 5115 δ’
2624 5065 2772 5133 ὑμῖν,
2797 5061 2842 5120 ὧ
2874 5069 3231 5125 συνδικασταὶ
3265 5075 3360 5126 τοῦ
3397 5076 3663 5143 Πλάστου,
3692 5081 3785 5131 νῦν
3813 5080 4041 5150 ἀνιαρὶν

2459 5159 2492 5229 η
2529 5158 2877 5230 ἀναχώρησις
2911 5163 3096 5229 δοκεῖ,
3127 5165 3240 5217 ἀλλ’
3283 5168 3375 5220 ἐπὶ
3416 5170 3612 5239 μικρὸν
3642 5171 3828 5234 τοῦτο,
3855 5173 3928 5235 ὡς
3958 5177 4042 5228 ἐτι

2456 5249 2535 5317 τῷ
2564 5249 2663 5318 τῆς
2694 5252 2894 5321 σαρκὸς
2921 5254 3129 5309 εἴκουσι
3161 5260 3341 5327 νόμῳ·
3381 5262 3518 5329 μετὰ
3554 5261 3727 5331 βραχὺ
3756 5264 3832 5327 δὲ,
3869 5268 4039 5333 μήπω

2456 5343 2668 5412 καὶτῆς
2696 5345 2799 5414 γῆς
2841 5346 3163 5412 ἐκστάντες,
3192 5350 3359 5421 πείρᾳ
3390 5352 3449 5403 τὸ
3478 5353 3572 5421 τῆς
3606 5356 3781 5423 χαρᾶς
3819 5355 4034 5410 εἴσεσθε

2460 5435 2723 5502 μέγεθος·
2763 5439 2857 5490 καὶ
2901 5438 3000 5509 τὴν
3030 5441 3281 5495 ἐντεῦθεν
3323 5445 3666 5516 εὺιρροσύνην
3697 5448 3791 5500 καὶ
3835 5449 4035 5501 καλλο-

2455 5526 2574 5596 νὴν,
2636 5529 2731 5580 καὶ
2779 5531 2839 5581 τὸ
2891 5531 3035 5599 μέγα
3081 5534 3179 5601 τῆς
3226 5536 3466 5604 ἀληθοῦς
3516 5538 3707 5608 ἡδονῆς
3767 5540 4033 5610 πέλαγος,

2456 5620 2711 5689 ἐξυμνεῖν
2759 5622 2857 5691 οὐχ
2890 5620 2993 5677 οἷοί
3037 5641 3095 5678 τε
3143 5626 3351 5683 ἔσεσθε.
3400 5629 3541 5682 Ἀλλ’
3572 5632 3722 5701 ὥρα,
3755 5635 3918 5702 φίλα,
3970 5638 4032 5703 τῇ
