4258 6364
185 416 280 479 145

1071 417 1332 479 SERMO
1360 415 1441 477 IN
1472 413 2028 477 DORMITIUNEM
2054 412 2118 470 Β.
2153 412 2217 470 ν.
2264 411 2553 473 MARLE.
2624 445 2629 451 ~

3350 394 3449 462 illi

174 536 254 585 το]
304 535 659 606 Δημιουργοῡ
712 535 1101 605 λειτουργῆσαι
1154 534 1359 605 ibi]qu
1406 535 1501 587 καὶ
1546 532 1607 585 τὸ
1659 532 1756 601 μὲν
1787 538 1830 593 Α

1787 538 1830 593 Α
1860 528 1929 583 ab
1958 528 2061 582 bac
2107 538 2249 582 terra
2275 528 2519 581 nondum
2552 522 2783 597 egressi,
2820 518 3238 592 amplitudinem
3266 515 3446 587 gaudii

175 627 296 694 ἐμὸν
326 627 487 697 ὑμεῖς
524 630 685 696 σῶμα
724 629 818 680 καὶ
862 626 1163 696 κῃδεὺσατε
1186 667 1199 688 ,
1239 628 1335 679 καὶ
1368 624 1753 693 συγκαλύψατε

176 718 320 787 τάφῳ
342 736 357 749 ·
404 721 433 771 ὀ
475 718 532 771 δέ
565 719 816 789 Πλάστης
848 720 939 771 καὶ
969 719 1098 782 Υἱὸς
1126 719 1261 789 ἐμδς
1294 716 1619 789 θεοπρεπῶς
1648 733 1754 769 πα-

180 808 480 877 ραλήψεται
509 810 571 861 τδ
598 809 843 877 πνεῦμα.

1861 622 2101 693 experiri
2164 622 2461 692 incipietis,
2522 620 2882 688 laetitiamque
2957 632 3021 669 ac
3075 610 3452 683 prsslantiam

1865 727 2028 787 atque
2080 719 2409 772 immensum
2484 730 2591 769 non
2651 729 2805 769 vana:
2854 709 3151 779 voluptatis
3208 705 3452 775 pelagus.

1866 810 2013 879 quod
2039 809 2239 865 exinde
2262 815 2656 877 consequetur,
2678 820 2778 861 nec
2801 802 3083 859 celebrare
3105 798 3327 869 quidem
3354 810 3456 865 pro

181 900 373 953 merito
396 908 481 952 sat
510 899 788 953 valebitis.
830 898 936 953 Sed
966 899 1077 969 jam
1127 898 1264 953 hora
1312 906 1418 960 est.
1457 913 1490 951 ο
1545 897 1755 961 d'lecti.
1794 897 2074 954 Creatoris
2109 914 2303 967 parere
2360 897 2677 960 voluntati;
2718 906 2775 949 et
2831 908 2931 947 vos
2974 889 3199 960 quidem
3253 899 3457 956 corpus

182 1011 355 1049 meum
379 1006 438 1050 et
459 996 750 1059 curabitis.
778 1010 844 1051 ac
894 996 1153 1065 sepulcro
1194 994 1510 1050 recondetis
1538 1011 1553 1059 ;
1592 996 1847 1063 spiritum
1901 1010 2036 1048 vero
2062 994 2291 1048 Creator
2321 1010 2383 1047 ac
2414 994 2584 1049 Filius
2613 1006 2768 1045 meus
2792 988 3060 1043 divinitus
3087 982 3349 1053 excipiet.

246 1092 381 1145 ΚΝ.
430 1090 558 1143 Ἐπὶ
605 1092 822 1153 τούτοις
871 1092 1127 1159 εὐλογίας
1174 1092 1361 1153 αὐτοῖς
1406 1093 1439 1161 ἡ
1486 1094 1759 1158 πάναγνος

184 1184 503 1251 μεταδίδωσι
527 1183 622 1236 καὶ
649 1183 749 1246 τὰς
778 1183 952 1252 ψυχάς
981 1184 1061 1244 είς
1089 1183 1150 1234 τὸ
1174 1183 1364 1252 χάριεν
1398 1182 1724 1252 μετατίθησι
1742 1196 1755 1211 ’

187 1276 313 1328 πᾶσί
364 1292 424 1327 τε
469 1274 696 1343 εἰρήνην
746 1275 1037 1344 ἐπεύχεται
1079 1275 1173 1326 καὶ
1220 1272 1286 1326 τὰ
1342 1274 1620 1342 σωτήρια·
1669 1272 1763 1324 καὶ

190 1368 320 1435 μετὰ
353 1366 515 1419 τοῦτο
553 1366 742 1418 λύεται
784 1366 883 1433 μὲν
932 1368 965 1435 ἡ
995 1364 1240 1431 παναγία
1280 1363 1425 1434 ψυχὴ
1460 1362 1552 1415 τοῦ
1594 1380 1765 1414 πανα-

184 1459 443 1523 γεστάτου
492 1460 745 1525 σώματος
774 1458 984 1511 ἐκείνου
1005 1495 1023 1523 ,
1058 1458 1176 1519 ταῖς
1213 1456 1269 1508 δὲ
1314 1456 1407 1509 τοῦ
1440 1454 1763 1525 μονογενοῦς

182 1550 352 1617 αὐτῆς
386 1552 483 1603 καὶ
515 1550 961 1619 παντοκράτορος
990 1550 1259 1604 ἐντίθεται
1290 1551 1501 1619 χερσίν.

246 1638 358 1696 Ἦν
380 1642 474 1695 (οὖν
503 1644 633 1697 ίδεῑν
664 1642 827 1703 εὐθὺς
852 1643 919 1695 τά
944 1642 1053 1694 τῶν
1093 1641 1448 1711 θεοκηρὺκων
1477 1634 1589 1694 ὦτα
1623 1642 1767 1695 ἐκεί-

181 1751 281 1786 νων
315 1732 509 1798 ὓμνων
535 1734 793 1803 ἀρρήτων
828 1732 1076 1800 ἀοράτως
1107 1730 1485 1800 πληρούμενα.
1520 1732 1628 1784 Καὶ
1659 1732 1766 1800 γὰρ

180 1819 244 1893 ἦν
276 1826 305 1877 ὁ
340 1827 512 1891 μέσον
558 1822 793 1894 οὐρανοῦ
838 1824 934 1875 καὶ
990 1823 1095 1891 γῆς
1140 1822 1320 1891 χῶρος
1391 1822 1765 1892 ἁγιοπρεποῦς

1933 1089 2076 1144 XXI.
2102 1090 2230 1144 Post
2265 1089 2381 1143 hate
2409 1087 2855 1142 benedictionem
2884 1085 2963 1137 eis
3018 1080 3315 1151 purissima
3368 1077 3456 1129 ilia

1866 1184 2128 1253 impertit,
2162 1196 2569 1251 muaroremque
2592 1194 2785 1235 eorum
2810 1178 2864 1231 in
2886 1176 3131 1231 laetitiam
3185 1185 3461 1227 transmu-

1866 1285 1960 1339 tat.
1992 1285 2046 1330 et
2077 1274 2333 1328 omnibus
2359 1289 2545 1343 pacem
2606 1281 2863 1343 precatur
2890 1286 2955 1323 ac
3003 1268 3259 1322 salutem.
3320 1266 3459 1317 Tum

1863 1384 1994 1422 vero
2044 1383 2072 1420 a
2121 1366 2495 1420 sacratissimo
2552 1365 2644 1419 illo
2669 1378 2901 1433 corpore
2968 1361 3202 1415 solvitur
3272 1358 3456 1410 anima

1863 1461 2231 1522 sanctissima,
2265 1472 2433 1529 atque
2465 1457 2737 1528 unigeniti
2778 1465 2833 1511 et
2888 1454 3293 1524 omnipotentis
3344 1451 3463 1521 ejus

1866 1551 1988 1605 Filii
2018 1552 2271 1605 manibus
2304 1550 2599 1621 excipitur.

1937 1642 2089 1698 Ilicet
2128 1658 2259 1712 ergo
2302 1657 2531 1696 cernere
2557 1651 2674 1697 erat
2702 1640 3013 1695 divinorum
3076 1637 3292 1690 illorum
3322 1652 3461 1705 prae-

1866 1752 2066 1791 conum
2130 1751 2293 1789 aures
2351 1736 2817 1789 inenarrabilibus
2874 1731 3129 1786 melodiis
3191 1718 3462 1784 invisibili

1868 1830 2030 1883 modo
2056 1838 2355 1884 recreatas.
2404 1827 2684 1895 Quantum
2730 1827 2877 1881 enim
2941 1826 3141 1879 cmlum
3193 1822 3338 1877 inter
3397 1837 3463 1877 ac

184 1917 325 1975 ἄπας
362 1916 625 1981 συλλόγου
666 1915 874 1983 γέμων,
922 1914 971 1967 οἳ
1008 1916 1100 1967 καὶ
1148 1915 1225 1985 τῷ
1260 1915 1506 1985 Δεσπότῃ
1542 1915 1763 1983 φέροντι
1799 1914 1838 1969 Β

1799 1914 1838 1969 Β
1869 1933 2070 1977 terram
2108 1923 2349 1977 medium
2377 1922 2615 1991 spatium
2652 1922 2961 1991 interiacet.
2992 1931 3166 1975 totum
3213 1919 3461 1989 splendi-

180 2008 273 2075 τὴν
301 2008 460 2060 θείαν
500 2008 715 2075 ἐκείνη-ι
748 2008 931 2076 ψυχὴν
962 2006 1325 2076 συνανῄεσαν,
1368 2007 1489 2077 ἱερὰ
1519 2006 1759 2076 ᾄσματα,

182 2101 341 2166 λόγον
376 2100 635 2169 κρείττω,
676 2100 769 2152 καὶ
800 2100 962 2167 μέλος
998 2099 1288 2168 ἐλέγχοντα
1330 2100 1461 2164 πᾶν,
1508 2102 1574 2169 τῇ
1625 2100 1767 2153 Παν-

184 2192 403 2262 αμὼμῳ
440 2192 536 2243 καῖ
571 2193 759 2262 Μητρὶ
809 2191 903 2243 τοῦ
959 2190 1095 2242 Θεοῦ
1146 2192 1320 2257 Λόγου
1385 2191 1765 2262 προσᾴδοντες.

197 2286 487 2338 Ἐντεῦθεν
518 2288 576 2338 αι
610 2286 882 2355 γνώριμοι
913 2284 1022 2337 τῶν
1050 2284 1316 2354 ᾀσμάτων
1352 2285 1576 2338 ἐκείνων
1608 2283 1771 2337 ἀκοαὶ

185 2379 382 2449 ἡδονὴν
422 2379 702 2448 ἐδέχοντο,
741 2377 1017 2447 άγιασμοῦ
1067 2378 1299 2447 πλήρεις
1354 2377 1628 2443 ἐγίνοντο,
1680 2379 1776 2431 καὶ

184 2472 371 2524 οὐκέτ’
402 2473 559 2539 ἄγειν
589 2469 735 2540 εἶχον
767 2472 997 2541 σχολήν*
1027 2467 1400 2522 διανίστασθαι
1433 2469 1490 2522 δὲ
1522 2470 1619 2531 τὰς
1652 2470 1774 2522 ἑαυο

182 2564 290 2615 τῶν
349 2562 530 2631 ψυχὰς
585 2565 635 2615 οἱ
694 2565 988 2617 ἀπόστολοι
1052 2560 1492 2631 παρεσκ-ὐαζον,
1546 2563 1654 2621 τοῖς
1716 2580 1773 2615 τε

183 2658 371 2718 άΰλοις
396 2658 646 2710 κάτωθεν
678 2659 950 2727 συνᾴδειν,
981 2657 1303 2725 κατάλληλά
1329 2673 1385 2709 τε
1411 2659 1525 2720 τοῖς
1549 2657 1774 2725 νοουμέ-

189 2767 293 2808 -ηις
318 2790 333 2807 ς
381 2750 459 2810 ὡς
496 2750 747 2813 δυνατὸν,
783 2751 876 2802 καὶ
930 2749 1306 2821 προσ-πλέκειν
1347 2748 1439 2801 καὶ
1497 2746 1776 2815 συί-ἱφθέγο

186 2843 403 2905 γεσθαι,
440 2842 674 2912 μελέτην
712 2842 980 2897 ἐτίθεντο.

184 2949 331 3001 gere.
371 2944 429 2987 et
457 2945 619 3003 prout
654 2936 799 2991 vires
828 2936 1054 3000 dabant,
1086 2936 1279 2991 laudes
1333 2936 1420 2998 iis.

188 3028 458 3097 plaudere
478 3031 797 3085 studebant.

1864 2016 1934 2071 do
1976 2018 2265 2071 tenebatur
2312 2026 2625 2071 sanctorum
2664 2017 2899 2085 agmine.
2960 2017 3057 2086 qui
3114 2017 3277 2071 simul
3337 2030 3462 2070 cum

1866 2109 2101 2163 Domino
2133 2108 2377 2162 divinam
2440 2107 2586 2161 illam
2646 2108 2886 2162 animam
2939 2108 3150 2162 ferente
3198 2106 3465 2161 ascende-

1868 2200 2021 2263 bant,
2056 2209 2111 2254 et
2141 2198 2666 2254 Immaculatissima:
2706 2198 2865 2255 illiac
2912 2201 3006 2255 Dei
3078 2200 3238 2255 Verbi
3300 2200 3462 2254 Matri

1874 2306 2027 2346 sacra
2083 2292 2296 2347 cantica
2342 2291 2577 2360 quodvis
2610 2292 2783 2345 melos
2840 2292 3114 2345 vincentia
3174 2306 3239 2345 ac
3284 2291 3468 2345 verbis

1871 2397 1981 2435 non
2002 2382 2307 2447 eII‘erenda.
2335 2382 2783 2437 modulabantur.
2820 2381 2897 2436 Ad
2924 2383 3089 2437 hosce
3121 2397 3289 2452 porro
3319 2398 3423 2436 con
3443 2411 3457 2421 -

1871 2485 2065 2530 centus
2121 2476 2349 2530 auribus
2403 2476 2766 2545 excipiendos
2809 2476 3060 2536 admissi.
3119 2475 3466 2545 iucunditate

1872 2567 2376 2636 perfundebantur.
2470 2569 2676 2621 sanctis
2765 2569 3120 2636 replebantur
3187 2568 3464 2624 sensibus.

1874 2674 2053 2727 neque
2081 2658 2316 2727 amplius
2338 2659 2448 2729 jam
2488 2661 2696 2714 inertes
2723 2660 2936 2713 trahere
2960 2675 3140 2713 moras
3172 2668 3425 2729 poterant
3451 2676 3466 2723 ;

1872 2751 1969 2806 sed
1996 2767 2123 2805 suas
2162 2752 2395 2821 quisque
2425 2752 2797 2820 apostolorum
2830 2752 3042 2806 animas
3072 2753 3317 2807 excitare
3352 2761 3467 2804 sat-

1899 2842 2155 2912 agebant.
2186 2855 2241 2897 et
2266 2842 2335 2897 ab
2361 2842 2447 2898 his
2475 2843 2601 2897 imis
2626 2858 2752 2898 suas
2771 2843 3094 2901 caelestibus
3124 2858 3292 2897 voces
3341 2844 3466 2911 inn-

1506 2949 1629 3002 qua:
1681 2948 1816 2989 aure
1856 2936 2260 3007 percipiebant.
2290 2945 2694 2994 consenlaneas
2715 2947 2900 2993 texere
2928 2948 2985 2993 et
3046 2937 3209 2992 simul
3250 2935 3468 3007 ltymni'

256 3118 360 3171 Διὰ
408 3118 585 3173 ταῦτα
632 3125 723 3172 καὶ
750 3122 775 3173 ὁ
801 3120 1105 3190 θαυμάσιος
1140 3122 1422 3192 Ἰερόθεος,
1485 3122 1629 3175 κατὰ
1677 3122 1772 3174 τὸν
1802 3124 1845 3183 C

1802 3124 1845 3183 (Ξ
1948 3119 2214 3185 Quocirca
2244 3129 2296 3173 ct
2323 3118 2682 3172 admirandus
2715 3117 2803 3173 ille
2851 3117 3182 3175 Ilierotbeus
3217 3120 3300 3188 (ut
3350 3133 3463 3172 ver-

188 3211 334 3263 ὃεῖον
373 3212 549 3264 εἰπεῖν
582 3212 879 3277 Διονύσιον,
936 3213 994 3276 δς
1058 3214 1202 3283 ἅπερ
1250 3214 1495 3281 ἑώρακεν
1560 3214 1777 3283 ἀπαρά-

189 3317 417 3369 γραπτα
452 3303 741 3371 μαρτυρεῖ,
758 3301 1023 3368 ἔκδημος
1058 3301 1306 3370 γέγονεν
1333 3302 1503 3367 ὅλος,
1530 3302 1775 3363 ἐξιστά-

183 3409 375 3460 μενος
406 3392 628 3446 ἑαυτοῦ
655 3432 671 3457 ,
706 3394 821 3462 τὴν
874 3394 1026 3460 πρὸς
1049 3395 1120 3447 τὰ
1175 3395 1525 3462 ὑμνούμενα
1567 3411 1775 3447 κοινω-

188 3486 337 3538 νίαν
395 3485 675 3554 πάσχων,
728 3486 825 3538 καὶ
890 3486 1044 3554 πρὸς
1098 3486 1345 3539 πάντων
1403 3481 1491 3538 ὦν
1519 3487 1775 3553 ἠκούετο

190 3576 287 3626 καὶ
317 3574 560 3641 ἑωρᾶτο,
594 3576 694 3628 καί
727 3576 1090 3641 ἐγινώσκετο
1124 3574 1225 3627 καὶ
1261 3577 1371 3627 οὑκ
1394 3574 1772 3641 ἐγινώσκετο,

188 3668 532 3731 θεόληπτος
557 3663 710 3720 εἶναι
767 3667 865 3721 καὶ
906 3667 1065 3732 θεῖος
1116 3667 1469 3735 κρινόμενος
1516 3667 1777 3734 ὐμνολό-

190 3777 297 3824 γος
320 3758 333 3806 i
357 3798 371 3812 .
424 3760 489 3812 Ὀ
511 3760 575 3828 δὴ
602 3760 698 3812 καὶ
723 3760 857 3813 πᾶσι
908 3759 1093 3813 δοῦναι
1126 3759 1223 3811 οὐκ
1260 3758 1489 3820 ἀπεικὸς
1531 3760 1642 3820 τοῖς
1700 3758 1777 3827 τῷ

191 3853 306 3915 {tua
318 3851 493 3921 ρχικῲ
529 3854 624 3905 καὶ
645 3853 878 3922 θεοδόχῳ
916 3850 1321 3920 συνδραμοῦσιν
1343 3850 1537 3920 ἐκείνῳ
1557 3850 1775 3918 σώματι

191 3947 285 3997 καὶ
324 3946 437 3998 τῶν
462 3947 730 4015 οὐρανίων
768 3945 1117 4013 αἰσθομένοις
1155 3945 1461 4014 ὑμνῳδιῶν.

263 4034 396 4087 KB'.
430 4035 564 4086 Τίνα
588 4036 698 4105 γάρ
737 4035 810 4105 μὴ
850 4036 1069 4105 χαίρειν
1105 4035 1202 4086 καὶ
1235 4037 1454 4103 κροτεῖν
1483 4034 1579 4086 καὶ
1601 4050 1773 4103 προσ-

192 4129 390 4195 υμνεῖν
423 4125 489 4177 ἂν
524 4127 718 4187 ἐκίνει,
754 4127 989 4188 καὶτοῖς
1039 4125 1266 4194 ὑψηλοῖς
1304 4126 1495 4177 ποθεῖν
1549 4126 1779 4178 συντάτο

190 4220 389 4271 τεσθαι
440 4216 725 4288 μελῳδοῖς,
779 4220 895 4284 εἴγε
960 4219 1088 4287 ἐνῆν
1148 4218 1492 4285 ἀφίπτασθαι
1520 4218 1615 4287 τῆς
1652 4219 1775 4286 γῆς,

192 4305 270 4366 ὧν
302 4314 337 4381 ἡ
364 4311 571 4379 διειδὴς
601 4310 740 4380 ἀκοὴ
768 4312 865 4373 τὰς
906 4311 1166 4379 ἐμμελεῖς
1195 4310 1411 4372 ἐκείνας
1446 4311 1542 4364 καὶ
1602 4312 1772 4381 ὑπερ-

192 4407 355 4472 φυεῖς
380 4402 677 4471 ὑπεδέχετο
710 4402 1044 4473 ἱερουργίας,
1076 4401 1140 4465 ἃς
1161 4402 1446 4471 Χερουὸίμ
1475 4418 1533 4454 τε
1563 4403 1656 4454 καὶ
1680 4402 1779 4453 Σε-

1885 3207 1969 3261 bis
2003 3217 2125 3260 utar
2147 3207 2317 3261 divini
2345 3206 2587 3278 Dionysii
2612 3208 2677 3273 ‘7,
2703 3208 2796 3276 qui
2822 3223 2909 3272 ea,
2948 3224 3070 3278 qua:
3094 3209 3209 3277 ipse
3233 3209 3465 3271 viderat.

1883 3298 2099 3353 sincere
2164 3298 2419 3367 testatur)
2474 3308 2613 3353 totus
2638 3308 2790 3355 extra
2823 3318 2877 3353 sc
2905 3308 3086 3365 rat-tus
3122 3309 3218 3361 est.
3277 3302 3468 3371 quippe

1882 3393 1972 3461 qui
2027 3392 2096 3444 ad
2137 3407 2221 3454 ea,
2280 3406 2397 3460 qua:
2451 3393 2801 3455 canebantur,
2873 3395 3246 3463 participanda
3294 3394 3467 3461 fuerat

1884 3482 2136 3543 adscitus,
2179 3490 2225 3534 et
2259 3482 2323 3535 ab
2374 3484 2639 3547 omnibus,
2693 3502 2725 3537 a
2756 3486 2942 3553 quibus
2976 3484 3290 3537 audiebatur
3322 3493 3369 3536 et
3393 3485 3467 3537 vi-

1881 3576 2103 3629 debatur
2128 3576 2233 3628 sive
2258 3578 2392 3629 notis
2414 3577 2521 3629 sive
2546 3578 2759 3646 ignotis,
2793 3576 2971 3632 divino
2996 3578 3210 3630 numine
3233 3577 3465 3645 afﬂatus,

1884 3667 2187 3735 diuinusque
2211 3666 2460 3720 laudator
2480 3670 2804 3721 censebatur.
2832 3668 2989 3735 Quod
3016 3668 3240 3737 quidem
3268 3668 3467 3723 merit-i

1884 3768 1940 3810 et
1970 3757 2038 3810 de
2090 3757 2316 3825 reliquis
2362 3759 2622 3813 omnibus
2657 3759 3085 3813 existimandum
3112 3768 3217 3823 est.
3254 3760 3349 3829 qui
3400 3758 3465 3812 ad

1885 3867 2087 3920 corpus
2151 3852 2321 3915 illud,
2391 3856 2514 3907 vita:
2582 3854 2913 3923 principium
2982 3854 3187 3925 Deique
3260 3872 3465 3924 capax.

1886 3954 2264 4009 aecurrerunt,
2319 3956 2373 3999 et
2393 3946 2645 4001 caelestes
2699 3946 2823 4000 illos
2858 3946 3083 4000 audiere
3140 3958 3464 4001 concentum.

1960 4034 2120 4087 XXII.
2152 4036 2216 4088 Et
2246 4050 2376 4090 sane
2408 4038 2532 4103 quis
2563 4052 2671 4091 non
2701 4037 2768 4089 ad
2825 4036 3211 4090 collutandum
3252 4053 3465 4106 permo-

1886 4134 2127 4185 veretur,
2172 4136 2227 4180 et
2266 4126 2331 4179 ad
2380 4127 2775 4195 plaudendum,
2816 4127 3118 4195 laudesque
3167 4128 3465 4189 camndus.

1886 4234 1950 4273 ac
2004 4220 2310 4273 cmlestium
2382 4221 2600 4275 illorum
2655 4230 3058 4283 conccntunm,
3114 4218 3385 4288 siquidem
3438 4238 3467 4273 e

1890 4312 2301 4383 terra'avolare
2356 4311 2440 4367 fas
2481 4322 2649 4377 esset.
2685 4314 3060 4382 exoptandum
3100 4314 3467 4375 consortium.

1886 4404 2105 4472 quando
2135 4404 2425 4473 perspicue
2456 4404 2777 4465 ferebantur
2814 4406 2883 4459 ad
2906 4422 3095 4460 aurem
3130 4405 3467 4460 suavissima:

194 4499 401 4565 ραιξὶμ,
431 4496 525 4547 καὶ
552 4497 586 4562 ὴ
617 4494 879 4563 άγγελικὴ
929 4496 1079 4546 πᾶσα
1102 4495 1480 4563 διακόσμησις,
1512 4494 1591 4545 ἐτι
1612 4493 1780 4546 δὲκαὶ
1812 4483 1857 4538 Ῑ)

1812 4483 1857 4538 Ῑ)
1888 4496 1991 4549 illa:
2026 4511 2087 4549 ac
2128 4512 2382 4565 superna;
2428 4497 2762 4568 hymnodiae.
2799 4515 2935 4568 quas
2965 4508 3021 4554 et
3057 4498 3377 4563 Cherubim.
3412 4508 3466 4551 et

192 4591 224 4655 ἡ
248 4588 366 4640 τῶν
402 4587 790 4654 πρωτοτόκων
852 4586 1155 4649 ἐκκλησία
1199 4586 1339 4637 κατὰ
1374 4584 1464 4636 τὸν
1512 4585 1779 4653 μακάριον

194 4678 437 4739 Παῦλον,
506 4679 593 4746 εἴη
641 4678 685 4729 δ’
719 4678 785 4729 ἂν
833 4658 993 4729 τοῦτο
1046 4675 1405 4744 πατριαρχῶν
1460 4675 1628 4743 ψυχαὶ
1688 4676 1782 4726 καὶ

196 4769 505 4840 προᾳητῶν
541 4768 677 4835 ὁμοῦ
738 4770 833 4821 καὶ
860 4767 1088 4821 δικαίων
1122 4766 1232 4819 τῶν
1264 4767 1781 4835 ἀπογεγραμμένων

194 4863 252 4911 ἐν
305 4862 584 4929 οὐρανοῖς,
640 4863 707 4929 τῇ
746 4860 1007 4927 πανάγνῳ
1058 4858 1152 4910 καὶ
1202 4856 1583 4927 θεοειδεστάτῃ
1632 4856 1779 4928 ψυχῇ

196 4950 515 5013 καλλιεπῶς
548 4965 605 5002 τε
631 4954 724 5003 καὶ
759 4950 1112 5019 ἡδνφθὸγγως
1149 4948 1345 5018 ἐπῇδον
1382 4988 1397 5010 ,
1439 4950 1534 5002 καὶ
1619 4949 1783 5016 ἔμελ-

196 5060 327 5108 πον,
363 5042 462 5095 καὶ
489 5042 726 5111 σεμνῶς,
754 5039 1201 5111 τελετουργικῶς,
1263 5040 1519 5109 άρρήτως
1562 5040 1786 5106 ἐξύφαι·

196 5136 486 5200 νον;“Ὀτε
543 5132 748 5185 καὶτοῦ
805 5132 1150 5201 Δημιουργοῦ
1198 5130 1623 5200 προερχομένου,
1691 5131 1788 5182 σὺν

200 5228 371 5297 ἡδονῇ
423 5242 484 5277 τε
523 5226 749 5295 πλείστῃ
785 5226 877 5276 καὶ
905 5223 1222 5291 ἀγαλλιάσει
1254 5223 1350 5287 τὴν
1382 5219 1788 5289 παναμώμητον

198 5318 300 5386 τῆς
330 5318 497 5371 αὑτοῦ
528 5317 749 5387 Μητρὸς
778 5316 1036 5385 φέροντος
1068 5312 1267 5381 ψυχὴν,
1298 5307 1363 5383 ἦς
1391 5310 1503 5363 οὔθ’
1532 5311 1787 5379 ἡδύτερον

279 5437 321 5466 ⁸⁷
355 5436 430 5490 De
454 5435 566 5489 div.
609 5436 818 5491 nomin.
863 5450 981 5505 cap.
1010 5435 1061 5488 '5.
1142 5434 1186 5464 "
1224 5432 1388 5487 Hebr.
1442 5448 1540 5492 xu,
1578 5431 1671 5485 95.

1880 4587 2187 4657 Seraphim.
2218 4598 2274 4643 et
2307 4604 2501 4643 omnes
2530 4591 2850 4660 angelorum
2873 4592 3118 4652 ordines.
3170 4606 3383 4651 necnon
3411 4598 3466 4645 et

1881 4681 2290 4747 primitivorum.
2330 4681 2482 4751 juxta
2530 4681 2751 4735 beatum
2805 4682 3036 4736 Paulum
3075 4682 3138 4746 ⁸⁸,
3218 4680 3464 4743 ecclesia.

1880 4770 2075 4824 animm
2121 4771 2352 4836 scilicet,
2392 4781 2451 4826 ut
2499 4782 2651 4840 puto,
2683 4773 3117 4842 patriarcharum
3149 4772 3461 4841 etprophe-

1884 4866 2059 4909 tarum
2101 4857 2263 4912 simul
2292 4871 2348 4913 et
2375 4861 2648 4930 justorum
2701 4861 2948 4913 omnium
2982 4861 3033 4914 iu
3067 4860 3227 4915 cwlis
3254 4859 3465 4913 descri-

1882 4959 2123 5018 ptorum,
2157 4950 2466 5018 purissima:
2494 4950 2570 5002 illi
2603 4964 2667 5004 ac
2686 4951 2797 5005 Deo
2815 4951 3108 5004 simillima:
3132 4950 3328 5003 anima;
3349 4947 3463 5018 (I8)

1882 5039 2167 5092 concinnis
2198 5055 2262 5093 ac
2285 5040 2443 5093 dulce
2478 5041 2806 5096 sonantibus
2846 5042 3074 5094 vocibus
3105 5040 3375 5093 canebant
3408 5048 3461 5093 et

1884 5129 2333 5193 modulabantur.
2374 5138 2427 5181 ct
2466 5130 2664 5184 decora
2718 5130 2978 5198 quadam.
3012 5139 3221 5187 sancta.
3273 5127 3461 5180 ineﬂ‘a-

1884 5220 2091 5287 bilique
2133 5220 2341 5272 ratione
2396 5220 2710 5274 barmonias
2758 5220 3167 5274 contexebant?
3230 5218 3461 5283 Quando

1885 5309 2144 5365 Creatore
2172 5311 2287 5379 ipso
2310 5321 2589 5379 praeeunte
2627 5320 2683 5365 et
2716 5327 2929 5365 summa
2964 5327 3086 5365 cum
3113 5310 3459 5381 iucunditate

1480 5551 1620 5609 Ant.
1657 5543 1947 5606 Ballerini
1978 5550 2162 5604 nota}.

280 5698 296 5734 ι
350 5684 408 5737 In
442 5682 609 5736 editis
647 5682 867 5752 Dionys.
900 5681 1199 5749 ὑμνολόνος
1229 5682 1570 5749 κρινόμενος.

281 5757 397 5813 118)
438 5754 574 5806 Vide
605 5768 764 5821 quam
792 5750 996 5820 sacpius
1021 5761 1212 5805 auctor
1242 5752 1477 5803 inculcat
1498 5750 1786 5803 maximam

213 5827 363 5879 illam
399 5824 637 5893 Virginis
670 5837 793 5877 cum
833 5824 940 5879 Deo
966 5823 1402 5885 similitudinem,
1439 5838 1601 5890 quam
1631 5822 1791 5875 modo

1892 5676 2112 5745 quidem
2152 5691 2273 5729 cum
2310 5690 2518 5726 sintnma
2552 5684 2833 5745 ctitijtmsit
2860 5672 3118 5740 puritate.
3165 5672 3299 5724 alias
3325 5688 3452 5745 vero

1894 5743 2203 5815 expressius
2235 5745 2465 5803 dixerat,
2496 5745 2544 5795 in
2579 5743 2920 5815 immunitate
2943 5757 3161 5809 quoque
3190 5757 3226 5815 ιι
3260 5744 3451 5809 quavis

1895 5812 2162 5885 spiritnali
2192 5815 2540 5884 corruptione
2573 5828 2630 5865 ’μ’
2657 5812 2777 5867 labe
2803 5812 3341 5879 esseaepoucndum.
