4258 6364
777 368 877 432 1-51

1842 371 2137 433 ISIDORI
2182 370 2937 433 TIIESSALONICENSIS

3928 360 4033 427 159..

844 482 1106 538 Fustibus
1155 484 1338 554 itaque
1368 493 1424 539 et
1497 483 1796 554 lapidibus,
1837 496 1894 540 ct
1942 486 1986 540 si
2017 483 2149 553 quid
2205 481 2353 536 aliud
2387 484 2426 537 Α

2347 481 2353 534 ι
2387 484 2426 537 Α
2527 484 2639 535 Καὶ
2667 484 2731 553 δὴ
2776 481 3034 549 ῥοπάλοις
3068 478 3152 532 ⁴(αἱ
3194 478 3358 541 λίθοις
3403 475 3496 532 καὶ
3544 477 3657 540 τοῖς
3691 478 4028 546 προστυχούγ

773 576 839 627 ad
876 591 1070 630 manus
1098 576 1373 641 veniebat,
1410 577 1555 630 velut
1584 575 1751 630 armis
1771 574 1837 629 ad
1871 575 2170 629 vindictam
2188 573 2349 642 aptis.

778 670 909 727 imo,
946 677 1002 720 ut
1048 667 1297 720 nonnulli
1348 676 1595 732 narrant,
1649 667 1814 721 etiam
1846 667 2037 737 gladiis
2072 664 2350 727 instructi,

776 762 1039 814 adversus
1070 761 1195 814 illos
1234 761 1372 815 sacri
1428 760 1642 815 funeris
1677 761 1982 820 ministros.
2014 756 2352 828 pretiosissi-

787 864 1068 917 mumque,
1098 849 1243 912 quod
1281 849 1636 913 efferebatur,
1672 850 2106 911 tabernaculum,
2140 846 2357 902 irratio-

774 939 1015 993 nabilius
1054 955 1215 1008 quam
1248 939 1361 993 fera
1389 941 1669 1009 qualibet,
1696 940 1860 994 simul
1890 955 2083 994 omnes
2109 940 2351 992 irruunt.

774 1033 966 1101 Neque
1000 1043 1301 1085 tamenaut
1349 1047 1380 1085 e
1431 1033 1572 1086 coelo
1609 1033 1776 1101 ignita
1822 1032 2060 1102 procella
2093 1032 2353 1085 scelestos

775 1124 1107 1191 absumpsit,
1148 1134 1240 1177 aut
1275 1124 1496 1192 iniquos
1527 1124 1754 1178 fulmina
1783 1125 2230 1187 combusserunt,
2259 1132 2355 1176 aut

778 1216 927 1267 velut
984 1214 1114 1267 olim
1172 1216 1385 1269 Dathan
1448 1216 1525 1268 illi
1566 1224 1623 1270 et
1675 1215 1881 1270 Abiron
1938 1214 2129 1269 eadem
2186 1216 2354 1285 stirpe

777 1306 1062 1372 prognatis
1093 1305 1297 1357 factum
1333 1306 1611 1371 novimus,
1642 1306 1950 1373 ﬁdebiscens
1983 1307 2145 1360 tellus
2181 1307 2355 1359 auda-

775 1396 1054 1449 cissimam
1087 1397 1402 1465 progeniem
1440 1397 1766 1465 deglutivit;
1821 1398 1915 1453 sed
1945 1398 2048 1452 alia
2107 1397 2355 1467 quaadam

778 1487 1018 1541 audaces
1054 1488 1262 1541 invadit
1314 1490 1473 1551 ultio,
1509 1506 1632 1557 qua:
1661 1490 1760 1544 etsi
1797 1489 1904 1543 illis
1950 1490 2148 1543 acerba
2182 1498 2357 1542 morte

776 1577 946 1630 vitam
970 1593 1075 1630 non
1108 1578 1354 1643 abstulit,
1387 1581 1521 1633 satis
1559 1590 1739 1633 tamen
1773 1579 2065 1634 admonuit
2095 1591 2207 1634 tum
2238 1595 2355 1637 eos.

781 1668 873 1734 qui
915 1668 1122 1721 eruditi
1162 1670 1243 1723 sic.
1284 1679 1434 1733 sunt,
1486 1680 1601 1724 tum
1658 1672 1815 1734 alios,
1852 1672 2055 1740 quibus
2082 1674 2207 1726 tacti
2240 1673 2358 1726 vin-

778 1758 925 1811 dicta
961 1758 1167 1813 factum
1196 1762 1549 1822 enarrabant,
1588 1779 1655 1816 nc
1689 1764 2007 1817 sceleratam
2052 1780 2272 1817 manum
2307 1765 2359 1817 in

783 1865 882 1901 eos
942 1849 1288 1921 (discipulos)
1340 1862 1645 1906 moverent.
1686 1856 1811 1907 Hace
1859 1863 2043 1907 autem
2101 1854 2236 1907 ultio
2261 1854 2364 1908 fuit

778 1953 932 1994 atrox
958 1942 1179 1997 luminis
1211 1944 1426 1997 orbalio
1448 1954 1502 1998 et
1551 1944 1844 1998 artificiosa
1875 1946 2110 2007 crccitas,
2168 1960 2364 2014 quem-

778 2033 1067 2085 nlmolttm
1110 2035 1352 2089 cgecitate
1405 2035 1573 2088 animi
1625 2050 1847 2104 prorsus
1902 2051 1963 2089 ac
2015 2036 2360 2104 potissimum

782 2124 1128 2177 laborabant.
1181 2126 1287 2179 lsta
1344 2142 1507 2195 porro
1562 2128 1845 2181 calamitas
1893 2144 1923 2182 a
1964 2127 2363 2183 nefandissimo

786 2215 1010 2281 quidem
1042 2232 1176 2269 ausu
1228 2232 1325 2270 eos
1354 2219 1639 2281 continet;
1690 2235 1792 2272 nec
1848 2230 2027 2272 tamen
2092 2219 2213 2272 illos
2235 2235 2360 2273 vere

781 2308 1043 2376 deceptos
1071 2324 1133 2362 ac
1164 2309 1362 2378 impios
1379 2309 1446 2364 ab
1474 2325 1663 2365 errore
1689 2321 1743 2365 et
1768 2312 1963 2366 acerbo
1994 2311 2122 2365 odio
2150 2311 2363 2365 abstra-

785 2398 903 2461 ltit;
954 2399 1045 2451 sed
1110 2400 1318 2463 miseri,
1372 2402 1496 2455 aliis
1533 2417 1631 2455 cos
1687 2401 2110 2465 deducentibus,
2158 2403 2361 2471 justam

782 2491 928 2542 illam
962 2492 1190 2545 immitis
1212 2492 1471 2547 facinoris
1517 2509 1755 2563 pmnam,
1816 2497 2177 2564 prorerilum
2235 2512 2361 2551 vere

784 2584 1127 2641 thesaurum.
1156 2582 1377 2637 domum
1409 2595 1778 2654 rcportarunt.

853 2673 1043 2728 XXVI.
1079 2676 1282 2730 Verum
1317 2692 1459 2729 unus
1477 2677 1698 2746 quidam
1730 2694 1760 2732 e
1799 2678 2044 2748 profanis
2088 2680 2349 2736 sacerdo-

783 2765 931 2819 tibus
963 2766 1204 2836 synedrii
1238 2767 1386 2821 illius
1416 2767 1636 2821 Christo
1666 2770 1887 2835 infensi,
1915 2770 2009 2838 qui
2048 2772 2359 2825 calamitate

783 2855 874 2908 illa
904 2864 1082 2908 tactus
1113 2870 1218 2908 non
1246 2855 1445 2919 fuerat,
1472 2856 1579 2909 alio
1610 2871 1774 2925 quam
1804 2857 2073 2926 antiquus
2119 2858 2209 2911 ille
2246 2857 2359 2911 Oza

783 2946 1038 3008 consilio,
1073 2947 1241 3000 stulto
1275 2962 1501 3016 prorsus
1547 2948 1779 3017 impetu,
1817 2958 2073 3017 tanquam
2107 2946 2359 3018 quiduce

789 3037 1022 3091 rationis
1074 3038 1284 3092 lumine
1336 3038 1698 3100 destituitur,
1742 3055 1939 3094 manus
1975 3040 2219 3093 immittit
2247 3080 2261 3103 ,
2302 3051 2361 3093 ut

2457 590 2541 626 σιν
2565 574 2763 636 ἄλλοις,
2796 570 2883 626 οἷά
2917 592 3016 643 περ
3038 572 3396 640 ἀμυντηρίοις
3426 570 3785 641 χρησάμενοι,
3818 570 3899 621 ἔτι
3935 569 4035 620 καὶ

2458 664 2692 733 ξίφεσιν,
2722 663 2795 725 ὥς
2827 680 2987 729 φασιν
3020 662 3181 725 ἔνιοι,
3213 661 3380 729 ὁμόσε
3414 660 3651 730 χωροῦσι
3674 660 3863 729 θηρίου
3892 676 4035 714 παν-

2458 756 2570 817 τὸς,
2601 754 2942 820 ἀλογώτερον
2965 752 3107 806 κατά
3130 752 3236 805 τῶν
3265 753 3418 820 ἱερᾶς
3444 748 3745 820 ἐξαγωγῆς
3768 751 4037 803 διακόνων

2460 850 2690 902 ἐκείνων
2730 846 2948 900 καὶτοῦ
2974 846 3481 916 διαϐασταζομένου
3515 846 3850 916 τιμιωτάτου
3900 847 4039 913 σκή-

2457 956 2605 1001 νους.
2665 937 2905 1004 Σκηπτοὶ
2963 936 3021 989 δὲ
3047 937 3255 991 ἀνωθεν
3308 937 3406 1005 μὲν
3437 937 3495 989 ού
3526 935 3865 1002 κατέφλεξαν
3909 934 4041 996 τοὺς

2457 1029 2794 1097 ἀλιτηρίους,
2818 1028 2937 1081 οὐδὲ
2970 1028 3226 1099 κεραυνοὶ
3252 1028 3379 1088 τοὺς
3406 1027 3758 1095 παρανόμους
3793 1026 3878 1077 ἐνέ
3891 1043 4040 1096 πρη-

2458 1140 2579 1187 σαν,
2607 1121 2677 1189 γῆ
2725 1120 2781 1171 δὲ
2814 1120 2874 1172 ού
2909 1118 3183 1189 διηνοίχθη
3227 1118 3323 1171 καὶ
3357 1118 3586 1169 κατέπιε
3627 1117 3689 1168 τὸ
3728 1116 4041 1184 πάντολμον

2459 1216 2634 1281 γένος,
2667 1212 2740 1274 ὡς
2783 1212 2948 1264 πάλαι
2999 1212 3126 1273 τοὺς
3155 1212 3219 1262 ὲκ
3267 1209 3453 1281 πηγῆς
3507 1210 3605 1277 τῆς
3640 1207 3810 1275 αὐτῆς
3862 1208 4042 1260 Δαθάν

2460 1307 2666 1358 ἐκεῖνον
2692 1305 2962 1372 ἀκούομεν
2985 1303 3077 1354 καὶ
3113 1301 3409 1371 Ἀὗειρὼψ
3460 1300 3599 1354 ἀλλά
3659 1317 3744 1361 τις
3812 1300 4042 1368 ινήπτει

2459 1397 2584 1463 δίκη
2614 1398 2724 1457 τοῖς
2781 1396 3078 1464 τολμηταῖς
3141 1392 3394 1463 ἐτέρα,ἥ
3446 1394 3541 1445 καὶ
3585 1391 3679 1444 τοῦ
3726 1392 3825 1460 ζῇν
3852 1393 3899 1442 εί
3947 1392 4045 1442 καὶ

2465 1487 2539 1557 μὴ
2602 1488 2814 1556 πικρῶς
2876 1486 3121 1548 ἐκείνους
3183 1485 3512 1555 ἀφήρπασεν
3552 1523 3567 1548 ,
3631 1482 3772 1536 ἀλλά
3842 1500 3905 1549 γε
3966 1484 4043 1551 μὴ

2462 1580 2644 1632 ἄδικον
2676 1582 2837 1650 χεῖρα
2860 1581 3031 1631 κινεῖν
3058 1578 3199 1631 κατὰ
3240 1578 3348 1629 τῶν
3401 1576 3661 1630 τοιούτων
3702 1574 4041 1632 ἐπαίδευσεν.

2464 1672 2661 1733 αὐτούς
2708 1689 2766 1724 τε
2821 1672 2946 1734 τοὺς
3001 1670 3289 1739 μαθόντας,
3345 1670 3439 1723 καὶ
3499 1663 3579 1731 οἷς
3636 1670 3697 1721 τὸ
3754 1667 4046 1736 συμϐὰνοὶ

2468 1763 2770 1833 πληγέντες
2796 1761 3119 1829 ἐξέφραζον.
3163 1763 3223 1813 Ἦ
3257 1761 3379 1829 δίκη
3407 1761 3462 1812 δὲ
3490 1756 3558 1831 ἦν
3593 1760 3827 1835 ἀορασία
3860 1758 4038 1826 δεινὴ,

2469 1857 2561 1908 καὶ
2588 1856 2811 1925 τεχνικὴ
2840 1854 3136 1920 τύφλωσις,
3166 1855 3304 1923 ὅπερ
3333 1855 3501 1917 ὅντως
3564 1852 3871 1922 ἐτύγχανον
3891 1852 4047 1913 ὅντες

2468 1951 2663 2001 ἐκεῖνοι
2717 1947 2858 2001 κατά
2918 1947 3116 2017 ψυχὴν,
3173 1949 3332 2015 εἰπερ
3373 1945 3501 1998 ἄλλο
3556 1962 3630 1998 τι.
3664 1946 3771 1997 Καὶ
3799 1944 4047 2012 ἠπληγὴ

2464 2044 2563 2110 τῆς
2612 2040 2708 2110 μὲν
2738 2040 3105 2108 ἀνοσιωτάτης
3133 2040 3336 2106 ἀπάγει
3392 2037 3623 2107 τόλμης,

2466 2134 2661 2186 νᾶσθαι
2710 2133 2803 2186 καὶ
2839 2132 3203 2201 προσκόπτειν
3238 2131 3364 2193 τοὺς
3395 2129 3845 2198 πεπλανημένους
3874 2128 4047 2191 ὅντως

2467 2226 2707 2285 ἐκείνους
2732 2225 2828 2277 καὶ
2865 2222 3096 2292 μιαροὺς
3143 2221 3205 2273 οὐ
3264 2222 3453 2291 πόρῤω
3504 2219 3859 2287 προτίθησιν·
3930 2218 4048 2270 ἀλλ’

2466 2318 2661 2377 ἄθλιοι,
2698 2315 2876 2368 ἄλλων
2912 2315 3097 2376 αύτοίς
3142 2313 3485 2383 ἡγουμένων,
3544 2313 3641 2380 τῆς
3676 2309 4047 2380 ἀσυμπαθοῦς

2464 2406 2816 2474 ἐκστρατείας
2863 2403 2962 2473 τὴν
3018 2402 3235 2455 δικαίαν
3302 2402 3518 2470 ἐκείνην
3580 2404 3818 2471 μάστιγα
3863 2401 4047 2453 οἶκαδε

2466 2497 2722 2567 φέροντες
2751 2493 3130 2564 ὲθησαύριζον.

3682 2036 3772 2088 τοῦ
3797 2036 3852 2087 δὲ
3912 2037 4052 2087 πλα-

2463 2687 2487 2735 ἷ
2533 2681 2677 2749 KG".
2706 2676 2798 2740 Εἷς
2822 2681 2879 2733 δέ
2911 2697 2994 2743 τις
3020 2679 3126 2731 τῶν
3164 2678 3408 2748 βεϐήλων
3468 2677 3660 2746 ἱερέων
3697 2674 3789 2726 τοῦ
3825 2689 4054 2742 χριστο-

2468 2775 2638 2845 μάχου
2676 2771 2950 2843 συνεδρίου
2985 2770 3219 2831 ἐκείνου,
3260 2770 3333 2839 μὴ
3356 2769 3435 2838 τῷ
3462 2770 3564 2837 ἴσῳ
3601 2766 3764 2821 πάθει
3791 2766 4050 2832 πληγεὶς,

2463 2867 2657 2934 ἀφίησι
2683 2865 2780 2928 τὰς
2818 2865 3023 2933 χεῖρας,
3090 2861 3264 2922 ἄλλως
3310 2861 3386 2923 ὡς
3439 2859 3598 2923 Ὀξάν
3624 2859 3649 2897 li
3682 2859 3911 2919 ἐκεῖνος,
3948 2855 4050 2925 ὅλῃ

2466 2954 2627 3025 μωρᾷ
2676 2956 2742 3023 τῇ
2791 2952 2959 3023 ῥύμῃ,
3025 2950 3275 3018 καθάπερ
3329 2952 3404 3018 μὴ
3457 2947 3582 3000 νοῦν
3627 2947 3820 3017 ὁδηγὸν
3880 2946 4044 3014 ἔχων,

2463 3048 2601 3099 ὥστε
2661 3045 2831 3114 ἀπρὶξ
2897 3043 3190 3111 λαϐόμενος
3242 3041 3600 3111 περιγράψαι,
3654 3039 3750 3092 καὶ
3817 3040 3895 3099 εἰς
3947 3038 4054 3105 γῆν

785 3130 1061 3183 tenaciter
1095 3130 1523 3198 apprehendens
1559 3130 1797 3185 retineat
1822 3132 1988 3199 inque
2016 3142 2217 3187 terram
2233 3147 2357 3185 cum
2387 3150 2431 3206 ο
2465 3178 2466 3181 η

2387 3150 2431 3206 c
2465 3138 2673 3205 ἀτίμως
2703 3136 3034 3203 καταγαγεῖν
3057 3134 3155 3201 τὴν
3208 3133 3481 3201 πάντιμον
3515 3130 3747 3183 κιδωτὸν
3807 3129 4049 3197 ἐκείνην,

786 3223 1083 3291 ignominia
1108 3233 1322 3277 evertat
1354 3238 1538 3277 arcam
1566 3225 1711 3277 illam
1726 3239 1952 3294 prorsus
1969 3226 2358 3289 venerandam,

785 3329 848 3366 ac
882 3312 1366 3382 pretiosissimum,
1394 3315 1488 3384 qui
1518 3315 1573 3369 in
1603 3330 1668 3370 ea
1690 3315 1994 3380 ferebatur,
2017 3317 2358 3382 thesaurum,

786 3406 921 3460 illud
951 3405 1171 3475 inquam
1202 3422 1424 3475 corpus,
1452 3406 1600 3462 unde
1644 3417 1724 3462 tot
1750 3418 2029 3477 portenta,
2055 3409 2279 3478 dejiciat
2300 3426 2363 3462 ac.

786 3497 929 3552 diris
949 3498 1303 3552 contumeliis
1316 3498 1535 3554 alliciat.
1559 3498 1627 3554 At
1648 3499 1888 3569 Virginis
1906 3501 2142 3570 jacentis
2160 3502 2361 3555 invicta

789 3589 970 3644 virtus
994 3590 1083 3645 hic
1105 3605 1326 3658 quoque
1356 3591 1557 3645 mirum
1582 3591 1697 3647 edit
1731 3600 2067 3660 portentum.
2088 3591 2363 3657 Quemad-

786 3684 1011 3737 modum
1036 3684 1259 3737 cnimex
1278 3682 1621 3737 vibrantibus
1648 3698 1874 3737 arcuum
1904 3684 2089 3737 nervis
2110 3700 2166 3738 se
2188 3685 2365 3753 prori-

790 3773 1207 3842 piuntsagittat,
1242 3784 1298 3827 et
1327 3789 1437 3843 quo
1460 3774 1584 3828 latae
1623 3774 1849 3835 fuerint.
1892 3774 2105 3829 luerent
2145 3777 2358 3839 infixae;

789 3865 935 3918 baud
967 3881 1128 3920 secus
1157 3866 1385 3935 impurae
1410 3866 1515 3919 illa:
1538 3880 1734 3921 manus
1766 3855 2113 3934 simulatque
2145 3882 2362 3921 sacrum

790 3956 1055 4009 lectulum
1083 3958 1409 4026 attigerunt,
1446 3972 1551 4010 non
1592 3956 1832 4025 amplius
1865 3956 2217 4011 immittentis
2254 3958 2362 4027 jam

789 4057 971 4100 erant.
1007 4046 1127 4112 sed,
1163 4047 1569 4116 oprodigium!
1619 4048 1823 4100 lectulo
1865 4046 2077 4109 defixae,
2130 4058 2187 4101 et
2232 4063 2366 4101 con-

793 4140 1075 4192 tuentibus
1116 4154 1271 4193 nova:
1319 4139 1471 4207 impii
1507 4154 1675 4192 ausus
1709 4155 1883 4208 poma:
1912 4140 2181 4193 indicium
2236 4155 2362 4208 per-

792 4243 1134 4283 manserunt.
1168 4233 1469 4300 Aggressor
1494 4247 1657 4298 porro
1686 4232 1932 4286 scelestis
1973 4233 2082 4285 illis
2100 4233 2363 4285 multatus

793 4325 983 4376 armis.
1010 4339 1074 4375 ex
1102 4324 1239 4392 ipsis
1271 4322 1479 4377 cubitis
1510 4324 1845 4376 cernebatur
1874 4339 2124 4385 mancus,
2155 4323 2365 4376 doloris

792 4430 959 4467 sensu
989 4429 1375 4479 :erumnosus,
1413 4416 1622 4484 jactura
1681 4414 1892 4468 infelix.
1949 4414 2160 4467 Novum
2216 4414 2364 4468 enim

2470 3229 2563 3282 καὶ
2587 3228 2679 3279 τδν
2714 3229 2769 3278 ἐν
2820 3228 2958 3296 αὐτῇ
2990 3225 3317 3292 τιμιώτατον
3348 3223 3643 3293 θησαυρὸν,
3690 3222 3780 3274 τὸν
3836 3221 4055 3289 θαυμα-

2468 3317 2698 3387 τουργὸν
2748 3317 2955 3367 ἐκεῖνον
3004 3315 3149 3381 λέγω
3201 3314 3419 3384 νεκρὸν,
3469 3313 3656 3383 ἐκχέαι
3703 3312 3798 3363 καὶ
3831 3310 3899 3363 τα
3943 3312 4057 3362 δειο

2471 3410 2669 3461 νὸτατα
2720 3407 3028 3477 ἐξυϐρίσαι.
3086 3404 3227 3458 Ἀλλ’
3289 3406 3322 3475 ὴ
3379 3406 3590 3474 ἄμαχος
3638 3403 3739 3471 τῆς
3791 3402 4056 3470 κειμένης

2475 3503 2627 3571 ἰσχὺς
2680 3501 3090 3570 θαυματουργεῖ
3112 3497 3392 3551 κάνταῦθα
3416 3497 3746 3565 παράδοξον.
3779 3493 4053 3562 Καθάπερ

2471 3592 2578 3660 γάρ
2610 3590 2703 3642 τοῦ
2737 3591 3059 3657 κινήσαντος
3086 3587 3317 3657 ὀργάνου
3348 3586 3416 3637 τὰ
3444 3585 3575 3654 βέλη
3609 3586 3935 3649 διίστανται,
3969 3576 4053 3646 οἷς

2471 3683 2535 3736 ἀν
2580 3682 2799 3735 ἐπέλθοι
2847 3681 3214 3751 πηγνύμενα’
3252 3678 3427 3740 οὕτως
3483 3678 3538 3728 αἱ
3596 3675 3813 3745 βέϐηλοι
3871 3676 4054 3744 χεῖρες

2474 3777 2679 3827 ἐκεῖναι
2727 3774 2861 3844 ὁμοῦ
2908 3791 2966 3824 τε
3002 3772 3241 3840 ἔφθασαν
3302 3768 3445 3821 κατά
3472 3767 3564 3821 τοῦ
3621 3768 3767 3836 ἱεροῦ
3818 3767 4057 3835 σκίμποο

2471 3867 2580 3929 δος,
2644 3869 2738 3920 καὶ
2794 3865 2888 3917 τοῦ
2928 3864 3213 3934 βάλλοντος
3240 3860 3419 3915 οὐκέτ’
3453 3856 3615 3930 ἦσαν,
3646 3858 3758 3911 ἀλλ’
3808 3858 4054 3927 ἔμειναν,

2472 3959 2517 4011 ὦ
2566 3957 2657 4011 τοῦ
2733 3957 3041 4026 θαύματοςῐ
3105 3955 3439 4022 ἑμπαγεῖσαι
3502 3951 3577 4021 τῷ
3625 3950 3906 4019 σκίμποδι.
3960 3949 4057 4000 καὶ

2473 4056 2585 4115 τοῖς
2634 4050 2805 4120 ὁρῶσι
2863 4050 2962 4119 τὴν
3012 4048 3113 4116 τῆς
3179 4047 3423 4116 πονηρᾶς
3468 4043 3675 4115 τόλμης
3710 4042 3899 4110 καινὴν
3927 4057 4056 4108 στις⁹

2473 4144 2785 4196 λιτεύουσαι
2833 4144 3009 4211 δίκην.
3053 4142 3110 4195 Ὀ
3144 4142 3201 4195 δὲ
3230 4140 3490 4209 πολέμιος
3534 4139 3694 4209 ἄχειρ
3756 4135 4056 4196 ἐδείκνυτο,

2474 4234 2532 4298 ἐξ
2560 4233 2739 4286 αὐτῶν
2762 4232 3027 4301 ἀγκώνων
3061 4233 3127 4284 τὰ
3154 4233 3315 4284 ἄδικα
3352 4230 3481 4301 βέλη
3514 4228 3817 4299 ζημιωθεὶς
3844 4228 4056 4285 ἐκεῖνα,

2476 4327 2709 4388 ἐλεεινὸς
2755 4326 2849 4377 τοῦ
2899 4324 3125 4387 πάθους,
3178 4324 3359 4380 ἄθλιος
3414 4324 3513 4391 τῆς
3568 4320 3876 4390 συμςξορίς.
3949 4313 4062 4369 Ἤν

2476 4418 2584 4486 γάρ
2619 4417 2748 4469 ίδεῖν
2776 4416 2955 4485 θέαμα
2994 4415 3202 4478 καινὸν,
3234 4415 3332 4476 τὰς
3359 4415 3456 4481 μὲν
3485 4414 3673 4481 χεῖρας
3737 4405 4062 4478 παραδόξως

793 4508 981 4563 \idere
1010 4518 1130 4561 erat
1157 4509 1559 4575 spectaculum,
1595 4522 1796 4560 manus
1825 4506 2037 4561 scilicet
2082 4507 2365 4560 admiran-
2399 4504 2474 4555 1)·

2399 4504 2444 4555 Ῐ)
2470 4507 2561 4560 τοῦ
2585 4506 2880 4576 σκίμποδος
2904 4504 3339 4577 ἀπῃωρημένας,
3374 4504 3465 4554 καὶ
3510 4501 3712 4570 θερμὸν
3746 4498 4050 4567 ὲκρεούσαε

794 4602 924 4652 dum
979 4600 1032 4652 in
1088 4599 1309 4652 modum
1365 4614 1395 4652 e
1451 4599 1654 4652 lectulo
1704 4599 2030 4667 pendentes,
2082 4599 2369 4669 calidoque

796 4707 995 4743 cruore
1053 4700 1381 4755 manantes;
1442 4706 1568 4743 cum
1615 4706 1770 4753 vero,
1826 4690 2115 4759 qui‘prius
2144 4699 2373 4745 steterat

793 4781 993 4841 audax,
1027 4780 1175 4832 humi
1220 4782 1489 4846 iacentem
1517 4781 1790 4843 saucium,
1816 4779 2081 4847 sanguine
2112 4781 2368 4847 inquina-

794 4880 932 4933 tum,
961 4873 1262 4940 projectum
1300 4872 1453 4925 velut
1499 4870 1735 4923 cadaver
1783 4870 2079 4938 quodpiam
2111 4871 2370 4939 lacrymis

795 4961 1144 5025 plorandum,
1187 4962 1464 5016 hominem
1499 4971 1812 5015 truncatum
1846 4961 2121 5021 manibus,
2169 4971 2225 5014 et
2272 4962 2371 5015 bas

796 5054 1019 5120 quidem
1051 5070 1236 5107 coram
1273 5054 1451 5108 oculis
1477 5054 1864 5122 aspicientem,
1885 5053 1953 5107 de
1976 5054 2157 5121 primo
2178 5063 2364 5107 autem

797 5161 988 5198 carum
1027 5160 1169 5199 nexu
1205 5162 1431 5213 prorsus
1455 5146 1846 5215 desperantem
1875 5186 1889 5209 ,
1922 5155 1978 5198 et
2018 5146 2182 5201 simul
2240 5162 2367 5199 snas

2470 4592 2644 4667 αἷμα·
2701 4596 2792 4649 τὸν
2842 4596 2898 4648 δὲ
2949 4596 3082 4666 πρὶν
3137 4593 3417 4663 τολμητὴν
3486 4594 3698 4644 ἐκεῖνον
3766 4592 3909 4640 κατά
3954 4592 4062 4653 τῆς

2469 4688 2834 4759 τραυματίαν,
2879 4688 3071 4755 αἵματι
3095 4685 3470 4755 πεφυρμένον,
3505 4680 3795 4753 ὲρῤιμένον
3822 4676 3839 4715 ι
3867 4676 4064 4743 ὥσπερ

2466 4798 2518 4832 τι
2556 4781 2749 4848 πτῶμα
2774 4778 3028 4848 δακρύων
3076 4776 3247 4840 ἀξιον,
3298 4775 3591 4845 ἄνθρωπον
3640 4774 3764 4843 δίχα
3812 4771 4018 4842 χειρῶν
4048 4788 4063 4802 ο

2470 4874 2639 4934 αὐτὸς
2674 4873 2771 4941 μὲν
2796 4872 3012 4941 ὁρῶντα
3044 4871 3148 4939 πρὸ
3178 4870 3496 4938 ὀφθαλμῶν,
3526 4868 3625 4937 τὴν
3658 4867 3713 4919 δὲ
3749 4871 3881 4935 πρὶν
3919 4880 4063 4932 συμ-

2472 4964 2636 5031 φυΐαν
2685 4964 2946 5026 καθάπαξ
2998 4963 3370 5032 ἀπειρηκότα,
3413 4962 3507 5012 καὶ
3564 4959 3705 5028 μήτε
3752 4955 4067 5026 θαξιροὖντα

2479 5057 2713 5126 ζητῆσαι
2755 5054 2853 5116 τὰς
2884 5058 3093 5124 χεῖρας.
3127 5052 3223 5105 καὶ
3254 5051 3323 5104 αὖ
3360 5053 3424 5119 τῇ
3460 5048 3571 5101 τῶν
3633 5046 3812 5117 μελῶν
3868 5062 4067 5111 συῖὟί⁶

2478 5149 2597 5217 νείᾳ
2632 5148 2769 5218 πρὸς
2792 5147 2889 5216 τὴν
2916 5146 3134 5214 αἴτησιν
3166 5142 3625 5215 τυραννούμενον.

798 5256 906 5293 non
958 5244 1250 5296 audentem
1308 5257 1503 5295 manus
1534 5242 1816 5310 requirere
1842 5280 1857 5303 ,
1910 5240 2185 5309 simulque
2222 5240 2369 5310 ipsas
2410 5244 2730 5311 requirendi
2799 5242 3079 5297 desiderio
3110 5240 3182 5294 ob
3255 5241 3631 5294 membrorum
3670 5236 4060 5308 cognationem

798 5334 1201 5387 excruciatum.

866 5427 932 5478 At
962 5426 1125 5479 discit
1151 5441 1247 5494 per
1272 5441 1356 5487 ca,
1391 5440 1515 5494 qua:
1539 5438 1734 5493 passus
1765 5423 2220 5493 fucrat,jacentis
2252 5424 2364 5476 vir-

2563 5422 2701 5476 Ἀλλ’
2738 5424 3098 5490 ὲπιγινωσκει
3152 5416 3308 5474 δι’ὧν
3362 5419 3601 5473 πέπονθε
3636 5420 3732 5486 τῆς
3796 5418 4067 5485 κειμένης

2076 5584 2210 5639 Ant.
2254 5578 2547 5640 Ballerini
2590 5588 2777 5641 uotae.

875 5721 893 5747 ι
929 5712 1061 5763 Cod.
1107 5712 1133 5759 ὁ
1183 5712 1323 5761 Ζάνε
1373 5709 1526 5771 ὐζαν
1562 5718 1743 5759 autem
1788 5723 1884 5773 pro
1940 5702 2066 5765 Ὁζά
2109 5704 2269 5758 habet
2315 5716 2367 5757 et
2411 5701 2545 5758 edit.
2587 5703 2708 5757 Ald.

886 5784 895 5815 ⁵η
940 5786 1013 5835 lt.t
1039 5780 1207 5834 corlct
1238 5792 1349 5831 tum
1395 5780 1504 5843 hic,
1533 5788 1646 5829 tum
1676 5779 1832 5830 alibi.
