4258 6364
759 374 787 436 ’1
801 380 868 436 7.9

1831 380 2126 442 ISIDOIKI
2164 385 2907 446 THESSALONICENSIS

3923 391 4028 454 160

764 505 1059 558 puerorum
1091 491 1235 556 loco,
1265 505 1451 546 ramus
1484 492 1644 546 datus
1675 493 1876 555 fuerat,
1917 506 1978 548 ut
1999 511 2124 550 eum
2159 497 2342 550 Domi-
2381 501 2426 557 Α

2381 501 2426 557 Α
2457 495 2600 566 γέλῳ
2635 497 2757 550 ἀντὶ
2793 498 2901 550 τῶν
2941 497 3166 551 ἀκάκων
3200 499 3410 566 νηπίων
3471 500 3698 554 ἐκείνων
3755 501 3783 552 6
3841 499 4035 564 θαλλὸς

762 599 842 635 nae
875 583 1119 647 allen-et,
1146 599 1360 654 perque
1395 585 1447 638 id
1492 583 1834 639 referundam
1867 587 1934 641 dc
1967 597 2143 642 morte
2174 589 2347 644 victo-

761 675 896 728 riam
925 675 1277 743 signiﬁcaret.

834 765 924 818 Sic
957 775 1012 819 et
1044 767 1097 819 in
1135 765 1286 820 hisce
1345 766 1638 836 imaginem
1691 767 1859 833 illam,
1891 785 2054 837 quam
2085 770 2344 837 diximus,

761 863 950 909 exacte
987 856 1042 909 in
1073 870 1130 909 se
1155 856 1450 924 purissima
1482 858 1744 910 servavit.
1805 859 1873 911 Et
1907 875 2004 928 par
2052 872 2166 914 erat
2218 875 2345 930 pro-

759 947 926 1010 fecto,
983 955 1042 999 ut
1073 946 1217 1000 bona
1278 947 1450 1002 Mater
1482 947 1535 1001 in
1584 949 1842 1004 omnibus
1897 966 2100 1003 novum
2149 951 2346 1006 Filium

759 1039 1089 1101 imitaretur,
1141 1039 1417 1108 simulque
1459 1049 1524 1092 ut
1575 1039 1664 1094 hic
1715 1057 1916 1094 novum
1947 1041 2078 1110 quid
2102 1042 2250 1095 etab
2282 1043 2348 1096 iis

757 1130 920 1200 plane
966 1130 1246 1184 diversum
1313 1131 1490 1197 ﬁeret,
1542 1149 1664 1202 qua:
1699 1133 1838 1187 inter
1893 1134 2033 1188 ﬁlios
2085 1143 2348 1190 consueto

761 1230 975 1276 naturze
1005 1223 1202 1278 ordine
1223 1225 1542 1294 progenitos
1567 1240 1870 1294 eorumque
1898 1237 2153 1296 parentes
2171 1228 2349 1282 solent

759 1312 1108 1382 contingere.
1159 1314 1288 1369 Fert
1343 1315 1489 1369 enim
1530 1324 1742 1369 naturae
1787 1317 1898 1378 lex,
1931 1328 1990 1372 ut
2018 1316 2178 1369 bonis
2225 1316 2349 1372 ﬁliis

755 1406 954 1472 optimi
981 1417 1166 1474 patres
1199 1423 1298 1461 ceu
1357 1409 1642 1477 exemplar
1671 1419 2092 1479 proponantur;
2151 1418 2212 1463 ut
2244 1412 2351 1464 sci-

759 1495 889 1548 licet
922 1511 985 1548 ex
1015 1496 1278 1550 diuturna
1317 1498 1683 1567 experientia,
1716 1514 1836 1568 quae
1866 1515 1932 1553 ex
1962 1501 2144 1570 elapsa
2189 1510 2351 1556 aetate

757 1589 1084 1656 parentibus
1176 1591 1433 1654 accessit,
1517 1591 1726 1660 optima
1801 1607 2032 1661 quaeque
2093 1593 2351 1659 colligere

759 1690 984 1750 queant.
1012 1682 1078 1736 At
1104 1683 1158 1736 in
1189 1699 1328 1738 nova
1366 1684 1458 1738 Dei
1491 1684 1662 1738 Matre
1693 1700 1724 1739 e
1785 1685 2066 1739 contrario
2125 1701 2353 1754 prorsus

761 1787 820 1828 se
854 1789 942 1828 res
970 1775 1177 1839 habuit,
1209 1784 1265 1831 et
1297 1777 1450 1830 Matri
1485 1793 1662 1832 novus
1704 1781 1822 1848 ejus
1857 1778 2027 1832 Filius
2061 1778 2113 1831 iu
2161 1793 2348 1831 exem-

2456 587 2852 656 ἐγκεχείριστο,
2923 588 3007 640 ἵνα
3088 589 3154 657 τῇ
3243 589 3511 660 Δεσποίνῃ
3571 590 3819 662 προσάξῃ
3845 593 4040 656 ³,καὶ

2455 673 2551 743 τὴν
2581 674 2675 726 τοῦ
2706 675 2938 727 θανάτου
2961 675 3118 742 νίκην
3150 676 3468 747 ὑπογράφῃ.

2530 765 2715 828 Οὖτως
2745 767 2776 833 ὴ
2808 766 3081 833 πάναγνος
3109 767 3352 836 ἀκριϐῶς
3383 769 3660 822 κάνταῦθα
3701 772 3799 833 τὴν
3853 773 4039 841 δηλωο

2459 856 2643 908 θεῖσαν
2699 856 2955 908 διέσωσεν
3012 859 3197 909 εἰκόνα
3263 860 3500 928 ἐκείνην.
3556 861 3702 913 Ἔδει
3797 864 3907 932 γὰρ
3964 867 4035 934 τῇ

2458 949 2637 1018 ἀγαθῇ
2680 951 2863 1019 Μητρὶ
2903 949 2989 1016 ἐφ’
3032 950 3206 1002 ἀπασι
3245 950 3339 1002 τὸν
3374 953 3560 1005 καινὸν
3620 955 4040 1022 ἐκμιμήσασθαι

2457 1042 2587 1094 Υἱόν
2609 1058 2621 1071 ·
2654 1043 2840 1096 καινὸν
2871 1042 2924 1094 δέ
2947 1059 3000 1095 τι
3040 1045 3134 1095 καὶ
3178 1044 3538 1114 ἀντίστριςιον
3571 1046 4040 1115 καινοτομηθῆναι

2457 1133 2688 1186 ἐνταῦθα
2725 1133 2874 1202 παρά
2917 1149 2978 1199 γε
3014 1133 3081 1184 τὰ
3123 1136 3235 1194 τοῖς
3296 1133 3437 1185 κατὰ
3489 1133 3653 1201 φύσιν
3714 1137 3856 1187 υἱέσι
3895 1136 4037 1204 πρὸς

2455 1226 2580 1287 τοὺς
2610 1224 2866 1286 τεκόντας
2897 1224 3287 1292 τελούμειαευ
3323 1227 3418 1294 μὲν
3439 1229 3785 1294 γάρφυσικδς
3821 1245 4042 1295 cum“),

2461 1318 2543 1385 ρεῖ
2565 1316 2724 1384 νόμος
2756 1319 2866 1376 τοῖς
2903 1316 3130 1382 ἀγαθοῖς
3159 1318 3264 1368 τῶν
3296 1318 3504 1370 παίδων
3536 1319 3848 1387 ἀρχέτυπον
3904 1319 4038 1379 τοὺς

2461 1407 2718 1476 ἀρίστους
2753 1407 3078 1476 προκεῖσθαι
3118 1408 3356 1477 πατέρας
3385 1425 3398 1439 ·
3469 1409 3538 1461 ἶν’
3575 1410 3749 1478 ἔχοιεν
3807 1413 3868 1462 ἐκ
3933 1411 4045 1478 τῆς

2459 1495 2836 1564 πρεσϐυτέρας
2878 1497 3094 1565 πείρας,
3125 1497 3191 1568 ἣν
3242 1499 3269 1549 6
3309 1498 3523 1564 φθάσας
3583 1501 3773 1570 χρόνος
3823 1501 4044 1570 ἐχορή-

2460 1603 2596 1656 γησε
2622 1589 2733 1648 τοῖς
2780 1588 3024 1651 τοκεῦσι,
3081 1589 3365 1654 συλλέγειν
3420 1591 3486 1642 τὰ
3553 1592 3852 1644 κάλλιστα’
3940 1593 4042 1643 ἐπὶ

2462 1679 2518 1732 δὲ
2560 1680 2659 1748 τῆς
2697 1681 2887 1749 καινῆς
2923 1681 3016 1733 τοῦ
3051 1681 3184 1734 Θεοῦ
3215 1682 3439 1752 Μητρὸς
3472 1684 3779 1735 τούναντίον
3813 1686 4044 1752 γέγονεν

2462 1771 2630 1835 am,
2663 1773 2758 1825 καὶ
2790 1774 2816 1824 6
2847 1774 2962 1836 νέος
3002 1775 3218 1843 ἐκείνης
3277 1776 3404 1838 Υίδς
3456 1778 3534 1838 εἰς
3604 1778 3909 1845 ἀρχέτυπον
3967 1781 4042 1846 τῇ

756 1865 878 1934 plar
938 1878 1022 1921 est
1069 1870 1410 1938 propositus,
1478 1870 1532 1924 in
1591 1847 1824 1940 eamque
1881 1871 2000 1925 Filii
2053 1871 2342 1940 imaginem
2376 1847 2422 1906 Β

2376 1847 2422 1906 Β
2452 1863 2637 1933 Μητρὶ
2686 1866 2976 1936 προύτέθη.
3030 1867 3121 1920 καὶ
3180 1868 3315 1937 προς
3364 1868 3574 1937 ἐκείνην
3634 1870 3894 1940 ἀφορῶσι
3936 1869 4034 1923 τοῦ

755 1959 946 2013 oculos
972 1961 1270 2028 purissima
1303 1963 1392 2016 illa
1423 1963 1685 2032 deﬁgens,
1711 1973 1768 2017 et
1793 1963 2005 2016 colores
2033 1971 2089 2016 et
2109 1963 2345 2017 formam

755 2055 815 2100 et
855 2049 1186 2104 lineamenta
1242 2051 1297 2104 in
1330 2053 1679 2119 semetipsam
1715 2050 2103 2104 transferebat.
2162 2051 2351 2119 Neque

755 2155 890 2195 vero
943 2150 1142 2210 przeter
1194 2143 1461 2196 rationem
1514 2143 1566 2196 id
1625 2143 1830 2196 factum
1881 2152 1985 2197 est.
2044 2143 2160 2196 Alia
2203 2143 2350 2196 enim

757 2233 1092 2302 sublimique
1131 2235 1341 2288 ratione
1377 2236 1616 2290 Verbum
1645 2235 1876 2290 Creator
1898 2252 1962 2289 ac
2038 2235 2351 2303 purissimae

758 2328 928 2380 Filius
959 2342 1089 2383 vere
1147 2338 1472 2398 prototypus
1510 2338 1566 2383 et
1592 2330 1786 2399 quavis
1822 2344 1881 2382 re
1924 2329 2028 2381 alia
2073 2327 2352 2396 antiquior

757 2419 1093 2481 exsistebat;
1161 2418 1394 2488 ideoque
1473 2435 1750 2488 congruas
1805 2419 2125 2474 servabatur
2190 2417 2350 2479 ordo,

764 2521 822 2563 ut
873 2511 927 2564 in
986 2511 1304 2566 inferiorem
1358 2512 1529 2568 decus
1577 2528 1739 2567 omne
1789 2528 1820 2566 e
1882 2513 2168 2581 superiore
2222 2527 2350 2582 pro-

764 2605 983 2656 llucret.

831 2694 1075 2748 XXXIII.
1116 2695 1385 2761 Quoniam
1438 2695 1550 2764 (25)
1598 2706 1780 2750 autem
1831 2697 1897 2749 dc
1953 2696 2129 2764 palma
2191 2696 2352 2764 paulo

760 2794 886 2838 ante
935 2785 1198 2848 diximus,
1277 2801 1499 2840 necesse
1548 2802 1666 2841 esse
1713 2787 1991 2848 existimo,
2037 2796 2091 2840 et
2137 2789 2352 2841 arboris

762 2878 1126 2945 proprietates
1183 2877 1586 2939 demonstrare,
1645 2887 1700 2932 ct
1755 2894 1917 2947 quant
1980 2880 2096 2931 ista:
2151 2879 2355 2932 habent

761 2970 1181 3024 similitudinem
1229 2985 1354 3024 cum
1437 2971 1731 3039 purissima
1807 2971 2110 3024 secundum
2171 2986 2352 3024 meum

759 3050 1056 3116 iudicium.
1133 3061 1402 3128 Quoniam
1471 3063 1515 3116 si
1606 3079 1712 3116 non
1788 3063 1944 3115 valde
2020 3063 2356 3117 conveniens

2455 1956 2583 2008 Υίοῦ
2617 1955 2716 2027 τὴν
2758 1957 2943 2011 είκόνα.
2977 1959 3010 2026 ἡ
3060 1961 3360 2026 Πάναγνος,
3395 1965 3486 2012 καὶ
3517 1961 3712 2031 ἑαυτὴν
3764 1960 4043 2028 ἐχρώννυε

2453 2048 2547 2100 καὶ
2575 2047 2871 2117 διεμόρςρου
2909 2054 3001 2102 καὶ
3027 2050 3364 2114 διεικόνιζεν.
3403 2051 3541 2104 Ἀλλ’
3580 2053 3678 2104 οὒκ
3737 2053 3842 2117 ἔξω
3872 2053 4042 2120 λόγου

2455 2137 2749 2193 καὶτοῦτο.
2788 2135 2897 2191 ἾΙν
2929 2141 3038 2210 γὰρ
3066 2141 3189 2193 καθ’
3229 2142 3418 2211 ἕτερον
3451 2145 3547 2195 καὶ
3576 2143 3780 2211 ὑψηλὸν
3832 2146 4041 2213 τρόπον

2453 2232 2812 2302 πρωτότυπον
2843 2232 3010 2297 ὅντως
3066 2235 3162 2286 καὶ
3205 2235 3405 2296 παντὸς
3457 2236 3619 2290 ἄλλου
3663 2237 4042 2306 πρεσῦζτερον

2451 2325 2478 2376 ὁ
2517 2324 2864 2394 Δημιουργὸς
2891 2325 3064 2391 Λόγος
3105 2327 3202 2378 καὶ
3236 2325 3361 2388 Υἱὸς
3421 2328 3517 2394 τῆς
3568 2329 3845 2394 πανέιγνευ
3874 2346 3884 2356 ·
3940 2331 4044 2381 καὶ

2451 2415 2539 2468 διὰ
2568 2416 2712 2469 τοῦτ’
2741 2417 2976 2482 ἐσώζετο
2997 2418 3057 2470 τὸ
3084 2419 3254 2482 εἰκὸς,
3318 2420 3412 2470 τοῦ
3490 2420 3765 2484 ἐλάττονος
3818 2422 3924 2474 ἀπό
3967 2439 4035 2488 γε

2455 2507 2549 2560 τοῦ
2583 2510 2894 2579 κρείττονος
2917 2510 3214 2579 δεχομένου
3253 2513 3346 2580 τὴν
3382 2513 3660 2577 εὐλογίαν.

2519 2685 2640 2739 AI".
2680 2689 2832 2740 Ἐπεὶ
2863 2689 2906 2741 δ’
2937 2689 2964 2740 6
2989 2689 3144 2756 λόγος
3173 2691 3300 2759 περὶ
3331 2689 3422 2742 τοῦ
3468 2689 3709 2759 φοίνικος
3748 2693 3943 2760 μικρόν
3985 2710 4045 2745 τι

2459 2778 2666 2844 φθάσας
2691 2779 2980 2846 ἐδήλωσεν,
3013 2783 3312 2846 ἀναγκαῖον
3340 2777 3495 2849 οἶμαι
3529 2783 3624 2843 τάς
3661 2799 3716 2834 τε
3757 2782 4046 2850 ἰδιότητας

2465 2869 2629 2932 δεῖξαι
2659 2868 2749 2920 τοῦ
2783 2870 3028 2939 δένδρου,
3063 2873 3157 2923 καὶ
3210 2873 3297 2924 ὃτι
3365 2874 3621 2941 φέρουσιν
3681 2869 3839 2925 αὗται
3900 2875 4046 2944 πρὶς

2455 2955 2552 3030 τὴν
2583 2963 2886 3030 11ἀναγνον,
2918 2964 3059 3016 κατά
3088 2981 3151 3032 γε
3195 2966 3287 3016 τὸν
3316 2965 3448 3033 ἐμὸν
3493 2965 3669 3032 λόγον,
3752 2967 3902 3018 Ἐπεὶ
3937 2967 4050 3018 οὐκ

2458 3053 2546 3117 ἂν,
2572 3055 2620 3104 εί
2655 3056 2728 3124 μὴ
2761 3055 2966 3125 σφόδρα
3007 3056 3288 3126 προσῆκεν
3324 3057 3486 3126 αὐτῇ,
3540 3056 3780 3110 τοιοῦτον
3812 3058 4048 3128 εἴληφεν

761 3162 913 3206 esset
969 3153 1095 3222 ipsi,
1159 3169 1268 3206 non
1326 3153 1517 3223 utique
1583 3153 1744 3207 talem
1799 3169 1829 3207 a
1881 3155 1992 3208 Deo
2054 3154 2427 3253 accepissetC

1241 3170 1268 3206 u
1326 3153 1517 3223 utique
1583 3153 1744 3207 talem
1799 3169 1829 3207 a
1881 3155 1992 3208 Deo
2054 3154 2355 3222 accepisset
2383 3193 2427 3253 C
2460 3146 2522 3196 ἐκ
2548 3145 2683 3196 Θεοῦ
2711 3146 2922 3200 κλάδον.

766 3261 823 3296 ra
833 3260 1005 3296 11111111.

837 3336 1022 3388 Palma
1075 3335 1244 3389 arbor
1305 3351 1498 3405 parum
1549 3335 1771 3406 quidem
1825 3345 2185 3390 conversatur
2227 3351 2350 3389 cum

767 3437 931 3489 terra,
959 3438 1016 3479 et
1044 3435 1279 3488 tantum,
1328 3411 1594 3495 quantum
1639 3427 1814 3495 possit
1875 3426 2247 3481 necessarium
2287 3426 2350 3478 ad

764 3534 926 3571 suum
961 3527 1165 3572 statum
1225 3519 1516 3572 humorem
1571 3519 1871 3572 attrahere.
1922 3517 2123 3571 Tendit
2168 3527 2352 3571 autem

765 3627 1000 3674 sursum,
1039 3621 1252 3666 erectos
1276 3611 1592 3680 producens
1621 3626 1842 3676 ramos;
1895 3619 1950 3663 et
1975 3608 2042 3662 ad
2085 3625 2352 3663 summam

765 3717 864 3756 eos
913 3703 1269 3758 altitudinem
1330 3704 1602 3773 porrigit,
1653 3704 1724 3756 ita
1753 3714 1812 3756 ut
1855 3703 1948 3769 qui
1999 3701 2230 3766 videret,
2288 3702 2353 3755 ad

765 3793 964 3847 uelum
1028 3797 1318 3863 pervenire
1371 3794 1622 3848 arborem
1657 3793 1900 3864 cogitare
1946 3792 2174 3847 diceret.
2236 3792 2357 3846 Ilaec

768 3899 900 3938 vero
951 3885 1240 3940 manifeste
1273 3885 1515 3955 eﬂigiant
1571 3900 1784 3939 summe
1817 3884 2146 3937 laudandam
2181 3883 2357 3952 Virgi-

765 3993 914 4031 nem.
958 3977 1092 4030 Nam
1123 3979 1210 4032 illa
1244 3993 1463 4046 quoque
1510 3993 1682 4047 pauca
1736 3976 1957 4045 quidem
2010 3976 2355 4028 terrestrium

767 4070 1170 4138 participabat;
1199 4069 1324 4123 dico
1356 4080 1538 4124 autem
1589 4070 1935 4132 alimentum,
1966 4085 2244 4131 somnum,
2302 4078 2358 4121 et

767 4176 1108 4230 qumcunque
1142 4172 1270 4216 sunt
1305 4163 1637 4216 necessaria.
1702 4163 1791 4215 Sic
1826 4161 1974 4214 enim
2005 4161 2120 4214 haec
2165 4161 2356 4214 mode-

769 4266 852 4308 ste
883 4254 1270 4323 participabat,
1304 4266 1357 4308 et
1387 4264 1446 4308 ut
1507 4252 1877 4308 necessarium
1910 4261 1995 4306 est
2029 4252 2258 4316 homini,
2297 4262 2358 4306 ut

769 4345 1090 4398 ostenderet
1114 4346 1258 4414 quod
1291 4361 1358 4398 ex
1392 4345 1709 4399 hominibus
1737 4353 1856 4396 orta
1888 4353 1972 4396 est
2000 4360 2012 4394 :
2059 4343 2359 4412 omniaque

771 4439 876 4490 fert
905 4437 1021 4505 ipsa
1055 4439 1308 4492 humana:
1330 4438 1490 4507 legis,
1509 4439 1760 4506 quamvis
1785 4436 2088 4491 secundum
2115 4434 2355 4489 animam

2530 3325 2590 3375 '0
2624 3325 2878 3395 φοίνιξτὺ
2907 3327 3120 3396 δένδρον
3158 3327 3363 3397 βραχέα
3417 3327 3515 3395 μὲν
3547 3329 3612 3396 τῇ
3643 3329 3711 3396 γῇ
3763 3343 4047 3396 προσομι-

2455 3416 2538 3468 λεῖ
2569 3433 2582 3447 ο
2611 3419 2705 3469 καὶ
2733 3417 3009 3482 τοσοῦτον,
3041 3418 3167 3471 ὅσον
3203 3420 3303 3487 τὴν
3352 3418 3663 3485 ἀναγκαίαν
3716 3418 3896 3470 ’έλκῖιν
3953 3423 4046 3470 ἰκ-

2459 3509 2602 3578 μάδα
2634 3510 2773 3579 πρὸς
2822 3510 3014 3562 στάσιν
3068 3511 3166 3579 τὴν
3220 3509 3458 3562 ἑαυτοῦ’
3519 3509 3739 3562 σπεύδει
3790 3511 3844 3563 δὲ
3893 3511 4040 3572 ἂνω,

2457 3599 2687 3660 κλάδους
2731 3599 2997 3661 ίθυτενείς
3029 3600 3375 3670 προϐάλλων,
3415 3601 3509 3653 καὶ
3539 3601 3766 3663 τούτους
3800 3602 3891 3652 ἐπὶ
3931 3602 4047 3670 μή·

2457 3708 2642 3743 κιστον
2678 3691 2812 3759 ὕψος
2840 3693 3145 3754 ἀναδιδοὺς,
3170 3693 3247 3754 ὡς
3284 3691 3490 3758 φθάσαι
3523 3693 3616 3744 τὸν
3671 3693 3896 3760 οὐρανὸν
3955 3692 4045 3745 εἷ-

2462 3800 2563 3835 πεν
2595 3783 2660 3836 ἄν
2689 3801 2775 3842 τις
2812 3784 2936 3835 ἰδὼν
2969 3785 3204 3852 μελέτην
3237 3784 3413 3836 θεῖναι
3459 3784 3521 3836 τὸ
3579 3785 3817 3851 δένδρον.
3852 3784 4046 3837 Ταῦτα

2455 3875 2512 3928 δὲ
2557 3877 2744 3942 casti);
2777 3876 3152 3945 εἰκονίζειτὴν
3188 3877 3589 3945 πολυύμνητον.
3653 3878 3890 3946 Κάκείνη
3927 3879 4046 3947 γὰρ

2457 3968 2615 4034 ὀλίγα
2651 3972 2749 4036 μὲν
2773 3968 2883 4020 τῶν
2917 3971 3119 4036 γηΐνων
3165 3969 3443 4020 ἐκοινώνει
3473 3983 3488 3998 ’
3517 3969 3663 4036 φημὶ
3693 3967 3749 4020 δὲ
3804 3969 3982 4039 τροςὴ
4002 3993 4044 4034 ί,

2461 4061 2653 4122 ὕπνον,
2678 4061 2775 4111 καὶ
2801 4061 2899 4112 ὅσα
2931 4062 3040 4112 τῶν
3070 4061 3394 4128 ἀναγκαίων
3429 4077 3442 4090 ⁸
3479 4059 3624 4112 οὕτω
3685 4061 3794 4129 γὰρ
3829 4062 4046 4114 τούτων

2459 4155 2568 4222 ἄρα
2625 4155 2842 4220 μετεῖχε
2875 4151 3192 4219 σωφρόνως,
3225 4153 3321 4203 καὶ
3370 4150 3445 4213 ὡς
3477 4152 3782 4218 ἀναγκαῖον
3818 4150 4044 4221 ἁνθρῶο

2460 4263 2569 4312 πῳ,
2600 4243 2728 4296 ὥσθ’
2753 4245 2833 4296 ὅτι
2877 4260 2935 4294 τε
2971 4244 3027 4308 ἐξ
3058 4245 3364 4312 ἀνθρώπων
3394 4247 3423 4312 ἡ
3468 4244 3698 4311 πρόοδος
3736 4245 3874 4313 αὐτῇ
3906 4245 4030 4296 δεῖ-

2461 4337 2573 4401 ξαι,
2599 4335 2778 4387 πάντα
2827 4351 2886 4385 τε
2915 4334 3052 4403 αὕτη
3082 4335 3236 4403 φέρει
3261 4335 3355 4388 τοῦ
3379 4335 3731 4402 ἀνθρωπείου
3763 4337 3959 4404 νόμου,
3983 4339 4040 4388 εί

2460 4430 2553 4481 καὶ
2594 4427 2691 4497 τὴν
2730 4426 2957 4497 γνώμην
3015 4428 3150 4496 πρὸς
3221 4427 3542 4496 ἀνθρώπους
3602 4429 3703 4480 οὐκ
3745 4424 3879 4498 ἧντι
3918 4445 4043 4482 κοιο

775 4530 910 4582 nihil
959 4547 1080 4582 cum
1133 4531 1450 4584 hominibus
1507 4545 1796 4583 commune
1838 4538 1956 4581 erat
2017 4529 2347 4598 purissimae.
2386 4530 2427 4583 ι)

2386 4530 2427 4583 ι)
2457 4522 2546 4570 νὺν
2601 4521 2667 4589 τῇ
2695 4517 2959 4587 πανάγνῳ
2991 4535 3004 4548 ·
3039 4520 3106 4570 τὰ
3135 4517 3306 4569 πλείω
3331 4518 3387 4570 δὲ
3414 4519 3505 4569 καὶ
3548 4518 3646 4570 ὅσα
3696 4521 3832 4587 πρὸς
3876 4519 4043 4586 λόγον

771 4619 828 4670 In
862 4618 1117 4686 pluribus
1148 4631 1359 4683 autem,
1395 4634 1518 4687 qua:
1559 4617 1623 4670 ad
1683 4618 1955 4670 rationem
2010 4616 2204 4670 anima:
2237 4631 2360 4685 spe-

768 4722 946 4773 ctant,
1006 4727 1228 4764 sursum
1295 4710 1362 4763 ad
1419 4709 1674 4764 sublimia
1715 4720 1770 4762 et
1843 4709 1910 4762 ad
1945 4709 2144 4762 cmlum
2182 4709 2363 4778 ipsum

771 4804 1152 4870 percurrebat,
1184 4813 1240 4857 et
1266 4803 1424 4872 quasi
1456 4817 1600 4870 equo
1633 4802 1889 4854 celeriter
1927 4801 2252 4853 vehebatur.

843 4893 998 4944 Sicut
1049 4894 1197 4944 enim
1258 4890 1539 4955 animalia,
1597 4906 1719 4958 quae
1768 4890 1872 4943 alis
1935 4889 2159 4958 praedita
2208 4899 2359 4955 sunt,

772 4988 1118 5042 descendunt
1156 4989 1377 5057 quidem
1423 4988 1476 5040 in
1538 4996 1767 5050 terram,
1828 4988 2208 5039 necessitatem
2257 5001 2355 5039 na-

771 5093 908 5136 tura:
951 5082 1312 5142 consolantia.
1366 5081 1462 5134 sed
1489 5097 1709 5149 semper
1736 5133 1747 5142 ,
1774 5079 2034 5134 sublimia
2067 5089 2123 5132 et
2172 5093 2357 5132 aerem

772 5175 1110 5232 desiderant,
1139 5184 1194 5228 et
1243 5190 1366 5228 cum
1412 5173 1734 5227 hominibus
1783 5171 2098 5226 conversari
2123 5170 2358 5233 nolunt;

773 5268 855 5318 sic
895 5282 950 5318 se
984 5265 1220 5319 habebat
1257 5267 1321 5318 ad
1353 5275 1552 5319 terram
1596 5265 1819 5334 quidem
1868 5264 2186 5332 purissima,
2219 5279 2360 5330 quo-

775 5363 918 5412 niam
959 5358 1120 5411 homo
1153 5371 1310 5426 erat;
1349 5368 1576 5426 propter
1607 5358 1932 5411 modestiam
1979 5365 2161 5410 autem
2193 5355 2360 5410 animi

2459 4612 2605 4664 ’έλκει
2633 4611 2828 4681 ψυχῆς,
2849 4611 2962 4664 ἄνω
2989 4626 3048 4662 τε
3078 4611 3213 4680 πρὸς
3239 4609 3416 4679 ὑψηλὰ
3452 4611 3545 4662 καὶ
3578 4610 3721 4680 ὑπὲρ
3799 4613 4044 4680 οὐρανὸν

2459 4701 2622 4754 αὑτὸν
2651 4700 2817 4752 διέθει
2840 4717 2899 4752 τε
2929 4701 3023 4753 καὶ
3058 4700 3336 4754 διίππευε.

2521 4881 2788 4949 Καθάπερ
2829 4889 2938 4950 γαρ
2963 4881 3071 4932 τῶν
3104 4881 3277 4946 ζώων,
3311 4883 3409 4934 ὅσα
3431 4882 3619 4951 τρέᾳει
3651 4881 3869 4951 πτερὸν,
3896 4883 4042 4936 κάτ-

2459 4993 2566 5027 εισι
2605 4975 2705 5043 μὲν
2746 4976 2825 5036 είς
2874 4974 2998 5040 γῆν,
3050 4975 3147 5044 τὴν
3181 4974 3416 5042 φυσικὴν
3477 4975 3725 5042 ἀνάγκην
3777 4991 4042 5043 παραμυ-

2459 5067 2721 5134 θούμενα,
2772 5067 2912 5118 τὸδὲ
2961 5066 3093 5134 ὕψος
3121 5067 3209 5118 ἀεὶ
3251 5067 3344 5116 καὶ
3373 5065 3464 5118 τὸν
3528 5066 3664 5138 ἀέρα
3732 5066 3905 5122 ποθεῖ,
3943 5069 4041 5117 καὶ

2457 5163 2568 5221 τοῖ,
2603 5159 2915 5230 ἀνθρώποις
2951 5161 3233 5212 κοινωνεῖν
3267 5159 3362 5227 οὐχ
3411 5159 3649 5226 αἱρεῖται
3679 5172 3690 5184 ·
3722 5156 3894 5219 οὕτως
3920 5153 4040 5228 εἶχε

2461 5256 2593 5324 πρὸς
2619 5255 2720 5322 γῆν
2745 5255 2842 5322 μὲν
2873 5255 2906 5323 ἡ
2942 5253 3239 5318 πάναγνος,
3265 5250 3398 5303 διότι
3426 5251 3733 5320 ἄνθρωπος,
3761 5250 3848 5303 διὰ
3879 5251 3937 5302 δὲ
3976 5253 4038 5304 τέ

2463 5346 2683 5416 σῶφρον
2710 5344 2808 5412 τῆς
2831 5343 3078 5414 γνώμης,
3115 5345 3252 5416 πρὸς
3289 5343 3544 5412 μετέωρά
3611 5359 3666 5394 τε
3706 5343 3798 5394 καὶ
3865 5342 3986 5393 θςῖα
4022 5358 4036 5373 ο

2043 5519 2180 5572 Ant.
2223 5511 2514 5572 Ballerini
2559 5518 2724 5571 nota)

850 5675 884 5694 "
922 5668 1129 5719 l'oster.
1164 5683 1312 5719 tuan.
1361 5666 1698 5734 προσαγάγῃ.

847 5737 960 5800 (:23)
997 5735 1166 5805 liuius
1190 5739 1512 5804 paragrapiii
1548 5739 1854 5788 versionem
1893 5735 2152 5805 praebeo,
2186 5752 2349 5802 quam

782 5803 1110 5871 Hippolytus
1139 5803 1436 5861 Marrucinis
1459 5807 1563 5868 iam
1601 5806 1939 5872 vulgaverat.
1974 5803 2162 5872 Neque
2205 5805 2350 5860 enim

2473 5677 2565 5726 opr
2581 5676 2651 5712 ra:
2705 5661 2939 5728 pretium
2984 5671 3121 5720 erat,
3157 5657 3285 5712 huic
3320 5658 3623 5728 particulm,
3659 5673 3821 5725 quam
3851 5657 4030 5713 dnbix

2454 5746 2682 5798 prorsus
2740 5731 2866 5782 tidci
2916 5745 3036 5785 esse
3092 5734 3145 5786 in
3185 5730 3512 5783 I‘ratl'atiune
3565 5727 3700 5791 disi,
3738 5728 4033 5784 ulteriore:

2453 5815 2616 5855 curas
2650 5800 2932 5855 abhibcrc.
