4258 6364
160 396 246 459 161

1094 392 1352 454 SERMO
1385 388 1471 452 IN
1511 389 2063 451 lJOltMl'l'lUNEftl
2116 392 2174 449 ll.
2241 392 2307 449 Υ.
2350 389 2637 451 MARLE.

3342 398 3446 461 162

154 521 244 568 καὶ
274 512 546 579 καθάπερ
577 511 603 562 ό
635 505 919 577 ὀφθαλμός
955 507 1059 576 ὁρᾷ
1095 508 1194 573 μὲν
1241 507 1309 560 τὰ
1348 508 1543 577 ὁρατὰ,
1574 508 1741 576 ψαύει

1858 500 2101 553 sublimia
2175 511 2229 554 (ιι
2288 501 2471 555 divina
2529 504 3025 572 contemplabatur.
3084 508 3446 578 thuemad-

152 608 205 659 6‘:
239 602 471 663 οὐδενὸς
526 599 638 652 τῶν
696 596 997 668 ὁρωμένων
1060 596 1223 664 ἡτοῦ
1272 596 1553 666 ὀφθαλμοῦ
1592 596 1749 667 σάρξ,

153 693 271 745 οῦδὲ
302 691 410 759 τῆς
443 689 708 757 τοιαύτης
739 687 914 739 δεῖται
940 685 1035 737 τοῦ
1085 685 1260 752 θίγειν
1315 688 1439 756 (sic)
1480 689 1752 755 ἀνάγκης,

154 787 240 835 ἵνα
275 786 398 845 τοῖς
428 780 732 848 θεωμένοις
764 778 1108 847 προσϐάλλῃ,
1163 778 1301 830 ἀλλὰ
1365 784 1619 833 κοινωνεῖ
1654 781 1753 849 μὲν

154 876 337 943 ηόψις
356 872 456 926 τοῦ
489 872 885 942 προκειμένου,
921 871 1073 939 μένει
1115 870 1172 922 δὲ
1202 873 1235 940 η
1284 871 1384 939 τῆς
1440 872 1617 940 ὅψεως
1654 873 1753 941 ὕλη

152 966 605 1033 ἀπαράπαυστος
635 963 745 1015 τῶν
782 961 1129 1030 φαινομένων
1158 977 1171 990 ·
1227 963 1318 1014 τὸν
1360 963 1524 1015 αὐτὸν
1547 964 1610 1032 δὴ
1634 965 1757 1032 τρό-

152 1071 253 1105 πον
289 1054 394 1104 καὶ⁵
417 1052 772 1105 κοινωνοῦσα
800 1053 897 1104 καὶ
931 1051 1163 1120 ἄμικτος
1203 1050 1312 1103 τῶν
1354 1051 1447 1105 τοῦ
1475 1054 1600 1122 χοὸς
1628 1054 1757 1125 έμε-

154 1161 240 1193 νεν
280 1144 315 1210 ἡ
354 1142 507 1193 πανά
515 1160 600 1211 μω
609 1159 732 1210 μος.

214 1235 608 1305 Πρόσεστιτῷ
661 1237 867 1303 φοίνικι
923 1238 1018 1289 καὶ
1084 1233 1283 1301 ἰδιότης
1334 1236 1496 1305 ἑτέρα
1532 1255 1547 1272 ο
1607 1239 1750 1308 ἡδὲ,

153 1328 381 1395 πρόεισι
418 1326 525 1391 μὲν
545 1329 644 1395 τῆς
675 1330 777 1393 γῆς
817 1328 845 1379 ὁ
876 1327 1076 1395 φοίνιξ,
1109 1330 1185 1391 ὡς
1212 1330 1307 1382 καὶ
1342 1331 1411 1382 τὰ
1447 1331 1610 1381 λοιπὰ
1644 1330 1755 1379 τῶν

151 1419 414 1489 δένδρων,
446 1419 673 1483 αὐξάνει
704 1419 849 1471 δὲού
894 1420 1015 1471 κατ’
1046 1423 1422 1484 exerunt-eoa;
1483 1421 1580 1491 μὲν
1648 1423 1755 1490 γὰρ

152 1512 388 1571 κὶάδους
419 1511 516 1561 ἐπὶ
545 1510 691 1578 μέγα
722 1512 870 1580 αἴρει
907 1513 1106 1581 μῆκος,
1172 1514 1248 1576 ὡς
1302 1515 1540 1583 εἴρηται,
1604 1515 1664 1565 τὸ
1696 1513 1754 1564 δέ

154 1622 212 1670 γε
238 1603 348 1670 τῆς
375 1603 629 1672 κορυφῆς
659 1604 857 1672 πάχος,
880 1604 1004 1655 ὅσον
1042 1604 1109 1657 ἂν
1146 1605 1248 1673 τῆς
1268 1609 1373 1673 γῆς
1419 1605 1753 1673 ὑπερκύψας

154 1690 295 1763 ἔχων
340 1693 753 1763 φανείη,τοῦτο
780 1696 1104 1765 προσθήκης
1152 1696 1385 1764 ἄμοιρον
1431 1695 1755 1764 ἡστινοσοῦν

157 1789 310 1858 μένει
377 1786 701 1855 διατηρῶν·
783 1787 876 1838 καὶ⁸
945 1789 1109 1840 τοῦτο
1151 1789 1207 1841 δε
1244 1789 1380 1857 πρὸς
1432 1789 1529 1857 τὴν
1572 1790 1750 1842 πάνα-

155 1855 280 1944 λίνον
312 1875 517 1929 τοῦτον
567 1873 723 1945 οἶμαι
767 1880 1130 1946 σκιαγραφείν
1150 1855 1328 1945 λόγον.
1382 1878 1448 1931 Ἦ
1477 1855 1750 1948 Παρθένος
1788 1855 1827 1909 Β

156 1969 405 2040 προῆλθε
448 1969 548 2035 μὲν
576 1969 672 2038 τῆς
700 1969 834 2032 ἰδίας
854 1970 1082 2039 μητρὸς,
1105 1970 1295 2040 ὥσπερ
1318 1971 1629 2040 ἄνθρωπος,
1667 1973 1754 2023 καὶ

154 2061 241 2111 δια
268 2060 441 2111 τοῦτο
476 2060 777 2127 τὲιάρχαίον
816 2061 1009 2128 πάχος,
1044 2060 1186 2126 λέγω
1217 2060 1273 2112 δὲ
1299 2058 1395 2129 τὴν
1423 2059 1755 2131 προγονικὴν

153 2154 471 2222 ἁμαρτίαν,
495 2153 613 2221 μεθ’
642 2149 708 2223 ἧς
740 2152 1032 2223 ἐγεννήθη.
1066 2155 1134 2222 ἦν
1151 2169 1207 2206 τε
1231 2155 1508 2217 ἀκουσίως
1538 2156 1753 2225 εῦηφε,

153 2248 463 2316 διαφυγεῖν
494 2264 553 2298 τε
581 2247 786 2316 τρόπος
849 2241 917 2316 ἦν
969 2247 1170 2311 οὐδεὶς,
1220 2249 1342 2301 οὐδὲ
1394 2248 1703 2319 ὑπερϐῆναι
1737 2262 1753 2278 ·

157 2342 288 2409 περὶ
323 2337 395 2408 ἧς
435 2340 533 2391 καὶ
559 2342 587 2391 ὸ
637 2339 779 2401 θεῖος
836 2340 1120 2407 φιλοσοξεῖ
1154 2341 1343 2403 Δαὸὶδ,
1418 2342 1519 2394 Ἐν
1572 2340 1756 2410 ἀμαρ-

155 2432 335 2496 τίαις,
373 2434 629 2499 φάσκων,
690 2431 995 2497 ἐκίσσησέ
1037 2449 1116 2502 με
1140 2434 1177 2500 ἡ
1205 2433 1405 2501 μήτηρ
1446 2451 1589 2503 μου.
1614 2434 1756 2486 Ταύ-

156 2537 254 2589 την
292 2521 447 2588 δῆτα
508 2524 604 2573 καὶ
651 2522 821 2590 μόνην
866 2516 1002 2592 ἧκεν
1037 2524 1118 2585 εἰς
1176 2522 1290 2592 βίον
1363 2526 1625 2594 φέρουσα,
1661 2526 1755 2577 καὶ

156 2617 231 2680 τῷ
266 2616 425 2680 γένει
455 2613 717 2666 δεικνῦσα
748 2631 761 2644 ·
800 2616 1116 2684 παχύτητος
1146 2615 1190 2668 δ’
1214 2616 1408 2685 ἐτέρας
1442 2617 1756 2670 οὑτινοσοῦν

156 2708 368 2775 δηλαδὴ
401 2707 585 2777 ῥύπου
638 2707 961 2759 παντάπασι
999 2708 1315 2776 μεμένηκεν
1358 2707 1709 2770 ἁνεπίδεκτος
1740 2724 1754 2736 ’

158 2802 249 2850 καὶ
283 2802 348 2851 ού
383 2797 549 2849 τοῦτο
585 2797 769 2867 μόνον,
803 2796 942 2849 ἀλλὰ
972 2800 1066 2851 καὶ
1127 2799 1220 2851 τὸν
1254 2798 1515 2869 πατρῷον
1546 2800 1753 2852 ἐκεῖνον

159 2894 251 2943 καὶ
282 2892 541 2959 ὀλέθριον
570 2878 771 2958 ὲάυτῆς
800 2889 1075 2959 ἀπέρριψε
1138 2890 1345 2960 κλῆρον
1379 2906 1393 2920 ’
1449 2891 1570 2944 καθ’
1618 2891 1646 2943 ὃ
1693 2891 1758 2960 δὴ

161 2986 254 3036 καὶ
289 2984 537 3053 ταυτησὶ
575 2984 926 3052 περιεγένετο
956 2983 1057 3050 τῆς
1089 2984 1318 3047 εἰκόνος.
1384 2984 1444 3036 Ὀ
1488 2984 1587 3053 μὲν
1651 2985 1759 3054 γὰρ

165 3074 349 3142 φοίνιξ
380 3074 509 3126 οὔτε
544 3074 571 3126 ὃ
636 3073 863 3141 κυηθεὶς
923 3074 1094 3137 ἔδειξε
1152 3076 1283 3144 περὶ
1330 3076 1431 3143 τὴν
1489 3077 1758 3146 κορυφὴν,

160 3168 489 3220 ἀποτίθεται
524 3166 719 3234 πάχος,
751 3164 873 3217 οὔτε
911 3163 1085 3235 οὗπερ
1116 3166 1276 3236 ἔσχεν
1307 3168 1568 3237 ὲξαρχῆς,
1603 3169 1758 3221 ἐλατ-

1868 3167 2057 3227 fuerit,
2124 3165 2452 3219 monstravit
2520 3165 2667 3219 circa
2748 3168 3146 3231 summitatem,

163 3277 257 3311 τον
316 3260 631 3326 πεποίηκεν
690 3257 1063 3310 οὐδεπώποτε.
1110 3260 1173 3309 Ἥ
1200 3259 1255 3310 δὲ
1317 3259 1589 3328 μακαρία,
1648 3254 1761 3313 οἷον

162 3354 309 3421 ⁹ᾆπὲρ
347 3351 535 3403 πᾶσάν
564 3368 623 3401 τε
660 3345 793 3402 οὖσα
830 3350 1016 3402 εἰκόνα
1077 3351 1293 3421 ἀπείρῳ
1350 3369 1409 3404 τε
1440 3352 1518 3420 τῷ
1553 3353 1759 3423 μέτρῳ,

166 3446 257 3496 καὶ
293 3444 433 3495 αὐτὸ
459 3443 747 3511 ύπερόᾶσα
778 3443 838 3494 τὸ
873 3444 1054 3510 γένος,
1088 3445 1323 3495 ἔσπευσε
1361 3446 1453 3497 καὶ
1517 3447 1577 3497 τὸ
1608 3447 1763 3517 ἀρχέ-

164 3556 326 3605 -ίοιον
391 3538 591 3605 πάχος,
615 3539 758 3605 φημὶ
785 3535 841 3587 δὲ
872 3536 963 3588 τὸν
1026 3538 1236 3589 ἐκεῖνον
1304 3538 1592 3606 Ἀδαμαῖον
1646 3540 1760 3592 ὀλι-

166 3633 322 3695 σθον,
364 3630 666 3685 ἀποϐαλεῖν
690 3645 749 3679 τε
785 3630 875 3681 καὶ
903 3628 1170 3690 ἁποξέσαι
1206 3667 1219 3691 ,
1276 3630 1366 3680 καὶ
1433 3629 1523 3680 τὸν
1574 3629 1762 3700 ἀνδρι-

166 3729 309 3777 άντα
350 3765 364 3788 ,
442 3724 532 3775 τὸν
597 3720 885 3791 ἄνθρωπον
975 3721 1138 3789 λέγω,
1213 3718 1325 3774 οἷον
1381 3723 1763 3791 ἐχάλκευσενὸ

168 3814 545 3884 Δημιουργὸς,
596 3812 879 3864 στίλϐοντα
941 3813 1033 3864 καὶ
1119 3812 1373 3883 λαμπρὸν
1438 3816 1713 3884 ἀποφῆναι
1744 3830 1759 3845 ⁶

170 3912 267 3961 καὶ
300 3910 362 3960 τὸ
386 3907 453 3976 δὴ
483 3908 679 3959 τούτου
709 3906 1178 3976 παραδοξότερον,
1215 3907 1300 3959 ὅτι
1332 3907 1392 3959 οὑ
1427 3909 1633 3977 μικράν
1682 3908 1759 3959 εῖ-

170 4004 296 4055 ὶνετο
334 4004 487 4070 σχεῖν
518 4000 814 4069 κάθαρσιν,
856 4000 950 4050 καὶ
985 4000 1075 4050 οἵα
1106 3998 1173 4051 ἂν
1198 4000 1339 4069 αὐτῇ
1388 4000 1525 4070 μόνῃ
1554 4002 1763 4066 γένοιτο

173 4099 337 4164 ἱκανή
361 4109 378 4126 ·
415 4091 552 4145 ἀλλὰ
577 4091 821 4159 τοσούτῳ
851 4091 1229 4162 καθαρότητος
1292 4092 1445 4160 βάθει
1497 4108 1762 4161 προσομι-

173 4190 343 4258 λῆσαι
380 4185 772 4255 διηγωνίσατο,
805 4185 917 4251 ὅσῳ
946 4187 1040 4235 καὶ
1072 4183 1254 4247 ἄλλοις
1306 4185 1499 4253 ὲκχέαι
1545 4184 1767 4253 δεδύνη-

172 4300 286 4346 ται,
345 4281 521 4349 ῥύπον
551 4295 609 4330 τε
641 4276 956 4330 ἁποκλῦσαι
990 4276 1058 4328 δι’
1094 4276 1263 4330 αὑτοῦ
1303 4278 1396 4328 τὸν
1453 4277 1765 4347 παχύτατόν

173 4391 229 4425 τε
256 4374 356 4424 καὶ
400 4370 769 4441 μιαρώτατον.

238 4465 387 4534 Πρὸς
405 4463 619 4523 τούτοις
651 4460 706 4513 δὲ
727 4460 823 4513 καὶ
858 4463 886 4513 ὁ
929 4460 1026 4514 τοῦ
1080 4460 1325 4528 φοίνικος
1371 4462 1604 4532 καρπὸς,
1665 4462 1765 4514 ὅσα

1860 590 2085 644 modum
2131 593 2327 645 oculus
2360 593 2510 647 videt
2559 593 2787 662 quidem
2830 596 3086 663 visibilia,
3117 597 3258 655 nihil
3318 619 3449 659 vero

1856 696 2074 744 eorum,
2092 699 2215 752 quae
2236 683 2518 749 videntur,
2541 686 2763 755 attingit
2785 687 2930 741 oculi
2956 704 3104 756 caro,
3134 707 3239 748 nec
3257 693 3450 765 hujus-

1859 773 2005 826 modi
2042 774 2299 842 tangendi
2342 776 2673 831 necessitate
2720 778 2798 829 illi
2851 793 2990 847 opus
3024 789 3107 833 est
3155 783 3221 835 ad
3252 784 3448 839 viden-

1858 862 1987 915 dum
2032 865 2165 917 :sed
2199 865 2493 934 participat
2543 870 2764 935 quidem
2797 872 2946 924 visus
3005 872 3305 941 objectum,
3336 893 3453 931 ma-

1859 964 1949 1007 net
1982 967 2165 1008 autem
2214 959 2443 1011 materia
2477 959 2627 1013 visus
2682 962 2890 1029 absque
2926 980 2993 1017 eo
3032 964 3180 1033 quod
3217 969 3452 1038 attingat

1858 1063 1946 1101 res
2000 1049 2287 1113 visibiles;
2357 1052 2551 1105 eodem
2619 1054 2784 1107 modo
2843 1056 3355 1114 lmmaculatissima
3396 1070 3453 1115 et

1863 1140 2204 1208 participans
2236 1153 2291 1196 et
2324 1142 2561 1197 immista
2588 1160 2616 1197 a
2650 1146 2881 1200 terrenis
2912 1150 3189 1205 manebat.

1929 1232 2097 1286 Adest
2132 1234 2323 1301 palum
2351 1242 2403 1287 et
2433 1237 2536 1288 alia
2570 1238 2916 1306 praprietas;
2950 1248 3034 1293 est
3061 1252 3241 1297 autem
3278 1245 3398 1301 lucc
3432 1264 3446 1298 :

1859 1324 2182 1392 producitur
2212 1326 2433 1393 quidem
2472 1330 2647 1395 palma
2671 1330 2738 1381 de
2776 1340 2939 1394 terra,
2981 1334 3449 1399 quemadmodum

1858 1426 1912 1473 et
1941 1418 2164 1486 reliqua:
2191 1418 2419 1471 arbores
2446 1437 2458 1481 ;
2507 1420 2705 1472 crescit
2728 1431 2909 1475 autem
2945 1439 3052 1477 non
3110 1424 3254 1479 sicut
3301 1428 3448 1493 illa};

1858 1520 1984 1557 nam
2017 1522 2199 1560 ramos
2238 1508 2460 1576 quidem
2496 1510 2563 1563 ad
2602 1526 2852 1579 magnam
2905 1515 3119 1568 extollit
3152 1517 3452 1587 longitudi-

1860 1612 2009 1658 nem,
2085 1607 2143 1650 ut
2191 1599 2401 1651 dictum
2431 1609 2536 1663 est,
2588 1602 2927 1656 summitatis
2988 1616 3172 1660 autem
3229 1612 3452 1665 tramite

1858 1688 2186 1753 crassitiem,
2229 1704 2393 1757 quam
2456 1700 2587 1744 tunc
2619 1692 2807 1756 habet,
2840 1709 2966 1747 cum
2997 1696 3065 1749 de
3121 1708 3267 1752 terra
3300 1717 3455 1769 ,pro-

1859 1778 2024 1832 ducta
2078 1781 2420 1849 apparuerit.
2512 1781 2653 1837 hanc
2727 1796 3019 1841 conservat
3071 1790 3454 1861 cujuscunque

1858 1871 2161 1925 additionis
2186 1883 2505 1940 expertem;
2537 1886 2594 1928 et
2629 1874 2735 1929 hoc
2755 1888 2937 1931 autem
2965 1879 3031 1933 ad
3092 1885 3449 1950 purissimam

1858 1966 2001 2019 hanc
2032 1966 2217 2031 habet,
2251 1978 2311 2022 ut
2359 1966 2622 2033 arbitror,
2688 1971 2957 2025 rationem
2984 1972 3255 2043 imaginis.
3311 1978 3447 2034 Nata

1857 2067 1943 2111 est
1977 2058 2199 2126 quidem
2227 2058 2390 2128 Virgo
2440 2074 2506 2112 ex
2538 2062 2762 2129 propria
2814 2072 3012 2127 matre,
3069 2063 3214 2119 sicut
3251 2068 3450 2132 honio;

1858 2160 1914 2204 et
1941 2151 2064 2204 ideo
2093 2153 2374 2220 antiquam
2410 2153 2745 2216 crassitiem,
2786 2154 2912 2208 dico
2939 2164 3123 2209 autem
3162 2169 3451 2226 peccatum

1859 2242 2143 2312 originale,
2175 2257 2301 2297 cum
2328 2259 2438 2313 quo
2472 2252 2597 2297 nata
2633 2243 2755 2308 fuit,
2792 2255 2849 2299 et
2901 2247 3049 2315 quod
3085 2247 3261 2305 invito
3290 2266 3452 2305 acce-

1858 2348 2034 2406 perat,
2065 2336 2217 2390 nullo
2249 2337 2415 2390 modo
2457 2346 2676 2406 poterat
2710 2342 2918 2393 evitare
2965 2357 3067 2395 nec
3098 2346 3403 2412 transgredi
3435 2364 3450 2403 :

1858 2428 1926 2483 de
1957 2444 2064 2498 qua
2098 2438 2154 2482 et
2212 2429 2375 2484 divus
2422 2428 2589 2483 David
2642 2430 3053 2500 pbilosophavit
3100 2434 3337 2491 dicens:
3387 2438 3453 2491 In

1858 2524 2086 2591 peccatis
2124 2527 2355 2593 concepit
2387 2540 2467 2577 me
2499 2534 2669 2576 mater
2692 2525 2889 2578 mea".
2943 2525 3057 2580 Hoc
3081 2527 3249 2597 igitur
3276 2531 3453 2587 solum

1861 2614 1913 2667 in
1936 2615 2076 2668 hanc
2108 2616 2272 2669 vitam
2298 2615 2445 2669 edita
2471 2614 2615 2680 tulit,
2639 2616 2938 2671 ostendens
2957 2617 3198 2674 humano
3220 2624 3408 2690 generi
3438 2641 3452 2675 :

1858 2708 2087 2761 alterius
2149 2723 2281 2761 vero
2350 2708 2646 2770 crassitiei,
2726 2708 3109 2778 cujuscunque
3199 2713 3458 2770 videlicet

1861 2798 2271 2869 inquinamenti
2323 2816 2554 2870 prorsus
2586 2801 2818 2869 incaan
2856 2802 3079 2856 mansit.
3115 2802 3227 2858 Nec
3276 2808 3453 2861 solum

1864 2893 1989 2956 hoc,
2018 2891 2112 2946 scd
2181 2893 2329 2945 illam
2373 2909 2594 2961 quoque
2645 2902 2930 2962 paternam
2962 2905 3019 2949 et
3081 2898 3453 2965 perniciosam

1863 2993 2067 3037 sortem
2097 2983 2299 3053 abjecit
2340 3000 2369 3037 a
2400 2998 2479 3048 se,
2533 2984 2677 3037 sicut
2714 2984 2882 3037 etiam
2954 2988 3097 3040 hanc
3155 2988 3448 3059 imaginem

1864 3077 2163 3144 superavit.
2198 3076 2329 3129 Nam
2368 3076 2546 3143 palma
2586 3090 2690 3129 nec
2728 3075 2899 3141 illam,
2927 3092 3117 3144 quam,
3147 3094 3271 3132 cum
3330 3092 3450 3136 orta

3232 3169 3457 3239 deponit

1870 3255 2201 3317 crassiticm,
2234 3264 2289 3309 ct
2318 3255 2486 3319 illam,
2518 3270 2682 3323 quam
2712 3257 2780 3308 ab
2830 3256 2993 3310 initio
3034 3256 3247 3318 habuit,
3281 3261 3454 3311 mino-

1867 3363 1981 3402 rem
2029 3348 2159 3401 fccit
2224 3362 2464 3417 unquam
2524 3358 2624 3416 (sc.
2689 3348 3009 3414 nunquam).
3054 3349 3218 3426 Beata
3268 3360 3452 3404 autem

1866 3442 2032 3511 Virgo
2093 3441 2247 3510 quasi
2319 3456 2485 3509 supra
2543 3456 2761 3494 omnem
2823 3442 3094 3497 exsistens
3163 3443 3453 3513 imaginem

1866 3534 2083 3587 inﬁnito
2110 3533 2398 3586 intervallo
2445 3533 2736 3601 ipsumque
2766 3549 2939 3602 genus
2996 3549 3288 3602 superans,
3328 3549 3454 3603 pro-

1866 3625 2079 3695 peravit
2110 3625 2176 3677 ad
2216 3625 2361 3677 illam
2388 3624 2669 3693 antiquam
2721 3626 3057 3689 crassitiem,
3097 3626 3313 3689 Adami,
3362 3628 3449 3679 in-

1868 3733 2054 3787 quam,
2090 3717 2301 3785 lapsum
2348 3716 2738 3784 abjicieudum,
2777 3725 3149 3785 statuamque,
3169 3717 3449 3771 hominem

1871 3810 2116 3877 inquam,
2191 3823 2354 3876 quem
2404 3806 2596 3875 Opifcx
2658 3806 2967 3869 fabricavit,
3000 3807 3345 3875 splendidam
3387 3824 3450 3861 ac

1868 3903 2097 3955 nitidam
2146 3898 2581 3962 ostendendam;
2636 3899 2866 3967 etquod
2928 3900 3318 3954 admirabilius
3348 3912 3452 3965 est,

1867 3996 2130 4064 quianon
2183 4007 2407 4062 parvam
2470 3991 2646 4044 voluit
2697 3991 2903 4044 habere
2944 3991 3351 4060 purgationem,
3401 4002 3457 4046 et

1868 4103 1989 4156 quae
2017 4087 2117 4156 ipsi
2147 4085 2249 4140 soli
2281 4082 2587 4149 sulliceret;
2615 4083 2710 4137 sed
2736 4098 2861 4136 cum
2892 4092 3040 4136 tanta
3069 4084 3448 4151 profunditate

1870 4180 2127 4248 puritatis
2177 4176 2496 4230 conversari
2536 4184 2730 4229 conata
2774 4184 2879 4239 est,
2933 4184 2995 4228 ut
3042 4175 3167 4229 aliis
3233 4191 3455 4245 quoque

1868 4271 2153 4325 cll‘undere
2185 4269 2447 4339 potuerit,
2482 4268 2781 4337 sordesque
2820 4282 3126 4336 expurgare
3151 4284 3247 4337 per
3281 4268 3454 4331 ipsam

1871 4363 2240 4420 crassissimas
2272 4377 2336 4416 ac
2358 4360 2796 4415 scelestissimas.

1941 4458 2021 4511 Ad
2062 4457 2177 4511 hmo
2206 4462 2389 4509 autem
2415 4453 2631 4507 fructus
2654 4467 2875 4521 quoque
2922 4452 3097 4519 ipsius
3148 4452 3367 4521 palmae,
3395 4461 3457 4505 ut

176 4524 582 4623 ἐμὲ-νομίζειν,
610 4551 706 4603 τὸν
736 4553 924 4603 καινὸν
975 4524 1267 4620 ζωγραφεί
1318 4555 1417 4621 τῆς
1448 4524 1760 4623 ’παρθενίας

1870 4566 1971 4621 ego
2001 4549 2262 4611 arbitror,
2290 4562 2493 4601 novum
2545 4545 2787 4615 Virginis
2834 4544 3031 4599 Filium
3053 4542 3271 4614 ﬁgurat.
3300 4543 3457 4599 Sicut

180 4650 330 4702 Υξὸν,
365 4645 635 4712 Καθάπερ
669 4645 779 4713 γάρ
806 4646 834 4696 ό
895 4643 988 4696 τοῦ
1016 4644 1235 4714 δένδρου
1290 4644 1493 4697 τούτοι)
1563 4644 1773 4715 καρπός

177 4743 298 4792 ἐστι
333 4739 438 4801 μὲν
485 4740 588 4803 τήν
644 4753 703 4787 τε
763 4735 913 4806 ὦραν
957 4736 1231 4807 λαμπρὸς,
1293 4736 1387 4789 καὶ
1440 4736 1539 4804 τὴν
1583 4736 1774 4805 γεῦσιν

176 4832 310 4902 ἡδὺς
342 4829 488 4899 ὑπὲρ
539 4829 670 4891 τοὺς
692 4828 938 4892 λοιποὺς,
968 4827 996 4879 ὃ
1029 4827 1087 4879 δὲ
1111 4828 1266 4881 ἔνδον
1310 4827 1599 4893 καλύπτει,
1629 4827 1773 4881 πάνυ

179 4925 399 4989 τέφνκε
427 4922 554 4990 (sic)
590 4920 822 4991 στερρὸν
856 4922 954 4973 καὶ
989 4920 1289 4991 συντριὸἧς
1356 4921 1546 4990 σχεδὸν
1573 4921 1778 4973 ἀνώτε-

183 5034 279 5087 ρον
307 5031 319 5043 ·
353 5013 503 5066 οὕτω
526 5013 592 5083 δὴ
627 5014 723 5066 καὶ
754 5016 782 5065 ὁ
815 5014 949 5082 ὲμδς
978 5014 1243 5083 Χριστὸς,
1270 5015 1297 5065 ό
1341 5014 1443 5081 τῆς
1494 5012 1777 5083 Παρθένου

180 5109 427 5180 καρπὸς,
462 5107 525 5159 τὸ
554 5108 655 5176 μὲν
694 5105 981 5175 ὁρώμενον
1009 5106 1219 5173 γλυκὺς
1274 5107 1367 5158 καὶ
1426 5107 1646 5176 ὡραῖος,
1695 5105 1769 5167 ὡς

179 5202 392 5270 ἣκιστά
422 5215 488 5265 γε
524 5197 632 5250 τῶν
680 5199 945 5252 ἁπάντων
995 5200 1195 5263 οὐδεὶς,
1258 5199 1319 5250 τὸ
1362 5198 1420 5250 δὲ
1478 5197 1771 5267 νοούμενον

183 5293 416 5362 ἰσχυροῦ
454 5292 668 5354 παντὸς
696 5291 1168 5361 ὲπικρατέστερος
1232 5293 1325 5343 καὶ
1389 5290 1769 5360 στερρότερος,

1871 4644 2019 4698 enim
2052 4641 2283 4711 hujusce
2316 4638 2530 4693 arboris
2551 4638 2764 4691 fructus
2802 4645 2887 4691 est
2941 4636 3169 4704 quidem
3204 4635 3454 4704 pulchri-

1884 4733 2072 4788 tudine
2099 4729 2440 4801 Splendidus,
2469 4737 2523 4783 et
2554 4739 2715 4798 gustu
2771 4726 2949 4781 dulcis
2974 4727 3100 4796 plus
3123 4741 3288 4795 quam
3318 4724 3411 4778 alii
3440 4741 3453 4777 :

1871 4823 2018 4895 quod
2069 4829 2252 4877 autem
2302 4820 2453 4874 intus
2495 4817 2693 4888 operit,
2758 4816 2918 4870 valde
2975 4815 3212 4869 solidum
3262 4823 3368 4879 est,
3402 4822 3459 4866 et

1874 4914 2031 4985 quasi
2056 4909 2558 4982 infrangibile:sic
2604 4908 2771 4961 etiam
2817 4922 2972 4960 meus
3004 4905 3283 4972 Christus,
3337 4905 3455 4960 Vir-

1874 5008 2018 5078 ginis
2044 5005 2276 5071 t'ructus,
2307 5012 2530 5071 aspectu
2553 4998 2776 5069 quidem
2826 4998 3005 5052 dulcis
3026 5007 3083 5051 et
3146 4997 3454 5065 speciosus,

1877 5111 1938 5156 ut
1993 5115 2155 5154 nemo
2203 5097 2451 5152 omnium
2513 5094 2692 5158 alius;
2748 5091 3027 5145 intellectu
3088 5100 3271 5143 autem
3309 5089 3457 5143 omni

1878 5194 2017 5248 forte
2042 5191 2273 5245 validior
2318 5204 2383 5243 ac
2415 5186 2647 5241 solidior
2706 5193 2811 5249 est,
2845 5191 2901 5237 et
2950 5183 3121 5251 ipsam
3170 5179 3461 5250 possidens

1876 5282 2405 5354 impassibilitatem.
2475 5277 2632 5344 Quod
2681 5282 2791 5346 jam
2843 5282 2899 5328 et
2966 5271 3137 5326 David
3196 5269 3459 5339 propheta

181 5392 279 5444 καὶ
352 5387 528 5455 αὐτὴν
597 5385 845 5438 πλουτῶν
918 5385 1017 5455 τὴν
1065 5382 1355 5438 ἀπάθειαν.
1424 5385 1486 5435 Ὃ
1518 5384 1581 5452 δὴ
1621 5382 1760 5435 καὶὸ

1867 5384 2130 5441 innuens,
2167 5384 2228 5429 ut
2257 5389 2357 5443 ego
2382 5379 2536 5442 puto,
2564 5368 2766 5431 Justus,
2800 5364 2958 5429 dixit,
2992 5373 3247 5430 tanquam
3275 5360 3459 5429 palma

182 5449 675 5553 προφήτης-Δαωδ
710 5449 1107 5547 αἰνιττόμενος,
1165 5472 1342 5547 οἶμαι,
1401 5449 1636 5541 Δίκαιρς
1691 5475 1760 5541 ὡς

1866 5472 2073 5544 ﬂorebit
2092 5470 2162 5534 ¹²,
2196 5468 2402 5537 justum
2429 5462 2645 5533 egregie
2672 5472 2873 5512 vocans
2894 5456 3173 5524 Virginem
3206 5469 3220 5504 :
3266 5449 3459 5503 liorem

183 5572 412 5641 yoirtf,
443 5567 619 5636 εἶπεν,
644 5570 923 5637 ἀνθήσει,
949 5570 1157 5622 δίκαιον
1195 5571 1296 5637 μὲν
1326 5568 1422 5637 τὴν
1494 5566 1760 5636 ιιαρθένοι

1866 5542 2053 5620 autem
2089 5579 2156 5617 ex
2183 5562 2298 5631 ipsa
2328 5566 2541 5620 natum,
2584 5550 2796 5616 utdixi,
2839 5547 3222 5603 dulcissimum
3245 5542 3457 5605 Jesum,

184 5638 477 5735 όνομάζων
506 5662 731 5731 ἐξόχως,
768 5663 929 5722 ἄνθος
970 5661 1026 5713 δὲ
1087 5662 1178 5713 τὸν
1211 5660 1270 5724 ἐξ
1301 5662 1493 5730 αὐτῆς,
1525 5662 1582 5713 ὃν
1608 5662 1760 5732 ἔφην,

1869 5662 2011 5714 sicut
2049 5660 2213 5712 etiam
2253 5654 2513 5707 Saimuon
2543 5649 2608 5702 de
2641 5647 2761 5716 ipso
2810 5644 3030 5698 Christo
3082 5640 3217 5701 Eoo,
3259 5638 3458 5705 inquit,

260 5858 300 5886 ¹¹
330 5852 543 5915 Psal.L,
579 5850 634 5903 Ἳ.
710 5849 754 5877 ”
790 5844 936 5902 Psal.
959 5860 1064 5898 set.
1103 5843 1187 5896 l5.
