4288 6364
790 438 886 499 167
2065 439 2362 499 ΝΠΣΕΤἉΕ
2402 440 2793 501 ΜΛιίΟΝΕιΕ
3120 484 3123 489 ς
3950 441 4055 505 168

792 550 969 612 (liciis
1000 567 1069 608 ea
1108 550 1167 609 in
1209 554 1384 626 parte
1424 547 1746 625 indulget,
1793 566 1916 627 qua
1962 548 2348 609 additionem
2395 548 2686 626 reprobat
2730 550 2793 608 in
2841 547 3140 626 Symbolo
3186 547 3432 610 factam.
3492 550 3875 613 Intirmiores
3947 554 4051 612 hic-

793 649 927 724 eju's
966 653 1112 706 sunt
1146 643 1446 714 rationes,
1490 662 1677 722 quam
1709 650 1778 703 ut
1824 645 2204 704 refutatione
2253 644 2521 717 longiori
2557 643 2763 719 dignm
2813 644 3173 713 videantur;
3219 645 3347 720 jam
3382 662 3525 703 eum
3564 647 3710 705 inde
3754 648 4055 725 carpebat

798 742 1125 802 Bessarion
1165 740 1451 801 scribens
1486 738 1674 817 (apud
1710 739 1892 800 Allat.
1930 741 2015 799 Dc
2061 757 2371 809 consens.,
2437 736 2478 799 l.

2361 782 2371 808 ,
2437 736 2478 799 1,
2514 740 2590 809 ll,
2624 757 2679 799 c.
2716 737 2813 809 28,
2850 757 2913 797 ῃ,
2947 738 3001 813 5)
3044 756 3055 797 ;
3091 740 3284 790 Καίτοι
3308 742 3335 791 ὀ
3360 740 3761 807 Θεσσαλονίκης
3796 740 3952 803 (lino;
3976 741 4054 809 τῷ

795 840 1039 892 Λατίνων
1067 837 1391 907 προσέκειτο
1449 837 1715 903 δόγματι·
1750 836 1812 887 τὸ
1868 836 1977 905 γὰρ
2052 835 2428 903 συμπέρασμα
2451 834 2647 903 ἀληθὲς
2674 828 2811 884 εἶναι
2834 832 3091 894 ἐδίδαξεν,
3117 833 3354 901 ἐμάχετο
3386 834 3463 896 δὲ,
3501 834 3664 886 τοῦτο
3716 836 3779 904 δὴ
3807 837 4046 903 λεγόμε-

798 945 905 990 νσν,
940 926 1081 993 ὑπὲρ
1111 925 1234 975 ὄνου
1270 925 1450 984 σκιᾶς,
1490 921 1563 990 μὴ
1616 923 1737 973 δεῖν.
1776 924 1915 991 μηδὲ
1945 922 2157 990 τάληθῆ
2197 921 2274 988 τῷ
2306 921 2491 990 Συμὸό

2363 923 2569 990 ιμὸόλῳ
2594 920 2935 989 προσθεῖναι.
2979 922 3032 997 (α
3072 923 3439 998 Quanquam
3470 923 4056 985 Thessalonicensis

794 1021 911 1079 iste
942 1021 1307 1079 Latinorum
1342 1017 1619 1090 dogmati
1649 1015 1945 1088 adhaesit,
1983 1016 2465 1080 conclusionem
2500 1019 2667 1080 enim
2692 1036 2899 1080 veram
2939 1034 3076 1078 esse
3110 1018 3400 1089 docebat,
3428 1022 3856 1080 contendebat
3880 1039 4053 1092 vero,

811 1124 877 1175 ut
910 1116 971 1175 in
1006 1114 1341 1194 proverbio
1381 1120 1497 1185 est,
1533 1114 1609 1173 de
1638 1115 1795 1174 asini
1843 1113 2089 1186 umbra,
2122 1132 2407 1175 asserens
2457 1132 2666 1191 neque
2699 1130 2843 1174 vera
2895 1130 3033 1173 esse
3088 1110 3389 1188 Symbolo
3433 1116 3746 1177 addenda.
3785 1117 3838 1190 »)
3906 1117 4056 1186 Quae

796 1216 982 1276 verba
1049 1213 1275 1291 repetit
1340 1213 1601 1273 Allatius
1660 1215 1920 1291 (Contra
1961 1214 2262 1292 IIotting.
2329 1233 2393 1293 p.
2432 1210 2489 1270 4(

2365 1243 2393 1269 ι.
2432 1210 2568 1283 466,
2622 1209 2757 1283 467)
2821 1227 2944 1269 una
2991 1227 3135 1269 cum
3180 1208 3302 1268 illis
3344 1227 3363 1266 :
3414 1212 3653 1281 Πρᾱγμα
3690 1212 3931 1280 μεγάλῃ
3968 1212 4058 1262 εὑ-

798 1311 1023 1371 λνιιὸείας
1048 1327 1105 1361 τε
1134 1310 1232 1361 καὶ
1265 1309 1478 1377 σοφίας,
1504 1310 1690 1376 ὅμοιον
1724 1310 1778 1361 εἰ
1815 1325 1899 1370 τις
1933 1308 2085 1376 ἔλεγε
2117 1311 2189 1378 μὴ
2238 1312 2344 1362 δεῖν
2371 1304 2883 1377 ,παρρησιὰζεσθαι
2914 1306 3012 1370 τὴν
3065 1305 3352 1373 ἀλήθειαν,
3399 1328 3426 1359 (ι
3450 1306 3604 1363 Rem
3633 1316 3876 1376 magna:
3908 1315 4057 1377 pt‘O-

794 1406 969 1466 fect'o
1001 1406 1363 1466 devotionis
1394 1412 1454 1463 et
1486 1402 1849 1481 sapientiaal
1892 1407 1976 1465 Ac
2027 1406 2076 1464 si
2130 1404 2401 1477 diceret,
2453 1421 2582 1463 non
2640 1410 2934 1479 oportere
2964 1402 3287 1461 veritatem
3333 1400 3585 1479 publice
3631 1395 3984 1476 praedicari.
4025 1416 4051 1447 »

800 1506 1044 1566 lnticias
1076 1513 1283 1563 tamen
1312 1504 1404 1563 ire
1452 1520 1579 1563 non
1624 1520 1987 1582 possumus,
2037 1504 2199 1563 hanc
2236 1504 2727 1583 disputationem
2758 1504 2989 1565 Graecis
3020 1503 3357 1564 lectoribus
3386 1501 3655 1562 maxime
3690 1513 4055 1559 accommo-

805 1605 1014 1660 datam
1052 1600 1271 1673 reique
1294 1599 1411 1677 ipsi
1450 1599 1666 1658 utilem
1699 1599 2037 1659 admodum
2071 1599 2475 1679 fuisse.Opus
2504 1607 2713 1681 ipsum
2747 1606 2971 1665 merito
2999 1621 3034 1666 ιι
3062 1604 3226 1665 Maio
3254 1609 3511 1663 vocatur
3560 1618 3720 1678 Opus
3756 1599 4057 1675 spissum,

800 1700 1045 1776 ingenii
1077 1699 1394 1770 acumine,
1428 1698 1761 1757 verborum
1796 1698 2006 1777 copia,
2042 1716 2171 1759 non
2223 1701 2359 1760 sine
2406 1707 2731 1761 venustate
2788 1700 3175 1772 redundans,
3231 1700 3293 1760 in
3344 1715 3473 1776 quo
3510 1696 3859 1771 dogmatica
3918 1693 4057 1753 inec

805 1795 1233 1858 controversia
1259 1794 1521 1855 summis
1555 1795 1791 1856 viribus
1816 1795 2131 1857 evolvitur
2158 1814 2230 1858 ac
2258 1798 2771 1877 ventilatur,qua3
2795 1801 3200 1861 meumenicis
3230 1800 3481 1860 demum
3510 1797 3775 1858 decretis
3806 1794 4059 1856 deﬁnita

804 1898 946 1958 fuit.

882 2017 985 2075 ιν.
1026 2014 1189 2075 Nihil
1236 2019 1539 2092 praeterea
1577 2030 1719 2091 quas
1750 2013 2011 2075 Allatius
2046 2016 2309 2095 (Contra
2356 2018 2646 2096 IIotting.
2682 2036 2745 2097 p.
2801 2020 2907 2079 467
2942 2017 3101 2097 seq.)
3136 2036 3212 2078 ex
3255 2018 3504 2093 dialooo
3537 2024 3713 2077 sexto
3743 2014 4056 2091 allegare-

806 2122 898 2174 rat
932 2128 1133 2190 eaque
1165 2128 1307 2189 quae
1342 2128 1418 2171 ex
1454 2110 1813 2189 Nicephoro
1863 2113 2210 2175 Blemmida
2244 2115 2379 2181 (Gr.
2413 2113 2576 2175 orth.
2628 2116 2676 2187 Ι,
2721 2132 2782 2192 p.
2820 2114 2853 2173 6
2909 2114 3069 2193 seq.)
3126 2114 3408 2184 dederat,
3460 2114 3775 2187 vulgatum
3829 2110 4061 2169 exinde

805 2214 935 2280 est;
967 2207 1046 2267 de
1082 2215 1338 2265 auctore
1368 2206 1509 2283 ipso
1530 2206 1783 2267 Allatius
1806 2208 1991 2268 etiam
2010 2209 2279 2269 Diatriba
2298 2210 2374 2269 de
2394 2213 2624 2273 Nicetis
2650 2218 2728 2285 gr
2752 2212 2912 2291 (Maii
2938 2211 3093 2272 Nov.
3137 2210 3286 2270 bibl.
3322 2211 3449 2269 PP.
3475 2218 3518 2269 t.
3555 2210 3657 2280 Vt,
3691 2226 3753 2285 p.
3782 2224 3849 2277 ιι,
3887 2224 3949 2282 p.
3990 2203 4062 2261 12

806 2309 969 2385 seq.)
1004 2307 1091 2365 De
1125 2324 1402 2364 consens.
1438 2306 1614 2366 Ει-οι.
1652 2306 1864 2367 Occid.
1914 2318 1970 2366 et
2018 2310 2259 2368 Orient.
2312 2313 2348 2368 Ι.
2377 2311 2455 2377 ιι,
2493 2327 2549 2369 a.
2586 2305 2676 2376 13,
2706 2325 2767 2368 n.
2810 2306 2867 2380 5,
2894 2326 2957 2385 p.
3000 2306 3155 2379 705,
3189 2307 3270 2367 De
3330 2307 3560 2365 ltubeis
3591 2306 3651 2363 in
3688 2304 3941 2362 Dissert.
3984 2300 4064 2358 de

805 2402 1303 2481 Theophylacto,
1379 2406 1406 2477 §
1451 2401 1544 2471 19,
1604 2420 1669 2464 ιι.
1702 2404 1773 2463 77
1817 2404 1999 2483 (Opp.
2049 2406 2501 2485 TheOphylacti
2551 2406 2652 2466 ed.
2714 2408 2932 2466 Venet.
2973 2403 3143 2477 1754,
3189 2414 3232 2465 t.
3276 2408 3322 2477 Ι,
3387 2424 3447 2484 p.
3498 2404 3593 2480 46)
3639 2413 3697 2463 et
3741 2406 3817 2461 Le
3865 2400 4067 2473 Quien

809 2500 1085 2573 (Dissert.
1144 2502 1170 2558 1
1223 2499 1285 2558 in
1337 2515 1492 2576 opp.
1546 2501 1725 2558 Joan.
1788 2501 2064 2561 Damasc.
2120 2501 2287 2575 §h3,
2344 2521 2406 2581 p.
2474 2500 2575 2571 24,
2639 2501 2949 2579 Panoplia
3007 2504 3303 2561 adversus
3365 2500 3629 2559 schisma
3684 2502 4063 2563 Graecorum,

810 2617 876 2675 p.
908 2596 1019 2657 323
1050 2594 1209 2674 seq.)
1252 2602 1695 2657 tractaverunt.
1731 2596 1992 2657 Demum
2037 2599 2169 2657 Em.
2202 2600 2395 2659 Maius
2423 2598 2756 2675 Prologum
2781 2598 2975 2658 edidit
2999 2615 3121 2657 una
3154 2616 3295 2658 cum
3330 2600 3613 2657 versione
3644 2596 3853 2657 Latina
3880 2593 4065 2668 (Nor.

810 2697 973 2758 Bibl.
1000 2699 1154 2767 PP.,
1179 2703 1219 2755 t.
1254 2697 1359 2768 Vl,
1395 2714 1458 2774 p.
1495 2714 1563 2769 ιι,
1600 2716 1663 2775 p.
1698 2696 1833 2766 445,
1868 2697 2031 2774 446).
2070 2700 2193 2758 Nos
2230 2700 2343 2758 hos
2370 2697 2653 2771 dialogos
2687 2695 2955 2754 vidimus
2978 2702 3107 2753 tum
3148 2694 3478 2753 Florentiae
3510 2694 3571 2751 in
3606 2693 3745 2752 cod.
3786 2694 4066 2749 Lauren-

813 2794 985 2854 tiano
1020 2809 1268 2864 xxxvu,
1295 2794 1424 2863 n.2,
1453 2794 1608 2869 plut.
1640 2809 1799 2851 xxxx
1824 2792 1988 2868 (vide
2016 2794 2308 2853 Bandinii
2344 2796 2539 2853 Catal.
2567 2804 2611 2855 t.
2638 2798 2714 2867 ll,
2741 2815 2804 2874 p.
2832 2795 2965 2873 114)
2990 2804 3118 2855 tum
3151 2797 3371 2855 Roma}
3402 2796 3464 2854 in
3489 2796 3629 2855 cod.
3661 2794 3855 2853 Yatic.
3890 2789 4064 2859 1115,

813 2896 923 2955 ubi
968 2894 1011 2954 f.
1048 2895 1117 2953 58
1153 2913 1207 2952 v.
1249 2900 1391 2971 post
1426 2894 1713 2969 dialogos
1758 2893 2060 2971 prologus
2111 2912 2143 2953 a
2189 2894 2350 2955 Maio
2398 2890 2603 2953 editus
2648 2891 2980 2968 reperitur,
3026 2892 3133 2967 qui
3180 2891 3243 2949 in
3288 2890 3704 2950 Laurentiano
3733 2896 3875 2947 ante
3924 2886 4063 2946 dia-

818 2991 1029 3066 logum
1064 2992 1087 3047 Ι
1120 2990 1364 3066 positus
1396 2995 1511 3048 est.
1547 2987 1669 3048 Sed
1703 2996 1997 3049 neutrum
2049 2988 2371 3067 exemplar
2420 2989 2737 3066 integrum
2786 2990 3146 3049 describere
3199 2989 3521 3068 potuimus
3573 2988 3709 3048 aliis
3765 2986 4069 3063 Operibus

816 3084 1047 3143 intenti
1083 3091 1143 3143 et
1178 3082 1479 3160 temporis
1506 3083 1814 3143 brevitate
1854 3084 2228 3162 praepediti;
2264 3085 2613 3163 fragmenta
2651 3095 2857 3145 tamen
2888 3085 3036 3145 inde
3069 3085 3246 3163 plura
3284 3084 3654 3161 collegimus
3692 3100 3767 3142 ex
3818 3080 4072 3141 schedis

820 3180 1009 3240 amici
1045 3178 1371 3256 cujusdam
1416 3180 1636 3239 Romm
1665 3178 1952 3255 degentis
1979 3178 2386 3258 locupletata,
2429 3201 2593 3260 qum,
2630 3184 2867 3243 etiamsi
2901 3200 2979 3243 ne
3020 3184 3264 3243 tertiam
3306 3182 3562 3260 quidem
3599 3180 3821 3259 prolixi
3854 3179 4071 3258 operis

820 3282 1061 3351 partem
1102 3273 1435 3343 exhibent,
1488 3274 1737 3334 erudito
1784 3281 1993 3333 tamen
2044 3274 2267 3335 lectori
2317 3276 2611 3343 duximus
2661 3283 3211 3351 communicanda,
3254 3282 3362 3360 qui
3412 3282 3559 3341 inde
3607 3282 3798 3340 totius
3854 3279 4070 3358 operis

820 3379 1232 3451 conspectum
1275 3373 1735 3433 accuratiorem
1780 3371 2016 3434 habere
2052 3381 2283 3452 potest.
2332 3378 2601 3439 Possunt
2632 3386 2693 3438 et
2722 3380 2881 3452 haec,
2917 3379 2979 3437 ni
3014 3378 3236 3450 fallor,
3274 3379 3482 3437 futuro
3511 3377 3739 3437 horum
3775 3376 4068 3451 dialogo-

822 3487 958 3530 rum
1002 3469 1227 3528 editori
1281 3467 1566 3529 nonnihil
1611 3467 1777 3528 ferre
1822 3469 2123 3540 subsidii,
2167 3469 2313 3531 licet
2365 3490 2481 3536 nos
2519 3496 2653 3538 eam
2684 3478 2807 3539 illis
2852 3496 3107 3557 Operam
3160 3493 3385 3539 navare
3439 3475 3603 3537 haud
3651 3476 4070 3554 potuerimus,

823 3586 966 3648 quae
996 3569 1057 3627 in
1092 3568 1251 3627 votis
1282 3567 1466 3627 nobis
1493 3574 1646 3627 erat.

912 3686 953 3739 \’
968 3684 1437 3745 .Concludimus
1451 3684 1727 3744 breviter
1743 3694 2178 3761 argumentum
2196 3686 2588 3765 dialogorum
2607 3695 3056 3767 describentes,
3077 3695 3220 3755 licet
3238 3694 3294 3755 id
3314 3695 3436 3773 jam
3470 3695 3532 3755 in
3559 3694 4070 3772 NieetaaPrologo

827 3783 904 3841 sit
935 3783 1396 3843 adumbratum.
1422 3783 1647 3843 Tribus
1673 3783 1884 3862 itaque
1917 3786 2236 3862 prioribus
2266 3788 2528 3864 dialogis
2550 3792 2803 3852 Grmcus
2833 3808 2976 3851 suas
3012 3791 3249 3869 profert
3279 3791 3662 3867 olijectiones
3686 3801 3901 3851 contra
3928 3807 4074 3868 pro-

835 3880 1190 3940 cessionem
1227 3880 1496 3957 Spiritus
1528 3880 1729 3941 sancti
1760 3882 1945 3941 etiam
1982 3899 2059 3943 ex
2088 3883 2272 3957 Filio,
2308 3904 2464 3964 quas
2486 3891 2737 3951 Latinus
2777 3890 2977 3952 solide
3012 3892 3388 3969 plerumque
3419 3898 3479 3950 et
3515 3893 3775 3968 COpiOSt:
3816 3892 4071 3951 refutat.

836 3982 1065 4050 Quarto
1099 3979 1330 4039 deinde
1354 3981 1662 4058 imagines
1696 4000 1731 4043 a
1763 3982 2051 4043 Patribus
2082 3984 2379 4047 adhibitae
2408 4004 2443 4047 a
2470 3987 2688 4047 Latino
2722 3986 3141 4065 explanantur
3166 3994 3226 4045 et
3274 3988 3355 4045 de
3412 3988 3937 4063 praepositionum
3972 3988 4073 4046 EX

832 4083 891 4133 et
922 4076 1066 4134 PER
1100 4076 1161 4134 in
1196 4074 1310 4136 hac
1344 4078 1598 4137 materia
1665 4078 2140 4156 tequipollentia
2201 4089 2519 4152 tractatur.
2555 4084 2783 4154 Quinto
2826 4082 3076 4142 Latinus
3105 4097 3248 4141 suas
3280 4080 3553 4141 rationes
3592 4082 3849 4141 uberius
3877 4100 4075 4161 expo-

830 4172 1005 4231 nitet
1033 4172 1110 4232 ad
1150 4174 1401 4233 Patrum
1446 4174 1802 4235 testimonia
1832 4177 2087 4246 transit,
2116 4195 2256 4254 qum
2286 4187 2462 4240 sexto
2497 4178 2748 4253 dial05o
2773 4179 3026 4257 plenius
3056 4178 3433 4237 referuntur.
3466 4178 3797 4238 Conclusio
3820 4182 4071 4239 tandem

832 4275 947 4339 est,
989 4269 1239 4328 Latinos
1292 4270 1549 4346 quidem
1609 4277 1777 4331 recte
1821 4287 2081 4332 censere
2136 4274 2431 4351 Spiritum
2497 4292 2573 4335 ex
2643 4275 2821 4335 Patre
2874 4274 3157 4351 Filioque
3216 4273 3590 4350 procedere,
3708 4273 3804 4334 ale
3866 4284 4073 4333 tamen

832 4362 1134 4437 Symbolo
1182 4379 1398 4425 vocem
1432 4364 1713 4444 Filioque
1749 4365 2087 4427 addidisse.

2252 5030 2681 5055 αὐδᾷ-ιου-
