4288 6364
152 402 239 467 1⁸13
1080 402 1179 463 DE
1214 393 1740 461 PROCESSIONE
1771 391 2136 453 SPIRITUS
2176 389 2471 448 SANCTI.

1404 578 1517 593 —-

3305 374 3405 436 ιτι

2416 569 2666 586 ’,ο-

1358 748 1729 837 ΛΟΓΟΣ
1805 746 2289 835 ΠΡΩΤΟΣ.

1216 1100 1821 1194 DIALOGUS
1894 1098 2396 1188 PRIMUS.

229 1489 300 1545 α’.
336 1491 449 1543 ΓΡ.
489 1489 627 1558 Φέρε
655 1484 743 1556 δὴ,
768 1479 1054 1544 ὣΛατῐνε,
1087 1478 1147 1530 τὸ
1171 1474 1445 1544 ἐριστικὸν
1476 1471 1571 1525 καὶ
1601 1468 1752 1537 φιλὸο
1783 1488 1799 1531 λ

1933 1470 1985 1522 1.
2027 1469 2142 1523 Gll.
2185 1471 2298 1540 Age
2318 1472 2454 1541 jam,
2487 1486 2521 1525 o
2551 1468 2779 1535 Latine,
2817 1469 3232 1526 contentionem
3279 1480 3337 1526 et
3378 1472 3444 1527 li-

164 1600 343 1636 νει-ιιον
371 1583 451 1643 ὡς
471 1583 538 1649 τῇ
562 1577 780 1646 εὑρέσει
812 1574 914 1644 τῆς
943 1570 1204 1641 ἀληθείας
1228 1566 1488 1637 ἐμπόδιον
1536 1562 1755 1632 μακρὰν

163 1675 381 1729 ἑαυτῶν
413 1670 847 1741 ἀπορρίψαντες,
873 1666 935 1718 τὸ
970 1666 1099 1733 περὶ
1129 1662 1231 1731 τῆς
1260 1658 1356 1712 τοῦ
1393 1656 1551 1723 ἀγίου
1585 1652 1757 1707 Πνεῦ-

167 1783 341 1836 ματος
394 1761 782 1832 ὲκπορεύσεως
828 1757 1071 1825 ζήτημα,
1128 1753 1260 1823 περὶ
1291 1745 1319 1802 δ
1376 1747 1472 1802 καὶ⁵
1501 1745 1759 1817 διαφερό-

168 1859 331 1928 μεθα,
377 1855 519 1925 μετά
544 1851 641 1906 τοῦ
664 1851 822 1919 ἁγίου
851 1849 1163 1916 Πνεῦματος
1199 1838 1720 1910 συνδιασκεψὼμεθα
1739 1876 1752 1892 .

164 1950 361 2020 Χρεὼν
387 1948 521 2016 γὰρ,
548 1946 709 2014 εἴπερ
740 1937 877 1996 εἶναι
906 1939 1208 2010 βουλόμεθα
1256 1933 1348 1988 τοῦ
1400 1934 1556 2003 ἁγίου
1588 1930 1759 1984 Πνεῦ-

169 2057 347 2108 ματος
406 2038 661 2106 ἀληθινοὶ
723 2034 1019 2103 λατρευταὶ
1065 2030 1161 2083 καὶ
1219 2025 1614 2098 προσκυνηταὶ,
1665 2022 1760 2075 καὶ

167 2136 222 2185 ἐν
272 2133 466 2193 ἄλλοις
526 2129 627 2199 μὲν
675 2128 882 2182 ἅπασιν
931 2123 1067 2179 αὐτὸ
1108 2123 1169 2175 τὸ
1215 2118 1444 2189 Πνεῦμα
1483 2119 1547 2169 τὸ
1602 2116 1760 2182 ἅγιον

167 2222 601 2293 ἐπικαλούμενοι
653 2218 799 2290 ἔχειν
842 2215 1040 2285 ὁδηγὸν
1082 2215 1161 2278 είς
1214 2213 1313 2284 τὴν
1352 2212 1452 2281 τῆς
1502 2205 1762 2277 ἀληθείας

168 2318 392 2387 εὕρεσιν
459 2314 556 2368 καὶ
620 2309 954 2379 κατάληψιν,
1017 2307 1255 2377 μάλιστα
1288 2303 1347 2356 δὲ
1396 2301 1595 2361 ἐντοῖς
1633 2296 1763 2366 περὶ

170 2407 339 2461 αὐτοῦ
401 2404 599 2457 τούτου
659 2402 859 2469 λόγοις,
910 2402 990 2453 ὅτι
1043 2415 1104 2452 τε
1133 2398 1340 2451 πλείων
1389 2394 1446 2445 ὲν
1479 2392 1599 2453 ταῖς
1632 2387 1762 2456 περ)⁸

169 2499 305 2553 Θεοῦ
364 2497 664 2566 ζητήσεσιν
708 2496 742 2563 ἡ
785 2492 1079 2562 δυσχέρεια
1112 2502 1127 2517 ·
1184 2487 1317 2550 Θεὸς
1372 2484 1429 2537 δὲ
1476 2480 1757 2553 ἀληθινὸς.

170 2594 266 2646 καὶ
297 2591 363 2644 τὸ
389 2590 620 2659 Πνεῦμα
652 2587 827 2658 Πατρὶ
872 2587 970 2639 καὶ
1016 2582 1135 2652 Υίῷ
1167 2575 1766 2650 συμπροοκυνούμενον

170 2686 242 2748 ὡς
263 2683 510 2753 ὁμοφυὲς
541 2682 635 2734 καὶ
660 2677 1146 2746 συνδοξαζόμενον,
1192 2673 1289 2726 καὶ
1320 2673 1425 2754 ὅτι,
1454 2669 1523 2721 τὰ
1569 2665 1765 2720 ἑαυτοῦ

171 2777 450 2845 γινῶσκον
482 2773 617 2825 αὐτὸ
643 2770 739 2823 καὶ
775 2771 939 2837 μόνον
978 2765 1118 2834 μετὰ
1148 2761 1361 2830 Πατρὸς
1393 2760 1489 2813 καὶ
1506 2755 1635 2810 Υιοῦ
1672 2754 1767 2807 καὶ

170 2868 238 2918 τὰ
290 2866 439 2933 βάοη
484 2861 579 2914 τοῦ
607 2858 746 2913 Θεοῦ
796 2858 1034 2928 ἐρευνῶν
1070 2854 1176 2925 (6),
1225 2848 1366 2906 οἶδεν
1400 2848 1765 2902 ἐκκαλύπτειν

171 2952 250 3018 οἷς
284 2955 386 3008 καὶ
416 2957 507 3008 ὅτε
528 2953 622 3006 καὶ
646 2954 770 3003 ὅσον
798 2948 996 3020 χρεών.
1039 2945 1214 3001 Τοῦτο
1243 2944 1300 2998 δὲ
1332 2944 1433 2996 οὐκ
1472 2940 1626 2993 ἔσται
1655 2939 1771 3001 τοῖς

173 3043 472 3116 ἐριστικῶς
540 3041 846 3108 ἀντιλέγειν
919 3036 1167 3091 ἐθέλουσι
1206 3050 1221 3064 °
1282 3032 1476 3103 πορῤω
1505 3026 1616 3096 γὰρ
1661 3023 1771 3077 τῶν

174 3134 476 3205 ἐριστικῶν
513 3132 839 3200 ἀντιλογιῶν
898 3132 927 3184 ὁ
976 3128 1129 3200 παρὰ
1172 3124 1251 3196 (7)
1305 3122 1402 3178 τοῦ
1452 3118 1769 3187 Πνεῦματος

175 3229 484 3296 ςωτισμός.

246 3405 412 3460 ΛΑΤ.
451 3404 586 3471 Ἀγε
621 3399 733 3470 (8),
766 3393 810 3453 ὦ
840 3397 1064 3469 Γραῖκὲ,
1094 3392 1429 3463 φιλαληθῶς,
1482 3390 1676 3445 ταυτὸν
1701 3390 1759 3443 δὲ

175 3501 376 3561 εἰπεῖν,
447 3495 750 3564 φιλοθέωςο
814 3489 1021 3561 ἀληθὴς
1067 3488 1178 3559 γὰρ
1219 3487 1247 3539 ὁ
1302 3486 1435 3549 Θεὸς
1489 3486 1586 3537 καὶ
1640 3483 1773 3545 Θεὸς

186 3591 426 3662 ἀλήθεια
464 3591 557 3641 καὶ
614 3589 678 3640 ὲκ
720 3583 856 3638 Θεοῦ
886 3584 1054 3635 πᾶσιν
1104 3581 1138 3650 ἡ
1179 3578 1427 3648 ἀλήθεια.
1474 3574 1631 3630 Ποοῶ
1661 3574 1771 3643 γάρ

174 3683 275 3750 τὴν
328 3678 463 3747 περὶ
512 3676 719 3730 τούτων
778 3678 1008 3748 ζήτησιν
1065 3673 1160 3726 καὶ
1207 3675 1272 3723 ὲκ
1315 3665 1515 3720 πολλοῦ
1562 3663 1772 3729 ταύτην

174 3772 358 3823 ὠδίνω
389 3771 490 3838 τὴν
522 3769 894 3833 συνεξέτασιν.
952 3766 1137 3820 Ἔλθοι
1173 3763 1229 3817 δὲ
1262 3764 1394 3834 ἡμῖν
1416 3761 1445 3810 ὁ
1478 3757 1772 3825 Παράκλη-

175 3882 291 3927 τος,
339 3863 405 3915 τὸ
461 3861 688 3931 Πνεῦμα
732 3865 830 3930 τῆς
889 3859 1175 3929 ἀληθείας,
1220 3855 1318 3907 καὶ
1375 3851 1632 3906 εὑοδώσοι.
1680 3853 1773 3901 τὸν

174 3956 341 4022 λόγον
385 3954 591 4019 τρέπον
618 3956 699 4016 είς
748 3954 965 4007 εὐθεῖαν
995 3953 1062 4005 τὰ
1091 3949 1283 4003 σκολιά
1316 3947 1391 4018 (9)
1432 3945 1508 4008 ὡς
1544 3942 1771 4012 Πνεῦμα

176 4046 339 4109 εὖθὲς
377 4045 577 4114 (10)ἐν
607 4047 724 4105 τοῖς
772 4044 881 4098 τῶν
913 4042 1124 4096 πιστῶν
1175 4038 1433 4107 ὲγκάτοις
1469 4031 1799 4103 ὲγκαινιζόι

1858 1560 2065 1632 tigandi
2108 1564 2382 1631 pruritum
2419 1571 2610 1633 utpote
2660 1563 2913 1617 veritatis
2944 1562 3291 1618 invenienda
3341 1565 3437 1619 im-

1858 1654 2173 1725 pedimenta
2200 1655 2394 1724 procul
2429 1670 2458 1709 a
2489 1654 2652 1709 nobis
2680 1664 3005 1709 amoventes
3027 1694 3043 1718 ,
3082 1657 3444 1736 qumstionem

1859 1746 1927 1801 de
1978 1748 2335 1817 processione
2397 1746 2638 1815 Spiritus
2687 1747 2900 1812 sancti,
2956 1746 3323 1818 circabquam
3377 1745 3449 1801 ab

1860 1840 2097 1895 invicem
2128 1840 2511 1903 dissentimus,
2542 1839 2843 1894 auxiliante
2874 1838 3082 1909 Spiritu
3116 1844 3311 1894 sancto
3341 1854 3450 1892 una

1859 1930 2023 1986 simul
2052 1929 2482 1998 perpendamus.
2511 1928 2744 1998 Oportet
2773 1930 2945 1995 enim,
2973 1929 3020 1983 si
3046 1929 3303 1983 volumus
3328 1942 3457 1982 esse

1860 2021 1977 2075 veri
2014 2019 2254 2090 Spiritus
2292 2021 2469 2075 sancti
2500 2020 2821 2074 adoratores
2858 2029 2915 2074 et
2942 2020 3204 2085 cultores,
3232 2031 3348 2073 tum
3395 2019 3451 2072 in

1862 2114 2122 2169 omnibus
2167 2113 2291 2168 aliis
2352 2112 2531 2183 ipsum
2580 2111 2847 2181 Spiritum
2896 2122 3148 2167 sanctum
3194 2112 3455 2167 invocare

1865 2207 2157 2277 ipsumque
2205 2207 2310 2262 vize
2361 2204 2559 2261 ducem
2615 2204 2821 2260 habere
2853 2205 2923 2259 ad
2960 2206 3253 2261 veritatem
3295 2205 3456 2260 invc-

1862 2298 2121 2354 niendam
2154 2308 2211 2354 et
2241 2299 2651 2369 intelligendam
2675 2340 2689 2363 ,
2720 2307 2838 2351 tum
2868 2299 3106 2353 maxime
3154 2300 3211 2353 in
3239 2313 3456 2353 sermo-

1863 2389 2053 2451 nibus,
2078 2390 2176 2459 qui
2227 2389 2297 2444 de
2358 2389 2454 2443 illo
2501 2388 2623 2458 ipso
2670 2388 2969 2453 habentur,
3007 2389 3137 2457 quia
3183 2398 3240 2443 et
3286 2389 3460 2457 major

1864 2489 1951 2535 est
1986 2480 2041 2533 in
2067 2482 2489 2551 quaestionibus,
2525 2497 2649 2551 quae
2685 2480 2753 2536 de
2780 2482 2894 2536 Deo
2918 2492 3109 2551 agunt,
3141 2480 3458 2546 dillicultas,

1868 2572 2016 2627 Deus
2043 2580 2226 2626 autem
2256 2587 2426 2626 verus
2446 2582 2502 2625 et
2526 2571 2768 2640 Spiritus
2790 2579 3017 2625 sanctus
3036 2578 3122 2625 est
3148 2586 3274 2624 cum
3300 2571 3461 2625 Patre
3500 2634 3515 2643 η

1870 2676 1926 2721 et
1958 2665 2095 2719 Filio
2127 2664 2289 2719 simul
2316 2664 2583 2719 adoratus
2612 2672 2801 2733 utpote
2825 2662 3078 2733 ejusdem
3108 2678 3336 2718 consors
3365 2680 3462 2718 ua-

1872 2770 2006 2814 turaa
2049 2766 2106 2812 et
2143 2757 2305 2811 simul
2337 2755 2714 2827 glorificatus;
2754 2765 2812 2809 et
2852 2756 2981 2826 quia
3026 2756 3144 2825 ipse
3195 2771 3286 2811 res
3332 2772 3463 2811 suas

1873 2865 2231 2920 cognoscens,
2263 2861 2320 2904 et
2343 2850 2567 2920 quidem
2592 2850 2744 2904 solus
2766 2865 2893 2905 cum
2923 2850 3088 2904 Patre
3126 2860 3182 2905 et
3223 2849 3384 2914 Filio,
3407 2861 3463 2904 et

1875 2952 2129 2997 scrutans
2178 2942 2452 3012 profunda
2506 2942 2605 2997 Dei
2657 2944 2815 2997 novit
2860 2942 3111 2998 revelare
3164 2943 3369 3011 quibus
3406 2953 3464 2995 et

1873 3033 2097 3103 quando
2145 3041 2202 3087 et
2233 3043 2498 3103 quantum
2544 3042 2801 3103 oportet;
2840 3032 2946 3087 hoc
2974 3047 3108 3089 vero
3138 3048 3251 3087 non
3275 3033 3463 3087 evenit

1872 3140 1999 3179 cum
2058 3124 2127 3179 iis
2188 3124 2287 3194 qui
2347 3124 2727 3180 contentionis
2789 3126 2975 3179 studio
3038 3123 3461 3183 contradicunt;

1874 3214 2067 3285 procul
2097 3214 2248 3268 enim
2275 3229 2306 3266 a
2341 3213 2705 3268 contentiosis
2739 3213 3279 3269 contradictionibus
3306 3213 3466 3269 abest

1875 3307 2116 3378 Spiritus
2150 3308 2479 3362 illuminatio
2507 3316 2564 3362 et
2595 3307 2912 3362 illustratio.

1945 3400 2104 3455 LAT.
2146 3402 2281 3470 Age,
2306 3416 2340 3454 ο
2372 3399 2583 3465 Graece,
2614 3416 2803 3455 amore
2829 3400 3085 3456 veritatis
3107 3442 3121 3467 ,
3152 3402 3269 3457 sive
3314 3402 3462 3472 quod

1874 3494 2021 3549 idem
2053 3502 2139 3548 est
2172 3508 2363 3547 amore
2397 3492 2495 3547 Dei
2531 3493 2721 3560 (verax
2752 3493 2900 3547 enim
2929 3494 3097 3558 Deus,
3128 3504 3184 3547 et
3213 3494 3357 3548 Deus
3380 3503 3466 3548 est

1874 3587 2083 3641 veritas
2121 3595 2177 3639 et
2209 3600 2278 3640 ex
2312 3585 2425 3638 Deo
2472 3584 2683 3651 veritas
2727 3584 2991 3641 omnibus
3043 3586 3259 3654 venit).
3310 3585 3466 3639 Desi-

1875 3680 2011 3733 dero
2065 3679 2211 3732 enim
2246 3677 2692 3746 disquisitionem
2728 3677 2797 3732 de
2821 3677 2924 3731 hac
2955 3678 3186 3732 materia
3218 3687 3276 3731 et
3317 3679 3463 3747 jam-

1875 3774 2085 3828 dudum
2137 3774 2456 3829 vehementi
2506 3774 2789 3828 desiderio
2860 3774 3064 3829 anbelo
3107 3775 3250 3827 lianc
3284 3775 3467 3828 disce-

1876 3867 2203 3936 ptationem.
2277 3866 2642 3935 Superveniat
2704 3881 2836 3920 vero
2914 3867 3075 3920 nobis
3125 3866 3464 3931 Paracletus,

1875 3957 2114 4026 Spiritus
2147 3958 2392 4012 veritatis
2446 3967 2495 4011 el
2539 3972 2850 4011 sermonem
2893 3957 3033 4011 bene
3072 3958 3308 4028 dirigat,
3340 3973 3466 4010 ver-

1877 4062 1995 4103 tens
2019 4064 2183 4117 prava
2208 4048 2261 4101 in
2285 4050 2492 4102 directa
2519 4058 2577 4101 ut
2600 4048 2836 4117 Spiritus
2868 4056 3051 4101 rectus
3074 4049 3129 4100 in
3154 4048 3468 4102 visceribus

180 4153 349 4205 μενον
396 4138 491 4188 καὶ
529 4135 774 4205 πληροῦν
818 4135 913 4197 τὰς
956 4132 1307 4192 ἐλλειπτικὰς
1361 4130 1464 4198 τῆς
1514 4124 1769 4195 γνώσεως

1880 4137 2125 4193 fidelium
2162 4139 2462 4192 innovatus
2494 4146 2551 4191 et
2604 4137 2891 4206 complens
2927 4136 3285 4203 exaltansque
3328 4134 3467 4189 deli.

178 4231 504 4297 φάραγγας,
539 4228 635 4278 καὶ
677 4224 829 4288 λείας
861 4227 995 4296 ἡμῖν
1022 4222 1473 4294 ἀπεργαζόμενον
1501 4222 1601 4282 τὰς
1638 4234 1774 4288 τρα-

178 4321 338 4388 χείας
368 4319 526 4382 ὁδους
558 4320 603 4388 (1
618 4319 693 4387 1).

249 4409 362 4461 ΓΡ.
432 4410 603 4478 Κοινὴ
674 4408 772 4477 μὲν
826 4407 927 4479 ἠδη
973 4409 1181 4477 ἀμφοῖν
1229 4408 1263 4477 ἡ
1310 4402 1458 4477 εὐχὴ.
1488 4403 1585 4457 καὶ
1636 4398 1717 4467 εἷς
1748 4405 1776 4456 ὁ

178 4500 417 4562 σκοπὸς,
446 4502 479 4569 ﬂ
518 4502 612 4552 ἐπὶ
642 4504 707 4570 τῇ
751 4503 1097 4573 προκειμένῃ
1125 4501 1389 4569 συσκέψει
1419 4500 1651 4569 ζήτησις
1678 4501 1776 4568 τῆς

175 4592 451 4660 ἀληθείας
484 4592 580 4644 καὶ
599 4590 824 4663 εὕρεσις
848 4608 863 4624 ο
900 4592 1085 4645 λοιπὸν
1112 4593 1169 4645 δὲ
1206 4592 1438 4662 ἀρκτέον
1475 4590 1569 4643 τοῦ
1597 4592 1777 4659 ἐγχει-

178 4690 463 4758 ρήματος.
760 4736 761 4739 η

252 4776 426 4830 ΛΑΤ.
472 4776 635 4828 Ἀλλὰ
663 4776 929 4845 πρότερον
959 4775 1170 4847 βραχέα
1201 4775 1325 4829 τινὰ
1356 4777 1485 4846 περὶ
1541 4776 1650 4827 τῶν
1681 4776 1777 4827 ἐπὶ

177 4870 284 4937 τῆς
328 4870 496 4934 ἁγίας
545 4868 777 4936 Τριάδος
808 4867 1290 4937 δογματιζομένων
1320 4868 1415 4920 καὶ
1447 4867 1763 4936 λεγομένων

180 4966 319 5032 ἡμῖν
372 4961 451 5024 ὡς
501 4962 559 5013 ὲν
620 4960 986 5030 προθεωρίαις
1038 4958 1445 5028 διαληψόμεθα·
1481 4959 1607 5026 ,ἔξει
1664 4960 1772 5030 γὰρ

181 5056 320 5117 ἴσως
376 5054 553 5107 ταῦτα
606 5052 777 5123 ῥοπὴν
831 5053 893 5106 οὐ
948 5053 1152 5123 μικρὰν
1207 5052 1345 5122 πρὸς
1404 5053 1505 5123 τὴν
1549 5052 1643 5105 τοῦ
1691 5051 1775 5104 λό-

178 5165 283 5214 γου
322 5146 609 5212 εὺόδωσιν,
657 5150 752 5199 καὶ
804 5145 1004 5217 μᾶλλον
1052 5146 1211 5214 εἴπερ
1257 5144 1368 5198 εἷεν
1422 5147 1583 5200 ταυτὶ
1618 5150 1771 5215 κοινῇ

182 5241 710 5311 συνομολογούμενα
740 5255 755 5271 ⁶
794 5242 857 5293 τό
885 5258 942 5293 τε
990 5242 1096 5311 γὰρ
1136 5241 1360 5310 συνᾷδον
1401 5243 1521 5303 ταῖς
1568 5242 1775 5302 κοιναῖς

182 5333 349 5403 ἡμῶν
380 5332 702 5402 ὁμολογίαις
733 5333 829 5384 καὶ
847 5333 909 5385 τὸ
942 5332 1147 5401 ἀπᾷδον
1182 5334 1238 5384 ὲν
1269 5334 1381 5395 τοῖς
1436 5331 1565 5402 ἑξῆς
1595 5331 1773 5399 λόγοις

184 5428 323 5496 ῥᾷον
369 5426 549 5489 οὕτως
593 5424 1082 5495 διαγνωσθήσεται.
1129 5426 1220 5479 Δεῖ
1253 5425 1363 5496 γὰρ
1414 5428 1535 5488 ταῖς
1576 5427 1771 5497 ἀρχαῖς

181 5523 514 5589 συμφωνεῖν
538 5520 606 5573 τὰ
636 5518 933 5588 λεγόμενα,
962 5519 1054 5571 καὶ
1089 5517 1118 5570 ὃ
1144 5517 1244 5589 μὲν
1276 5521 1576 5588 συμφωνεῖ,
1604 5518 1765 5571 τοῦτο

256 5683 383 5752 (6)1
413 5684 545 5741 Cor.
575 5701 637 5747 tl,
666 5683 753 5739 l0.

256 5755 335 5824 (7)
370 5755 557 5811 Laur:
591 5754 741 5879 περί.

261 5830 340 5879 (illi
366 5826 507 5879 Cod.
546 5828 585 5879 V
616 5846 629 5879 :
699 5827 741 5879 ἐγ

261 5830 340 5896 (ll)
366 5826 507 5882 Cod.
546 5828 585 5882 V
616 5846 629 5881 :
664 5826 788 5896 λέγε
823 5845 838 5896 ;
873 5827 1006 5884 fort.
1036 5827 1237 5897 λεγεις.

1878 4232 2091 4286 cientes
2143 4240 2346 4285 nostrae
2406 4229 2743 4300 cognitionis
2788 4229 2980 4294 valles,
3028 4243 3255 4298 asperas
3307 4227 3470 4283 nobis

1877 4323 1993 4378 vias
2022 4322 2267 4378 efficiens
2299 4324 2512 4391 planas.

1947 4416 2062 4471 GR.
2101 4414 2425 4469 Communis
2451 4415 2688 4483 jam°est
2719 4413 3009 4483 utriusque
3038 4418 3291 4464 nostrum
3341 4424 3468 4479 pre-

1877 4509 2043 4571 catio,
2075 4517 2130 4561 et
2172 4522 2314 4559 unus
2355 4506 2613 4574 idemque
2653 4521 2888 4573 scopus,
2932 4504 3185 4558 videlicet
3220 4501 3471 4556 veritatis

1878 4600 2168 4669 inquisitio
2189 4611 2245 4653 et
2269 4599 2518 4653 inventio
2542 4599 2690 4652 circa
2718 4596 3057 4667 pr0positam
3081 4593 3469 4665 quaestionem.

1875 4691 1997 4745 Jam
2032 4706 2163 4761 ergo
2192 4706 2309 4743 rem
2336 4691 2749 4761 aggrediamur.

1947 4782 2104 4836 LAT.
2150 4780 2259 4836 Sed
2308 4784 2463 4852 prius
2511 4798 2680 4852 pauca
2736 4781 2989 4853 quaedam
3030 4796 3375 4850 exponamus
3417 4790 3473 4834 et

1874 4871 2291 4943 perpendamus
2324 4873 2390 4927 de
2420 4874 2485 4926 iis
2517 4888 2639 4941 qua:
2679 4874 2827 4927 circa
2864 4885 3111 4927 sanctam
3144 4872 3470 4926 Trinitatem

1874 4965 2185 5035 dogmatice
2234 4964 2548 5018 eﬂ‘eruntnr
2596 4966 3079 5035 et,praadicantur,
3116 4966 3286 5019 veluti
3330 4980 3472 5033 pra:-

1874 5057 2095 5112 ambula
2145 5056 2606 5125 disceptationis;
2660 5058 2777 5111 haec
2831 5058 2977 5111 enim
3040 5056 3274 5112 fortasse
3325 5056 3468 5110 haud

1874 5150 2133 5220 exiguum
2167 5149 2386 5219 pondus
2425 5148 2711 5204 habebunt
2758 5151 2825 5205 ad
2875 5150 3025 5204 illam
3059 5151 3201 5206 bene
3234 5158 3471 5219 apteque

1874 5244 2239 5315 dirigendam,
2282 5244 2589 5313 praesertim
2620 5246 2665 5300 si
2703 5246 2986 5300 communi
3019 5247 3109 5300 hic
3137 5244 3401 5314 suffragio
3439 5260 3473 5296 a

1875 5339 2033 5393 nobis
2064 5336 2271 5391 fuerint
2305 5351 2606 5402 concessa;
2659 5338 2875 5392 scilicet
2906 5337 3128 5393 facilius
3157 5337 3265 5392 hoc
3310 5347 3472 5406 pacto

1876 5439 1993 5484 tum
2040 5428 2186 5498 quod
2215 5443 2340 5482 cum
2364 5430 2757 5485 communibus
2803 5430 3008 5484 nostris
3030 5427 3472 5484 confessionibus

1871 5528 2293 5583 consonat,tum
2325 5518 2474 5588 quod
2501 5519 2571 5573 ab
2595 5521 2707 5575 Illis
2736 5519 2987 5576 dissonat
3017 5521 3073 5575 in
3101 5517 3470 5590 sequentibus

1975 5684 2030 5748 9)
2063 5685 2162 5737 lsa.
2191 5698 2278 5747 ιι,
2320 5681 2373 5735 4.

1981 5752 2066 5825 l0)
2095 5752 2244 5825 Psal.
2266 5769 2314 5807 LI
2366 5752 2552 5825 (Vulg.
2575 5751 2653 5823 ί..)
2681 5752 2770 5808 10.

1980 5822 2068 5894 Η)
2099 5823 2202 5879 lsa.
2232 5823 2271 5881 l.
2304 5840 2357 5880 c.
