4288 6364
745 335 849 398 179
1948 338 2247 403 NICETIE
2284 337 2816 403 MARONIENSIS
3920 332 4056 394 180.

743 455 969 509 immoto.
1002 461 1059 508 et
1091 446 1207 508 sine
1229 454 1634 524 permutatione
1671 456 1782 512 ulla
1824 458 2329 516 ebararteristicam
2358 469 2436 529 Αλ

2358 469 2406 529 Α
2433 459 2598 527 γενής
2623 472 2639 489 ο
2663 456 2760 509 τοῦ
2784 455 2923 508 Πνευ
2934 468 3103 523 ματος
3128 450 3229 522 τὴν
3252 449 3602 517 ὲκπόρευσιν,
3641 450 3736 501 καὶ
3761 448 3886 500 οὔτε
3921 448 4028 501 τοῦ

740 554 799 600 et
819 546 1162 600 discretivam
1198 546 1609 615 proprietatem,
1633 557 1688 603 et
1714 547 1889 602 Patris
1922 550 2142 619 quidem
2181 550 2337 603 inna-

2331 580 2337 589 -
2446 550 2662 620 Πατρδς
2687 548 2814 603 οὔτε
2844 546 2940 601 τοῦ
2974 545 3105 600 Υἱοῦ
3126 563 3140 578 ’
3168 545 3331 617 μόνον
3362 544 3472 613 γὰρ
3496 543 3556 596 τὸ
3592 541 3814 612 Πνεῦμα
3843 542 4024 594 ἐκπο-

741 639 1088 694 seibilitatem
1114 679 1130 703 ,
1182 641 1311 710 quia
1339 657 1368 694 a
1398 642 1551 695 nullo
1582 652 1686 706 est,
1732 658 1965 712 eamque
1999 660 2178 713 neque
2210 642 2335 697 Filii
2447 643 2659 713 ρευτόν.

742 746 863 785 esse
909 747 1082 800 neque
1110 731 1381 801 Spiritus;
1417 734 1538 789 Filii
1570 736 2004 803 generationem,
2029 750 2150 806 quae
2182 752 2362 806 neque
2415 735 2593 791 Patris
2619 745 2704 790 est
2733 748 2913 803 neque
2952 732 3225 802 Spiritus;
3281 730 3431 784 solus
3467 726 3614 782 enim
3653 732 3737 780 est
3762 740 3828 779 ex
3855 723 4032 779 Patre

744 822 999 891 genitus;
1030 840 1199 893 quare
1227 834 1283 879 et
1313 824 1667 893 Unigenitus;
1709 825 1946 897 Spiritus
1975 828 2407 896 processionem,
2444 841 2566 896 quae
2585 841 2766 895 neque
2805 825 2984 880 Patris
3006 832 3091 879 est
3119 837 3297 893 neque
3326 820 3447 875 Filii
3476 861 3492 885 ,
3533 821 3686 875 solus
3716 818 3864 873 enim
3891 815 4034 887 Spi-

745 914 885 968 ritus
917 922 1140 969 sanctus
1169 924 1255 968 est
1281 915 1607 985 procedens.

812 1008 869 1061 5.
916 1006 1072 1060 LAT.
1123 1007 1264 1072 Quid
1312 1008 1487 1078 ergo?
1532 1008 1670 1063 Cum
1715 1011 1992 1078 ingenitus
2039 1011 2113 1065 sit
2157 1009 2339 1077 Pater,

746 1099 873 1166 quia
910 1116 939 1150 ει
970 1098 1124 1151 nullo
1172 1107 1277 1163 est,
1309 1098 1497 1154 ethoc
1548 1101 1722 1171 ipsius
1746 1102 1818 1157 sit
1847 1103 2155 1171 proprium,
2206 1118 2339 1158 num

748 1192 956 1247 idcirco
991 1191 1125 1244 nihil
1153 1191 1262 1245 erit
1294 1207 1361 1246 ex
1397 1192 1551 1261 ipso?

819 1283 935 1338 GR.
966 1283 1175 1337 Revera
1204 1293 1261 1338 et
1291 1284 1564 1354 ingenitus
1590 1285 1751 1339 Pater
1777 1294 1863 1341 est
1888 1296 1943 1342 et
1967 1303 2074 1341 non
2102 1302 2169 1341 ex
2195 1286 2339 1352 ullo;

746 1374 842 1429 sed
874 1390 941 1429 ex
974 1375 1094 1445 ipso
1120 1378 1388 1446 processit
1420 1385 1533 1430 tum
1571 1377 1768 1443 Filius,
1804 1389 1920 1434 tum
1941 1379 2200 1450 Spiritus.

825 1553 983 1610 LAT.
1032 1556 1173 1621 Quid
1220 1558 1394 1611 vero?
1437 1556 1573 1612 Cum
1625 1559 1938 1629 progressio
1984 1560 2233 1629 quaedam
2277 1561 2349 1615 sit

2514 1018 2587 1080 γ’.
2622 1010 2785 1065 ΛΑΤ.
2820 1009 2884 1061 Τί
2919 1003 3051 1070 οὗνς
3113 1004 3303 1076 ἐπειδὴ
3356 1005 3675 1074 ἀγέννητον,
3718 1002 3803 1055 ὅτι
3842 1003 3919 1072 μὴ
3961 1002 4037 1055 ἐκ

2444 1119 2614 1165 τινος,
2645 1104 2674 1155 6
2705 1099 2898 1167 Πατὴρ
2950 1099 3046 1150 καὶ
3084 1095 3246 1149 τοῦτο
3295 1093 3429 1147 ῐδιον
3468 1089 3660 1152 αὐτοῦ,
3711 1090 3801 1143 διὰ
3860 1087 4038 1141 τοῦτο

2445 1194 2569 1247 οὐδὲ
2608 1195 2666 1260 ἐξ
2690 1191 2855 1246 αὑτοῦ
2877 1208 2931 1243 τι
2961 1188 3119 1241 ἔσται
3148 1206 3163 1252 ;

2518 1287 2624 1340 ΓΡ.
2658 1285 2769 1337 Καὶ
2800 1285 2908 1354 μὴν
2934 1282 3029 1334 καὶ
3068 1280 3367 1349 ἀγέννητος
3407 1277 3435 1328 6
3474 1276 3664 1346 Πατὴρ
3698 1276 3792 1327 καὶ
3834 1275 3935 1327 οὐκ
3966 1272 4041 1326 ἐκ

2447 1396 2592 1441 τινος
2618 1394 2631 1406 ·
2688 1378 2806 1431 ἀλλ’
2840 1376 2898 1443 ἐξ
2945 1373 3112 1428 αὑτοῦ
3166 1371 3535 1443 προελήλυθεν
3589 1372 3618 1423 6
3661 1368 3791 1431 Υἱὸς
3830 1370 3926 1421 καὶ
3970 1368 4043 1420 τὸ

2449 1471 2693 1540 Πνεῦμα.

2520 1564 2678 1618 ΛΑΤ.
2714 1561 2781 1614 Τί
2813 1561 2911 1627 δές
2947 1560 3070 1613 ἐπεὶ
3109 1562 3207 1613 καὶ
3259 1558 3492 1630 πρόοδός
3519 1557 3605 1616 τίς
3627 1557 3778 1610 ἐστιν
3802 1556 3897 1610 ἀπ’
3937 1554 4008 1607 αὐ

750 1646 818 1700 ab
852 1648 986 1714 ipso.
1040 1648 1278 1702 haeccine
1315 1659 1490 1703 estea
1552 1650 1846 1704 uniformis
1896 1660 1952 1706 et
2007 1651 2212 1721 absque
2239 1652 2348 1706 ulla
2442 1682 2443 1689 ι

2042 1651 2212 1721 bsque
2239 1652 2348 1706 ulla
2442 1656 2562 1720 τοῦ,
2597 1656 2708 1726 ἄρα
2736 1654 3073 1725 μονότροπος
3101 1652 3242 1724 αὕτη
3269 1652 3367 1706 καὶ
3396 1649 3695 1722 ἀδιάφορος
3719 1667 3735 1717 ;

751 1740 1100 1796 diil'erentia?

835 1832 950 1890 CR.
987 1834 1229 1888 Minime.
1276 1835 1412 1889 Nam
1463 1835 1717 1889 diversus
1746 1846 1826 1889 est
1856 1836 2053 1889 modus
2094 1851 2351 1907 progres-

2518 1834 2766 1888 ΓΡ.”ούκ
2788 1832 2938 1886 ἔστιν
2967 1829 3106 1901 (10)*
3132 1828 3226 1881 καὶ
3256 1827 3368 1897 γὰρ
3386 1826 3416 1879 6
3442 1826 3645 1896 τρόπος
3672 1824 3774 1893 τῆς
3802 1822 4045 1892 προόδου

752 1933 925 1987 ainnis
956 1941 1011 1984 et
1040 1929 1286 1983 diversas
1310 1943 1575 1998 personas
1602 1928 1979 1984 manifestans.
2021 1930 2175 1985 Alius
2198 1930 2343 1985 enim
2374 1931 2422 1990 B

2374 1927 2706 1996 Βδιάςρορος
2778 1923 2875 1977 καὶ
2930 1923 3211 1992 διαφόρων
3282 1919 3593 1991 προσώπων
3677 1917 4041 1987 ἑκφαντικός.

755 2036 840 2077 est
874 2024 1068 2076 modus
1114 2020 1538 2090 progressionis,
1588 2022 1888 2075 secundum
1926 2037 2090 2090 quem
2119 2038 2189 2077 ex
2228 2022 2346 2092 ipso

755 2126 840 2170 est
894 2113 1102 2177 Filius;
1153 2121 1210 2166 et
1258 2113 1349 2166 hic
1399 2112 1679 2181 generatio
1725 2112 2062 2180 appellatur;
2107 2121 2164 2165 et
2209 2112 2350 2166 alius

757 2210 975 2269 modus.
1030 2207 1333 2261 secundum
1393 2222 1557 2275 quem
1610 2206 1850 2276 Spiritus
1894 2221 1961 2259 ex
2011 2221 2076 2260 eo
2126 2206 2350 2276 prodire

757 2302 994 2363 dicitur;
1034 2313 1262 2354 vocatur
1300 2315 1433 2352 vero
1466 2300 1555 2353 hic
1588 2300 1889 2367 processio.
1943 2297 2190 2367 Uterque
2221 2313 2354 2353 vero

757 2395 954 2449 modus
999 2391 1307 2445 secundum
1367 2391 1754 2453 substantiam,
1792 2408 1901 2444 non
1934 2392 2063 2460 quia
2092 2390 2354 2445 dill'eren-

761 2490 890 2540 tiam
926 2481 1248 2535 substantia:
1298 2482 1567 2550 prtebent,
1618 2496 1810 2550 apage,
1839 2482 1934 2535 sed
1967 2482 2096 2550 quia
2126 2497 2195 2535 ex
2224 2480 2357 2534 sub-

759 2576 960 2630 stantia
992 2573 1170 2628 Patris
1201 2582 1313 2626 tum
1348 2571 1541 2632 Filius,
1572 2588 1762 2624 verum
1796 2588 1894 2639 per
1920 2575 2355 2641 generationem,

769 2683 882 2719 ιιιιη
921 2664 1184 2734 Spiritus,
1233 2676 1421 2714 verum
1454 2676 1550 2730 per
1594 2662 2027 2730 processionem.
2056 2670 2113 2715 et
2145 2676 2257 2715 non
2289 2661 2357 2715 ab

759 2768 941 2818 extra,
975 2771 1085 2810 non
1112 2772 1178 2809 ex
1210 2753 1407 2814 nihilo,
1453 2752 1919 2820 quemadmodum
1971 2762 2257 2807 creaturae.
2291 2753 2360 2807 Et

760 2848 959 2902 Ftt‘ium
1011 2843 1234 2913 quidem
1292 2841 1450 2894 Pater
1489 2841 1693 2894 dicitur
1751 2853 2036 2908 generare,
2090 2838 2358 2907 Spiritum

2456 2019 2650 2081 ’Ἄλλος
2680 2017 2788 2087 γάρ
2819 2018 2967 2069 ἐστιν
2992 2016 3021 2067 6
3052 2015 3255 2084 τρόπος
3296 2012 3399 2082 τῆς
3436 2011 3689 2083 προόδου,
3747 2008 3871 2063 καθ’
3917 2008 3981 2061 δν
4012 2010 4048 2061 ὁ

2461 2113 2587 2174 Υἱὸς
2645 2110 2703 2177 ἐξ
2769 2110 2958 2171 αὑτοῦ,
3019 2108 3273 2176 γέννησις
3323 2104 3863 2175 προσαγορευόμενος
3892 2141 3908 2163 ,
3946 2100 4049 2152 καὶ

2452 2204 2612 2266 ἄλλος
2633 2206 2661 2255 6
2689 2201 2913 2271 τρόπος,
2947 2197 3075 2252 καθ’
3105 2198 3166 2250 6v
3204 2197 3267 2249 τὸ
3309 2194 3534 2264 Πνεῦμα
3583 2194 3643 2258 ἐξ
3674 2191 3843 2246 αὐτοῦ
3890 2207 4039 2262 προ-

2458 2298 2719 2371 έρχεσθαι
2751 2298 2969 2364 λέγεται
2994 2311 3007 2325 ·
3041 2294 3290 2348 καλεῖται
3334 2291 3393 2344 δὲ
3440 2290 3537 2343 καὶ
3570 2282 3726 2353 οὗτος
3762 2289 4042 2357 ὲκπόρευ-

2460 2410 2561 2455 σις.
2605 2390 2935 2461 Ἀμφότεροι
2978 2387 3037 2440 δὲ
3086 2385 3209 2438 κατ’
3251 2384 3465 2446 οὐσίαν,
3520 2383 3618 2451 οὐχ
3653 2383 3734 2433 ὅτι
3772 2380 4047 2448 διαφορὰν

2457 2485 2646 2545 οὐσίας
2686 2481 3043 2553 παρέχουσιν,
3088 2479 3292 2545 ἄπαγε,
3320 2475 3435 2530 ἀλλ’
3462 2477 3545 2528 ὅτι
3600 2476 3665 2527 ὲκ
3701 2474 3803 2541 τ’ἠς
3851 2471 4050 2531 οὐσίας

2458 2574 2554 2628 τοῦ
2598 2574 2812 2643 Πατρὸς
2868 2572 2962 2624 καὶ
3011 2573 3038 2622 6
3091 2570 3243 2631 Υἱὸς,
3295 2568 3429 2621 ἀλλὰ
3484 2566 3781 2636 γεννητῶς,
3837 2565 3933 2618 καὶ
3983 2562 4053 2617 τὸ

2460 2665 2711 2733 Πνεῦμα,
2747 2662 2866 2716 ἀλλ’
2902 2659 3275 2731 ὲκπορευτῶς,
3307 2661 3403 2711 καὶ
3437 2659 3538 2710 οὐκ
3592 2658 3792 2724 ἔξωθεν
3849 2658 3913 2708 ὲκ
3946 2654 4049 2707 τοῦ

2464 2760 2538 2829 μὴ
2562 2757 2717 2817 ὄντος
2746 2754 3002 2824 καθάπερ
3046 2754 3113 2806 τὰ
3145 2753 3447 2821 κτίσματα.
3480 2751 3593 2804 Καὶ
3631 2750 3727 2802 τὸν
3784 2750 3882 2817 μὲν
3915 2748 4052 2799 Υἱὸν

2460 2853 2657 2925 γεννᾷν
2690 2852 2719 2903 6
2746 2848 2937 2917 Πατὴρ
2987 2847 3231 2914 λέγεται,
3265 2846 3327 2897 τὸ
3364 2844 3422 2897 δὲ
3464 2843 3693 2912 Πνεῦμα
3745 2841 4053 2909 προϐάλλε-

762 2949 946 2995 autem
973 2936 1177 2989 dicitur
1206 2933 1515 2998 producere
1547 2933 1632 2986 vel
1665 2931 1920 2986 emittere
1946 2931 2032 2998 (ἱ),
2060 2931 2147 2983 vel
2174 2930 2359 2985 nescio

2464 2941 2589 2994 σθαι
2623 2941 2656 3009 ἦ
2684 2937 2979 3009 προΐεσθαι
3006 2936 3040 3007 ἢ
3072 2935 3174 2988 οὐκ
3204 2930 3302 2987 οἷδ’
3329 2935 3479 2997 ὅπως
3510 2932 4052 3002 ὲρῶεπροσφυέστε-

764 3028 1043 3099 quomodo
1078 3026 1263 3095 aptius
1284 3039 1337 3078 et
1372 3022 1844 3077 accommodatius
1877 3022 2080 3076 dicam.
2118 3022 2359 3091 Uterque

2467 3052 2580 3107 ρον.
2627 3031 2927 3102 Ἐκάτερος
2959 3029 3017 3081 δὲ
3045 3027 3249 3095 τρόπος
3284 3025 3420 3078 ἰδίου
3456 3026 3557 3094 μὲν
3595 3025 3898 3094 τετύχηκεν
3926 3023 4054 3076 όνόο

766 3138 899 3177 vero
960 3119 1155 3174 modus
1210 3118 1493 3187 pr0prium
1550 3130 1750 3169 nomen
1807 3116 2044 3169 sortitus
2072 3125 2179 3179 est,
2210 3116 2357 3186 quod

2468 3143 2658 3197 ματος,
2698 3125 2727 3178 6
2754 3126 2814 3177 τὸ
2846 3121 3076 3190 Πνεῦμα
3105 3120 3164 3172 τὸ
3187 3121 3342 3187 ἅγιον
3406 3118 3561 3171 ἔθετο
3584 3136 3600 3151 ο
3627 3119 3760 3188 ἡμῖν
3785 3119 3842 3170 δὲ
3866 3119 4054 3185 ἄγνω-

766 3214 1009 3285 Spiritus
1043 3220 1267 3267 sanctus
1314 3208 1533 3279 posuit;
1582 3208 1744 3261 nobis
1778 3217 1961 3261 autem
1990 3224 2100 3262 non
2136 3224 2363 3277 perspe—
2395 3274 2431 3285 Α

2361 3239 2363 3246 τ
2395 3274 2431 3285 Α
2469 3220 2593 3283 στός
2615 3236 2674 3271 τε
2705 3218 2801 3271 καὶ
2830 3215 3254 3283 ἀκατάληπτος·
3309 3214 3404 3264 καὶ
3454 3211 3537 3263 ὅτι
3578 3213 3606 3262 6
3633 3210 3732 3278 μὲν
3775 3210 3988 3277 ἕτερος,
4022 3210 4054 3261 6

766 3318 893 3363 ctus
946 3314 1109 3374 atque
1164 3298 1739 3371 incomprehensibilis
1785 3309 1890 3357 est.
1937 3309 1994 3353 et
2029 3300 2176 3369 quod
2224 3298 2433 3353 alius“

2389 3298 2433 3336 ί*
2466 3312 2525 3363 δὲ
2550 3313 2759 3380 ἔτερος,
2791 3311 2857 3362 ἐκ
2881 3309 2988 3361 τῶν
3020 3308 3149 3377 περὶ
3183 3308 3454 3376 ἐκατέρου
3486 3305 3769 3374 διαφόρως
3825 3305 4058 3373 λεγομέο

767 3402 841 3454 sit
876 3399 1002 3460 iste,
1036 3397 1179 3450 alius
1222 3393 1334 3456 ille,
1363 3408 1428 3446 ex
1464 3392 1530 3444 iis
1561 3391 1948 3459 cognoscimus
1980 3405 2102 3458 quae
2144 3388 2365 3442 diverso

2363 3419 2365 3430 ν
2468 3423 2574 3457 νων
2602 3401 2962 3471 γινώσκομεν.
3000 3400 3095 3462 Τίς
3114 3401 3172 3452 δὲ
3198 3400 3293 3452 καὶ
3322 3402 3506 3461 ὁποῖος
3530 3399 3813 3466 ἑκάτερος,
3840 3400 3935 3449 καὶ
3966 3396 4056 3459 τίς

768 3488 934 3543 modo
977 3487 1043 3540 de
1092 3496 1326 3553 utroque
1380 3482 1665 3535 dicuntur.
1722 3480 1855 3545 Quis
1910 3494 2043 3532 vero
2084 3489 2139 3533 et
2187 3480 2365 3549 qualis

2362 3500 2365 3532 ί
2467 3499 2499 3566 ἡ
2534 3495 2791 3565 διαφορὰ,
2828 3496 2893 3565 τῇ
2921 3493 3117 3563 Τριὰδι
3162 3493 3301 3561 μόνῃ
3332 3490 3665 3559 γινώσκεται
3690 3505 3705 3521 ⁶
3753 3490 3910 3542 οὐδὲν
3942 3489 4055 3557 γὰρ

769 3592 1003 3649 uterque
1037 3577 1108 3631 sit
1132 3585 1188 3629 et
1215 3588 1466 3644 quaenam
1512 3587 1704 3625 eorum
1755 3570 2092 3636 dillerentia,
2122 3585 2152 3624 a
2181 3570 2366 3624 Trini-

772 3679 882 3724 tate
916 3669 1031 3723 sola
1077 3665 1463 3736 cognoscitur;
1524 3662 1661 3716 nihil
1706 3664 1853 3716 enim
1887 3662 1955 3716 de
1991 3662 2078 3715 his
2130 3662 2368 3731 amplius

772 3778 838 3815 ex
870 3758 1074 3813 divinis
1124 3756 1365 3810 oraculis
1411 3754 1714 3807 indicatum
1754 3762 1857 3807 est.
1894 3754 1976 3808 An
2009 3769 2141 3808 vero
2170 3763 2229 3809 tu
2256 3771 2366 3809 non

774 3852 847 3903 ita
876 3847 1057 3902 dicis?

846 3938 1002 3992 LAT.
1046 3937 1123 3990 Ita
1161 3935 1306 3989 dico.
1342 3933 1403 3988 In
1437 3933 1525 3987 his
1554 3933 1703 3987 enim
1737 3932 1840 3987 tibi
1871 3931 2161 3988 consentio
2190 3933 2370 3988 ident-

775 4048 884 4102 que
917 4044 1142 4085 censeo.
1167 4028 1287 4083 Jam
1318 4041 1454 4080 vero
1509 4029 1780 4081 intremus
1810 4026 1863 4080 in
1897 4026 2070 4096 ipsam
2106 4027 2368 4096 quaestio-

775 4140 900 4177 ncm
939 4131 1103 4189 atque
1155 4119 1611 4182 controversiam,
1645 4118 2159 4188 perpendamusque
2192 4119 2268 4182 id,
2312 4119 2368 4172 in

777 4232 887 4285 quo
917 4215 1059 4267 inter
1082 4227 1179 4265 nos
1207 4212 1379 4278 lis_est
1404 4220 1460 4263 et
1487 4210 1541 4262 in
1565 4226 1673 4279 quo
1697 4211 1764 4263 ab
1788 4211 2019 4265 inticem
2050 4210 2368 4264 dividimur.

779 4306 1095 4375 lnquiratur
1126 4304 1330 4372 itaque,
1373 4312 1560 4356 utrum
1607 4311 1860 4370 Oporteat
1888 4304 2073 4358 dicere
2103 4302 2367 4372 Spiritum

778 4416 843 4452 ex
894 4400 1052 4451 Patre
1099 4395 1399 4465 procedere
1446 4396 1585 4458 solo,
1615 4411 1682 4449 an
1712 4395 1880 4450 etiam
1912 4410 2039 4450 eum
2070 4396 2372 4465 procedere

778 4510 845 4547 cx
876 4492 1035 4545 Filio.

2472 3588 2633 3640 πλέον
2657 3588 2791 3657 ἡμῖν
2819 3586 2953 3653 περὶ
2984 3584 3192 3637 τούτων
3218 3586 3283 3636 ὲκ
3308 3584 3421 3635 τῶν
3448 3583 3612 3636 θείων
3638 3582 3839 3650 λογίων
3879 3582 4050 3634 ἐκπέ-

2471 3695 2696 3747 φασται.
2721 3678 2792 3730 Ἢ
2821 3677 2921 3746 οὐχ
2942 3675 3117 3739 οὕτως
3152 3676 3259 3744 φῂς
3297 3675 3393 3728 καὶ
3413 3674 3580 3737 αὐτός
3610 3689 3625 3738 ;

2560 3946 2725 3999 AAT.
2755 3945 2906 4017 Φημί
2928 3962 2941 3976 °
2973 3944 3244 4015 σύμφρων
3273 3948 3386 4017 γὰρ
3435 3949 3529 4000 ἐπὶ
3576 3948 3785 4011 τούτοις
3813 3946 3929 4017 εἶμί
3974 3964 4059 4001 σοι

2470 4037 2564 4090 καὶ
2596 4036 2869 4107 ὁμόδοξος.
2911 4036 3047 4107 Ἤδη
3080 4037 3138 4090 δὲ
3187 4039 3562 4107 εἰσϐάλλωμεν
3610 4041 3704 4093 ἐπὶ
3765 4040 3828 4093 τὸ
3880 4042 4060 4107 ἀμφι-

2473 4129 2803 4198 ϐαλλόμενον
2826 4130 2922 4182 καὶ
2954 4128 3288 4199 ζητούμενον
3312 4170 3327 4193 ,
3362 4131 3458 4185 καὶ
3498 4132 3627 4200 περὶ
3659 4131 3687 4183 6
3722 4131 4060 4201 μέσονήμῶν

2472 4223 2506 4290 ἡ
2529 4221 2785 4290 διαφορὰ,
2810 4219 2903 4273 καὶ
2944 4219 3015 4271 δι’
3042 4220 3071 4272 6
3120 4221 3263 4291 τάχα
3313 4222 3410 4273 καὶ
3458 4220 3807 4291 διιστάμεθα.
3843 4219 4059 4273 Οὐκοῦν

2474 4311 2767 4381 ζητείσθω,
2801 4311 3033 4381 πότερον
3062 4315 3240 4381 χρεὼν
3288 4312 3468 4381 λέγειν
3517 4313 3580 4365 τὸ
3615 4312 3839 4372 Πνεῦμα
3864 4314 3928 4364 ὲκ
3965 4311 4060 4365 τοῦ

2477 4404 2685 4473 lla-:96;
2721 4403 3125 4473 ἐκπορεύεσθαι
3160 4405 3347 4472 μόνου,
3377 4404 3411 4475 ἢ
3442 4405 3541 4457 καὶ
3562 4406 3626 4456 ὲκ
3655 4403 3751 4456 τοῦ
3781 4403 3937 4459 Υίοῦ.

852 4584 968 4637 GR.
1003 4584 1057 4635 Id
1091 4582 1348 4636 videlicet
1384 4582 1499 4649 ipse
1536 4579 1775 4649 Spiritus
1824 4588 2050 4633 sanctus
2080 4595 2178 4648 per
2223 4577 2373 4633 Scri-
2408 4615 2449 4669 ὓ

2366 4608 2373 4618 -
2408 4615 2449 4669 υ
2550 4583 2655 4637 ΓΡ.
2695 4584 2761 4634 ’⁸0
2792 4581 2992 4651 δηλαδὴ
3018 4581 3114 4634 καὶ
3147 4581 3282 4633 αὐτὸ
3322 4583 3385 4633 τὸ
3432 4579 3661 4649 Πνεῦμα
3693 4580 3755 4631 τὺ
3788 4580 3943 4647 ᾰγιον
3972 4578 4059 4632 διὰ

781 4685 971 4746 pturas
1003 4674 1268 4726 divinitus
1316 4672 1610 4739 inspiratas
1659 4671 1952 4732 revelavit,
1990 4679 2047 4724 et
2074 4672 2245 4724 sancti
2275 4672 2377 4725 Pa-

792 4777 905 4819 tres
937 4774 1101 4833 atque
1128 4762 1388 4816 Ecclesiae
1418 4761 1660 4827 magistri
1695 4777 1791 4829 per
1820 4744 2068 4815 sanctum
2110 4762 2377 4831 Spiritum

792 4856 992 4909 initiati
1031 4855 1359 4922 evangelica:
1387 4864 1441 4907 et
1472 4851 1785 4920 apostolica:
1831 4852 2097 4906 doctrina:
2127 4853 2379 4922 dogmata

789 4949 845 5001 in
878 4947 994 5001 suis
1018 4946 1286 4999 divinitus
1334 4943 1618 5011 inspiratis
1660 4944 2105 4998 institutionibus
2140 4945 2383 5000 tradide-

784 5050 947 5104 runt;
978 5053 1155 5107 neque
1186 5047 1347 5091 recta!
1372 5047 1429 5091 et
1458 5036 1557 5103 pia:
1588 5035 1882 5089 sententia:
1916 5036 2026 5089 ullo
2055 5036 2217 5090 modo
2245 5036 2378 5106 quid

785 5132 1146 5194 adversatur;
1175 5142 1354 5194 neque
1400 5127 1572 5179 ullum
1618 5126 1817 5180 exinde
1874 5126 2234 5195 consequitur
2278 5126 2380 5181 ab-

792 5214 1046 5276 surdum.

859 5309 1018 5364 LAT.
1058 5309 1157 5363 Dic
1190 5325 1359 5363 unum
1413 5308 1715 5363 alterumve
1760 5324 1825 5363 ex
1876 5309 2032 5379 ipsis,
2085 5319 2145 5364 ut
2194 5322 2251 5365 et
2275 5323 2378 5381 ego

786 5417 1141 5472 cognoscam.

864 5517 976 5590 (l0)
1005 5517 1395 5590 Oblitteratum
1424 5517 1479 5590 in
1541 5516 1666 5590 cod.
1703 5515 1826 5590 Vat.

867 5585 977 5654 (ll)
1010 5589 1217 5644 Desunt
1256 5588 1438 5657 aliqua
1465 5587 1517 5639 in
1548 5585 1667 5640 Vat.
1703 5602 1756 5655 p.
1786 5588 1840 5650 5,
1866 5588 1947 5653 b.,
1970 5603 2091 5657 qua:
2126 5588 2213 5643 hic
2241 5603 2343 5658 sup

2478 4675 2589 4728 τῶν
2635 4674 3017 4727 θεοπνεύστων
3071 4673 3304 4743 Γραφῶν
3342 4672 3646 4742 ἑξεκάλυψε
3676 4674 3774 4724 καὶ
3818 4673 3867 4725 οἱ
3916 4674 4061 4738 ἆγιοι

2481 4767 2728 4837 Πατέρες
2779 4766 2875 4820 καὶ
2915 4768 3017 4834 τῆς
3092 4764 3428 4835 Ἐκκλησίας
3484 4764 3800 4818 διδάσκαλοι
3849 4764 3938 4817 διὰ
3967 4749 4079 4837 τοῦξ

2477 4831 2649 4928 ἁγίου.
2690 4831 3012 4928 Πνεύματος
3074 4831 3380 4927 μυηθέντες
3414 4859 3486 4910 τὰ
3547 4856 3649 4926 τῆς
3688 4831 4100 4931 εὐαγγελικῆλέ

2479 4954 2575 5004 καὶ
2603 4949 2973 5020 ὰποστολικῆς
3032 4949 3291 5021 (πίστεως
3319 4949 3613 5017 δόγματα),
3644 4949 3761 5017 (H)
3816 4948 3877 4999 ὲν
3933 4963 4053 5009 ταις

2478 5043 2689 5094 ἑαυτῶν
2729 5040 3117 5102 θεοπνεύστοις
3168 5039 3554 5101 διδασκαλίαις
3587 5038 4056 5108 παραδεδώκασι·

2476 5136 2575 5185 xal.
2599 5133 2752 5186 οὐδὲν
2794 5133 2906 5201 (12)
2932 5132 3011 5202 τῷ
3028 5131 3176 5202 ὀρθῷ
3204 5132 3351 5201 λόγῳ
3388 5133 3482 5185 καὶ
3507 5130 3726 5184 εὐσεϐεῖ
3754 5132 3880 5190 κατ’
3905 5130 4060 5183 οὐδὲν

2484 5225 2833 5296 ἡναντίωται,
2868 5225 2994 5278 οὔτε
3038 5224 3147 5295 μὴν
3175 5225 3292 5293 ἔχει
3319 5241 3376 5276 τι
3412 5223 3801 5293 παρεπόμενον
3834 5222 4059 5277 ἄτοπον.

2560 5320 2719 5374 ΔΑΤ.
2775 5318 2916 5371 Ἀλλ’
2945 5318 3006 5371 ἓν
3034 5319 3101 5388 γέ
3128 5335 3183 5372 τι
3217 5318 3451 5388 φράσον.
3486 5316 3577 5370 ἵνα
3606 5316 3721 5384 γνῶ
3751 5317 3846 5368 καὶ
3876 5316 4059 5377 αὐτός.

2495 5519 2692 5587 plenda
2727 5528 2906 5575 erant.

2554 5591 2668 5661 (η)
2699 5591 2819 5646 Vat.
2860 5592 3002 5647 οὐδέ.

864 5682 926 5743 (ii
973 5680 1167 5752 Vocem
1193 5677 1590 5749 προϐάλλεσθαι
1618 5695 1727 5733 non
1759 5681 2069 5748 passivum,
2130 5680 2224 5737 sed
2296 5680 2541 5739 medium
2611 5684 2701 5739 hic
2734 5699 2861 5741 esse
2926 5685 3209 5741 declarant
3241 5684 3446 5740 Nicette
3486 5683 3594 5740 alia
3638 5682 3824 5745 verba,
3863 5679 4065 5752 quibus

796 5767 957 5805 sensu
990 5750 1171 5805 activo
1210 5765 1328 5803 eam
1363 5766 1553 5804 vocem
1593 5760 1839 5819 usurpat.
