4288 6364
199 396 293 458 18‘

1137 415 1237 476 DE
1276 416 1802 479 PROCESSIONE
1843 417 2213 478 SPIRITUS
2249 421 2559 483 SANCTI.

3388 425 3488 493 189

257 508 325 561 δ’.
372 509 483 563 ΓΡ.
516 511 634 581 (l3)
665 516 727 568 Ei
765 518 829 571 ὲκ
853 519 949 573 τοῦ
991 522 1209 591 Πατρός
1238 526 1684 595 ἐκπορευόμενον
1710 524 1794 596 [τό
1824 524 1871 583 Α

1793 556 1794 567 η
1824 524 1871 583 Α
1970 524 2023 579 4.
2053 524 2165 580 Gli.
2197 526 2263 596 (j)
2296 528 2350 582 Si
2387 528 2629 597 Spiritus
2662 546 2730 584 ex
2761 531 2921 586 Patre
2976 533 3285 603 procedens
3318 540 3486 595 etiam

186 600 451 674 Πνεῦμα]
482 606 852 677 ἐκπορεύεται
881 613 975 665 καὶ
1007 616 1075 667 ἐκ
1119 615 1218 668 τοῦ
1252 617 1410 681 Υἱοῦ,
1447 620 1787 689 συγκέχυται

185 694 254 745 τὰ
284 693 400 746 τῶν
438 696 743 768 ἰδιοτήτων,
775 702 807 772 ἢ
854 702 931 767 ὡς
993 706 1053 771 ἐξ
1091 708 1259 779 ἄλλης
1310 711 1665 775 ὑποστάσεως
1709 714 1788 775 εἰς

186 784 364 855 ἀλλην
396 792 915 865 μεταχωροῦντα,ῆ
962 799 1039 860 ὡς
1092 798 1263 865 ἄλλην
1314 801 1374 866 ἐξ
1399 802 1568 872 ἄλλης
1618 822 1783 874 μετα.

189 876 589 951 λαμϐανούσης
623 884 865 956 ἰδιότητα
896 889 994 957 τῆς
1032 893 1203 961 αὐτῆς
1232 893 1618 957 ὑποστάσεως·
1648 898 1790 967 ὅπερ

187 970 292 1057 τῇς
320 972 619 1027 Σαϐεὶλέου
649 976 809 1048 δόξης
842 982 991 1034 ἐστὶν
1020 984 1081 1035 οῦ
1115 988 1358 1056 μακράν.
1393 988 1455 1039 Ei
1484 989 1591 1057 γάρ
1618 989 1645 1041 ό
1674 989 1790 1041 Πα-

185 1047 295 1131 τὴρ
334 1065 430 1115 καὶ
462 1066 490 1116 ό
528 1066 653 1129 Υἱός
674 1069 733 1121 ἓν
764 1047 858 1123 καὶ
900 1047 1368 1148 ταυτὸν-ὑπάρχει
1406 1047 1789 1135 κατάΣαϐἐλ-

186 1152 328 1214 ὶιον,
370 1156 668 1212 ἀκόλουθον
721 1165 939 1226 πάντως
969 1168 1033 1219 ἐκ
1066 1168 1158 1220 τοῦ
1208 1170 1419 1239 Πατρός
1458 1172 1520 1224 τό
1563 1172 1791 1243 Πνεῦμα

190 1247 639 1319 ἐκπορευόμενον
668 1256 1072 1325 ἐκπορεύεσθαι
1105 1261 1199 1315 καὶ
1229 1263 1294 1315 ἐκ
1328 1262 1423 1315 τοῦ
1448 1264 1581 1317 Υἱοῦ
1608 1280 1622 1294 ·
1647 1266 1790 1336 τάχα

188 1338 234 1389 δ’
267 1341 336 1391 ἂν
365 1343 460 1393 καὶ
486 1343 545 1407 ἐξ
572 1345 791 1401 ἑαυτοῦ.

262 1433 426 1486 ΛΑΤ.
478 1435 621 1488 Ἀλλ’
656 1438 741 1507 ἐφ’
777 1441 935 1509 ἡμῶν
973 1445 1072 1497 οὑκ
1105 1445 1217 1514 ἔχει
1250 1447 1437 1517 χώραν
1469 1447 1533 1500 τό
1563 1446 1660 1501 τοῦ
1688 1444 1787 1502 Σα-

190 1520 415 1575 ϐελλὶου
455 1524 733 1594 δοξάριοψ
770 1532 891 1585 οὑδὲ
931 1538 1039 1603 γὰρ
1062 1535 1162 1599 τὰς
1193 1538 1526 1600 ὑποστάσεις
1562 1539 1791 1607 συγχέο-

194 1630 298 1681 μεν
336 1616 434 1665 καὶ
465 1616 535 1669 τὰ
572 1622 869 1688 πρόσωπα,
910 1625 1032 1676 οὐδὲ
1065 1629 1163 1688 τὰς
1190 1627 1466 1698 ἰδιότητας
1499 1630 1792 1699 μετατίθε-

192 1720 319 1770 μεν,
349 1704 474 1757 οὐδὲ
509 1707 609 1772 τὴν
634 1709 808 1777 αὑτὴν
845 1715 941 1764 καὶ
987 1713 1116 1781 μίαν
1162 1714 1467 1768 ὑπόστασιν
1494 1719 1575 1779 εἰς
1617 1716 1787 1786 ἀλλην

193 1797 291 1847 καὶ
323 1797 495 1868 ἄλλην
531 1800 773 1871 ἰδιότητα
802 1809 1189 1877 μεταφέρομεν
1215 1823 1227 1836 ·
1267 1809 1390 1862 οὑδὲ
1436 1809 1500 1862 ἒν
1541 1809 1611 1864 τὰ
1653 1811 1786 1881 τρία

190 1886 499 1955 δοξάζομεν
551 1893 846 1961 πρόσωπον
882 1896 1332 1968 ἣτριπρὸσωπον
1370 1900 1501 1969 μίαν
1540 1902 1783 1955 ὑπόστα-

186 1995 298 2038 σιν,
329 1981 470 2034 ἀλλὰ
523 1987 617 2037 καὶ
668 1989 769 2049 τὰς
827 1990 1157 2055 ὑποστάσεις
1208 1996 1363 2062 τρεῖς
1400 1992 1541 2048 εἶναί
1598 2012 1782 2064 φαμεν

183 2071 285 2138 τῆς
322 2074 583 2146 Θεότητος
633 2082 727 2132 καὶ
782 2081 1025 2153 ἑκάστην
1073 2086 1381 2141 ὑπόστασιν
1420 2090 1477 2141 ὲν
1534 2091 1783 2161 ἀκινήτῳ

185 2166 471 2234 τηροῦμεν
507 2172 572 2239 τῇ
623 2171 891 2243 ἰδιότητιο
952 2175 1048 2228 τοῦ
1093 2177 1194 2247 μὲν
1227 2179 1340 2248 γὰρ
1376 2179 1595 2249 Πατρός
1646 2181 1781 2234 ἴδιον

183 2255 245 2307 τό
281 2258 606 2327 ἀγέννητον,
638 2263 731 2317 τοῦ
759 2264 814 2317 δὲ
848 2266 979 2320 Υἱοῦ
1006 2268 1068 2321 τό
1096 2272 1379 2340 γεννητόν,
1404 2270 1499 2325 τοῦ
1534 2272 1593 2324 δὲ
1624 2274 1780 2340 ἁγίου

190 2348 517 2419 Πνεύματος
578 2354 639 2407 τό
696 2356 1035 2426 ὲκπορευτόν
1103 2357 1243 2415 εἶναι
1308 2361 1610 2434 τιθέμεθαο
1656 2365 1781 2419 ἀλλ’

185 2438 381 2509 ὥσπερ
414 2442 513 2494 τοῦ
548 2446 760 2513 Πατρός
777 2448 837 2500 οὐ
863 2452 925 2502 τό
949 2452 1256 2523 ἀγέννητον
1289 2457 1475 2524 μόνον,
1509 2457 1650 2511 ἀλλὰ
1678 2460 1776 2513 καὶ

183 2532 245 2580 τό
275 2538 603 2603 γεννητικόν
634 2542 727 2592 καὶ
759 2543 1133 2612 προϐλητικόν
1164 2547 1287 2616 ἦτοι
1335 2551 1692 2615 προεκτικὺν.
1729 2554 1780 2605 εί

186 2626 337 2677 οὖτω
364 2630 472 2696 χρὴ
497 2630 702 2696 λέγειν,
740 2634 883 2688 οὑτω
910 2640 1005 2690 καὶ
1033 2639 1129 2691 τοῦ
1162 2639 1294 2692 Υἱοῦ
1323 2642 1383 2693 οὑ
1420 2641 1482 2695 τό
1513 2646 1779 2711 γεννητόν

188 2721 375 2782 μόνον,
410 2722 549 2774 ἀλλὰ
576 2724 670 2776 καὶ
701 2726 760 2777 τό
792 2728 1185 2798 προϐλητικὸν.
1209 2734 1307 2784 καὶ
1331 2731 1426 2786 τοῦ
1463 2734 1782 2804 Πνεύματος

183 2814 244 2859 τί
279 2812 621 2880 ἐκπτιρευτόν
667 2819 790 2885 μὲν,
839 2820 936 2889 οὑχ
968 2823 1154 2885 ἁπλῶς
1185 2824 1277 2876 δέ’
1313 2825 1428 2878 ἀλλ’
1458 2825 1536 2890 ὣς
1572 2829 1674 2897 μὲν
1716 2830 1781 2880 ὲκ

1892 629 1960 668 ex
1998 614 2135 668 Filio
2195 618 2466 685 procedit,
2520 619 2941 677 confunduntur
2969 639 3033 678 ea
3093 642 3217 695 qua:
3246 627 3313 683 ad
3357 645 3486 697 υτον

1894 701 2157 770 prietates
2187 704 2487 772 pertinent,
2521 723 2692 775 quum
2751 710 2838 763 vel
2862 725 2928 764 ex
2971 713 3077 768 alia
3111 714 3392 785 liypostaai
3431 718 3486 771 in

1893 793 2054 847 aliam
2088 796 2324 864 migrent
2347 796 2429 849 vel
2462 796 2659 851 eadem
2710 800 3024 871 liypostasis
3054 805 3217 859 aliam
3272 824 3339 862 ex
3375 809 3486 863 alia

1895 894 2231 939 transsumat
2275 888 2693 956 proprietatem.
2750 892 2908 959 Quod
2948 894 3095 951 haud
3148 897 3310 968 longe
3335 900 3490 957 abest

1893 990 1923 1029 a
1966 974 2191 1031 Sabellii
2262 980 2556 1048 opinione.
2612 980 2828 1038 Etenim
2880 987 2926 1041 si
2989 988 3153 1043 Pater
3203 1001 3262 1046 et
3317 992 3489 1048 Filius

1894 1079 2066 1120 untim
2092 1078 2150 1123 et
2196 1068 2340 1122 idem
2394 1082 2524 1126 sunt
2569 1076 2875 1130 secundum
2916 1079 3241 1145 Sabellium,
3291 1100 3489 1141 conse-

1893 1160 2085 1230 quitur
2150 1163 2399 1227 omnino,
2447 1164 2715 1234 Spiritum
2776 1186 2843 1226 ex
2891 1172 3052 1229 Patre
3095 1174 3487 1245 procedentem

1892 1252 2060 1307 etiam
2099 1268 2164 1308 ex
2203 1253 2342 1307 Filio
2386 1258 2717 1325 procedere;
2778 1262 2889 1318 imo
2940 1280 3065 1320 mox
3098 1275 3153 1320 et
3197 1284 3266 1323 ex
3303 1271 3488 1341 seipso

1893 1344 2179 1412 procedet.

1963 1454 2125 1509 LAT.
2186 1459 2389 1515 Verum
2446 1465 2591 1533 apud
2651 1482 2752 1521 nos
2829 1469 3011 1523 locum
3045 1486 3152 1525 non
3184 1473 3345 1529 habet
3381 1474 3485 1531 Sa-

1894 1546 2046 1600 bellii
2080 1550 2522 1619 opinamentum.
2581 1558 2770 1628 Neque
2803 1561 2950 1614 enim
3006 1563 3330 1633 Iiypostases
3356 1582 3491 1621 com

1893 1636 2176 1695 fundimus
2208 1652 2264 1695 et
2313 1660 2612 1713 personas;
2668 1666 2849 1720 neque
2892 1656 3254 1721 proprietates
3297 1666 3482 1713 trans-

1895 1732 2174 1798 ponimus,
2207 1750 2387 1804 neque
2430 1755 2591 1794 unam
2632 1745 2995 1813 eamdemque
3046 1748 3363 1818 hypostasin
3428 1751 3481 1804 in

1895 1823 2058 1877 aliam
2094 1834 2149 1879 et
2184 1828 2346 1882 aliam
2390 1833 2783 1900 proprietatem
2836 1839 3238 1895 transierimus.
3296 1843 3485 1912 Neque

1891 1930 2054 1969 unam
2089 1933 2212 1973 esse
2232 1922 2609 1980 existimamus
2639 1927 2725 1982 illa
2751 1929 2851 1982 tria
2881 1946 3170 1999 personam
3204 1936 3287 1989 vel
3317 1952 3481 1991 unam

1888 2004 2204 2074 hypostasin
2231 2010 2676 2081 tripersonalem;
2699 2018 2793 2071 sed
2825 2029 2880 2073 et
2896 2020 3217 2091 hypostases
3235 2034 3346 2080 tres
3358 2042 3482 2082 esse

1884 2092 2123 2149 dicimus
2141 2096 2390 2165 Deitatis,
2416 2110 2470 2155 et
2498 2118 2940 2178 unamquamque
2958 2110 3278 2180 liypostasin
3308 2114 3363 2167 in
3382 2115 3484 2169 im-

1885 2192 2033 2238 mota
2054 2188 2387 2257 proprietate
2407 2207 2711 2255 servamus.
2734 2198 2980 2269 Namque
2996 2202 3173 2259 Patris
3195 2206 3481 2275 proprium

1885 2275 2347 2346 ingenitum,Filii
2380 2298 2512 2339 vero
2539 2289 2805 2356 genitum,
2835 2302 2891 2346 et
2911 2292 3478 2368 Spiritussanctipro-

1885 2369 2087 2428 cedens
2107 2389 2230 2429 esse
2272 2387 2567 2434 statuimus
2610 2381 3273 2455 (k).Atquemadmodum
3307 2392 3482 2450 Patris

1884 2477 1993 2518 non
2020 2466 2323 2536 ingenitum
2355 2472 2657 2539 dumtaxat,
2677 2479 2771 2533 sed
2801 2492 2857 2534 et
2884 2484 3167 2553 generatio
3188 2496 3245 2541 et
3278 2488 3483 2556 produ-

1884 2552 1994 2606 ctio
2015 2555 2129 2609 sive
2162 2560 2409 2626 emissio,
2431 2563 2475 2617 si
2502 2565 2571 2617 ita
2595 2552 3021 2636 dicendumest,
3046 2574 3126 2630 sic
3150 2586 3207 2630 et
3228 2578 3347 2631 Filii
3370 2594 3478 2633 non

1884 2647 2064 2701 solum
2098 2660 2184 2704 cst
2232 2654 2478 2721 genitum
2527 2673 2669 2725 esse,
2712 2677 2903 2717 verum
2936 2674 2991 2719 et
3028 2668 3359 2737 producere,
3422 2680 3481 2726 et

1887 2737 2129 2807 Spiritus
2179 2749 2353 2800 sancti
2420 2752 2722 2818 procedere
2751 2756 2997 2823 quidem.
3052 2761 3149 2813 sed
3200 2777 3313 2815 non
3340 2762 3478 2816 sim-

1885 2831 2138 2899 pliciter:
2168 2852 2361 2891 verum
2390 2841 2470 2895 sic
2516 2845 2738 2912 quidem
2778 2864 2845 2902 ex
2892 2851 3074 2912 Patre,
3108 2853 3187 2908 sic
3239 2869 3374 2909 vero
3411 2872 3477 2910 ex

185 2904 281 2953 τιιῦ
322 2904 563 2973 Πατρός,
599 2909 674 2971 ὣς
705 2911 761 2964 δὲ
797 2914 859 2964 ὲκ
884 2914 979 2965 τοῦ
1020 2914 1177 2979 Υἱοῦ,
1228 2920 1520 2973 τουτέστιν
1553 2921 1780 2990 άμέσως

1885 2923 2048 2990 Filio,
2083 2927 2190 2983 hoc
2218 2938 2303 2984 est
2338 2932 2654 2989 immediate
2683 2940 2906 3006 quidem
2938 2958 3005 2995 ex
3044 2943 3204 3007 Filio,
3240 2947 3480 3003 mediatc

186 2996 286 3060 μὲν
317 2997 384 3048 ἐκ
438 2998 532 3050 τοῦ
571 3000 721 3067 Tim],
753 3005 1016 3073 ὲμμέσως
1059 3008 1117 3060 δὲ
1147 3009 1212 3061 ἐκ
1249 3009 1347 3062 τοῦ
1416 3012 1655 3083 Πατρός,
1692 3014 1779 3067 ὃτι

1882 3027 2098 3070 veroex
2125 3016 2307 3083 Patre,
2333 3022 2458 3089 quia
2487 3038 2554 3076 ex
2584 3024 2739 3080 Patre
2774 3030 2999 3097 quidem
3038 3048 3135 3101 per
3157 3033 3381 3099 Filium,
3409 3052 3476 3091 ex

183 3090 246 3139 ὲκ
284 3089 380 3141 τοῦ
417 3093 625 3162 Πατρός
662 3096 761 3163 μὲν
812 3098 902 3150 διὰ
938 3097 1035 3151 τοῦ
1090 3101 1245 3164 Υἱοῦ,
1278 3105 1344 3155 ἐκ
1407 3104 1505 3157 τοῦ
1539 3105 1673 3159 Υἱοῦ
1715 3107 1775 3159 δὲ

1885 3106 2026 3162 Filio
2050 3126 2180 3166 vero
2213 3128 2312 3181 per
2359 3115 2494 3169 nihil
2547 3117 2717 3171 aliud.
2762 3089 3052 3189 lngcnitus
3104 3127 3253 3179 enim
3305 3144 3474 3196 quum

183 3181 253 3233 δι’
292 3184 490 3251 ἑτέρου
549 3187 790 3250 οὐδενός.
854 3191 1185 3261 Ἀγέννητος
1240 3195 1349 3263 γὰρ
1408 3195 1484 3248 ὢν
1523 3199 1551 3248 ό
1582 3198 1777 3269 Πατὴρ
1805 3207 1855 3273 c

1805 3207 1855 3273 ο
1884 3199 1955 3253 sit
1976 3201 2138 3256 Pater
2161 3215 2385 3271 generat
2418 3206 2642 3270 Filium,
2675 3225 2945 3279 gcnerans
2973 3231 3105 3269 vero
3142 3181 3340 3271 Filium
3382 3235 3478 3287 per

185 3275 359 3341 γεννᾷ
390 3277 486 3325 τόν
515 3276 665 3337 Υἰόν,
701 3278 905 3344 γεννῶν
952 3281 1011 3334 δὲ
1060 3282 1155 3334 τόν
1188 3283 1318 3336 Υἱόν
1348 3284 1438 3337 διὰ
1483 3286 1650 3355 μέσου
1683 3287 1778 3341 τοῦ

1885 3291 2065 3361 ipsum
2120 3295 2318 3349 Filium
2358 3299 2691 3355 mediantem
2739 3303 3000 3359 simulet
3026 3307 3295 3376 Spiritum
3348 3326 3473 3380 pro-

187 3363 322 3415 Υἱοῦ
356 3365 476 3433 ἅμα
512 3367 606 3420 καὶ
632 3370 692 3420 τό
733 3370 959 3439 Πνεῦμα
1011 3374 1381 3443 προϐάλλεται
1405 3392 1419 3405 ·
1454 3380 1550 3432 καὶ
1582 3379 1609 3430 ό
1653 3378 1780 3441 Υἱός

1887 3383 2068 3448 ducit,
2094 3394 2149 3438 et
2184 3386 2374 3449 Filius,
2395 3390 2486 3458 qui
2510 3391 2625 3459 ipse
2651 3397 2871 3461 genitus
2901 3406 3008 3460 est,
3038 3363 3245 3466 puariter
3274 3363 3477 3470 produ-

184 3456 455 3522 γεννητὸς
497 3456 572 3509 ὦν
608 3460 701 3511 καὶ
733 3460 791 3513 τό
847 3461 1075 3531 Πνεῦμα
1127 3466 1499 3535 προϐάλλεται
1524 3485 1539 3501 ο
1590 3472 1689 3523 καὶ
1716 3471 1779 3524 τό

184 3549 417 3617 Πνεῦμα
446 3551 611 3603 πάλιν
647 3554 711 3604 ὲκ
748 3553 837 3606 τοῦ
866 3555 1080 3623 Πατρός
1108 3558 1368 3628 ἑμμέσωῖ
1402 3562 1778 3633 ἐκπορευόμε-

182 3657 296 3702 νον,
328 3640 405 3700 ὡς
436 3644 503 3711 τῇ
535 3642 867 3712 ἑκπορεύσει
904 3645 998 3700 τοῦ
1050 3648 1183 3702 Υἱοῦ
1248 3654 1631 3720 μεσιτεύοντος
1660 3654 1776 3725 ἅμα

184 3739 283 3790 καὶ
344 3740 411 3789 ὲκ
467 3739 562 3790 τοῦ
619 3740 750 3793 Υἱοῦ
791 3743 1157 3811 ἐκπορεύεται
1209 3746 1415 3818 μηκέτι
1464 3752 1534 3803 δι’
1585 3753 1774 3822 ἑτέρου

182 3831 332 3892 τινός
376 3832 798 3897 μεσιτεύοντοςο
832 3835 974 3889 ὥστε
1026 3841 1175 3907 ἡμᾶς
1214 3841 1347 3895 ῐδιον
1377 3843 1631 3900 τίθεσθαι
1670 3846 1767 3901 τοῦ

187 3926 289 3992 μὲν
330 3924 548 3993 Πατρός
582 3925 641 3978 τό
666 3927 985 3999 ἀγέννητον,
1015 3933 1074 3984 τό
1105 3937 1429 4005 γεννητικόν
1465 3940 1643 3993 καὶτὸ
1668 3941 1772 4011 ἐμ·-

186 4020 375 4085 μέσως
413 4017 784 4088 προϐλητικόν
812 4038 823 4051 ’
862 4023 923 4075 τό
970 4024 1072 4092 μὲν
1115 4026 1435 4098 ἀγέννητον,
1467 4031 1550 4084 ὅτι
1576 4033 1676 4087 οὑκ
1708 4034 1772 4088 ἔκ

181 4126 351 4171 τινος.
393 4111 457 4162 τό
481 4111 541 4164 δὲ
592 4115 938 4181 γεννητικόν,
979 4117 1061 4170 ὅτι
1108 4120 1275 4188 γεννᾷ
1310 4122 1403 4174 τόν
1437 4122 1585 4187 Υιόν,
1613 4125 1675 4177 τό
1712 4126 1769 4179 δὲ

178 4204 448 4271 ἰμμέτως
488 4205 885 4273 προϐλητικόν,
915 4210 999 4261 ὅτι
1029 4209 1121 4262 διὰ
1154 4214 1323 4280 μέσου
1369 4215 1467 4269 τοῦ
1495 4216 1627 4271 Υἱοῦ
1671 4221 1768 4273 καὶ

179 4297 240 4347 τό
272 4295 503 4364 Πνεῦμα
534 4296 905 4366 προϐάλλεται
932 4316 945 4330 ο
975 4301 1071 4354 τοῦ
1131 4303 1266 4358 Υῑοῦ
1320 4305 1379 4360 δὲ
1416 4308 1477 4360 τό
1506 4312 1766 4379 γεννητόν

181 4390 280 4441 καὶ
302 4389 366 4440 τό
391 4389 615 4456 ἀμέσως
644 4391 1013 4464 προϐλητικόν
1033 4409 1049 4425 “
1081 4396 1144 4448 τό
1183 4398 1284 4465 μὲν
1314 4399 1397 4453 ὅτι
1424 4400 1489 4453 ἐκ
1517 4402 1613 4455 τοῦ
1650 4405 1765 4457 Πα-

1882 3475 1958 3529 cit
1985 3474 2358 3544 Spiritumzet
2387 3496 2607 3536 rursum
2637 3483 2877 3554 Spiritus
2904 3503 2969 3542 ex
3009 3487 3170 3544 Patre
3205 3494 3469 3555 mediatc.

1882 3572 2071 3634 utpote
2127 3570 2402 3627 mediante
2446 3574 2501 3627 in
2555 3577 2907 3643 processione
2959 3580 3126 3648 Filio,
3159 3586 3472 3652 procedens

1880 3657 2043 3712 simul
2072 3668 2125 3713 ct
2151 3676 2218 3715 ex
2250 3661 2389 3717 Filio
2439 3666 2691 3734 procedit
2742 3684 2850 3722 non
2887 3672 3127 3740 amplius
3172 3689 3274 3744 per
3317 3678 3468 3733 aliud

1879 3750 2152 3819 quoddam
2186 3752 2457 3807 medians.
2491 3755 2581 3811 Sic
2628 3760 2914 3828 preprium
2950 3762 3210 3830 ponimus
3266 3765 3466 3832 Patris,

1877 3842 2024 3911 quod
2051 3844 2122 3897 sit
2150 3842 2449 3914 ingenitus,
2474 3862 2747 3917 generans
2771 3859 2826 3905 et
2850 3851 3090 3909 mediate
3112 3855 3464 3923 producens;

1876 3936 2159 4004 ingenitus.
2191 3937 2320 4004 quia
2352 3954 2418 3992 ex
2464 3940 2617 3994 nullo
2657 3951 2763 4005 est,
2818 3960 3101 4013 generatis,
3137 3948 3268 4017 quia
3297 3964 3466 4018 gene-

1876 4038 1961 4081 rat
2016 4027 2237 4093 Filium,
2298 4031 2529 4084 mediate
2590 4034 2882 4101 produce":
2912 4038 3041 4106 quia
3080 4053 3181 4107 per
3218 4040 3463 4095 medium

1873 4118 2072 4172 Filium
2127 4119 2397 4188 Spiritum
2462 4123 2635 4193 spirat
2683 4135 2740 4180 et
2794 4129 3086 4196 producit.
3143 4130 3269 4186 Filii
3327 4147 3465 4189 vero

1870 4210 2172 4279 pr0prium,
2208 4214 2353 4282 quod
2384 4216 2456 4269 sit
2486 4218 2776 4285 genituset
2807 4220 3121 4276 immediate
3155 4224 3456 4293 producat:

1871 4302 2103 4369 genitus,
2147 4302 2277 4371 quia
2310 4318 2376 4358 ex
2419 4305 2580 4359 Patre
2634 4306 2751 4375 ipse
2809 4320 3106 4378 generatus
3129 4321 3233 4378 est,
3270 4317 3459 4368 imme-

1867 4390 2010 4443 diate
2033 4392 2345 4461 producens,
2375 4398 2502 4462 quia
2530 4396 2845 4453 immediate
2870 4415 2936 4452 ex
2966 4415 3024 4455 se
3054 4400 3172 4470 ipso
3187 4401 3456 4472 Spiritum

176 4478 309 4546 τρὸς
341 4478 510 4540 αύτός
544 4479 829 4550 γεννητὸς,
858 4481 918 4533 τό
940 4484 997 4535 δὲ
1019 4483 1103 4536 ὅτι
1133 4484 1359 4552 ἀμέσως
1387 4486 1446 4551 ἐξ
1479 4490 1678 4543 ἑαυτοῦ
1701 4493 1763 4544 τό
1792 4547 1833 4555 _
1866 4509 1869 4526 ε

1761 4486 2091 4555 ,_emittit,
2158 4486 2371 4539 medius
2436 4487 2551 4555 ipse
2598 4491 2874 4544 cxsistens
2948 4491 3093 4547 inter
3152 4494 3371 4550 Patrem
3398 4503 3454 4549 et

179 4567 414 4637 Πνεῦμα
446 4547 720 4639 προΐεται,
762 4572 927 4641 μέσος
954 4573 1033 4627 ὣν
1074 4547 1239 4638 αὑτός
1278 4547 1378 4630 τοῦ
1413 4547 1629 4649 Πατρός
1663 4586 1756 4636 καὶ
1791 4547 1845 4606 D
1869 4579 1872 4623 ἶ

1791 4547 1845 4606 Ῑ)
1869 4547 2157 4642 Spiritum.
2190 4576 2429 4645 Spiritus
2457 4547 2600 4631 .vero
2632 4580 2805 4634 sancti
2842 4583 3123 4650 preprium
3152 4585 3451 4653 procedere

174 4662 270 4715 τοῦ
314 4661 675 4732 Πνεύματος·
708 4664 805 4717 τοῦ
837 4665 897 4718 δὲ
954 4667 1274 4737 Πνεύματος
1320 4671 1382 4722 τό
1428 4672 1762 4744 ὲκπορευτόν

172 4755 443 4821 ἐμμὲσως
493 4757 558 4807 ἐκ
606 4754 703 4808 τοῦ
742 4757 984 4828 Πατρός,
1043 4759 1383 4830 ὲκπορευτόν
1422 4762 1480 4815 δὲ
1537 4766 1760 4834 ἁμέσως

175 4848 273 4899 καὶ
311 4849 379 4900 ἐκ
429 4845 524 4901 τοῦ
559 4849 715 4915 Υἱοῦ,
774 4852 851 4914 ὼς
905 4851 1115 4921 μεταξὺ
1152 4854 1253 4922 μὲν
1279 4855 1372 4907 τοῦ
1416 4856 1629 4926 Πατρός
1668 4859 1762 4911 καὶ

1871 4664 2109 4720 mcdiate
2170 4683 2237 4719 ex
2309 4669 2500 4731 Patre,
2565 4678 2618 4723 et
2674 4672 2975 4738 procedere
3027 4674 3340 4729 immediate
3380 4692 3449 4731 ex

1872 4758 2031 4823 Filio,
2060 4775 2230 4828 quum
2289 4761 2433 4815 inter
2489 4762 2705 4817 Patrem
2731 4774 2788 4819 et
2819 4766 3080 4834 Spiritum
3114 4768 3283 4823 Filius
3312 4784 3448 4824 con-

1861 4850 2159 4917 sideretur,
2198 4854 2340 4906 inter
2370 4854 2567 4908 Filium
2604 4871 2735 4909 vero
2768 4868 2823 4910 et
2851 4858 3143 4925 Spiritum,
3172 4871 3439 4929 quantum

174 4938 272 4992 τοῦ
329 4941 655 5008 Πνεύματος
704 4941 1090 5011 θεωρουμένου
1128 4943 1223 4995 τοῦ
1284 4944 1438 5007 Υῐοῦ,
1472 4946 1677 5015 μεταξὺ
1705 4947 1763 5000 δὲ
1857 4961 1867 4998 :

1750 4954 1763 4999 ι
1857 4946 1922 4998 ad
1944 4945 2373 5013 processionem,
2399 4961 2583 5002 nemo.
2604 4948 2670 5001 Et
2691 4948 2808 5001 haec
2831 4948 3069 5005 dicimus
3097 4953 3443 5022 uniuscujus-

174 5032 271 5083 τοῦ
310 5030 446 5084 rio-3
473 5033 691 5085 καὶτοῦ
726 5033 1049 5102 Πνεύματος
1104 5035 1322 5099 οὐδενός
1369 5038 1513 5090 κατά
1562 5054 1626 5105 γε
1664 5039 1761 5108 τὴν

177 5122 436 5189 πρόοδον.
471 5123 584 5175 Καὶ
622 5122 797 5176 ταῦτα
828 5119 970 5177 εἶναι
995 5125 1232 5179 ἑκάστου
1262 5127 1369 5179 τῶν
1401 5128 1571 5197 τριῶν
1615 5128 1762 5181 iam.

181 5231 327 5280 ματα
355 5213 781 5280 ἁμεταθετικῶς
812 5217 909 5271 καὶ
933 5218 1355 5288 ἁμετακινήτως
1384 5221 1477 5270 καὶ
1512 5219 1759 5272 ἀνυπαλ-

244 5352 362 5424 οὗ)
394 5350 586 5404 Rubro
624 5352 809 5424 colore
856 5369 922 5406 an
984 5355 1288 5424 marginem
1346 5355 1595 5422 legitur:
1651 5357 1763 5407 Ἑν-

175 5421 351 5473 ταῦθα
396 5424 655 5485 πειρᾶται
679 5426 706 5475 ό
734 5423 965 5492 Γραῖκός
988 5421 1259 5477 δεικνύειν
1300 5425 1497 5478 ἄτοπον
1536 5429 1755 5492 εἰσάγε-

180 5490 303 5543 σθαι
336 5494 406 5559 τῇ
435 5491 562 5562 δόξῃ
602 5495 663 5562 τῇ
703 5490 795 5546 xui.
819 5495 884 5546 ἐκ
922 5493 1015 5546 τοῦ
1044 5495 1171 5547 Υἱοῢ
1206 5495 1438 5567 λεγούσῃ
1464 5490 1759 5565 ἐκπορεύε-

248 5629 315 5696 cf)
370 5628 620 5705 Primum
672 5628 869 5705 Cruci“
901 5643 1279 5705 argumentum
1326 5651 1342 5695 :
1404 5634 1460 5689 Si
1518 5636 1757 5705 Spiritus

178 5700 444 5775 etiame:
479 5699 920 5776 Filioprocedjt,
946 5699 1362 5776 confunduntur
1392 5699 1749 5776 personarum

181 5772 567 5846 proprietates.
618 5769 1061 5846 Quod_Pllotitts
1109 5774 1331 5843 evolvit,
1379 5769 1453 5832 De
1500 5777 1643 5846 Spir.
1692 5777 1751 5832 S.

186 5841 531 5909 mystagogia,
554 5855 679 5911 cap.
706 5839 758 5902 9.
793 5843 876 5897 10.

1859 5052 1963 5105 que
1995 5037 2157 5090 trium
2201 5053 2555 5106 personarum
2600 5055 2723 5095 esse
2758 5044 3139 5110 proprietates,
3170 5061 3291 5114 qua:
3324 5047 3443 5100 sine

1861 5131 1969 5183 ulla
2029 5131 2411 5185 immutatione
2465 5132 2548 5186 vel
2608 5136 3041 5189 commutatione
3098 5134 3336 5191 immota
3382 5146 3441 5190 et

1864 5223 2087 5291 integra:
2144 5233 2523 5291 perseverant.
2577 5224 3049 5291 Quemadmodum
3108 5228 3274 5297 igitur
3326 5222 3448 5281 non'

1876 5357 1999 5409 σοσι
2030 5358 2091 5409 τό
2131 5358 2350 5427 Πνεῦμα
2374 5374 2391 5392 ο
2424 5363 2516 5413 καί
2555 5378 2685 5428 φησι
2724 5362 2983 5444 σύγχυσιν
3012 5361 3137 5444 τῶν.
3161 5359 3438 5444 ἰδιοτήτων

1873 5428 2202 5493 συνάγεσθαι
2236 5445 2249 5458 ο
2298 5432 2434 5498 ὅπερ
2486 5428 2858 5495 άνασκευάζει
2920 5433 2947 5483 ὁ
3000 5432 3228 5490 Λατῖνος
3290 5432 3434 5482 πάνυ

1867 5498 2105 5564 εὐφυῶς.

1937 5637 2011 5705 (Ir)
2038 5636 2114 5689 ita
2142 5635 2197 5690 S.
2234 5635 2498 5707 Maximus
2527 5637 2578 5690 in
2608 5637 3217 5707 opusculistheologicis
3245 5648 3297 5691 et
3333 5653 3433 5707 po-

1866 5707 2075 5760 lemicis
2109 5716 2145 5760 t.
2187 5708 2247 5768 Il,
2282 5722 2333 5774 p.
2378 5705 2496 5769 I55,
2529 5708 2614 5760 ed.
2638 5707 2977 5771 Comlieiisii.»
3004 5718 3060 5762 at
3090 5705 3432 5763 Pseudo-Ju-

1868 5779 2045 5833 stinus
2076 5778 2135 5831 in
2170 5777 2521 5848 Expositione
2551 5788 2713 5834 rectae
2747 5779 2895 5844 ﬁdei,
2929 5797 2982 5833 n.
3026 5779 3081 5833 5.
