4288 6364
748 435 849 503 183

1926 432 2221 495 NICET/E
2270 428 2800 491 MARO‘NIENSIS

3896 425 3999 490 184

738 557 867 626 quia
902 554 1065 608 Pater
1098 549 1320 621 genitus
1349 565 1460 604 non
1515 558 1617 609 est,
1664 546 1870 601 idcirco
1921 545 2037 615 ipse
2084 558 2315 616 genera-
2347 540 2431 603 Α]

2313 573 2315 578 ’
2347 544 2394 603 Α
2422 540 2639 607 λάκτως
2681 542 2873 613 ἔχοντα
2906 544 3002 598 καὶ
3047 540 3468 612 ἀμεταϐλήτως.
3518 539 3732 609 ’Ὠσπερ
3774 537 3867 591 οῦν
3904 539 4006 609 οὐχ

740 652 889 704 tione
945 648 1027 701 vel
1068 646 1365 700 emissione
1407 641 1675 714 privatur,
1730 640 1824 696 sed
1868 640 2049 714 quoad
2095 640 2214 696 hmo
2262 650 2318 695 et

736 743 827 795 illa
882 749 937 793 et
962 737 1237 808 ingenitus
1294 780 1307 802 ,
1349 737 1440 791 sed
1466 746 1522 790 et
1559 736 1775 805 genitor
1819 744 1903 790 est
1959 744 2015 788 et
2058 735 2315 804 spirator,

735 831 951 901 genitor
1017 829 1242 898 quidem
1302 828 1619 881 immediate
1676 842 1822 881 exse
1880 826 2020 896 ipso,
2079 827 2318 896 spirator

736 937 870 975 vero
909 922 1150 977 mediate
1197 936 1297 989 per
1326 920 1562 974 Filium:
1620 921 1697 973 sic
1759 934 1936 988 neque
1982 919 2155 973 Filius
2184 919 2315 988 quia

735 1016 953 1081 genitus
978 1024 1079 1073 est.
1116 1013 1322 1067 idcirco
1353 1029 1382 1067 a
1417 1012 1718 1081 spiratione
1752 1010 2085 1074 excluditur,
2136 1026 2317 1081 neque

737 1106 997 1173 Spiritus,
1029 1104 1155 1173 quia
1198 1119 1265 1158 ex
1303 1102 1459 1157 Patre
1489 1102 1754 1173 procedit,
1782 1101 1905 1156 ideo
1941 1118 2006 1157 ex
2030 1102 2169 1157 Filio
2203 1118 2313 1156 non

736 1195 1005 1265 procedit,
1034 1195 1128 1249 sed
1166 1194 1447 1265 processio
1494 1196 1611 1264 ejus
1637 1194 1948 1249 immediata
1983 1194 2206 1263 quidem
2248 1212 2317 1251 ex

737 1290 898 1351 Filio,
958 1289 1197 1343 mediata
1246 1304 1377 1343 vero
1423 1303 1489 1341 ex
1550 1287 1731 1341 Patre.
1778 1285 2101 1343 Custoditur
2150 1288 2318 1357 igitur

734 1380 1035 1451 unicuique
1066 1395 1311 1450 personae
1335 1379 1643 1449 proprietas
1671 1379 1894 1433 immota
1914 1389 1969 1433 et
1999 1379 2315 1445 inconfusa;

734 1474 815 1527 sic
846 1474 900 1526 in
936 1474 1145 1528 unitate
1190 1472 1429 1526 Trinitas
1458 1482 1515 1526 et
1545 1471 1776 1525 indivisa
1805 1472 1859 1524 in
1890 1470 2160 1526 Trinitate
2196 1474 2322 1526 uni-

736 1576 836 1620 tas.
869 1566 1061 1621 Unitas
1111 1565 1258 1619 enim
1286 1572 1373 1619 est
1403 1574 1459 1618 et
1492 1562 1734 1617 Trinitas
1772 1562 1933 1616 Pater
1966 1572 2023 1617 et
2066 1564 2238 1618 Filius
2263 1573 2320 1619 et

736 1659 977 1728 Spiritus
1004 1669 1225 1713 sanctus
1262 1674 1274 1709 :
1316 1657 1498 1710 unitas
1527 1655 1751 1724 quidem
1804 1665 2034 1724 propter
2064 1664 2317 1708 naturam

734 1753 1041 1807 divinitatis
1089 1765 1254 1804 unam
1336 1748 1728 1816 eamdemque,
1780 1763 1901 1816 qua:
1966 1748 2203 1801 indivisa
2265 1756 2320 1802 et

738 1843 1099 1897 inalterabilis
1118 1850 1236 1902 est:
1265 1841 1505 1896 Trinitas
1535 1856 1664 1895 vero
1686 1849 1910 1909 propter
1928 1839 2315 1908 prOprietates,

2421 638 2503 689 ὅτι
2536 637 2597 689 οῦ
2633 637 2962 706 γεγέννηται
3010 638 3037 689 ὁ
3068 635 3283 705 Πατὴρ,
3326 634 3415 687 διὰ
3449 632 3611 686 τοῦτο
3661 632 3782 684 οὐδὲ
3837 633 4011 701 γεννᾷ

2420 728 2542 781 ούδὲ
2596 728 2989 799 προϐάλλεται,
3053 726 3191 780 ἀλλὰ
3236 727 3474 779 κάκεῖνα
3538 725 3632 777 καὶ
3676 721 3854 775 ταῦτα
3906 723 4008 773 καὶ

2421 821 2718 891 άγέννητός
2741 822 2913 881 ἐστιν,
2944 819 3080 871 ἀλλὰ
3112 819 3208 871 καὶ
3242 818 3529 886 γεννήτωρ
3562 814 3658 867 καὶ
3697 813 4009 882 προϐολεῦς

2421 914 2482 965 τὸ
2520 913 2617 982 μὲν
2645 912 2867 981 ἁμέσως
2901 910 2960 976 ἐξ
3016 909 3238 974 ἑαυτοῦ,
3289 910 3349 961 τὸ
3378 907 3435 961 δέ
3478 906 3742 977 ἐμμέσως
3779 905 3870 956 διὰ
3909 903 4008 955 τοῦ

2421 1005 2577 1069 Υίοῦ,
2614 1003 2758 1057 οὕτω
2782 1004 2876 1057 καὶ
2907 1007 2934 1056 ὁ
2957 1004 3083 1065 Υἱὸς
3113 1002 3211 1071 οὐχ
3239 1000 3322 1053 ὅτι
3349 999 3705 1068 γεγέννηται,
3734 997 3820 1049 διὰ
3844 996 4011 1048 τοῦτο

2422 1097 2545 1165 οὐχὶ
2584 1096 2682 1149 καὶ
2713 1095 2773 1146 τὸ
2830 1094 3058 1162 Πνεῦμα
3094 1090 3493 1161 προϐάλλεται.
3527 1088 3638 1141 Καὶ
3670 1088 3732 1139 τὺ
3779 1084 4012 1153 Πνεῦμα

2425 1188 2524 1257 οὐχ
2554 1188 2637 1241 ὅτι
2674 1188 2738 1239 ἐκ
2768 1184 2865 1239 τοῦ
2909 1186 3122 1253 Πατρὸς
3151 1181 3542 1251 ἐκπορεύεται,
3580 1179 3666 1231 διὰ
3695 1178 3858 1231 τοῦτο
3884 1177 4011 1245 οὐχὶ

2424 1282 2520 1335 καὶ
2554 1280 2647 1333 τοῦ
2682 1279 2813 1333 Υίοῦ
2844 1278 3210 1346 ἐκπορεύεται
3233 1291 3246 1305 ·
3271 1274 3445 1343 ἀλλ’ἢ
3479 1273 3811 1342 ἑκπόρευσις
3837 1268 4010 1323 αὑτοῦ

2422 1376 2629 1441 ἆμεσος
2676 1372 2774 1442 μὲν
2802 1374 2864 1424 ἐκ
2891 1371 2986 1423 τοῦ
3013 1370 3166 1431 Υίοῦ,
3205 1367 3447 1437 ἑμμεσος
3478 1364 3535 1418 δὲ
3558 1367 3622 1417 ἐκ
3645 1363 3739 1416 τοῦ
3764 1360 4009 1426 Πατρός.

2422 1468 2765 1519 Φυλάττεται
2798 1464 2931 1532 γοῦν
2965 1464 3181 1530 ἑκάστῳ
3215 1458 3499 1530 προσώπῳ
3530 1459 3564 1528 ἡ
3591 1457 3788 1525 ἰδιότης
3818 1456 4014 1521 ἀκίνη-

2422 1577 2513 1621 τος
2546 1558 2638 1610 καὶ
2669 1556 3019 1624 ἁσύγχυτοςυ
3052 1553 3230 1615 οὕτως
3265 1554 3298 1621 ή
3333 1553 3392 1604 ἐν
3443 1549 3633 1619 μονάδι
3686 1547 3859 1617 Τριας
3913 1546 4007 1599 καὶ

2422 1652 2784 1719 ἀδιαίρετοςή
2809 1651 2864 1700 ὲν
2889 1646 3085 1717 Τριάδι
3136 1645 3331 1714 μονάς.
3377 1643 3566 1704 Μονὰς
3605 1641 3713 1709 γάρ
3750 1640 3871 1691 ἐστι
3910 1636 4011 1688 καὶ

2422 1746 2594 1816 Τριὰς
2632 1745 2660 1795 ό
2693 1742 2885 1813 Πατὴρ
2916 1740 3013 1794 καὶ
3042 1739 3070 1791 ὁ
3106 1738 3237 1800 Υἱὸς
3276 1735 3373 1790 καὶ
3404 1737 3464 1788 τὸ
3491 1732 3753 1801 Πνεῦμαο
3808 1730 3868 1783 τδ
3903 1728 4011 1798 μὲν

2423 1838 2566 1892 κατὰ
2599 1836 2698 1906 τὴν
2725 1835 2888 1904 φύσιν
2920 1833 3022 1902 τῆς
3066 1831 3323 1898 θεότητος
3364 1827 3492 1897 μίαν
3545 1825 3641 1879 καὶ⁴
3684 1823 3784 1894 τὴν
3830 1822 4010 1891 αὐτὴν

734 1952 853 2004 qua:
884 1935 1106 1987 immote
1136 1948 1194 1989 se
1225 1934 1429 1987 habent
1450 1935 1603 2003 juxta
1633 1947 1695 1987 ea
1723 1947 1842 2001 qua:
1868 1931 2030 1985 modo
2053 1931 2310 1987 diximus.
2348 1898 2391 1953 Β
2419 1951 2427 1981 ι

2348 1898 2391 1953 Β
2419 1930 2585 1984 οὖσαν
2642 1898 3063 1995 καὶ-ἀδιαίρετον
3081 1922 3177 1975 καὶ
3198 1919 3585 1974 ἀναλλοίωτον·
3618 1915 3680 1968 τὸ
3706 1915 3764 1967 δέ
3790 1914 3876 1966 διὰ
3904 1914 4009 1973 τὰς

733 2030 868 2082 Cum
905 2044 1038 2081 vero
1090 2028 1318 2097 singulis
1353 2025 1603 2094 personis
1650 2024 1890 2078 immota:
1928 2025 2312 2080 custodiantur

733 2121 1121 2191 proprietates,
1153 2119 1295 2173 haud
1334 2119 1443 2174 diei
1471 2126 1649 2187 potest
1668 2132 1731 2171 ex
1797 2119 1978 2185 seipso
2010 2122 2312 2187 procedere

736 2215 996 2283 Spiritus,
1050 2212 1178 2280 quia
1234 2213 1338 2267 hoc
1374 2228 1481 2265 non
1536 2220 1621 2266 est
1676 2211 1912 2281 Spiritus
1968 2214 2309 2282 proprietas;

735 2320 923 2358 verum
985 2319 1050 2357 ex
1094 2304 1255 2356 Patre
1292 2318 1389 2370 per
1434 2302 1630 2356 Filium
1679 2303 2012 2371 procedens,
2048 2307 2211 2358 etiam
2244 2322 2312 2359 ex

741 2396 877 2449 Filio
907 2396 1182 2465 procedit,
1238 2412 1347 2448 non
1382 2405 1564 2449 autern
1628 2410 1727 2464 per
1764 2396 1929 2448 alium
1967 2398 2309 2466 quempiam;

736 2496 791 2539 et
831 2487 924 2539 ubi
980 2502 1125 2540 nunc
1181 2496 1265 2540 cst
1319 2486 1541 2540 Sabellii
1571 2486 1855 2540 confusio?
1885 2486 1938 2541 Si
1971 2490 2118 2541 enim
2156 2491 2310 2560 juxta

739 2579 903 2629 istum
956 2593 1122 2629 lllllllll
1187 2577 1499 2631 diceremus
1565 2576 1781 2631 Patrem
1845 2586 1901 2631 et
1964 2578 2160 2633 Filiqu
2226 2581 2310 2635 vel

736 2671 901 2721 etiam
930 2668 1196 2736 Spiritum
1225 2680 1474 2722 sanctum
1522 2678 1776 2737 tanquam
1803 2685 1966 2724 unam
1988 2671 2309 2742 hypostasin

740 2762 852 2814 sive
879 2777 1187 2830 personam,
1209 2772 1338 2816 tunc
1364 2762 1624 2829 Spiritum
1645 2778 1709 2816 ex
1736 2762 1895 2816 Patre
1922 2766 2308 2831 procedentem

741 2856 906 2910 etiam
954 2870 1020 2908 ex
1054 2854 1192 2908 Filio
1234 2854 1533 2922 procedere
1568 2868 1877 2909 asserentes
1908 2856 2149 2912 Sabellio
2177 2874 2311 2913 con-

744 2949 939 3001 cordes
986 2961 1257 3005 essemus.
1294 2945 1380 2999 vel
1421 2947 1647 2999 omnino
1690 2944 2317 3014 Semisabelliani,sicut

745 3040 835 3092 alii
908 3038 1130 3107 quiJam
1199 3037 1563 3092 Semiariani.
1631 3038 1767 3091 Nam
1825 3038 1929 3091 tria
1987 3039 2076 3093 illa
2147 3057 2312 3094 unam

749 3133 1061 3203 hypostasin
1111 3140 1165 3184 et
1219 3146 1386 3183 unum
1442 3130 1690 3185 dicentes
1754 3129 1826 3183 ita
1882 3133 2185 3187 secundum
2222 3135 2319 3189 Sa-

2427 2021 2699 2090 ἰδιότητας
2730 2014 3160 2086 ἀμετακινήτως
3206 2009 3465 2078 ἐχούσας,
3519 2007 3663 2061 καθὰ
3697 2004 4010 2073 φθάσαντες

2425 2112 2661 2181 ἔφημεν.
2716 2106 3149 2174 Φυλαττομένων
3208 2101 3266 2154 δέ
3316 2098 3425 2151 τῶν
3476 2098 3761 2165 ίδιοτήτων
3789 2094 4013 2160 ἑκάστῳ

2425 2203 2843 2275 ἁμεταόλήτων,
2871 2201 2971 2252 οὐκ
3010 2199 3076 2250 ἂν
3103 2197 3317 2263 λέγοιτο
3349 2194 3411 2245 τὸ
3458 2190 3686 2259 Πνεῦμα
3716 2187 3777 2250 ἐξ
3802 2183 4009 2238 ἑαυτοῦ

2423 2294 2844 2366 ἐκπορεύεσθαι,
2872 2294 2954 2345 ὅτι
2985 2291 3059 2361 μὴ
3091 2289 3293 2355 ἰδιότης
3339 2286 3456 2337 ἐστὶ
3503 2282 3662 2335 τοῦτο
3696 2279 3790 2333 τοῦ
3828 2276 4009 2332 Πνεύ-

2429 2403 2634 2460 ματοςο
2678 2388 2743 2439 ἐκ
2768 2384 2862 2437 τοῦ
2905 2383 3123 2452 Πατρὸς
3168 2381 3225 2434 δὲ
3291 2374 3737 2447 ἐκπορευόμενον
3786 2371 3877 2424 διὰ
3906 2368 4009 2421 τοῦ

2425 2480 2576 2542 Υίοῦ,
2616 2480 2710 2531 καὶ
2750 2479 2814 2531 ἐκ
2847 2473 2943 2528 τοῦ
2974 2474 3105 2526 Υἱοῦ
3133 2469 3521 2538 ἐκπορεύεται,
3547 2467 3663 2519 ἀλλ’
3700 2466 3760 2517 οῦ
3783 2464 3852 2515 δι’
3886 2462 4006 2513 ἑτέ-

2430 2591 2522 2643 ρου
2562 2573 2739 2625 ’τινος⁸
2770 2570 2865 2622 καὶ
2900 2568 3003 2621 ποῦ
3050 2566 3146 2619 τοῦ
3189 2563 3487 2618 Σαϐελλίου
3515 2563 3548 2631 ή
3590 2559 3899 2627 σύγχυσιςς
3938 2554 4001 2606 Εἰ

2431 2665 2526 2734 μὲν
2565 2662 2673 2730 γὰρ
2716 2661 2774 2712 ἓν
2802 2658 2925 2712 κατ’
2966 2658 3180 2709 ἐκεῖνον
3234 2655 3501 2724 ἐλέγομεν
3534 2651 3627 2704 τὸν
3661 2648 3878 2715 Πατέρα
3912 2645 4010 2697 καὶ

2423 2760 2514 2811 τὸν
2549 2757 2679 2808 Υἰδν
2711 2754 2744 2823 ἦ
2792 2753 2888 2806 καὶ
2922 2751 2987 2803 τὸ
3043 2749 3272 2817 Πνεῦμα
3330 2748 3406 2807 ὡς
3462 2744 3593 2815 μίαν
3627 2741 3938 2795 ὑπόστασιν
3972 2738 4007 2807 ἢ

2428 2849 2745 2920 πρόσωπον,
2782 2845 2842 2897 τὸ
2872 2845 2937 2896 ἐκ
2961 2841 3057 2895 τοῦ
3086 2839 3304 2911 Πατρδς
3338 2836 3779 2907 ἐκπορευόμενον
3813 2832 3907 2884 καὶ
3944 2832 4011 2882 ἐκ

2428 2943 2521 2996 τοῦ
2564 2940 2695 2993 Υίοῦ
2739 2936 3140 3007 ἐκπορεύεσθαι
3190 2942 3522 3001 φασκοντες,
3581 2928 3896 2997 σύμφρονες
3944 2923 4013 2976 ἂν

2427 3033 2569 3109 ἦμεν
2601 3033 2677 3102 τῷ
2708 3029 3004 3099 Σαϐελλίῳ,
3037 3029 3074 3092 ἢ
3120 3027 3341 3087 πάντως
3377 3020 3792 3094 ἡμισαϐέλλιοι,
3830 3016 4010 3072 καθά-

2430 3147 2535 3199 περ
2560 3128 2709 3183 ἄλλοι
2736 3127 2881 3187 τινὲς
2910 3124 3196 3192 ήμιάρειοι
3226 3136 3240 3150 ·
3276 3120 3342 3171 τὰ
3384 3119 3485 3185 μὲν
3528 3117 3636 3187 γὰρ
3668 3114 3795 3183 τρία
3816 3112 4007 3179 λέγον-

749 3225 994 3282 bellium.
1032 3239 1140 3277 non
1200 3224 1371 3291 magis
1401 3221 1705 3277 faceremus
1763 3224 2026 3292 Spiritum
2075 3241 2139 3279 ex
2166 3227 2322 3281 Patre
2354 3253 2397 3313 C
2427 3242 2442 3274 π

2315 3246 2322 3279 ι
2354 3253 2397 3313 C
2427 3241 2519 3286 τες
2559 3224 2685 3291 μίαν
2728 3218 3026 3271 ὑπόστασιν
3065 3215 3157 3266 καὶ
3190 3211 3248 3263 ’ἐν
3298 3210 3444 3263 οῦτω
3506 3209 3650 3261 κατὰ
3690 3203 4008 3261 Σαϐέλλιον,

750 3327 803 3369 ct
832 3334 898 3370 ex
931 3318 1067 3369 Filio
1093 3316 1505 3384 procedentem.
1533 3330 1695 3383 quam
1750 3330 1815 3369 ex
1863 3331 1919 3369 se
1957 3317 2093 3384 ipso,
2128 3334 2316 3371 verum

752 3418 806 3459 et
868 3409 1082 3462 Patrem
1152 3419 1264 3462 tum
1348 3417 1732 3477 generaulem,
1804 3417 1916 3459 tum
1986 3423 2307 3477 generatum

754 3511 915 3569 atque
944 3500 1352 3569 procedentem,
1408 3510 1462 3552 et
1514 3500 1705 3551 horum
1757 3501 2185 3569 unumquodque
2214 3518 2319 3555 non

758 3592 927 3660 magis
964 3609 1027 3645 ex
1074 3593 1201 3651 alio,
1235 3607 1397 3659 quant
1422 3608 1484 3643 ex
1522 3591 1735 3659 scipso;
1770 3590 1965 3643 Filium
1998 3607 2161 3658 porro
2214 3610 2321 3646 non

756 3686 929 3736 solum
979 3685 1243 3750 genitum,
1278 3700 1464 3737 verum
1497 3694 1549 3735 et
1588 3683 1995 3750 procedentem.
2033 3684 2142 3736 imo
2159 3686 2322 3737 etiam

756 3789 810 3829 et
840 3786 1227 3843 generantem;
1281 3791 1481 3829 rursus
1521 3773 1784 3843 Spiritum
1830 3790 1937 3827 non
1985 3776 2157 3829 solum
2193 3792 2324 3844 pro-

756 3876 1063 3929 cedentem,
1108 3868 1202 3922 sed
1234 3878 1287 3922 et
1307 3870 1617 3938 gignentem
1648 3878 1705 3921 et
1743 3868 2011 3936 genitum.
2040 3868 2322 3936 Ejusmodi

754 3963 904 4016 enim
964 3972 1092 4015 sunt
1150 3960 1371 4014 Sabellii
1422 3976 1579 4029 nugae
1626 3960 1719 4011 uni
1757 3958 2046 4028 eidemque
2078 3975 2327 4027 persona:

756 4058 969 4108 diversa
998 4055 1218 4106 nomina
1252 4062 1307 4105 et
1339 4053 1584 4105 diversas
1606 4052 1974 4120 proprietates
2007 4051 2322 4106 tribuentis.

755 4150 808 4199 Si
838 4162 963 4199 vero
1010 4146 1225 4198 Patrem
1254 4152 1309 4198 et
1359 4143 1555 4197 Filium
1599 4143 1772 4197 solum
1819 4159 1980 4196 unam
2015 4143 2328 4198 diceremus

755 4253 1080 4305 personam,
1149 4253 1214 4289 ex
1290 4238 1391 4290 hac
1445 4252 1577 4289 vero
1643 4251 1749 4289 una
1786 4250 2021 4304 persona
2066 4236 2319 4305 progredi

755 4331 1020 4398 Spiritum
1066 4329 1410 4390 doceremus,
1462 4338 1577 4381 tum
1648 4336 1703 4382 et
1751 4327 1829 4381 sic
1888 4326 2324 4381 Semisabelliani

751 4439 997 4476 rSSBmUS
1059 4438 1126 4475 ex
1164 4423 1329 4475 Patre
1377 4428 1433 4474 et
1493 4421 1633 4474 Filio
1686 4420 1858 4485 illum,
1906 4422 1999 4490 qui
2058 4422 2323 4491 procedit,

751 4516 1047 4584 procedere
1070 4523 1401 4568 asserentes.
1430 4513 1588 4567 Nunc
1622 4528 1751 4566 vero
1803 4528 1902 4566 nos
1920 4513 2081 4566 aliam
2101 4514 2323 4582 quidem

2430 3313 2581 3366 οὐδὲν
2618 3311 2820 3380 μᾶλλον
2855 3305 3154 3374 ἐποιοῦμεν
3199 3304 3261 3355 τὸ
3300 3301 3529 3369 Πνεῦμα
3566 3302 3629 3351 ὲκ
3662 3296 3757 3351 τοῦ
3788 3297 4005 3363 Πατρος

2434 3409 2527 3459 καὶ
2555 3406 2617 3455 ἐκ
2650 3402 2743 3455 τοῦ
2768 3401 2899 3453 Υἰοῦ
2933 3397 3400 3468 ἐκπορευόμενον,
3440 3393 3471 3461 ἢ
3503 3393 3560 3456 ἐξ
3593 3390 3792 3442 ἑαυτοῦ
3818 3405 3830 3417 ·
3873 3387 4011 3439 ἁ).λὰ

2433 3498 2527 3550 καὶ
2553 3497 2644 3546 τὶν
2673 3494 2896 3564 Πατέρα
2948 3490 3223 3559 γεννῶντα
3263 3504 3321 3539 τε
3388 3486 3485 3539 καὶ
3529 3482 3873 3552 γεννώμενον
3914 3479 4013 3529 καὶ

2432 3587 2890 3656 ἐκπορευόμενον,
2928 3583 3021 3635 καὶΙ
3055 3582 3293 3634 ἕκαστον
3331 3578 3543 3631 τούτων
3588 3575 3651 3627 οῦ
3700 3574 3902 3641 μᾶλλον
3950 3570 4011 3633 ἐξ

2433 3683 2595 3734 ἄλλου
2633 3679 2664 3748 ἢ
2703 3677 2761 3739 ἐξ
2790 3674 3021 3729 ἑαυτοῦο
3068 3675 3162 3726 καὶ
3202 3672 3292 3723 τον
3325 3669 3452 3721 Υίδν
3487 3668 3543 3719 δὲ
3573 3668 3631 3719 οῦ
3678 3666 3841 3732 μόνον
3888 3678 4013 3728 γεν-

2435 3772 2702 3839 νώμενον,
2734 3768 2871 3821 ἀλλὰ
2908 3766 3003 3819 καὶ
3035 3764 3494 3832 ἐκπορευόμενον,
3529 3760 3663 3828 πρὸς
3697 3757 3752 3809 δέ
3792 3756 4007 3814 τούτοις

2434 3866 2527 3916 καὶ
2556 3862 2835 3930 γεννῶντα
2861 3876 2876 3890 ο
2931 3859 3022 3909 καὶ
3053 3857 3115 3907 τὸ
3151 3854 3379 3921 Πνεῦμα
3409 3852 3567 3912 αὖθις
3592 3851 3692 3902 οὐκ
3741 3851 4012 3913 ἐκπορευ-

2434 3958 2628 4025 όμενον
2675 3953 2859 4021 μόνον⁹
2920 3950 3055 4004 ἀλλὰ
3105 3947 3201 4000 καὶ
3252 3944 3461 4013 γεννῶν
3495 3942 3589 3995 καὶ
3643 3937 4011 4007 γεννώμενον.

2437 4047 2675 4100 Τοιαῦτα
2716 4046 2823 4112 γὰρ
2876 4043 2943 4094 τὰ
2990 4039 3278 4093 Σαϐελλίου
3329 4038 3621 4105 ληρήματα
3657 4033 3738 4084 ἐνὶ
3797 4032 3888 4083 καὶ
3935 4028 4012 4097 τῷ

2436 4140 2585 4208 αὐτῷ
2621 4137 2899 4207 προσώπῳ
2924 4135 3160 4204 διάφορα
3186 4132 3429 4191 τιθέντος
3479 4129 3722 4197 ὀνόματα
3771 4128 3864 4177 καί
3898 4126 4012 4177 δια-

2436 4237 2635 4305 φόρους
2668 4231 2964 4300 ίδιότητας.
2998 4227 3101 4279 Τὸν
3130 4225 3187 4278 δὲ
3224 4223 3448 4292 Πατέρα
3484 4219 3700 4272 καὶτὸν
3745 4218 3871 4270 Υῐον
3910 4217 4013 4285 μὸ-

2436 4344 2525 4378 νον
2560 4326 2861 4392 φάσκοντες
2886 4319 2945 4372 ἐν
2971 4319 3290 4387 πρόσωπον,
3327 4316 3389 4365 ἐκ
3423 4313 3519 4365 τοῦ
3550 4313 3667 4371 ἐνὸς
3712 4309 3769 4362 δὲ
3821 4309 4013 4361 τούτου

2441 4419 2503 4470 τὸ
2532 4415 2760 4483 Πνεῦμα
2794 4410 3166 4482 προέρχεσθαι
3189 4403 3615 4475 δογματίζοντες
3644 4399 3786 4471 ἦμεν
3818 4401 3885 4454 ἂν
3920 4403 4012 4451 καὶ

2435 4509 2610 4568 οὕτως
2641 4503 3023 4575 ήμισαϐἐλλιοι
3057 4506 3120 4553 ἐκ
3156 4500 3249 4552 τοῦ
3286 4498 3498 4563 Πατρὶς
3526 4498 3621 4548 καὶ
3651 4497 3714 4546 ἐκ
3738 4492 3833 4545 τοῦ
3879 4492 4013 4545 Υἱοῦ

750 4607 1065 4661 Divinitatis
1099 4621 1387 4674 personam
1411 4613 1715 4659 statuentes
1748 4604 1984 4667 Patrem,
2014 4606 2173 4659 aliam
2201 4621 2328 4661 vero
2358 4607 2443 4669 D‘

2319 4625 2328 4657 ι
2358 4607 2411 4669 D
2434 4601 2495 4653 τὸ
2533 4596 2871 4665 ἐκπορευτὸν
2903 4591 3305 4661 ἐκπορεύεσθαι
3331 4589 3602 4657 λέγοντες.
3629 4586 3745 4638 Νῦν
3773 4584 3830 4636 δέ
3857 4585 4012 4651 ἡμεῖς

750 4703 969 4763 Fiiinm,
1019 4701 1265 4769 ejusdem
1308 4700 1518 4753 scilicet
1569 4709 1799 4762 naturae,
1840 4700 2002 4752 aliam
2032 4716 2163 4755 vero
2195 4716 2319 4753 rur-

747 4812 839 4847 sus
882 4794 1169 4862 Spiritum.
1231 4792 1431 4845 deinde
1497 4805 1768 4859 ponentes
1814 4791 2208 4859 procedentem
2255 4807 2319 4845 ex

750 4890 927 4945 Patre.
986 4885 1289 4954 procedere
1325 4900 1544 4951 quoque
1575 4900 1637 4937 ex
1662 4884 1819 4943 Filio,
1852 4884 2012 4935 aliter
2055 4884 2318 4937 dicimus.

749 4979 848 5042 Qui
892 4992 1022 5030 vero
1074 4991 1237 5029 unam
1295 4990 1582 5042 personam
1635 4989 1756 5027 esse
1810 4974 1963 5026 aiunt
2004 4975 2218 5026 Patrem
2270 4982 2324 5025 et

752 5068 968 5130 l’ilium,
1037 5066 1238 5119 deinde
1307 5063 1573 5132 Spiritqu
1631 5079 1695 5117 ex
1761 5065 1922 5117 Patre
1981 5073 2123 5117 ctex
2184 5064 2323 5117 Filio

752 5160 1045 5228 procedere
1072 5156 1359 5216 atlirmant,
1401 5154 1701 5208 absurdum
1728 5170 2072 5224 consequens
2099 5154 2324 5212 habent.

751 5270 857 5305 non
910 5252 1037 5320 quia
1096 5250 1421 5317 simpliciter
1476 5248 1668 5301 dicunt
1713 5263 1774 5299 ea:
1798 5248 1959 5300 Patre
1987 5258 2033 5299 et
2056 5264 2119 5299 ea:
2170 5247 2324 5307 Filio,

752 5344 845 5396 sed
878 5345 1005 5412 quia
1036 5358 1103 5396 ex
1131 5341 1399 5395 ambobus
1454 5348 1711 5407 tanquam
1736 5354 1866 5402 uno,
1903 5349 1959 5392 et
1991 5339 2119 5407 quia
2153 5355 2322 5392 unum

755 5445 1081 5500 utrumque,
1141 5432 1357 5486 Patrem
1423 5428 1677 5483 videlicet
1740 5428 2032 5490 etFilium,
2083 5440 2323 5495 ponunt.

752 5537 862 5578 r.on
898 5523 1201 5577 secundum
1237 5522 1347 5574 vim
1387 5520 1682 5573 Dominica:
1720 5519 1892 5581 vocis,
1948 5533 2138 5571 verum
2172 5534 2327 5573 secus

756 5631 819 5668 ac
850 5616 938 5668 ille
976 5615 1146 5667 dicit:
1180 5614 1288 5681 Ego
1320 5622 1367 5665 et
1414 5610 1578 5664 Pater
1608 5627 1772 5663 unum
1805 5626 2005 5662 sumus.
2038 5608 2147 5662 Nos
2176 5625 2325 5671 vero,

757 5709 850 5777 qui
886 5724 949 5759 ex
978 5709 1137 5762 Patre
1171 5716 1225 5759 et
1257 5723 1321 5759 ex
1371 5706 1507 5759 Filio
1537 5705 1770 5758 dicimus
1815 5703 2105 5771 Spiritum,
2132 5718 2237 5754 non
2272 5712 2329 5754 ut

758 5816 823 5851 σοι
880 5815 989 5851 uno
1034 5800 1291 5859 dicimus,
1345 5813 1532 5851 verum
1594 5806 1654 5849 ut
1714 5811 1781 5849 ex
1822 5794 2038 5847 duabus
2080 5794 2329 5861 personis

760 5892 1320 5948 consubstantialibus
1406 5886 1928 5945 consubstantialem
2029 5884 2326 5953 procedere

2435 4692 2604 4761 ἄλλην
2638 4690 2738 4759 μὲν
2773 4687 3075 4740 ὑπόστασιν
3126 4683 3227 4750 τῆς
3267 4680 3525 4749 θεότητος
3573 4677 3894 4741 δοξάζοντες
3926 4676 4012 4728 τὸν

2438 4783 2683 4853 Πατέρα,
2724 4778 2894 4846 ἄλλην
2923 4777 2981 4830 δὲ
3004 4776 3096 4829 τὸν
3128 4775 3282 4837 Υίὸν,
3321 4772 3419 4839 τῆς
3466 4769 3639 4836 αὐτῆς
3675 4767 3878 4837 δηλαδὴ
3913 4766 4010 4834 φύ-

2441 4893 2601 4938 σεως,
2632 4871 2799 4940 ἄλλην
2835 4871 2891 4922 δὲ
2925 4869 3188 4928 ὡσαύτως
3216 4865 3276 4917 τὸ
3311 4864 3561 4931 Πνεῦμα,
3599 4857 3719 4913 εἶτα
3772 4859 4010 4919 τιθέντες

2436 4970 2498 5022 τὸ
2529 4970 2593 5020 ἐκ
2622 4964 2717 5018 τοῦ
2755 4962 2970 5032 Πατρδς
3002 4960 3445 5028 ἐκπορευόμενον
3476 4952 3876 5023 ἐκπορεύεσθαι
3922 4954 4012 5002 καὶ

2439 5063 2504 5112 ἐκ
2531 5058 2625 5111 τοῦ
2656 5055 2805 5121 Υίοῦ,
2839 5056 3042 5123 ἑτέρως
3073 5051 3274 5118 φαμέν.
3313 5051 3377 5102 Οί
3413 5050 3512 5117 μὲν
3541 5046 3634 5100 οὖν
3673 5046 3731 5098 ἓν
3761 5046 4010 5112 λέγοντες

2440 5153 2533 5205 τὸν
2562 5151 2781 5216 Πατέρα
2822 5146 3029 5198 καὶτὸν
3057 5143 3185 5194 Υἱον
3216 5140 3533 5209 πρόσωπον,
3569 5132 3687 5187 εἷτα
3712 5137 4012 5203 φάσκοντες

2441 5246 2502 5297 τὸ
2536 5241 2765 5309 Πνεῦμα
2795 5235 3126 5308 ἐκπορευτδν
3173 5235 3237 5285 ἐκ
3276 5230 3371 5283 τοῦ
3422 5230 3639 5298 Πατρὸς
3680 5229 3775 5279 καὶ
3807 5231 3869 5279 ἐκ
3920 5228 4014 5283 τοῦ

2445 5335 2596 5394 Υἱοῦ.
2634 5333 2696 5383 τὸ
2726 5332 2927 5385 ἄτοπον
2964 5328 3226 5394 ἑπόμενον
3259 5324 3478 5391 ἔχουσιν
3502 5335 3516 5348 ·
3553 5320 3652 5388 οῦχ
3698 5320 3779 5371 ὅτι
3829 5318 4013 5383 ἁπλῶς

2442 5440 2607 5487 φασιν
2631 5423 2694 5471 ἐκ
2722 5419 2816 5471 τοῦ
2858 5417 3073 5486 Πατρὸς
3101 5414 3195 5464 καὶ
3242 5415 3305 5464 ἐκ
3337 5410 3429 5463 τοῦ
3484 5409 3635 5467 Υίοῦ,
3677 5408 3793 5461 ἀλλ’
3825 5410 3904 5460 ὅτι
3943 5411 4012 5473 ιῖ,ς

2441 5517 2558 5577 ἐνὸς
2584 5513 2642 5576 ἐξ
2667 5512 2870 5579 ἀμφοῖν
2902 5528 2912 5538 ·
2946 5510 3042 5559 καὶ
3064 5507 3147 5558 ὅτι
3180 5505 3239 5555 ἓν
3307 5504 3478 5571 ἄμφω
3511 5502 3751 5552 τίθενται
3789 5501 3879 5550 τὸν
3910 5500 4009 5553 Πα-

2442 5608 2576 5675 τέρα
2604 5604 2701 5655 καὶ
2734 5604 2823 5653 τὸν
2853 5600 3003 5658 Υἱὸν,
3037 5599 3097 5649 ού
3126 5600 3267 5649 κατα
3298 5596 3529 5661 δύναμιν
3558 5593 3656 5661 τῆς
3680 5591 3774 5643 τοῦ
3809 5590 4017 5657 Κυρίου

2446 5699 2649 5764 φωνῆς,
2683 5694 2798 5746 ἀλλ’
2826 5694 3029 5760 ἑτέρως
3060 5692 3091 5760 ἢ
3126 5690 3200 5751 ὡς
3232 5688 3443 5746 ἐκεῖνός
3485 5702 3689 5754 φησιν·
3746 5684 3889 5750 Ἐγὼ
3918 5699 4011 5736 και

2445 5794 2476 5841 ό
2507 5786 2709 5852 Πατὴρ
2737 5786 2805 5837 ἓν
2845 5785 3053 5853 ἐσμεν.
3109 5783 3300 5849 Ἡμεῖς
3340 5780 3395 5831 δὲ
3452 5780 3546 5830 καὶ
3586 5781 3650 5828 ἐκ
3680 5774 3773 5827 τοῦ
3803 5773 4009 5842 Πατρδς

2444 5882 2537 5933 καὶ
2564 5883 2623 5931 ἐκ
2651 5875 2742 5930 τοῦ
2786 5876 2916 5928 Υἱοῦ
2943 5877 3002 5927 τὸ
3035 5875 3259 5944 Πνεῦμα
3287 5873 3540 5937 λέγοντες
3566 5868 3665 5935 οὐχ
3689 5866 3762 5927 ὡς
3799 5865 3855 5929 ἐξ
3896 5865 4007 5925 sva,
