4262 6362
166 413 266 479 185

161 624 404 695 ὁμοφυὶς
431 625 843 694 προερχόμενον
875 627 1018 678 κατά
1045 644 1167 679 τινα
1220 629 1424 697 τρόπον
1468 626 1748 692 ἄγνωστόν

158 737 218 773 τε
253 720 357 772 καὶ
394 719 659 789 ἇρῤητον.
718 720 791 771 Τὸ
827 717 927 788 μὲν
986 719 1079 772 οὐν
1130 719 1190 783 ιξ
1233 720 1437 789 ἀμφοῖν
1483 718 1662 785 λέγειν
1690 718 1749 768 τὸ

162 811 392 879 Πνεῦμα
426 810 502 869 ὡς
535 809 595 873 ἐξ
650 810 790 875 ἑνὸς,
852 809 1045 872 ἀσεῦές
1070 823 1085 839 ’
1128 810 1482 863 Σαδελλιανδν
1512 811 1622 879 γάρ
1644 826 1657 839 ο
1691 811 1750 861 τὸ

160 897 215 949 δὲ
252 898 314 961 ἒξ
342 900 552 967 ἀμφοῖν
579 899 821 967 ὲχόντοιν
847 900 948 951 οὐκ
981 901 1038 950 ὲν
1060 900 1218 970 οὐσία
1244 900 1615 969 διαφορότητα
1639 901 1749 951 οὐδ’

162 988 221 1040 ιν
257 988 551 1057 ὀνομάτων
574 988 848 1060 διττότητι
878 991 977 1058 τὴν
1016 991 1316 1061 διάκρισιν,
1351 993 1468 1046 ἀλλ’
1516 995 1574 1045 ἐν
1614 996 1750 1046 ὐπο-

164 1084 457 1145 στατικαῖς
490 1083 739 1152 ἰδιότησι,
774 1084 868 1154 τῆς
918 1083 1291 1154 Σαϐελλιανῆς
1342 1087 1600 1151 ἀσεϐείας
1644 1105 1751 1156 μα-

165 1176 345 1244 κράν·
380 1175 548 1241 ὥστε,
598 1177 789 1248 ἐπειδὴ
822 1178 882 1229 τδ
914 1180 1160 1232 τοιοῦτον
1193 1179 1372 1247 δόγμα
1410 1178 1597 1249 ἕτερόν
1635 1180 1751 1232 ἐστι

165 1268 266 1336 τῆς
294 1267 396 1321 τοῦ
426 1267 719 1322 Σαϐελλίου
744 1268 925 1340 δόξης,
956 1270 1079 1339 μηδ’
1109 1271 1185 1333 ὡς
1221 1271 1581 1324 Σαὸελλιανὺν
1613 1271 1750 1339 ἡγοῦ

169 1360 267 1412 καὶ
304 1360 641 1429 ἀπόϐλητον.
681 1360 821 1415 Ἀλλ’
850 1362 883 1431 ἢ
920 1362 1029 1433 ἄρα
1062 1362 1268 1431 ἑτέρως
1297 1362 1444 1431 ἔχειν
1470 1363 1531 1414 τὸ
1552 1364 1753 1416 ἄτοπον

168 1452 392 1523 ἔλεγχε.

241 1543 306 1596 ε’.
364 1545 468 1598 ΓΡ.
504 1543 683 1598 Ἔστω
730 1548 923 1612 ταῦτα,
975 1548 1069 1599 καὶ
1111 1547 1184 1617 μὴ
1216 1546 1571 1599 Σαϐελλιανὸν
1601 1545 1743 1599 ἔστω

164 1639 225 1690 τὸ
256 1638 444 1704 λέγειν
485 1638 550 1688 ὲκ
570 1636 663 1689 τοῦ
688 1638 900 1707 [ἰατρὸς
924 1640 1019 1692 καὶ
1044 1637 1140 1692 τοῦ
1173 1638 1305 1693 Υἰοῦ
1340 1638 1435 1692 τοῦ
1486 1639 1753 1705 παναγίου

167 1729 496 1799 Πνεῦματος
554 1729 653 1799 τὴν
710 1731 1040 1802 ὶκπόρευσιν
1069 1746 1085 1762 ·
1142 1732 1259 1785 ἀλλ’
1324 1733 1499 1785 ἐκεῖνό
1525 1748 1589 1800 γε
1630 1730 1755 1785 ἆτο-

1096 420 1188 478 ΒΕ
1226 418 1746 478 PROCESSIONE
1790 416 2149 480 SPlliITUS
2188 417 2477 479 SANCTL

3340 402 3438 465 186

1855 625 2104 679 modum.
2135 623 2402 693 Spiritum
2432 621 2598 691 igitur
2626 617 2809 670 dicere
2843 628 2911 666 ex
2934 620 3169 679 utroque
3188 606 3338 662 velut
3364 619 3433 658 ea

1853 732 1963 770 uno
2014 714 2240 783 impium
2275 721 2379 773 est,
2404 690 2530 778 quia
2562 703 2939 759 Sabellianum
2966 713 2980 759 ;
3011 710 3137 750 eum
3160 707 3296 747 vero
3346 690 3435 744 di-

1852 821 1978 861 cere
2013 779 2373 860 ex-ambobu's
2407 812 2515 850 non
2549 792 2885 848 habentibus
2913 790 2967 841 in
3000 783 3239 841 essentia
3266 779 3432 835 diae-

1854 898 2086 952 rentiam
2122 909 2301 964 neque
2333 892 2384 945 in
2423 888 2710 943 nominum
2768 882 3091 952 duplicitate
3138 875 3434 929 discretio-

1853 1005 2000 1048 nem.
2057 988 2152 1041 sed
2228 986 2281 1038 in
2342 978 2701 1053 hypostaticis
2761 970 3216 1045 proprietatibus,
3274 967 3435 1034 longe

1855 1096 1881 1131 τι
1908 1078 2212 1132 Sabelliana
2239 1075 2516 1143 impietate
2543 1070 2717 1121 abest.
2747 1067 2922 1131 Quare
2955 1076 3081 1117 cum
3106 1060 3210 1113 hoc
3237 1057 3434 1125 dogma

1854 1170 2001 1225 aliud
2054 1170 2183 1223 sila
2240 1166 2463 1222 Saliellii
2523 1160 2813 1231 opinione.
2856 1170 3032 1224 neque
3057 1152 3433 1208 Sabellianum

1853 1274 1906 1318 et
1926 1262 2295 1333 abjiciendutn
2356 1256 2488 1310 illud
2534 1251 2839 1308 existimes.
2876 1248 3081 1301 Verum
3131 1241 3435 1299 absurdum

1855 1355 1988 1409 illud
2026 1367 2150 1407 esse
2190 1348 2412 1404 aliunde
2434 1347 2800 1401 demonstres.

1926 1557 1977 1612 5.
2014 1555 2130 1611 Gli.
2168 1553 2287 1607 Sint
2329 1551 2447 1605 inec
2489 1549 2585 1612 ita,
2623 1560 2804 1614 neque
2847 1542 3219 1597 Sabellianum
3250 1538 3321 1592 sit
3351 1534 3436 1590 di-

1856 1666 2005 1713 cere,
2056 1665 2121 1703 ex
2152 1648 2313 1701 Patre
2352 1655 2409 1698 et
2454 1643 2595 1698 Filio
2632 1638 2964 1693 sanctissimi
3022 1634 3261 1703 Spiritus
3313 1644 3437 1684 esse

1855 1742 2287 1815 processionem.
2326 1738 2579 1791 Attamen
2634 1733 2764 1787 illud
2806 1739 2958 1785 certe
3001 1724 3301 1781 absurdum
3343 1737 3437 1776 os-

168 1838 271 1923 szfv
303 1822 445 1925 (-14).
473 1822 534 1924 Ei
567 1821 677 1890 γὰρ
704 1821 1018 1925 εξιέὶμφοῖν,
1080 1823 1337 1887 σύνθετος
1387 1823 1538 1891 αὐτῷ
1564 1823 1752 1875 λοιπὸν
1786 1867 1829 1925 Β

1786 1867 1829 1925 Β
1862 1836 2057 1899 tendit,
2083 1832 2228 1903 quod
2250 1845 2398 1885 nunc
2420 1829 2597 1883 dicam
2626 1826 2725 1892 (ἰι.’
2746 1826 2801 1879 Si
2822 1824 3066 1893 Spiritus
3084 1827 3259 1872 estex
3284 1824 3436 1868 utro—

164 1911 266 1981 τῆς
313 1912 728 1983 ὐποστάσεωςή
763 1913 981 1982 ἰδιότης,
1044 1914 1139 1967 καὶ
1178 1914 1278 1984 οὐχ
1304 1914 1448 1985 ἁπλῆ
1502 1915 1594 1969 καὶ
1623 1914 1748 1967 σύν-

165 2000 322 2064 θετος
354 2002 388 2071 ή
437 2003 759 2067 ὑπόστασις,
814 2005 895 2057 ὅτι
948 2006 1041 2057 καὶ
1072 2005 1295 2075 ἁμέσως
1341 2006 1436 2059 καὶ
1496 2008 1752 2076 ὲμμέσως

163 2093 553 2160 ἐκπορεύεται,
609 2096 669 2147 τὸ
716 2096 817 2166 μὲν
844 2098 908 2149 ὲκ
940 2096 1035 2149 τοῦ
1107 2098 1345 2166 [ἰατρὸς.
1368 2100 1429 2151 τὸ
1451 2098 1507 2151 δὲ
1542 2100 1605 2151 εκ
1657 2098 1751 2150 τοῦ

164 2184 297 2237 T106
326 2201 343 2216 ο
373 2184 518 2238 οὕτω
564 2186 621 2238 δὲ
651 2186 747 2239 καὶ
794 2187 889 2240 τοῦ
928 2187 1060 2241 T106
1119 2190 1152 2258 ἠ
1181 2187 1381 2257 ἰδιότης
1435 2188 1750 2259 εὑρίσκεται

166 2276 447 2342 σύνθετος,
508 2278 709 2349 ἔχουσα
776 2278 850 2349 μὴ
906 2280 1064 2348 μόνον
1087 2280 1150 2333 τὸ
1208 2281 1505 2349 γεννᾶσθαι
1537 2285 1601 2335 ἐκ
1656 2284 1748 2335 τοῦ

164 2368 410 2439 Πατρδς.
442 2370 580 2422 ἀλλὰ
608 2372 702 2423 καὶ
733 2372 796 2423 τὸ
830 2372 1054 2442 Πνεῦμα
1088 2371 1149 2437 ἐξ
1174 2373 1371 2426 ἑαυτοῦ
1425 2375 1648 2443 ἀμισως
1678 2375 1753 2438 ὡς

170 2462 312 2532 μέση
350 2462 465 2530 (15)
491 2464 912 2533 προϐάλλεσθαι.

235 2642 399 2696 ΛΑΤ.
449 2644 606 2697 Κατὰ
650 2644 840 2697 τοῦτον
886 2645 978 2698 τὸν
1039 2646 1196 2715 λόγον
1259 2646 1510 2709 σύνθεσις
1554 2647 1620 2699 ἂν
1667 2649 1750 2717 εῐη

171 2738 266 2790 καὶ
289 2738 425 2807 περὶ
451 2738 545 2790 τὸν
576 2740 817 2809 Πατέρα,
855 2742 1191 2809 καὶμᾶλλον,
1237 2744 1323 2795 ὅτι
1348 2743 1450 2795 οὐκ
1484 2742 1755 2812 ἀγγέννη-

168 2848 261 2893 τος
294 2832 481 2901 μόνον.
516 2831 650 2885 ἀλλὰ
684 2833 777 2884 καὶ
807 2836 1086 2903 γεννήτωρ
1129 2836 1222 2887 καὶ
1251 2834 1575 2903 προϐολεὰς.
1606 2837 1666 2888 Εἰ
1696 2836 1753 2888 δὲ

169 2925 263 2977 ἐπὶ
321 2924 418 2977 τοῦ
482 2926 696 2995 Πατρδς
724 2925 897 2977 ταῦτα
945 2926 1004 2977 οὐ
1062 2929 1444 2997 παρεισήγαγε
1476 2927 1749 2994 σύνθεσιν,

166 3018 290 3069 οὐδὲ
349 3019 535 3069 ἐκεῖνα
596 3017 783 3069 λοιπὸν
819 3018 914 3071 ἐπὶ
965 3018 1059 3071 τοῦ
1113 3020 1244 3073 Υἱοῦ
1281 3020 1372 3073 καὶ
1405 3021 1751 3090 Πνεῦματος.

170 3110 243 3162 Ἦ
293 3107 438 3177 τίςή
469 3108 875 3177 ἀποκλήρωσις,
924 3111 1018 3162 τὸν
1063 3112 1161 3180 μὲν
1221 3112 1436 3182 Πατέρα
1502 3109 1751 3182 μὴεῖναι

1859 1944 1990 1999 que,
2015 1924 2322 1995 composita
2354 1922 2456 1992 ipsi
2487 1920 2595 1975 erit
2626 1919 2986 1989 hypostaseos
3025 1909 3358 1981 proprietas,
3381 1915 3440 1958 et

1857 2036 1968 2074 non
1992 2018 2248 2086 simplex,
2281 2023 2337 2067 et
2366 2013 2665 2081 composita
2703 2011 2819 2078 ipsa
2858 2005 3188 2077 hypostasis,
3218 2001 3345 2069 quia
3384 2006 3438 2051 et

1858 2109 2171 2165 immediate
2183 2119 2237 2161 et
2258 2105 2492 2160 mediate
2515 2100 2781 2171 procedit.
2802 2098 3016 2152 scilicet
3041 2103 3152 2147 tum
3170 2108 3235 2145 ex
3254 2091 3435 2149 Patre,

1859 2210 1975 2255 tum
2022 2218 2084 2255 ex
2133 2200 2310 2261 Filio;
2357 2197 2436 2250 sic
2484 2204 2665 2247 autem
2708 2201 2763 2244 et
2812 2189 2936 2243 Filii
2993 2183 3307 2256 proprietas
3338 2178 3437 2232 de—

1858 2291 2219 2360 prehenditur
2273 2286 2601 2354 composita,
2637 2298 2803 2351 quum
2853 2295 2961 2333 non
3013 2276 3189 2331 solum
3239 2270 3438 2325 habeat

1857 2386 1999 2456 quod
2043 2386 2114 2438 sit
2161 2390 2456 2454 generatus
2488 2394 2553 2433 ex
2598 2379 2785 2439 Patre,
2832 2388 3021 2428 verum
3070 2370 3236 2425 etiam
3287 2365 3436 2432 quod

1858 2481 2124 2549 Spiritum
2202 2483 2453 2531 sanctum
2522 2486 2589 2524 ex
2642 2484 2701 2523 se
2767 2468 2885 2536 ipso
2947 2461 3265 2518 immediate
3313 2471 3442 2527 pro-

1858 2574 2047 2627 ducat.

1930 2664 2089 2719 LAT.
2120 2658 2439 2716 Secundum
2472 2660 2613 2711 hanc
2636 2653 2906 2709 rationem
2944 2649 2997 2703 in
3023 2649 3183 2703 Patre
3216 2658 3441 2714 quoque

1860 2759 2001 2813 l‘oret
2031 2753 2379 2824 compositio,
2415 2761 2472 2805 et
2501 2750 2674 2803 multo
2707 2745 2900 2815 magis,
2930 2744 3060 2812 quia
3103 2756 3212 2794 non
3255 2738 3439 2792 solum

1860 2848 2161 2917 ingenitus,
2197 2859 2390 2898 verum
2439 2842 2608 2896 etiam
2660 2850 2928 2907 generans
2970 2845 3026 2888 et
3064 2832 3281 2901 spirans
3329 2818 3434 2883 est.

1860 2941 1914 2995 Si
1947 2956 2077 2995 vero
2108 2939 2223 2992 btet:
2276 2937 2329 2990 in
2379 2936 2541 2990 Patre
2578 2932 2784 2985 nullam
2828 2927 3102 2981 inducunt
3159 2920 3434 2989 composi-

1861 3034 2066 3088 tionem
2094 3074 2107 3095 ,
2136 3044 2315 3094 neque
2349 3028 2437 3081 illa
2467 3026 2520 3079 in
2552 3024 2690 3078 Filio
2718 3030 2775 3075 et
2814 3021 2867 3072 itt
2906 3015 3114 3085 Spiritu
3161 3013 3437 3079 composi-

1859 3127 2061 3180 tionem
2121 3122 2405 3175 inducent.
2462 3117 2570 3171 Aut
2619 3115 2798 3183 qualis
2843 3120 2927 3164 est
2979 3110 3079 3162 ista
3130 3104 3346 3160 sortitio
3383 3112 3440 3156 et

169 3201 437 3255 σύνθετον
473 3202 536 3253 ἐκ
564 3201 661 3253 τοῦ
687 3203 989 3272 ἀγεννήτου
1016 3205 1111 3255 καὶ
1156 3204 1251 3257 τοῦ
1300 3205 1623 3273 γεννητικοῦ
1660 3206 1756 3258 καὶ
1784 3218 1826 3273 c

1755 3218 1826 3273 χο
1861 3216 2203 3277 distributio,
2246 3214 2459 3267 Patrem
2492 3209 2713 3279 quidem
2755 3222 2864 3260 non
2914 3218 3036 3257 esse
3074 3200 3438 3269 Compositum

166 3294 266 3346 106
291 3294 686 3366 προϐλητικοῦ,
715 3298 806 3346 τὸν
830 3296 885 3347 δὲ
918 3296 1055 3348 Υἰὸν
1103 3295 1358 3349 σύνθετον
1384 3293 1523 3350 εἶναι
1579 3298 1666 3349 διὰ
1696 3299 1755 3350 τὸ

166 3386 437 3456 γεννητὸν
481 3388 576 3439 καὶ
633 3387 693 3439 τὺ
755 3387 1141 3457 προελητικὺν,
1172 3389 1267 3440 καὶ
1310 3388 1371 3441 τὸ
1416 3388 1639 3457 Πνεῦμα
1670 3388 1755 3440 διὰ

166 3479 227 3530 τὸ
260 3477 482 3546 διχόθεν
510 3479 605 3530 καὶ
634 3478 797 3547 διχῶς
836 3480 1189 3547 ἑκπορευτὸν.
1227 3480 1346 3550 ἦτοι
1384 3481 1448 3531 ὲκ
1504 3478 1599 3532 τοῦ
1643 3480 1755 3531 H1-

166 3569 301 3636 τρὸς
328 3568 426 3619 καὶ
452 3567 515 3619 ὲκ
547 3566 642 3619 τοῦ
674 3566 832 3632 Υἱοῦ,
855 3568 1114 3637 ἐμμέσως
1145 3568 1343 3639 δηλαδὴ
1371 3571 1464 3622 καὶ
1499 3571 1746 3639 ἀμέσωῖἶ

164 3662 370 3712 Καίτοι
403 3659 508 3711 κᾶν
530 3658 710 3727 ἁπλῆν
740 3660 920 3728 δῶμεν
952 3662 1167 3714 ἑκάστω
1187 3661 1285 3731 τὴν
1318 3662 1576 3730 ἰδιότητα.
1606 3665 1751 3714 κατὰ

166 3754 258 3806 τὸν
288 3754 385 3805 σὸν
410 3752 566 3819 λόγον
601 3752 693 3804 καὶ
728 3751 920 3817 οὕτως,
944 3754 1017 3813 ὡς
1068 3752 1266 3817 λέγεις,
1300 3752 1490 3822 διπλόη
1528 3768 1756 3821 παρεισ-

166 3844 495 3915 αχθήσεται,
544 3847 638 3897 καὶ
696 3844 946 3907 σύνθεσις
1000 3844 1186 3912 ἕψεται
1218 3886 1232 3905 ,
1275 3843 1370 3895 καὶ
1430 3845 1581 3896 ἔσται
1632 3844 1756 3896 σύν-

167 3937 327 3991 Θετον
381 3938 632 3989 ἕκαστον.
690 3938 799 3990 Καὶ
835 3937 945 4007 γὰρ
969 3938 1026 3988 ὲν
1066 3936 1146 4005 τῷ
1213 3936 1386 4003 Πατρὶ
1438 3940 1532 3988 καὶ
1590 3940 1622 4005 ἡ
1662 3938 1755 4007 τῆς

168 4028 433 4095 θεότητος
492 4028 648 4080 οὐσία
678 4029 795 4080 ἐστί
836 4030 930 4080 καὶ
968 4029 999 4095 ἡ
1033 4026 1130 4080 τοῦ
1165 4029 1363 4097 γεννᾷν
1411 4028 1632 4097 ἰδιότης,
1666 4030 1758 4081 καὶ

168 4124 230 4173 ἐν
279 4120 361 4191 τῷ
391 4120 510 4190 Υἰῷ
563 4121 701 4190 μετὰ
730 4121 832 4189 τῆς
863 4121 1054 4184 οὐσίας
1093 4123 1188 4173 καὶ
1233 4123 1267 4189 ή
1317 4121 1410 4173 τοῦ
1462 4124 1755 4189 γεννᾶσθαι

172 4214 381 4281 ἰδιότης
404 4214 577 4277 ἐστὶν,
636 4215 732 4267 καὶ
768 4216 825 4266 ὲν
852 4214 932 4282 τῷ
983 4213 1266 4283 Πνεῦματι
1294 4216 1432 4279 μετὰ
1461 4216 1558 4283 τῆς
1587 4216 1757 4282 αὐτῆς

167 4306 367 4368 οὐσίας
418 4307 575 4373 καὶὴ
634 4306 833 4375 ἰδιότης
876 4306 980 4373 τῆς
1026 4308 1432 4375 ἔκπορεύσεως.
1499 4306 1643 4359 Ἀλλ’
1695 4307 1756 4359 οὐ

172 4400 432 4462 σύνθεσις
458 4401 596 4461 ἐκεῖ,
624 4399 740 4451 ἀλλ’
787 4399 1028 4468 ἁπλότης
1069 4399 1211 4463 ὑπὲρ
1246 4402 1431 4452 πᾶσαν
1454 4399 1754 4468 ἁπλότητα,

165 4495 249 4545 ὅτι
278 4493 428 4563 μέρη
452 4492 623 4545 ταῦτα
640 4493 740 4560 τῆς
761 4492 1012 4561 θεότητος
1037 4493 1269 4564 (ἀμερὴς
1288 4492 1397 4563 γὰρ
1417 4494 1557 4562 ὑπὲρ
1577 4495 1756 4547 πᾶσαν

169 4587 494 4655 ἀμέρειαν),
553 4584 669 4637 ἀλλ’
732 4584 995 4655 ἰδιότητες
1041 4586 1170 4655 περὶ
1224 4584 1321 4653 τὴν
1387 4586 1515 4653 μίαν
1568 4586 1757 4638 οὐσίαν

170 4680 267 4732 καὶ
318 4678 421 4737 τὰς
478 4677 577 4745 τῆς
617 4679 745 4746 μιᾶς
807 4678 995 4738 οὐσίας
1025 4678 1354 4740 ὑποστάσεις
1385 4678 1757 4749 θεωρούμεναι

163 4774 261 4823 καὶ
306 4770 517 4835 ἑκάστη
572 4770 812 4837 ἑκάστην
878 4768 1178 4820 ὑπόστασιν
1222 4768 1753 4837 χαρακτηρίζουσαι.

163 4858 385 4913 Οὐκοῦν
417 4858 541 4910 οὐδὲ
586 4859 714 4911 ὅταν
762 4858 907 4925 λέγω
953 4860 1012 4910 τὸ
1068 4857 1289 4927 Πνεῦμα
1360 4860 1582 4927 ὰμέσως
1613 4858 1757 4928 ἔχειν

164 4954 263 5005 καὶ
290 4952 558 5020 ἐμμέσως
580 4951 677 5019 τὴν
708 4952 1058 5019 ἐκπόρευτιν.
1099 4950 1129 5020 ἢ
1167 4950 1259 5002 τὸν
1284 4950 1411 5001 Υἰδν
1434 4952 1529 5001 καί
1560 4953 1756 5017 γεννᾶ-

166 5046 290 5096 σθαι
328 5046 395 5095 ἐκ
431 5042 529 5095 τοῦ
561 5043 774 5113 Πατρδς
804 5042 896 5093 καὶ
943 5042 1004 5093 τὸ
1034 5042 1258 5106 Πνεῦμα
1325 5042 1752 5112 προϐάλλεσθαι,

166 5132 398 5201 διπλόην
448 5132 570 5183 τινὰ
614 5132 940 5200 παρεισάγω
966 5134 1059 5183 καὶ
1090 5134 1342 5184 σύνθεσιν
1367 5146 1383 5161 ⁸
1417 5131 1613 5201 ὥσπερ
1646 5134 1754 5201 γὰρ

167 5229 202 5294 ἡ
227 5229 292 5279 ἐκ
323 5223 422 5277 τοῦ
450 5226 661 5295 Πατρὸς
690 5225 950 5293 διάφορος
1011 5226 1256 5293 πρόοδος,
1287 5224 1433 5277 καθά
1461 5242 1596 5292 φατε
1659 5226 1755 5277 καὶ

168 5323 357 5389 ὑμεῖς,
421 5318 679 5389 διάφορον
730 5318 829 5387 μὲν
884 5319 1129 5371 δείκνυσι
1178 5318 1274 5388 τὴν
1336 5321 1523 5387 σχέσιν
1565 5317 1754 5381 αὐτοῦ,

218 5456 357 5543 λιι)
394 5454 752 5543 Notadmarg.
804 5454 1026 5543 ’ἕτερον
1057 5454 1259 5543 diuino:
1310 5456 1593 5543 εἰσαγωγὴ
1620 5497 1634 5517 ,
1666 5458 1748 5507 ὅτι

171 5527 433 5580 σύνθετον
490 5525 646 5577 ἔσται
702 5526 761 5576 τὸ
822 5526 1045 5591 Πνεῦμα
1095 5529 1157 5576 ὲκ
1210 5526 1420 5591 Πατρός
1472 5530 1565 5579 καὶ
1622 5528 1750 5579 T106

170 5595 635 5663 ἐκπορευόμενον,
668 5596 760 5646 καὶ
800 5594 936 5661 πρὸς
968 5595 1125 5647 τοῦτο
1151 5595 1447 5665 ἀνασκευή.

242 5708 306 5777 (ἰ)
334 5706 647 5785 Secundum
679 5704 980 5785 absurdum
1014 5706 1539 5785 :_t‘.ontpositus_erit
1576 5706 1749 5775 Spit"-

170 5776 262 5858 [ιιῇ
290 5794 355 5858 εῖτ
396 5777 561 5858 Ριιιιτξ⁹
583 5787 650 5858 οἰ.
679 5776 816 5828 Filio
848 5776 1169 5856 procedi-ns.
1202 5777 1334 5829 Viziu
1372 5777 1644 5841 Piiutiutn,
1679 5781 1749 5831 [It’

170 5849 360 5917 Spirit.
394 5848 562 5899 sancti
602 5847 956 5916 Mystagogia,
989 5862 1110 5914 cap.
1144 5849 1170 5898 7
1198 5861 1251 5903 et
1278 5848 1363 5900 45.

1860 3325 1926 3363 ex
1948 3305 2399 3366 innasmbilitate,
2425 3294 3167 3369 generationeetspiratioue
3194 3288 3436 3359 (activa),

1860 3401 2058 3455 Filium
2108 3412 2241 3451 vero
2298 3394 2667 3463 compositum
2720 3404 2842 3443 esse
2897 3394 3121 3456 propter
3167 3380 3439 3451 passivam

1859 3490 2272 3562 generationem
2309 3495 2364 3541 et
2393 3484 2751 3554 Spiratiouem
2783 3480 3041 3537 activam,
3078 3484 3132 3529 et
3168 3473 3436 3541 Spiritum

1858 3586 2249 3653 compositum,
2285 3580 2411 3649 quia
2442 3594 2471 3631 e
2498 3577 2706 3645 duplici
2736 3586 2899 3627 causa
2936 3578 2994 3621 et
3027 3566 3233 3635 duplici
3274 3562 3438 3616 modo

1859 3674 2141 3745 procedat,
2168 3671 2283 3726 sive
2316 3685 2381 3722 ex
2412 3669 2575 3721 Patre
2601 3678 2654 3720 et
2678 3682 2744 3719 ex
2777 3665 2935 3726 Filio,
2976 3661 3211 3715 mediate
3238 3655 3406 3710 videli

1858 3776 1947 3820 cet
1979 3774 2033 3820 et
2059 3762 2373 3817 immediate
2396 3760 2417 3811 ?
2440 3760 2763 3825 Quanquam
2798 3765 2853 3808 et
2904 3754 2949 3808 si
2982 3752 3292 3819 simplicem
3333 3747 3432 3800 de-

1860 3872 1984 3911 mus
2016 3855 2217 3922 cuique
2252 3850 2645 3921 proprietatem
2693 3844 2996 3900 secundum
3032 3852 3187 3894 tuum
3225 3852 3437 3892 sermo-

1863 3962 2009 4009 nem,
2044 3953 2101 3999 et
2131 3944 2231 3999 sic.
2267 3952 2327 3995 ut
2349 3941 2508 4001 dicis.
2539 3937 2835 4004 duplicitas
2880 3933 3175 3987 inducetur
3204 3940 3262 3983 et
3282 3942 3436 3981 com-

1860 4038 2059 4109 positio
2094 4045 2358 4103 sequetnr
2383 4030 2561 4083 eterit
2593 4026 3022 4095 unumquodque
3048 4020 3438 4089 compositum.

1860 4128 2076 4184 Etenim
2129 4128 2185 4179 in
2236 4126 2397 4179 Patre
2426 4130 2511 4175 est
2548 4131 2662 4174 tum
2692 4117 2998 4172 divinitatis
3032 4112 3267 4168 essentia
3322 4119 3439 4163 tum

1858 4220 2113 4294 gignendi
2165 4219 2493 4289 proprietas,
2535 4224 2588 4269 et
2642 4213 2695 4266 in
2723 4212 2860 4265 Filio
2889 4224 2994 4262 una
3029 4222 3154 4261 cum
3201 4202 3440 4263 essentia

1858 4316 2177 4387 proprietas
2237 4311 2407 4383 geniti
2464 4320 2568 4373 est,
2626 4318 2681 4361 et
2741 4308 2795 4359 in
2838 4304 3047 4372 Spiritu
3082 4314 3210 4355 eum
3245 4286 3439 4352 eadem

1859 4409 2125 4467 essentia.
2154 4404 2465 4476 proprietas
2516 4398 2910 4469 processionis.
2967 4396 3171 4449 Verum
3217 4405 3327 4444 non
3359 4399 3445 4442 est

1860 4500 2186 4570 cumpositio
2218 4498 2317 4559 ibi.
2350 4495 2445 4549 sed
2496 4492 2821 4560 simplicitas
2853 4503 3021 4555 super
3054 4498 3271 4538 omnem
3307 4482 3443 4533 sim-

1868 4593 2192 4663 plicitatem.
2226 4588 2353 4657 quia
2400 4600 2502 4639 nec
2546 4594 2731 4654 partes
2776 4578 3093 4635 Divinitatis
3136 4576 3238 4629 ista
3288 4581 3441 4635 sunt,

1865 4702 2036 4756 quum
2069 4700 2133 4739 ea
2163 4683 2233 4737 sit
2266 4694 2434 4749 super
2475 4692 2695 4731 omnem
2751 4671 3245 4728 indivisibilitatem
3296 4664 3438 4717 indi-

1866 4778 2121 4838 visibilis,
2175 4788 2371 4827 verum
2428 4772 2819 4847 prolirietates,
2883 4776 3005 4834 qua:
3068 4763 3217 4817 circa
3277 4773 3441 4811 unam

1870 4871 2165 4925 essentiam
2192 4878 2249 4921 et
2269 4867 2438 4933 hujus
2501 4865 2668 4915 unius
2698 4859 2951 4914 essentize
2984 4857 3308 4926 hypostases
3324 4865 3445 4919 spe-

1862 4972 2087 5015 ctantur
2147 4967 2203 5013 et
2259 4969 2601 5026 quarumque
2640 4952 2944 5020 quamlibet
2994 4959 3283 5016 personam
3324 4943 3438 4995 dis-

1857 5052 2060 5121 tinguit
2096 5063 2308 5116 suoqne
2352 5046 2673 5099 charactere
2732 5038 2979 5107 insignit.
3032 5034 3206 5100 igitur
3260 5032 3443 5096 nequﬁ

1852 5142 2074 5212 quando
2120 5140 2243 5193 dico
2291 5136 2557 5206 Spiritum
2609 5132 2925 5186 immediate
2958 5139 3013 5181 et
3048 5124 3283 5178 mediate
3342 5133 3441 5171 nx-

1855 5234 1983 5287 bere
2047 5230 2474 5300 processionem,
2510 5226 2596 5279 vel
2630 5241 2698 5279 ex
2738 5225 2897 5278 Patre
2945 5220 3141 5275 Filium
3188 5218 3434 5287 generari

1850 5332 1906 5376 et
1962 5324 2228 5393 Spiritum
2284 5320 2593 5391 producere
2626 5320 2720 5386 (γη)
2752 5356 2767 5382 ,
2804 5314 3182 5383 duplicitatem
3241 5322 3437 5377 quam-

1892 5532 1901 5540 _
1928 5461 2045 5583 l(lii)
2075 5460 2153 5513 Ita
2183 5458 2470 5521 scriptum.
2490 5455 2646 5522 Quod
2682 5463 2861 5507 tamen
2889 5450 3146 5504 mendum
3172 5444 3432 5510 exhibere

1892 5548 1925 5583 ιι
1948 5542 2091 5583 elur.

1853 5542 2091 5585 Videtur.

1932 5708 2024 5778 (nl)
2045 5705 2449 5777 Προϐἀᾉεσϐαι
2478 5706 2564 5758 hic
2591 5719 2695 5757 non
2723 5705 2859 5757 sumi
2896 5699 3105 5771 passive
3130 5712 3261 5752 usus
3277 5696 3427 5755 vocis

1861 5780 1914 5832 in
1948 5778 2309 5848 sequentibus
2342 5779 2702 5830 demonstrat.
