4288 6364
759 424 858 486 187

1965 428 2258 489 NICETIS
2313 428 2837 488 MARONlENSlS

3924 430 4028 493 138

749 541 876 594 dam
910 540 1115 593 induco
1149 539 1709 610 etcompositioncm.
1740 540 1894 596 Sicut
1932 545 2081 597 enim
2114 543 2330 597 diversa
2364 543 2403 594 Α
2434 557 2442 569 ί

2364 543 2403 594 Α
2434 538 2532 608 τὴν
2562 540 2663 608 μὲν
2717 537 2855 608 πρὸς
2902 537 2995 588 τὸν
3029 533 3158 589 Υίὺν
3193 535 3269 599 ὡς
3320 534 3552 607 Πατρὸς,
3582 536 3681 607 τὴν
3710 538 3768 592 δὲ
3798 540 3937 609 πρὸς
3965 542 4028 594 τὸ

749 647 782 686 e
820 632 981 686 Patre
1015 632 1351 700 progressio,
1392 633 1697 687 secundum
1720 634 1867 702 quod
1904 644 1961 689 et
1995 652 2090 689 vos
2119 635 2331 697 dicitis,

751 725 1028 780 diversam
1048 725 1271 793 quidem
1296 727 1416 796 ejus
1438 726 1823 780 habitudinem
1853 728 2161 789 constituit,
2198 729 2335 783 alte-

752 835 866 871 ram
903 818 970 872 ad
1009 819 1208 874 Filium
1249 832 1307 875 ut
1354 821 1558 880 Patris,
1592 822 1822 875 alteram
1859 821 1925 875 ad
1960 820 2228 891 Spiritum
2272 832 2331 876 ut

750 911 1016 978 spirantis
1058 912 1359 966 secundum
1411 914 1695 982 proprium
1740 912 1989 969 modum.
2044 923 2328 981 paternam

748 1018 883 1056 vero
935 1004 1256 1075 ltypostasin
1315 1003 1541 1057 minime
1592 1005 1800 1058 indicat
1836 1004 2217 1073 compositam.
2255 1005 2329 1058 ita

747 1110 853 1149 nec
889 1094 1127 1164 Spiritus
1156 1111 1187 1149 e
1224 1096 1386 1150 Patre
1402 1104 1458 1149 et
1483 1096 1620 1150 Filio
1654 1098 1935 1165 processio
1971 1097 2330 1167 compositio-

749 1202 875 1240 nem
943 1188 1235 1257 quamdam
1271 1188 1495 1256 intclligi
1547 1188 1678 1242 sinit
1706 1189 1822 1242 sive
1865 1189 1918 1242 in
1962 1188 2101 1242 Filio
2135 1189 2251 1243 sive
2275 1190 2327 1242 in

752 1277 985 1346 Spiritu.
1061 1278 1384 1348 Quanquam
1441 1280 1493 1331 in
1552 1280 1711 1333 Patre
1760 1295 2025 1348 generare
2073 1291 2129 1334 et
2194 1295 2328 1349 pro-

749 1366 953 1421 ducere
988 1384 1099 1421 non
1133 1369 1274 1421 idem
1311 1376 1396 1421 est
1430 1383 1611 1435 neque
1646 1368 1837 1421 eodem
1885 1368 2072 1430 modo,
2120 1368 2174 1421 in
2201 1368 2327 1435 Spi-

748 1457 860 1509 ritu
892 1473 1021 1510 vero
1054 1457 1353 1525 procedere
1401 1473 1572 1510 unum
1606 1466 1661 1511 et
1699 1457 1865 1519 idem,
1899 1458 2003 1511 etsi
2047 1473 2114 1511 ex
2154 1459 2329 1511 altero

747 1548 970 1615 quidem
1002 1548 1262 1611 ntediate,
1309 1549 1423 1602 sive
1462 1566 1529 1603 ex
1564 1550 1728 1603 Patre
1756 1565 1854 1617 per
1882 1549 2103 1609 Filium,
2141 1567 2209 1605 ex
2247 1552 2330 1604 al-

748 1648 867 1691 tero
895 1655 1029 1693 vero
1066 1640 1404 1704 immediate,
1442 1640 1568 1708 quia
1606 1656 1672 1693 ex
1718 1640 1878 1705 Filio,
1923 1657 2033 1695 non
2065 1657 2196 1696 vero
2230 1659 2329 1712 per

747 1712 917 1780 alium
939 1729 1277 1797 quempiam.
1309 1729 1428 1782 Non
1453 1739 1539 1784 est
1568 1730 1734 1799 igitur
1766 1732 2106 1800 compositus
2133 1732 2323 1795 Filius,

746 1818 874 1885 quia
908 1834 1018 1870 non
1059 1819 1236 1872 solum
1272 1834 1599 1888 generatur.
1648 1824 1741 1877 sed
1772 1834 1831 1877 et
1860 1824 2128 1889 Spiritum
2156 1827 2324 1878 emit-

744 1910 830 1971 tit,
880 1925 1062 1979 neque
1110 1910 1369 1980 Spiritus,
1424 1917 1553 1985 quia
1612 1915 1865 1983 procedit
1899 1931 2006 1969 non
2049 1932 2116 1970 ex
2162 1918 2325 1971 Patre

743 2001 883 2063 solo,
927 2002 1022 2055 sed
1059 2013 1114 2056 et
1138 2018 1204 2055 ex
1234 2003 1406 2066 Filio;
1441 2019 1617 2072 neque
1643 2006 1811 2061 etiam
1840 2008 2024 2065 Pater.
2059 2010 2186 2077 quia
2215 2026 2324 2064 non

742 2092 921 2145 solum
971 2094 1266 2161 ingenitus,
1300 2096 1392 2149 sed
1441 2106 1496 2149 et
1536 2097 1657 2151 Filii
1699 2100 1937 2167 genitor,
1981 2116 2159 2169 neque
2198 2103 2327 2169 quia

740 2198 851 2236 non
882 2185 1060 2237 solum
1088 2188 1325 2255 genitor,
1358 2190 1453 2242 sed
1487 2202 1540 2243 et
1573 2190 1872 2259 productor
1916 2193 2185 2263 Spiritus;
2222 2210 2323 2248 ne-

743 2291 850 2345 que
884 2279 1050 2330 etiant
1084 2281 1386 2333 secundum
1416 2297 1764 2344 communem
1786 2295 1898 2337 tttm
1932 2296 2172 2339 nostram
2210 2299 2322 2341 tum

742 2380 978 2423 vestram
1033 2372 1362 2426 sententiam
1404 2376 1743 2445 compositus
1774 2377 1944 2431 Filius
1966 2389 2023 2434 et
2065 2379 2321 2448 Spiritus,

738 2461 866 2528 quia
926 2470 1158 2530 uterque
1204 2475 1399 2531 praeter
1451 2468 1809 2521 substantiam
1852 2470 2014 2525 habet
2074 2487 2325 2540 persona:

739 2552 1157 2617 proprietatem,
1214 2555 1384 2610 Filius
1442 2558 1664 2626 quidem
1730 2561 2048 2616 liliationem
2113 2566 2321 2630 solam,

739 2641 979 2711 Spiritus
1017 2662 1158 2701 vero
1174 2650 1582 2716 processionem
1600 2666 1667 2705 ex
1696 2650 1875 2707 Patre.
1915 2654 1970 2709 Si
1999 2655 2145 2709 enim
2171 2672 2323 2710 com-

738 2736 917 2804 posita
955 2737 1100 2792 foret
1144 2740 1403 2807 qutelibet
1455 2757 1687 2809 persona
1746 2754 1971 2813 propter
2021 2762 2149 2802 suas
2197 2764 2322 2817 pro-

738 2831 1027 2899 prietates,
1054 2831 1219 2885 etiam
1243 2834 1485 2888 essentia
1519 2836 1683 2889 trium
1709 2852 2072 2906 personarum
2099 2850 2324 2908 compo-

739 2921 843 2974 sita
907 2929 1053 2975 esset
1115 2932 1341 2992 propter
1400 2940 1518 2989 eas,
1576 2942 1698 2995 qua‘
1744 2929 1885 2982 circa
1946 2932 2121 2998 ipsam
2172 2942 2322 2995 sunt,

741 3014 907 3066 trium
944 3029 1267 3070 communes
1289 3018 1676 3085 proprietates,
1704 3020 2007 3076 bonitatem
2038 3022 2184 3085 dico,
2232 3040 2323 3077 sa-

737 3105 1023 3174 pientiam,
1059 3108 1382 3173 potentiam,
1444 3110 1552 3162 vim
1597 3112 2031 3180 productricem,
2074 3117 2320 3170 omnium

735 3199 1071 3252 cll'ectricem
1090 3208 1146 3252 ct
1173 3201 1524 3265 creatricem,
1555 3204 1982 3271 providentiam,
2023 3223 2321 3263 conserva—
2350 3231 2393 3287 α

737 3291 963 3353 tionem,
990 3293 1237 3346 omnium
1276 3308 1463 3347 rerum
1505 3298 2059 3364 comprehensionem
2092 3311 2148 3355 et
2182 3317 2319 3355 con-

735 3381 1059 3443 tinentiam,
1101 3384 1409 3446 ascitatem,
1457 3393 1512 3438 et
1566 3386 1820 3454 principii
1861 3390 2184 3453 carentiam,
2220 3392 2323 3445 im-

736 3475 1132 3527 mortalitatem
1166 3484 1220 3528 et
1245 3476 1362 3530 sine
1388 3477 1500 3529 ullo
1529 3477 1636 3532 ﬁne
1670 3479 2040 3545 (iurationem,
2084 3482 2317 3537 immen-

733 3564 1383 3628 sitatem,:rternitatem,
1428 3577 1581 3621 extra
1627 3577 1844 3637 tempus
1884 3578 1941 3624 et
1974 3586 2141 3641 supra
2178 3583 2315 3626 tem.

738 3673 840 3726 pus
891 3658 1304 3722 exsistentiam,
1351 3667 1408 3712 et
1459 3676 1803 3731 quacunque
1846 3662 1953 3716 alia
2005 3664 2318 3733 hujusmodi

736 3751 852 3804 sive
886 3749 1186 3804 secundum
1218 3751 1570 3818 positionem,
1594 3753 1710 3805 sive
1733 3754 2035 3807 secundum
2067 3757 2317 3825 negatiok

738 3856 886 3904 nem,
926 3840 1040 3893 sive
1079 3840 1384 3893 secundum
1424 3856 1671 3903 causam,
1706 3844 1822 3896 sive
1849 3845 2152 3898 secundum
2181 3848 2321 3900 emi-

737 3934 978 3987 nentiam
1013 3940 1071 3985 et
1103 3931 1491 3986 excellentiam
1522 3932 1788 3987 dicuntur
1815 3937 1869 3987 in
1902 3936 2034 3989 Deo.
2069 3938 2174 3991 Sed
2206 3955 2317 3993 non

739 4036 872 4081 sunt
910 4028 1029 4080 lucc
1070 4025 1335 4091 essentia,
1371 4040 1565 4079 verum
1617 4026 1761 4078 circa
1800 4028 2095 4081 essentiam
2137 4030 2321 4083 consi-

735 4121 1027 4183 derantur,
1055 4118 1158 4174 etsi
1181 4128 1237 4172 et
1260 4126 1414 4172 certo
1442 4116 1683 4187 quodam
1720 4118 1886 4170 modo
1915 4119 2234 4175 essentialia
2261 4129 2320 4175 et

736 4212 1009 4266 naturalia
1074 4221 1366 4274 vocantur,
1412 4225 1594 4279 neque
1636 4219 1826 4278 partes
1877 4220 2006 4264 sunt
2038 4213 2315 4277 essentite,

737 4321 905 4375 quum
945 4305 1123 4359 deitas
1166 4306 1405 4373 partium
1437 4302 1663 4356 omnino
1694 4303 1766 4356 sit
1795 4319 2019 4373 expers,
2049 4294 2141 4359 Sic
2178 4316 2236 4360 et
2262 4308 2316 4359 in

739 4400 862 4467 igne
894 4397 1056 4450 variae
1083 4399 1273 4449 insunt
1308 4396 1587 4465 potentiae,
1622 4396 1837 4460 levitas,
1878 4397 2154 4451 mobilitas
2190 4412 2313 4451 sur-

739 4504 859 4544 Sum
913 4489 1166 4549 tendens,
1226 4488 1312 4541 vis
1350 4489 1715 4542 illuminativa
1749 4498 1806 4544 et
1841 4490 1925 4543 vis
1949 4489 2313 4557 combustiva,

2358 1878 2400 1930 Β
2432 1914 2752 1984 ἀγέννητος,

2437 629 2664 698 Πνεῦμα
2712 630 2787 693 ὡς
2817 629 3133 698 προϐολέως
3183 629 3325 681 κατὰ
3384 631 3587 700 τρόπον
3647 630 3797 692 ἴδιον,
3840 632 3942 701 τὴν
3968 633 4030 685 δὲ

2437 723 2721 793 Πατρικὴν
2751 723 3053 774 ὑπόστασιν
3083 720 3145 773 οὑ
3179 721 3438 773 σύνθετον
3491 721 3899 786 ὑποδείκνυσιν,
3938 724 4031 776 οὓς

2437 831 2547 875 τως
2606 813 2730 865 οὑδὲ
2785 812 2847 864 τὸ
2896 814 2960 865 ἐκ
3003 812 3100 865 τοῦ
3181 812 3397 882 Πατρδς
3444 813 3541 866 καὶ
3566 814 3630 865 ἑκ
3679 814 3774 867 τοῦ
3809 814 3940 866 Υἱοῦ
3964 815 4028 867 τδ

2434 905 2660 974 Πνεῦμα
2722 904 3126 974 ἐκπορεύεσθαι
3191 903 3443 955 σύνθεσιν
3489 904 3705 958 δίδωσιν
3755 907 3960 959 ἐννοεῖν
3990 907 4026 973 ἢ

2436 997 2530 1048 ἐπὶ
2586 996 2680 1049 τοῦ
2740 997 2884 1050 Υίοῦ
2914 998 2946 1066 ἢ
2982 998 3075 1049 ἐπὶ
3125 995 3220 1049 τοῦ
3284 996 3624 1065 Πνεύματος.
3690 999 3884 1051 Καίτοι
3930 1001 4027 1050 ἐπὶ

2435 1086 2531 1139 τοῦ
2558 1088 2776 1158 Πατρὸς
2809 1089 2869 1140 τὸ
2894 1090 3093 1158 γεννᾷν
3117 1089 3211 1141 καὶ
3253 1088 3312 1139 τὸ
3340 1089 3745 1158 προϐάλλεσθαι
3773 1090 3835 1142 οὑ
3884 1089 4028 1143 ταὺ-

2432 1178 2524 1231 τὸν
2566 1179 2677 1231 οὐδ’
2719 1179 3005 1243 ὡσαύτως,
3053 1182 3144 1233 ἐπὶ
3183 1180 3239 1232 δὲ
3278 1178 3373 1231 τοῦ
3407 1180 3728 1248 Πνεύματος
3763 1182 3826 1235 τὸ
3858 1183 4031 1234 ὲκπο·

2435 1273 2691 1342 ρεύεσθαι
2721 1272 2779 1325 ἒν
2804 1276 2901 1326 καὶ
2935 1274 3159 1333 ταύτὸν,
3191 1276 3240 1325 εί
3276 1273 3371 1325 καὶ
3404 1274 3468 1324 ἐκ
3499 1272 3655 1325 τοῦδε
3699 1274 3800 1341 μὲν
3849 1273 4029 1341 ἐμμέ-

2435 1382 2566 1429 σως,
2614 1367 2784 1435 ἤγουν
2818 1368 2883 1418 ὲκ
2934 1366 3031 1419 τοῦ
3090 1363 3308 1435 Πατρδς
3335 1365 3422 1418 διὰ
3450 1363 3547 1416 τοῦ
3588 1366 3736 1428 Υίοῦ,
3773 1368 3837 1418 ὲκ
3868 1365 4026 1419 τοῦδε

2430 1454 2486 1508 δὲ
2513 1457 2755 1525 ἀμέσως,
2785 1458 2865 1509 ὅτι
2892 1458 2956 1509 ἐκ
2983 1457 3075 1510 τοῦ
3109 1456 3238 1509 Υίοῦ
3272 1457 3456 1512 οὐκέτι
3481 1459 3538 1510 δὲ
3567 1457 3634 1510 δι’
3662 1457 3824 1510 ἄλλου
3852 1458 4026 1519 τινός.

2432 1548 2546 1600 Οὐκ
2592 1544 2685 1600 οῦν
2743 1547 2997 1609 σύνθετος
3034 1549 3063 1599 ὁ
3093 1549 3240 1611 Υἱὸς,
3271 1549 3354 1600 ὅτι
3410 1548 3484 1619 μὴ
3536 1550 3794 1616 γεννᾶται
3834 1549 4023 1618 μόνον,

2431 1640 2569 1693 ἀλλὰ
2600 1641 2780 1694 καὶτὸ
2815 1640 3043 1709 Πνεῦμα
3071 1639 3439 1711 προϐάλλεται
3466 1657 3480 1671 ·
3513 1641 3634 1693 οὑδὲ
3663 1641 3725 1693 τὸ
3767 1640 4026 1708 Πνεῦμα,

2429 1729 2902 1799 ὃτι·ὲκπορεύεται
2933 1730 3035 1782 οὑκ
3060 1730 3123 1780 ὲκ
3155 1733 3319 1796 μόνου
3356 1729 3453 1782 τοῦ
3480 1730 3715 1799 Πατρὸς,
3762 1729 3900 1783 ἀλλὰ
3925 1732 4028 1783 καὶ

2433 1823 2495 1872 ὲκ
2527 1821 2622 1873 τοῦ
2659 1820 2826 1874 Υἱοῦ·
2854 1821 2948 1874 καὶ
2976 1823 3083 1892 γὰρ
3119 1821 3239 1874 οὐδὲ
3276 1822 3303 1873 ὁ
3352 1822 3566 1889 Πατὴρ,
3621 1823 3704 1875 ὅτι
3740 1822 3814 1891 μὴ
3856 1822 4028 1890 μόνον

2812 1914 2950 1967 ἀλλὰ
2985 1914 3079 1964 καὶ
3149 1915 3429 1983 γεννήτωρ
3470 1914 3621 1975 Υξοῦ,
3659 1914 3769 1965 οὐδ’
3826 1916 3909 1966 ὅτι
3938 1916 4022 1983 μὴ

2431 2003 2716 2071 γεννήτωρ
2749 2002 2931 2071 μόνον.
2963 2001 3098 2054 ἀλλὰ
3124 2002 3219 2055 καὶ
3270 2002 3595 2072 προϐλήτωρ
3634 2002 3728 2055 τοῦ
3758 2003 4022 2072 Πνεῦμα-

2429 2110 2540 2156 τος.
2580 2095 2690 2146 Καὶ
2737 2093 2845 2160 γὰρ
2908 2094 3031 2146 οὑδὲ
3094 2094 3187 2145 ἐπὶ
3230 2094 3327 2163 τῆς
3364 2094 3551 2161 κοινῆς
3587 2093 3742 2162 δόξης
3770 2095 3930 2163 ἡμῶν
3956 2112 4024 2148 τε

2433 2185 2528 2235 καὶ
2564 2183 2720 2251 ὑμῶν
2784 2184 3042 2246 σύνθετος
3065 2185 3091 2235 ὁ
3120 2183 3248 2246 Υίὸς
3281 2184 3378 2237 καὶ
3403 2184 3463 2236 τὸ
3504 2183 3731 2251 Πνεῦμα
3756 2185 3837 2237 ὅτι
3874 2186 4027 2253 μετὰ

2426 2277 2527 2346 τῆς
2564 2279 2754 2340 οὐσίας
2780 2278 3040 2348 ἑκάτερον
3073 2277 3187 2348 ἔχει
3234 2278 3299 2330 τὺ
3331 2278 3429 2346 τῆς
3477 2278 3831 2339 ὑποστάσεως
3865 2277 4023 2341 ἴδιον,

2425 2371 2453 2421 ὀ
2483 2370 2579 2438 μὲν
2605 2370 2665 2422 τὸ
2685 2371 2944 2440 γεννητὸν
2971 2372 3154 2439 μόνον,
3201 2370 3265 2422 τὸ
3299 2369 3357 2422 δι
3386 2371 3447 2423 τὸ
3470 2371 3803 2441 ἐκπορευτὺν
3832 2372 3897 2421 ἐκ
3926 2370 4025 2421 τοῦ

2427 2461 2659 2529 Πατρός.
2692 2460 2753 2511 Εἰ
2781 2461 2888 2529 γὰρ
2920 2459 3173 2521 σύνθετος
3224 2463 3428 2530 ἑκάστη
3457 2462 3755 2523 ὑπόστασις
3783 2462 3896 2531 (16)
3930 2464 4027 2515 διὰ

2424 2553 2522 2614 τὰς
2546 2553 2746 2621 ἑαυτῆς
2780 2554 3077 2620 ἰδιότητας,
3120 2555 3212 2605 καὶ
3240 2555 3273 2622 ὴ
3305 2554 3469 2607 οὐσία
3500 2553 3565 2606 ἂν
3595 2556 3681 2623 εἴη
3712 2554 3820 2607 τῶν
3846 2555 4025 2623 τριῶν

2426 2645 2779 2698 ὑποστάσεων
2798 2646 3059 2707 σύνθετος
3088 2647 3178 2698 διὰ
3206 2646 3271 2696 τά
3326 2646 3458 2715 περὶ
3495 2646 3667 2716 αὑτὴν
3698 2648 3856 2699 κοινά
3897 2647 4015 2698 τῶν

2425 2738 2594 2807 τριῶν
2622 2737 2909 2806 ἰδιώματα,
2941 2739 3003 2791 τὸ
3029 2739 3235 2805 ἀγαθὸν
3267 2738 3436 2807 φημὶ,
3476 2740 3537 2791 τὸ
3562 2740 3745 2809 σοφὸν,
3763 2739 3823 2792 τὸ
3851 2741 4021 2793 δυνα-

2424 2828 2538 2891 τὸν,
2590 2829 2651 2880 τὸ
2680 2830 2992 2899 ποιητικὸν,
3027 2830 3090 2882 τὸ
3121 2831 3550 2898 παντουργικὸν,
3586 2833 3649 2885 τὸ
3676 2833 4019 2902 δημιουργιο

2425 2922 2543 2982 κον,
2570 2921 2629 2973 τὸ
2663 2923 3038 2990 προνοητικδν,
3067 2924 3128 2975 τὸ
3189 2924 3533 2988 συνεκτικὸν,
3566 2925 3628 2977 τὸ
3662 2926 4020 2996 περιεκτικὸν

2424 3018 2521 3069 καὶ
2544 3017 2943 3087 περιληπτικυν
2968 3019 3209 3081 πάντων,
3240 3020 3302 3071 τὸ
3331 3020 3613 3084 ἄκτιστον,
3655 3020 3717 3070 τὸ
3751 3020 4015 3091 ἄναρχον,

2425 3109 2485 3160 τὸ
2518 3108 2808 3170 ἀθάνατον,
2837 3110 2899 3161 τὸ
2920 3109 3300 3180 ἀτελεύτητον,
3334 3110 3397 3164 τὸ
3422 3113 3671 3182 ἄπειρον,
3696 3113 3757 3165 τὸ
3772 3113 4018 3177 αἰώνιον,

2425 3200 2484 3252 τὸ
2512 3200 2741 3269 ἄχρονον
2765 3242 2778 3265 ,
2813 3202 2872 3253 τὸ
2907 3203 3267 3274 ὑπέρχρονον,
3323 3204 3419 3257 καὶ⁵
3467 3205 3568 3257 ὅσα
3629 3205 3765 3260 ἄλλα
3789 3207 4025 3262 τοιαῦτα.

2426 3290 2536 3342 εἴτε
2571 3293 2715 3344 κατά
2776 3293 2927 3346 θέσιν
2958 3294 3072 3347 εἴτε
3104 3295 3245 3347 κατὰ
3299 3296 3616 3364 ἀφαίρεσιν,
3645 3299 3757 3351 εἶτε
3786 3300 3907 3351 κατ’
3934 3303 4025 3352 αἰ-

2423 3383 2566 3447 τίαν,
2594 3384 2709 3435 είτε
2735 3386 2858 3437 καθ’
2886 3386 3164 3457 ὑπεροχὴν
3203 3388 3299 3439 καὶ
3331 3386 3638 3459 ὑπέρϐασιν
3665 3389 3888 3458 λέγεται
3917 3395 4020 3447 ἐπὶ

2423 3475 2520 3528 τοῦ
2556 3475 2713 3529 Θεοῦ.
2757 3477 2895 3530 Ἀλλ’
2943 3478 3045 3531 οὑκ
3111 3480 3272 3533 οὑσία
3332 3482 3529 3546 ταῦτα,
3576 3480 3714 3534 ἀλλὰ
3746 3482 3879 3553 περὶ
3914 3485 4020 3555 τὴν

2422 3568 2614 3620 οὑσίαν
2668 3567 3044 3639 θεωρούμενα,
3087 3570 3135 3621 εἰ
3193 3571 3290 3623 καὶ
3322 3571 3560 3640 οὑσιώδη
3594 3589 3711 3634 πως
3761 3575 4019 3630 καλεῖται

2424 3657 2519 3707 καὶ
2547 3656 2773 3723 φυσικὰ,
2824 3656 2949 3709 οὑδὲ
3015 3658 3153 3727 μέρη
3186 3659 3284 3727 τῆς
3317 3660 3513 3720 οὑσίας
3537 3676 3551 3694 ο
3592 3663 3625 3731 ή
3679 3662 3877 3732 θεότης
3899 3667 4019 3737 γάρ

2422 3747 2638 3816 ἀμερής
2672 3763 2688 3777 ο
2732 3746 2876 3801 οὕτω
2905 3748 3003 3800 καὶ
3038 3748 3116 3819 τῷ
3148 3752 3285 3819 τιυρὶ
3328 3753 3594 3821 πρόσεστι
3633 3753 3694 3805 τὸ
3724 3753 3929 3822 κοῦφόν
3956 3775 4021 3812 τε

2424 3840 2518 3892 καὶ
2541 3841 2842 3910 ἀνωφερὲς,
2869 3844 2966 3896 καὶ
2993 3843 3052 3895 τὸ
3083 3843 3414 3910 φωτιστικδν
3454 3846 3552 3897 καὶ
3600 3846 3661 3898 τὺ
3688 3851 4016 3909 καυστικὸν,

2422 3930 2686 3999 δυνάμεις
2732 3930 3002 3999 διάφοροι,
3056 3932 3173 3986 ἀλλ’
3204 3934 3264 3985 οὑ
3322 3933 3579 3988 σύνθετον
3629 3936 3720 3990 διὰ
3767 3938 3929 3993 τοῦτο
3956 3943 4023 3993 τὸ

2424 4021 2559 4092 πῦρ,
2621 4023 2758 4077 ἀλλὰ
2813 4024 3043 4089 ἁπλοῦν,
3101 4026 3226 4078 ὅσον
3288 4027 3346 4079 ἐν
3405 4028 3627 4097 σώμασι
3675 4034 3929 4098 φυσικοῖς
3955 4049 4021 4085 τε

2422 4116 2516 4167 καὶ
2550 4115 2918 4185 στοιχειώδεσι
2972 4120 3114 4171 κατὰ
3160 4120 3221 4171 τὸ
3245 4119 3496 4190 ἔσχατον,
3533 4116 3605 4174 ἵν’
3651 4121 3825 4185 οὑτως
3867 4124 4017 4178 εἴπω

2422 4208 2701 4279 ἁπήχημα
2734 4212 2834 4279 τῆς
2880 4210 3207 4282 ἁπλότητος.
3243 4213 3441 4267 Καίτοι
3494 4212 3736 4268 ἐνταῦθα
3767 4214 4012 4285 οὑσιώδη

2421 4301 2597 4354 ταῦτὰ
2623 4306 2738 4355 ἐστι
2769 4303 2847 4374 τῷ
2878 4306 3034 4375 πυρὶ,
3071 4306 3188 4357 ἐκεῖ
3226 4305 3283 4358 δὲ
3309 4308 3379 4360 τὰ
3410 4308 3512 4377 μὲν
3542 4310 3673 4377 περὶ
3697 4308 3798 4379 τὴν
3820 4310 4018 4363 οὐσίαν

2420 4397 2539 4447 ἐστὶ
2566 4396 2917 4467 θεωρούμενα
2941 4398 3078 4469 (l7),
3105 4399 3173 4451 τὰ
3195 4399 3251 4451 δὲ
3280 4401 3409 4467 περὶ
3439 4400 3677 4471 ἑκάστην
3708 4402 4015 4454 ὑπόστασιν

2419 4483 2650 4536 ἕκασται
2690 4483 2772 4536 διὸ
2833 4486 3016 4555 πολλῷ
3049 4486 3208 4537 πλέον
3251 4488 3311 4538 οὐ
3342 4487 3666 4554 λυμανεῖται
3702 4488 3765 4540 τὺ
3797 4489 4013 4541 ἁπλοῦν

740 4596 930 4635 verum
985 4591 1273 4649 propterea
1322 4579 1465 4649 ignis
1518 4596 1627 4634 non
1677 4588 1759 4633 est
1807 4582 2182 4650 compositus,
2222 4583 2316 4637 sed
2351 4567 2433 4627 nt

2351 4567 2548 4628 Βοὺτε
2609 4577 2706 4645 τῆς
2758 4577 2951 4640 οὐσίας
3007 4577 3133 4631 οὔτε
3198 4579 3439 4649 ἑκάστης
3472 4579 3582 4633 τῶν
3626 4580 4011 4637 ὑποστάσεων.

739 4673 994 4742 simplex,
1027 4673 1081 4725 in
1111 4681 1379 4741 quantum
1420 4672 1476 4725 in
1509 4673 1842 4741 corporibus
1886 4674 2231 4729 naturalibus
2266 4686 2322 4730 et

739 4761 1175 4817 clementaribus
1200 4761 1501 4815 secundum
1537 4770 1864 4821 extremam,
1900 4768 1958 4814 ut
2004 4763 2076 4814 ita
2116 4761 2318 4826 dicam,

736 4854 1106 4910 rcsonautiam
1122 4853 1445 4920 simplicitas
1468 4868 1590 4907 esse
1608 4862 1807 4920 potest.
1833 4853 2087 4906 Attamen
2110 4854 2198 4908 hic
2226 4870 2325 4907 na-

741 4949 937 5003 turalia
965 4958 1020 5001 ct
1049 4947 1361 5000 essentialia
1407 4946 1509 5000 ista
1559 4956 1688 4999 sunt
1732 4945 1861 5014 igni.
1912 4945 1985 4999 ibi
2042 4961 2175 4999 vero
2230 4947 2322 5000 illa

733 5039 1186 5093 circaessentiam
1206 5038 1645 5101 considerantur,
1668 5039 1782 5090 haec
1806 5052 1934 5091 vero
1956 5052 2105 5091 ctma
2134 5054 2325 5091 unam-

739 5144 1013 5199 quamque
1055 5144 1348 5198 personam
1392 5129 1725 5197 singularia;
1761 5129 1966 5182 idcirco
1997 5130 2170 5182 multo
2202 5145 2318 5182 ma-

739 5225 817 5287 gis
855 5222 1180 5291 simplicitas
1197 5232 1311 5274 tum
1328 5222 1586 5275 essentia:
1610 5232 1723 5275 tum
1748 5221 2039 5291 cujuslibet
2067 5238 2317 5290 persona:

744 5315 951 5368 nullum
992 5315 1234 5384 patietur
1260 5314 1674 5368 detrimentum.
1709 5313 1815 5367 Sed
1846 5329 2024 5382 neque
2059 5315 2111 5365 in
2139 5315 2319 5366 omni-

740 5410 865 5470 bus,
905 5408 957 5459 in
993 5406 1197 5474 quibus
1221 5407 1454 5460 varietas
1493 5405 1743 5475 quaedam
1777 5416 1831 5460 ct
1861 5406 2144 5458 distinctio
2188 5420 2319 5458 con-

744 5498 1044 5558 sideratur.
1077 5499 1261 5552 Statim
1309 5509 1365 5552 et
1398 5498 1728 5566 compositio
1779 5497 2084 5553 inducitur.
2123 5496 2318 5551 Omnis

746 5590 889 5645 enim
921 5592 1165 5643 essentia
1201 5592 1369 5645 habet
1407 5599 1464 5643 et
1502 5592 1763 5644 virtutem
1813 5599 1871 5643 et
1911 5589 2316 5657 operationem,

740 5682 868 5737 licet
907 5690 960 5735 et
987 5681 1219 5750 simplex
1246 5683 1338 5747 sit,
1370 5698 1549 5753 neque
1590 5682 1794 5737 ideirco
1834 5682 2195 5751 compositam
2234 5677 2320 5731 di-

811 5802 1080 5857 th‘tCocl.
1119 5802 1241 5856 Vat.
1275 5804 1396 5866 [1.5.
1427 5806 1478 5865 6,
1525 5804 1811 5867 mendose,
1856 5801 2132 5864 ὑπόθεσις.

2429 4666 2569 4719 Ἀλλ’
2598 4666 2719 4718 οὐδὲ
2778 4667 2874 4719 ἐπὶ
2939 4670 3157 4722 πάντων
3211 4674 3269 4723 ἐν
3299 4666 3385 4733 οἷς
3431 4670 3719 4740 θεωρεῖται
3749 4673 4008 4724 ποικιλία

2420 4774 2506 4818 τις
2560 4758 2654 4808 καὶ
2680 4758 2985 4827 διάκρισις,
3042 4761 3141 4830 ἤδη
3172 4762 3266 4811 ut
3296 4761 3549 4823 σύνθεσις
3579 4762 4008 4830 παρεισάγεται.

2422 4850 2579 4901 Πᾶσα
2610 4849 2720 4917 γὰρ
2751 4849 2909 4903 οὐσία
2932 4850 3159 4919 ἔχεικαὶ
3184 4852 3416 4921 δύναμιν
3447 4852 3541 4904 καὶ
3567 4853 3875 4922 ἐνέργειαν,
3906 4854 4013 4905 κᾶν

2423 4940 2569 5007 ἁπλῆ
2627 4958 2715 5002 τις
2766 4942 2878 5010 εἴη,
2942 4944 3036 4995 καὶ
3085 4946 3143 4995 οὑ
3183 4944 3270 4996 διὰ
3290 4944 3449 4996 τοῦτο
3482 4943 3741 4996 σύνθετον
3772 4943 4012 5012 ἐροῦμεν

2424 5032 2643 5090 πάντως
2702 5035 2796 5085 καὶ
2841 5036 2939 5101 τὴν
2986 5036 3182 5103 ἁπλῆν.
3232 5037 3466 5105 Ἀνάγκη
3527 5036 3699 5106 γὰρῆ
3745 5037 4013 5090 σύνθετον

2425 5119 2566 5175 εἶναι
2597 5127 2691 5176 καὶ
2746 5126 2845 5194 τὴν
2910 5127 3114 5195 ἁπλῆν,
3148 5128 3243 5180 καὶ
3276 5128 3507 5197 οὐδεμία
3563 5127 3721 5180 ἔσται
3752 5128 3932 5195 ἁπλῆ,
3970 5130 4007 5198 ἢ

2422 5216 2520 5284 τὴν
2554 5216 2731 5283 ἁπλῆν
2765 5212 2903 5268 εἶναι
2934 5222 3103 5287 χωρὶς
3158 5220 3439 5287 ἐνεργείας
3465 5235 3523 5271 τε
3554 5220 3650 5272 καὶ
3694 5218 4010 5287 δυνάμεως,

2410 5304 2551 5373 ὅπερ
2604 5305 2797 5373 ψεῦδός
2826 5311 2977 5358 ἐστιν
3004 5310 3256 5378 ἐναργῶς
3279 5325 3295 5340 ο
3330 5308 3455 5361 οὕτε
3486 5310 3599 5378 γάρ
3632 5308 3886 5377 ἐνέργεια
3908 5312 4011 5379 τῆς

2415 5397 2701 5467 δυνάμεως
2732 5403 2925 5469 χωρὶς,
2956 5400 3015 5464 ἐξ
3044 5398 3112 5473 ἧς
3146 5403 3414 5471 πρόεισιν,
3448 5400 3573 5454 οὔτε
3606 5401 3838 5472 δύναμις
3873 5402 4007 5472 δίχα

2418 5488 2515 5555 τῆς
2552 5491 2767 5554 οὐσίας,
2798 5493 2913 5545 ἀλλ’
2950 5494 3071 5545 οὑδὲ
3098 5494 3258 5545 οὐσία
3289 5493 3460 5562 χωρὶς
3487 5492 3587 5561 τῆς
3620 5490 3716 5544 τοῦ
3756 5493 4010 5561 ἐνεργεῖν

2418 5581 2728 5651 δυνάμεως.
2783 5585 2846 5637 ΕΞ
2894 5586 2949 5637 δὲ
2978 5587 3152 5638 ταῦτα
3207 5585 3470 5648 ἀδύνατα,
3520 5584 3613 5637 καί
3664 5584 3782 5635 ἐστι
3842 5587 3937 5636 καὶ
3972 5584 4009 5653 ή

2422 5675 2771 5749 ἁπλουστάτη
2830 5679 3015 5743 ἁπλῶς
3068 5679 3226 5733 οὐσία
3264 5678 3403 5749 μετά
3457 5678 3557 5747 τῆς
3580 5675 3807 5746 ἐνούσης
3843 5675 4013 5730 δυνά-

810 5874 924 5941 (ιῖ)
972 5872 1103 5928 Vide
1133 5876 1292 5944 (λι-(ιε.
1330 5876 1461 5929 Nat.
1500 5887 1635 5929 orat.
1672 5876 1774 5937 3‘2,
1816 5892 1865 5940 ιι.
1913 5873 2035 5937 Siti,
2073 5875 2161 5930 ed.
2191 5876 2308 5930 Bill.
2357 5878 2503 5939 (nunt

1142 5876 1292 5944 [ιι-(ιε.
1330 5876 1461 5929 Nux.
1500 5887 1635 5929 orat.
1672 5876 1774 5937 3‘2,
1816 5892 1865 5940 ιι.
1913 5873 2035 5937 519,
2073 5875 2161 5930 ed.
2191 5876 2308 5930 Bill.
2357 5878 2523 5939 (nunc
2546 5885 2685 5931 orat.
2725 5874 2835 5934 42).
