4288 6364
784 412 887 479 105

1988 406 2286 467 ΝΙΕΕΤίΕ
2323 406 2798 468 MARONIENSI
2810 406 2850 465 S

3962 413 4069 475 196

785 527 972 581 dinem
1010 523 1241 579 liaoens.
1290 519 1471 587 Quare
1512 518 1620 574 alia
1651 515 1888 572 dicenda
1940 516 2110 571 fuerit
2166 518 2368 587 prima,
2401 525 2478 582 At

2401 525 2449 582 Α
2475 516 2636 571 οὐσία
2684 519 2718 587 ἠ
2768 517 3011 585 ἁπλότης
3044 518 3154 580 τοῖς
3190 516 3405 583 ἁπλοῖς,
3437 517 3522 570 ὄτι
3562 519 3697 589 μηδὲ
3732 523 3843 583 τοῖς
3874 525 4071 578 συνθέ-

788 615 895 670 alia
958 614 1158 677 media,
1220 611 1327 664 alia
1379 620 1657 677 extrema;
1708 622 1903 661 verum
1960 608 2107 662 circa
2152 607 2362 661 nullam

786 723 979 760 earum
1040 703 1373 771 compositio
1430 718 1554 756 esse
1602 700 1831 756 dicitur.
1885 700 1942 755 Si
1994 701 2141 755 enim
2186 716 2252 753 ex
2304 700 2373 753 iis

785 814 910 868 qum
946 804 1087 850 circa
1131 796 1428 850 essentiam
1479 803 1803 863 spectantur
1853 792 2180 862 compositio
2224 791 2373 862 judi-

790 901 968 952 Cztlur,
1006 890 1175 941 etiam
1206 886 1438 955 simplex
1469 885 1747 939 intellecta
1787 884 2102 937 substantia
2150 894 2205 938 et
2253 884 2375 939 sine

789 981 1138 1048 operatione,
1167 994 1289 1048 qua:
1320 976 1627 1031 secundum
1663 978 1834 1043 ipsam
1873 984 1983 1038 est,
2025 986 2081 1029 et
2112 977 2233 1031 sine
2275 992 2376 1046 po—

787 1072 962 1124 tentia
1005 1072 1056 1123 ei
1113 1070 1299 1131 insita,
1343 1068 1493 1137 quod
1528 1076 1638 1131 est,
1688 1076 1985 1135 appareret
2036 1066 2370 1135 composita,

785 1163 915 1231 quia
935 1172 992 1216 et
1012 1160 1252 1215 essentia
1280 1170 1337 1214 et
1359 1160 1594 1229 simplex
1614 1167 1720 1212 est.
1746 1158 1949 1211 Verum
1980 1173 2091 1211 non
2114 1166 2200 1212 est
2226 1174 2374 1211 com-

2472 627 2588 671 τοις
2620 611 2653 679 ἡ
2698 609 2971 671 σύνθεσις,
3006 609 3145 662 ἀλλὰ
3173 609 3306 681 περ)⁵
3349 612 3449 680 τὴν
3484 611 3694 666 οὐσίαν.
3732 614 3812 667 Τὰ
3843 614 3897 666 δὲ
3936 620 4070 685 περὶ

2474 700 2574 771 τὴν
2602 701 2812 764 οὐσίαν,
2835 701 2938 753 κᾶν
2975 701 3095 762 ἐνὸς
3122 702 3207 772 εἴη
3237 702 3429 768 πλείω,
3458 703 3559 773 τὴν
3588 704 3776 757 οὐσίαν
3804 706 4073 761 σύνθετον

2476 790 2537 841 οὺ
2577 790 2760 841 ποιεῖ·
2797 788 2961 854 ὥστε,
3001 789 3105 842 κᾶν
3142 791 3289 861 ἁπλῆ
3334 795 3363 862 ἡ
3409 794 3763 862 ὲκπόρευσις,
3816 795 3919 848 κᾶν
3968 797 4075 865 οὐχ

2476 881 2647 950 ἁπλῆ.
2684 882 2746 933 τὸ
2784 882 3008 950 Πνεῦμα
3053 883 3262 935 ἁπλοῦν
3292 887 3388 937 καὶ
3439 886 3501 937 οὐ
3561 887 3821 939 σύνθετον
3860 889 3921 940 τὸ
3973 891 4075 941 ἐκ-

2475 976 2738 1042 πόρευτον
2770 988 2784 1000 '
2833 975 2934 1026 οὐκ
2963 973 3123 1025 οὐσία.
3173 976 3306 1045 γὰρ,
3359 976 3495 1050 ἀλλὰ
3536 979 3666 1046 περὶ
3719 978 3819 1049 τὴν
3873 980 4074 1031 οὐσίαν

2476 1065 2627 1117 ἐστὶν
2657 1067 2690 1135 ἡ
2722 1066 3054 1137 ὲκπόρευσις
3085 1067 3186 1137 τῆς
3218 1068 3576 1132 ὑποστάσεως
3611 1069 3745 1123 ἴδιον
3783 1071 4078 1142 χαρακτή-

2483 1173 2677 1226 ρισμα.

786 1254 1000 1324 posita;
1027 1268 1210 1321 neque
1239 1252 1385 1307 enim
1410 1250 1758 1318 simplicibus
1783 1247 2106 1315 simplicitas
2132 1248 2373 1302 essentia
2405 1256 2512 1311 est,
2584 1251 2711 1317 quia
2780 1263 2963 1318 neque
2995 1250 3317 1319 compositis
3367 1254 3721 1323 compositio,
3771 1256 3867 1311 sed
3914 1259 4076 1312 circa

783 1348 1119 1410 essentiam;
1174 1360 1294 1413 quae
1339 1358 1471 1397 vero
1506 1342 1653 1395 circa
1700 1340 2000 1393 essentiam
2054 1350 2204 1395 sunt.
2240 1340 2371 1395 licet
2413 1340 2575 1395 unius
2597 1343 2709 1396 sint
2772 1344 2950 1411 plura.
3016 1345 3316 1397 essentiam
3352 1344 3676 1415 neutiquam
3704 1353 4074 1422 compositam

788 1441 1045 1495 reddunt.
1075 1435 1451 1501 Quamobrem
1502 1434 1618 1487 sive
1666 1432 1900 1501 simplex
1940 1440 2029 1486 est
2086 1433 2370 1500 processio
2407 1434 2524 1487 sive
2585 1450 2693 1488 non
2775 1436 3029 1505 simplex,
3054 1437 3296 1505 Spiritus
3323 1447 3412 1501 est
3436 1439 3668 1507 simplex
3698 1455 3755 1496 et
3784 1459 3893 1497 non
3916 1453 4078 1499 com'

788 1537 1027 1608 positum
1063 1534 1115 1588 id
1155 1532 1303 1603 quod
1336 1531 1586 1599 procedit
1617 1528 1981 1599 (procedendi
2010 1530 2367 1598 proprietas),
2413 1545 2594 1598 neque
2673 1530 2822 1585 enim
2877 1531 3219 1601 procedendi
3270 1534 3586 1602 proprietas
3667 1539 3912 1593 essentia
3959 1550 4073 1604 est,

785 1630 884 1684 sed
934 1630 1081 1682 circa
1142 1624 1447 1679 essentiam
1502 1620 1820 1691 processio,
1875 1622 2137 1689 proprius
2191 1620 2553 1690 hypostaseos
2581 1623 2894 1677 character.

860 1722 910 1774 7.
939 1720 1053 1775 GR.
1089 1716 1295 1771 Deinde
1314 1714 1385 1784 (ο)
1410 1713 1455 1767 si
1474 1714 1614 1767 dicis
1637 1712 1939 1782 procedere
1964 1711 2235 1781 Spiritum
2256 1710 2378 1779 qui-
2415 1718 2459 1775 Β

2415 1718 2459 1775 Β
2560 1712 2635 1767 Ζ’.
2670 1714 2774 1768 ΓΡ.
2802 1709 2934 1766 Εἶτα
2974 1714 3091 1784 (25)
3122 1715 3169 1766 ει
3207 1717 3311 1786 φῂς
3344 1717 3744 1788 ἐκπορεύεσθαι
3783 1723 3884 1790 μὲν
3938 1724 4076 1777 αὐτὸ

786 1815 913 1868 dem
958 1827 1025 1865 ex
1072 1810 1257 1871 Patre,
1291 1807 1596 1876 procedere
1625 1820 1758 1859 vero
1788 1805 1957 1859 etiam
2006 1819 2073 1857 ex
2122 1801 2285 1865 Filio,
2318 1812 2377 1856 et

786 1904 1021 1977 proinde
1058 1900 1475 1972 processionem
1504 1900 1736 1951 alteram
1762 1913 1829 1951 ex
1858 1898 2019 1949 Patre
2057 1910 2200 1959 esse,
2231 1896 2374 1948 alte-

787 2012 1065 2054 ramvero
1100 2010 1170 2049 ex
1215 1994 1378 2056 Filio,
1417 1990 1696 2060 quomodo
1745 2004 1856 2042 non
1894 1984 2215 2057 imperfecta
2263 1987 2373 2040 erit

788 2100 1046 2159 utraque,
1076 2087 1161 2141 vel
1205 2086 1376 2139 altera
1423 2081 1675 2135 inutilis?
1708 2080 1803 2135 Vel
1827 2080 1977 2135 enim
2012 2078 2253 2148 perfecta
2280 2086 2373 2131 est

792 2180 1074 2251 processio
1100 2194 1166 2232 ex
1196 2177 1384 2240 Patre,
1416 2182 1549 2227 tunc
1582 2171 1797 2226 inutilis
1821 2187 1887 2225 ea
1920 2185 2044 2239 qua:
2077 2186 2147 2223 ex
2195 2168 2369 2233 Filio;

791 2277 877 2333 vel
916 2276 1160 2345 perfecta
1215 2269 1501 2342 processio
1555 2283 1622 2320 ex
1668 2265 1832 2326 Filio,
1881 2275 2012 2318 tunc
2056 2263 2269 2316 inutilis
2308 2278 2375 2316 ea

788 2384 911 2438 qua:
933 2383 1004 2420 ex
1049 2366 1233 2419 Patre.
1278 2362 1336 2417 Si
1367 2361 1518 2416 enim
1564 2374 1698 2421 una,
1753 2370 2101 2426 quaecunque
2152 2355 2373 2408 tandem

790 2480 859 2517 ex
888 2474 1148 2528 utraque,
1183 2457 1428 2527 perlecta
1469 2463 1574 2517 est,
1613 2468 1735 2522 qua:
1764 2449 1996 2503 alterius
2036 2446 2376 2503 necessitas?

793 2555 887 2610 Vel
916 2562 1149 2620 utraque
1174 2552 1284 2604 erit
1307 2548 1630 2616 imperfecta
1652 2544 1700 2599 si
1730 2544 1851 2598 sine
1876 2542 2049 2596 altera
2069 2550 2373 2610 spectatur.

790 2646 1000 2702 Verqu
1029 2646 1110 2698 sic
1141 2642 1286 2695 foret
1316 2650 1374 2694 et
1422 2640 1586 2692 Pater
1630 2635 1937 2691 secundum
1963 2632 2206 2703 seipsum
2240 2647 2377 2685 con‘

791 2738 1065 2793 sideratus
1158 2732 1535 2802 imperfectus.
1622 2730 1691 2782 At
1779 2728 2066 2782 enimvero
2146 2735 2377 2793 utraque

792 2845 1025 2900 persona
1049 2826 1289 2896 perlecta
1312 2832 1368 2877 et
1390 2821 1693 2891 perfectam
1713 2820 2093 2889 operationem
2115 2815 2374 2879 reddens,

792 2934 907 2976 tum
943 2936 1040 2987 per
1062 2934 1121 2973 se
1153 2926 1211 2971 et
1238 2917 1294 2969 in
1326 2931 1384 2969 se
1415 2924 1531 2967 tum
1558 2928 1683 2965 cum
1715 2908 2175 2966 consubstantiali
2209 2908 2377 2960 altera

792 3014 1167 3069 considerata.
1207 3009 1264 3063 Si
1298 3023 1429 3060 vero
1458 3007 1632 3059 altera
1661 3016 1745 3058 est
1769 3005 2038 3073 pet-lecta,
2076 3002 2250 3056 altera
2281 3003 2380 3052 im-

792 3107 1069 3179 perfecta,
1104 3111 1283 3156 utram
1314 3100 1530 3153 diceres
1562 3099 1887 3164 perlectam,
1940 3106 2120 3149 utram
2164 3095 2373 3161 itnper—
2407 3069 2449 3123 θ

793 3196 1036 3253 lectam?
1074 3194 1259 3248 Primo
1289 3207 1396 3244 una
1426 3190 1520 3243 illa
1549 3203 1783 3258 persona
1813 3189 2137 3257 imperfeCIa
2169 3195 2274 3248 est,
2310 3200 2378 3237 ex

793 3306 903 3359 qua
953 3287 1237 3358 processio
1289 3281 1616 3351 imperfecta
1650 3297 1664 3344 ;
1695 3279 1895 3332 deinde
1944 3277 2220 3347 quomodo
2252 3291 2381 3345 pcr-

793 3381 937 3435 i'ecta
965 3379 1174 3447 indiget
1202 3374 1524 3445 imperfecta
1545 3372 1567 3423 ?
1588 3371 1643 3425 Si
1669 3386 1800 3424 vero
1823 3370 2053 3438 simplex
2078 3369 2381 3437 processio,

792 3483 851 3527 ct
884 3471 1127 3541 perfecta
1158 3477 1337 3522 estex
1372 3468 1551 3527 Patre,
1595 3480 1696 3517 cur
1727 3474 1783 3516 ct
1822 3477 1892 3514 ex
1935 3460 2115 3514 Filio?
2159 3459 2214 3512 Si
2250 3472 2383 3511 vero

799 3569 1041 3635 perlecta
1082 3579 1149 3617 ex
1180 3562 1341 3624 Filio,
1378 3575 1477 3613 cur
1510 3557 1673 3611 etiam
1706 3571 1773 3609 ex
1799 3553 1997 3608 Patre?
2035 3550 2385 3621 Superﬂuunt

794 3650 943 3709 enim
992 3666 1049 3709 et
1093 3669 1297 3707 vanum
1347 3652 1428 3705 sic
1463 3650 1705 3710 videtur,
1753 3646 2019 3715 Spiritum
2058 3658 2281 3712 quoque
2319 3656 2385 3694 ex

797 3749 973 3801 altero
1007 3746 1328 3811 procedere.

868 3840 1025 3894 LAT.
1064 3837 1171 3891 Sed
1215 3834 1464 3888 fortassis
1488 3848 1597 3886 non
1633 3830 1799 3884 aliam
1829 3838 1887 3883 et
1916 3828 2079 3882 aliam
2106 3840 2229 3880 esse
2258 3823 2387 3893 quis

801 3936 877 3986 ait
926 3929 1335 4000 processionem
1364 3968 1379 3991 ,
1419 3926 1646 3978 alteram
1699 3938 1766 3975 ex
1826 3920 2008 3983 Patre,
2057 3920 2284 3971 alteram
2321 3931 2389 3969 ex

802 4024 964 4085 Filio,
993 4020 1090 4075 scd
1131 4035 1294 4072 unam
1325 4027 1381 4071 et
1413 4016 1667 4070 eamdem
1700 4022 1757 4067 ct
1787 4010 2098 4089 simplicem
2124 4026 2191 4063 ex
2223 4009 2387 4062 Patre

801 4124 966 4184 atque
1000 4129 1070 4167 ex
1094 4113 1253 4173 Filio,
1287 4121 1547 4177 tanquam
1576 4109 1735 4161 Patre
1770 4122 1868 4174 per
1918 4103 2160 4158 medium
2186 4100 2386 4155 Filium

803 4208 1045 4275 spirante
1069 4205 1357 4273 Spiritum.
1383 4202 1644 4269 Ex_Patre
1666 4201 1814 4253 enim
1841 4198 2033 4261 Filius,
2062 4204 2117 4248 et
2141 4211 2209 4248 ex
2248 4193 2391 4247 Filio

805 4298 1065 4367 Spiritus,
1096 4299 1331 4363 iocoque
1379 4305 1434 4348 et
1467 4310 1531 4347 ex
1587 4293 1774 4347 Patre.
1816 4292 1890 4344 ita
1921 4298 1984 4342 ut
2033 4288 2225 4342 eadem
2264 4300 2393 4355 pro-

806 4389 988 4443 cessio
1047 4387 1363 4441 immediate
1417 4384 1644 4453 quidem
1700 4383 1771 4435 sit
1817 4398 1882 4434 ex
1935 4380 2109 4441 Filio,
2154 4378 2391 4433 rnediatc
2428 4416 2466 4469 υ

804 4496 940 4533 vero
991 4496 1057 4533 ex
1118 4479 1313 4541 Patre;
1364 4478 1593 4529 mediute
1622 4476 1698 4543 (ρ)
1737 4489 1866 4527 vero
1894 4472 2046 4534 dico,
2083 4487 2193 4524 non
2225 4469 2385 4538 quasi

805 4583 1023 4642 tempus
1064 4572 1341 4641 quoddam
1406 4571 1479 4623 sit
1533 4566 1923 4621 intermedium
1981 4566 2186 4633 (neque
2242 4562 2389 4615 enim

806 4668 968 4722 Pater
996 4669 1147 4737 prius
1176 4674 1401 4737 generat
1431 4665 1652 4726 Filium,
1685 4671 1874 4732 postea
1905 4676 2037 4714 vero
2065 4676 2163 4728 per
2192 4657 2389 4711 Filiqu

807 4760 1072 4831 Spiritum
1106 4759 1354 4823 emittit),
1380 4772 1571 4809 verum
1596 4756 1723 4823 quia
1753 4753 1950 4808 Filium
1977 4767 2247 4823 generans
2267 4749 2394 4817 Spi-

878 4945 988 5013 (25)
1015 4944 1153 4997 Nota
1184 4957 1334 5008 mari:
1358 4957 1383 5013 7:
1410 4940 1645 5013 ῘΈτερον
1666 4938 1869 5013 ἄτοπον
1896 4948 1909 4963 ⁶
1934 4936 2019 5013 ὅτε
2046 4936 2121 5013 ἐκ
2147 4932 2243 5013 ἐοῦ
2278 4935 2393 4985 Πα-

805 5004 934 5083 τρδς
965 5004 1058 5065 ω
1098 5018 1161 5065 ὲκ
1184 5004 1433 5083 τοῦγΥΞοῦ
1463 5004 1902 5078 ἐκπορευομένου
1929 5005 2023 5057 τοῦ
2045 5004 2385 5072 Πνεῦματος,

810 5076 853 5156 if
873 5086 1070 5153 assii);
1101 5086 1135 5153 ἡ
1165 5082 1490 5151 ὲκπόρευσις
1520 5076 1760 5147 ἑκατέρα
1796 5078 1828 5147 ἢ
1865 5077 2098 5146 περιττὴ
2131 5078 2163 5145 ἡ
2194 5076 2377 5144 ὲτέρα²

880 5265 952 5329 (ο)
984 5261 1122 5315 Nota
1179 5258 1549 5330 marginalisi:
1602 5254 1763 5330 Aliud
1828 5252 2129 5330 absurdum
2165 5271 2177 5306 ε
2320 5265 2387 5303 ex

812 5322 969 5387 Patre
1022 5332 1267 5399 Filioque
1300 5322 1559 5400 procedit
1607 5327 1873 5400 Spiritus,
1927 5326 2015 5378 vel
2045 5322 2389 5400 imperfecta

807 5416 1045 5473 utraque
1079 5391 1363 5473 pro-cessio
1387 5399 1471 5451 vel
1503 5391 2011 5473 superﬂuahaltera.
2045 5394 2112 5445 Et
2133 5391 2254 5460 eius
2287 5391 2384 5444 ab-

809 5465 969 5526 stttdi
1008 5465 1284 5524 refutatio.
1327 5472 1440 5524 lloc.
1490 5465 1746 5537 quartum
1780 5465 1958 5537 Graeci
2003 5470 2384 5533 argumentum

809 5546 1109 5609 respondet
1135 5557 1197 5593 ex
1231 5553 1383 5609 parte
1429 5536 1630 5601 Pliotii,
1666 5536 1741 5609 De
1767 5536 1954 5604 Spirit.
1991 5542 2161 5609 sanet.
2188 5542 2389 5609 iitysttt-

808 5602 987 5681 gog'ia,
1037 5629 1163 5681 t-ap.
1208 5602 1260 5675 τ,
1304 5622 1357 5666 et
1408 5610 1618 5664 Μωιαί
1668 5602 2045 5681 lvletlionensis
2084 5605 2265 5681 capiti
2301 5602 2389 5678 ll,

808 5671 1142 5751 llll‘ltd.\'ld't:
1213 5671 1266 5736 iu
1332 5679 1789 5737 adnotationibus
1858 5675 1925 5730 ad
2005 5671 2166 5728 hunc
2210 5671 2392 5729 Pliotii

814 5757 1015 5807 locum.

886 5840 957 5893 ip)
994 5822 1113 5876 ihcc
1152 5840 1278 5879 sane
1314 5841 1420 5879 non
1448 5824 1582 5877 satis
1603 5829 1857 5877 accurate
1884 5817 2033 5873 dicta
2071 5824 2199 5870 sunt
2232 5824 2396 5882 atque

2477 1806 2542 1857 ἐκ
2595 1804 2690 1858 τοῦ
2741 1806 2977 1876 Πατρὸς,
3012 1805 3414 1877 ἐκπορεύεσθαι
3443 1808 3501 1861 δὲ
3542 1811 3635 1862 καὶ
3686 1812 3750 1864 ὲκ
3785 1813 3879 1866 τοῦ
3913 1815 4074 1876 Υὶοῦ.

2478 1898 2572 1948 καὶ
2597 1895 2686 1949 διὰ
2716 1898 2877 1949 τοῦτο
2901 1897 3001 1965 τὴν
3028 1898 3359 1968 ἔκπόρευσιν
3387 1899 3487 1970 τὴν
3521 1901 3620 1970 μὲν
3648 1904 3712 1956 ὲκ
3731 1905 3828 1956 τοῦ
3852 1906 4076 1977 Πατρὸς

2479 1986 2641 2054 εἶναι,
2671 1990 2773 2061 τὴν
2806 1989 2867 2042 δὲ
2898 1992 2962 2043 ὲκ
2994 1991 3090 2044 τοῦ
3130 1990 3285 2055 Υἱοῦ,
3313 1992 3431 2055 πῶς
3463 1994 3564 2046 οὐκ
3612 1994 3809 2065 ἀτελὴς
3858 2000 3890 2066 ἡ
3935 1998 4076 2050 ἑκα-

2477 2082 2637 2150 τέρα,
2678 2079 2711 2148 ἢ
2760 2078 2996 2150 περιττὴ
3030 2081 3063 2149 ἡ
3110 2081 3275 2150 ἑτέρα
3297 2094 3326 2145 ;·
3349 2082 3420 2133 Ἥ
3451 2082 3565 2154 (26)
3596 2083 3706 2150 γὰρ
3732 2086 3914 2140 τελεία
3942 2089 3977 2157 ὴ
4010 2090 4079 2141 ὲκ

2479 2168 2714 2239 Πατρδς,
2768 2169 2864 2221 καὶ
2915 2170 3150 2239 περιττὴ
3176 2172 3211 2241 ἡ
3241 2173 3303 2223 ὲκ
3337 2171 3432 2224 τοῦ
3467 2172 3623 2240 Υἱοῦ,
3658 2174 3692 2247 ἢ
3731 2176 3911 2230 τελεία
3941 2180 3975 2249 ἡ
4010 2180 4077 2231 ὲκ

2477 2261 2572 2313 τοῦ
2622 2260 2778 2325 Υἱοῦ,
2820 2262 2916 2315 καὶ
2965 2263 3197 2331 περιττὴ
3226 2266 3259 2332 ἡ
3292 2264 3357 2316 ἐκ
3386 2264 3480 2318 τοῦ
3511 2268 3749 2337 Πατρός.
3807 2270 3921 2337 Τῆς
3959 2271 4077 2341 γὰρ

2481 2354 2614 2423 μιᾶς
2669 2352 3041 2423 ὁποτερασοῦν
3105 2353 3273 2421 οὔσης
3336 2356 3571 2422 τελεέας,
3625 2359 3714 2422 τις
3751 2363 3909 2429 χρεία
3968 2363 4079 2431 τῆς

2479 2446 2713 2517 ὲτὲρας;
2747 2446 2779 2515 ἢ
2811 2446 3011 2516 ἀτελὴς
3039 2448 3281 2518 ἑκατέρα
3312 2448 3437 2517 δίχα
3472 2451 3573 2519 τῆς
3609 2452 3805 2520 ἑτέρας
3830 2455 4082 2523 θεωρου-

2483 2538 2616 2608 μένη
2647 2556 2659 2567 ·
2698 2537 2816 2591 ἀλλ’
2847 2538 3023 2603 οὕτως
3054 2541 3120 2592 ἂν
3157 2541 3242 2611 εἴη
3292 2543 3386 2593 καὶ
3422 2544 3451 2594 ὀ
3491 2543 3680 2613 Πατὴρ
3709 2545 3832 2597 καθ’
3878 2547 4079 2601 ὲαυτίν

2482 2630 2773 2699 νοούμενος
2822 2631 3060 2700 ἀτελής·
3098 2630 3236 2683 ἀλλὰ
3293 2631 3399 2700 μὴν
3459 2633 3723 2701 ἑκάτερον
3779 2636 4082 2705 πρόσωπον

2480 2722 2687 2774 τέλειον
2726 2723 2820 2775 καὶ
2856 2722 3071 2784 τελείας
3113 2723 3401 2788 ἐνεργείας
3438 2725 3783 2789 ἁποδοτικὺν,
3826 2727 3961 2778 αὑτό
4015 2744 4080 2779 τε

2480 2815 2603 2866 καθ’
2638 2816 2802 2866 ἑαυτὸ
2852 2816 2949 2865 καὶ
2990 2814 3127 2883 μετά
3184 2813 3279 2866 τοῦ
3332 2816 3611 2883 ὀμοιρυοῦς
3666 2818 4080 2887 θεωρούμενον.

2480 2906 2542 2987 Ei
2572 2905 2629 2958 δὲ
2666 2907 2698 2974 ἡ
2736 2907 2837 2973 μέν
2876 2907 2992 2958 ἐστι
3024 2906 3229 2969 τελεία,
3262 2910 3294 2976 ὴ
3326 2906 3385 2957 δὲ
3422 2907 3642 2976 ἀτελὴς,
3678 2911 3952 2979 ὁποτέραν
4007 2912 4081 2964 ἂν

2483 2998 2645 3067 φαίης
2675 2998 2707 3067 ἢ
2736 2996 2895 3050 τοῦτο
2926 2997 2958 3065 ἦ
2985 2998 3196 3063 ἐκεῖνο;
3231 2997 3452 3065 πρῶτον
3482 2999 3580 3067 μὲν
3607 2999 3668 3049 τὸ
3693 2998 3752 3050 ἓν
3780 3002 4084 3067 πρόσωπον

2483 3090 2703 3159 ἀτελὴς,
2735 3088 2795 3152 ἐξ
2832 3084 3062 3167 οὗπερ-ὴ
3093 3091 3428 3157 ὲκπύρευσις
3460 3091 3682 3160 ἀτελής.
3722 3092 3958 3144 Ἔπειτα
3991 3096 4083 3157 τίς

2480 3182 2639 3250 χρεία
2675 3183 2742 3250 τῇ
2779 3179 2964 3249 τελείᾳ.
2992 3178 3095 3249 τῆς
3145 3178 3414 3243 ἀτελοῦς;
3458 3182 3506 3232 εἰ
3539 3182 3595 3233 δὲ
3630 3182 3774 3251 ἁπλῆ
3820 3186 3851 3252 ἡ
3905 3185 4084 3234 ὲκπόο

2483 3290 2692 3345 ρευσις,
2743 3275 2793 3325 εἰ
2848 3272 2950 3341 μὲν
2992 3272 3176 3324 τελεία
3226 3275 3375 3325 ἐστὶν
3406 3273 3471 3325 ὲκ
3501 3275 3595 3325 τοῦ
3632 3274 3869 3344 nam
3902 3275 3990 3327 διὰ
4024 3277 4084 3327 τί

2482 3365 2574 3417 καὶ
2607 3368 2671 3417 ὲκ
2706 3363 2803 3415 τοῦ
2846 3363 2977 3415 Υἱοῦ
3007 3380 3021 3429 ;
3059 3364 3108 3415 εἰ
3140 3363 3195 3415 δὲ
3234 3365 3299 3415 ὲκ
3330 3363 3425 3416 τοῦ
3456 3364 3610 3430 Υἱοῦ,
3666 3365 3757 3418 διὰ
3787 3365 3840 3418 τί
3886 3369 3978 3419 καὶ
4015 3369 4087 3420 ὲκ

2483 3458 2577 3509 τοῦ
2611 3456 2854 3525 ιιατρό;;
2889 3456 3150 3524 περιττὸν
3174 3456 3282 3523 γὰρ
3313 3454 3456 3507 οὕτω
3485 3456 3720 3509 δοκεῖτὸ
3753 3458 3849 3511 καὶ
3881 3459 3949 3511 ἐκ
3982 3457 4086 3511 τοῦ

2486 3550 2677 3617 ἐτέρου
2709 3550 2773 3600 τὸ
2804 3547 3033 3616 Πνεῦμα
3059 3547 3457 3617 προέρχεσθαι.

2561 3830 2718 3883 ΛΛΤ.
2764 3826 2905 3881 Ἀλλ’
2949 3826 3081 3885 ἴσως
3131 3824 3233 3877 οὐκ
3275 3825 3447 3894 ἄλλην
3485 3828 3618 3895 φησι
3662 3844 3749 3890 τις
3786 3828 3884 3881 καὶ
3910 3828 4085 3899 ἄλλην

2488 3919 2589 3991 τὴν
2636 3919 2961 3986 ὲκπηίρευσιν
2992 3909 3154 3977 εῖναι,
3188 3914 3286 3984 τὴν
3328 3915 3428 3985 μὲν
3471 3917 3535 3968 ὲκ
3574 3916 3670 3968 τοῦ
3714 3918 3947 3987 Πατρδς.
3980 3922 4087 3986 τὴν

2490 4011 2548 4064 δὲ
2571 4014 2635 4063 ὲκ
2663 4010 2756 4062 τοῦ
2791 4007 2946 4071 Υἰοῦ,
2976 4004 3113 4059 ἀλλὰ
3148 4006 3277 4075 μίαν
3312 4010 3405 4060 καὶ
3432 4007 3532 4078 τὴν
3568 4008 3739 4076 αὐτὴν
3769 4011 3865 4063 καὶ
3898 4010 4085 4079 ἁπλῆν

2494 4105 2558 4156 ἐκ
2587 4103 2684 4155 τοῦ
2710 4103 2925 4170 [ἰατρὸς
2967 4101 3061 4154 καὶ
3087 4104 3150 4151 ὲκ
3178 4100 3273 4152 τοῦ
3308 4100 3461 4160 Υιοῦ,
3500 4100 3575 4161 ὡς
3614 4100 3709 4153 τοῦ
3748 4102 3957 4170 ιιατρὸς
3990 4102 4088 4155 διὰ

2493 4195 2590 4247 τοῦ
2618 4193 2775 4255 Υἱοῦ,
2807 4196 2976 4261 μέσου
3000 4192 3450 4260 προϐαλλομένου
3493 4192 3553 4243 τὸ
3588 4191 3815 4261 Πνεῦμα
3840 4209 3854 4222 ο
3894 4195 3959 4245 ἐκ
3990 4193 4087 4245 τοῦ

2497 4286 2710 4355 Πατρὸς
2742 4285 2851 4352 γὰρ
2893 4285 2921 4335 ὁ
2953 4282 3102 4347 Υἱὸς,
3131 4284 3195 4334 ὲκ
3222 4281 3317 4334 τοῦ
3350 4282 3481 4334 Υἰοῦ
3534 4281 3591 4334 δὲ
3618 4284 3680 4335 τὸ
3714 4282 3963 4351 Πνεῦμα,
4001 4284 4088 4335 διὸ

2497 4380 2591 4431 καὶ
2620 4380 2683 4429 ἐκ
2706 4376 2800 4428 τοῦ
2837 4375 3074 4443 Πατρδς,
3098 4374 3174 4435 ὡς
3221 4369 3488 4443 εἶναιτὴν
3536 4376 3709 4444 αὐτὴν
3743 4376 4085 4440 ἑκπόρευσιν

2494 4470 2717 4537 ἀμέσως
2749 4468 2847 4534 μὲν
2879 4468 2943 4518 ἐκ
2972 4466 3068 4517 τοῦ
3117 4466 3277 4528 Υἱοῦ,
3310 4467 3567 4534 ὲμμέσως
3615 4467 3672 4519 δὲ
3719 4469 3783 4519 ὲκ
3826 4464 3923 4518 τοῦ
3970 4466 4090 4517 Πα-

2491 4560 2653 4629 τρός·
2699 4556 3005 4625 Ἐμμέσως
3045 4556 3102 4608 δέ
3136 4573 3303 4625 φημι,
3330 4557 3427 4626 οὐχ
3462 4558 3537 4618 ὡς
3573 4558 3769 4625 χρόνου
3800 4557 3947 4616 τινὸς
3984 4574 4090 4623 με·

2494 4653 2797 4714 σιτεύοντος
2833 4651 2914 4720 (οὐ
2960 4652 3068 4721 γὰρ
3120 4655 3335 4722 πρῶτον
3394 4653 3493 4721 μὲν
3559 4653 3727 4722 γεννᾷ
3775 4650 3867 4703 τὸν
3932 4650 4086 4709 Υἱὸν,

2493 4744 2611 4800 εἶτα
2640 4747 2727 4798 διὰ
2751 4746 2846 4799 τοῦ
2878 4745 3010 4797 Υἱοῦ
3038 4745 3100 4797 τὸ
3132 4744 3358 4814 Πνεῦμα
3396 4746 3810 4815 προὸάλλεται),
3842 4744 3961 4797 ἀλλ’
3991 4744 4079 4795 ὃτι

2503 4936 2597 4985 καὶ
2632 4931 2913 5002 ἀνασκευὴ
2942 4929 3100 4990 τοῦτο

2567 5004 2680 5072 (26)
2718 5004 2742 5053 \
2760 5014 2837 5056 at.
2868 5006 2937 5055 εἰ.

2495 5264 2662 5303 voces
2708 5248 2936 5301 mediate
2967 5256 3016 5300 et
3046 5244 3371 5309 immediate,
3402 5251 3567 5313 prout
3618 5242 3675 5296 in
3701 5241 3805 5296 liac
3852 5247 4087 5299 materia

2498 5328 2858 5386 usurpantur,
2911 5334 3021 5371 non
3065 5327 3212 5369 recte
3237 5316 3554 5383 explanant.
3599 5313 3721 5386 Non
3750 5313 3911 5386 enim
3957 5316 4089 5369 idco

2490 5383 2669 5444 solum
2696 5389 2938 5458 Spiritus
2972 5404 3039 5441 ex
3071 5387 3255 5445 Patre,
3287 5386 3435 5458 quia
3473 5395 3649 5458 estex
3682 5383 3841 5458 Ij‘ilio,
3870 5383 3967 5451 qui
4003 5396 4091 5438 est

2485 5478 2553 5514 cx
2580 5454 2784 5521 Patre‘;
2816 5460 2961 5525 quod
3017 5473 3184 5509 unum
3217 5454 3387 5509 veluti
3420 5454 3741 5525 questionis
3767 5464 4083 5525 respectum

2490 5531 2757 5583 duntaxat
2808 5524 3052 5580 exaibet.
3108 5526 3302 5579 Veram
3363 5539 3478 5578 rem
3531 5524 3730 5576 melius
3775 5524 4089 5590 expositam

2490 5603 2613 5654 vide
2667 5598 2810 5668 apud
2858 5599 3145 5661 Thomam,
3189 5592 3421 5649 Summa:
3454 5609 3509 5663 p.
3542 5610 3583 5658 t,
3628 5610 3683 5663 q.
3729 5591 3897 5668 56._a.
3937 5592 3989 5648 l.
4030 5595 4090 5649 lit

2491 5662 2850 5738 sequentibus
2912 5681 3091 5723 tamen
3150 5677 3345 5720 auctor
3401 5662 3586 5720 uester
3640 5662 3754 5720 tunc
3795 5662 3900 5716 rite
3952 5680 4080 5734 pcr—

2507 5750 2725 5794 tractat.
