4288 6364
201 374 307 440 197

1155 361 1254 426 DE
1293 354 1816 424 PROCESSIONE
1854 355 2221 418 SPIRITUS
2258 353 2556 418 SANCTI.

193 483 416 554 γεννῶν
445 483 540 538 τιον
576 480 707 536 Υίδν
742 478 838 533 καὶ
865 477 927 532 τδ
971 477 1199 546 Πνεῦμα
1243 475 1313 530 δι’
1357 470 1526 526 αὑτοῦ
1559 469 1800 541 προσάλι

1918 467 2078 523 ritum
2113 482 2339 539 quoque
2373 483 2472 538 per
2500 469 2683 539 ipsum
2712 465 2942 534 emittit,
2976 476 3032 524 et
3060 483 3171 525 non
3195 469 3316 525 sine
3362 467 3503 525 Filio

194 579 357 632 λιται
389 576 488 629 καὶ
513 575 615 626 οὐκ
637 573 770 626 ἄνευ
802 570 898 624 τοῦ
935 569 1071 624 Υίοῦ
1102 570 1136 638 ἡ
1171 567 1268 621 τοῦ
1304 564 1625 632 Πνεύματος
1670 561 1805 633 πρό-

196 669 308 736 σλη
319 684 424 732 τις.

276 759 385 814 ΓΡ.
434 759 599 814 Κατὰ
635 757 828 812 τοῦτον
872 755 969 808 τὸν
1018 754 1178 821 λόγον
1214 752 1352 822 φαίη
1381 752 1447 806 ἄν
1472 766 1555 812 τις
1592 751 1674 803 ὅτι
1711 749 1808 800 καὶ

196 851 291 904 διὰ
334 853 432 904 τοῦ
475 849 802 918 Πνεύματος
833 845 1281 915 ἐκπορευομένου
1325 844 1492 912 γεννᾷ
1525 842 1616 894 τὸν
1653 840 1804 903 Υίδν,

199 947 299 995 καὶ
331 945 436 994 οὐκ
468 943 599 994 ἄνευ
632 945 732 1009 τῆς
759 938 853 992 τοῦ
881 937 1204 1006 Πνεύματος
1235 937 1613 1006 ἐκπορεύσεως
1648 935 1681 1003 ἡ
1711 931 1805 985 τοῦ

197 1033 338 1086 Υῐοῦ
371 1034 627 1101 γέννησις
656 1033 752 1085 καὶ
783 1033 874 1099 εἴη
898 1031 965 1084 ἂν
995 1031 1090 1082 καὶ
1118 1030 1146 1080 ό
1180 1029 1308 1091 Tib;
1352 1030 1418 1080 ἐκ
1447 1026 1544 1079 τοῦ
1586 1025 1800 1095 Πατρὸς

200 1127 300 1178 καὶ
327 1130 394 1178 εκ
426 1125 522 1178 τοῦ
558 1126 883 1194 Πνεύματος
913 1123 1282 1192 γεννώμενος.

272 1219 442 1272 ΔΑΤ.
501 1218 665 1271 Ἀλλὰ
708 1218 862 1282 τάξις
912 1220 1003 1271 καὶ
1057 1220 1116 1270 ἐν
1147 1213 1215 1289 τῇ
1248 1215 1444 1286 Τριάδι
1490 1231 1573 1275 τις
1620 1216 1688 1286 ἢν
1721 1213 1805 1265 δεῖ

201 1312 506 1380 φυλάττειν
571 1315 760 1381 ἡμᾶς·
804 1311 926 1382 οὐχὶ
973 1311 1141 1380 φύσιν
1190 1309 1618 1374 ἐξαλλάττουσα,
1668 1308 1806 1360 ἀλλὰ

183 1406 478 1472 Ἑιαφορὰν
524 1405 884 1457 ὑποστάσεων
929 1403 1398 1472 παρεμφαίνουσο
1434 1405 1529 1454 καὶ
1565 1401 1808 1466 ἑκάστης

197 1496 567 1556 ὑποστάσεως
603 1497 1005 1562 ἀμετάπτωτον
1034 1494 1362 1563 παριστῶσα
1409 1496 1509 1559 τὴν
1541 1492 1802 1560 ἰδιότητα.

207 1586 272 1637 '0
302 1587 404 1652 μὲν
436 1585 532 1639 οὖν
564 1587 757 1655 Πατὴρ
784 1588 992 1654 γεννῶν
1022 1586 1114 1636 τὸν
1150 1585 1279 1636 Υἱὸν
1311 1584 1381 1636 δι’
1427 1584 1597 1636 αὐτοῦ
1629 1584 1721 1636 καί
1747 1585 1807 1634 τὸ

200 1669 436 1748 Πνεῦμα
471 1679 842 1750 προϐάλλεται
867 1694 880 1708 ·
909 1680 938 1730 ό
979 1678 1105 1739 Υἱὸς
1138 1677 1193 1729 δὲ
1229 1675 1574 1742 γεννώμενος
1618 1678 1679 1728 ἐκ
1709 1675 1806 1728 τοῦ

201 1772 429 1840 Πατρὶς
476 1770 844 1840 προόάλλεται
893 1774 989 1823 καὶ
1016 1770 1078 1823 τὸ
1115 1769 1345 1838 Πνεῦμα
1376 1769 1438 1832 ἐξ
1465 1767 1664 1821 ἑαυτοῦ
1693 1784 1706 1797 ·
1739 1768 1801 1820 τὸ

1911 557 2152 628 Spiritus
2183 560 2418 628 spiratio
2447 557 2754 628 pcrltcitur.

1980 739 2096 797 GR.
2160 741 2481 798 Secundum
2556 742 2698 798 hanc
2774 743 3049 798 rationem
3117 744 3306 801 dicere
3374 748 3504 816 quis

1911 844 2119 902 posset,
2173 837 2342 887 etiam
2379 850 2476 903 per
2523 832 2791 902 Spiritum
2827 835 3225 903 procedentem
3279 836 3500 891 Patrem

1910 939 2178 993 generare
2215 926 2437 987 Filium,
2495 940 2676 992 neque
2734 925 2942 992 absque
2991 925 3238 996 Spiritus
3281 942 3505 994 proceso

1915 1016 2071 1070 sione
2107 1018 2296 1085 perliti
2352 1016 2472 1068 Filii
2527 1018 2964 1086 generationem,
3001 1021 3077 1073 ita
3117 1030 3176 1073 ut
3228 1029 3286 1074 et
3331 1019 3507 1074 Filius

1912 1123 2211 1178 generatus
2235 1111 2305 1163 sit
2362 1128 2427 1163 ex
2463 1113 2623 1164 Patre
2659 1120 2823 1179 atque
2849 1126 2914 1164 ex
2947 1110 3154 1180 Spiritu
3189 1111 3290 1182 (qi.

1987 1201 2142 1256 LAT.
2191 1201 2295 1256 Sed
2331 1203 2470 1254 ordo
2518 1202 2572 1257 in
2607 1202 2885 1256 Trinitate
2929 1218 3152 1272 quoque
3196 1212 3303 1267 est,
3339 1217 3506 1273 quem

1915 1309 2016 1348 nos
2048 1309 2268 1348 servare
2303 1294 2593 1356 debemus,
2639 1309 2746 1348 non
2783 1293 3012 1362 quidem
3045 1305 3301 1348 naturam
3349 1312 3506 1350 com-

1915 1393 2158 1447 mutans,
2196 1387 2290 1439 scd
2325 1403 2689 1455 pt‘l'stmalllm
2723 1390 3146 1443 distinctionem
3177 1387 3431 1442 indicans
3453 1396 3511 1444 ct

1912 1474 2254 1544 singularum
2283 1477 2652 1545 hypustaseon
2688 1481 3078 1547 proprietatem
3105 1479 3510 1534 inalterabilem

1915 1565 2213 1620 exhibens.
2243 1567 2404 1619 Pater
2443 1569 2626 1634 itaque
2660 1585 2929 1637 gena-rans
2963 1569 3163 1622 Filium
3193 1585 3292 1638 per
3324 1570 3508 1640 ipsum

1915 1672 2142 1725 quoque
2178 1657 2448 1726 Spiritum
2482 1661 2706 1720 emittit,
2738 1661 2911 1714 Filius
2945 1675 3076 1714 vero
3103 1671 3401 1730 generatus
3441 1677 3512 1715 ex

1917 1750 2080 1804 Patre
2114 1751 2320 1804 emittit
2367 1763 2422 1804 et
2485 1769 2548 1806 ex
2596 1769 2654 1806 se
2689 1752 2995 1821 Spiritum:
3035 1769 3100 1807 ac
3151 1752 3400 1822 Spiritus
3443 1769 3511 1807 ex

198 1861 256 1913 δὲ
295 1861 528 1928 Πνεῦμα
558 1864 620 1914 ὲκ
646 1862 744 1914 τοῦ
778 1864 992 1931 Πατρός
1027 1862 1471 1932 ἐκπορευόμενον
1499 1866 1589 1916 καὶ
1616 1863 1681 1914 ὲκ
1713 1860 1809 1913 τοῦ

1918 1841 2080 1896 Patre
2116 1843 2429 1912 procedens
2461 1859 2528 1897 ex
2581 1844 2720 1898 Filio
2771 1861 2992 1913 quoque
3055 1855 3114 1898 ut
3173 1860 3272 1915 per
3308 1845 3512 1899 Filium

202 1953 340 2006 Υίοῦ
377 1955 454 2018 ὡς
483 1955 570 2008 διὰ
596 1954 694 2008 τοῦ
724 1954 858 2008 Υίοῦ
890 1954 1261 2022 ἐκπορεύεται
1287 1972 1302 1990 ο
1336 1954 1472 2008 ἀλλὰ
1505 1955 1598 2008 καὶ
1625 1955 1688 2006 ὲκ
1713 1952 1809 2006 τοῦ

203 2047 428 2116 Πατρδς
457 2048 534 2110 ὼς
566 2050 630 2101 εκ
666 2048 762 2101 τοῦ
804 2049 936 2102 Υίοῦ
966 2051 1194 2117 ἁμέσως
1239 2038 1684 2118 ἐκπορευόμενον
1713 2047 1808 2100 τοῦ

204 2139 570 2208 γεννωμένου
612 2143 676 2192 ὲκ
702 2141 799 2194 τοῦ
834 2140 1049 2210 Πατρδς
1086 2139 1493 2210 ἐκπορεύεσθαι
1545 2139 1769 2206 λέγεται
1793 2156 1810 2174 ο

203 2235 302 2284 καὶ
354 2233 544 2284 τοίνυν
595 2233 693 2285 καὶ
746 2235 779 2302 ἡ
831 2234 975 2302 αὑτὴ
1031 2237 1127 2286 καὶ⁵
1186 2235 1288 2303 μία
1339 2233 1680 2302 ἑκπόρευσις
1733 2232 1814 2301 τῷ

205 2327 496 2395 Πνεύματι
535 2330 598 2380 ὲκ
624 2327 720 2380 τοῦ
754 2328 972 2398 Πατρὸς
1015 2330 1115 2398 μέν
1149 2330 1301 2380 ἔστιν
1329 2327 1594 2397 ἐμμεσος,
1619 2330 1682 2379 ὲκ
1717 2325 1811 2378 τοῦ

208 2416 347 2470 Υίοῦ
391 2418 448 2471 δὲ
497 2418 709 2487 ἄμεσος
749 2418 942 2488 ὥσπερ
997 2419 1265 2481 πολλάκις
1317 2420 1629 2489 είρήκαμεν
1671 2417 1810 2485 (27).

210 2511 435 2579 Ὅμως,
484 2512 595 2564 εῐτε
628 2511 811 2577 ἁπλῆν
851 2511 1062 2581 ταύτην
1117 2511 1297 2581 βούλει
1345 2512 1535 2564 καλεῖν
1566 2513 1674 2564 εἴτε
1720 2511 1815 2563 καὶ

213 2605 314 2670 μὴ,
345 2601 530 2653 τελεία
582 2603 734 2655 ἐστὶν
767 2601 1112 2672 ἑκατέρωθεν
1159 2603 1190 2673 ἢ
1242 2602 1638 2672 ἀμφοτέρωθεν
1691 2604 1815 2671 ἦτοι

211 2700 279 2750 εκ
325 2696 423 2749 τοῦ
459 2695 676 2762 Πατρὸς
715 2695 804 2747 διὰ
855 2695 951 2748 τοῦ
991 2695 1121 2746 Υίοῦ
1149 2712 1163 2726 ’
1203 2696 1287 2748 ὅτι
1341 2696 1435 2748 καὶ
1482 2696 1548 2746 ὲκ
1593 2695 1818 2746 τελείων

193 2790 311 2848 ,καὶ
366 2789 554 2840 τελεία
615 2786 728 2856 (ἳὸ)
780 2787 876 2840 καὶ
914 2785 1178 2848 τελείως·
1217 2790 1312 2838 καὶ
1346 2786 1500 2837 οὐδὲν
1559 2785 1818 2856 περιττὸν

213 2886 273 2934 ιν
299 2885 368 2950 τῇ
403 2880 584 2949 τελείᾳ
615 2878 829 2949 Τριὰδι.
863 2879 924 2931 Et
974 2879 1032 2930 δὲ
1075 2879 1284 2947 ζητεῖς,
1318 2876 1388 2931 δι’
1412 2877 1480 2948 ἢν
1526 2880 1709 2931 αἰτίαν
1753 2882 1818 2931 ἐκ

214 2973 311 3026 τοῦ
344 2971 568 3042 Πατρδς
617 2971 1060 3041 ἐκπορευόμενον
1099 2971 1160 3022 τὸ
1194 2969 1421 3040 Πνεῦμα
1467 2970 1566 3021 καὶ
1609 2971 1673 3022 εκ
1721 2969 1816 3023 τοῦ

216 3068 350 3121 rio-3
382 3065 780 3135 ἐκπορεύεται,
814 3069 908 3118 καὶ
937 3065 1023 3126 τίς
1059 3067 1091 3134 ἡ
1133 3064 1314 3136 χρεία,
1355 3066 1624 3132 ἐρωτήσω
1658 3065 1815 3132 κάγώ

216 3176 298 3222 σε,
330 3160 414 3221 τίς
468 3161 627 3229 χρεία
670 3159 750 3228 τῷ
805 3157 984 3228 Πατρὶ
1038 3157 1132 3211 τοῦ
1188 3159 1388 3228 γεννᾷν
1415 3158 1509 3210 τὸν
1540 3157 1669 3210 Υίδν
1695 3157 1728 3228 ἦ
1759 3158 1821 3212 τὸ

216 3251 447 3320 Πνεῦμα
473 3249 901 3320 προϐάλλεσθαι,
927 3251 1024 3302 καὶ
1057 3249 1147 3302 δια
1174 3249 1228 3300 τί
1260 3251 1337 3319 μὴ
1368 3249 1401 3318 ἢ
1433 3249 1606 3319 ἄμφω
1645 3251 1813 3319 γεννᾷ

213 3343 247 3413 ἢ
283 3345 458 3413 ἄμφω
488 3342 881 3413 προὸάλλεται,
924 3343 1024 3394 καὶ
1047 3342 1130 3404 τίς
1156 3340 1372 3408 όιλόγος
1396 3342 1496 3409 τῆς
1520 3340 1615 3393 τοῦ
1647 3341 1810 3408 λόγου

215 3437 536 3505 γεννήσεως
567 3434 600 3504 ἠ
627 3434 727 3503 τῆς
758 3433 854 3486 τοῦ
892 3435 1216 3502 Πνεύματος
1249 3433 1657 3502 ἐκπορεύσεως.
1684 3433 1818 3485 Οὐδὲ

213 3533 323 3600 γὰρ
352 3528 423 3596 ἧν
455 3530 551 3582 τοῦ
584 3531 762 3593 Λόγου
788 3531 942 3597 λόγος
971 3528 1246 3596 ἀνώτερος
1273 3526 1400 3578 οὔτε
1428 3526 1525 3578 τοῦ
1561 3526 1820 3596 Πνεύμα-

212 3637 325 3684 τος.
359 3620 580 3672 Οὐκοῦν
613 3619 736 3672 οὐδὲ
770 3618 886 3686 ἐγώ
925 3634 1011 3670 σοι
1043 3616 1212 3684 λέγω,
1243 3616 1328 3679 τίς
1355 3618 1384 3670 ὁ
1417 3615 1576 3683 λόγος
1619 3618 1721 3686 τῆς
1753 3619 1819 3671 ἐκ

212 3714 317 3766 τοῦ.
339 3710 561 3780 Πατρὸς
592 3711 688 3763 καὶ
721 3713 788 3764 εκ
815 3710 910 3764 τοῦ
944 3709 1078 3764 Υίοῦ
1129 3709 1541 3779 ἑκπορεύσεως,
1568 3710 1691 3762 οὐδὲ
1725 3710 1818 3763 διὰ

212 3804 318 3873 τίῆ
349 3803 472 3865 πῶς
505 3802 566 3867 εξ
593 3804 856 3872 ἁμφυῖνὴ
885 3805 1241 3874 ἑκπόρευσις.
1303 3802 1367 3854 Ἦ
1398 3803 1509 3873 γὰρ
1529 3802 1628 3871 τῆς
1657 3804 1819 3871 ἁγίας

215 3894 452 3964 Τριάδος
493 3891 733 3964 ῦπαρξις
780 3895 1113 3964 ὑπέρκειται
1149 3894 1244 3946 τοῦ
1298 3893 1416 3954 πῶς
1466 3895 1561 3947 καὶ
1604 3895 1697 3947 τσῦ
1732 3895 1823 3950 διὰ

212 3988 288 4052 τί,
323 3985 561 4040 καὶτῶν
607 3985 872 4038 τοιούτων
919 3985 1235 4056 ζητήσεων.
1270 3975 1483 4055 Ὠσπερ
1529 3985 1585 4038 δὲ
1632 3987 1821 4058 eos“;

212 4083 481 4151 γέννησις
536 4079 760 4149 ἀτελὴς,
793 4079 880 4131 ὅτι
927 4078 1030 4130 οὑκ
1084 4077 1216 4130 ἄνευ
1255 4077 1357 4146 τῆς
1405 4079 1820 4145 ἑκπορεύσεως,

213 4177 262 4228 εί
293 4175 394 4227 καὶ
433 4170 784 4241 διακίκριται
823 4171 891 4238 τῇ
921 4168 1017 4222 τοῦ
1046 4170 1256 4238 τρόπου
1288 4167 1670 4241 διαφερότητι,
1695 4172 1822 4226 οὕτε

211 4266 246 4333 ἡ
291 4261 657 4331 εκπόρευσις,
688 4261 770 4312 ὃτι
821 4261 919 4329 τῆς
966 4263 1284 4329 γεννήσεως
1335 4260 1397 4312 οὐ
1447 4262 1640 4329 χωρὶς,
1679 4260 1822 4315 ἀλλὰ

209 4355 403 4408 τελεία
436 4353 499 4406 τό
529 4355 681 4406 εστιν
714 4353 977 4428 ίκατέρα,
1016 4352 1112 4404 καὶ
1149 4352 1318 4422 ἑτέρα
1346 4352 1445 4420 τῆς
1488 4353 1704 4422 ἑτέρας,
1729 4355 1825 4406 καὶ

209 4450 268 4502 ού
311 4448 445 4517 δίχα
487 4445 588 4514 τῆς
628 4446 827 4513 ἑτέρας
878 4444 1163 4512 οὐδετέρα.
1211 4441 1301 4506 Ὠς
1349 4443 1463 4512 γὰρ
1509 4446 1571 4496 ού
1603 4447 1824 4515 πρῶτον

213 4542 316 4612 μὲν
349 4540 522 4608 γεννᾷ
573 4539 666 4590 τδν
693 4537 824 4590 Υίὸν
854 4538 882 4589 ό
911 4537 1126 4606 Πατὴρ,
1160 4532 1281 4588 εἶτα
1325 4537 1390 4590 τό
1431 4538 1662 4607 Πνεῦμα
1713 4541 1819 4610 φῂς
1851 4568 1895 4629 c

209 4638 277 4690 ὲκ
318 4635 420 4688 τοῦ
470 4633 688 4701 Πατρός
731 4629 1162 4700 ἐκπορεύεσθαι,
1192 4630 1311 4682 ἀλλ’
1346 4630 1517 4700 ἄμφω
1557 4632 1818 4702 ἃμα-ἀεὶ,

207 4725 306 4776 καὶ
333 4725 369 4791 ἡ
406 4721 668 4790 γόννησις
701 4723 794 4772 καὶ
829 4721 862 4786 ἡ
908 4719 1271 4788 ὲκπόρευσις,
1308 4722 1402 4772 καὶ
1442 4723 1688 4792 ἑκατέρα
1721 4741 1814 4776 τε-

205 4816 334 4869 λεία
367 4817 469 4867 aut
516 4812 641 4866 καθ’
675 4812 878 4881 ἑαυτὴν
922 4812 1021 4864 καὶ
1077 4812 1218 4880 μετα
1263 4812 1359 4880 τῆς
1391 4813 1584 4883 ἑτέρας
1614 4829 1627 4841 ·
1674 4814 1821 4868 οὓτω

208 4913 310 4963 καὶ
356 4909 422 4961 τὸ
478 4910 541 4960 εκ
589 4906 687 4958 τοῦ
748 4906 965 4975 Πατρὸς
1023 4897 1435 4975 ἐκπορεύεσθαι
1486 4907 1581 4958 καὶ
1631 4908 1696 4959 ἐκ
1726 4907 1822 4960 τοῦ

208 5002 373 5063 Υίοῦ,
400 5001 504 5054 κᾶν
553 5001 630 5072 μὴ
671 4998 728 5050 ἓν
761 4998 857 5052 καὶ
893 4999 958 5052 τὸ
983 4998 1119 5052 αὐτὸ
1154 4998 1249 5052 καὶ
1285 4998 1495 5052 ἁπλοῦν
1525 5000 1679 5070 λέγῃ,
1707 5002 1820 5054 ἀλλ’

207 5096 408 5165 Ξτερον
444 5093 540 5146 καὶ
574 5094 787 5162 ῑτερον,
828 5091 980 5162 ὅμως
1029 5089 1297 5160 ἑκάτερον
1333 5092 1539 5145 τέλειον
1570 5094 1665 5146 καὶ
1696 5093 1820 5147 καθ’

210 5188 384 5241 ἑαυτὸ
411 5189 506 5240 καὶ
537 5187 680 5257 μετὰ
733 5185 829 5239 τοῦ
881 5185 1100 5253 ἑτερου,
1131 5190 1228 5238 καὶ
1265 5185 1330 5238 οὐ
1364 5187 1458 5239 τοῦ
1490 5187 1682 5257 ἑτέρου
1716 5205 1824 5257 χω-

209 5265 433 5353 pago-5
465 5280 577 5352 γὰρ
609 5281 750 5334 διότι
779 5282 837 5332 ἰν
868 5280 949 5352 τῷ
977 5278 1130 5350 αύτῷ
1175 5283 1313 5351 πυρὶ
1347 5284 1442 5336 καὶ
1476 5284 1509 5352 ἡ
1538 5283 1822 5356 θερμότης

207 5376 300 5427 ἀεὶ
330 5381 429 5428 καὶ
463 5375 526 5428 τὸ
553 5375 690 5445 φῶς,
718 5374 808 5428 διὰ
851 5373 1014 5427 τοῦτο
1061 5374 1124 5426 τὸ
1160 5374 1355 5445 ἕτερον
1389 5377 1575 5429 αὐτῶν
1605 5380 1822 5445 ἀτελὲς,

287 5549 408 5621 (27)
446 5549 575 5607 Vat.
615 5567 672 5623 p.
706 5551 814 5619 7,b
847 5569 863 5607 :
898 5538 1249 5626 είρήκειμεν.

286 5734 368 5803 (q)
513 5735 662 5792 dicta
688 5737 808 5816 ﬂed
827 5737 1089 5798 Photium
1120 5779 1136 5808 ,
1182 5740 1259 5798 De
1293 5738 1484 5815 Spirit.
1516 5745 1692 5799 sancti
1719 5760 1830 5816 my-

215 5809 489 5877 rtagogia,
525 5823 652 5880 cap.
683 5809 754 5866 ϐό
778 5809 873 5867 lin.

1916 1935 2202 2007 procedit;
2233 1937 2330 1990 sed
2376 1946 2434 1990 et
2487 1952 2553 1990 ex
2610 1937 2772 1991 Patre
2811 1947 2869 1991 ut
2903 1953 2968 1990 ex
3010 1938 3151 1992 Filio
3187 1938 3514 1994 immediate

1913 2030 2226 2099 procedens
2273 2047 2302 2083 a
2353 2034 2541 2099 genito
2574 2045 2641 2084 ex
2696 2032 2857 2085 Patre
2909 2032 3213 2101 procedere
3267 2032 3509 2096 dicitur;

1914 2121 2154 2190 ideoque
2171 2131 2228 2176 et
2250 2137 2360 2174 una
2378 2122 2684 2192 eademque
2705 2125 2988 2192 processio
3008 2123 3241 2192 Spiritui
3265 2140 3330 2178 ex
3350 2124 3514 2178 Patre

1916 2215 2144 2284 quidem
2175 2224 2262 2269 est
2305 2215 2566 2277 mediata,
2600 2231 2667 2268 ex
2731 2215 2872 2269 Filio
2932 2228 3116 2270 autem
3162 2215 3511 2278 immediata,

1917 2317 2081 2378 prout
2099 2323 2484 2363 saepenumero
2499 2309 2760 2363 diximus.
2779 2313 3055 2373 Attamen,
3075 2312 3188 2365 sive
3205 2310 3513 2380 simplicem

1915 2416 2036 2455 eam
2085 2417 2286 2455 vocare
2325 2405 2406 2454 vis
2439 2402 2557 2456 sive
2590 2419 2724 2467 non,
2771 2405 3014 2474 perfecta
3052 2413 3135 2455 est
3175 2403 3245 2455 ab
3280 2412 3518 2473 utraque

1918 2504 2076 2564 parte
2113 2496 2228 2550 sive
2267 2513 2334 2550 ex
2373 2497 2667 2558 ambobus,
2719 2499 2834 2551 sive
2863 2514 2932 2551 ex
2962 2498 3124 2550 Patre
3152 2514 3249 2566 per
3287 2496 3512 2559 Filium,

1919 2589 2046 2653 quia
2073 2595 2130 2640 et
2155 2603 2223 2641 ex
2257 2589 2518 2658 perlectis
2543 2599 2598 2642 et
2651 2591 2894 2659 perlecta
2931 2600 2987 2643 et
3016 2591 3282 2659 perfecte,
3339 2607 3520 2661 neque

1920 2677 2224 2746 quidquam
2276 2696 2753 2748 supervacaneum
2797 2682 2851 2734 in
2926 2682 3167 2751 perfecta
3225 2682 3519 2739 Trinitate.

1922 2767 1978 2823 Si
2013 2787 2148 2825 vero
2183 2775 2408 2840 quatris,
2441 2790 2608 2843 quam
2639 2775 2711 2829 ob
2739 2791 2963 2829 causam
2999 2775 3244 2844 Spiritus
3269 2793 3335 2830 ex
3361 2777 3524 2832 Patre

1923 2866 2232 2932 procedens
2280 2866 2447 2920 etiam
2508 2869 2770 2936 procedat
2822 2885 2890 2922 ex
2957 2869 3117 2931 Filio,
3156 2881 3213 2922 et
3265 2886 3522 2940 quamam

1923 2954 2039 3010 haec
2065 2957 2138 3011 sit
2177 2959 2504 3022 necessitas,
2535 2975 2777 3029 quaeram
2826 2971 2882 3015 et
2928 2978 3031 3030 ego
3066 2978 3132 3016 ex
3180 2973 3230 3017 te
3267 2968 3337 3033 (ν)
3370 2979 3524 3035 quau-

1922 3063 2052 3101 nam
2112 3051 2420 3107 necessitas
2458 3053 2531 3106 sit
2578 3054 2750 3117 Patri,
2787 3065 2848 3108 ut
2901 3055 3100 3109 Filium
3161 3065 3392 3126 generet
3439 3060 3525 3112 vel

1926 3140 2197 3210 Spiritum
2229 3146 2467 3206 emittat.
2498 3157 2553 3199 et
2582 3162 2682 3200 cur
2717 3163 2828 3201 non
2859 3150 2942 3202 vel
2979 3161 3277 3218 utrumque
3302 3162 3528 3220 generet

1925 3235 2010 3288 vel
2044 3246 2344 3305 utrumque
2375 3239 2567 3306 spirct,
2619 3250 2676 3292 et
2705 3254 2957 3308 quamam
2998 3241 3072 3292 sit
3109 3242 3252 3294 ratio
3290 3257 3526 3310 genera-

1929 3325 2100 3379 tionis
2122 3325 2289 3380 Verbi
2328 3329 2408 3381 \el
2443 3331 2818 3397 processionis
2855 3329 3125 3398 Spiritus.
3160 3329 3353 3400 Neque
3376 3334 3526 3386 enim

1925 3424 2044 3468 erat
2073 3417 2304 3469 verbum
2334 3418 2517 3472 Verbo
2543 3420 2838 3473 sublimius
2859 3436 3042 3490 neque
3082 3423 3316 3492 Spiritu.
3340 3423 3527 3496 Itaque

1927 3520 2109 3576 nrqne
2135 3522 2236 3577 ego
2268 3510 2367 3562 tibi
2401 3511 2546 3574 dico,
2582 3528 2840 3580 quantum
2870 3515 2942 3566 sit
2977 3514 3122 3568 ratio
3155 3516 3528 3584 processionis

1927 3597 2170 3668 Spiritus
2207 3617 2272 3654 ex
2311 3603 2474 3658 Patre
2505 3613 2561 3656 et
2593 3603 2754 3668 Filio,
2782 3621 2966 3674 neque
2995 3622 3164 3676 quam
3196 3608 3269 3662 ob
3304 3624 3528 3663 causam

1925 3692 2013 3745 vel
2051 3708 2292 3762 quanam
2324 3706 2536 3750 ratione
2562 3713 2630 3751 ex
2668 3709 2905 3768 utroque
2935 3701 3008 3753 sit
3039 3703 3341 3769 processio.
3392 3702 3529 3757 Nam

1925 3797 2130 3840 sancte
2143 3786 2433 3842 Trinitatis
2447 3791 2772 3845 exsistentia
2789 3792 3005 3846 elevata
3019 3803 3106 3847 est
3122 3811 3290 3863 supra
3308 3811 3532 3853 omnem

1928 3879 2154 3933 modum
2211 3893 2268 3934 et
2311 3881 2583 3937 rationem
2627 3892 2685 3938 et
2739 3900 2908 3955 supra
2968 3888 3107 3941 tales
3165 3889 3528 3957 quaestiones.

1927 3970 2411 4036 Quemadmodum
2477 3991 2605 4029 vero
2643 3993 2823 4045 neque
2859 3980 3146 4044 generatio
3181 3981 3528 4051 imperfecta,

1929 4066 2062 4132 quia
2097 4079 2208 4118 non
2241 4075 2328 4121 est
2366 4067 2488 4121 sine
2544 4071 2935 4138 proccssione,
2989 4072 3122 4126 licet
3175 4074 3322 4127 modi
3367 4076 3532 4129 dime-

1929 4157 2107 4211 rentia
2135 4158 2205 4211 ab
2241 4173 2306 4212 ea
2356 4158 2431 4214 sit
2463 4159 2752 4227 distincta,
2812 4178 2995 4231 neque
3047 4167 3366 4234 processio,
3401 4171 3532 4238 quia

1927 4264 2038 4302 non
2069 4260 2157 4304 est
2187 4251 2398 4321 absque
2431 4256 2818 4322 generatione,
2861 4257 2957 4308 sed
3003 4242 3254 4324 perlecta
3297 4269 3534 4329 utraque

1927 4351 1984 4393 et
2007 4341 2183 4395 aitera
2219 4342 2475 4408 alterius,
2506 4359 2572 4398 ac
2599 4355 2798 4400 neutra
2825 4347 2945 4400 sine
2970 4338 3179 4414 altera;
3205 4351 3350 4404 sicut
3377 4366 3530 4406 enim

1930 4431 2097 4487 Pater
2137 4451 2247 4488 non
2281 4437 2438 4505 prius
2473 4448 2703 4507 generat
2749 4438 2978 4504 Filium,
3014 4441 3218 4496 deinde
3262 4442 3530 4512 Spiritus,

1931 4533 1992 4578 ut
2017 4527 2121 4592 ais,
2147 4543 2214 4582 ex
2245 4528 2410 4584 Patre
2447 4533 2724 4599 procedit,
2764 4547 2959 4586 verum
2989 4544 3290 4604 utrumque
3313 4551 3536 4606 seraper

1925 4617 2111 4678 simul.
2146 4630 2201 4674 et
2236 4626 2526 4690 generatio
2576 4632 2635 4678 et
2685 4626 2995 4693 processio.
3031 4634 3088 4678 et
3131 4637 3368 4696 utraque
3406 4644 3535 4697 per-

1912 4711 2064 4764 lecta
2100 4722 2218 4766 tum
2265 4715 2578 4768 secundum
2617 4731 2676 4770 se
2720 4725 2835 4770 tum
2867 4733 2974 4771 una
3031 4733 3159 4772 cum
3191 4720 3411 4774 altera:
3456 4722 3531 4776 ita

1919 4817 1976 4862 et
2011 4810 2321 4876 procedere
2344 4825 2413 4864 ex
2440 4811 2605 4867 Patre
2635 4822 2692 4868 et
2715 4827 2785 4867 ex
2814 4812 2979 4875 Filio,
3025 4815 3160 4869 licet
3204 4830 3318 4869 non
3353 4832 3528 4870 unutn

1923 4904 2180 4974 idemque
2212 4921 2276 4961 ac
2313 4907 2550 4976 simplex
2581 4909 2753 4975 dicat,
2784 4909 2880 4963 sed
2911 4911 3150 4964 alterum
3175 4921 3233 4966 et
3257 4913 3524 4979 alterum,

1923 5005 2107 5051 tamen
2151 5011 2451 5069 utrumque
2480 5001 2788 5069 perfectum
2828 5012 2945 5056 tum
2976 5003 3285 5057 secundum
3312 5019 3373 5058 se
3408 5015 3526 5061 tum

1923 5105 2048 5143 cum
2075 5091 2272 5155 altero,
2297 5101 2354 5147 et
2375 5095 2712 5164 nonabsque
2734 5096 2936 5150 altero.
2963 5096 3081 5150 Non
3105 5097 3256 5150 enim
3297 5109 3527 5168 propte-

1924 5200 2016 5240 rea
2047 5185 2194 5253 quod
2223 5188 2280 5240 in
2315 5188 2513 5241 eodem
2541 5187 2666 5256 igne
2695 5197 2752 5243 et
2787 5191 2941 5244 calor
2970 5205 3191 5259 semper
3237 5200 3295 5245 et
3339 5192 3527 5248 lumen

1923 5281 2156 5333 alterum
2175 5295 2371 5334 eorum
2391 5280 2778 5349 imperfectum
2797 5294 2905 5348 est,
2937 5283 3189 5353 sedquia
3227 5295 3528 5357 utrumque

1926 5392 2051 5430 cum
2089 5375 2265 5431 altero
2312 5386 2368 5430 et
2403 5377 2614 5432 idcirco
2667 5377 3000 5448 perfectum.
3049 5377 3334 5435 Perfectus
3374 5395 3526 5437 enim

2011 5561 2121 5629 (28)
2160 5559 2278 5613 Vat.
2307 5558 2554 5614 τελείων.

2015 5749 2086 5813 (r)
2118 5734 3004 5822 ImitatnriGregorii_Nazianzeni
3035 5765 3359 5822 responsum
3384 5761 3526 5808 orat.

1951 5819 2041 5886 57,
2073 5837 2123 5890 μ.
2158 5820 2420 5876 597-598.
2459 5819 2548 5880 ed.
2593 5820 2756 5876 Billii.
