4288 6364
751 407 855 472 199

1937 396 2236 458 NlCET/E
2275 394 2807 457 MARONIENSIS

3915 397 4022 462 200

751 516 896 586 ignis
927 523 984 569 et
1009 520 1069 568 ut
1099 511 1340 583 perfecte
1367 509 1686 566 illuminans
1723 517 1779 563 et
1815 496 1880 563 ut
1910 509 2156 578 perfecte
2189 507 2336 562 eale-
2369 518 2414 569 Α

2410 561 2414 568 ,
2447 509 2565 562 ἀλλ’
2613 510 2693 562 ὅτι
2731 509 2995 578 ἑκάτερον
3048 508 3186 578 μετὰ
3219 508 3452 580 θατέρου
3486 511 3578 564 καὶ
3619 511 3706 565 διὰ
3741 509 3897 566 τοῦτο
3934 514 4028 566 τέ-

752 608 959 662 iaciens
998 605 1112 661 sive
1139 618 1338 669 urens;
1368 602 1610 673 perfecto
1631 601 1777 655 enim
1810 598 1866 654 e't
1914 601 2180 656 eminenti
2217 615 2330 653 mo-

751 703 822 754 do
845 701 1010 755 habet
1033 706 1368 767 utrumque;
1405 695 1683 765 perlectus
1702 712 1855 755 vero.
1881 696 2010 764 quia
2038 704 2332 764 utrumque

754 802 1016 862 operatur
1046 791 1211 846 simul
1247 799 1302 844 et
1333 787 1671 851 omnimodo,
1710 789 1908 856 duplex
1968 788 2117 841 enim
2159 786 2337 855 perfa-

755 898 936 949 czunt;
986 882 1221 935 alterum
1253 879 1558 934 secundum
1593 889 1882 946 utramque
1917 879 2332 947 proprietatem,

752 974 989 1027 alterum
1009 971 1310 1026 secundum
1343 971 1786 1040 conjunctiouem
1817 984 1942 1023 cum
1959 971 2153 1024 aitero.
2177 969 2267 1024 Sic
2283 982 2339 1024 et

755 1066 809 1118 in
833 1064 1122 1117 Trinitate.
1151 1062 1284 1116 Nam
1309 1063 1547 1130 perfecta
1582 1069 1667 1115 est
1700 1060 1882 1125 Trias,
1915 1070 1970 1114 et
1996 1061 2124 1130 quia
2156 1061 2335 1125 Trias,

755 1172 864 1209 nou
892 1168 1084 1207 monas
1112 1154 1419 1222 personalis
1440 1153 1524 1206 vel
1545 1152 1680 1224 dyas
1709 1169 1722 1218 ;
1758 1154 2000 1222 perlecta
2019 1167 2170 1210 vero.
2208 1153 2338 1221 quia

753 1248 922 1300 etiam
948 1246 1214 1314 qualibet
1246 1261 1482 1315 persona
1521 1246 1826 1300 secundum
1867 1261 1926 1300 se
1966 1245 2337 1306 considerata,

753 1337 858 1390 etsi
886 1352 997 1390 non
1038 1337 1107 1391 ab
1139 1338 1372 1391 invicem
1396 1348 1748 1407 separantur,
1774 1337 2150 1392 omnimodam
2174 1337 2343 1390 habet

753 1428 1149 1497 perfectionem
1170 1429 1596 1483 eteminentiam
1625 1430 2001 1498 perfectionis.
2025 1429 2339 1483 Secundum
2373 1464 2376 1467 -

754 1519 870 1572 haec
894 1523 1007 1586 ipsa
1024 1532 1156 1572 vero
1180 1520 1346 1572 etiam
1370 1520 1652 1589 processio
1670 1519 1911 1589 perfecta
1930 1527 1986 1573 et
2003 1535 2070 1574 ex
2098 1519 2260 1574 Patre
2285 1526 2341 1570 et

754 1624 818 1662 ex
850 1608 1009 1672 Filio,
1040 1619 1096 1663 et
1122 1624 1190 1662 ex
1247 1621 1481 1679 utroque
1512 1610 1754 1679 perfecta
1803 1618 1858 1663 et
1915 1625 1984 1663 ex
2042 1609 2335 1675 ambobus,

755 1708 811 1750 et
859 1714 1028 1767 supra
1085 1700 1355 1752 rationem
1405 1709 1722 1768 utrumque,
1775 1700 1992 1754 etiamsi
2041 1715 2152 1752 non
2202 1703 2338 1753 sim-

759 1792 957 1859 plicem
1031 1806 1209 1858 neque
1290 1805 1452 1843 unam
1520 1790 1887 1859 eamdemque
1948 1789 2096 1842 illam
2161 1789 2332 1844 dicas.

757 1883 825 1936 Et
863 1883 955 1936 tali
993 1892 1151 1950 pacto
1176 1880 1471 1935 difﬁcultas
1502 1890 1591 1934 tua
1627 1882 1859 1934 solvitur
1895 1881 2219 1950 nullumque
2242 1883 2340 1934 ah-
2375 1867 2416 1919 Β

759 1974 987 2028 surdum
1040 1975 1184 2028 hanc
1234 1977 1592 2043 consequitur
1634 1973 1963 2026 doctrinam.
2029 1973 2084 2028 Si
2155 1983 2341 2026 autem

775 2083 940 2121 unam
972 2068 1122 2120 illam
1151 2067 1323 2131 dicas,
1357 2067 1493 2120 nihil
1533 2065 1759 2120 omnino
1794 2066 2160 2131 adversatur;
2200 2067 2344 2120 sicut

759 2162 804 2215 si
845 2162 972 2231 quis
1029 2171 1334 2229 quaereret:
1371 2160 1484 2213 Cur
1531 2169 1759 2228 generat
1806 2159 2005 2213 Pater?
2034 2160 2146 2213 (Zur
2173 2159 2341 2213 Filius

758 2252 1098 2322 generatur?
1143 2250 1256 2305 Cur
1318 2250 1559 2320 Spiritus
1589 2249 1840 2319 procedit
1879 2251 2007 2303 ?nil
2051 2249 2197 2302 aliud
2242 2249 2343 2300 ha-

760 2346 1041 2405 beremus,
1073 2343 1222 2413 quod
1268 2346 1753 2413 responderemus,
1811 2344 1920 2397 nisi
1965 2343 2114 2412 quod
2145 2342 2344 2395 horum

760 2437 1049 2506 quodlibet
1075 2437 1387 2505 pr0priclas
1408 2445 1493 2490 est
1519 2437 1859 2506 singularum
1905 2435 2221 2489 divinarum
2247 2436 2347 2504 hy-

760 2538 1077 2598 postaseon.
1123 2527 1214 2580 Sic
1258 2539 1316 2581 et
1348 2527 1393 2580 si
1435 2537 1492 2580 tu
1533 2525 2072 2596 interrogaszQuam
2109 2525 2181 2579 ob
2212 2540 2347 2580 cau-

762 2637 877 2676 sam
913 2623 1085 2683 Pater
1117 2620 1340 2690 quidem
1389 2628 1615 2690 generat
1645 2620 1840 2674 Filium
1861 2630 1917 2674 et
1940 2620 2351 2689 Spiritumpro-

763 2715 919 2767 ducit
950 2713 1228 2767 mediante
1273 2712 1435 2775 Filio,
1467 2712 1638 2765 Filius
1675 2726 1806 2764 vero
1853 2723 1910 2766 et
1937 2712 2070 2780 ipse
2117 2727 2351 2780 genera-

768 2820 857 2861 tur
886 2824 950 2859 ex
979 2807 1133 2860 l’atre
1184 2815 1238 2859 et
1272 2805 1538 2873 Spiritum
1588 2803 1843 2871 producit
1876 2805 2025 2856 nullo
2072 2805 2181 2858 aiio
2236 2820 2352 2856 am-

767 2904 912 2971 piius
940 2900 1238 2961 mediante,
1266 2899 1506 2966 Spiritus
1548 2898 1789 2966 denique
1821 2908 1878 2950 et
1924 2913 1989 2950 ex
2025 2897 2184 2952 Patre
2218 2911 2351 2965 pro—

765 2994 912 3048 cedit
941 3003 995 3046 et
1025 3008 1089 3046 ex
1122 2991 1283 3054 Filio,
1305 2999 1444 3043 etcx
1475 2990 1569 3043 illo
1599 2989 1822 3058 quidem
1849 2989 2106 3050 mediate,
2139 3003 2204 3041 ex
2249 2988 2353 3039 hoc

767 3101 900 3140 vero
964 3083 1314 3138 immediate?
1344 3110 1410 3121 -—
1438 3083 1640 3136 nullam
1676 3081 1825 3135 aliud
1876 3080 2069 3134 auiics
2119 3094 2353 3148 respou-

2435 605 2600 656 λειον.
2639 603 2859 654 Τέλειον
2891 600 3001 671 γὰρ
3037 603 3101 656 τὸ
3127 602 3262 672 πῦρ,
3285 604 3382 656 καὶ
3418 603 3495 666 ὡς
3533 603 3755 667 τελείως
3787 607 4028 673 φωτίζον

2437 695 2534 746 καὶ
2584 694 2659 747 ὡς
2711 694 2938 756 τελείως
2991 693 3288 762 θερμαῖνον
3338 695 3459 764 ἢτοι
3496 697 3688 749 καῖον·
3739 696 3856 766 ἔχει
3916 697 4030 763 γὰρ

2439 785 2621 853 ἄκρως
2659 787 2944 854 ἑκὰτερον.
2980 787 3204 838 Τέλειον
3248 787 3327 848 δὲ,
3360 787 3443 840 ὅτι
3469 792 3566 840 καὶ
3595 789 3766 854 ἄμφω
3809 788 4031 857 ἐνεργεῖ

2439 877 2558 946 ἅμα
2592 877 2686 928 καὶ
2728 877 3009 938 παντελῶς
3034 893 3046 906 ⁸
3073 877 3301 929 διπλοῦν
3330 877 3437 946 γὰρ
3475 879 3534 928 τὸ
3561 877 3792 938 τέλειον,
3823 879 3884 929 τὸ
3919 879 4024 948 μὲν

2393 966 2564 1042 ,καθ’
2613 968 2884 1033 ἑκατέραν
2939 967 3204 1037 ἰδιότητα,
3255 968 3315 1020 τὸ
3367 968 3424 1021 δὲ
3474 969 3616 1020 κατᾶ
3669 968 3770 1036 τὴν
3801 970 3939 1035 πρὸς
3965 969 4031 1019 τὸ

2439 1060 2630 1128 ἕτερον
2683 1060 3003 1128 συμφυΐαν·
3037 1060 3182 1113 οὕτω
3211 1061 3303 1114 xui
3344 1064 3402 1113 ὲν
3453 1065 3520 1131 τῇ
3577 1061 3794 1132 Τριὰδε.
3831 1061 4034 1113 Τελεξα

2445 1151 2544 1222 μὲν
2576 1152 2686 1220 γὰρ
2724 1152 2954 1222 ὴΤριὰς
3005 1154 3100 1205 καὶ
3142 1154 3226 1206 ὅτι
3271 1154 3468 1223 Τριὰς,
3501 1155 3560 1206 ού
3595 1155 3767 1222 μονὰς
3806 1169 4032 1224 προσω-

2443 1243 2578 1313 πικὴ
2628 1243 2660 1313 ἢ
2705 1245 2862 1309 δυὰς,
2899 1244 3081 1298 τελεία
3118 1245 3196 1310 δὲ,
3225 1246 3309 1298 ὅτι
3340 1247 3434 1299 καὶ
3466 1247 3672 1314 ἑκάστη
3723 1246 4034 1307 ὑπόστασις

2450 1338 2574 1391 xuO‘
2609 1338 2784 1406 αὐτὴν
2827 1338 3202 1408 Θεωρουμένη,
3236 1340 3285 1391 ei
3318 1341 3411 1391 xui
3461 1338 3537 1409 μὴ
3587 1339 3836 1407 ἀλλήλων
3863 1338 4038 1407 χωρί-

2447 1432 2653 1494 ζονται,
2690 1431 2955 1492 παντελὲς
3011 1431 3126 1501 ἔχει
3177 1431 3236 1482 τὸ
3296 1430 3508 1502 τέλειον
3554 1432 3648 1483 καὶ
3703 1431 4032 1500 ύπερτελές.

2446 1524 2605 1576 Κατὰ
2634 1525 2704 1576 τὰ
2733 1522 2874 1575 αὐτὰ
2917 1521 2977 1574 δὲ
3017 1526 3113 1574 καὶ
3150 1523 3181 1589 ἡ
3219 1522 3548 1590 ὲκπόρευσις
3589 1522 3773 1574 τελεία
3823 1522 3916 1574 xui
3970 1523 4038 1570 ὲκ

2442 1615 2537 1668 τοῦ
2577 1617 2815 1684 Πατρὸς,
2846 1616 3030 1668 τελεία
3081 1618 3174 1668 καὶ
3214 1617 3278 1667 ὲκ
3309 1614 3404 1667 τοῦ
3448 1613 3582 1666 Υἱοῦ
3624 1617 3717 1666 καὶ
3742 1615 3801 1678 ἐξ
3834 1614 4037 1668 ἑκατέ-

2445 1722 2557 1772 ρων
2587 1705 2773 1757 τελεία
2800 1722 2814 1734 ·
2850 1706 2945 1757 καὶ
2993 1705 3050 1770 ἐξ
3098 1704 3305 1773 ἀμφοῖν
3345 1704 3443 1758 καὶ
3472 1705 3612 1773 ὑπὲρ
3641 1704 3803 1772 λόγον
3843 1706 4042 1756 ἑκατε-

2445 1814 2560 1866 ρον,
2593 1798 2698 1849 κᾶν
2730 1798 2806 1869 μὴ
2831 1799 3010 1868 ἁπλῆν
3037 1798 3171 1866 μηδὲ
3205 1799 3307 1867 τὴν
3333 1798 3505 1868 αὐτὴν
3535 1797 3631 1851 καὶ
3656 1797 3785 1866 μίαν
3816 1796 4032 1864 ταύτην

2447 1892 2630 1961 εἴπῃς.
2661 1893 2770 1944 Καὶ
2803 1891 2948 1944 οὕτω
2997 1891 3219 1944 λέλυταὶ
3274 1909 3356 1945 σοι
3389 1891 3452 1945 τὸ
3495 1892 3722 1963 ἄπορον,
3753 1893 3845 1944 καὶ
3872 1892 4035 1944 οὐδὲν

2447 1985 2648 2036 ἄτοπον
2697 1983 2776 2050 τῷ
2811 1983 2954 2051 λόγῳ
2985 1984 3294 2036 ἀκολουθεῖ.
3335 1984 3397 2037 Ei
3438 1985 3495 2036 δὲ
3548 1985 3644 2038 καὶ.
3697 1985 3827 2054 μίαν
3860 1983 4040 2052 αὐτὴν

2447 2077 2646 2138 εἴποις,
2670 2077 2728 2127 τὸ
2757 2076 3010 2138 ἀντίξουν
3034 2077 3208 2130 οῦδὲν.
3237 2077 3447 2144 Ὥσπερ
3471 2083 3580 2148 γὰρ
3612 2075 3667 2130 εἷ
3691 2095 3774 2140 τις
3807 2076 3989 2146 ἔροιτο
4019 2091 4034 2105 ⁸

2449 2169 2548 2221 Διὰ
2581 2172 2632 2220 τί
2665 2170 2833 2237 γεννᾷ
2863 2169 2892 2220 6
2930 2171 3154 2238 Πατήρς
3183 2169 3272 2222 διὰ
3299 2169 3350 2222 τί
3379 2171 3407 2222 ὁ
3444 2170 3572 2234 Υἱὸς
3621 2172 3880 2237 γεννᾶται
3905 2186 3920 2234 ;
3947 2168 4043 2220 διὰ

2448 2262 2499 2309 τε
2529 2259 2588 2311 τὸ
2621 2260 2844 2328 Πνεῦμα
2873 2259 3240 2329 ἐκπορεύεται
3266 2278 3282 2327 ;
3321 2263 3423 2314 οὐκ
3463 2263 3526 2312 ἄν
3556 2279 3608 2314 τι
3639 2263 3830 2332 ἕτερον
3861 2262 4044 2314 εἰπεῖν

2453 2351 2674 2420 ἔχοιμεν
2704 2353 2736 2422 ἢ
2763 2353 2845 2404 ὃτι
2882 2352 3089 2406 τούτων
3118 2353 3353 2406 ἕκαστον
3383 2357 3584 2422 ἰδιότης
3613 2357 3758 2407 ἐστὶν
3795 2357 4040 2424 ἑκαστης

2452 2444 2560 2496 τῶν
2585 2442 2754 2498 βεξων
2784 2445 3145 2496 ὑποστάσεων
3168 2461 3180 2474 ·
3217 2445 3392 2507 οῦτως
3435 2446 3542 2499 κᾶν
3587 2448 3751 2508 αὐτὸς
3801 2448 4043 2516 ὲρωτξς,

2453 2536 2550 2588 Διὰ
2581 2538 2632 2588 τί
2663 2538 2690 2599 ὁ
2716 2535 2830 2604 ,μὲν
2880 2537 3072 2605 Πατὴρ
3097 2539 3264 2608 γεννᾷ
3308 2539 3397 2590 τὸν
3432 2539 3558 2590 Υἱδν
3599 2541 3692 2591 καί
3721 2539 3781 2590 τὸ
3820 2538 4047 2606 Πνεῦμα

2455 2621 2827 2696 προϐάλλεται
2857 2629 2950 2680 τοῦ
2985 2629 3119 2681 Υἱοῦ
3165 2630 3570 2700 μεσιτεύοντος,
3607 2633 3634 2684 ὁ
3675 2632 3730 2684 δὲ
3783 2632 3909 2693 Υἱὲς
3944 2633 4045 2683 καὶ

2454 2722 2615 2784 αὐτὸς
2651 2723 2914 2786 γεννᾶται
2945 2724 3008 2774 ἐκ
3037 2723 3129 2776 τοῦ
3167 2724 3405 2791 Πιτρὸς,
3438 2729 3530 2776 καὶ
3560 2730 3620 2776 τὸ
3653 2724 3880 2792 Πνεῦμα
3911 2741 4048 2790 προ-

2457 2815 2713 2867 ϐάλλεται
2751 2816 2954 2882 μηκέτι
2985 2817 3127 2875 τινὸς
3177 2818 3590 2883 μεσιτεύοντος,
3621 2819 3680 2867 τι
3724 2818 3778 2867 δὲ
3817 2815 4049 2882 Πνεῦμα

2461 2909 2551 2979 καὶ
2594 2911 2656 2959 ὲκ
2679 2909 2773 2958 τοῦ
2813 2908 3029 2977 Πατρὶς
3065 2907 3433 2977 ἐκπορεύεται
3492 2909 3587 2959 καὶ
3643 2911 3706 2960 ἐκ
3757 2907 3850 2959 τοῦ
3888 2908 4046 2970 Υἱοῦ,

2461 3001 2556 3051 καὶ
2598 3002 2661 3051 ἐκ
2717 3001 2811 3052 τοῦ
2846 3001 2945 3069 μὲν
2992 3000 3275 3069 ὲμμέσως,
3303 3002 3366 3052 ὲκ
3396 2999 3490 3052 τοῦ
3517 3000 3572 3052 δὲ
3612 2998 3870 3068 ἀμέσως;
3895 3000 4054 3050 οὐδὲν

2460 3095 2590 3147 ἄλλο
2628 3094 2913 3156 ἀκούσεις,
2959 3094 3102 3161 ἧότι
3149 3093 3324 3156 οὕτως
3362 3093 3548 3163 ἔχουσι
3595 3095 3664 3146 τὰ
3697 3093 3806 3144 τῶν
3845 3092 4051 3160 ἰδιοτή-

769 3193 892 3232 sum
931 3177 1036 3230 nisi
1088 3174 1237 3244 quod
1269 3175 1344 3228 ita
1377 3189 1435 3228 se
1467 3175 1672 3226 hahent
1701 3187 1824 3240 qua:
1869 3171 1937 3224 ad
1987 3171 2356 3240 proprietates
2385 3209 2421 3265 C

2410 3210 2427 3264 ι
2461 3206 2590 3242 των.
2623 3189 2789 3257 Ὁρᾷς
2819 3189 2963 3242 ὃτιᾶ
2993 3190 3173 3258 λέγεις
3208 3189 3439 3242 ἕπεσθαι
3471 3190 3550 3258 τῷ
3574 3189 3717 3258 λόγῳ
3741 3189 3817 3250 ὡς
3845 3189 4054 3249 ἄτοπα,

772 3279 1053 3338 spectant.
1087 3266 1254 3320 Vides
1283 3282 1345 3318 ea
1387 3281 1512 3334 qua!
1544 3266 1749 3318 asseris
1780 3263 2085 3316 doctrinam
2112 3271 2356 3319 nostram

771 3361 929 3430 sequi
976 3358 1239 3423 absurda,
1293 3371 1388 3412 aut
1437 3357 1665 3412 minime
1717 3357 1877 3424 sequi
1918 3365 2014 3409 aut
2059 3370 2169 3408 non
2201 3368 2354 3419 vera,

773 3451 870 3506 sed
899 3451 1221 3522 apparentia
1253 3464 1375 3504 esse
1404 3448 1642 3502 absurda
1682 3448 2073 3504 demonstrari.

846 3562 900 3616 8.
932 3560 1050 3614 GR.
1097 3563 1352 3613 Attamen
1410 3557 1561 3610 aliud
1613 3557 1779 3610 video
1840 3554 2170 3618 absurdum,
2213 3549 2364 3621 quod

775 3647 1139 3715 consequitur
1173 3645 1592 3716 processionem
1629 3644 1872 3714 Spiritus
1891 3659 1961 3697 ex
1991 3644 2154 3697 Patre
2191 3650 2364 3710 atque

777 3754 844 3792 cx
876 3737 1034 3791 Filio.

853 3828 1010 3882 LA'I‘.
1040 3827 1298 3882 Edissere
1323 3836 1380 3882 et
1408 3827 1580 3881 istud.
1625 3823 1884 3880 Fortasse
1908 3825 2057 3878 enim
2093 3823 2367 3876 adversus

782 3919 888 3974 hoc
925 3933 1146 3987 quoque
1199 3931 1512 3970 sermonem
1544 3925 1736 3984 aptum
1773 3912 2009 3968 reddere
2041 3921 2259 3981 potero,
2320 3909 2368 3963 si

783 4009 999 4063 dederit
1031 4006 1270 4076 Spiritus
1302 4016 1547 4060 sanetus.

853 4112 968 4167 (ΞΠ.
1019 4113 1086 4179 (ε)
1133 4113 1190 4166 Si
1225 4128 1293 4166 ex
1348 4113 1488 4166 Filio
1519 4122 1666 4166 esset
1701 4112 1962 4182 Spiritus,
2017 4119 2150 4165 tunc
2205 4102 2373 4164 Filius

788 4205 932 4258 foret
963 4204 1206 4272 Spiritus
1247 4213 1423 4273 pater,
1459 4214 1516 4258 et
1549 4206 1794 4273 Spiritus
1829 4206 1976 4258 lilius
2023 4204 2170 4267 Filii,
2201 4218 2376 4272 nepos

788 4307 971 4350 autem
1007 4297 1065 4349 Pa
1088 4296 1210 4357 tris,
1263 4305 1319 4349 et
1367 4297 1530 4350 Pater
1579 4295 1819 4364 Spiritus
1871 4312 2030 4351 avus.
2091 4295 2197 4350 Sed
2254 4296 2372 4348 haec

792 4395 922 4439 sunt
972 4384 1208 4438 ridicula
1257 4396 1422 4454 atque
1463 4402 1494 4438 ιι
1541 4387 1778 4440 veritate
1833 4398 1888 4440 ct
1950 4388 2155 4457 pietate
2217 4385 2377 4453 longe

792 4481 988 4533 aliena.

865 4571 1021 4624 LAT.
1072 4571 1275 4625 Contra
1302 4571 1446 4625 hanc
1475 4572 1744 4624 rationem
1784 4570 2120 4637 respondi-rc
2166 4570 2377 4623 licitum
2409 4558 2459 4616 D

794 4674 900 4727 est,
939 4679 1061 4716 eam
1100 4679 1211 4716 non
1261 4675 1455 4716 contra
1508 4663 1704 4731 dogma
1756 4672 2009 4714 nostrum
2070 4664 2251 4715 valere
2298 4663 2388 4714 dc-

798 4757 1119 4810 ductionem
1180 4756 1630 4824 pr0positionum
1684 4754 2048 4807 ridicularum
2095 4766 2152 4807 et
2193 4755 2388 4822 impia-

806 4865 950 4902 rum.
996 4850 1133 4904 Nam
1191 4858 1376 4918 posset
1434 4849 1561 4917 quis
1616 4849 1826 4914 dicere,
1898 4850 2119 4918 quando
2165 4849 2388 4916 quidem

806 4957 916 4993 non
949 4953 1237 4995 vereretur
1262 4944 1314 4994 in
1345 4943 1698 4995 sermonibus
1745 4942 1814 4995 de
1871 4941 1980 4994 Deo
2026 4940 2297 5009 quidquid
2335 4939 2398 4991 in'

804 5031 1033 5084 huc-.am
1067 5033 1278 5085 venerit
1303 5033 1487 5100 eloqui
1523 5048 1700 5099 eaque
1732 5047 1855 5101 qua:
1885 5031 2154 5085 divinitus
2207 5029 2379 5097 inspi~

807 5133 921 5174 rata
945 5123 1166 5176 oracula
1216 5123 1447 5177 minime
1480 5122 1861 5204 suppeditant,
1897 5131 1956 5173 ut
1989 5122 2183 5188 etipse
2223 5121 2384 5181 dicis,

807 5225 997 5283 posset
1031 5216 1178 5284 quis,
1206 5215 1452 5285 inquam,
1477 5214 1664 5268 dicere
1698 5230 1712 5266 :
1739 5214 1795 5267 Si
1817 5229 1883 5267 ex
1908 5214 2066 5268 Patre
2102 5221 2188 5266 est
2217 5212 2382 5264 etiam

2463 3281 2642 3334 ταῦτα
2691 3281 2974 3332 δείκνυται
3004 3280 3038 3350 ἦ
3079 3281 3154 3350 μὴ
3203 3281 3448 3349 ἑπόμενα
3506 3281 3538 3350 ἢ
3599 3282 3674 3350 μὴ
3719 3281 3869 3341 ὂντα,
3915 3277 4058 3332 α).λὰ

2466 3375 2775 3443 φαινόμενα
2813 3373 3014 3427 ἄτοπα.

2541 3553 2624 3609 ll'.
2658 3554 2758 3607 ΓΡ.
2781 3555 2886 3606 Καὶ
2923 3553 3027 3622 μὴν
3055 3553 3183 3606 ἄλλο
3208 3555 3409 3607 ἄτοπον
3440 3555 3704 3623 ἑπόμενον
3747 3554 3958 3623 συνορῶ
3985 3555 4060 3621 τῇ

2469 3650 2534 3700 ἐκ
2584 3646 2676 3698 τοῦ
2734 3646 2944 3713 Πατρὸς
2988 3645 3082 3696 καί
3133 3648 3196 3697 ἐκ
3255 3646 3347 3698 τοῦ
3399 3647 3530 3699 Υὶοῦ
3571 3647 3900 3716 ἐκπορεύσει
3959 3645 4061 3696 τοῦ

2473 3741 2512 3790 Π
2521 3741 2610 3788 νεύ
2621 3754 2788 3804 ματος
2797 3775 2810 3789 .

2544 3831 2700 3882 ΛΑΤ.
2755 3829 2886 3880 Εἰπὲ
2928 3827 2992 3897 δὴ
3040 3826 3132 3880 καὶ
3179 3826 3357 3878 τοῦτο.
3414 3826 3573 3886 Ἴσως
3615 3827 3722 3894 γὰρ
3766 3826 4066 3894 εύπορὴσω

2473 3922 2568 3972 καὶ
2618 3920 2755 3988 προς
2810 3917 2944 3970 αὐτὸ
2998 3917 3158 3983 λόγου
3208 3917 3390 3983 τινὸς,
3449 3916 3498 3967 ει
3548 3915 3666 3985 δοίη
3722 3916 3783 3969 τὸ
3833 3917 4066 3986 Πνεῦμα

2474 4018 2533 4063 τὺ
2577 4011 2755 4078 ἅγιον.
3071 4069 3091 4082 ,

2549 4123 2655 4173 ΓΡ.
2692 4122 2804 4190 ('29)
2840 4121 2899 4172 Ei
2929 4121 2991 4172 ὲκ
3015 4119 3108 4171 τοῦ
3138 4119 3269 4170 Υἱοῦ
3293 4119 3354 4171 τὸ
3387 4119 3634 4189 Πνεῦμα,
3667 4120 3850 4190 πατὴρ
3873 4119 3938 4172 ἂν
3970 4122 4058 4189 εἴη

2478 4214 2572 4265 τοῦ
2609 4214 2926 4282 Πνεύματος
2952 4215 2978 4262 ὁ
3009 4212 3157 4273 Υἱὸς,
3199 4213 3376 4263 καὶτὸ
3414 4211 3639 4281 Πνεῦμα
3667 4213 3782 4274 υἱὸς
3833 4213 3934 4280 μὲν
3969 4211 4066 4264 τοῦ

2484 4305 2633 4363 Υιοῦ,
2671 4305 2864 4366 υἱωνὸς
2901 4304 2999 4372 (δὲ)
3040 4303 3131 4355 τοῦ
3165 4305 3395 4372 Παιτρδς,
3433 4308 3524 4354 xui.
3558 4307 3585 4355 ὸ
3625 4304 3810 4373 Πατὴρ
3841 4307 4074 4366 πάππος

2481 4395 2574 4447 τ’,ῦ
2603 4397 2917 4462 Ilva-33mm;
2945 4412 2958 4424 ·
2988 4394 3122 4445 ἀλλὰ
3153 4394 3320 4446 ταῦτα
3348 4395 3530 4461 γελοῖα
3565 4397 3658 4446 καὶ
3690 4399 3784 4464 τῆς
3812 4395 4073 4463 ἀληθείας

2485 4491 2574 4540 xui
2611 4487 2708 4554 τῆς
2745 4486 3030 4546 εὐσεϐείας
3067 4487 3344 4553 ἀλλότρια.

2557 4580 2714 4634 ΛΛΤ.
2767 4580 2906 4646 Πρῖς
2941 4578 3127 4628 τοῦτον
3155 4579 3245 4628 τὸν
3277 4576 3433 4642 λόγον
3462 4576 3588 4640 ἐξῆν
3622 4577 3974 4642 ἁντεπάγειν,
4002 4577 4076 4638 (ις

2488 4675 2546 4724 οὐ
2585 4675 2712 4740 περὶ
2748 4673 2805 4721 τὶ
2839 4671 3016 4736 δόγμα
3053 4668 3208 4736 ἡμῶν
3315 4667 3674 4734 ἀκολούθησις
3705 4667 3814 4718 τῶν
3849 4669 4081 4733 γελοίων

2493 4763 2583 4813 x2).
2615 4760 2830 4811 ασεῦὦν
2861 4777 2871 4788 ·
2911 4759 3032 4809 ἐπεὶ
3061 4754 3214 4808 εἶπεν
3243 4758 3307 4809 ἄν
3342 4774 3446 4817 τις.
3472 4760 3520 4807 εἰ
3555 4758 3628 4825 μὴ
3663 4757 3908 4820 εὐλαϐῶς
3935 4755 4085 4826 εἶχεν

2492 4856 2548 4902 ἐν
2578 4855 2688 4912 τοῖς
2727 4851 2851 4920 τῖςρῖ
2876 4849 3010 4901 Θεοῦ
3043 4849 3220 4916 λόγοις
3251 4847 3343 4899 καὶ
3373 4849 3442 4898 τὰ
3473 4850 3703 4917 τυχόντα
3740 4849 3942 4914 ςθέγτε
3956 4851 4087 4902 σο,.ι

2428 4996 2430 4998 ,
2496 4945 2591 4995 καὶ
2623 4941 2658 4996 a
2690 4945 2763 5012 μὴ
2791 4945 2858 4994 τὰ
2885 4942 3222 4994 Θεόπνευστα
3249 4941 3408 5007 λόγια
3435 4941 3641 5004 δίδωσι,
3681 4940 3824 4992 καθα
3854 4942 3961 5011 φῂς
3992 4947 4088 4992 καὶ

2491 5036 2676 5098 αὐτὸς,
2707 5036 2788 5087 ὃτι
2822 5035 2881 5086 ΕΞ
2917 5035 2979 5086 ἐκ
3006 5031 3098 5084 τοῦ
3132 5032 3343 5102 Πατρὸς
3379 5031 3473 5082 καὶ
3501 5029 3558 5081 τὸ
3587 5031 3844 5101 Πνεῦμα,
3880 5033 3992 5094 υἱὸς
4025 5033 4091 5084 ἂν

2496 5128 2591 5179 τοῦ
2617 5129 2838 5196 Πατρῆς
2865 5127 2957 5177 καὶ
2992 5123 3218 5190 ἁδελφὸς
3251 5120 3347 5174 τοῦ
3381 5119 3580 5174 Υἱοῦ...

814 5305 1078 5373 Spiritus,
1118 5317 1250 5361 tunc
1279 5306 1423 5361 lilius
1455 5307 1631 5360 Patris
1671 5314 1728 5358 et
1765 5303 1886 5357 Filii
1923 5303 2094 5358 frater
2140 5303 2390 5357 erit......
2469 5297 2472 5301 ’

885 5506 997 5576 (29)
1029 5506 1109 5560 Ad
1140 5524 1310 5577 marg.
1349 5505 1471 5561 Vat.
1508 5506 1547 5560 l'.
1594 5508 1647 5569 8,
1679 5522 1708 5559 a
1747 5523 1760 5558 :
1801 5505 2028 5572 Ἕτερον
2062 5504 2290 5577 ἄτοπον,
2319 5505 2402 5577 ὅτι

816 5581 864 5632 εἰ
898 5575 962 5631 εκ
1003 5577 1098 5631 τοῦ
1128 5575 1345 5631 Υἱοῦῖιὸ
1379 5577 1629 5648 Πνεῦμα,
1671 5579 1785 5639 υἱὸς
1825 5577 1979 5629 ἔσται
2021 5575 2116 5626 τοῦ
2171 5575 2303 5628 Υἱοῦ
2334 5576 2397 5628 τὸ

897 5759 966 5824 is)
991 5758 1254 5824 Quintum
1305 5766 1689 5828 argumentum
1717 5771 1732 5809 :
1758 5755 1814 5809 Si
1851 5770 1916 5808 ex
1964 5752 2121 5828 Filio
2145 5753 2404 5828 Spiritus,

818 5835 924 5887 erit
959 5831 1078 5882 ιδιιῆ
1112 5834 1254 5884 lilius
1284 5824 1524 5899 Spiritus
1547 5837 1605 5886 et
1633 5827 1808 5882 Filius
1834 5834 1990 5896 pater
2031 5824 2272 5885 Spiritus
2296 5834 2403 5882 etc.

2517 5501 2754 5574 Πνεῦμα.
2777 5503 2870 5554 καὶ
2910 5504 2949 5574 ᾲό
3002 5501 3131 5565 Υἱὸς
3167 5500 3356 5574 Πατὴρ
3379 5500 3474 5554 τοῦ
3505 5503 3853 5574 Πνεύματος,
3897 5502 3994 5552 καὶ
4034 5498 4102 5553 τὰ

2508 5575 2635 5644 ἑξῆς
2662 5570 2680 5604 ’⁷
2709 5570 2830 5626 εἶτα
2861 5572 3013 5635 λύσις
3045 5573 3233 5628 αὑτοῦ.

2515 5718 2938 5824 (Ῐὸιιΐοι-ΑΡΙιοι.
2973 5751 3044 5803 De
3075 5750 3267 5824 Spirit.
3313 5763 3483 5808 sanet.
3521 5757 3865 5824 mystaoogia,

2517 5823 2693 5879 Nicol.
2725 5822 2966 5878 Methon.
2999 5838 3050 5876 c.
3080 5823 3172 5877 ‘Zl.
