4288 6364
215 401 327 467 ξοδ

1153 390 1253 449 DE
1296 382 1810 447 PROCESSIONE
1850 382 2204 440 SPlRlTUS
2246 380 2541 442 SANCTI.

3358 377 3465 445 906

216 512 517 577 ἀνάπαλιν,
540 508 653 565 ἀλλ’
679 504 1109 577 ἐκπορευόμενον
1135 506 1197 555 ἐκ
1224 502 1318 554 τοῦ
1347 503 1557 571 Πατρῧς
1589 501 1676 553 διὰ
1705 498 1796 551 τοῦ
1832 502 1872 556 Α
1905 495 1977 565 Sp

1834 502 1872 556 Α
1905 495 2167 565 Spiritus,
2198 508 2251 550 et
2299 499 2575 566 posterius
2606 512 2671 551 ex
2707 497 2841 551 Filio
2872 496 2952 551 vel
2994 497 3106 550 tice
3144 510 3299 549 versa
3327 510 3341 558 ;
3371 498 3468 554 sed

217 603 356 659 Υἱοῦ
390 600 774 671 ἐκπορεύεται,
812 596 907 650 καὶ
939 593 1378 662 ἐκπορευόμενον
1416 593 1477 643 ὲκ
1508 590 1599 641 τοῦ
1633 586 1793 648 Υἱοῦ,

214 697 291 760 ὡς
315 695 408 749 διά
441 694 609 763 μέσου
638 689 735 744 τοῦ
768 687 919 749 Υἱοῦ,
945 688 1039 741 καὶ
1060 688 1123 737 ὲκ
1156 685 1387 753 Πατρὸς,
1417 683 1489 744 ὡς
1524 685 1586 734 ὲκ
1619 680 1798 748 πηγῆς

215 788 311 841 τοῦ
339 784 491 847 Υιοῦ,
510 781 867 851 ἐκπορεύεται
892 797 906 812 ο
932 781 1022 833 καὶ
1045 778 1145 829 οὐκ
1164 775 1393 843 ἐστιτῆς
1422 771 1799 841 ὲκπορεύσεως

215 880 428 947 ταύτης
455 878 688 945 διαφορά
708 918 723 939 ,
764 877 813 927 ιι
852 874 926 942 μή
960 890 1044 934 τις
1071 871 1220 937 λέγοι
1251 870 1311 923 τὸ
1340 867 1582 936 ἐμμεσον
1613 866 1707 917 καὶ
1741 865 1801 916 τὸ

215 972 430 1040 dp.ro
467 969 562 1021 καὶ
604 968 746 1021 κατὰ
778 966 950 1018 ταῦτα
981 964 1271 1026 δυάξεσθαι
1309 958 1549 1028 βούλοιτο
1589 958 1685 1023 τὴν
1713 959 1801 1007 ὲκ-

215 1063 509 1131 πόρευσιν,
541 1062 665 1113 ἐπεὶ
688 1059 829 1112 κατά
864 1055 926 1122 γέ
950 1072 1001 1108 τι
1046 1055 1175 1108 ἄλλο
1206 1055 1306 1105 οὐκ
1357 1050 1503 1103 ἐστιν
1545 1050 1800 1117 οὐδεμίαν

214 1151 395 1219 αὐτῆς
420 1154 705 1217 ἐπινοῆσαι
731 1148 1021 1216 διαφοράν.

288 1242 354 1294 δ’.
382 1240 488 1293 ΓΡ.
518 1238 701 1291 Εἱιοῦν
730 1239 758 1291 ὁ
790 1239 978 1307 Πατὴρ
1008 1238 1104 1306 μὲν
1133 1237 1218 1290 διὰ
1249 1235 1414 1305 μέσου
1452 1232 1547 1285 τοῦ
1579 1229 1710 1281 Υἱοῦ
1742 1227 1800 1281 τὸ

215 1335 451 1402 Πνεῦμα
478 1332 915 1402 προϐαλλόμενος
947 1331 1206 1399 ὲμμέσως
1230 1329 1387 1381 τοῦτο
1411 1324 1797 1395 προϐάλλεται,

214 1426 245 1476 6
272 1425 407 1487 Υἱὸς
428 1424 485 1476 δὲ
514 1423 733 1491 ἁμέσως
763 1422 823 1473 τὸ
849 1422 981 1474 αὐτὸ
1011 1421 1284 1489 προΐεται,
1314 1420 1397 1470 ὅτι
1417 1417 1492 1486 μὴ
1524 1417 1589 1468 δι’
1613 1414 1800 1483 ἑτέρου

214 1515 387 1578 τινὸς,
424 1514 510 1582 εἴη
544 1512 655 1565 ἃ.νό
695 1509 819 1572 Υἱὸς
844 1510 1106 1579 προσεχὲς
1138 1507 1231 1561 τοῦ
1259 1506 1573 1575 Πνεύματος
1604 1502 1800 1563 αἴτιον,

213 1607 246 1659 ὁ
286 1607 345 1658 δὲ
398 1604 587 1673 Πατὴρ
635 1606 695 1657 οὐ
744 1601 1041 1672 προσεχές·
1092 1600 1185 1651 καὶ
1218 1598 1392 1659 οὕτως
1443 1598 1597 1647 ἔσται
1638 1596 1666 1647 ὁ
1706 1594 1803 1663 μὲν

217 1694 416 1764 Πατὴρ
459 1695 677 1764 πρῶτον
713 1695 908 1755 αἴτιον,
961 1694 989 1744 ὁ
1035 1692 1090 1743 δὲ
1120 1689 1248 1752 Υἱὸς
1304 1690 1420 1760 μετ’
1475 1686 1660 1749 αὐτὸν,
1711 1687 1803 1738 καὶ

216 1784 366 1837 οὕτω
412 1785 469 1837 δὲ
512 1786 675 1836 πάλιν
719 1782 1077 1850 ἀκολουθήσει
1114 1782 1145 1849 ἡ
1188 1779 1379 1844 ὐφεσις
1433 1775 1508 1847 τῷ
1556 1775 1665 1844 Υἱῴ
1705 1774 1801 1841 μὲν

218 1878 359 1945 πρὸς
388 1876 476 1926 τὸν
501 1874 741 1945 Πατέρα,
767 1873 845 1943 τῷ
874 1874 1151 1941 Πνεῦματι
1174 1869 1229 1921 δὲ
1257 1868 1391 1938 πρὸς
1413 1868 1503 1919 τὸν
1532 1866 1678 1927 Υἰὸν,
1709 1866 1800 1916 καί

217 1967 334 2031 ἱξει
374 1964 549 2028 οὕτως
585 1966 769 2035 χώραν
809 1965 1026 2032 Ἀρειος
1060 1962 1155 2015 καὶ
1196 1960 1459 2029 Ενῦνόμιος
1489 1957 1583 2009 καὶ
1615 1955 1803 2008 Maus-

219 2058 397 2120 δόνιος
427 2057 523 2109 καὶ
558 2053 985 2124 ’Δπολλινάριος.

292 2234 452 2288 AAT.
491 2232 652 2286 Ἀλλά
672 2232 887 2302 θάρρει,
910 2224 954 2284 ὦ
981 2230 1154 2294 ἀγαθὲ
1183 2245 1195 2258 ⁸
1222 2230 1281 2281 οὐ
1310 2227 1490 2299 χώραν
1513 2228 1642 2298 παρ’
1670 2230 1801 2297 ἡμῖν

217 2325 332 2391 ἕξει
366 2322 492 2375 οὐτε
524 2324 741 2393 Ἀρειος
782 2320 904 2374 οὐτε
947 2322 1209 2389 Εὐνόμιιις
1250 2320 1372 2372 οὔτε
1405 2320 1735 2381 Μακῑδόνιος
1767 2319 1798 2388 ἢ

230 2417 665 2486 Ἀπολλινάριος.
690 2409 847 2469 Οὗτοι
878 2414 988 2484 γὰρ
1012 2415 1250 2475 ἅπαντες
1280 2414 1376 2482 τὴν
1405 2412 1631 2483 θεότητα
1660 2413 1692 2483 ἢ
1723 2414 1799 2474 εἰς

218 2510 521 2578 διαφόρους
551 2508 810 2576 θεότητας
839 2506 1257 2575 κατατέμνουσι,
1290 2507 1385 2559 καὶ
1424 2507 1523 2575 τὴν
1558 2507 1658 2573 μὲν
1686 2505 1803 2573 μεί-

221 2601 358 2664 ζονα
388 2600 664 2663 τίθενται,
687 2598 785 2668 τὴν
812 2598 867 2651 δὲ
900 2598 1188 2661 ἐλάττονα,
1222 2598 1321 2663 τὴν
1348 2597 1404 2649 δὲ
1439 2596 1618 2664 μέσως
1651 2595 1802 2665 ἔχου-

227 2707 352 2754 σαν,
393 2692 424 2758 ἧ
455 2690 554 2756 τῆς
584 2689 840 2741 ἀκτίστου
874 2688 1089 2758 φύσεως
1124 2688 1219 2740 τοῦ
1252 2688 1464 2757 [ἰατρὸς
1494 2686 1796 2757 ἀλλοτριοῦ-

222 2798 331 2841 σιν,
392 2780 426 2848 ἢ
457 2781 551 2832 καὶ
603 2781 693 2831 τὸν
746 2780 873 2833 Υἱὸν
923 2782 1017 2833 καὶ
1075 2779 1135 2831 τὸ
1187 2779 1413 2849 Πνεῦμα
1465 2780 1802 2848 ὐπαλλήλονς

221 2872 438 2937 φύσεις,
463 2874 529 2923 ἵν’
552 2871 721 2934 οὕτως
752 2874 888 2925 εἴπω
926 2873 1117 2937 ταῦτα,
1150 2874 1240 2924 καὶ
1274 2872 1475 2941 κτίσμα
1506 2872 1617 2925 τόδε
1646 2871 1799 2923 τοῦδε

220 2968 317 3017 καὶ
359 2964 522 3016 τοῦτο
570 2964 780 3016 ἐκείνου
817 2963 1114 3035 τιθέμενοι,
1148 2965 1178 3035 ἢ
1216 2967 1274 3016 τὸ
1307 2961 1529 3034 Πνεῦμα
1584 2966 1801 3025 πάντως

218 3059 303 3118 εἰς
341 3056 445 3125 τὴν
476 3056 586 3107 τῶν
630 3056 946 3125 κτισμάτων
982 3056 1135 3129 τάξιν
1166 3056 1523 3123 κατάγοντεςυ
1556 3057 1683 3125 παρ’
1716 3052 1801 3115 οἷς

1900 589 2204 657 procedens
2226 604 2291 642 ex
2329 590 2485 643 Patre
2517 605 2613 659 per
2654 590 2851 645 Filium
2883 587 3149 653 procedit,
3183 596 3238 640 et
3273 599 3469 655 proce-

1903 682 2035 735 dens
2058 698 2123 736 ex
2157 681 2316 746 Filio,
2354 689 2409 733 ut
2447 697 2542 751 per
2575 682 2815 735 medium
2858 681 3149 742 Filium,et
3187 692 3252 731 ex
3284 677 3466 737 Patre,

1902 784 1961 827 ut
2008 789 2073 826 ex
2125 776 2275 825 l‘onte
2318 773 2464 835 Filii,
2494 775 2761 841 procedit.
2800 772 2868 826 Et
2894 787 3002 824 non
3036 778 3119 824 est
3144 769 3309 838 hujus
3339 781 3469 836 pro--

1899 865 2170 919 cessionis
2205 864 2541 927 tlill'erentia,
2585 866 2687 917 uisi
2725 864 2868 918 forte
2905 863 3031 932 quis
3078 861 3376 915 mediatum
3419 868 3473 910 et

1904 956 2284 1008 imutediatum
2313 955 2559 1023 proferat
2598 961 2654 1009 et
2686 956 2989 1009 secundum
3042 954 3156 1007 haec
3201 950 3469 1020 duplicari

1902 1046 2035 1099 velit
2080 1048 2511 1113 processioncm,
2564 1061 2690 1098 cum
2744 1045 3046 1099 secundum
3124 1040 3273 1095 aliud
3309 1039 3470 1108 quid-

1908 1134 2051 1203 piam
2082 1134 2230 1188 nulla
2276 1135 2397 1205 ejus
2443 1134 2753 1188 diﬂ'erentia
2793 1139 2975 1201 posset
2998 1128 3328 1199 excogitari.

1972 1231 2088 1287 GR.
2142 1228 2199 1281 Si
2263 1225 2429 1294 igitur
2464 1225 2627 1279 Pater
2676 1223 2901 1293 quidem
2958 1236 3056 1289 per
3105 1218 3348 1273 medium
3391 1217 3479 1269 Fi-

1903 1323 2034 1376 lium
2070 1317 2334 1387 Spiritum
2382 1314 2692 1383 producens
2740 1313 2980 1368 mediate
3024 1324 3151 1365 eum
3196 1308 3473 1379 producit,

1904 1412 2079 1467 Filius
2114 1422 2243 1461 vero
2291 1403 2609 1459 immediate
2637 1419 2763 1456 cum
2792 1402 3015 1465 emittit,
3064 1400 3190 1469 quia
3236 1414 3345 1452 non
3380 1414 3478 1467 per

1878 1492 1879 1495 “
1906 1505 2076 1556 alium
2108 1498 2447 1569 quempiam,
2480 1496 2649 1549 Filius
2680 1494 2823 1547 foret
2865 1494 3174 1562 proximum
3220 1508 3318 1546 seu
3350 1506 3480 1545 con-

1907 1595 2117 1663 tiguum
2155 1590 2396 1657 Spiritus
2426 1586 2787 1656 principium,
2831 1583 2990 1637 Pater
3030 1598 3161 1636 vero
3193 1598 3301 1635 non
3344 1596 3473 1636 con-

1908 1686 2143 1753 tiguum.
2179 1682 2246 1734 Et
2285 1678 2365 1732 sic
2402 1678 2508 1731 erit
2550 1675 2710 1729 Pater
2737 1674 2959 1744 quidem
2998 1673 3234 1742 primum
3266 1672 3477 1741 princi—

1911 1775 2083 1844 pium,
2140 1771 2315 1826 Filius
2370 1783 2501 1821 vero
2555 1776 2679 1834 post
2740 1766 2944 1834 ipsum,
2997 1772 3053 1818 et
3113 1762 3195 1815 sic
3257 1763 3476 1815 ru'rsum

1834 1845 2169 1933 Bsequetur
2208 1858 2547 1914 inferioritas
2602 1865 2716 1909 tum
2771 1855 2968 1909 Filium
3030 1854 3210 1924 quoad
3262 1854 3475 1907 Patrem

1905 1968 2020 2012 tum
2061 1954 2324 2025 Spiritum
2376 1947 2555 2019 quoad
2607 1948 2827 2011 Filium;
2863 1956 2919 2001 et
2959 1947 3038 2001 sic
3083 1947 3262 2000 locum
3311 1947 3480 2000 habc~

1905 2055 2044 2105 buut
2073 2048 2235 2102 Arius
2274 2053 2330 2098 et
2370 2041 2699 2104 Eunomius,
2733 2041 3083 2096 Macedonius
3117 2052 3278 2109 atque
3314 2044 3479 2111 Apul-

1904 2142 2134 2196 linarius
2170 2140 2270 2206 (π).

1978 2233 2135 2289 LAT.
2169 2233 2372 2287 Verum
2400 2229 2547 2283 bono
2579 2227 2766 2281 animo
2790 2235 2931 2291 esto,
2970 2242 3002 2280 ο
3029 2230 3167 2280 bone
3194 2245 3208 2291 ;
3242 2243 3351 2281 nou
3377 2228 3443 2283 Ita

1908 2327 2059 2380 hebit
2089 2322 2233 2394 apud
2264 2338 2365 2375 nos
2413 2321 2594 2375 locum
2638 2333 2814 2387 neque
2859 2317 3041 2380 Arius,
3086 2332 3264 2387 neque
3294 2319 3476 2372 Ειιηε-

1906 2420 2069 2480 mius,
2123 2429 2303 2483 neque
2362 2410 2734 2472 Macedonius,
2770 2424 2947 2478 neque
2991 2409 3147 2477 Apoll
3177 2409 3381 2463 uarius.
3414 2411 3477 2464 lli

1904 2510 2049 2563 enim
2108 2520 2300 2560 omnes
2336 2504 2603 2559 Deitatem
2658 2503 2744 2557 vel
2792 2502 2845 2555 in
2895 2502 3143 2556 diversas
3202 2500 3479 2557 dissecant

1906 2600 2158 2660 deitates,
2228 2607 2283 2651 et
2347 2596 2510 2650 aliam
2586 2593 2809 2663 quidem
2885 2594 3149 2664 majorem
3203 2604 3475 2655 statuunt.

1906 2693 2065 2746 aliam
2099 2704 2230 2743 vero
2264 2687 2555 2749 minorem,
2601 2686 2763 2739 aliam
2809 2685 2865 2738 in
2910 2684 3096 2737 medio
3151 2699 3210 2738 se
3266 2684 3478 2743 baben-

1906 2779 2146 2842 tem,vel
2204 2777 2271 2831 ab
2315 2776 2555 2830 increata
2604 2786 2800 2829 natura
2857 2775 3034 2829 Patris
3079 2785 3338 2843 separant
3394 2778 3476 2832 vel

1904 2872 2067 2927 etiam
2095 2869 2291 2923 Filium
2321 2876 2485 2935 atque
2534 2864 2798 2935 Spiritum
2843 2865 3192 2919 subalternas
3230 2875 3476 2924 naturas.

1909 2974 1968 3018 ut
2004 2964 2076 3016 ita
2099 2976 2161 3014 ea
2188 2959 2390 3022 dicam,
2417 2966 2472 3011 et
2503 2968 2817 3012 creaturam
2860 2958 3095 3011 alterum
3149 2957 3380 3011 alterius
3422 2969 3480 3009 et

1908 3059 2012 3112 hoc
2038 3056 2185 3110 illius
2220 3062 2455 3125 ponunt,
2529 3052 2615 3106 vel
2655 3051 2923 3122 Spiritum
2961 3065 3188 3119 prorsus
3232 3050 3285 3103 in
3326 3065 3481 3104 crea-

218 3146 320 3198 καὶ
351 3147 413 3198 τὸ
444 3146 660 3214 πρῶτον
694 3148 793 3199 οὐκ
826 3147 1051 3211 εὐλαϐὲς
1082 3150 1177 3201 καὶ
1208 3151 1266 3200 τὸ
1302 3148 1567 3219 προσεχὲς
1603 3148 1796 3209 ἀσεϐὲς
1829 3181 1874 3243 C
1911 3162 1983 3205 tu:

1834 3181 1874 3243 ο
1911 3162 2154 3205 turarum
2212 3146 2463 3201 ordinem
2494 3145 2833 3214 deprimunt.
2890 3143 3047 3214 Apud
3083 3144 3183 3197 hos
3241 3143 3478 3213 primum

220 3240 316 3290 καὶ
351 3239 414 3291 τὸ
451 3240 612 3306 μέσον
653 3240 975 3308 παρόμοιον,
1006 3240 1099 3293 καὶ
1126 3239 1184 3291 τὸ
1222 3240 1409 3308 μεῖζον
1438 3239 1622 3292 καὶτὸ
1652 3240 1801 3291 ἐλατ-

220 3345 313 3381 τον
341 3329 438 3379 καὶ
471 3328 505 3396 ἠ
536 3327 690 3391 τάξις
720 3328 904 3388 ἁπλῶς
936 3330 1028 3380 καὶ
1054 3329 1116 3397 το
1144 3326 1249 3395 πρὸ
1274 3326 1428 3377 τοῦδε
1454 3326 1549 3377 καὶ
1574 3326 1633 3377 τὸ
1667 3327 1806 3392 μετά

221 3420 339 3471 τάδε
366 3420 462 3471 καὶ
481 3420 547 3471 τὰ
569 3420 691 3487 ὲξῆε
722 3421 813 3471 καὶ
834 3422 900 3471 τά
922 3418 1097 3470 τοιάδε
1123 3416 1231 3468 τῶν
1256 3416 1533 3485 ὀνομάτων
1562 3419 1626 3486 τῇ
1656 3418 1803 3485 σφῶν

223 3511 458 3580 ἀσεϐείᾳ
505 3511 855 3580 κατα>.λή).ως
890 3511 1177 3578 νοούμενα.
1223 3509 1360 3577 Παρ¹
1394 3510 1525 3579 ἡμῖν
1558 3509 1614 3561 δὲ
1648 3510 1740 3562 καὶ
1770 3512 1803 3580 ἡ

222 3602 415 3666 τάξις,
452 3604 503 3654 εἰ
544 3602 787 3670 λέγοιτο,
821 3603 941 3654 κατ’
985 3602 1226 3662 εὐσεϐεῖς
1256 3601 1546 3669 λογισμοὺς
1586 3600 1676 3653 ἐπὶ
1708 3601 1805 3665 τῆς

227 3695 393 3758 άγέας
417 3693 648 3762 mssa,-
674 3692 1159 3763 παραλαμϐάνεται
1185 3692 1276 3744 καὶ
1302 3691 1361 3743 τὸ
1387 3692 1600 3761 πρῶτον
1630 3691 1724 3743 καὶ
1746 3693 1805 3743 τὸ

225 3784 563 3852 πρότερον...
594 3836 599 3839 ι

1907 3257 2014 3296 non
2047 3240 2197 3310 pium
2240 3246 2297 3291 et
2335 3237 2655 3307 contiguum
2705 3234 2934 3304 impium
2997 3245 3055 3289 et
3117 3234 3359 3288 medium
3408 3234 3483 3287 si-

1914 3333 2067 3393 mile,
2122 3339 2179 3383 et
2228 3328 2405 3399 majus
2437 3334 2493 3381 et
2522 3327 2705 3380 minus
2760 3335 2817 3379 et
2865 3324 3001 3378 ordo
3043 3324 3388 3392 simpliciter,
3427 3336 3484 3377 et

1906 3439 2076 3478 unum
2129 3430 2256 3474 ante
2299 3418 2449 3473 aliud
2494 3426 2549 3473 et
2592 3418 2827 3471 alterum
2857 3426 2982 3485 post
3010 3414 3158 3469 aliud
3190 3422 3245 3469 et
3277 3423 3481 3469 caetera

1908 3523 2074 3583 atque
2105 3513 2272 3566 etiam
2320 3508 2590 3579 ejusmodi
2631 3508 2735 3562 alia
2773 3508 2999 3561 nomina
3038 3521 3231 3561 eorum
3286 3504 3484 3575 impie-

1910 3615 2019 3660 tate
2046 3604 2374 3673 excogitata.
2432 3600 2589 3671 Apud
2630 3615 2731 3653 nos
2762 3614 2893 3652 vero
2931 3598 3097 3651 etiam
3133 3596 3290 3657 ordo,
3322 3596 3369 3650 si
3397 3596 3479 3648 di-

1911 3702 2092 3757 catur,
2125 3691 2429 3747 secundum
2483 3688 2766 3758 religiosas
2809 3686 3166 3757 cogitationes
3202 3685 3256 3738 in
3290 3694 3481 3738 sancta

1912 3786 2181 3840 Trinitate
2222 3780 2491 3851 accipitur
2524 3786 2580 3833 et
2609 3778 2847 3848 primum
2882 3792 2944 3831 ac
2971 3776 3209 3846 prius....

298 3899 450 3952 Inter
475 3899 627 3966 plura
648 3898 750 3950 alia
772 3896 1055 3950 Athanasii
1088 3906 1141 3951 et
1182 3897 1426 3967 Gregorii
1496 3900 1820 3955 Nazianzeni
1865 3897 2191 3956 testimoniis
2242 3896 2417 3949 utitur
2454 3892 2683 3947 Latinus
2718 3890 2757 3945 ί.
2793 3890 2877 3955 l3,
2924 3890 3011 3946 Η.
3047 3888 3227 3959 Atque
3279 3889 3482 3946 deinde

229 3970 397 4023 latius
426 3969 687 4034 explicat,
720 3967 853 4035 quid
899 3966 970 4019 sit
1007 3967 1164 4031 ordo,
1214 3966 1475 4036 primum,
1512 3974 1838 4037 secundum,
1876 3981 1983 4025 etc.

301 4081 421 4131 'Iu.
460 4078 515 4129 δὲ
544 4081 569 4129 ὁ
598 4078 756 4143 λόγος
786 4076 1275 4147 ἐξεταστικώτερος
1301 4077 1551 4149 γένηται,
1579 4079 1800 4133 ἄλλοθεν

228 4170 395 4221 πάλιν
432 4168 728 4235 ἀρχόμενοι
778 4165 905 4233 περὶ
936 4165 1166 4217 ἑκάστιυ
1203 4168 1310 4217 τῶν
1352 4168 1659 4236 εἰρημένων
1688 4168 1804 4219 dvo-

239 4266 431 4331 μάτων
464 4257 731 4325 λέγομεν,
785 4254 1040 4323 ποσαχῶς
1076 4273 1133 4306 τε
1167 4256 1385 4323 λέγεται
1420 4260 1514 4310 καὶ
1536 4258 1684 4320 ὅπως
1715 4260 1806 4310 ἐπὶ

232 4355 327 4418 τῆς
360 4350 528 4415 ἁγίας
570 4346 796 4415 Τριάδος
852 4346 1344 4415 παραλαμϐάνεται
1376 4365 1390 4379 ’
1446 4352 1539 4401 καὶ
1594 4350 1807 4419 πρῶτον

224 4440 355 4509 περὶ
391 4438 598 4500 τάξεως
640 4437 775 4503 (56).

295 4538 358 4583 ι’.
435 4528 501 4580 Ἦ
534 4528 710 4579 τοίνυν
737 4528 889 4591 τάξις
935 4528 967 4598 ἢ
1001 4531 1058 4580 ἐν
1103 4530 1314 4591 οὐσίαις
1359 4530 1648 4596 θεωρεῖται
1680 4532 1709 4598 ἢ
1744 4534 1799 4583 ἐν

233 4622 428 4680 ποσοῖς
458 4619 491 4685 ἢ
527 4620 585 4669 ὲν
612 4622 787 4679 ποιοῖς
811 4619 842 4687 ἢ
870 4621 927 4669 ὲν
950 4624 1061 4682 τοῖς
1095 4622 1231 4688 πρὸς
1260 4638 1311 4672 τι
1337 4621 1368 4689 ἢ
1403 4625 1459 4673 ἐν
1490 4626 1599 4690 τοῖς
1631 4626 1804 4674 ποιεῖν

226 4711 257 4779 ἦ
302 4709 539 4776 πάσχειν
568 4707 882 4776 λεγομένοις
914 4709 946 4777 ἢ
977 4711 1035 4760 ἐν
1075 4713 1189 4771 τοῖς
1219 4711 1322 4762 ποῦ
1356 4712 1387 4780 ἢ
1420 4713 1477 4761 ἐν
1512 4716 1621 4775 τοῖς
1674 4714 1804 4765 πότε

230 4806 263 4872 ἧ
298 4806 359 4853 ἐν
394 4804 510 4863 τοῖς
550 4801 695 4868 ἔχειν
726 4803 822 4851 καὶ
853 4800 1130 4870 ἔχεσθαιῆ
1168 4804 1223 4852 ἐν
1253 4804 1385 4854 πᾶσι
1422 4804 1630 4865 τούτοις
1669 4806 1804 4871 πρὶς

226 4892 461 4957 ἄλληλα·
497 4890 554 4939 ὲν
586 4889 721 4940 πᾶσι
760 4888 858 4956 μὲν
880 4888 955 4949 ὡς
986 4890 1142 4940 οὐσία
1163 4928 1176 4950 ,
1217 4889 1381 4940 ποσὸν
1404 4929 1417 4949 ,
1452 4889 1625 4953 ποιὸν,
1668 4896 1804 4957 πρὸς

223 5001 277 5033 τι
305 4982 406 5034 καὶ
432 4981 502 5032 τά
530 4979 659 5047 ἑξῆς
683 4996 697 5008 ·
725 4980 1167 5047 προσεπινοεῖται
1206 4977 1302 5047 μὲν
1326 4978 1434 5048 γὰρ
1461 4978 1534 5039 ὡς
1581 4978 1822 5029 ὐποκεί-’

242 5088 411 5139 μενον
437 5073 552 5132 τοῖς
580 5070 764 5131 ἄλλοις
796 5070 964 5121 πᾶσιν
992 5070 1024 5138 ἡ
1056 5070 1236 5127 οὐσία,
1276 5066 1391 5119 εἶτα
1425 5068 1804 5137 ἐπιθεωρεῖται

232 5165 294 5215 τὸ
325 5163 518 5225 ποσὸν,
569 5162 691 5230 μεθ’
736 5161 765 5213 ὃ
816 5163 876 5213 τὸ
911 5163 1063 5214 ποιὸν
1104 5162 1197 5214 καὶ
1244 5161 1440 5229 ἑφεξῆς
1472 5164 1532 5213 τὸ
1580 5162 1715 5231 πρός
1754 5176 1804 5210 τι

232 5261 330 5307 καὶ
360 5257 430 5305 τά
456 5253 582 5322 ἑξῆς
610 5270 626 5285 ο
661 5255 719 5306 ὲν
751 5254 964 5313 οὐσίαις
1018 5255 1073 5307 δὲ
1103 5255 1179 5316 ὡς
1222 5254 1375 5317 Θεὸς,
1416 5254 1564 5317 νοῦς,
1612 5255 1804 5323 ψυχαὶ,

232 5345 510 5414 σώματα·
556 5348 616 5396 ἐν
660 5347 843 5407 ποσοῖς
893 5345 949 5397 δὲ
993 5348 1052 5397 ἐν
1105 5346 1206 5414 μὲν
1252 5348 1359 5409 τοῖς
1405 5347 1687 5415 συνεχέσιν
1730 5346 1805 5408 ὡς

231 5439 488 5506 σημεῖον,
530 5436 793 5506 γραμμὴ,
847 5438 1167 5505 ἐπιφάνεια,
1225 5438 1382 5506 σῶμα
1436 5452 1449 5465 ·
1487 5438 1541 5488 ὲν
1591 5436 1647 5488 δὲ
1695 5440 1803 5497 τοῖς

303 5598 418 5668 (56.-
458 5597 513 5651 Ρ.
553 5597 634 5678 Ιίξ,
664 5616 713 5651 a.
750 5613 921 5666 marg.
958 5598 1090 5665 Περὶ
1119 5597 1324 5662 τάξεως
1350 5597 1663 5666 τεχνολοςία

1967 4079 2037 4134 Ut
2066 4093 2197 4133 vero
2224 4077 2454 4148 probata
2479 4086 2534 4130 et
2564 4074 2801 4144 expolita
2826 4074 2994 4143 magis
3059 4072 3150 4127 ﬁat
3181 4072 3479 4128 ratiocina-

1903 4173 1999 4236 tio,
2039 4170 2267 4225 aliunde
2305 4183 2524 4223 rursum
2566 4166 2896 4235 incipientes
2923 4165 2991 4219 de
3024 4165 3271 4234 qualibet
3333 4181 3478 4236 prte-

1910 4262 2183 4315 dictarum
2219 4275 2415 4314 vocum
2480 4259 2841 4321 disseremus,
2875 4256 3272 4326 quotupliciter
3300 4272 3365 4311 ea
3394 4258 3481 4312 di-

1908 4361 2066 4404 catur
2095 4361 2151 4404 et
2184 4351 2462 4419 quomodo
2509 4350 2563 4403 in
2616 4358 2803 4402 sancta
2840 4347 3107 4401 Trinitate
3158 4347 3480 4417 accipiatur.

1912 4442 1990 4492 Ac
2024 4440 2203 4508 primo
2235 4438 2457 4507 quidem
2491 4438 2559 4491 de
2595 4437 2809 4491 ordine.

1976 4530 2027 4580 ες.
2071 4528 2218 4583 Ordo
2275 4528 2443 4597 igitur
2494 4529 2879 4581 consideratur
2920 4527 3005 4580 vel
3050 4527 3103 4579 in
3151 4526 3476 4583 substantiis

1908 4620 1995 4671 vel
2035 4620 2086 4670 in
2121 4624 2339 4687 quants
2364 4619 2446 4671 vel
2478 4619 2531 4671 in
2561 4619 2819 4687 qualibus
2864 4619 2949 4671 vel
2996 4618 3050 4671 in
3095 4618 3281 4673 relatis
3308 4620 3389 4674 vel
3420 4620 3476 4675 in

1904 4710 1973 4762 iis
2004 4727 2125 4779 qu:e
2155 4712 2417 4763 dicuntur
2441 4725 2603 4779 agere
2630 4719 2724 4762 aut
2752 4709 2859 4778 pati
2890 4710 2971 4762 vel
2999 4708 3091 4762 ubi
3126 4709 3209 4764 vel
3252 4709 3475 4778 quando

1905 4801 1991 4853 vel
2051 4801 2253 4854 habere
2307 4810 2358 4852 et
2417 4800 2611 4854 haberi
2642 4802 2727 4854 vel
2758 4801 2977 4854 demum
3014 4800 3065 4852 in
3100 4799 3186 4855 his
3216 4801 3477 4855 omnibus

1901 4891 1969 4944 ad
1997 4892 2253 4945 int'icr-m.
2308 4891 2367 4944 In
2421 4892 2697 4955 omnibus,
2738 4892 2982 4959 inquam,
3034 4900 3095 4944 ut
3144 4891 3470 4954 substantia,

1904 4993 2193 5050 quantum,
2225 4984 2407 5051 quale,
2450 4983 2517 5036 ad
2553 4982 2759 5051 aliquid
2806 4997 2871 5036 ac
2897 4983 3139 5051 reliqua;
3178 4997 3304 5035 nam
3338 4982 3473 5036 sub-

1906 5076 2106 5128 stantia
2142 5084 2199 5127 ut
2244 5075 2489 5143 subjecta
2524 5075 2739 5129 caateris
2773 5075 3029 5127 omnibus
3060 5074 3223 5131 simul
3260 5073 3471 5127 intelli-

1902 5167 2092 5233 gitur,
2148 5165 2347 5217 deinde
2382 5164 2766 5218 consideratur
2823 5172 3113 5233 quantum,
3175 5170 3297 5231 post
3364 5162 3471 5215 hoc

1903 5256 2099 5322 quale,
2157 5266 2340 5323 postea
2395 5256 2626 5308 relatum
2659 5264 2712 5308 et
2746 5254 2977 5323 reliqua.
3032 5254 3090 5307 In
3146 5251 3471 5307 substantiis

1909 5362 2040 5398 vero
2119 5355 2177 5400 ut
2242 5348 2383 5399 Deus
2423 5387 2438 5410 ,
2513 5362 2715 5409 mens,
2781 5346 3017 5408 animae,
3091 5357 3349 5412 corpora.
3407 5341 3473 5397 In

1902 5436 2121 5504 quantis
2154 5437 2328 5505 iisque
2378 5436 2652 5493 continuis
2688 5447 2745 5491 ut
2779 5445 3039 5505 punctum
3071 5475 3085 5501 ,
3126 5435 3273 5490 linea
3297 5471 3313 5493 .
3364 5445 3467 5487 Stl-

304 5768 383 5833 (1)
423 5762 625 5819 Confer
657 5764 807 5819 Pltot.
843 5763 913 5818 De
953 5762 1139 5825 Spirit.
1175 5771 1342 5816 smu't.
1387 5764 1730 5833 mystagogia,
1766 5776 1884 5829 cap.
1921 5759 2008 5821 6:2,
2040 5758 2121 5810 42.
