4288 6364
763 404 865 485 227

2264 408 2525 479 JoELIs

3914 424 4029 488 228

767 528 937 599 sylvis
964 523 1247 595 expositos
1296 524 1446 578 etab
1482 526 1681 593 agresti
1724 525 1958 594 quadam
1994 527 2223 582 muliere
2256 531 2336 581 ins
2371 538 2460 587 Απ

2332 562 2336 570 ι
2371 538 2416 587 Α
2445 527 2699 598 πορνείας
2722 525 3083 596 γεννηθέντας
3113 529 3172 582 ἐν
3202 529 3433 586 ἁλσώεει
3452 510 3628 605 ,τόπῳή
3673 534 3893 607 ῥιφῆναι
3928 531 4025 591 καὶ

765 628 982 682 ventos,
1018 616 1290 671 cnutritos
1320 616 1509 670 fuisse.
1534 617 1704 670 Porro
1736 619 2193 673 contumeliosum
2221 629 2341 673 erat

764 714 909 779 apud
940 710 1216 762 Romanos
1245 708 1423 759 alieno
1447 707 1570 760 cibo
1599 708 1817 770 nutriri,
1843 718 1896 761 et
1920 710 2149 761 aliarum
2175 725 2330 762 men-

766 816 945 857 sarum
963 807 1298 866 eaptatorem
1319 797 1449 849 dici.
1474 796 1815 866 Quapropter
1841 799 2048 850 Romus
2064 799 2337 852 Brumalia

766 887 1115 947 commentus
1136 898 1240 954 est,
1288 898 1347 941 ut
1376 889 1645 941 maculam
1678 889 1908 949 deleret,
1956 904 2184 943 necesse
2216 904 2339 944 esse

768 985 1042 1040 afﬁrmans
1067 990 1314 1035 senatum
1345 980 1415 1032 ali
1448 994 1476 1031 a
1502 994 1647 1046 rege,
1667 978 1838 1030 veluti
1865 978 2073 1031 honore
2091 978 2338 1047 dignum,

768 1075 966 1129 hiemis
994 1083 1241 1139 tempore
1276 1070 1521 1138 bellique
1549 1068 1807 1132 induciis,
1833 1070 2140 1121 exercitum
2192 1084 2221 1122 a
2253 1084 2343 1122 se-

766 1176 918 1217 natu.
973 1160 1239 1215 Convivio
1288 1173 1485 1211 nomen
1538 1156 1876 1209 Brumalium
1952 1157 2139 1221 dedit,
2191 1157 2341 1226 quod

763 1258 1009 1311 Romana
1070 1254 1251 1322 lingua
1311 1259 1471 1303 sonat
1532 1248 1713 1301 alieno
1755 1249 1904 1301 victu
1960 1263 2081 1302 esse
2136 1249 2343 1302 educa-

764 1360 903 1401 tum.

760 1438 971 1489 szsivm
1002 1432 1414 1504 Βρουμάλιουμ,
1439 1432 1467 1482 ὃ
1493 1431 1925 1499 ἐστιῬωμαῖστὶ
1958 1429 2017 1495 ἐξ
2039 1428 2335 1498 ἀλλοτρίων

832 1532 961 1585 Post
1005 1529 1237 1581 llotnum
1270 1540 1394 1580 cum
1432 1526 1605 1587 Roma
1634 1541 1663 1577 a
1714 1523 2036 1576 consulibus
2067 1532 2121 1576 et
2163 1524 2338 1576 dicta-

696 1659 705 1681 ,
765 1622 978 1675 toribus
1007 1627 1307 1686 regeretur,
1345 1616 1489 1669 inter
1511 1629 1605 1667 eos
1632 1613 1865 1666 Manlius
1898 1612 2200 1666 Februario
2224 1613 2341 1665 cui-

2444 619 2547 670 ὖπὸ
2601 618 2934 687 ἀγροικικῆς
2988 635 3141 683 τινος
3210 621 3469 686 γυναικὸς
3519 623 3839 694 εὑρεθέντας
3881 630 4023 683 ἀνα-

2439 708 2736 777 τραφῆναι.
2777 708 3018 771 Ὀνειδος
3043 709 3099 761 δέ
3127 704 3195 780 ἦν
3212 708 3509 779 Ῥωμαίοις
3535 714 3596 765 τὸ
3629 716 3688 780 ἐξ
3717 718 4023 791 ἀλλοτρίων

2435 797 2735 867 τρέφεσθαι
2784 799 2881 849 καὶ
2933 798 3398 867 άλλοτριοφάγους
3457 804 3769 859 καλεῖσθαι.
3814 810 3873 861 ‘0
3917 807 4021 862 οὖν

2449 886 2661 953 Ῥῶμος
2724 885 2784 938 τὸ
2846 887 3047 939 οἰκεῖον
3100 885 3303 949 ὄνειδος
3352 886 3635 956 ἐξαλεῖψαι
3689 890 4021 962 βουλόμενος

2449 977 2715 1045 ἐπενόησε
2742 975 2812 1028 τὰ
2860 977 3197 1044 Βρουμάλια,
3260 979 3499 1047 εἰρηκὼς
3525 980 3824 1047 ἀναγκαῖον
3872 980 4022 1037 εἶναι

2437 1068 2530 1119 τὸν
2576 1066 2800 1136 βασιλέα
2846 1068 3074 1135 τρέφειν
3103 1066 3201 1137 τὴν
3253 1069 3460 1121 οἰκείαν
3523 1068 3827 1141 σύγκλητον
3856 1077 3913 1126 ἐν
3942 1076 4026 1141 τῷ

2441 1156 2619 1226 καιρῷ
2663 1156 2757 1208 τοῦ
2801 1156 3067 1226 χειμῶνος
3095 1157 3171 1219 ὡς
3225 1158 3504 1224 ἐντίμους,
3558 1162 3687 1215 ὅταν
3732 1162 3967 1231 ήρεμῶσ
3994 1183 4027 1215 ν

2442 1248 2507 1298 ἐκ
2531 1247 2626 1298 τοῦ
2662 1247 2929 1314 πολέμου,
2952 1248 3049 1317 τὴν
3072 1247 3127 1298 δὲ
3168 1248 3474 1319 σύγκλητον
3491 1252 3654 1305 πάλιν
3684 1257 3905 1321 15-51;.th
3926 1256 4023 1304 τὶν

2448 1340 2705 1406 στρατόν.
2772 1340 3033 1393 Ἐκάλεσε
3087 1339 3146 1392 δὲ
3199 1342 3265 1393 τὸ
3323 1342 3496 1412 (ονομα
3549 1344 3643 1398 τοῦ
3696 1348 3923 1417 ἀρίστου
3960 1347 4025 1409 ἐξ

2371 1431 2665 1499 τραφῆναμ

2506 1524 2663 1575 Μετὰ
2698 1525 2755 1577 δὲ
2796 1526 3004 1595 Ῥῶμον
3035 1528 3139 1581 ὑπὸ
3162 1513 3382 1579 ὑπάτων
3413 1529 3504 1580 καὶ
3534 1530 3858 1598 στρατηγῶν
3914 1530 4021 1598 τῆς

2442 1613 2663 1681 Ῥώμης
2690 1615 3099 1687 διοικουμένης,
3155 1611 3227 1670 ὄιν
3264 1611 3344 1679 εἷς
3378 1612 3447 1685 ἦν
3470 1618 3561 1669 καὶ
3588 1619 3816 1681 Μάλιος.
3856 1623 3884 1671 ὁ
3908 1622 3982 1670 Φε
3999 1650 4021 1661 ο

761 1712 885 1764 dam
920 1708 1158 1762 senatori
1190 1708 1421 1769 invisus,
1468 1706 1591 1759 aliis
1658 1704 2007 1759 senatoribus
2057 1705 2194 1757 mala
2226 1704 2330 1758 Fe-
2365 1718 2406 1775 Β
2436 1703 2454 1751 ε

2316 1730 2330 1745 .
2365 1718 2406 1775 Β
2436 1700 2728 1770 ϐρουάριος
2791 1703 3153 1771 συγκλητικὸς
3212 1704 3288 1757 ὢν
3334 1707 3430 1758 καὶ
3460 1707 3539 1774 τῷ
3595 1706 3790 1774 Μαλίῳ
3812 1704 4009 1775 φθονή-

763 1799 973 1855 bruarii
1016 1796 1207 1851 fraude
1260 1795 1522 1859 seductis,
1574 1794 1796 1849 civitate
1831 1792 2073 1863 eiicitur.
2128 1792 2338 1846 Interea

761 1892 897 1945 Galli
934 1890 1026 1943 die
1050 1889 1272 1943 Sextilis
1302 1887 1507 1940 mensis
1535 1886 1804 1954 vigesimo
1836 1885 2045 1953 impetu
2072 1884 2215 1938 facto
2242 1899 2337 1936 ur-

766 1982 888 2034 bem
921 1986 1192 2046 occupant
1239 1986 1296 2029 et
1336 1975 1584 2030 caedibus
1618 1975 1802 2028 omnia
1834 1973 2131 2043 complent.
2170 1972 2337 2027 Sena-

764 2083 941 2135 tores,
998 2070 1093 2138 qui
1154 2071 1335 2137 fugam
1396 2067 1777 2131 arripuerant,
1826 2078 2023 2119 rursus
2073 2063 2337 2118 Manlium

761 2161 1053 2214 advocant.
1076 2158 1304 2212 Manlius
1335 2164 1521 2210 coacta
1549 2170 1711 2207 manu
1741 2154 1927 2207 Gallos
1953 2154 2119 2208 armis
2150 2154 2339 2223 oppri-

760 2254 881 2314 mit,
921 2250 1271 2316 trucidatque
1298 2262 1508 2309 omnes,
1552 2255 1607 2299 et
1640 2245 1812 2299 Roma
1856 2253 2076 2315 recepta
2105 2247 2334 2310 mensis,

761 2359 872 2412 quo
917 2343 1034 2394 haec
1082 2348 1201 2393 acta
1245 2346 1398 2401 sunt,
1433 2346 1692 2405 tanquam
1742 2335 1838 2405 qui
1884 2336 2071 2389 Romae
2118 2346 2338 2405 propter

761 2437 908 2490 illius
935 2432 1307 2501 captivitatem
1336 2430 1606 2483 infaustus
1642 2429 1844 2491 fuerat,
1868 2429 1988 2483 dies
2027 2427 2337 2491 detruncat,

759 2538 817 2583 et
860 2524 1219 2581 Februarium
1264 2521 1424 2577 bonis
1475 2521 1765 2590 publicatis
1807 2520 2041 2589 turpiter
2080 2520 2149 2573 ab
2204 2519 2340 2572 urbe

765 2620 815 2688 7
857 2619 1094 2688 ejectum
1136 2614 1419 2677 interﬁcit,
1440 2613 1807 2681 Sextilemque
1832 2626 2074 2666 mensem
2097 2609 2340 2663 Februa-

761 2712 904 2764 rium
946 2720 1206 2777 tanquam
1249 2721 1315 2759 eo
1350 2706 1574 2759 nomine
1609 2704 1835 2774 dignum
1871 2702 2242 2773 cognominat.

2436 1805 2536 1851 σας
2584 1792 2969 1860 παρεσκεύασε
3046 1796 3172 1858 τοὺς
3215 1796 3611 1865 συγκλητικοὺς
3660 1797 3851 1849 τοῦτον
3908 1796 4016 1861 τῆς

2434 1878 2643 1941 πόλεως
2693 1880 2970 1944 ἐκδιῶξαι.
3032 1881 3155 1935 Τῶν
3187 1879 3278 1936 οὖν
3343 1884 3563 1936 Γάλλων
3606 1888 3671 1954 τῇ
3703 1884 3878 1937 εἰκάδι
3913 1884 4017 1935 τοῦ

2430 1968 2706 2032 Σεξτιλίου
2741 1972 2911 2039 μηνὸς
2966 1974 3159 2035 νυκτὸς
3188 1973 3526 2028 ἐπελθόντων
3562 1974 3655 2027 καὶ
3688 1976 3788 2041 τὴν
3851 1974 4016 2028 πόλιν

2433 2060 2865 2129 παραλαϐόντων
2914 2064 3008 2114 καὶ
3060 2064 3228 2116 πολὺν
3277 2066 3435 2132 φόνον
3491 2066 3913 2135 ἐργασαμένων,
3956 2070 4013 2118 οἱ

2434 2155 2792 2224 συγκλητικοὶ
2840 2157 3105 2224 φυγόντες
3142 2158 3233 2211 τὸν
3284 2158 3493 2213 Μάλιον
3554 2160 3715 2212 πάλιν
3767 2176 4019 2230 προσκα-

2430 2244 2673 2309 λοῦνται,
2712 2246 2771 2308 ὃς
2801 2248 2938 2316 μετὰ
2964 2250 3195 2318 στρατοῦ
3218 2248 3461 2303 ἐπελθὼν
3502 2251 3598 2303 καὶ
3624 2252 3747 2312 τοὺς
3774 2250 4015 2313 Γάλλους

2434 2337 2768 2405 παραλαϐὼν
2825 2340 3034 2402 πάντας
3097 2340 3294 2407 ἀνεῖλε,
3359 2344 3456 2394 καὶ
3515 2342 3794 2413 κρατήσας
3850 2341 4018 2404 αὖθις

2429 2428 2530 2497 τῆς
2565 2428 2788 2498 Ῥώμης
2854 2431 3157 2484 ἐκολόϐωσε
3200 2434 3297 2496 τὰς
3334 2434 3551 2504 ἡμέρας
3589 2435 3681 2487 τοῦ
3736 2435 4015 2498 Σεξτιλίου

2439 2520 2605 2591 μηνὸς
2648 2521 2722 2584 ὡς
2772 2522 3073 2592 δυστυχοῦς
3118 2528 3183 2593 τῇ
3229 2525 3418 2596 Ῥώμῃ
3473 2527 3767 2595 γενομένου
3826 2525 3915 2578 διά
3948 2528 4016 2579 τὸ

2436 2610 2533 2679 τὴν
2573 2612 2885 2681 παράληψιν
2928 2614 3099 2683 αὐτῆς
3164 2617 3221 2667 ἐν
3284 2617 3433 2687 αύτῷ
3494 2618 3765 2686 γενέσθαι.
3807 2618 3912 2671 Τὸν
3951 2617 4017 2669 δὲ

2435 2702 2805 2774 Φεϐρουάριον
2844 2706 2951 2757 τῶν
3011 2706 3369 2778 ὑπαρχόντων
3401 2710 3696 2779 γυμνώσας
3744 2711 3840 2762 καὶ
3890 2708 4018 2762 ἀτί-

766 2816 880 2861 ιιως
929 2799 1029 2865 τῆς
1097 2796 1308 2857 πόλεως
1370 2794 1617 2847 ἐκϐαλὼν
1708 2794 1886 2847 ἀνεῖλε
1916 2836 1929 2857 ,
1989 2794 2224 2854 καλέσας
2281 2791 2680 2857 τὸνηΣεξτίλιον
2732 2796 2880 2865 μῆνα
2942 2798 3307 2869 Φεϐρουάριον
3368 2803 3445 2866 ὡς
3497 2802 3645 2867 ἄξιον
3737 2804 3834 2857 τοῦ
3892 2804 4019 2857 ὀνό-

844 2910 957 2955 τος.

809 2914 957 2955 ατος.

765 2915 964 3041 μΡοει
1035 2982 1241 3036 dictum
1303 2980 1662 3033 Artaxerxem
1720 2977 2049 3047 principatui
2111 2976 2329 3045 pra-fuit

759 3076 946 3131 Chous
984 3072 1148 3125 filius.
1189 3071 1239 3133 Is
1268 3069 1597 3123 debellatum
1636 3066 1946 3137 Egyptum,
1974 3081 2327 3135 eversamque

2474 2983 2478 2986 ‘
2508 2974 2664 3027 Μετὰ
2693 2976 2751 3028 δὲ
2790 2976 2881 3027 τὸν
2946 2977 3239 3046 εἰρημένον
3274 2981 3641 3052 Ἀρταξέρξην
3691 2984 4019 3038 ἐϐασίλευσε

2436 3064 2589 3125 Χῶος
2612 3067 2639 3119 ὁ
2692 3066 2804 3128 υίὸς
2831 3066 3020 3132 αὐτοῦ,
3051 3066 3109 3130 ὃς
3134 3070 3228 3121 καὶ
3257 3070 3356 3140 τὴν
3388 3072 3671 3139 Αἴγυπτον
3728 3076 4017 3144 παρέλαϐε

762 3170 817 3221 in
864 3166 947 3219 sui
979 3169 1304 3232 potestatem
1338 3159 1566 3227 redegit,
1610 3157 1993 3211 Nectenabone
2043 3166 2173 3210 tunc
2223 3157 2328 3210 im-
2360 3200 2399 3255 Ο
2436 3174 2455 3208 >

2325 3188 2328 3197 ι
2360 3200 2399 3255 C
2436 3156 2532 3209 καὶ
2563 3158 2643 3209 άπ
2657 3156 2851 3223 ὡλεσε,
2882 3158 3263 3227 βασιλεύοντος
3297 3163 3469 3231 αὐτῆς
3494 3164 3615 3217 τότε
3656 3165 4018 3227 Νεκτεναϐὼ.

762 3266 1010 3328 perante,
1043 3254 1135 3322 qui
1172 3253 1297 3320 fuga
1324 3251 1427 3304 sibi
1466 3249 1763 3311 consuluit,
1797 3256 1850 3301 et
1880 3248 2198 3322 Egyptiaco
2223 3248 2329 3300 ritu

765 3349 906 3402 lictis
960 3344 1287 3413 imaginibus
1347 3352 1403 3395 et
1465 3342 1691 3409 magicis
1746 3341 2092 3408 nugamentis
2150 3338 2331 3392 futura

766 3437 1117 3509 priesagiens,
1159 3433 1391 3500 Philippi
1424 3440 1588 3500 atque
1614 3430 1949 3500 Olympiadis
1983 3429 2129 3483 illius
2152 3429 2337 3482 uxoris

764 3530 1193 3584 familiaritatem
1236 3526 1339 3579 sibi
1400 3533 1575 3593 parat,
1630 3538 1697 3575 ex
1748 3536 1921 3588 eaque
1964 3519 2331 3573 Alexandrum

764 3630 1037 3691 procreat.
1069 3619 1353 3685 Philippus
1374 3630 1546 3667 annos
1570 3613 1756 3683 viginti
1788 3612 2111 3664 Macedoniae
2132 3612 2333 3679 guber-

766 3713 958 3765 nacula
988 3718 1173 3781 gessit,
1203 3716 1259 3760 et
1282 3706 1562 3760 Thessalia
1590 3719 1859 3772 Oppressa.
1885 3703 2075 3755 urbem
2104 3701 2307 3755 Thessa

769 3804 1002 3856 ionicam
1020 3803 1313 3853 exstruxit.

837 3892 1091 3959 Philippo
1127 3890 1181 3941 in
1218 3886 1544 3941 Macedonim
1582 3900 1747 3954 regno
1796 3884 2065 3938 successit
2100 3883 2330 3937 Alexan-

767 3985 887 4046 der,
921 3993 1048 4035 tune
1097 3997 1221 4033 eum
1269 3980 1465 4033 Darius
1506 3976 1716 4030 Arsami
1765 3975 1908 4027 filius
1956 3986 2078 4044 post
2122 3976 2333 4027 (.houni

765 4073 1049 4139 occupatis
1093 4070 1350 4122 omnibus
1411 4068 1655 4120 omnium
1706 4067 1962 4117 dominus
2008 4065 2182 4117 factus
2229 4076 2329 4117 est.

771 4161 933 4213 Dario
961 4158 1243 4227 profligato
1272 4156 1580 4209 Alexander
1619 4156 1740 4223 ejus
1790 4154 2076 4221 imperium
2110 4153 2333 4205 univer-

768 4266 889 4304 sum
920 4261 973 4303 et
1007 4252 1318 4310 Persarum,
1349 4249 1625 4301 Medorum
1665 4250 1793 4300 item
1832 4257 1887 4300 et
1933 4247 2258 4300 Parthorum
2282 4257 2336 4299 et

769 4341 1193 4411 Babyloniorum
1222 4342 1495 4407 regionem
1521 4351 1571 4391 et
1591 4340 1803 4391 Indicos
1834 4354 2023 4391 omnes
2048 4346 2251 4391 tractus
2283 4340 2333 4390 in

769 4451 923 4489 suam
966 4435 1231 4487 ditionem
1277 4434 1505 4501 redegit.
1548 4433 1647 4485 llic
1674 4449 1795 4485 eum
1832 4447 2078 4500 magnam
2103 4431 2349 4484 Αἰολίδης

2433 3246 2490 3310 ὃς
2516 3246 2702 3315 φυγὼν
2744 3249 2852 3299 ’καὶ
2907 3249 2993 3301 διὰ
3048 3251 3359 3315 φαντασιῶν
3407 3270 3573 3306 τινων
3636 3257 3732 3307 καὶ
3770 3259 4020 3325 μαγειῶν

2435 3339 2826 3405 Λιγυπτιακῶν
2903 3340 3188 3408 προλέγων
3262 3342 3331 3394 τὰ
3398 3345 3661 3412 μέλλοντα
3731 3347 4019 3417 γνώριμος

2434 3428 2643 3495 γίνεται
2685 3427 2938 3497 Φιλίππῳ
2966 3429 3060 3481 καὶ⁸
3095 3430 3420 3500 Ὀλυμπιάδι
3444 3436 3509 3503 τῇ
3551 3438 3772 3501 γυναικὶ
3822 3437 4018 3500 αὑτοῦ,

2434 3518 2494 3583 ἐξ
2522 3515 2586 3589 ἦς
2614 3520 2764 3573 ἔτεκε
2794 3522 2883 3572 τὸν
2921 3520 3290 3591 Ἀλέξανδρον.
3338 3524 3398 3575 '0
3435 3524 3490 3577 δὲ
3520 3526 3787 3590 Φίλιππος
3824 3528 4018 3581 ἐϐασί-

2434 3611 2589 3663 λευσε
2632 3612 2727 3680 τῆς
2770 3612 3111 3675 Μακεδονίας
3169 3613 3264 3683 ἔτη
3320 3621 3406 3680 κ’,
3454 3616 3511 3678 ὃς
3570 3620 3672 3679 τὴν
3708 3620 4020 3673 Θεσσαλίαν

2436 3699 2707 3764 ὑποτάξας
2752 3700 2849 3768 τὴν
2905 3701 3309 3772 Θεσσαλονίκην
3344 3706 3497 3757 πόλιν
3532 3706 3766 3762 ἔκτισε..

2508 3878 2662 3930 Μετὰ
2703 3879 2761 3930 δὲ
2798 3880 3065 3933 Φίλιππον
3128 3881 3448 3937 ἐϐασίλευσε
3505 3885 3833 3939 Μακεδόνων
3870 3889 4020 3941 Ἀλέ-

2438 3968 2682 4038 ξανδρος,
2711 3972 2797 4022 ὅτε
2866 3971 2957 4023 καὶ
3013 3974 3243 4042 Δαρεῖος
3273 3977 3300 4027 ὁ
3345 3975 3627 4045 ’Λρσάμου
3664 3980 3801 4045 μετὰ
3856 3980 4020 4031 Χιίρον

2438 4064 2739 4135 βασιλεύων
2774 4068 3169 4135 κατεκυρίευσε
3205 4068 3445 4128 πάντων,
3498 4068 3556 4119 ὃν
3595 4071 3622 4120 ὁ
3666 4068 4019 4140 ’Λῖιὲξανδρςς

2436 4157 2847 4224 χειρωσάμενος
2894 4157 3173 4226 παρέλαϐε
3203 4161 3385 4211 πᾶσαν
3418 4160 3515 4228 τὴν
3537 4159 3815 4229 βασιλείαν
3845 4163 4019 4216 αἱ.τεῦ

2439 4250 2534 4299 καὶ
2564 4250 2745 4300 πᾶσαν
2783 4248 2878 4318 τὴν
2900 4250 3126 4317 Περσῶν
3158 4252 3254 4303 καὶ
3279 4251 3477 4319 Μήδων
3519 4255 3613 4304 καὶ
3656 4253 3883 4323 Πάρθων
3921 4259 4020 4308 καὶ

2441 4340 2793 4391 Βαϐυλωνίων
2808 4340 2991 4409 χώραν
3012 4343 3104 4392 καὶ
3135 4343 3200 4392 τὰ
3244 4341 3439 4394 Ἰνδικὰ
3486 4344 3665 4395 πάντα
3719 4347 3881 4412 μέρη.
3914 4348 4019 4407 ὐς

2438 4431 2534 4481 καὶ
2560 4430 2658 4496 τὴν
2693 4431 2939 4499 μεγάλην
2999 4431 3403 4497 Ἀλεξάνδρειαν
3434 4436 3510 4495 εἰς
3550 4434 3610 4484 τὸ
3658 4435 3787 4485 ἴδιον
3837 4435 4017 4504 ὃνομα

768 4525 944 4578 driam
981 4524 1337 4586 condidisset,
1372 4539 1439 4576 ex
1493 4524 1715 4590 propzio
1754 4531 2119 4581 nuncupatam
2149 4522 2201 4573 in
2239 4521 2336 4572 Ba-
2372 4526 2409 4576 Ο
2442 4539 2461 4570 γ

2319 4551 2336 4559 -
2372 4526 2409 4576 D
2442 4520 2630 4581 κτίσας
2655 4523 2734 4582 εἰς
2768 4520 3062 4573 Βαϐ.λῶνα
3102 4522 3462 4589 ὑπέστρεψεν,
3487 4525 3542 4575 ἐν
3640 4526 3733 4574 καὶ
3761 4526 4012 4595 τεῖιεντᾷ,

769 4614 1116 4684 byloniorum
1163 4629 1464 4667 conversus
1523 4614 1642 4665 vitae
1694 4614 1856 4664 linem
1907 4594 2108 4680 posuit‘,
2161 4614 2335 4665 aetatis

768 4720 1041 4759 annorum
1085 4704 1304 4771 triginta
1348 4705 1607 4765 duorum,
1635 4704 1783 4771 regni
1811 4719 1955 4755 anno
1983 4703 2332 4756 duodecimo.

840 4795 1254 4848 Advertendum
1291 4802 1375 4846 est
1410 4794 1547 4845 duos
1593 4793 1753 4845 nobis
1789 4792 2089 4846 Lamcchos
2120 4809 2148 4845 a
2189 4792 2335 4845 Scri-

770 4894 931 4953 ptura
962 4881 1405 4943 commemorari,
1437 4883 1672 4935 alterum
1706 4882 1775 4934 ab
1803 4880 1993 4944 Caino,
2030 4882 2123 4950 qui
2167 4891 2221 4935 et
2254 4882 2338 4933 vi-

771 4990 891 5028 rum
925 4981 980 5025 et
1011 4973 1478 5025 adolescentulum
1513 4989 1591 5025 oc.
1612 4973 1710 5024 idit
1736 4972 1911 5037 (ansis
1939 4973 2082 5025 enim
2122 4971 2339 5026 duobus

764 5064 898 5133 μιδιί
930 5063 1138 5116 Enochi
1160 5063 1419 5116 fratribus
1443 5080 1636 5116 eorum
1672 5078 1867 5116 uxores
1890 5065 2335 5132 duxit).alteruin

770 5154 1154 5216 recentiorem,
1179 5152 1292 5205 Νοὲ
1320 5164 1623 5218 parentem,
1653 5169 1681 5205 a
1716 5152 1885 5207 Setho
1913 5155 2231 5207 oriundum.

839 5330 898 5399 8
918 5329 1129 5382 Tharra
1142 5330 1331 5399 genuit
1346 5331 1739 5395 Abraliamum,
1765 5330 1987 5384 Machoé
2006 5342 2057 5386 et
2075 5332 2334 5386 Aramum

769 5420 890 5474 Loti
922 5429 1155 5490 patrem,
1190 5422 1285 5488 qui
1316 5429 1516 5474 etante
1547 5421 1813 5475 Tharram
1841 5424 1952 5475 vita
1987 5422 2207 5476 functus
2230 5433 2334 5487 est,

768 5512 904 5567 Nam
963 5528 1087 5567 eum
1147 5512 1490 5567 Abrahamus
1544 5513 1857 5567 incendium
1909 5515 2231 5578 excitasset,
2279 5525 2339 5568 ut

770 5604 910 5657 idola
957 5605 1127 5672 patris
1165 5605 1499 5666 absumeret,
1536 5605 1789 5670 Aramus,
1828 5607 1956 5659 dum
2001 5622 2065 5660 ea
2107 5607 2175 5661 ab
2216 5608 2337 5677 igne

767 5710 986 5749 servare
1009 5696 1313 5761 contendit,
1340 5695 1512 5760 domi,
1546 5697 1600 5749 in
1628 5713 1788 5765 quam
1829 5697 2008 5750 fuerat
2036 5697 2333 5766 ingressus,

772 5787 991 5843 vidente
1023 5798 1198 5857 patre,
1226 5787 1459 5842 ﬂammis
1486 5799 1758 5843 crematus
1782 5788 2061 5844 occubuit.

2438 4611 2577 4663 ἐτῶν
2610 4610 2684 4662 ὢν
2715 4610 2814 4679 λβ’,
2855 4610 3186 4679 βασιλεύσας
3209 4613 3303 4681 ἐτη
3345 4612 3433 4681 ιβ’.

2521 4788 2718 4837 Ὶστέον
2773 4787 2853 4837 ὅτι
2922 4786 3015 4838 δύο
3071 4788 3260 4856 Λάμεχ
3316 4791 3348 4857 ἡ
3392 4790 3582 4859 Γραφὴ
3633 4795 3966 4861 μνημονεύει
3998 4836 4013 4858 ,

2438 4877 2553 4937 ἐνὸς
2590 4877 2687 4943 μὲν
2712 4877 2805 4927 τοῦ
2837 4878 2945 4929 ἀπὸ
2974 4879 3137 4940 Κάῖν,
3169 4877 3263 4930 τοῦ
3294 4878 3388 4931 καὶ
3425 4888 3817 4948 πεφονευκότος
3843 4883 4020 4953 ἄνδρα

2438 4984 2496 5019 τε
2525 4966 2617 5017 καὶ
2636 4967 2921 5019 νεανίσκον
2954 4966 3099 5033 (τοὺς
3133 4967 3240 5037 γάρ
3268 4967 3360 5020 δύο
3399 4970 3658 5036 ἀδελφοὺς
3684 4970 3777 5023 τοῦ
3798 4971 4017 5025 δικαίου

2453 5060 2625 5127 Ἑνὼχ
2656 5058 2861 5111 ἀνελὼν
2902 5061 2997 5111 καὶ
3035 5058 3144 5111 τῶν
3199 5060 3292 5112 δύο
3343 5060 3445 5123 τὰς
3504 5066 3773 5129 γυναῖκας
3803 5064 4017 5131 ἔλαϐε),

2442 5152 2627 5221 ἐτέρου
2658 5150 2713 5202 δὲ
2748 5150 2840 5202 τοῦ
2870 5150 3078 5220 πατρὸς
3101 5151 3250 5215 Νῶε,
3278 5152 3376 5204 τοῦ
3420 5154 3515 5207 καὶ
3545 5157 4016 5225 μεταγενεστέρου

2444 5244 2540 5295 καὶ
2575 5242 2681 5294 ἀπὸ
2708 5240 2814 5310 Σὴο
2860 5244 3269 5311 καταγομένου.

2521 5334 2579 5385 ’0
2609 5333 2799 5404 Θάρῤα
2839 5334 3103 5404 ἐγέννησε
3131 5336 3223 5386 τὸν
3266 5334 3534 5405 Ἀϐραὰμ,
3568 5338 3660 5390 τὶν
3683 5339 3886 5407 Μαχωέ
3920 5342 4020 5392 καὶ

2435 5423 2529 5477 τὸν
2574 5424 2754 5493 Ἀρὰμ
2790 5424 2883 5476 τὸν
2935 5427 3150 5495 πατέρα
3190 5426 3284 5478 τοῦ
3323 5424 3473 5480 Λώτ·
3532 5428 3594 5491 ὃς
3634 5431 3729 5482 καὶ
3766 5432 4015 5485 ἀπέθανε

2438 5517 2546 5586 πρὸ
2590 5516 2686 5568 τοῦ
2746 5518 2958 5588 πατρὸς
3012 5517 3178 5570 αὐτοῦ
3211 5519 3401 5591 Θάρρα
3431 5536 3445 5549 ·
3477 5521 3572 5573 τοῦ
3603 5523 3712 5591 γάρ
3756 5523 4018 5592 Ἁϐραάμ

2439 5607 2773 5676 ἐμπρησμὸν
2814 5609 3159 5677 ποιήσαντος
3189 5607 3327 5661 ὥστε
3355 5611 3703 5663 κατακαῦσαι
3722 5612 3787 5663 τὰ
3819 5614 3936 5665 εῖδα
3950 5615 4017 5666 λα

2438 5698 2532 5751 τοῦ
2565 5697 2772 5767 πατρὸς
2802 5698 2993 5760 αὑτοῦ,
3028 5698 3284 5751 εἰσελθὼν
3325 5701 3506 5771 Ἀράμ
3547 5701 3828 5764 ἐξελέσθαι
3867 5704 4014 5756 αὐτὰ

2438 5790 2713 5843 ἀπέθανεν
2742 5792 2798 5841 ἐν
2830 5788 2908 5857 τῷ
2931 5792 3193 5860 οἰκήματι
3226 5793 3455 5853 ἐνώπιον
3478 5792 3570 5845 τοῦ
3604 5794 3801 5861 πατρὸς
3824 5794 4013 5849 αὑτοῦ.
