4288 6364
160 422 271 485 233

1474 386 2153 457 CHRUNOGRAPHIA.

3322 364 3427 429 23$
3480 418 3508 427 -

235 534 397 589 Μετὰ
423 528 625 591 ﬁsso-'4;
654 524 849 597 κριτὰς
894 522 1079 591 ἔκρινε
1131 519 1221 570 τὸν
1279 516 1408 568 λαὸν
1448 510 1747 584 ἀρχιερεὺς
1777 512 1823 567 Α

1791 512 1823 567 Α
1924 505 2053 559 Post
2066 496 2565 574 judicesjudicavit
2597 489 2860 564 populum
2892 497 3142 541 summus
3170 480 3432 536 sacerdos

2238 590 2302 597 --
2376 590 2387 597 -
2460 588 2478 597 -
2569 586 2634 597 ην
2844 578 3050 597 ημηε-
3099 584 3144 597 -.
3196 572 3432 597 nu“...

174 628 327 681 Ἠλεὶ
352 625 452 692 ἐτη
485 627 556 681 κ’.
584 620 680 673 καὶ
705 620 774 687 τῇ
794 613 1058 683 παροινίᾳ
1090 609 1188 664 καὶ
1236 606 1432 677 ἀταξίᾳ
1474 600 1580 657 τῶν
1614 600 1748 654 υίῶν

166 717 333 772 αὑτοῦ
374 714 559 782 Ὸφνεὶ
586 711 683 763 καὶ
713 707 898 768 Φινεὲς
923 706 990 775 τῇ
1021 702 1116 756 επὶ
1147 700 1256 753 τῶν
1280 698 1482 751 θυσιῶν
1514 692 1750 763 ἐπῆλθεν

166 812 355 871 αὐτοῖς
397 809 431 876 ἡ
459 808 581 859 θεία
614 802 738 870 δίκη
764 816 777 830 ·
814 799 865 851 οἱ
902 798 1003 867 μὲν
1038 795 1150 864 γὰρ
1181 795 1240 846 ὲν
1270 792 1351 862 τῷ
1385 789 1610 856 πολέμῳ
1637 786 1753 837 δει-

168 906 274 962 νῶς
300 898 675 971 ἀνῃρέθησαν,
710 896 738 945 ό
773 892 833 944 δὲ
892 890 1001 943 ἀπὸ
1041 886 1134 940 τοῦ
1167 886 1360 953 δίφρου
1399 879 1583 934 πεσὼν
1629 880 1755 930 όπι-

171 993 338 1053 σθίως
368 967 466 1042 £11
497 988 586 1040 τὸν
612 985 786 1037 νῶτον
814 979 1124 1050 συντριϐεὶς
1159 976 1429 1029 ἀπέθανεν
1466 972 1603 1023 ἑτῶν
1630 967 1701 1035 μ’.

237 1082 406 1135 Μετὰ
458 1080 518 1131 δὲ
572 1076 723 1130 Ἠλεὶ
779 1071 1086 1142 Σαμουὴλό
1122 1068 1409 1138 προφήτης
1432 1066 1525 1117 καὶ
1574 1061 1752 1130 ἱερεὺς

169 1176 267 1243 ἔτη
290 1172 361 1226 λ’.
412 1173 525 1225 Καὶ
574 1167 989 1238 συναθροίζεται
1018 1165 1046 1216 ό
1088 1162 1245 1223 hoc,
1265 1158 1401 1229 πρὸς
1458 1157 1621 1211 αὐτὸν
1674 1155 1752 1218 είς

182 1262 510 1331 ’Δρμαθαὶμ
542 1258 871 1327 αἰτούμενος
898 1253 1148 1323 βασιλέα.
1178 1250 1270 1317 Τῷ
1292 1248 1350 1301 δὲ
1390 1246 1599 1315 σφόδρα
1654 1244 1752 1297 λυ-

172 1355 407 1423 πηθέντι
444 1348 647 1404 εἷπενό
698 1349 860 1409 Θεός·
897 1350 1195 1398 Ἄκουσον
1248 1339 1358 1406 τῆς
1409 1337 1617 1407 φωνῆς
1646 1336 1753 1389 τοῦ

170 1446 346 1505 λαοῦ.
384 1445 475 1497 ὅτι
531 1445 603 1495 οὐ
638 1440 715 1493 σὲ
739 1435 1286 1501 ἐξουδενώσουσιν,
1322 1430 1461 1484 ἀλλ’
1489 1429 1616 1496 ἐμὲ,
1646 1426 1753 1481 τοῦ

169 1536 252 1604 μὴ
280 1536 648 1599 βασιλεύειν
681 1532 776 1584 ἐπ’
806 1527 1025 1582 αὐτῶν.
1058 1524 1168 1578 Καὶ
1212 1523 1415 1576 ἔδωκεν
1445 1521 1631 1583 αὐτοῖς
1662 1520 1754 1572 τὸν

174 1628 348 1679 Σαοὺλ
382 1628 447 1676 ἐκ
480 1624 650 1691 φυλῆς
682 1622 962 1688 Βενιαμὶν,
984 1617 1180 1687 χρίσας
1205 1615 1370 1667 αὑτὸν
1394 1611 1754 1691 είςβασιλὲα.

242 1717 405 1771 Μετὰ
439 1687 538 1768 οῦν
596 1687 853 1782 Σαμουὴλ
898 1708 1215 1762 ἐϐασίλευσε
1246 1706 1420 1757 Σαοὺλ
1449 1687 1545 1772 ἔτη
1580 1710 1657 1773 μ’.
1695 1703 1756 1766 ὃς

175 1807 457 1873 τολμήσας
512 1804 780 1873 πρότερον
826 1799 925 1869 μὲν
984 1797 1255 1864 θυμιᾶσαι
1306 1795 1383 1863 τῷ
1435 1794 1575 1861 Θεῷ,
1636 1788 1758 1846 εἶτα

178 1897 439 1967 παραϐὰς
462 1899 564 1964 τὴν
593 1894 817 1961 ἐντολὴν
856 1890 952 1943 τοῦ
992 1887 1129 1940 θεοῦ
1162 1890 1256 1939 ἐπὶ
1304 1885 1417 1948 τοῖς
1461 1884 1760 1954 Ἀμαληκί-

176 2005 315 2049 ταις,
353 1985 712 2053 ζωογονήσας
749 1982 923 2048 ’Δγὰγ
951 1980 1043 2031 τὸν
1068 1976 1293 2048 βασιλέα
1325 1976 1530 2041 αὐτῶν,
1558 1976 1761 2044 ῆκουσε

178 2082 327 2149 παρὰ
359 2077 458 2130 τοῦ
481 2078 786 2145 προφήτου,
814 2072 897 2125 ὅτι
938 2069 1352 2136 Μεματαίωταί
1381 2084 1501 2130 σοι,
1528 2067 1615 2120 ὅτι
1651 2068 1764 2119 οὐκ

175 2173 494 2240 egenas“
546 2169 661 2234 τὴν
686 2163 945 2231 ἐντολήν
961 2181 1103 2232 μου,
1142 2162 1224 2228 ἣν
1278 2162 1618 2215 ἐνετείλατό
1665 2176 1765 2213 σοι

180 2266 421 2328 Κύριος,
451 2258 546 2312 καὶ
572 2261 641 2311 τὰ
669 2257 821 2325 ἑξῆς.

248 2355 411 2407 Μετὰ
443 2353 499 2404 δὲ
537 2350 711 2402 Σαοὺλ
737 2347 1059 2400 ἐϐασίλευσε
1086 2346 1255 2399 Δαϐίδ
1284 2346 1347 2396 ἐκ
1383 2342 1558 2411 φυλῆς
1590 2340 1768 2393 Ἰούδα

180 2447 273 2515 ἔτη
307 2452 389 2510 μ’,
434 2444 494 2505 ὃς
542 2442 638 2493 καὶ
683 2440 911 2508 ἐποίησε
963 2440 1033 2491 τὰ
1076 2438 1363 2507 θελήματα
1413 2432 1767 2502 τοῦ,Κυρίου

181 2539 387 2591 πάντα.
433 2532 689 2595 Πατάξας
738 2530 797 2582 δὲ
844 2530 941 2583 xui.
990 2528 1082 2581 τὸν
1124 2525 1323 2594 Μελχὼ
1380 2522 1605 2593 βασιλέα
1657 2521 1768 2574 τῶν

179 2629 401 2699 Σύρων,
434 2626 530 2677 καὶ
564 2621 747 2676 λαϐὼν
785 2622 881 2673 τὸν
901 2622 998 2673 ἐπὶ
1022 2622 1122 2689 τῆς
1170 2615 1419 2684 κεφαλῆς
1450 2612 1617 2667 αὑτοῦ
1647 2612 1771 2664 στέ-

180 2736 357 2787 φανον
395 2714 638 2784 χρυσοῦν
669 2713 866 2781 μέγαν,
898 2712 1096 2782 ἔχοντα
1126 2709 1312 2770 λίθους
1365 2707 1605 2775 τιμίους.
1638 2703 1769 2773 sed.

184 2824 345 2876 ρεσεν
380 2806 575 2866 αὐτὸν,
612 2805 710 2855 καὶ
731 2799 799 2871 ἦν
833 2803 929 2855 ἐπὶ
952 2801 1055 2869 τῆς
1082 2799 1326 2867 κεφαλῆς
1372 2796 1539 2850 αὑτοῦ
1565 2797 1770 2863 κόσμος

180 2896 663 2965 εὐπρεπέστατος,
728 2895 867 2964 ὅπερ
914 2892 1092 2963 δηλῶν
1148 2892 1290 2958 ἔφη’
1334 2890 1529 2956 Κύριε,
1572 2888 1640 2939 ἐν
1690 2886 1765 2953 τῇ

180 2989 441 3057 δυνάμει
465 3005 585 3041 σου
623 2986 1110 3055 εὐφρανθήσεται
1138 2987 1171 3037 ὁ
1215 2982 1540 3047 βασιλεὺς,
1578 2981 1675 3032 καὶ
1702 2980 1773 3032 τὰ

181 3081 349 3132 λοιπὰ
388 3079 488 3131 τοῦ
520 3079 765 3147 ψαλμοῦ.
825 3076 1206 3147 Πρεσϐύτερος
1252 3068 1347 3126 οὖν
1402 3073 1500 3124 καὶ
1557 3072 1773 3140 πλήρης

182 3174 419 3242 ἡμερῶν
453 3171 773 3264 γενόμενος,
804 3169 899 3223 καὶ
948 3167 1280 3238 βασιλεύσας
1308 3164 1399 3216 τὸν
1452 3164 1567 3215 υίδν
1605 3161 1772 3215 αὑτοῦ
1803 3209 1845 3264 C

185 3260 542 3329 Salaminium,
582 3254 736 3311 εἶπεν
764 3258 916 3326 αὑτῷ
941 3274 955 3288 ·
985 3257 1093 3310 Καὶ
1117 3256 1255 3319 νῦν,
1280 3255 1575 3321 Σολομὸν,
1594 3250 1777 3320 γνῶθι

185 3354 294 3404 τὸν
316 3350 475 3403 Θεὸν
502 3347 622 3401 τῶν
648 3349 920 3415 πατέρων
944 3363 1085 3409 σου,
1108 3346 1209 3401 καὶ
1238 3345 1496 3398 δούλευε
1522 3341 1684 3407 αὐτῷ
1708 3342 1779 3396 ἐν

188 3440 413 3509 καρδίᾳ
441 3441 643 3505 τελείᾳ
675 3438 776 3491 καί
817 3436 990 3506 ψυχῇ
1038 3436 1305 3502 θελούσῃ
1332 3451 1345 3463 ·
1405 3434 1495 3487 ὅτι
1531 3434 1779 3503 καρδίας

188 3534 401 3596 πάσας
454 3529 640 3590 ἐτάζει
690 3532 908 3596 Κύριος
947 3528 1045 3581 καί
1077 3526 1206 3583 πᾶν
1255 3528 1566 3593 ἐνθύμημα
1604 3526 1777 3593 de)-

188 3642 352 3679 σκει.
384 3627 494 3679 Kal
517 3625 628 3677 ἐὰν
649 3621 912 3689 ὀπτήσῃς
952 3621 1162 3682 αὑτὸν,
1212 3619 1601 3685 εὑρεθήσεται
1636 3634 1736 3672 σοι
1759 3635 1774 3649 α

190 3721 292 3772 καὶ
339 3718 455 3771 ἐὰν
489 3718 865 3783 καταλείψῃς
922 3714 1133 3777 αὑτὸν,
1170 3713 1519 3780 καταλείψει
1562 3728 1636 3765 σε
1691 3713 1780 3775 είς

192 3812 396 3875 τέλος.
430 3810 546 3862 Καὶ
596 3808 798 3861 εδωκεν
839 3806 990 3873 αὐτῷ
1045 3805 1107 3857 τὸ
1144 3804 1492 3873 παράδειγμα
1520 3802 1615 3855 τοῦ
1647 3802 1778 3856 ναοῦ

194 3902 405 3962 παντὸς
437 3902 494 3950 ὲν
526 3902 738 3967 γραφῇ,
788 3898 1009 3963 λέγων·
1073 3896 1285 3961 Ἵσχυε
1334 3894 1430 3946 καί
1484 3890 1775 3960 ἀνδρίζου,

195 3994 286 4046 ἔτι
319 3992 542 4058 Κύριος
565 3994 597 4044 ὀ
630 3991 773 4053 Θεός
798 4006 918 4056 μου
942 3989 1094 4055 μετὰ
1135 3986 1275 4039 σοῦ.
1301 3986 1408 4037 Καὶ
1442 3987 1579 4055 μετὰ
1612 3985 1782 4037 ταῦτα

195 4084 566 4150 ἐτελεύτησεν
609 4082 668 4131 ὲν
701 4081 851 4149 γήρᾳ
882 4080 1040 4145 καλῷ
1067 4077 1286 4146 πλούτῳ
1313 4093 1371 4128 τε
1409 4078 1506 4128 καὶ
1540 4076 1667 4146 δόξῃ
1689 4076 1783 4129 κα)⁵

194 4175 462 4242 εὐσεϐείᾳ
493 4173 632 4225 ἑτῶν
663 4178 727 4224 o’.
755 4167 865 4224 Ἦν
892 4170 950 4223 δὲ
983 4170 1121 4223 ὲτῶν
1146 4170 1190 4221 λ’
1228 4169 1395 4222 Δαϐὶδ
1424 4170 1482 4220 ὲν
1533 4169 1610 4237 τῷ
1633 4169 1785 4238 βασι-

195 4263 385 4314 λεύειν
420 4260 613 4322 αὑτὸν,
639 4260 964 4311 ἐϐασίλευσε
994 4258 1051 4309 δὲ
1088 4258 1184 4309 καὶ
1215 4256 1310 4320 ἐτη
1350 4261 1425 4325 μ’.
1489 4256 1650 4309 Ἀλλὰ
1685 4257 1784 4324 τῆς

198 4355 301 4422 μὲν
343 4351 644 4420 βασιλικῆς
674 4349 913 4419 χρίσεως
949 4347 1037 4399 διὰ
1078 4346 1331 4417 Σαμουὴλ
1349 4344 1555 4417 ὴξιὼθη
1577 4346 1638 4399 τὸ
1663 4348 1788 4416 πρό-

192 4444 525 4515 τερονστὰς
576 4442 685 4509 γὰρ
742 4439 837 4492 τοῦ
874 4439 1010 4491 λαοῦ
1043 4437 1433 4507 ἀναγορεύσεις
1487 4438 1521 4507 ἡ
1576 4436 1784 4508 ίστορία

1855 598 1972 653 Heli
2002 572 2180 649 annos
2202 590 2413 661 viginti.
2460 588 2512 642 ιε
2566 586 2801 639 ﬁliorum
2843 578 3054 647 Oplinis
3093 584 3148 630 et
3196 572 3436 627 Phinees

1853 686 2155 758 petulantia
2194 698 2256 736 ac
2280 678 2647 750 perversitate
2682 676 2738 729 in
2770 669 3061 728 sacriﬁciis
3105 664 3271 720 simul
3302 677 3433 718 cum

1856 756 1983 836 ﬁliis
2005 793 2167 849 grave
2198 775 2449 831 Numinis
2475 770 2742 840 judicium
2774 764 2959 849 subiit.
2986 781 3001 817 :
3039 761 3093 815 lii
3125 762 3330 831 quippe
3377 756 3435 811 in

1855 872 2042 941 praelio
2070 868 2369 922 crudeliter
2396 865 2520 918 cassi
2543 874 2694 923 sunt,
2724 860 2813 913 ille
2835 858 2904 911 de
2948 838 3080 909 sella
3130 861 3436 908 retrorsum

1854 963 2058 1017 cadens
2085 960 2363 1014 contracto
2384 958 2550 1010 dorso
2570 963 2821 1007 mortuus
2850 960 2935 1005 est
2963 961 3235 1002 annorum
3263 943 3355 998 90.

1926 1058 2055 1111 Post
2100 1053 2220 1107 Heli
2274 1050 2540 1122 judicavit
2592 1045 2852 1117 populum
2897 1040 3116 1097 Samuel
3172 1035 3445 1108 protibeta

1854 1156 1911 1201 et
1931 1141 2188 1198 sacerdos
2208 1153 2382 1194 annos
2410 1138 2652 1207 triginta.
2684 1135 2754 1190 Et
2799 1140 3163 1199 congregatus
3197 1125 3437 1195 populus

1856 1236 1913 1289 in
1942 1232 2291 1289 Armathaem
2342 1244 2526 1298 regem
2584 1225 2852 1296 esposcit.
2902 1221 3023 1286 Quo
3088 1234 3212 1274 cum
3276 1216 3443 1271 nimis

1858 1326 2076 1380 Samuel
2128 1322 2473 1383 indoluisset,
2508 1320 2623 1373 haec
2650 1319 2753 1373 sibi
2780 1332 2809 1369 a
2830 1317 2941 1369 Deo
2993 1310 3101 1365 dici
3130 1309 3397 1364 intellexit
3427 1328 3440 1360 :

1858 1419 1994 1472 Audi
2015 1432 2184 1471 vocem
2205 1411 2404 1485 populi,
2419 1411 2669 1481 quoniam
2693 1425 2795 1461 non
2817 1418 2864 1460 te
2883 1411 3208 1474 spreverunt,
3233 1400 3323 1453 sed
3342 1413 3445 1459 me,

1859 1517 1916 1562 ut
1944 1525 2047 1562 non
2070 1524 2281 1578 regnem
2306 1520 2463 1572 super
2495 1518 2599 1555 eos.
2638 1502 2705 1555 Et
2732 1499 2885 1552 dedit
2903 1499 3009 1551 illis
3028 1494 3255 1549 Saulnm
3276 1490 3446 1543 ﬁlium

1858 1600 1969 1655 Cisi
2033 1615 2098 1653 ex
2159 1597 2303 1650 trith
2366 1593 2672 1665 Beniamin,
2727 1604 2890 1659 quem
2955 1590 3110 1641 unxit
3167 1585 3221 1637 in
3243 1594 3448 1650 regem.

1930 1688 2059 1742 Post
2100 1687 2409 1742 Samueletn
2443 1684 2643 1740 Saulus
2682 1681 2831 1750 regni
2857 1676 3227 1749 gubernacula
3262 1685 3447 1725 susce-

1861 1784 1942 1851 pit
1959 1798 2059 1852 per
2114 1794 2291 1834 annos
2314 1776 2696 1847 quadraginta.
2731 1773 2831 1827 Hic
2863 1787 2987 1825 cum
3023 1769 3260 1838 primum
3284 1764 3448 1817 rliura

1791 1854 1839 1914 Β
1871 1876 1980 1930 Deo
2003 1871 2353 1932 incendisset,
2384 1868 2583 1924 deinde
2628 1865 2887 1921 mandato
2948 1859 3197 1917 Numinis
3249 1855 3451 1909 violato

1870 1964 1939 2019 de
1973 1960 2292 2017 Amalecitis
2322 1961 2564 2029 Agagum
2592 1972 2786 2011 eorum
2838 1968 3019 2023 regem
3077 1952 3263 2002 vivum
3318 1961 3453 2000 con-

1871 2062 2162 2117 servasset,
2192 2051 2365 2106 audiit
2393 2050 2495 2119 13
2515 2064 2544 2102 a
2571 2047 2871 2117 propheta:
2906 2041 3080 2097 Stulte
3106 2040 3306 2110 factum
3325 2044 3401 2090 est
3433 2052 3451 2089 :

1873 2146 2186 2200 mandatum
2226 2159 2419 2206 meum,
2448 2139 2584 2210 quod
2610 2138 2857 2208 pracepit
2887 2136 2976 2189 tibi
3022 2133 3295 2191 Dominus,
3350 2143 3455 2182 non

1871 2238 2115 2303 seruasti,
2144 2244 2243 2289 etc.

1948 2328 2113 2383 Saulo
2138 2324 2408 2380 successit
2437 2324 2492 2377 in
2540 2335 2712 2390 regno
2765 2317 2937 2372 David
2993 2331 3061 2370 et
3114 2312 3260 2368 tribu
3313 2308 3456 2366 Juda

1876 2434 2047 2473 annos
2067 2416 2452 2487 quadraginta.
2480 2412 2574 2482 qui
2597 2411 2711 2465 Deo
2736 2422 2944 2463 morem
2976 2404 3146 2475 gessit
3174 2402 3242 2456 de
3274 2399 3458 2454 omni-

1877 2509 2001 2561 bus.
2040 2505 2142 2560 llic
2181 2504 2489 2558 Melchomo
2518 2500 2780 2572 Syrorum
2834 2513 2960 2567 rege
2996 2493 3270 2549 debellato
3295 2505 3457 2546 coro-

1877 2614 2003 2653 nam
2067 2611 2341 2665 magnam.
2392 2592 2649 2663 pretiosis
2713 2591 2982 2645 illustrem
3045 2584 3342 2655 lapidibus,
3389 2597 3459 2637 ex

1880 2693 2029 2746 illius
2056 2691 2234 2760 capite
2261 2688 2531 2742 sublatam
2560 2686 2664 2740 sibi
2691 2682 2975 2753 imposuit,
3036 2689 3292 2732 ornatum
3343 2675 3463 2746 pul-

1878 2784 2214 2839 cherrimum
2270 2796 2333 2835 ac
2380 2778 2641 2848 regalem,
2699 2776 2845 2845 quod
2907 2775 3025 2843 ipse
3065 2772 3173 2827 illis
3214 2770 3397 2824 innuit
3441 2784 3457 2820 :

1882 2876 2123 2939 Domine,
2158 2877 2215 2928 in
2242 2879 2434 2928 virtute
2486 2881 2583 2923 tua
2642 2870 2909 2923 thabitur
2963 2882 3077 2931 rex,
3142 2876 3201 2919 et
3248 2862 3459 2931 reliqua

1881 2969 2026 3024 illius
2058 2967 2273 3037 psalmi.
2327 2965 2499 3020 David
2550 2974 2819 3034 praeterea
2870 2960 3029 3015 senio
3072 2956 3357 3012 confecws
3402 2964 3461 3009 et

1879 3061 2077 3115 diebus
2128 3068 2345 3121 auctus,
2378 3073 2503 3112 cum
2552 3043 2903 3111 'Salomonem
2956 3065 3141 3123 regem
3190 3057 3455 3105 creasset.

1880 3152 2019 3206 dixit
2040 3150 2151 3218 κει
2180 3166 2338 3214 nunc,
2377 3148 2656 3210 Salomon,
2694 3160 2845 3199 nosce
2880 3144 3047 3197 Deum
3097 3150 3310 3210 patrum
3342 3149 3459 3191 tuo-

1880 3257 2020 3303 rum,
2057 3248 2105 3294 et
2135 3240 2273 3293 servi
2305 3240 2351 3291 ei
2383 3241 2437 3291 in
2471 3236 2626 3290 corde
2655 3235 2883 3304 perfecto
2908 3240 2957 3284 et
3003 3232 3186 3283 anima
3234 3227 3461 3289 valente,

1882 3332 2133 3401 quoniam
2163 3332 2323 3384 corda
2354 3331 2592 3383 omnium
2638 3334 2913 3381 scrutatur
2952 3324 3227 3386 Dominus,
3253 3330 3303 3375 et
3332 3338 3460 3375 om—

1886 3444 2006 3480 nem
2031 3425 2398 3495 cogitationem
2425 3420 2706 3491 cognoscit.
2740 3418 2868 3472 Etsi
2888 3416 3160 3487 qutesieris
3200 3430 3339 3479 eum,
3371 3414 3458 3466 in-

1880 3519 2117 3572 uenietur
2152 3518 2264 3578 tibi,
2294 3524 2343 3568 et
2372 3517 2416 3568 si
2451 3512 2792 3581 dereliqueris
2850 3526 2989 3574 eum,
3036 3506 3362 3576 derelinquet
3408 3513 3459 3558 te

1880 3610 1937 3663 in
1965 3606 2147 3674 ﬁnem.
2181 3606 2246 3659 Et
2283 3604 2436 3659 dedit
2481 3604 2557 3658 illi
2612 3601 2892 3670 exemplar
2946 3600 3133 3668 templi
3192 3598 3454 3660 universi,

1884 3699 2110 3754 dicens:
2140 3697 2452 3765 Confortare
2482 3704 2530 3747 et
2558 3695 2784 3747 uiriliter
2808 3708 2923 3759 age,
2965 3691 3217 3760 quoniam
3267 3688 3451 3742 Domi»

1883 3808 1981 3845 nus
2003 3789 2142 3844 Deus
2177 3804 2320 3843 meus
2346 3796 2531 3840 tecum.
2577 3786 2703 3838 Post
2731 3784 2845 3836 hanc
2900 3796 3113 3835 summa
3150 3782 3258 3850 jam
3292 3794 3455 3833 sene--

1860 3878 2054 3947 ‘ctute,
2085 3880 2309 3945 divitiis,
2348 3879 2537 3948 gloria,
2571 3884 2627 3930 et
2661 3878 2862 3944 pietate
2900 3872 3154 3936 celebris,
3186 3887 3455 3926 annorum

1883 3973 2442 4044 septuagintaevivis
2503 3968 2757 4024 excessit.
2811 3967 2941 4020 Erat
2994 3975 3175 4020 autem
3233 3965 3455 4033 triginta

1885 4083 2155 4123 annorum
2189 4083 2311 4121 cum
2345 4067 2461 4136 ipse
2490 4065 2756 4136 regnavit,
2790 4072 2846 4118 et
2880 4056 3244 4131 quadraginta
3280 4073 3458 4112 annos

1885 4163 2155 4231 regnavit.
2184 4161 2282 4215 llic
2300 4160 2447 4230 regia
2483 4158 2742 4212 unctione
2792 4171 2821 4209 a
2864 4155 3117 4208 Samuele
3153 4152 3409 4223 dignatus
3441 4166 3454 4201 :

1885 4257 1981 4311 sed
2023 4256 2313 4327 populares
2384 4254 2609 4322 plausus
2655 4248 2883 4305 historia
2923 4247 3305 4302 indiﬁ‘erenter
3352 4261 3457 4298 un-

1884 4349 2095 4404 ctiones
2112 4346 2343 4402 vocavit.
2361 4345 2674 4399 Exstinctns
2695 4357 2824 4414 ergo
2845 4343 2898 4395 in
2919 4341 3051 4395 urbe
3074 4339 3378 4394 Jerusalem
3404 4338 3458 4392 in

1887 4439 2509 4499 maximnmonumento,
2529 4436 2672 4504 quod
2697 4432 3129 4503 sapientissimus
3148 4429 3289 4483 ﬁlius
3304 4427 3461 4482 Salo--

196 4537 413 4607 χρίσεις
462 4532 764 4601 διαφόρους
819 4529 1137 4599 ὠνόμασεν.
1199 4529 1547 4596 Τελευτήσας
1604 4528 1845 4597 τοίνυνῑ

1820 4543 1861 4597 D
1893 4546 2018 4585 mon
2042 4530 2146 4603 14
2166 4530 2620 4593 exaediﬁcaverat,
2641 4526 2919 4593 sepelitur.
2938 4523 3008 4577 Et
3034 4522 3089 4576 in
3105 4536 3194 4585 eo,
3227 4530 3283 4574 ut
3306 4519 3461 4574 Jose-

196 4629 477 4680 θάπτεται
508 4625 566 4676 ὲν
596 4626 662 4692 τῇ
693 4622 846 4674 πόλει
893 4619 1263 4691 Ἰερουσαλὴμ
1294 4621 1376 4678 είς
1422 4619 1481 4671 τὸ
1526 4620 1782 4690 μέγιστον

201 4719 424 4785 μνῆμα,
481 4712 511 4764 ὃ
566 4715 978 4764 κατεσκεύασεν
1040 4710 1070 4761 ό
1119 4710 1432 4778 σοφώτατος
1453 4711 1566 4772 υίὸς
1617 4711 1784 4763 αὑτοῦ

199 4807 488 4875 ὣλομῶν,
520 4806 578 4855 ὲν
606 4796 650 4873 ᾧ
682 4806 780 4855 καὶ
814 4802 1220 4872 συγκατώρυξε
1248 4801 1327 4871 τῷ
1369 4803 1538 4870 πατρὶ
1584 4803 1786 4866 πολλὰς

202 4896 483 4967 μυριάδας
523 4893 807 4945 ταλάντων
869 4893 1124 4962 χρυσίου,
1159 4891 1235 4952 ὥς
1286 4908 1449 4961 φησιν
1501 4890 1785 4959 Ἰώσηπος.

202 4991 316 5043 Καὶ
344 4987 507 5056 δῆλον
542 4988 608 5038 ὲκ
666 4986 777 5037 τῶν
827 4986 910 5047 είς
947 4983 1180 5052 ὕστερον
1217 4984 1532 5054 γενομένων
1554 5000 1568 5013 ·
1624 4986 1653 5035 ό
1679 4984 1788 5051 γὰρ

200 5082 505 5151 ἀρχιερεὺς
566 5077 856 5146 Ὑρκανὸς,
916 5074 1396 5143 πολιορκουμένης
1432 5072 1533 5142 τῆς
1579 5072 1791 5137 πόλεως

204 5175 301 5229 ὑπ’
370 5171 657 5240 ’Δντιὸχου
714 5169 813 5223 τοῦ
848 5169 1171 5238 Δημητρίου
1228 5167 1443 5228 παιδὸς,
1470 5166 1687 5231 ἀνοίξας
1727 5166 1791 5218 τὸ

208 5273 411 5343 μνῆμα
433 5270 681 5323 τάλαντα
719 5267 768 5336 γ’
810 5267 1027 5321 ἐκεῖθεν
1079 5264 1444 5332 ἐξεφόρησεν.
1486 5262 1560 5314 τδ
1593 5262 1651 5314 δὲ
1695 5262 1795 5313 τά-

204 5366 408 5416 λαντον
462 5361 577 5430 ἔχει
630 5360 947 5429 νομίσματα
1003 5353 1140 5427 ρκε⁹.
1211 5355 1349 5409 Μεθ’
1392 5354 1452 5405 ὃν
1521 5351 1789 5421 Ἡρώδης,

204 5462 378 5525 γνοὺς
427 5454 503 5517 ὡς
551 5454 823 5524 Ὑρκανὸς
877 5451 1042 5505 τοῦτο
1086 5448 1413 5517 πεποίηκεν,
1474 5445 1654 5516 ῆνοιξε
1697 5445 1791 5497 καὶ

208 5551 379 5611 αὐτὸς
410 5550 504 5602 τὸν
531 5550 727 5617 τάφον,
749 5546 843 5601 καὶ
860 5545 1128 5616 χρήματα
1163 5543 1264 5610 μὲν
1285 5539 1385 5609 οὐχ
1405 5533 1553 5606 εῦρε,
1584 5537 1789 5605 κόσμον

208 5644 266 5695 δὲ
297 5643 400 5695 καὶ
432 5640 701 5712 κειμήλια
724 5639 936 5711 χρύσεα
962 5634 1263 5707 πάμπολλα
1284 5632 1550 5685 ἀνείλετο.
1586 5629 1793 5700 Πειραο

211 5736 401 5798 θέντος
435 5734 493 5788 δὲ
532 5732 701 5788 αὐτοῦ
735 5730 1005 5802 ἐνδοτέρω
1055 5727 1275 5801 χωρεῖν,
1331 5719 1393 5780 οῦ
1449 5724 1520 5776 τὰ
1555 5722 1788 5793 σώματα

1885 4620 2029 4689 phus
2043 4631 2237 4675 auctor
2253 4628 2356 4681 est,
2378 4618 2579 4672 multas
2597 4629 2890 4670 aureorum
2917 4613 3243 4667 talentorum
3264 4609 3461 4673 myria-

1884 4711 1983 4766 das
2007 4710 2430 4776 contumulavit,
2462 4709 2609 4779 quod
2655 4717 2712 4761 et
2739 4721 2837 4777 per
2870 4706 3204 4775 posteriores
3232 4712 3461 4758 eventus

1884 4806 2300 4876 comprobatum
2321 4813 2427 4858 est.
2454 4803 2664 4871 Quippe
2686 4814 2932 4853 summus
2977 4795 3231 4851 sacerdos
3254 4788 3459 4867 Hyrca-

1887 4912 1992 4950 nus
2017 4896 2087 4950 ab
2108 4896 2380 4951 Antiocho
2409 4884 2669 4949 De'metrii
2703 4892 2814 4945 ﬁlio
2845 4890 2985 4944 urbe
3022 4888 3268 4949 obsessa,
3310 4899 3461 4941 rese-

1888 4998 2009 5042 rato
2041 4996 2399 5042 monumento
2425 4987 2531 5040 tria
2557 4986 2728 5039 millia
2753 4984 3083 5038 talentorum
3121 4978 3249 5033 inde
3277 4986 3461 5032 extra-

1888 5078 1987 5132 xit.
2017 5079 2303 5133 Talentum
2331 5094 2463 5134 vero
2496 5085 2580 5132 est
2612 5088 2963 5130 nummorum
3001 5079 3223 5127 centum
3267 5067 3458 5136 viginti

1887 5171 2152 5241 quinque.
2192 5170 2439 5226 Herodes
2478 5169 2738 5238 deinceps
2766 5181 2968 5238 gnarus
3007 5165 3059 5218 id
3098 5163 3351 5234 Hyrcano
3383 5159 3463 5214 fa-

1886 5272 2502 5329 ctum,,monumentum
2522 5261 2706 5332 etipse
2723 5258 3029 5329 adaperuit,
3049 5256 3142 5310 ubi
3157 5256 3285 5309 licet
3302 5252 3464 5306 nulla:

1886 5363 2071 5408 essent
2104 5354 2373 5423 pecuniae,
2403 5365 2657 5408 ornatum
2694 5362 2874 5406 tamen
2921 5362 3152 5403 aureum
3200 5344 3464 5415 plurima-

1889 5460 1995 5514 que
2035 5446 2264 5500 donaria
2289 5461 2356 5500 ex
2383 5460 2452 5498 eo
2474 5444 2717 5498 sustulit.
2745 5441 2848 5497 Sed
2880 5456 3006 5497 cum
3052 5438 3286 5493 ulterius
3336 5447 3465 5506 pro-

1887 5538 2036 5608 gredi
2062 5547 2319 5602 tentaret,
2354 5538 2449 5594 ubi
2491 5537 2711 5593 Davidis
2754 5546 2811 5592 et
2871 5532 3177 5592 Salomonis
3228 5544 3464 5599 corpora

1887 5630 2125 5698 reposita
2145 5630 2382 5693 fuerant,
2410 5631 2551 5702 ignis
2579 5629 2836 5686 exsiliens
2868 5628 3007 5682 duos
3030 5640 3095 5681 ex
3117 5624 3238 5694 eius
3262 5621 3465 5678 sats-llic

1889 5720 2037 5775 tibus
2062 5721 2391 5792 absumpsit.

215 5829 381 5886 Δαϐίδ
410 5844 469 5882 τε
505 5827 604 5882 καὶ
657 5824 1005 5894 Σολομῶντος
1048 5823 1231 5892 ἐτέθη,
1293 5818 1407 5890 πῦρ
1436 5814 1649 5883 ἐξελθὸν
1692 5814 1785 5868 δύο
1819 5812 1927 5866 τῶν
1958 5815 2271 5886 δορυφόρων
2301 5814 2465 5868 αὑτοῦ
2505 5815 2795 5886 διέφθειρε.

599 5920 871 5981 ΡΑτιιοι..
916 5921 1033 5978 ϐε.
1081 5914 1424 5978 CXXXIX.

3064 5904 3097 5961 ε
