4262 6362
186 410 291 474 231

1489 399 1850 460 CIIRINUG
1866 397 2180 458 RAPHIA.

3350 386 3459 454 238

186 534 470 605 θυμιάσας
539 529 703 591 εὐθὺς
757 523 1069 594 ἐλεττρώθη,
1139 522 1230 574 καὶ
1262 519 1432 583 οὕτως
1472 517 1771 587 ἐτελεύτη-
1802 526 1846 580 Α

1802 526 1846 580 Α
1880 516 1933 570 in
1967 515 2173 585 templo
2194 512 2549 578 adolevisset,
2587 520 2813 576 repente
2844 511 2993 581 lepra
3052 508 3270 564 obsitus
3296 520 3377 565 est
3410 522 3463 564 et

188 646 305 682 τεν.

258 716 420 773 Μετᾶ
464 716 521 769 δέ
563 714 746 778 Ὀζίαν
792 710 1147 765 ἐϐασίλευσεν
1193 706 1418 759 Ἰωαοαν
1452 704 1568 766 υίὸς
1603 702 1770 757 αὑτοῦ

188 812 283 882 ἔτη
320 808 399 874 ις’
422 850 437 873 ,
468 808 562 863 καὶ
588 807 816 876 ἐποίησε
845 807 906 859 τὸ
951 802 1111 865 εύθές
1143 800 1374 853 ἐνώπιον
1406 796 1637 868 Κυρίου,
1677 796 1773 849 καὶ

187 902 576 971 ἐτελεύτησεν.
814 964 825 975 _

258 996 419 1048 Μετὰ
448 993 505 1045 δέ
562 990 789 1044 Ἰωάθαν
818 987 1171 1042 ἐϐασίλευσεν
1213 982 1384 1053 Ἀχὰζ
1440 982 1557 1044 υίὸς
1608 977 1774 1034 αὑτοῦ

189 1086 288 1153 ἐτη
338 1090 440 1151 ις’,
479 1084 575 1136 καὶ
624 1083 859 1152 ποιήσας
895 1080 957 1133 τὸ
997 1080 1233 1150 πονηρὸν
1286 1074 1515 1129 ἐνώπιον
1566 1073 1775 1145 Κυρίου

190 1179 494 1233 ἀπέθανεν.

276 1270 433 1324 Μετὰ
462 1269 519 1321 δὲ
570 1265 739 1335 Ἀχὰζ
782 1263 1133 1318 ἐϐασίλευσεν
1175 1260 1422 1325 Ἐζεκίας
1450 1259 1565 1321 υίδς
1610 1254 1779 1310 αὐτοῦ

191 1362 290 1428 ἔτη
320 1361 430 1421 κον,
460 1360 555 1412 καὶ
585 1358 811 1427 ἐποίησε
844 1355 905 1407 τὸ
934 1352 1093 1414 eaet;
1131 1351 1366 1404 ἐνώπιον
1402 1351 1633 1419 Κυρίου,
1686 1348 1782 1402 καὶ

191 1452 573 1519 ἐτελεύτησεν.
618 1450 737 1517 Ἐφ’
770 1443 830 1501 οὗ
866 1442 935 1517 ἦν
977 1448 1004 1497 ὁ
1052 1444 1351 1505 Malea-Iqu
1391 1441 1627 1511 χαλκοῦς
1657 1440 1783 1509 ὃφις

191 1546 275 1596 ἐτι
328 1542 483 1609 παρὰ
546 1540 819 1592 Ἰουδαίων
868 1535 1184 1603 σεϐόμενος,
1232 1532 1289 1585 ὃν
1320 1532 1589 1600 ἠφάνισεν
1630 1530 1785 1592 Ἐζε-

191 1636 359 1698 κίας,
396 1634 586 1701 ὥσπερ
618 1632 683 1700 δὴ
713 1630 809 1682 καὶ
850 1629 948 1690 τὰς
992 1626 1212 1697 βίϐλους
1264 1625 1360 1677 τοῦ
1410 1621 1781 1691 Σολομῶντος.

204 1729 326 1795 Ἐφ’
357 1722 436 1781 ὧν
474 1729 688 1795 χρόνων
745 1723 958 1791 Ῥῶμος
1002 1721 1097 1773 καὶ
1146 1717 1342 1787 Ῥἐμος
1383 1713 1700 1769 ἐϐασίλευον
1727 1716 1785 1767 ἐν

202 1821 425 1890 Ῥώμῃ,
458 1818 554 1871 καὶ
587 1815 820 1869 Σίϐυλλα
850 1815 882 1881 ἡ
926 1811 1231 1881 Ἐρυθραία
1261 1807 1611 1875 ἐγνωρίξετο.
1660 1807 1782 1875 Ἐφ’

1877 610 2047 663 vitam
2074 606 2299 661 eII'udit.

1947 702 2077 757 Post
2100 699 2290 755 Oziam
2325 714 2553 766 regnum
2582 696 2829 752 obtinuit
2856 696 3162 752 Joatltanus
3182 695 3328 753 Illius
3361 710 3467 750 an-

1876 808 1980 847 nos
2002 791 2307 855 sexdecim,
2344 789 2470 861 pius
2491 804 2555 843 ac
2606 789 2901 859 religiosus
2959 789 3063 852 vir,
3092 799 3150 842 et
3214 798 3466 843 mortuus

1877 892 1957 937 est
1968 924 1983 937 .

1952 974 2082 1028 Post
2102 974 2436 1028 Joalbanum
2466 973 2703 1043 imperio
2749 972 2966 1042 praefuit
2998 972 3253 1025 Aeltazus
3319 970 3466 1026 ﬁlius

1880 1079 2056 1120 annos
2079 1063 2378 1132 sexdecim,
2418 1067 2503 1120 vir
2528 1080 2765 1136 nequam
2797 1076 2851 1120 et
2872 1065 3097 1135 impius,
3123 1074 3179 1119 et
3213 1074 3469 1119 mortuus

1879 1166 1984 1212 est.

1952 1248 2154 1303 Acltazi
2192 1264 2421 1319 regnum
2443 1250 2659 1318 excepit
2691 1248 2958 1303 Ezechias
2992 1247 3159 1313 ﬁlius,
3182 1248 3387 1318 pietate
3412 1250 3466 1302 in

1887 1328 2085 1395 Deum,
2118 1329 2559 1395 commendatus.
2590 1340 2765 1411 Regni
2822 1354 2970 1395 anno
3005 1341 3272 1410 vigesimo
3320 1355 3468 1395 nono

1878 1434 2029 1488 diem
2078 1435 2237 1488 obiit.
2291 1434 2442 1487 Illius
2489 1440 2649 1486 actate
2705 1432 2978 1486 Mosaicus
3024 1447 3211 1487 amens
3240 1447 3470 1498 serpens

1884 1524 2068 1579 adhuc
2100 1534 2393 1594 supererat
2425 1540 2455 1577 a
2484 1523 2693 1579 Judaeis
2725 1525 2780 1577 in
2840 1524 3202 1579 veneratione
3224 1524 3469 1579 habitus.

1885 1618 2024 1671 Eum
2054 1618 2335 1679 Ezechias,
2363 1616 2508 1670 sicut
2538 1625 2594 1670 et
2616 1616 2929 1671 Salomonis
2978 1615 3175 1683 libros,
3202 1615 3473 1685 expunxit

1884 1720 1940 1764 et
1995 1710 2064 1763 de
2119 1709 2304 1763 medio
2351 1710 2595 1763 sustulit.
2646 1708 2743 1762 llis
2795 1710 3144 1779 temporibus
3180 1708 3390 1763 Romus
3416 1721 3474 1763 et

1887 1802 2093 1855 Remus
2127 1801 2316 1857 Roma:
2368 1802 2657 1871 imperium
2681 1802 2963 1866 tenebant,
3021 1811 3078 1856 et
3106 1800 3310 1872 Sibylla
3336 1800 3473 1871 Ery-

191 1907 254 1966 οὗ
300 1883 417 1965 παῖ
446 1907 797 1979 Σεναχηρεὶμ
836 1904 984 1958 κατὰ
1038 1901 1402 1972 Ἰερουσαλὴμ
1426 1900 1657 1966 ἀναϐὰς,
1688 1900 1778 1953 διὰ
1810 1883 1852 1936 Β

1810 1883 1852 1936 Β
1883 1893 2050 1947 ιὴηεσ
2098 1893 2331 1949 illustris
2353 1904 2494 1949 erat.
2534 1895 2602 1948 Et
2649 1894 3225 1965 17.5enacherimus
3277 1895 3474 1949 Hieru-

192 2008 345 2060 θείου
372 2004 613 2072 ἀγγέλου
646 2003 703 2053 ὲν
736 1999 834 2069 μιᾷ
859 1998 1017 2051 νυκτὶ
1045 1994 1163 2069 ρπε⁹
1194 1995 1442 2065 χιλιάδας
1461 1993 1775 2060 ἀποϐαλὼν,

197 2099 322 2169 μετ’
356 2094 624 2165 αἰσχύνης
658 2091 1020 2163 ὑπέστρεψεν.

264 2280 424 2332 Μετὰ
478 2275 537 2328 δὲ
609 2270 861 2336 Ἐζεκίαν
917 2271 1242 2326 ἐϐασίλευσε
1298 2268 1602 2339 Μανασσῆς
1666 2271 1780 2333 υίὸς

195 2373 364 2425 αὑτοῦ
392 2371 491 2438 ἐτη
526 2367 621 2436 νε’,
650 2372 679 2423 ὁ
709 2368 803 2422 καὶ
836 2368 928 2419 τὸν
972 2365 1150 2435 μέγαν
1196 2364 1428 2416 Ἡσαΐαν
1454 2367 1657 2433 πρίσας
1686 2364 1784 2417 καὶ

194 2463 299 2532 τὴν
363 2460 727 2532 Ἰερουσαλὴμ
768 2457 965 2512 seem
1017 2454 1269 2524 αἱμάτων
1322 2454 1533 2525 πλήσας
1585 2454 1784 2509 καὶτὸ

195 2551 439 2622 πονηρὸν
470 2552 710 2603 ἐναντίον
734 2548 941 2617 Κυρίου
979 2551 1233 2613 ποιήσας.
1270 2546 1537 2617 ’Ὕστερον
1555 2546 1612 2598 δέ
1646 2546 1784 2615 μετὰ

196 2645 296 2713 τὴν
329 2644 534 2697 ἅλωσιν
564 2643 665 2695 καὶ
700 2640 1083 2713 αἰχμαλωσίαν
1129 2638 1297 2692 αὐτοῦ
1346 2638 1611 2709 μετανοίᾳ
1639 2637 1785 2709 διορ-

199 2737 517 2806 θωσάμενος
547 2736 807 2789 ἀπέθανε.

267 2830 428 2882 list;
459 2828 518 2881 δὲ
542 2830 844 2893 Μανασσῆν
874 2822 1228 2878 ἐϐασίλευσεν
1267 2822 1447 2890 Ἀμὼς
1477 2823 1592 2885 υίὸς
1616 2822 1783 2875 αὑτοῦ

199 2918 295 2987 in;
332 2917 398 2987 β’,
427 2920 523 2971 καὶ
560 2919 787 2987 ἐποίησε
814 2917 876 2969 τὸ
905 2914 1147 2985 πονηρὸν
1170 2914 1403 2966 ἐνώπιον
1428 2915 1657 2984 Κυρίου,
1690 2916 1785 2967 καὶ

198 3013 421 3080 ἐσφάγη
451 3015 509 3063 ἐν
538 3010 615 3079 τῷ
646 3011 780 3079 οίκῳ
812 3007 999 3063 αὑτοῦ.

274 3100 434 3153 Μετὰ
469 3101 524 3153 δέ
565 3101 745 3169 Ἀμὼς
772 3098 1128 3150 ἐϐασίλευσεν
1171 3095 1380 3160 Ἰωσίας
1415 3096 1583 3150 αὑτοῦ
1608 3098 1788 3167 ὑπάρ-

201 3211 316 3262 χων
349 3192 465 3254 υίὸς
508 3192 603 3261 ἐτη
636 3189 737 3254 λα’,
769 3191 908 3242 ἐτῶν
941 3191 1204 3259 ὑπάρχων
1243 3193 1314 3257 η’,
1354 3190 1451 3242 καὶ
1477 3190 1702 3257 ἐποίησε
1727 3190 1787 3243 τὸ

198 3285 362 3346 esse;
390 3282 622 3335 ἐνώπιον
650 3282 856 3353 Κυρίου
877 3322 892 3346 ,
924 3283 1020 3335 καὶ
1062 3280 1385 3349 ἐτελεύτησε
1411 3279 1687 3346 τοξευθεὶς
1729 3282 1786 3332 ἐν

197 3377 277 3445 τῷ
310 3376 554 3445 πολέμῳ.
600 3376 716 3443 Ἐφ’
741 3370 815 3429 ὧν
862 3375 1071 3443 χρόνων
1106 3374 1201 3425 καὶ
1244 3373 1306 3425 τὸ
1353 3371 1649 3436 Βυζάντιον
1681 3372 1787 3424 ὑπὸ

202 3470 381 3534 Βύζου
420 3468 687 3539 βασιλέως
723 3467 946 3535 ἐκτίσθη
985 3466 1085 3534 τῆς
1116 3465 1361 3536 Θρᾴκης.

272 3563 432 3615 Μετὰ
459 3560 534 3627 δὲί
557 3559 769 3611 Ἰωσίαν
808 3557 1167 3609 ἐϐασίλευσεν
1215 3554 1443 3625 Ἰωὰχαζ
1474 3555 1589 3617 υίὸς
1617 3554 1787 3608 αὑτοῦ

204 3654 384 3720 μῆνας
418 3658 485 3718 γ’,
520 3652 615 3704 καὶ
644 3650 868 3718 ἐποίησε
910 3650 972 3702 τὸ
1006 3650 1245 3718 πονηρὸν
1280 3648 1517 3700 ἐνώπιον
1554 3648 1786 3718 Κυρίου,

204 3746 302 3795 καὶ
330 3743 555 3810 ληφθεὶς
586 3743 693 3793 ὑπὸ
722 3739 922 3810 Νεχαὼ
954 3740 1222 3810 βασιλέως
1254 3740 1532 3808 Αἰγύπτου
1564 3741 1787 3809 ἀπήχθη

203 3843 286 3900 εἰς
323 3840 621 3904 Δίγυπτον,
648 3839 706 3889 ἐν
802 3836 899 3889 καὶ
926 3836 1227 3888 ἀπέθανεν.

277 3932 437 3984 Μετὰ
484 3932 543 3983 δὲ
607 3927 841 3997 Ἰωαχαζ
889 3927 1243 3979 ἐϐασίλευσεν
1308 3928 1568 3995 Ἰωακεὶρ.
1618 3929 1647 3979 ό
1694 3928 1789 3980 καὶ

215 4025 526 4092 Ἐλιακείμ,
561 4023 591 4074 ὁ
615 4021 843 4088 ἀδελφὸς
878 4020 1069 4085 αὑτοῦ,
1102 4019 1200 4089 ἐτη
1232 4026 1323 4082 ια’,
1358 4022 1453 4073 καὶ
1478 4022 1704 4090 ἐποίησε
1728 4020 1789 4073 τὸ

202 4120 445 4186 πονηρὸν
500 4117 734 4169 ἐνώπιον
785 4115 1015 4185 Κυρίου.
1068 4114 1181 4167 Καὶ
1235 4112 1404 4166 ἐλθὼν
1448 4112 1793 4184 Ναϐουχοδο-

202 4212 368 4278 νόσορ
433 4209 533 4279 τὴν
586 4210 773 4261 πᾶσαν
838 4206 1100 4259 Ἰουδαίαν
1159 4206 1434 4275 ύπόερορον
1503 4206 1786 4276 ἐποίησεν.

216 4303 614 4369 Ἀθετήσαντος
642 4300 702 4353 δὲ
752 4300 1078 4370 φορολογίαν
1147 4299 1407 4368 Ἰωακε“ιμ
1455 4294 1587 4368 ἦλθε
1626 4299 1790 4352 πάλιν

201 4398 285 4457 εἰς
331 4393 692 4463 Ἰερουσαλὴμ
715 4388 1215 4460 Ναϐο⁹υχοδονόσορ,
1250 4392 1344 4444 καὶ
1370 4390 1558 4443 τοῦτον
1588 4406 1787 4459 χειρω-

204 4487 447 4551 σάμενος
483 4487 577 4535 καὶ
600 4480 805 4534 ἀνελὼν
838 4481 947 4532 ἀπὸ
976 4482 1071 4534 τοῦ
1099 4481 1312 4550 τείχους
1353 4481 1581 4550 ῥιφῆναι
1617 4496 1790 4550 προσ-

201 4573 363 4636 έταξε
384 4614 399 4637 ,
426 4575 522 4625 καὶ
552 4572 758 4636 ἄταφον
791 4574 884 4624 ἐπὶ
911 4573 1080 4624 πολὺν
1107 4572 1368 4624 κατέλιπε
1395 4573 1607 4642 χρόνον.

279 4665 439 4718 Μετά
468 4663 527 4715 δέ
583 4665 843 4731 Ἰωακεὶμ
890 4662 1250 4716 ἐϐασίλευσεν
1316 4664 1570 4734 Ἰεχονίας
1612 4668 1641 4719 ὁ
1673 4668 1788 4731 υίὸς

202 4756 396 4815 αὐτοῦ,
434 4757 462 4808 ὁ
495 4758 591 4809 καὶ
637 4756 919 4824 Ἰωακεὶμ,
967 4754 1059 4807 διὰ
1101 4756 1527 4827 προστάγματος
1576 4758 1788 4811 Ναϐου-

203 4850 497 4919 χώονόσόρ
555 4848 730 4919 μῆνας
782 4851 966 4918 τρεῖς,
1006 4850 1104 4902 καὶ
1157 4851 1384 4918 ἐποίησε
1437 4852 1498 4904 τὺ
1552 4852 1788 4922 πονηρὸν

203 4942 457 4994 ἐναντίον
498 4942 727 5010 Κυρίου.
762 4941 875 4995 Καὶ
917 4942 1046 5009 περὶ
1074 4942 1203 5002 τοὺς
1232 4941 1433 5010 φόρους
1466 4944 1790 5013 ἀγνωμονή-

208 5050 407 5095 οαντος
465 5033 633 5085 αὑτοῦ
694 5029 862 5103 ἦλθεν
925 5032 1083 5095 αὖθις
1151 5033 1626 5103 Ναϐουχοδονόσορ
1707 5038 1787 5098 εἰς

215 5124 602 5194 Ἰερουσαλὴμ,
636 5126 729 5177 καὶ
760 5125 853 5176 τὸν
882 5124 1141 5179 Σεδεκίαν
1165 5125 1283 5178 ἀντ’
1311 5126 1479 5178 αὐτοῦ
1512 5127 1791 5196 καταστή-

207 5233 307 5277 σας
333 5214 615 5284 ἀπῴκισεν
654 5219 734 5279 εἰς
774 5216 1075 5270 Βαϐυλῶνα
1131 5217 1391 5287 Ἰεχονίαν
1423 5220 1516 5271 καὶ
1546 5219 1645 5285 τὴν
1678 5236 1789 5287 μη-

206 5308 345 5378 τέρα
394 5310 490 5358 καὶ
544 5309 667 5371 τοὺς
717 5309 983 5378 ἄρχοντας
1019 5309 1207 5361 αὑτοῦ.
1254 5310 1543 5379 Ἐξήνεγκε
1592 5309 1650 5361 δέ
1693 5313 1789 5363 καὶ

208 5403 338 5462 τοὺς
354 5401 663 5470 θησαυροὺς
688 5401 894 5469 Κυρίου
911 5403 1006 5455 καὶ
1027 5401 1117 5454 τοῦ
1140 5402 1404 5471 βασιλέως
1426 5406 1595 5457 καὶτὰ
1609 5406 1788 5474 χρυσᾶ

209 5494 386 5563 σκεύη
416 5493 614 5559 πάντα,
646 5493 683 5547 ἃ
712 5496 940 5565 ἐποίησε
969 5497 1222 5566 Σολομῶν
1256 5499 1313 5549 ἐν
1340 5497 1454 5568 ναῷ
1485 5499 1711 5569 Κυρίου.

281 5672 439 5727 Μετὰ
460 5674 516 5725 δέ
554 5672 809 5744 Ἰεχονίαν
838 5674 1159 5729 ἐϐασίλευσε
1192 5677 1447 5739 Σεδεκίας
1480 5664 1786 5750 πατραδελ-

210 5785 312 5839 σος
344 5767 511 5821 αὑτοῦ
559 5769 653 5840 ἐτη
675 5775 745 5837 γ’,
791 5768 888 5822 καὶ
926 5770 1153 5839 ἐποίησε
1184 5771 1245 5821 τὸ
1284 5770 1518 5840 πονηρὸν
1548 5772 1787 5823 ἐναντίον

213 5861 457 5933 Κυρίου·
496 5863 590 5915 καὶ
626 5865 754 5933 περὶ
785 5865 884 5933 τὴν
919 5862 1243 5933 φορολογίαν
1291 5862 1550 5929 ὡσαύτως
1602 5882 1785 5936 παρα-

1880 1983 2053 2037 salem
2079 2000 2429 2057 Oppugnans,
2452 1995 2676 2040 centum
2696 1990 3013 2057 oetuaginta
3030 1989 3276 2057 quinque
3299 1988 3471 2042 milli-

1882 2080 1987 2134 bus
2022 2094 2119 2148 per
2173 2079 2429 2149 angelum
2464 2096 2570 2135 una
2617 2089 2779 2136 nocte
2834 2080 3144 2149 trucidatis,
3197 2082 3503 2138 dedecore

1880 2185 2107 2241 Oper-tus
2126 2185 2378 2225 reversus
2408 2180 2511 2227 εει.

1954 2265 2086 2319 Post
2133 2261 2421 2317 Ezechiam
2461 2264 2735 2320 Manasses
2787 2265 2934 2321 ﬁlius
2967 2283 3193 2338 regnum
3234 2268 3477 2325 obtinuit

1885 2369 2062 2409 annos
2077 2354 2475 2423 quinquaginta
2505 2357 2775 2425 quinque,
2812 2372 3069 2426 magnum
3098 2359 3291 2412 Isaiam
3322 2375 3475 2415 serra

1886 2447 2099 2510 divisit,
2130 2447 2568 2518 Hierosolymam
2600 2448 2983 2503 innocentium
3012 2453 3286 2520 sanguine
3315 2453 3478 2506 inun-

1886 2540 2057 2603 davit,
2100 2540 2214 2594 Deo
2256 2555 2486 2595 exosus.
2525 2539 2772 2594 Tandem
2805 2551 2929 2610 post
2963 2543 3241 2599 excidium
3280 2554 3340 2600 et
3386 2561 3478 2600 ea-

1886 2634 2195 2702 ptivitatem
2219 2649 2347 2687 eum
2370 2632 2652 2687 scelerata:
2684 2633 2809 2688 vitae
2836 2634 3118 2703 paenituit,
3150 2636 3340 2707 sicque
3364 2639 3476 2695 vita

1887 2722 2111 2776 functus
2137 2734 2243 2777 est.

1955 2813 2188 2869 Manassi
2220 2816 2488 2870 successit
2514 2815 2569 2870 in
2603 2831 2772 2886 regno
2804 2816 3041 2873 Amosus
3079 2819 3247 2886 Iilius,
3282 2836 3481 2893 regna-

1888 2905 1969 2960 vit
1994 2921 2170 2960 annos
2198 2905 2360 2972 duos,
2390 2923 2494 2962 nec
2520 2924 2579 2963 se
2611 2925 2740 2980 erga
2784 2912 2958 2965 Deum
3001 2913 3156 2983 pium
3199 2916 3471 2985 praebuit,

1890 2998 2239 3068 propriisque
2268 3000 2321 3054 in
2353 3000 2568 3055 aedibus
2602 3002 2914 3058 trucidatus
2937 3014 3042 3059 est.

1956 3091 2218 3146 Aumsum
2234 3093 2450 3162 excepit
2470 3092 2652 3147 :Iosias
2672 3092 2821 3149 Iilius
2836 3096 3016 3150 aetatis
3032 3111 3303 3152 annorum
3323 3111 3472 3154 octo.

1896 3181 2169 3252 Regnavit
2195 3199 2371 3238 annos
2400 3185 2620 3253 triginta
2676 3202 2869 3241 unum.
2931 3186 3033 3242 Ilie
3079 3187 3213 3244 fecit
3259 3200 3473 3247 rectum

1891 3288 2078 3327 coram
2118 3274 2371 3329 Domino.
2412 3276 2621 3347 Sagitta
2651 3278 2947 3334 confossus
2969 3282 3023 3335 in
3062 3282 3255 3350 prrelio
3304 3258 3476 3340 occu-

1890 3364 2033 3420 buit.
2058 3367 2139 3421 Eo
2165 3377 2414 3437 tempore
2450 3369 2776 3440 Byzantium
2808 3386 2840 3426 a
2860 3372 3003 3444 Byzo
3044 3373 3087 3428 Τ
3094 3375 3322 3433 Itraeum
3348 3395 3474 3450 rege

1888 3457 2290 3511 exaediﬁcatur.

1959 3549 2092 3603 Post
2114 3549 2321 3605 .Iosiam
2348 3556 2597 3623 regnavit
2624 3557 2944 3616 Joaebazus
2974 3561 3145 3618 Illius.
3188 3564 3240 3620 Is
3278 3567 3477 3621 volun-

1891 3642 1989 3695 tati
2049 3642 2143 3696 Dei
2195 3644 2537 3713 adversatus,
2589 3659 2783 3718 eaptus
2831 3669 2861 3705 a
2908 3668 3035 3724 rege
3090 3653 3475 3728 Egyptiorum

1889 3734 2188 3791 Neebaone
2228 3739 2615 3811 abductusque
2640 3752 2725 3797 est
2748 3744 2802 3796 in
2845 3744 3166 3819 Egyptum,
3201 3751 3291 3803 ubi
3329 3751 3479 3806 occi-

1888 3830 1989 3893 dit,
2024 3845 2153 3885 cum
2185 3833 2482 3903 imperium
2524 3837 2793 3893 tenuisset
2828 3854 3049 3896 menses
3080 3851 3207 3898 tres.

1954 3922 2226 3979 Joachazo
2253 3928 2522 3981 successit
2549 3927 2879 3985 Joaehimus
2899 3932 3091 3997 Irater,
3127 3935 3216 3988 cui
3248 3943 3305 3990 et
3334 3937 3479 3992 Elia-

1892 4013 2039 4069 eimo
2066 4032 2293 4079 nomen,
2318 4034 2493 4073 annos
2527 4023 2803 4077 undecim.
2836 4024 2994 4079 Hunc
3022 4038 3248 4097 propter
3268 4032 3477 4088 scelera

1893 4117 2180 4161 aversatus
2240 4118 2327 4163 est
2388 4110 2674 4167 Dominus.
2726 4114 2907 4181 Quare
2961 4116 3474 4178 Nabuchodonosor

1891 4197 2134 4253 Judteam
2169 4201 2432 4257 invadens
2481 4219 2610 4259 eum
2662 4206 2767 4260 sibi
2796 4208 3124 4280 vectigalem
3170 4212 3322 4270 fecit.
3368 4217 3478 4273 Sed

1892 4305 2017 4345 cum
2049 4291 2371 4349 Joacbimus
2402 4295 2669 4365 imperata
2708 4300 2920 4355 solvere
2948 4317 3250 4370 recusaret,
3273 4308 3475 4364 iterum

1894 4383 2209 4454 irrumpens
2239 4384 2679 4458 Hierosolymam
2718 4391 2889 4459 cepit,
2921 4409 3219 4466 regemque
3252 4407 3474 4471 captum

1850 4516 1861 4527 ι
1893 4489 2210 4563 censumque
2240 4493 2271 4532 e
2304 4494 2463 4534 muro
2491 4481 2830 4550 praecipitem
2855 4484 3003 4551 dari,
3028 4488 3479 4563 insepultumque

1821 4581 1864 4636 ι)
1892 4562 1984 4616 ditt
2009 4565 2195 4633 jacere
2224 4567 2412 4635 jussit.

1970 4653 2077 4723 18
2104 4654 2686 4731 Joachimumexcepit
2735 4660 3031 4719 Jechnnias
3068 4666 3233 4732 ﬁlius,
3280 4674 3374 4740 qui
3421 4686 3478 4728 et

1891 4745 2234 4814 Joacbimus,
2262 4766 2359 4820 per
2376 4766 2599 4807 menses
2615 4762 2725 4808 tres
2746 4772 2760 4811 :
2779 4755 2858 4809 sic
2870 4758 3019 4812 enim
3036 4758 3479 4818 Nabuchodono-

1896 4854 2058 4895 sorus
2093 4841 2148 4896 in
2186 4844 2461 4900 mandatis
2483 4847 2731 4901 dederat.
2764 4847 2900 4918 Erga
2924 4851 3094 4905 Deum
3117 4853 3319 4925 impius
3350 4858 3474 4913 I‘uit.

1896 4931 1997 4987 llic
2033 4950 2159 4989 cum
2194 4938 2399 4992 tributa
2429 4941 2569 4994 mala
2607 4941 2713 4996 ﬁde
2746 4945 3111 5013 persolveret,
3136 4950 3314 5005 valida
3366 4952 3472 5007 ite-

1895 5042 2014 5081 rum
2045 5043 2210 5083 manu
2244 5029 2825 5090 Nabucltodonosorus
2851 5036 3284 5113 Hierosolymam
3329 5046 3478 5100 obsi-

1897 5120 2062 5174 dione
2110 5120 2313 5188 cingit,
2363 5132 2420 5175 et
2468 5122 2752 5180 Jechonite
2798 5143 3027 5198 regnum
3078 5134 3130 5185 in
3186 5131 3474 5193 Sedeciant

1897 5211 2287 5276 transfert,eo,
2322 5222 2499 5268 matre
2548 5217 2888 5289 reliquisque
2938 5222 3086 5277 illius
3128 5226 3478 5299 principibus

1894 5303 2221 5375 Babylonem
2276 5305 2553 5364 adductis.
2587 5308 2902 5367 Tltesauros
2937 5315 3067 5369 item
3112 5333 3306 5373 omnes
3364 5331 3474 5377 tam

1894 5413 2083 5453 sacros
2119 5414 2282 5468 quam
2338 5401 2554 5471 regios,
2617 5412 2674 5457 et
2726 5419 2949 5459 auream
2989 5410 3471 5483 suppellectilem,

1893 5508 2057 5563 quam
2115 5493 2372 5547 Salomon
2412 5495 2465 5549 in
2514 5496 2678 5551 domo
2742 5498 2959 5553 [lumini
3027 5518 3469 5573 praeparaverat,

1892 5586 2226 5654 exportavit.

1967 5678 2098 5732 Post
2125 5677 2446 5733 .Iecboniam
2476 5679 2738 5735 Sedecias
2784 5693 3015 5754 patruus
3042 5701 3271 5759 regnum
3320 5693 3468 5750 obti-

1894 5772 2212 5825 nuitannos
2244 5779 2380 5833 tres,
2417 5771 2504 5825 vir
2541 5772 2781 5843 iniustus
2827 5786 2882 5832 et
2914 5776 3116 5848 impius
3142 5819 3158 5847 ,
3204 5782 3297 5852 qui
3342 5799 3471 5843 cum

1894 5865 2068 5934 pactis
2100 5878 2200 5919 nec
2234 5861 2348 5934 ipse
2380 5864 2645 5937 stetisset,
2676 5868 2837 5927 tertio
2880 5868 3467 5937 Nabucltodouosorus
