4288 6364
736 403 899 482 δοθῇ
2302 430 2429 490 res

2358 418 2565 491 )ELiS
3942 435 4051 498 9ίῦ

788 540 1226 612 Hierosolymam
1288 542 1505 597 obsedit
1576 556 2061 617 cxpugnatamque
2114 543 2481 612 ’ilammisAi

2352 559 2441 612 ΞΑ
2474 547 2874 617 σπονδήσαντος
2934 548 3101 603 αὖτοῦ
3144 546 3273 620 ἦ).οε
3327 549 3490 604 πάλιν
3544 553 4045 627 Ναϐουχοδονόσορ,

790 631 1119 700 absumpsit,
1156 631 1385 687 Sedecia
1418 645 1579 703 capto
1611 651 1835 690 uxorem
1861 646 1917 690 et
1962 637 2101 692 ﬁlios
2131 640 2185 691 in
2225 652 2361 690 con—

794 737 985 792 spectu
1018 724 1165 778 illius
1183 726 1302 779 neci
1329 728 1563 791 traditit,
1589 743 1714 783 eum
1736 729 2074 785 obcaecatum
2101 729 2361 784 vinculis-

791 833 898 885 que
926 817 1207 887 alligatum
1244 821 1523 888 captivum
1554 821 1606 874 in
1640 821 1971 894 Babylonem
2009 822 2261 876 abduxit.

859 1091 1058 1146 Decem
1094 1089 1329 1159 sceptris
1359 1089 1551 1145 divisis
1578 1092 1941 1146 Jeroboamus
1964 1091 2113 1147 ﬁlius
2138 1092 2357 1154 Nabati,

786 1203 854 1241 ex
905 1185 1052 1238 tribu
1107 1184 1392 1251 Epliraim,
1446 1198 1640 1236 servus
1690 1183 2004 1239 Salomonis
2049 1194 2106 1239 et
2137 1186 2359 1239 rebellis

788 1292 1017 1347 regnum
1069 1284 1302 1343 occupat
1332 1290 1506 1328 annos
1548 1275 1911 1344 quadraginta
1956 1279 2092 1331 duos
2124 1317 2139 1337 ,
2172 1277 2360 1330 multis

789 1369 1127 1435 nefariisque.
1185 1366 1490 1421 sceleribus
1540 1376 1853 1433 coopertus.
1908 1366 2037 1419 Ideo
2085 1366 2359 1435 percussit

786 1460 942 1512 illum
972 1457 1258 1521 Dominus,
1306 1466 1361 1509 et
1411 1464 1663 1510 mortuus
1712 1465 1796 1511 est
1859 1456 1911 1509 in
1973 1456 2357 1524 iniquitatibus

784 1551 918 1603 suis.

857 1641 1186 1694 Jerobuamo
1222 1641 1487 1693 successit
1516 1638 1757 1693 Nabatus
1789 1639 1958 1704 ﬁlius,
2001 1639 2214 1693 scelere
2265 1639 2353 1692 fu-

783 1745 1016 1797 roreque
1051 1728 1453 1792 inﬂammatus;
1484 1738 1538 1782 et
1567 1744 1691 1783 cum
1727 1729 2010 1783 biennium
2048 1738 2349 1798 regnasset,

782 1840 954 1877 (‘ﬂfSUS
982 1833 1066 1877 est
1096 1840 1122 1877 a
1155 1824 1344 1878 Baasa.

852 1916 974 1969 pttsl
1015 1916 1279 1968 Nabatum
1319 1914 1567 1982 regnavit
1612 1913 1801 1972 Baasa,
1850 1913 1934 1966 vir
1965 1912 2248 1967 maleﬁcus
2292 1922 2349 1966 et
2383 1908 2424 1961 Β

782 2009 1061 2077 iniustus;
1104 2015 1159 2060 et
1202 2020 1327 2059 cum
1370 2015 1651 2075 regnasset
1700 2020 1873 2059 annos
1902 2006 1995 2071 24,
2045 2005 2099 2059 in
2145 2005 2349 2075 prmlio

779 2099 1084 2151 trucidatus
1114 2107 1225 2151 est.

852 2190 958 2257 19
986 2189 1111 2243 Post
1134 2189 1355 2242 Baasam
1385 2188 1675 2257 imperavit
1700 2186 1830 2242 llela
1856 2188 2020 2250 ﬁlius,
2049 2190 2135 2243 vir
2161 2189 2350 2258 proﬁi~

776 2284 1110 2351 gatissimus.
1149 2282 1196 2335 Is
1234 2282 1517 2334 biennium
1562 2282 1831 2352 regnavit,
1871 2282 2233 2350 sublatusque
2264 2293 2350 2337 est

774 2392 802 2426 a
829 2372 1242 2440 Zunbriolanno
1262 2374 1411 2442 regni
1442 2376 1495 2430 '2.

850 2489 993 2541 llelae
1016 2487 1303 2541 Zambrius
1327 2490 1592 2542 successit
1608 2489 1795 2543 multis
1814 2488 2033 2558 ﬂagitiis
2048 2501 2101 2543 et
2124 2490 2348 2543 sceleri-

775 2581 878 2634 bus
917 2581 1339 2633 contaminatus.
1378 2582 1477 2635 llic
1506 2597 1630 2635 cum
1667 2597 1726 2636 se
1763 2582 1886 2650 fuga
1929 2581 2151 2635 domum
2190 2597 2342 2635 rece-

775 2676 963 2741 pisset,
993 2673 1061 2724 ab
1087 2672 1336 2725 hostibus
1360 2683 1741 2728 eonerematus
1767 2682 1851 2728 est
1880 2688 2025 2747 anno
2069 2674 2218 2742 regni
2256 2674 2344 2726 12.

844 2783 1099 2836 Zambrio
1170 2784 1419 2836 succedit
1477 2784 1531 2837 in
1593 2801 1763 2854 regno
1824 2785 2085 2840 Acltabus
2151 2786 2344 2848 ﬁlius,

782 2873 1106 2926 facinorosis
1159 2874 1424 2941 operibus
1465 2874 1574 2926 Deo
1603 2890 1825 2937 exosus,
1874 2886 1929 2927 et
1966 2885 2219 2929 mortuus
2258 2886 2344 2932 est

782 2967 836 3018 in
871 2963 1232 3032 inquitatibus
1254 2965 1368 3016 suis
1396 2978 1538 3017 anno
1567 2967 1716 3034 regni
1749 2967 2012 3021 vicesimo
2038 2968 2303 3021 secundo.

842 3078 1109 3132 Defuncto
1140 3079 1364 3133 Achabo
1394 3094 1621 3147 regnum
1652 3080 2057 3135 administravit
2077 3080 2342 3137 chosias

771 3173 953 3222 annos
986 3171 1144 3231 duos,
1180 3173 1263 3221 vir
1308 3171 1780 3239 proﬂigatissimus
1812 3188 1873 3225 ac
1910 3172 2336 3240 perditiSsimus.

2466 640 2560 693 καὶ
2589 641 2688 710 τὴν
2724 640 2824 710 μὲν
2858 642 3011 694 πόλιν
3041 644 3224 696 πᾶσαν
3260 644 3592 713 παραλαϐὼν
3627 647 3919 717 ἐνέπρησε,
3947 650 4046 700 τὸν

2463 731 2520 783 δέ
2551 731 2809 784 Σεδεκίαν
2848 735 3281 804 χειρωσάμενος,
3323 736 3421 805 τὴν
3452 737 3552 806 μέν
3583 740 3814 803 γυναῖκα
3845 741 3942 793 κα⁴ι
3974 741 4049 795 τὰ

2462 822 2629 876 τέκνα
2660 822 2826 876 αὑτοῦ
2873 826 2995 876 κατ’
3023 825 3339 896 ὀφθαλμοὺς
3382 828 3550 881 αὐτοῦ
3601 829 3834 895 ἀνεῖλεν,
3874 832 4048 885 αὑτὸν

2462 913 2519 966 δὲ
2558 914 2913 982 ἐκτυφλώσας
2942 916 3038 968 καὶ
3062 917 3282 985 δεσμοῖς
3318 917 3613 990 καθείρξας
3639 922 3720 984 εἰς
3747 920 4047 978 Βαϐυλῶνα

2462 1004 2809 1072 αίχμάλωτον
2834 1007 3149 1076 ἀπήγαγεν.

2532 1091 2681 1146 Μετὰ
2725 1097 2827 1166 τὴν
2879 1097 3147 1167 διαίρεσιν
3188 1099 3299 1151 τῶν
3328 1101 3460 1154 δέκα
3509 1103 3807 1173 σκήπτρων
3850 1105 4046 1159 ἐϐασῖ-

2460 1182 2648 1236 λευσεν
2695 1184 2979 1258 Ἰεροϐοὰμ
3011 1190 3126 1251 υίὸς
3158 1191 3350 1246 Ναϐατ
3399 1196 3464 1247 ἐκ
3498 1195 3672 1265 φυλῆς
3716 1198 3981 1270 Ἐφραίμ,
4014 1202 4047 1254 ὀ

2458 1274 2643 1337 δοῦλος
2691 1276 3042 1345 Σολομῶντος
3095 1283 3188 1333 καὶ
3242 1283 3595 1356 ἀποστάτης,
3647 1288 3743 1360 ἐτη
3796 1292 3907 1360 μβ,
3944 1294 4046 1346 καὶ

2458 1367 2683 1437 ἐποίησε
2711 1368 2771 1420 τὸ
2800 1371 3040 1439 πονηρὸν
3069 1373 3316 1426 ἐναντίον
3364 1376 3574 1446 Κυρίου
3597 1396 3610 1410 υ
3654 1380 3735 1433 διὸ
3774 1398 3868 1435 και
3898 1385 4047 1438 ἐπά-

2457 1462 2618 1525 ταξεν
2662 1463 2825 1514 αὐτὸν
2854 1464 2883 1514 ὁ
2932 1464 3067 1526 Θεὸς
3089 1503 3105 1527 ,
3155 1469 3251 1521 καὶ
3300 1469 3576 1524 ἀπέθανεν
3611 1476 3666 1526 ἐν
3695 1479 3815 1538 ταῖς
3852 1479 4042 1547 ἁμαρ-

2456 1550 2596 1612 τίαις
2627 1552 2816 1606 αὐτοῦ.

2524 1641 2678 1693 Μετὰ
2708 1643 2764 1695 δέ
2805 1644 3091 1716 Ἰεροϐοὰμ
3122 1646 3441 1704 ἐϐασίλευσε
3474 1653 3665 1706 Ναϐάτ
3704 1656 3818 1717 uta;
3864 1657 4039 1710 αὐτοῦ

2453 1730 2547 1801 ἐτη
2575 1731 2639 1801 β’,
2670 1735 2767 1785 καὶ
2801 1736 3025 1807 ἐποίησε
3054 1738 3114 1791 τὸ
3145 1740 3383 1810 πονηρὸν
3415 1744 3646 1798 ἐνώπιον
3678 1748 3903 1816 Κυρίου,
3938 1752 4041 1803 καὶ

2453 1822 2667 1892 ἐσφάγη
2698 1824 2803 1877 ὑπὸ
2832 1826 3081 1887 Βαασσά.

2525 1915 2683 1967 Μετὰ
2714 1915 2769 1968 δέ
2814 1915 3004 1970 Ναϐὰτ
3046 1919 3367 1974 ἐϐασίλευσε
3410 1922 3633 1977 Βαασσά
3676 1926 3770 1995 ἔτη
3803 1923 3899 1991 κδ’,
3934 1928 4038 1981 καὶ

2458 2008 2682 2078 ἐποίησε
2710 2010 2770 2062 τὸ
2809 2010 3073 2081 πονηρὸν,
3106 2014 3200 2065 καὶ
3223 2014 3440 2086 ἐσφάγη
3479 2018 3536 2068 ἐν
3570 2016 3809 2086 πολέμῳ.

2526 2187 2683 2240 Μετὰ
2735 2188 2792 2239 δὲ
2850 2188 3038 2241 Βαασά
3089 2189 3448 2244 ἐϐασίλευσεν
3530 2195 3663 2247 Ἦλά
3699 2195 3811 2257 υἱὸς
3860 2198 4035 2250 αὐτοῦ

2455 2278 2549 2346 ἔτη
2608 2277 2675 2347 β’,
2719 2280 2814 2330 καὶ
2864 2280 3089 2350 ἐποίησε
3147 2282 3209 2334 τὸ
3260 2282 3523 2354 πονηρὸν,
3557 2287 3651 2337 καὶ
3684 2287 3899 2356 ἐσφάγη
3924 2290 4035 2339 ὑπὸ

2458 2370 2717 2441 Ζαμϐρῆ.

2525 2485 2678 2537 Meti:
2739 2486 2796 2537 δὲ
2858 2485 2992 2539 Ἠλὰ
3044 2485 3365 2539 ἐϐασίλευσε
3414 2486 3646 2558 Ζαμϐρῆ
3672 2488 3770 2559 ἔτη
3811 2490 3906 2559 ιβ’,
3936 2494 4037 2545 καὶ

2453 2576 2679 2644 ἐποίησε
2709 2576 2772 2628 τὸ
2804 2578 3063 2648 πονηρὸν,
3096 2578 3193 2631 καὶ
3227 2578 3434 2648 ἐκαύθη
3459 2580 3563 2632 ὑπὸ
3604 2579 3716 2633 τῶν
3749 2582 4036 2651 πολεμίων

2452 2666 2587 2735 οἴκῳ
2619 2667 2977 2736 προσφυγὼν.

2524 2780 2680 2833 Μετὰ
2701 2781 2758 2832 δέ
2786 2780 3018 2849 Ζαμϐρῆ
3042 2780 3394 2834 ἐϐασίλευσεν
3447 2782 3660 2851 Ἀχαὰϐ
3702 2785 3816 2847 υίὸς
3858 2786 4034 2837 αὐτοῦ

2453 2871 2547 2939 ἔτη
2585 2871 2694 2940 κβν,
2726 2872 2822 2923 καὶ
2863 2871 3087 2937 ἐποίησε
3137 2872 3199 2925 τὸ
3253 2873 3513 2943 πονηρὸν,
3539 2875 3634 2927 καὶ
3657 2877 3901 2949 ἐσφάγη,
3931 2879 4034 2931 καὶ

2451 2964 2723 3018 ἀπέθανεν
2748 2965 2805 3016 ἐν
2833 2966 2952 3026 ταῖς
2979 2964 3280 3033 ἁμαρτίαις
3309 2965 3496 3020 αὐτοῦ.

2520 3078 2675 3130 Μετὰ
2708 3077 2766 3130 δὲ
2809 3078 3014 3146 Ἀχαάϐ
3036 3077 3385 3131 ἐϐασίλευσεν
3427 3081 3677 3150 Ὀχοζίας
3713 3084 3826 3147 υίὸς
3857 3085 4029 3139 αὐτοῦ

2453 3168 2549 3238 ἔτη
2584 3169 2650 3238 β’,
2688 3170 2781 3222 καὶ
2841 3170 3066 3239 ἐποίησε
3110 3170 3166 3221 τὸ
3213 3170 3474 3237 πονηρὸν,
3509 3174 3602 3224 καὶ
3632 3174 3814 3229 πεσὼν
3843 3176 3907 3227 ἐκ
3932 3176 4029 3227 τοῦ

775 3262 821 3311 is
852 3272 974 3313 cum
1007 3278 1034 3313 e
1071 3262 1351 3315 cmnaeulo
1379 3261 1572 3314 domus
1602 3277 1714 3315 sum
1744 3262 2056 3330 cecidisset,
2087 3278 2343 3318 eunsum-
2370 3262 2413 3321 C
2449 3262 2468 3314 ιζ

1846 3262 2056 3330 idisset,
2087 3278 2343 3318 cunsum-
2370 3262 2413 3321 C
2449 3260 2701 3331 ὑπερῴου
2727 3260 2821 3313 τοῦ
2852 3260 3003 3313 οἴκου
3034 3261 3201 3313 αὑτοῦ
3236 3262 3530 3315 ἀπέθανεν.

773 3370 897 3420 li:sz
927 3362 1030 3405 est.

842 3444 1090 3497 Oiimsice
1136 3446 1399 3498 successit
1433 3446 1685 3498 Joralnus
1735 3445 1907 3500 frater
1948 3446 2191 3515 nequitia
2236 3447 2347 3500 sin-

772 3536 940 3603 gulari
964 3537 1258 3603 praeditus;
1290 3548 1343 3590 et
1366 3539 1432 3590 ab
1460 3538 1559 3591 Jeu
1586 3539 1894 3592 trucidatus
1922 3552 2026 3600 est,
2054 3549 2340 3608 postquam

775 3638 1051 3697 ι’ρςιεέιδευι
1099 3645 1272 3681 annos
1316 3629 1629 3683 duodecim.
1676 3631 1788 3682 Sub
1832 3646 1897 3682 eo
1938 3631 2080 3683 Etias
2120 3646 2344 3699 magnus

770 3731 1082 3786 assumptus
1132 3730 1236 3772 est.
1289 3719 1514 3772 [Cisseus
1572 3737 1698 3772 vero
1748 3723 1905 3788 aquis
1963 3722 2339 3786 llicricuuliis,

771 3824 893 3861 cum
925 3820 1111 3862 essent
1140 3826 1336 3862 amarat
1370 3820 1609 3878 ct_gustu
1642 3812 1915 3874 insuaves,
1950 3826 2109 3877 opem
2145 3812 2286 3864 tulit.

840 3925 967 3976 Post
994 3925 1269 3977 Joramum
1308 3939 1535 3993 regnum
1584 3924 1758 3977 tenuit
1787 3924 1885 3978 Jeu
1928 3926 2159 3979 Amasice
2193 3925 2337 3979 filius

774 4031 945 4068 annos
971 4015 1159 4083 viginti
1192 4025 1337 4069 octo.
1374 4016 1424 4068 Is
1454 4031 1577 4067 cum
1611 4014 1908 4067 Samariam
1942 4015 2339 4084 ingrederetur,

771 4107 1124 4168 .lezabeliam,
1180 4121 1302 4175 qua:
1365 4106 1669 4159 cultissimo
1737 4105 1985 4175 corporis
2029 4118 2227 4160 ornatu
2285 4105 2340 4159 in

773 4202 1010 4251 fenestra
1034 4206 1379 4264 apparuerat,
1406 4212 1499 4264 per
1525 4197 1808 4249 eunuchos
1830 4197 2161 4264 praecipitem
2190 4196 2300 4266 egit
2324 4215 2336 4250 :

776 4306 856 4341 sic
892 4289 978 4340 illa
1007 4289 1074 4340 ab
1108 4289 1265 4356 cquis
1291 4288 1608 4341 conculcata
1640 4298 1695 4341 et
1743 4303 1770 4339 a
1813 4289 2041 4341 canibus
2081 4288 2337 4342 devorata

772 4391 877 4435 est.
943 4380 1087 4433 Idem
1140 4380 1279 4433 ﬁlios
1330 4379 1535 4433 Acbabi
1591 4380 1708 4432 neci
1763 4379 2005 4444 tradidit,
2051 4388 2107 4433 et
2160 4389 2339 4433 astute

773 4472 1254 4539 l'r.utdulentcrquc
1307 4471 1603 4524 convocato
1662 4472 1863 4539 populo
1915 4471 2235 4525 sacerdotes
2274 4486 2337 4525 ac

2520 3440 2677 3492 Μετὰ
2731 3439 2789 3492 δέ
2845 3440 3095 3509 Ὀχοζίαν
3128 3441 3480 3496 ἐϐασίλευσεν
3514 3443 3718 3513 Ἰωράμ
3742 3447 3768 3497 ό
3796 3445 4028 3513 ἀδελφὸς

2447 3533 2611 3586 αὐτοῦ
2642 3534 2736 3603 ἐτη
2770 3533 2834 3601 β’,
2869 3537 2964 3585 καὶ
3013 3535 3236 3603 ἐποίησε
3273 3539 3332 3587 τὸ
3370 3536 3623 3604 πονηρὸν,
3675 3538 3769 3588 καὶ
3804 3540 4027 3607 ἐσφάγη

2448 3626 2551 3676 ὑπὸ
2581 3624 2741 3693 Ἰηοῦ.
2783 3625 2897 3693 Ἐφ’
2952 3621 3013 3679 οὗ
3044 3626 3319 3695 ἀνελήφθη
3354 3628 3381 3677 ὁ
3442 3630 3614 3696 μέγας
3660 3630 3848 3689 Ἠλίας
3873 3650 3884 3661 ·
3916 3632 3942 3682 ὁ
3970 3632 4026 3683 δὲ

2458 3718 2760 3779 Ἐλισσαῖος
2786 3717 2847 3768 τὸ
2888 3716 3267 3787 ’Ῑεριχούντιον
3309 3718 3453 3789 ὕδωρ
3504 3722 3701 3789 πικρὸν
3759 3720 3819 3771 ὃν
3861 3722 4031 3789 φύσ-ι

2446 3808 2541 3860 καὶ
2562 3808 2826 3860 δύσποτον
2856 3810 3069 3862 ίάσατο.

2517 3919 2669 3973 Μετὰ
2694 3920 2747 3972 δὲ
2787 3920 2989 3990 Ἰωράμ
3015 3921 3365 3977 ἐϐασίλευσεν
3440 3924 3578 3994 Ἰηοῦ
3627 3927 3739 3988 υίὶς
3766 3926 4030 3994 Ἀμεσίου

2444 4011 2537 4081 ἔτη
2572 4010 2680 4080 κη’,
2726 4014 2822 4064 καὶ
2864 4014 3248 4084 εἰσερχόμενος
3283 4017 3340 4067 ἐν
3389 4018 3456 4084 τῇ
3494 4017 3649 4068 πόλει
3705 4017 4028 4086 Σαμαρείας

2443 4098 2554 4154 εἶδε
2581 4104 2942 4172 προκύψασαν
3006 4105 3243 4169 Ἰεζάϐελ
3282 4106 3369 4159 διά
3423 4107 3524 4176 τῆς
3572 4106 3785 4175 θυρίδος
3821 4107 4029 4160 κεκαλο

2442 4191 2816 4263 λωπισμένην,
2869 4196 2967 4246 καὶ
3016 4198 3317 4264 προσέταξε
3370 4199 3483 4259 τοῖς
3537 4197 3815 4267 εὐνούχοις
3847 4197 4028 4265 αὐτῆς

2442 4285 2893 4353 κατακρημνίσαι
2916 4286 3107 4353 αὐτὴν,
3134 4288 3167 4357 ἢ
3190 4290 3544 4358 κατεπατήθη
3572 4291 3675 4340 ὑπὸ
3702 4290 3810 4340 τῶν
3832 4290 4025 4341 ἵππων

2444 4374 2537 4426 καὶ
2560 4376 2888 4447 κατεϐρώθη
2934 4377 3040 4430 ὑπὸ
3071 4379 3181 4429 τῶν
3212 4380 3413 4432 κυνῶν.
3484 4380 3755 4445 Ἐπάταξε
3806 4379 3863 4433 δέ
3924 4380 4029 4431 καὶ

2441 4466 2566 4525 τοὺς
2590 4465 2740 4525 υἱοὺς
2775 4466 3005 4534 Ἀχαὰϐ,
3050 4468 3145 4518 καὶ
3185 4467 3326 4535 μετὰ
3350 4458 3691 4537 πανουργίας
3725 4468 4023 4536 συναθροί-

778 4565 1069 4630 prnpbetas
1108 4561 1282 4613 Baalis
1328 4576 1517 4615 omnes
1568 4562 1862 4624 interfecit,
1904 4572 1954 4616 et
1997 4561 2122 4615 Baal
2167 4562 2339 4615 illius-
2370 4596 2413 4651 η
2446 4572 2471 4605 σ

2330 4592 2413 4651 .D
2446 4572 2543 4617 σας
2587 4557 2794 4618 πάντας
2846 4558 2973 4618 τους
3016 4557 3188 4627 ίερεῖς
3225 4559 3318 4609 καὶ
3371 4561 3657 4627 προφήτας
3718 4559 3812 4609 τοῦ
3850 4560 4023 4621 Βάαλ,

776 4671 883 4721 que
912 4656 1304 4721 supellcctilem
1337 4670 1554 4708 omnem
1587 4655 1894 4709 succendit.
1926 4655 2200 4710 Caeterum
2229 4656 2331 4709 Jeu

781 4761 951 4813 usque
1004 4761 1057 4798 ιιι
1096 4745 1259 4817 ﬁnem
1312 4761 1412 4797 nec
1455 4747 1718 4814 justitiam
1771 4761 1872 4800 nec
1906 4746 2077 4815 legem
2124 4746 2337 4799 Domini

779 4837 1034 4891 servavit.
1069 4828 1438 4903 mactatusquc
1473 4846 1557 4890 est
1590 4837 1642 4887 in
1676 4838 1887 4904 prmliu.

853 5036 961 5103 20
997 5036 1120 5087 Post
1167 5035 1262 5088 Jeu
1323 5036 1568 5103 regnavit
1616 5036 1918 5091 Joachazus
1970 5039 2112 5091 [ilius
2166 5054 2339 5092 annos

780 5131 970 5193 viginti
995 5138 1221 5194 septem,
1253 5126 1516 5195 legirupa,
1542 5127 1760 5196 impius,
1792 5139 1847 5181 et
1879 5139 2127 5183 mortuus
2149 5141 2253 5184 est.

851 5310 1119 5361 .luachazo
1148 5308 1410 5361 successit
1451 5309 1579 5363 Joas
1619 5309 1784 5373 Illius,
1832 5310 1915 5362 vir
1955 5309 2335 5379 profligatissi-

782 5415 903 5451 mus
929 5416 942 5462 ;
974 5408 1030 5451 et
1060 5414 1183 5452 cum
1220 5409 1497 5467 regnasset
1530 5415 1702 5454 annos
1725 5401 2159 5469 quatuor-decim,
2188 5415 2338 5453 mor-

782 5502 907 5543 tuus
950 5499 1050 5543 est.
1098 5487 1228 5556 Ejus
1258 5498 1575 5558 tempestate
1616 5490 1842 5545 Elisasus
1886 5491 2143 5553 moritur,
2182 5500 2336 5560 post-

776 5597 937 5651 quam
978 5597 1073 5650 per
1103 5582 1251 5651 signa
1300 5582 1366 5635 de
1406 5582 1578 5652 Syriis
1625 5583 1907 5637 victoriam
1948 5582 2331 5653 praedixisset;

778 5689 901 5726 cum
924 5688 1051 5726 vero
1074 5674 1365 5745 sepultura:
1391 5674 1761 5740 mandaretur,
1792 5676 2028 5730 cadaver
2055 5678 2108 5729 in
2136 5674 2332 5729 eodem

776 5777 1129 5818 monumento
1160 5766 1329 5820 beatis
1350 5764 1457 5819 illis
1486 5768 1763 5837 prophetat:
1786 5770 2000 5827 ossibus
2031 5768 2333 5840 appropin-

783 5870 955 5925 quans
1008 5858 1129 5912 vita:
1157 5860 1465 5913 restitutum
1495 5871 1597 5914 est.

2444 4648 2648 4707 πάντας
2675 4648 3031 4716 ἀναιρεθῆναι
3050 4648 3381 4717 προσέταξε,
3415 4650 3511 4701 καὶ
3540 4648 3632 4699 τὸν
3654 4648 3801 4700 Βάαλ
3828 4649 3922 4699 καὶ
3956 4654 4025 4701 τα

2442 4737 2604 4789 αὑτοῦ
2639 4741 2814 4790 πάντα
2839 4739 3132 4808 ἐνέπρησε,
3164 4739 3312 4810 Πλὴν
3336 4742 3436 4793 οὐκ
3464 4740 3733 4808 ἐφύλαξεν
3756 4742 3835 4801 είς
3866 4741 4027 4804 τέλος

2443 4816 2771 4898 πορεύεσθαι
2800 4833 2857 4879 ἐν
2881 4830 3034 4899 νόμῳ
3062 4831 3288 4901 Κυρίου,
3342 4832 3436 4883 καὶ
3470 4833 3684 4899 ἐσφάγη
3710 4832 3768 4881 ἐν
3810 4830 3891 4897 τῷ
3921 4846 4025 4882 πο-

2440 4925 2495 4975 λέ
2506 4941 2589 4993 μῳ
2599 4962 2611 4973 .

2512 5038 2663 5091 Μετὰ
2700 5036 2754 5089 δὲ
2815 5035 2954 5105 Ἰηοῦ
3002 5034 3352 5088 ἐϐασίλευσεν
3404 5034 3636 5105 Ἰωάχαζ
3677 5035 3792 5095 υίὸς
3844 5034 4022 5086 αὐτοῦ

2441 5129 2538 5192 ἔτη
2578 5127 2693 5192 κζ’,
2744 5129 2837 5181 καὶ
2871 5129 3095 5194 ἐποίησε
3130 5128 3191 5178 τὸ
3222 5126 3461 5194 πονηρὸν
3521 5123 3756 5176 ἐνώπιον
3786 5124 4023 5191 Κυρίου,

2441 5223 2533 5275 καὶ
2556 5220 2855 5274 ἀπέθανεν.

2511 5311 2657 5366 Μετὰ
2701 5310 2759 5361 δέ
2817 5308 3048 5380 ’ῐωάχαζ
3097 5308 3449 5361 ἐϐασίλευσεν
3494 5307 3647 5369 Ἰωάς
3700 5307 3814 5371 υίὸς
3846 5310 4019 5363 αὐτοῦ

2438 5403 2534 5471 ἐτη
2568 5400 2649 5466 ιδ’,
2676 5403 2771 5453 καὶ
2796 5402 3021 5470 ἐποίησε
3056 5401 3119 5453 τὺ
3145 5401 3405 5471 πονηρὸν,
3434 5403 3528 5452 καὶ
3561 5399 3850 5452 ἀπέθανεν.
3897 5400 4021 5467 Ἐφ’

2436 5489 2498 5546 οὗ
2539 5492 2848 5554 Ἐλισσαῖος
2900 5492 3225 5560 ἐτελεύτησε
3277 5490 3665 5561 προφητεύσας
3711 5490 3878 5543 αὐτοῦ
3914 5500 4020 5561 την

2438 5585 2713 5654 προτέραν
2740 5584 2828 5636 διὰ
2861 5583 3151 5653 συμϐόλων
3192 5583 3350 5653 νίκην
3376 5590 3519 5635 κατά
3572 5583 3780 5651 Σύρων.
3816 5580 3927 5634 Τοῦ
3958 5584 4016 5635 δέ

2438 5682 2719 5747 προφήτου
2755 5675 3103 5745 θαπτομένου
3133 5676 3191 5727 ἐν
3218 5674 3297 5745 τῷ
3334 5677 3586 5745 μνημείῳ
3618 5676 3811 5744 νεκρός
3840 5691 3924 5736 τις
3959 5677 4020 5727 ἐν

2436 5768 2514 5839 τῷ
2557 5766 2704 5836 αύτῴ
2756 5768 2912 5838 τάφῳ
2954 5767 3262 5839 πλησιάσας
3294 5770 3408 5830 τοῖς
3445 5768 3738 5836 μακαρίοις
3799 5766 4017 5826 ὀστέοις

2438 5861 2600 5915 αὑτοῦ
2642 5860 2859 5932 ἀνέστη.
