4288 6364
179 449 281 515 ΞΗ

1503 438 2202 506 οιίιιυκοοιιΛΡΗιΑ.

3366 435 3474 505 ΝΞ

249 555 501 616 Μετάνεέ
540 554 694 621 nos;
733 551 1093 611 ἐϐασίλευσεν
1131 549 1417 626 Ἰερεϐςὰμ
1443 548 1561 615 υίὸς
1595 546 1764 602 αὐτοῦ
1798 553 1844 610 Α

1798 553 1844 610 Α
1943 546 2076 604 Post
2139 548 2266 606 lous
2330 547 2697 607 Juroboamus
2772 546 2918 605 illius
2987 559 3219 620 regnum
3289 547 3468 606 tenuit

181 651 275 724 ιτη
301 646 401 714 λε’.
447 647 542 704 καὶ
579 645 806 717 εποίησε
839 643 900 700 τὸ
937 643 1204 716 πονηρὸν(
1235 646 1330 698 καὶ
1360 640 1665 699 ἁπόθανεν.

252 829 415 888 Μετὰ
458 830 517 885 δέ
575 827 868 902 ἰεροϐοάμ
917 827 1278 883 ἐϐασίλευσεν
1336 826 1601 898 ’Δξαρίας
1663 827 1781 890 υίὸς

183 923 356 980 αὑτοῦ
418 924 593 994 μῆνας
657 921 736 989 ς’.
803 923 900 978 καὶ
958 923 1186 994 ἐποίησε
1245 922 1304 977 τὸ
1355 919 1616 992 πονηρὸν,
1683 920 1781 975 καὶ

181 1016 402 1086 ἐσφάγη
443 1014 550 1068 ὑπὸ
575 1013 808 1084 Σελούμ.

253 1108 419 1162 Μετὰ
448 1105 504 1158 ὁὶ
535 1104 801 1177 ’Λζαρίαν
822 1104 1147 1158 ἐϐασίλευσε
1176 1103 1389 1172 Σελοὺμ
1419 1101 1568 1172 μῆνα
1589 1099 1659 1168 α’,
1687 1100 1782 1154 καὶ

184 1201 415 1267 ἐποίησε
453 1199 515 1252 τὸ
556 1199 816 1268 πονηρὸν,
840 1200 932 1252 καὶ
966 1197 1181 1267 ἐσφάγη
1215 1197 1320 1252 ὑπὸ
1351 1196 1603 1266 Μανσῖμ.

261 1293 420 1347 Μετὰ
444 1292 504 1345 6h
533 1292 749 1362 Σελοὺμ
799 1291 1119 1345 ἐϐασίλευσε
1158 1287 1391 1358 Μανσῒμ
1429 1289 1523 1358 ἐτη
1561 1286 1635 1356 γ’,
1690 1286 1783 1340 καὶ

189 1384 423 1455 ἐποίησε
449 1385 511 1437 τὸ
535 1385 798 1455 πονηρὸν,
835 1385 930 1437 καὶ
955 1382 1173 1454 ἐσφάγη
1205 1381 1312 1437 ὑπὸ
1341 1380 1639 1435 Φακεσίου.

264 1559 428 1616 Μετὰ
466 1559 523 1615 δέ
556 1559 790 1633 Μαναῒμ
821 1561 1140 1615 ἐϐασίλευσε
1173 1559 1448 1623 Φακεσίας
1475 1557 1592 1620 υίὸς
1617 1556 1784 1612 αὐτοῦ

193 1655 288 1720 ιτη
323 1649 392 1721 β’,
459 1651 552 1704 καὶ
612 1652 847 1722 ἐποίησε
888 1651 950 1705 τὸ
1004 1651 1266 1722 πονηρὸν,
1297 1651 1393 1704 καὶ
1421 1647 1643 1717 ἐσφάγη
1682 1646 1787 1701 ὑπὸ

191 1742 393 1795 Φσκεέ.
1558 1760 1566 1766 ·

265 1833 425 1887 Μετὰ
450 1831 508 1885 δὲ
561 1832 837 1886 Φακεσίαν
887 1832 1208 1887 ἐϐασίλευσε
1238 1831 1414 1886 Φακεέ
1455 1831 1552 1902 ἔτη
1582 1830 1653 1896 κ’,
1696 1832 1785 1884 καὶ

196 1929 422 1994 ἐποίησε
447 1929 506 1980 τὸ
532 1928 790 1995 πονηρὸν,
823 1929 922 1981 καὶ
971 1927 1187 1998 ἐσφάγη
1219 1929 1324 1981 ὑπὸ
1367 1927 1547 1996 Ὠσηέ.

262 2022 426 2074 Μετὰ
471 2021 526 2072 δὲ
575 2022 753 2074 thuris
796 2021 1153 2074 ἐϐασίλευσεν
1221 2021 1382 2091 Ὠσηὲ
1430 2020 1527 2089 ἔτη
1583 2015 1650 2080 θ’,
1687 2018 1786 2070 καὶ

195 2114 370 2165 πλιῶν
390 2115 454 2165 τὸ
479 2114 716 2182 πονηρὸν
745 2114 1006 2167 ἀπέθανε.

264 2206 441 2259 Μετὰ·
484 2205 540 2257 δὲ
596 2206 725 2266 τοὺς
782 2206 1112 2274 εἰρημένους
1183 2205 1492 2275 Ἀσσυρίων
1548 2205 1790 2275 βασιλεῖς

194 2297 577 2359 ἐϐασίλευσεν,
613 2297 689 2358 ὡς
722 2297 967 2367 εἴρηται,
999 2298 1484 2369 Ναϐουχοδονόσορ
1539 2299 1632 2368 ἐτη
1682 2296 1789 2362 κζ’.

197 2391 309 2443 Καὶ
338 2391 431 2443 διὰ
461 2391 520 2442 τὸ
549 2392 856 2462 ἐπαρθῆναι
883 2391 1024 2445 κατά
1070 2392 1220 2445 θείαν
1257 2393 1427 2462 ὀργὴν
1456 2391 1515 2458 ἐξ
1579 2390 1791 2462 ἀνθρώ.

199 2499 318 2534 πων
345 2483 668 2553 ἐκδιωχθεὶς
700 2488 789 2536 καὶ
815 2486 954 2553 μετὰ
985 2483 1192 2554 Θηρίων
1212 2487 1442 2556 οἰκήσας
1469 2485 1565 2538 καὶ
1595 2485 1791 2556 χόρτον

197 2573 418 2641 φαγὼν.
457 2573 685 2644 ὕστερον
717 2578 979 2642 ἐπιγνοὺς
1004 2583 1094 2628 τὸν
1141 2576 1251 2629 τῶν
1281 2578 1430 2630 ὅλων
1467 2577 1603 2630 Θεὸν
1633 2577 1794 2632 πάλιν

200 2665 514 2734 ἐπανῆλθεν
545 2669 624 2731 είς
649 2669 749 2736 τὴν
779 2668 974 2721 ἑαυτοῦ
999 2668 1282 2739 βασιλείαν
1337 2669 1436 2722 καὶ
1467 2669 1787 2742 λαμπρότεο

203 2774 298 2822 ρος
333 2767 552 2825 γέγονε.

273 2929 433 2982 Μετὰ
480 2931 537 2984 δέ
580 2933 1052 3008 Ναϐουχοδονόσορ
1088 2937 1441 2992 ἐϐασίλευσεν
1475 2939 1794 3010 Οὐλεμαροο

199 3019 302 3089 δαχ
339 3022 453 3083 υίὸς
481 3022 648 3076 αὑτοῦ
675 3027 770 3096 ἐτη
796 3033 858 3080 ε’.

273 3112 434 3166 Μετὰ
456 3113 513 3166 δὲ
530 3116 666 3168 Οὑλε
677 3119 922 3188 μαροδάχ
941 3119 1258 3175 ἐϐασίλευσε
1277 3121 1568 3194 Βαλτάσαρ
1588 3123 1616 3174 6
1635 3123 1796 3176 ἅδε).-

203 3207 305 3271 φδς
339 3207 506 3259 αὑτοῦ
527 3207 621 3277 ἐτη
655 3215 727 3277 γ’,
753 3209 837 3275 ὃς,
872 3212 1072 3280 μιάνας
1086 3213 1154 3266 τὰ
1178 3213 1302 3283 ίερά
1331 3213 1502 3284 σκεύη
1530 3213 1624 3266 τοῦ
1656 3212 1794 3267 Θεοῦ

207 3295 263 3349 is
289 3294 371 3362 τῷ
409 3299 698 3368 συμποσίῳ
729 3297 919 3363 αὐτοῦ,
953 3300 1100 3372 άπερ
1119 3303 1331 3373 ἢγαγεν
1358 3303 1387 3354 6
1415 3302 1598 3373 πατὴρ
1626 3300 1793 3356 αὑτοῦ

203 3382 684 3455 Ναϐουχοδονόσορ
706 3387 766 3452 ἐξ
794 3389 1181 3460 Ἰερουσαλὴμ,
1214 3390 1456 3463 ἀνῃρέθη
1480 3389 1622 3444 κατὰ
1642 3389 1795 3444 θείαν

202 3478 403 3549 ὀργὴν,
438 3482 535 3532 καὶ
558 3480 839 3550 παρέλαϐε
869 3483 972 3550 τὴν
1002 3482 1289 3551 βασιλείαν
1313 3486 1562 3546 Δαρεῖος.

275 3659 437 3711 Μετὰ
469 3659 526 3711 δέ
550 3659 839 3731 Βαλτάσαρ
867 3663 1190 3716 ἐϐασίλευσε
1219 3668 1446 3735 Δαρεῖος
1477 3668 1506 3717 6
1537 3667 1747 3735 Μῆδος.
1770 3670 1798 3720 ό

203 3755 300 3803 καὶ
379 3753 694 3821 Ἀστυάγης
741 3755 838 3806 καὶ
901 3756 1290 3828 Ἀρταξέρξης,
1337 3758 1432 3832 ἔτη
1469 3758 1552 3822 ιζ’.
1598 3761 1714 3831 Ἐφ’
1737 3753 1798 3814 οὗ

203 3842 298 3896 καὶ
329 3842 410 3911 τῷ
437 3843 641 3914 Δανιὴλ
670 3845 1001 3918 ἑωράθησαν
1030 3851 1086 3902 αἱ
1116 3849 1206 3902 διὰ
1233 3849 1330 3902 τοῦ
1354 3851 1591 3919 ἀγγέλου
1622 3852 1798 3905 ὀπτα·-

203 3937 348 3998 σίαι,
374 3935 472 3989 καὶ
496 3936 524 3987 6
558 3937 749 4006 χρόνος
786 3938 1029 4011 ἐδηλώθη
1056 3941 1156 4011 τῆς
1187 3941 1428 4010 Χριστοῦ
1472 3945 1795 4015 παρουσίαςο

200 4029 283 4092 ὃς,
312 4027 610 4097 φθονηθεὶς
657 4033 764 4085 ὑπὸ
801 4033 913 4086 τῶν
953 4039 1300 4103 μεγιστάνων
1330 4035 1420 4089 διά
1451 4037 1516 4091 τὸ
1547 4039 1800 4107 μεγάλως

200 4119 476 4188 τιμᾶσθαι
508 4122 614 4175 ὑπὸ
644 4123 740 4177 τοῦ
790 4125 1084 4195 βασιλέως,
1117 4127 1384 4199 ἐνεϐλήθη
1416 4129 1475 4182 ἐν
1506 4129 1585 4199 τῷ
1611 4129 1801 4200 λάκκῳ

199 4215 313 4269 ⁴τῶν
346 4214 604 4270 λεόντων.

277 4310 442 4362 Μετὰ
492 4309 548 4361 δὲ
605 4313 832 4381 Δαρεῖον
890 4312 1214 4367 ἐϐασίλευσε
1271 4314 1452 4385 Κῦρος
1507 4317 1537 4370 6
1585 4317 1803 4388 Πέρσης

201 4402 299 4469 ετη
331 4399 401 4462 λ’,
427 4402 487 4462 ὃς
509 4402 716 4455 ἀνελὼν
741 4407 971 4472 Δαρεῖον
999 4408 1276 4477 ἐκράτησε
1305 4410 1488 4478 πάσης
1523 4411 1622 4478 τῆς
1657 4411 1804 4463 Χαλ-

199 4493 376 4544 δαίων
409 4497 507 4544 καὶ
554 4494 861 4562 ’Δσσυρίων
886 4499 982 4549 καὶ
1019 4499 1251 4567 Περσῶν
1295 4503 1388 4553 καὶ
1427 4501 1802 4571 Παλαιστίνης

1878 656 2052 700 annos
2086 639 2309 714 triginta
2345 651 2603 714 quatuor,
2645 641 2757 699 vita
2812 639 3379 730 ﬂagltuslnqulnau,
3418 652 3476 702 et

1882 743 2136 791 mortqu
2170 741 2276 791 est.

1948 829 2278 887 Jeroboamo
2309 828 2575 886 successit
2607 829 2832 885 Διετίας
2870 827 3016 884 illius
3067 842 3198 888 sane
3240 844 3476 901 nequam

1881 934 1946 975 ac
1989 919 2256 990 perditus.
2302 919 2488 977 Caesus
2531 927 2616 976 cst
2657 934 2686 975 a
2732 919 2998 984 Scllumo,
3050 927 3341 991 postquam
3387 936 3478 978 re-

1882 1021 2104 1082 gnasset
2134 1025 2352 1066 menses
2382 1011 2433 1066 6.

1953 1103 2162 1158 Azarim
2196 1103 2461 1159 sun‘ectus
2487 1115 2569 1160 est
2603 1104 2878 1160 Sellumus
2905 1103 3115 1160 fraudis
3143 1104 3479 1178 scelerisque

1885 1196 2102 1268 plenus,
2132 1197 2440 1254 trucidatus
2463 1213 2493 1252 a
2525 1198 2796 1253 Manaimo
2824 1199 2974 1268 regni
3001 1213 3188 1253 mense
3216 1199 3419 1270 primo.

1961 1289 2090 1344 Post
2135 1288 2440 1345 Sellumum
2477 1290 2725 1362 regnavit
2766 1290 3072 1346 Manaimus
3120 1305 3292 1345 annos
3344 1301 3482 1361 tres.

1885 1381 2338 1454 Proﬂigatissime
2391 1383 2547 1445 vixit,
2596 1392 2653 1439 et
2710 1399 2740 1439 a
2794 1383 3061 1440 Pltacesia
3115 1382 3482 1452 interemptus

1887 1485 2532 1615 es‘blanaimum‘ettcepit
2562 1545 2859 1601 Phacesias
2879 1545 3024 1600 illius
3041 1546 3109 1602 ab
3131 1544 3280 1600 omni
3301 1544 3480 1601 houe-

1887 1646 2028 1693 state
2051 1637 2276 1693 relictus
2298 1655 2310 1691 :
2331 1646 2386 1693 et
2403 1652 2526 1693 cum
2549 1645 2832 1708 regnasset
2856 1653 3031 1693 annos
3048 1637 3188 1693 duos
3215 1653 3244 1692 a
3265 1637 3489 1695 Phaeca.

1887 1727 2179 1783 occiditur.

1960 1822 2090 1876 Post
2127 1822 2446 1877 Phacesiam
2479 1823 2725 1892 regnavit
2756 1823 3000 1878 Phaceas
3043 1837 3220 1877 annos
3260 1799 3480 1892 viginti,

1818 1904 1860 1960 Β
1889 1915 2001 1970 1)εο
2029 1931 2254 1978 exosus,
2296 1925 2682 1985 mactatusque
2723 1916 2791 1970 ab
2823 1915 2984 1971 Osca.

1962 2007 2091 2061 Post
2123 2005 2391 2061 Phaceam
2424 2009 2675 2076 regnavit
2718 2006 2858 2063 Osca
2907 2025 3084 2063 annos
3113 2025 3333 2073 novem,
3367 2009 3488 2079 ple-

1891 2113 2105 2166 nusque
2129 2098 2354 2152 sceleris
2385 2100 2672 2154 occubuit.

1963 2188 2092 2242 Post
2107 2198 2395 2243 enarratos
2413 2189 2768 2260 Assyriorum
2799 2208 2974 2262 reges,
2998 2202 3056 2246 ut
3074 2194 3353 2260 proditum
3379 2201 3486 2258 est,

1894 2273 2122 2351 regnum
2146 2281 2212 2335 ad
2249 2281 2860 2354 Nabucliodouosorum
2885 2286 2988 2355 21
3029 2296 3115 2341 est
3141 2288 3484 2349 devolutum.

1893 2371 1988 2438 qui
2029 2370 2531 2442 Hierosolymorum
2568 2388 2743 2428 annos
2789 2376 2857 2428 27
2907 2393 3134 2446 regnum
3173 2379 3484 2447 occupavit.

1896 2461 1997 2516 llic
2045 2473 2270 2532 propter
2323 2465 2638 2534 superbiam
2688 2467 2874 2522 divina
2935 2468 3015 2522 ira
3071 2484 3138 2524 ex
3203 2470 3494 2526 hominum

1897 2564 2041 2608 metu
2077 2556 2289 2626 ejectus
2326 2573 2448 2611 cum
2481 2559 2765 2618 sodalibus
2806 2561 3006 2615 belluis
3038 2560 3247 2616 frenum
3292 2563 3486 2634 epula-

1898 2645 2080 2700 batur.
2117 2645 2362 2702 Tandem
2394 2649 2506 2704 Deo
2533 2665 2717 2706 rerum
2746 2652 2994 2707 omnium
3021 2654 3219 2723 opitice
3245 2655 3494 2726 cognito,

1897 2755 2092 2792 rursus
2119 2740 2354 2809 pristino
2395 2741 2628 2812 imperio
2672 2744 2964 2799 restitutus
2993 2751 3079 2798 est
3106 2744 3492 2816 illustriorque

1895 2830 2147 2885 enectus.

1973 2919 2102 2974 Post
2153 2919 2759 2975 Nabuchodonosorum
2809 2921 3043 2992 imperio
3095 2923 3314 2994 praefuit
3367 2925 3494 2982 Uie-

1899 3007 2269 3062 marodacbus
2307 3007 2454 3063 illius
2479 3024 2655 3065 annos
2681 3011 2736 3064 5.

1972 3097 2416 3154 Ulemarodacho
2461 3101 2735 3156 successit
2784 3100 3037 3158 Baltasar
3071 3103 3268 3168 frater,
3310 3105 3492 3162 trien-

1902 3191 2171 3260 niumque
2226 3192 2497 3262 regnavit.
2556 3192 2608 3247 ιε
2659 3193 2800 3249 vasis
2843 3194 3068 3250 Numini
3105 3197 3318 3263 sacris,
3370 3212 3498 3267 qua

1827 3249 1876 3313 ο
1906 3249 2891 3353 llierosolymistabuchodonosorus
2913 3297 3068 3357 pater
3087 3249 3493 3357 aspici-laverat“,

1901 3375 1958 3430 in
1985 3375 2244 3431 convivio
2269 3378 2682 3445 contaminatis,
2715 3378 2951 3436 Numine
2979 3392 3345 3438 succenseute
3370 3382 3494 3438 vio-

1899 3469 2050 3526 lenta
2077 3479 2253 3525 morte
2283 3469 2585 3537 occubuit,
2612 3479 2670 3526 et
2697 3485 2927 3543 regnum
2961 3473 3030 3528 ad
3062 3473 3287 3528 Darium
3313 3482 3494 3530 trans-

1900 3564 2074 3617 latum
2104 3571 2210 3618 est.

1974 3656 2106 3711 Post
2159 3656 2497 3711 Baltasarum
2560 3656 2758 3712 Darius
2807 3658 3019 3724 Medus,
3079 3659 3172 3727 qui
3224 3660 3495 3731 Astyages

1903 3749 2036 3804 item
2057 3757 2114 3804 et
2130 3750 2464 3804 Artaxerxes
2482 3748 2798 3816 dicebatur,
2827 3765 3057 3822 regnum
3084 3750 3496 3808 administravit

1903 3855 2079 3896 annos
2104 3841 2525 3911 septemdecim.
2556 3840 2672 3895 Sub
2699 3842 2804 3897 hoc
2832 3857 2932 3911 per
2962 3843 3218 3913 angelqu
3250 3844 3506 3902 visiones»

1904 3932 2132 3988 Danielo
2174 3941 2409 3988 ostensa
2441 3947 2601 3999 sunt,
2648 3944 2978 4005 tempusque
3021 3935 3230 3992 Christi
3270 3939 3508 3994 venturi-

1905 4025 2362 4084 indicatum-Hic
2399 4028 2548 4098 quod
2580 4044 2778 4100 magno
2825 4037 2976 4086 esset
3023 4031 3080 4086 in
3132 4034 3315 4101 pretio
3349 4031 3494 4102 apud

1904 4135 2109 4190 regem,
2147 4119 2350 4174 invidia
2395 4121 2706 4191 principum
2751 4121 2804 4175 in
2841 4122 3056 4176 foveam
3103 4124 3326 4180 leonum
3367 4140 3498 4196 pro-

1900 4214 2110 4284 jicitur.

1977 4307 2107 4361 Post
2153 4305 2374 4361 Darium
2404 4304 2580 4376 Cyrus
2613 4305 2776 4361 Persa
2827 4323 3058 4377 regnum
3111 4311 3289 4366 tenuit
3320 4326 3511 4366 annos.

1909 4397 2155 4467 triginta,
2213 4397 2308 4466 qui
2380 4396 2542 4450 Dario
2589 4411 2730 4450 caeso
2783 4398 3042 4452 universa
3078 4398 3494 4466 Chaldaeorum,

1907 4489 2283 4560 Assyriorum,
2317 4487 2606 4542 Persarum
2637 4488 2857 4558 regione
2898 4491 3125 4559 potitus,
3150 4491 3494 4549 Palaestinam

201 4586 297 4636 καὶ
328 4584 518 4652 πάσης
543 4585 642 4654 τῆς
684 4586 893 4650 Ἄσίας,
923 4589 1046 4656 μεθ’
1067 4582 1142 4642 ὧν
1169 4589 1269 4658 τὴν
1295 4591 1483 4644 Λυδῶν
1513 4592 1796 4661 βασιλείαν
1832 4592 1873 4646 Β

1832 4592 1873 4646 ε)
1906 4582 2034 4635 item
2056 4590 2114 4635 et
2148 4589 2314 4636 totam
2338 4579 2545 4644 Asiam,
2567 4580 2842 4651 Lydorum
2871 4582 3101 4650 posthac
3124 4583 3501 4650 dominatum,

201 4677 501 4742 ὑπέταξεν,
531 4676 738 4731 ἀνελὼν
763 4679 1017 4747 Κροῖσον,
1070 4681 1146 4744 ὼς
1192 4684 1540 4755 προείρηται.
1585 4685 1704 4754 Ἐφ’
1736 4680 1797 4740 οὗ

201 4769 434 4835 Δανιὴλ,
470 4772 901 4841 ἐπιφανέστερος
946 4773 1214 4844 ὑπάρχων
1259 4775 1342 4829 ἔτι
1403 4779 1500 4830 καὶ
1544 4777 1638 4831 τὸν
1688 4779 1795 4848 Βὴλ

204 4860 516 4929 συντρίψας
552 4863 646 4914 καὶ
674 4862 768 4914 τὸν
822 4863 1097 4934 δράκοντα
1147 4866 1438 4934 φονεύσας,
1469 4869 1539 4922 τά
1570 4869 1798 4938 Περσῶν

204 4951 560 5018 σιὸάσματα,
593 4950 797 5022 ἐϐλήθη
822 4955 881 5005 ὲν
910 4952 987 5021 τῷ
1022 4954 1213 5025 λάκκῳ
1242 4956 1352 5008 τῶν
1393 4955 1649 5022 λεόντων,
1700 4956 1796 5009 καὶ

202 5037 272 5112 ἦν
311 5043 434 5093 ἐκεῖ
463 5041 681 5110 ἡμέρας
713 5043 790 5108 ἐξ.

274 5134 435 5188 Mati
458 5133 514 5185 δὲ
537 5135 718 5203 Κῦρον
746 5134 1063 5190 ἐϐασίλευσε
1086 5138 1395 5210 Καμϐύσης
1417 5144 1445 5194 6
1467 5143 1581 5206 υίὸς
1603 5143 1794 5207 αὑτοῦ,

204 5225 234 5275 ό
263 5225 363 5276 καὶ
405 5223 881 5297 Ναϐουχοδονόσορ
923 5228 1262 5298 ἐπικληθεὶς,
1323 5223 1420 5301 έτη
1454 5230 1546 5302 ιη’.
1590 5234 1708 5304 Ἐφ’
1733 5230 1796 5288 οὗ

205 5324 300 5367 καί
362 5313 561 5382 Ἰουδηθ
605 5310 669 5386 τῇ
712 5317 808 5370 τοῦ
858 5319 996 5371 Θεοῦ
1040 5319 1268 5394 βοηθείᾳ
1316 5324 1412 5376 καὶ
1465 5327 1534 5395 τῇ
1595 5327 1796 5396 ἑαυτῆς

206 5404 372 5472 σοφίᾳ
401 5406 739 5474 άπατησασα
787 5411 882 5462 καὶ
914 5411 1371 5481 ἀποκεφαλίσασα
1405 5415 1499 5469 τὸν
1536 5417 1796 5489 Ὀλοφέρ-

207 5511 329 5558 νην,
358 5495 670 5564 πορθοῦντα
694 5500 793 5567 τὴν
826 5501 1116 5554 Βετουλίαν
1144 5504 1322 5570 πόλιν,
1354 5506 1515 5574 νίκην
1546 5509 1795 5580 μεγάλην

208 5588 322 5647 τοῖς
355 5587 493 5650 υἱοῖς
517 5587 734 5660 Ἰσραὴλ
760 5593 1113 5662 προεξένησε,
1165 5595 1259 5647 καὶ
1297 5597 1616 5665 ἐτελεύτησε
1647 5601 1795 5671 χήρα

209 5678 347 5729 ἐτῶν
370 5677 471 5745 ρε’.

270 5771 426 5821 Μετὰ
463 5771 518 5823 δὲ
551 5774 858 5844 Καμϐύσην
910 5779 1228 5835 ἐϐασίλευσε
1266 5781 1525 5853 Σμέρδιος
1559 5783 1586 5834 ό
1619 5785 1790 5854 μάγος

215 5859 386 5925 υῄνας
421 5861 484 5922 ζ’.

1906 4673 2096 4729 Crasso
2129 4681 2311 4742 capto,
2354 4681 2414 4726 ut
2437 4675 2548 4741 jam
2577 4674 2838 4738 diximus,
2869 4675 2973 4729 sub
3001 4675 3212 4733 ditioue
3265 4679 3494 4748 propria

1908 4765 2141 4838 redegit.
2177 4765 2252 4819 Ea
2298 4773 2624 4834 tempestate
2663 4765 2851 4821 Daniel
2905 4767 3173 4838 dignitate
3219 4784 3287 4822 ac
3336 4769 3498 4826 factis

1906 4855 2260 4925 conspicuus,
2294 4855 2426 4911 Belo
2472 4857 2755 4913 confracto
2792 4858 3148 4931 'draconeque
3172 4861 3490 4926 interfecto,

1906 4947 2195 5002 Persarum
2243 4948 2610 5004 sacrosanctis
2655 4944 2997 5017 numinibus,
3042 4952 3098 5006 in
3127 4952 3342 5008 foveam
3377 4954 3492 5014 lao-

1905 5055 2037 5093 num
2066 5040 2347 5109 conjectus
2371 5049 2475 5105 est,
2506 5040 2598 5094 ubi
2631 5051 2843 5111 septem
2867 5042 2989 5098 dies
3018 5047 3360 5114 permansit”

1975 5131 2082 5201 22
2115 5131 2317 5202 Cyrum
2345 5131 2551 5201 excipit
2578 5131 2880 5200 Cambyses
2899 5135 3067 5198 illius,
3089 5135 3182 5204 qui
3216 5145 3272 5189 et
3300 5135 3491 5191 Nabu-

1904 5226 2252 5280 chodonosor
2304 5225 2626 5290 vocabatur,
2677 5242 2775 5296 per
2814 5241 2989 5281 annos
3034 5227 3364 5284 octodecim.
3415 5225 3496 5280 Ea

1906 5326 2223 5386 tempestate
2247 5317 2473 5372 Juditha
2498 5318 2682 5372 divina
2716 5335 2821 5388 ope
2853 5331 2909 5374 et
2939 5319 3238 5388 prudentia
3267 5319 3489 5390 propria

1902 5409 2217 5479 Olopherne
2258 5411 2452 5464 deluso
2478 5450 2494 5475 ,
2528 5413 2760 5482 ejusque
2815 5413 3041 5468 Betuliaa
3093 5428 3304 5484 magna:
3335 5413 3491 5467 urbis

1902 5501 2178 5555 excidium
2222 5502 2528 5555 minitantis
2565 5503 2744 5572 capite
2776 5513 3079 5573 amputato,
3116 5504 3353 5574 ingentis
3378 5503 3491 5558 vic-

1906 5595 2060 5647 toria:
2106 5592 2370 5647 lsraelitis
2399 5607 2563 5648 causa
2609 5594 2758 5657 fuit;
2808 5593 3058 5665 obiitque
3106 5595 3266 5649 vidua
3311 5595 3490 5650 aetatis

1899 5697 2169 5736 annorum
2196 5682 2317 5735 105.

1971 5779 2259 5848 Cambysis
2296 5793 2550 5846 regnum.
2589 5794 2655 5830 eo
2693 5776 2975 5842 defuncto,
3011 5775 3276 5847 Sperdius
3303 5777 3487 5848 Magos

1902 5891 2117 5930 menses
2155 5876 2186 5928 7
2215 5873 2522 5942 occupavit.
