4288 6364
756 385 861 447 2:3

750 591 1159 648 administravit
1188 609 1366 649 annos
1396 595 1610 666 viginti,
1640 598 1744 652 sub
1767 614 1878 668 quo
1917 616 2136 656 rursum
2162 603 2334 659 Zoro-

755 685 984 739 habelus
1017 693 1073 740 et
1099 685 1260 741 Jesus
1289 687 1746 743 cxmdiﬁcatiouis
1777 691 1964 761 templi
1997 693 2336 761 provinciam

750 778 856 832 sibi
903 779 1257 835 commissam
1312 781 1628 836 absolvunt.
1683 782 1914 850 Quando
1961 785 2338 843 Zorobabelus

751 871 1008 939 superior
1071 872 1125 925 in
1181 873 1511 942 exponendo
1573 875 1915 944 problemate
1979 877 2337 944 declaratur,

748 960 913 1028 eique
969 977 1070 1030 pro
1126 963 1284 1016 libito
1341 965 1614 1034 quidquid
1675 976 1824 1022 esset
1897 968 2334 1033 concederetur,

750 1053 988 1121 primum
1029 1053 1337 1108 libertatem
1365 1060 1572 1125 populi,
1601 1057 1801 1113 deinde
1831 1057 2336 1132 Hierosolymorum

747 1143 1177 1197 exstructionem
1223 1148 1510 1214 exposcit;
1561 1149 1709 1217 quod
1761 1159 1818 1204 et
1865 1152 2076 1206 exitum
2117 1153 2333 1207 habuit.

749 1232 812 1288 Et
838 1243 970 1288 tunc
997 1235 1127 1289 anui
1173 1237 1514 1306 septuaginta
1554 1240 1890 1308 captivitatis
1938 1250 1994 1294 et
2036 1243 2129 1297 ira:
2178 1257 2334 1296 com-

745 1325 879 1392 pleti
937 1335 1085 1380 sunt.
1141 1327 1355 1380 Interea
1416 1343 1669 1382 summus
1728 1331 1989 1385 sacerdos
2042 1332 2337 1402 scribaque

745 1417 917 1471 Esdra
951 1417 1216 1487 populum
1250 1420 1466 1490 legibus
1505 1422 1710 1477 divinis
1757 1424 2110 1490 informabat,
2143 1437 2201 1481 ct
2235 1443 2335 1496 pro

743 1524 842 1563 sua
888 1508 1093 1580 ingenii
1131 1513 1455 1566 dexteritate
1489 1514 1984 1584 interpretabatur.
2024 1519 2124 1574 llic
2165 1520 2333 1575 etiam

742 1601 918 1656 libros
974 1617 1163 1658 sacros
1217 1609 1285 1657 ab
1340 1604 1594 1661 hostibus
1653 1617 1946 1678 corruptos
2005 1613 2335 1668 renovavit:

743 1694 1128 1749 Chaldaeorum
1168 1695 1374 1765 quippe
1430 1713 1597 1752 manu
1647 1709 1773 1768 post
1821 1700 2332 1772 Hierosolymorum

742 1786 1020 1842 excidium
1056 1787 1450 1855 deﬂagrarunt.
1501 1792 1846 1862 Quapropter
1879 1795 2024 1850 Deus
2054 1811 2155 1851 suo
2206 1813 2334 1852 eum

741 1879 924 1934 aIIlatu
960 1882 1033 1936 ita
1062 1881 1284 1946 muniit,
1318 1891 1376 1937 ut
1405 1883 1527 1937 illes
1557 1884 1824 1940 edcretet
1847 1887 2180 1956 publicaret.

813 1971 980 2027 Daria
1027 1973 1082 2027 in
1121 1988 1288 2044 regno
1328 1975 1579 2030 succedit
1623 1975 1928 2033 Artabanes
1972 1995 2074 2050 per
2119 1995 2338 2036 menses

746 2072 982 2132 septem.

815 2158 1097 2213 Artabano
1141 2159 1478 2216 Artaxerxes
1503 2161 1880 2231 Longimanus
1911 2177 2012 2232 per
2038 2177 2219 2217 annos
2243 2163 2335 2217 41.

743 2250 821 2305 Ε-ι
865 2260 1190 2322 tempestate
1236 2254 1560 2325 Sophocles,
1600 2254 1932 2320 lleraclitus,
1961 2256 2336 2325 Anaxagoras,

743 2343 1104 2416 Pythagoras,
1138 2346 1508 2419 Thucydides.
1530 2348 1846 2417 Euripides,
1873 2347 2204 2412 Herodotus.
2228 2349 2336 2419 23

744 2437 1123 2511 Empedocles,
1157 2439 1442 2510 Diogenes,
1472 2440 1642 2502 Zeno,
1690 2441 2057 2512 Pherecydes,
2095 2441 2336 2496 Aristar-

745 2529 902 2591 rhus,
936 2527 1318 2597 Hippocrates.
1350 2530 1731 2595 Parmenides,
1761 2531 1937 2596 Plato,
1989 2531 2336 2596 Aristoteles,

743 2621 1142 2678 Demosthenes
1171 2633 1224 2676 et
1256 2621 1507 2678 Soczates
1535 2623 1824 2678 ﬂorebant.

818 2805 946 2859 Post
975 2805 1333 2860 Artaxerxem
1369 2806 1702 2862 Artaxerxes
1741 2807 1915 2872 alius;
1952 2815 2009 2861 ct
2045 2805 2140 2876 qui
2171 2806 2334 2861 Arta-

744 2901 896 2955 xerxi
921 2915 1257 2964 successere,
1278 2917 1505 2970 regnum
1529 2901 1783 2955 obtinent
1805 2901 1872 2955 ad
1889 2900 2115 2955 Darium
2139 2915 2337 2969 usque,

745 3011 910 3062 quem
955 2994 1273 3048 Alexander
1314 2993 1616 3048 interemit.
1657 2993 1758 3048 llic
1781 3008 1909 3048 cum
1940 3005 2169 3061 regnum
2202 2991 2336 3045 Per-

743 3103 932 3142 sarum
960 3097 1250 3150 Vastasset,
1288 3087 1548 3141 universa
1599 3095 1745 3140 terra
1796 3084 2019 3140 subacta
2049 3084 2327 3156 Babylone

2246 394 2510 457 JOELI‘S

823 497 951 553 Post
989 498 1280 570 Sperdium
1332 501 1530 558 Darius
1580 501 1865 576 HystaSpis
1918 507 2064 562 (ilius
2112 524 2342 580 regnum
2374 518 2420 575 Α

3931 398 4042 460 244

2519 511 2678 566 Μετᾶ
2715 514 2769 566 δὲ
2822 513 3090 584 Σμέρδιον
3124 513 3417 568 ἐϐασίλευε
3443 515 3673 584 Δαρεῖος
3714 511 4038 566 Ὑστάσπου

2446 605 2541 674 ἔτη
2563 603 2632 661 κ’.
2663 607 2781 676 Ἐφ’
2814 601 2874 661 οῦ
2911 607 3075 660 πάλιν
3117 607 3426 678 Ζοροϐάϐελ
3454 608 3550 660 καὶ
3577 606 3786 676 Ἰησοῦς
3810 607 4042 674 ἐπιτρα-

2451 698 2646 759 πέντες
2672 698 3002 751 Ξεελείωσαν
3028 700 3126 770 τὴν
3150 699 3444 768 οἰκοδομὴν
3465 698 3559 750 τοῦ
3595 696 3750 762 ναοῦ,
3773 696 3862 750 ὅτε
3881 699 3910 748 ὁ
3939 697 4044 750 Zo-

2450 789 2682 858 ροϐάϐελ
2707 793 2764 842 ἐν
2783 791 3137 861 προϐλήματι
3155 793 3409 862 νικήσας,
3429 791 3524 843 καὶ
3541 790 3868 860 ἐπιτραπεὶς
3881 788 4046 866 αἰτή-

2451 879 2649 934 σασθαι
2690 881 2718 933 ὃ
2742 881 3017 952 βούλεται,
3038 881 3276 951 ἠξίωσεν
3303 881 3579 950 ἀφεθῆναι
3611 881 3712 949 τὴν
3745 881 4042 949 αἰχμαλω-

2449 973 2572 1025 σίαν
2628 975 2722 1026 καὶ
2777 974 3207 1045 οἰκοδομηθῆναι
3251 974 3353 1043 τὴν
3405 973 3804 1045 Ἰερουσαλήμ·
3863 973 3891 1024 δ
3937 972 4040 1024 καὶ

2449 1066 2663 1133 γέγονε,
2695 1069 2788 1120 καὶ
2811 1068 2934 1120 τότε
2959 1067 3322 1138 πεπλήρωται
3347 1067 3428 1129 εἰς
3449 1065 3606 1127 τέλος
3627 1067 3695 1118 τὰ
3713 1064 3811 1133 τῆς
3833 1065 4046 1132 αἰχμα-

2448 1156 2649 1219 ὶωσίας
2684 1160 2780 1210 καὶ
2819 1159 2919 1228 τῆς
2965 1157 3138 1226 ὀργῆς
3172 1157 3267 1227 ἔτη
3305 1154 3365 1210 θ’.
3411 1157 3470 1207 ’0
3504 1155 3561 1208 δέ
3616 1171 3678 1221 γε
3734 1153 4040 1223 ἀρχιερεὺς

2447 1250 2543 1301 καὶ
2591 1253 2955 1320 γραμματεὺς
3011 1251 3252 1320 Ἔσδρας
3313 1245 3382 1320 ἦν
3432 1249 3702 1302 διῗάσκων
3731 1247 3823 1299 τὸν
3867 1247 4039 1312 νόμον

2446 1339 2543 1391 τοῦ
2576 1339 2710 1392 Θεοῦ
2744 1342 2837 1393 καὶ
2863 1340 3241 1412 διερμηνεύων
3267 1339 3341 1401 ὡς
3373 1340 3742 1408 εὐφυέστατος
3789 1337 4038 1396 πάντων,

2445 1429 2504 1492 ὃς
2529 1434 2622 1484 καὶ
2655 1433 2754 1496 τὰς
2805 1434 2955 1504 ἱεράς
2991 1434 3205 1504 βίϐλους
3263 1433 3684 1502 ἀποκατέστησε
3715 1431 4044 1499 διαφθαρείς

2446 1539 2548 1586 σας
2583 1527 2689 1578 ὑπὸ
2721 1527 2830 1579 τῶν
2868 1529 3149 1596 πολεμίων
3176 1543 3191 1558 ’
3215 1530 3264 1580 οἱ
3294 1528 3403 1595 γάρ
3443 1543 3526 1580 τοι
3574 1524 3834 1578 Χαλδαῖοι
3895 1523 4042 1590 μετὰ

2447 1617 2546 1687 τὴν
2570 1618 2773 1671 ἅλωσιν
2805 1619 2905 1686 τῆς
2949 1619 3314 1688 Ἰερουσαλὴμ
3359 1619 3673 1688 ἐνέπρησαν
3705 1617 3907 1676 πάσας.
3946 1616 4042 1666 Διὸ

2447 1711 2541 1761 καί
2569 1709 2892 1763 ἐνέπνευσεν
2935 1713 2962 1763 ὁ
3005 1711 3138 1774 Θεὸς
3167 1710 3344 1780 τούτῳ
3373 1709 3516 1762 ὥστε
3551 1710 3721 1770 αὑτάς
3748 1706 4038 1761 ἐκθέσθαι.

2512 1984 2666 2038 Μετὰ
2705 1984 2761 2037 δὲ
2815 1985 3042 2053 Δαρεῖον
3093 1983 3454 2038 ἐϐασίλευσεν
3523 1982 3873 2054 Ἀρταϐάνης
3928 1984 4040 2054 μῆ-

2441 2092 2538 2139 νας
2561 2075 2627 2140 ζ’.

2512 2169 2670 2222 Μετὰ
2725 2168 2784 2222 δέ
2837 2168 3185 2241 Ἀρταϐάνην
3235 2169 3594 2224 ἐϐασίλευσεν
3663 2167 4043 2239 Ἀρταξέρξης

2443 2264 2472 2316 ὁ
2495 2263 2820 2333 Μακρέχειρ
2846 2262 2940 2334 ἐτη
2961 2261 3073 2334 μα’.
3106 2263 3222 2332 Ἐφ’
3242 2257 3304 2317 οὗ
3340 2264 3643 2333 Σοφοκλῆς,
3674 2263 4044 2334 Ἡράκλειτος

2441 2358 2536 2409 καὶ
2569 2355 2940 2428 Ἀναξαγόρας
2961 2357 3058 2410 καὶ
3089 2356 3419 2426 Πυθαγόρας
3450 2359 3546 2409 καὶ
3570 2355 3907 2423 Θουκυδίδης
3939 2356 4043 2407 καὶ

2441 2450 2740 2520 Εὐριπίδης
2773 2451 2863 2503 καὶ
2915 2450 3204 2520 Ἡρόδοτος
3255 2449 3350 2502 καὶ
3388 2448 3761 2514 Ἐμπεδοκλῆς
3795 2448 3888 2500 καὶ
3917 2451 4044 2501 Διο-

2439 2546 2606 2613 γένης
2630 2548 2713 2596 καῖ
2737 2544 2926 2612 Ζήνων
2947 2541 3257 2611 Φερεκύδης
3310 2558 3370 2594 τε
3408 2544 3502 2593 καὶ
3555 2541 3913 2612 Ἀρίσταρχος
3943 2541 4044 2592 καὶ

2451 2636 2846 2706 Ἱπποκράτης,
2866 2634 3238 2704 Παρμενίδης,
3267 2633 3499 2687 Πλάτων
3516 2634 3610 2686 καὶ
3651 2632 4041 2702 Ἀριστοτέλης

2439 2727 2534 2780 καὶ
2568 2726 2925 2796 Δημοσθένης
2951 2726 3050 2778 καὶ
3075 2723 3373 2795 Σωκράτης
3403 2724 3782 2796 ἐγνωρίζοντο.

2514 2818 2672 2873 Μετὰ
2716 2817 2774 2872 δέ
2819 2817 3189 2887 Ἀρταξέρξην
3241 2816 3595 2869 ἐϐασίλευσεν
3655 2814 4036 2886 Ἀρταξέρξης

2441 2910 2598 2973 ἄλλος
2614 2909 2710 2964 καὶ
2727 2910 2774 2962 oi
2801 2908 3041 2979 καθεξῆς
3063 2909 3170 2971 ἕως
3217 2907 3467 2978 Δαρείου,
3503 2907 3563 2960 ὃν
3603 2907 3815 2960 ἀνεῖλεν
3848 2906 4040 2972 Ἀλέξα

2440 3002 2656 3073 ανδρος,
2707 2992 2772 3054 οὗ
2821 3001 2921 3071 τὴν
2983 2998 3210 3070 Περσῶν
3278 2998 3558 3069 βασιλείαν
3632 2995 4047 3058 καταλύσαντος

2442 3096 2540 3151 καὶ
2626 3096 2810 3166 πάσης
2889 3095 2989 3165 τῆς
3064 3094 3168 3163 γῆς
3242 3093 3624 3164 κρατήσαντος
3700 3093 3758 3143 ἐν
3846 3091 4036 3143 Βαϐυ-

743 3179 1044 3244 uccubuit;
1098 3188 1155 3234 et
1203 3195 1270 3232 eo
1325 3180 1436 3233 fato
1498 3178 1688 3233 functo
1738 3177 2077 3240 administri,
2125 3190 2186 3232 ut
2222 3176 2336 3245 jam
2366 3210 2410 3268 c

2366 3187 2579 3268 ελῶνι
2657 3204 2716 3240 τε
2782 3186 3215 3255 τελευτήσαντος
3289 3183 3486 3237 διεῖλον
3566 3186 3666 3252 τὴν
3728 3181 4037 3250 ﬁscus-ias,

744 3272 954 3326 dictum
977 3282 1082 3333 est.
1118 3271 1412 3341 imperium
1438 3271 1678 3326 divisere
1704 3288 1717 3333 ;
1743 3285 1980 3340 quorum
2007 3267 2338 3325 Ptolemaeus

743 3364 876 3436 Lagi
909 3363 1054 3419 tilius
1087 3363 1309 3435 IEgypti
1356 3379 1588 3433 regnum
1633 3362 1950 3432 occupavit,
2002 3374 2058 3418 et
2087 3362 2182 3433 qui
2213 3373 2338 3432 post

743 3473 872 3511 cum
921 3457 1200 3512 subsecuti
1243 3465 1374 3510 sunt
1423 3455 1702 3510 Ptolenuei
1751 3453 2013 3509 tredecim
2047 3469 2224 3524 usque
2266 3456 2336 3511 ad

742 3552 1093 3620 CleOpatram
1138 3549 1380 3621 Dionysii
1429 3551 1614 3612 tiliam.
1657 3550 1944 3606 Universm
1981 3549 2123 3605 Asiae
2158 3550 2336 3620 impe-

746 3645 892 3698 rium
949 3644 1183 3713 arripuit
1232 3645 1572 3712 Antigonus,
1629 3643 1818 3715 Syriae,
1872 3643 2214 3715 Babyloniae,
2277 3651 2336 3696 et

746 3735 1052 3791 Palaestinae
1079 3736 1345 3789 Seleucus
1373 3734 1636 3799 Nicanor,
1669 3735 1764 3804 qui
1792 3735 1933 3789 duas
1961 3733 2106 3804 apud
2134 3733 2336 3789 Cilices

747 3837 806 3883 et
833 3827 1048 3886 tertiam
1081 3825 1228 3896 apud
1255 3826 1424 3896 Syros
1449 3827 1619 3881 urbes
1645 3824 1915 3887 condidit,
1942 3825 2086 3879 hanc
2109 3823 2334 3893 quidem

750 3919 1080 3979 Seleuciam.
1115 3919 1262 3973 illam
1294 3919 1668 3983 Antiochiam,
1701 3918 1919 3972 tertiam
1945 3917 2270 3973 Laodiceam
2304 3932 2334 3970 a

749 4028 876 4074 suo,
899 4012 1020 4075 lilii,
1050 4011 1283 4080 ﬁliaeque
1311 4011 1954 4081 nominegnuncupatam.
1977 4010 2052 4066 Eo
2088 4022 2336 4080 tempore

750 4103 954 4158 Rhodii
1002 4119 1128 4159 eum
1155 4105 1448 4174 imperium
1486 4107 1655 4160 maris
1683 4103 2072 4166 obtinuissent,
2097 4113 2334 4158 statuam

747 4212 956 4251 amcam
1003 4199 1058 4250 in
1097 4213 1158 4250 ea
1190 4198 1326 4250 urbe
1359 4197 1475 4250 sive
1512 4197 1688 4251 insula
1725 4194 1828 4250 soli
1880 4210 2092 4250 sacram
2145 4210 2337 4268 erexe-

748 4298 898 4355 runt,
932 4304 1096 4358 quam
1125 4305 1190 4343 ex
1227 4289 1605 4358 magnitudine
1636 4289 1928 4343 (Iulossum
1960 4289 2333 4358 appellarunt,

748 4399 778 4434 a
808 4396 915 4451 qua
947 4380 1052 4450 ipsi
1082 4392 1269 4450 postea
1284 4379 1639 4435 (Iolossenses
1669 4379 1800 4433 dicti
1831 4389 1979 4432 sunt.

821 4566 1054 4622 Seleuco
1081 4566 1351 4621 successit
1379 4564 1682 4618 Antiochus
1707 4563 1853 4619 ﬁlius
1873 4573 1928 4618 et
1952 4564 2042 4618 alii
2068 4564 2335 4632 quinque.
2375 4565 2416 4619 D

746 4659 956 4715 Deinde
975 4659 1310 4714 subsecutus
1331 4667 1414 4712 est
1435 4657 1741 4712 Antiochus
1762 4657 2093 4726 Epiphanes,
2121 4655 2339 4711 Seleuci

746 4752 1117 4823 Philopatoris
1164 4751 1332 4812 (ilius,
1367 4750 1472 4804 sub
1519 4765 1631 4818 quo
1666 4750 1975 4803 secundum
2018 4748 2335 4819 Hierosoly-

749 4859 968 4898 morum
1005 4843 1283 4899 excidium
1327 4851 1382 4894 ct
1425 4840 1852 4894 Maccabeorum
1903 4855 1989 4895 res
2022 4849 2185 4909 gesta:
2215 4857 2342 4894 nar-

748 4922 964 4997 rantur,
999 4933 1376 5004 templumque
1402 4929 1708 4985 secundum
1737 4930 1980 4985 Danielis
2013 4931 2335 4985 vaticinium

748 5027 1120 5097 profanatum.
1198 5025 1300 5080 Hic
1360 5025 1696 5079 nelariorum
1740 5024 2016 5078 scelerum
2088 5024 2335 5079 archite-

747 5129 874 5175 ctus
925 5119 1094 5173 vitam
1143 5120 1198 5172 in
1245 5119 1426 5171 aliena
1463 5126 1609 5170 terra
1650 5131 1777 5169 cum
1811 5114 2128 5185 turpissima
2162 5120 2338 5171 marte

750 5212 1132 5267 commutavit.

821 5305 933 5376 24
964 5304 1301 5360 Antiochum
1337 5304 1552 5373 excepit
1589 5302 1734 5358 ﬁlius
1761 5303 2024 5372 Eupator.

819 5489 1060 5544 Posthac
1099 5488 1278 5544 Julius
1311 5488 1514 5551 Caesar,
1543 5487 1642 5556 qui
1689 5488 1909 5557 genitus
1948 5496 2186 5548 nonest,
2249 5503 2340 5541 res

749 5583 969 5653 imperii
1014 5581 1424 5637 administravit
1479 5599 1492 5634 :
1543 5596 1692 5634 nono
1743 5582 1950 5636 etenim
2005 5597 2216 5643 mense,
2263 5596 2336 5634 ex

749 5691 861 5745 quo
891 5684 1111 5730 uterum
1142 5685 1318 5730 mater
1351 5676 1495 5729 ferre
1527 5683 1794 5744 cmperat,
1837 5673 2029 5728 matris
2065 5683 2337 5728 emortua:

753 5779 911 5824 utero
940 5779 1092 5826 secto
1122 5769 1452 5826 extrahitur.
1487 5769 1642 5825 Unde
1664 5779 1718 5824 et
1743 5768 1927 5823 Caesar
1956 5767 2164 5831 dictus,
2185 5777 2243 5822 ct
2267 5768 2336 5822 ah

753 5879 821 5920 c0
847 5863 1090 5923 Czcsarcs
1123 5881 1314 5922 omnes
1349 5865 1726 5920 Romanorum
1759 5863 2142 5932 imperatores,
2179 5877 2208 5915 a
2235 5877 2337 5916 CIB-

2444 3280 2525 3344 ὡς
2570 3279 2814 3351 πρόσθεν
2868 3278 3111 3348 εἴρηται,
3169 3277 3219 3329 οἱ
3251 3277 3441 3338 παῖδες
3487 3273 3652 3327 αὐτοῦ
3683 3274 3875 3336 οὓτως.
3923 3273 4041 3337 Τῆς

2453 3371 2555 3442 μὲν
2586 3369 2868 3438 Αἰγύπτου
2898 3368 3242 3432 Πτολεμαῖος
3273 3365 3626 3418 ἐϐασίλευσεν
3653 3365 3682 3416 ὁ
3713 3363 3898 3428 Λάγου
3937 3380 4038 3415 και

2445 3465 2495 3517 oi
2530 3463 2769 3535 καθεξῆς
2804 3459 3136 3528 Πτολεμαῖοι
3174 3462 3243 3526 ιγ’
3292 3457 3398 3516 ἕως
3442 3453 3805 3518 Κλεοπάτρας
3858 3452 4042 3521 θυγιο

2445 3560 2574 3628 τρὸς
2608 3551 2912 3617 Διᾱνυσίου,
2949 3555 3049 3622 τῆς
3095 3551 3154 3604 δὲ
3205 3551 3393 3609 Ἀσίας
3448 3547 3632 3613 πάσης
3699 3547 4040 3611 Ἀντίγονος,

2445 3649 2626 3719 τῆςδέ
2677 3646 2882 3718 Συρίας
2934 3646 3029 3697 καὶ
3087 3641 3441 3704 Βαϐυλωνίας
3502 3639 3600 3693 καὶ
3661 3638 4042 3700 Παλαιστίνης

2447 3741 2711 3802 Σέλευκος
2740 3740 2768 3791 ὁ
2794 3738 3080 3805 Νικάνωρ,
3113 3735 3170 3796 ὃς
3232 3736 3327 3786 καὶ
3369 3732 3554 3794 πόλεις
3602 3730 3696 3784 δύο
3737 3747 3934 3791 κτισας
3979 3734 4044 3779 ἐν

2445 3835 2562 3896 τοῖς
2596 3831 2792 3902 μέρεσι
2824 3827 3086 3892 Κιλικίας
3129 3827 3225 3880 καὶ
3255 3825 3427 3894 ἄλλην
3459 3827 3515 3876 ὲν
3544 3823 3740 3895 Συρίᾳ.
3789 3826 3890 3890 τὴν
3937 3823 4044 3887 μὲν

2448 3925 2772 3978 Σελεύκειαν
2824 3921 3080 3985 ἐκάλεσε,
3137 3920 3237 3987 τὴν
3289 3918 3348 3971 δὲ
3414 3917 3774 3986 Ἀντιόχειαν,
3826 3915 3927 3984 τὴν
3980 3915 4041 3968 δὲ

2446 4017 2772 4073 Λαοδίκειαν
2811 4017 2892 4078 είς
2933 4014 2996 4066 τὸ
3040 4011 3237 4066 ἐαυτοῦ
3283 4011 3456 4078 ὄνομα
3509 4010 3606 4062 καὶ
3654 4009 3748 4062 τοῦ
3781 4008 3900 4060 υίού
3942 4025 4043 4062 καί

2447 4112 2544 4180 τῆς
2575 4107 2848 4178 θυγατρὸς
2881 4106 3183 4175 Λαοδίκης.
3226 4103 3358 4172 Ἐφ’
3391 4097 3452 4156 οὗ
3511 4101 3711 4154 Ῥόδιοι
3757 4101 4040 4154 θαλασσοο

2447 4202 2830 4272 κρατήσαντες
2875 4197 3182 4267 ἀνέστησαν
3202 4197 3259 4247 ἐν
3280 4198 3344 4264 τῇ
3371 4194 3541 4256 πόλει,
3577 4195 3832 4264 ἢγουντῇ
3854 4195 4041 4245 ἐκεῖσε

2447 4289 2620 4364 νήσῳ,
2647 4291 2884 4363 χαλκοῦν
2913 4290 3212 4360 ἀνδριάντα
3241 4287 3336 4343 τοῦ
3364 4287 3538 4356 ἡλίου,
3569 4286 3630 4339 ὃν
3655 4286 3744 4338 διά
3774 4287 3836 4337 τὸ
3867 4289 4042 4352 μέγε-

2449 4385 2542 4446 θος
2627 4384 2896 4438 ἐκάλεσαν
2953 4382 3251 4448 κολοσσὸν,
3337 4382 3430 4432 καὶ
3473 4379 3628 4432 αὐτοὶ
3696 4377 4040 4440 Κολοσσαεὲς

2448 4479 2878 4546 ὠνομάσθησαν.

2513 4571 2668 4625 Mssa
2727 4571 2784 4623 δὲ
2837 4569 3106 4622 Σέλευκον
3158 4567 3514 4621 ἐϐασίλευσεν
3582 4563 3860 4634 Ἀντίοχος
3921 4567 4044 4630 υίτς

2445 4663 2612 4718 αὐτοῦ
2663 4664 2758 4717 καὶ
2806 4663 2958 4718 ἄλλοι
2987 4668 3049 4716 ε’.
3096 4657 3228 4713 Εἶτα
3273 4659 3629 4713 ἐϐασίλευσεν
3688 4658 3968 4727 Ἀντίοχος
4013 4663 4044 4712 ὀ

2463 4751 2794 4822 Ἐπιφανὴς,
2831 4751 2949 4812 υἱὸς
2978 4749 3248 4802 Σελεύκου
3278 4745 3374 4800 τοῦ
3403 4745 3794 4815 Φιλοπάτορος,
3828 4749 3929 4812 ἐφ’
3965 4742 4033 4800 οὗ

2444 4847 2674 4914 γέγονεν
2705 4847 2738 4915 ἡ
2765 4843 2998 4912 δευτέρα
3034 4841 3240 4903 ἅλωσις
3269 4839 3371 4907 τῆς
3424 4839 3786 4908 Ἰερουσαλὴμ
3822 4841 3918 4891 καὶ
3962 4845 4033 4893 τά

2453 4938 2596 4989 κατὰ
2626 4937 2737 4988 τῶν
2778 4933 3158 4988 Μακκαϐαίων
3187 4928 3438 4999 ἐπράχθη
3474 4931 3570 4982 καὶ
3604 4929 3668 4981 τὸ
3717 4928 3863 4999 ἱερὸν
3909 4931 4042 4995 ἐμο-

2444 5031 2610 5100 λύνθη
2647 5029 2789 5082 κατὰ
2808 5029 2906 5096 τὴν
2939 5025 3034 5079 τοῦ
3068 5023 3267 5094 Δανιὴλ
3305 5024 3639 5094 πρόρρησιν.
3675 5023 3771 5082 Ὃς
3806 5022 3904 5073 καὶ
3956 5022 4041 5073 δι’

2441 5123 2478 5176 ἃ.
2516 5121 2723 5193 ἔπραξε
2766 5120 2940 5172 πολῆὰ
2971 5116 3119 5172 κακά
3147 5117 3417 5186 αἰσχίστῳ
3454 5115 3608 5184 μόρῳ
3657 5113 3749 5166 τὸν
3781 5113 3901 5184 βίον
3930 5117 4034 5167 ἐπὶ

2448 5213 2609 5281 ξένης
2645 5212 3044 5282 κατέστρεψεν.

2517 5303 2670 5355 Μετά
2724 5301 2784 5353 δὲ
2873 5301 3148 5369 Ἀντίοχον
3202 5296 3553 5349 ἐϐασίλευσεν
3585 5299 3612 5350 ὁ
3687 5296 3802 5359 υἱὸς
3861 5296 4038 5351 αὐτοῦ

2443 5397 2469 5448 ὁ
2499 5393 2791 5462 Εὐπάτωρ.

2515 5487 2670 5540 Μετὰ
2698 5485 2757 5536 δέ
2793 5483 2970 5536 ταῦτα
2999 5480 3353 5536 ἐϐασίλευσεν
3395 5477 3614 5541 Ἰούλιος
3647 5479 3868 5547 Καῖσαρ
3891 5481 3921 5531 ὁ
3959 5479 4038 5548 μὴ

2441 5575 2760 5646 γεννηθείς’
2803 5574 2902 5639 τῆς
2943 5572 3050 5642 γὰρ
3091 5572 3298 5642 μητρὸς
3328 5568 3496 5622 αἰτοῦ
3527 5568 3801 5636 θανούσης
3837 5570 3896 5619 ἐν
3949 5570 4032 5636 τῷ

2442 5671 2650 5739 ἐννάτῳ
2702 5667 2855 5736 μηνὶ,
2887 5665 3094 5732 ταύτην
3133 5663 3500 5725 ἀνατεμόντες
3541 5659 3800 5727 ἐξέϐαλον
3835 5661 4027 5714 αὐτόν.

2443 5766 2610 5820 Ὅθεν
2670 5765 2766 5814 καὶ
2817 5762 3039 5828 Καῖσαρ
3086 5757 3346 5824 λέγεταιο
3387 5757 3494 5825 ὐφ’
3537 5751 3600 5807 οῦ
3653 5755 3932 5824 Καίσαρες
3978 5756 4029 5806 ei

2453 5857 2745 5928 Ῥωμαίων
2781 5851 3308 5924 προσηγορεύθησαν
3344 5849 3610 5919 βασιλείς,
3644 5851 3669 5903 ὃ
3701 5849 3852 5903 ἐστιν
3891 5849 4026 5902 ἁνα-
