4288 6364
172 414 282 477 2ίὸ

1489 410 2184 474 ΕΗΚΟΧΟΟΠᾹΡΙΙΙΑ.

3347 421 3460 485 ἓίϐ

172 527 318 596 τομὴ
355 527 500 579 κατὰ
537 525 638 595 τὴν
673 524 960 594 Ῥωμαίων
986 526 1254 593 γλῶτταν.
1298 529 1394 590 Ὃς
1429 530 1641 598 πρῶτος
1670 533 1763 582 καὶ
1794 531 1842 586 Δ

1794 531 1842 586 Α
1872 541 1997 581 sura
2045 529 2125 583 sic
2173 529 2316 584 dicta
2372 529 2554 598 lingua
2601 531 2863 585 Romana.
2932 532 3028 587 llic
3083 534 3289 603 primus
3340 551 3456 588 om-

177 620 340 686 μόνος
371 616 648 686 ἐκράτησε
689 616 798 668 τῶν
860 616 1188 686 Ῥωμαϊκῶν
1243 624 1540 690 σκήπτρων
1623 625 1763 690 μετα

179 710 389 777 πολλῆς
429 710 840 776 ὑπερηφανίας·
876 709 1002 762 ὅθεν
1033 711 1124 763 καὶ
1165 713 1442 783 δικτάτωρ
1491 718 1765 781 ἐκαλεῖτο,

177 803 204 852 ὃ
243 803 364 852 ἐστι
399 801 704 868 μονάρχης.
737 800 963 852 Πάντων
989 802 1045 854 δέ
1076 805 1360 874 κρατήσας
1392 811 1446 860 ἐν
1479 809 1768 878 ίταμότητι

181 894 276 943 καὶ
321 893 609 957 τυραννίδι
642 892 734 943 ἐπὶ
765 890 858 960 ἐτη
891 899 960 962 ιη’
1010 895 1252 966 ἀνῃρέθη
1291 899 1382 949 ἐπὶ
1435 902 1764 972 συγκλήτου.

185 987 280 1046 Ὃς
337 987 541 1054 νόμους
605 985 908 1054 Ῥωμαίοις
961 988 1156 1052 ἔδωκε,
1213 993 1309 1043 καὶ
1369 994 1460 1044 τὸν
1523 993 1772 1063 βὲσεκτον

181 1073 406 1142 ἐφεῦρε,
440 1075 534 1126 καὶ
566 1074 654 1126 τὸν
677 1075 820 1142 μῆνα
859 1077 1074 1128 Ἰούλιον
1097 1082 1476 1149 μετωνόμασε,
1502 1086 1769 1153 πρότερον

185 1167 512 1218 Κυντίλλιον
568 1166 926 1235 καλούμενον.
965 1171 1082 1238 Ἐφ’
1119 1167 1180 1226 οὗ
1238 1170 1304 1242 ἦν
1361 1177 1452 1227 καὶ
1521 1177 1770 1240 Ἰούδαςό

186 1259 476 1319 Γαλτλαῖος
500 1261 526 1310 6
550 1259 607 1309 ἐν
629 1263 752 1322 ταὶς
785 1261 1023 1331 Πράξεσι
1066 1263 1174 1315 τῶν
1200 1266 1519 1318 ἀποστόλων
1555 1286 1767 1337 μνημο-

185 1354 503 1419 νευόμενος,
531 1355 625 1404 καὶ
664 1354 1020 1423 Ἀντίπατρος
1051 1358 1078 1408 6
1108 1357 1360 1425 Ἠρώδου
1401 1360 1583 1428 πατὴρ
1613 1360 1770 1428 βασι-

185 1441 311 1502 λξὺς
344 1441 448 1508 τῆς
497 1442 766 1505 Ἰουδαίας
793 1445 1062 1515 κατέστη.

254 1535 417 1586 Μετά
447 1535 504 1586 δὲ
545 1534 767 1588 Ἰούλιον
795 1539 1054 1606 Καίσαρα
1080 1539 1436 1596 ἐϐασίλευσεν
1462 1545 1774 1612 Αὔγουστος

187 1627 414 1694 Καῖσαρ
463 1627 755 1680 Ὀκταϐίου
801 1629 936 1691 υίὸς,
969 1631 1026 1692 ὃς
1058 1636 1152 1684 καὶ
1185 1633 1480 1698 Σεϐαστὸς,
1514 1637 1606 1708 ἐτη
1645 1639 1734 1703 νς¹
1762 1657 1774 1670 ’

185 1721 259 1782 ἀφ
279 1717 292 1733 ⁸
312 1714 376 1770 οὗ
405 1718 667 1771 Σεϐαστο“ι
707 1723 801 1772 καὶ
840 1721 1140 1789 Αὕγουστοι
1177 1726 1697 1796 προσηγορεύθησαν
1725 1733 1774 1783 οί

195 1812 490 1879 Ῥωμαίων
509 1813 774 1881 βασιλεῖς,
797 1818 889 1868 καὶ
906 1821 930 1868 6
952 1818 1058 1886 μὴν
1073 1818 1382 1885 Αὔγουστος
1403 1824 1629 1893 ἐκλήθη,
1649 1828 1774 1895 πρό-

183 1919 343 1968 τερον
379 1903 650 1967 Σεξτίλιος
687 1905 1110 1974 ὀνομαζόμενος.
1157 1911 1248 1961 Ἐν
1292 1911 1370 1978 τῷ
1410 1911 1496 1980 μβ¹
1529 1911 1640 1964 ἔτει
1673 1913 1776 1982 τῆς

181 1994 353 2044 αὑτοῦ
378 1994 660 2061 βασιλείας
683 1997 950 2066 ἐγεννήθη
969 2002 994 2051 6
1017 2001 1217 2070 Κύριος
1241 2003 1397 2072 ἡμῶν
1422 2003 1629 2070 Ἰησοῦς
1648 2007 1778 2073 Χρι-

184 2087 331 2144 στός.
367 2086 524 2137 Ἐνδὲ
548 2087 626 2155 τῷ
654 2087 744 2155 μα’
767 2088 876 2140 ἔτει
895 2089 995 2158 τῆς
1020 2091 1300 2159 βασιλείας
1326 2093 1512 2157 αὑτοῦ,
1533 2097 1639 2148 ἀπὸ
1661 2097 1776 2149 κτί-

183 2192 324 2236 σεως
345 2177 554 2243 κόσμου
573 2180 680 2229 ἔτει
700 2177 819 2246 ,εφ’,
842 2181 936 2232 καὶ
953 2182 1197 2251 Ἡρώδης
1221 2185 1278 2250 ἐξ
1304 2185 1472 2238 ἐθνῶν
1501 2188 1598 2257 ἤδη
1618 2188 1775 2256 βασι-

181 2264 309 2325 λεὺς
329 2265 433 2333 τῆς
477 2266 738 2331 Ἰουδαίας
759 2271 1151 2340 ἀνηγόρευται.
1174 2275 1281 2326 Τοῦ
1314 2276 1370 2328 δὲ
1392 2278 1599 2348 Κυρίου
1619 2281 1777 2348 ἡμῶν

181 2355 366 2422 Ἰησοῦ
382 2357 624 2424 Χριστοῦ
642 2360 784 2412 κατά
804 2363 984 2430 σάρκα
1003 2365 1356 2436 γεννηθέντος
1376 2369 1467 2421 καὶ
1485 2369 1577 2422 τοῦ
1602 2371 1778 2439 Ἢρώο

182 2451 272 2501 δου
302 2452 493 2513 κακῶς
522 2454 613 2506 τον
657 2455 771 2522 βίον
797 2458 1257 2525 μεταλλάξαντος,
1292 2461 1656 2529 πεπλήρωται
1690 2462 1774 2525 τὸ,

183 2544 308 2594 οὐκ
333 2544 610 2611 ἐκλείψει
631 2546 832 2613 ἅρχων
851 2547 922 2610 ἐξ
937 2549 1288 2616 Ἰοὐόα,Εως
1306 2551 1544 2620 ἀνέλθῃ
1566 2546 1613 2619 ᾦ
1634 2553 1780 2606 ἀπό-

186 2651 399 2696 κειται,
423 2638 480 2695 ὃς
505 2639 656 2688 ἐστιν
686 2639 713 2689 6
757 2640 1010 2708 Χριστός.
1055 2643 1112 2693 Ὀ
1134 2642 1189 2693 δέ
1215 2659 1278 2708 γε
1320 2644 1568 2714 Ἡρώδης
1613 2645 1773 2713 ἐσχεν

182 2726 336 2793 αὐτῷ
372 2728 526 2788 υἱοὺς
559 2729 885 2798 ὁμωνύμους
919 2733 1014 2784 καὶ
1047 2732 1354 2803 διωνύμους
1382 2740 1555 2804 τρεῖς,
1599 2737 1775 2808 Ἰίρώο

181 2817 282 2886 δην
338 2820 600 2872 Ἀντίπαν
634 2822 727 2874 τὸν
780 2824 877 2876 καὶ
909 2825 1000 2876 τὸν
1039 2827 1357 2896 Πρόδρομον
1403 2830 1775 2897 ἀποτεμόντα,

185 2911 252 2974 ἐφ
319 2902 384 2961 οὗ
421 2912 514 2961 καὶ
542 2913 570 2963 6
602 2914 806 2980 Κύριος
828 2916 1172 2985 ἐσταυρώθη,
1219 2919 1465 2988 Ἡρώδην
1488 2919 1774 2984 Φίλιππον,

183 2993 232 3064 ᾧ
271 3001 497 3066 πρῶτον
555 3002 824 3071 Ἡρωδιὰς
873 3007 1212 3076 συναφθείσα
1283 3009 1438 3062 ἔτεκε
1497 3011 1779 3082 θυγατέρα

189 3094 468 3164 Σαλώμην
502 3097 602 3165 τὴν
636 3097 1048 3166 ὀρχησαμένην,
1085 3104 1179 3153 καὶ
1223 3101 1470 3173 Ἡρώδην
1515 3104 1777 3157 ’Λντίπα-

1875 619 2026 674 nium
2073 633 2129 675 et
2175 623 2324 676 solus
2368 624 2656 692 imperium
2700 623 3004 679 ltmnanum
3059 627 3256 687 tenuit,
3309 628 3459 696 quod

1875 712 2108 780 superbe
2165 712 2460 767 admodum
2503 724 2931 784 arroganterque
2989 717 3444 780 administravit;

1877 801 2005 856 binc
2021 803 2274 857 dictatori
2299 820 2499 858 nomen
2520 805 2594 858 illi
2616 805 2739 859 fuit.
2772 807 2821 858 Is
2852 821 3041 860 severe
3069 824 3130 860 ac
3162 809 3455 878 tyrannice

1880 895 1958 947 rei
2013 896 2244 963 publica:
2294 897 2684 968 gubernaculis
2737 901 3087 968 pertractatis
3141 917 3238 970 per
3289 918 3462 955 annos

1877 985 2183 1039 octodecim
2215 988 2268 1040 in
2297 998 2487 1042 senatu
2524 988 2855 1042 trucidatur.
2891 990 3154 1044 Romanis
3179 991 3326 1060 leges
3361 992 3460 1047 de-

1879 1073 1983 1140 dit,
2029 1078 2328 1133 bissextum
2381 1081 2639 1143 instituit,
2687 1096 2930 1134 mensem
2963 1083 3117 1152 prius
3162 1081 3462 1148 Quintilem

1877 1171 2085 1224 dictum
2135 1172 2340 1225 .lulium
2391 1173 2716 1226 nominavit.
2765 1174 2878 1227 Sub
2945 1191 3012 1227 eo
3057 1174 3242 1230 ﬂoruit
3297 1175 3467 1231 Judas

1881 1261 2158 1325 Calilteus,
2194 1265 2351 1334 cujus
2382 1265 2435 1316 in
2472 1265 2701 1319 Actibus
2731 1265 3110 1332 apostolorum
3140 1269 3348 1322 mentio
3381 1268 3460 1329 ﬁt.

1879 1363 1933 1407 et
1970 1353 2253 1422 Antipater
2280 1355 2510 1408 Herodis
2549 1363 2704 1424 pater
2742 1371 2832 1409 rex
2877 1356 3077 1410 Judeete
3117 1367 3356 1412 creatur.

1952 1534 2080 1586 Post
2106 1533 2305 1587 Julium
2340 1534 2608 1589 Caesarem
2637 1537 2930 1602 imperium
2965 1538 3148 1591 tenuit
3185 1538 3470 1607 Augustus

1880 1624 2059 1678 Czesar
2080 1623 2289 1679 Octavii
2317 1627 2482 1692 ﬁlius,
2511 1628 2604 1696 qui
2634 1637 2687 1681 et
2717 1627 2997 1698 Angustus
3022 1631 3330 1698 appellatus
3357 1645 3465 1694 est,

1879 1731 2054 1770 annos
2084 1719 2478 1787 quinquaginta
2505 1734 2619 1772 sex.
2655 1719 2736 1772 Ab
2771 1719 2875 1774 hoc
2909 1720 3140 1773 Romani
3172 1721 3469 1789 imperato-

1879 1825 1969 1863 res
1988 1809 2204 1862 Sebasti
2259 1809 2604 1879 Augustique
2639 1811 2818 1864 vocati
2852 1822 3002 1875 sunt,
3028 1823 3084 1865 et
3114 1815 3318 1868 mensis
3347 1819 3458 1868 Au-

1880 1911 2093 1970 gustus,
2142 1901 2231 1954 cui
2277 1910 2437 1954 antea
2489 1917 2688 1955 nomen
2743 1902 2961 1956 Sextili.
3023 1904 3182 1958 Anno
3231 1905 3470 1974 quadra-

1880 1991 2089 2060 gesimo
2132 1991 2377 2046 secundo
2429 1992 2674 2062 ejusdem
2715 1992 2932 2062 imperii
2979 1991 3246 2050 Dominus
3280 2006 3470 2050 noster

1879 2085 2038 2140 Jesus
2060 2085 2313 2140 Christus
2347 2087 2618 2140 nascitur.
2657 2087 2820 2141 Anno
2855 2103 2988 2141 vero
3022 2088 3174 2142 illius
3231 2091 3469 2160 quadra-

1883 2177 2090 2245 gesimo
2113 2176 2290 2244 primo
2317 2177 2384 2230 ab
2406 2177 2537 2230 orbe
2557 2178 2781 2232 condito
2798 2194 2974 2233 annus
2987 2179 3124 2236 5500
3141 2182 3470 2250 completur,

1883 2283 2008 2322 cum
2057 2268 2298 2323 Herodes
2351 2285 2442 2322 rex
2481 2269 2681 2323 Judaeae
2723 2271 2965 2342 eligitur.
3005 2273 3178 2327 Porro
3233 2275 3468 2329 Domino

1883 2371 2073 2413 nostro
2115 2360 2241 2415 Jesu
2285 2361 2506 2414 Christo
2549 2361 2603 2414 in
2650 2377 2818 2416 carne
2873 2373 3024 2425 nato,
3074 2363 3289 2419 Herode
3336 2367 3465 2420 item

1883 2451 2226 2506 atrocissime
2258 2453 2365 2504 vita
2395 2451 2607 2515 functo,
2633 2452 2995 2522 adimpletum
3021 2463 3106 2508 est
3137 2455 3270 2508 illud
3302 2475 3314 2510 :
3348 2457 3470 2510 Νωι

1881 2542 2080 2607 deﬁciet
2110 2544 2349 2612 princeps
2387 2559 2449 2596 ex
2469 2543 2632 2605 Iuda,
2668 2545 2829 2597 donec
2850 2549 3025 2598 veniat
3057 2549 3140 2600 cui
3183 2550 3470 2612 repositum

1882 2635 1988 2704 25
2028 2644 2125 2698 est,
2177 2636 2270 2704 qui
2314 2645 2400 2690 est
2444 2635 2724 2690 Christus.
2780 2639 3026 2692 Herodes
3083 2655 3212 2692 vero
3272 2641 3475 2695 liberos

1883 2729 2194 2781 binomines
2223 2729 2439 2797 sibique
2469 2733 2824 2796 cognomines
2849 2739 2960 2784 tres
2986 2732 3230 2800 suscepit
3264 2751 3276 2784 :
3303 2731 3475 2786 Hero-

1882 2820 2006 2874 dem
2064 2820 2340 2888 Antipam,
2389 2821 2480 2889 qui
2521 2820 2888 2877 Praecursoris
2929 2833 3094 2893 caput
3143 2825 3381 2878 abscidit
3415 2835 3474 2878 et

1883 2914 1986 2966 sub
2012 2930 2120 2983 quo
2152 2915 2413 2966 Dominus
2440 2914 2589 2966 cruci
2632 2913 2824 2968 allixus
2850 2924 2974 2981 est;
3008 2916 3280 2972 Herodem
3321 2917 3474 2973 Pliil-

1884 3006 2090 3075 ippum,
2139 3008 2228 3061 cui
2262 3010 2499 3076 primum
2518 3007 2783 3063 Herodias
2816 3017 2988 3077 nupta
3024 3008 3279 3065 Salomen
3307 3012 3475 3066 salta-

1885 3101 2079 3153 tricem
2126 3105 2438 3170 generavit,
2467 3109 2521 3156 et
2554 3099 2824 3156 Herodem
2875 3102 3226 3171 Antipatrum
3280 3104 3472 3158 Jacobi

185 3203 319 3254 τρον
351 3189 444 3240 τόν
495 3191 589 3241 καὶ
640 3190 896 3243 Ἰάκωϐον
928 3193 1185 3246 ἀνελόντα
1211 3193 1305 3247 τοῦ
1349 3196 1668 3260 Ζεϐεδαίου,
1718 3197 1777 3260 ὃς
1807 3195 1856 3257 C

1807 3195 1856 3257 ο
1886 3190 2134 3245 Zebedaei
2167 3193 2520 3262 parricidam,
2557 3197 2676 3264 qui,
2704 3210 2829 3248 cum
2865 3194 3009 3248 inter
3031 3194 3472 3249 concionandum

189 3281 248 3328 ἐν
277 3279 360 3347 τῷ
383 3279 722 3349 δημηγορεῖν
748 3282 840 3334 τοῦ
872 3283 1046 3352 δήμου
1071 3286 1401 3352 φωνοῦντος,
1433 3289 1606 3354 Φωνὴ
1631 3289 1779 3343 Θεοῦ

190 3371 294 3422 καί
331 3372 446 3422 οὐκ
476 3371 817 3439 ἀνθρώπου,
853 3374 1010 3445 δίκην
1045 3376 1250 3429 ἔδωκεν
1274 3378 1475 3431 αὐτίκα
1500 3395 1514 3409 ·
1550 3379 1781 3447 ἄγγελος

191 3465 304 3532 γὰρ
350 3461 566 3531 Κυρίου
605 3463 768 3525 εὐθὺς
797 3464 988 3518 τοῦτον
1017 3465 1231 3536 ἀθρόως
1281 3467 1520 3533 ἐπάταξε
1545 3509 1560 3532 ,
1601 3472 1694 3523 καὶ
1725 3471 1782 3534 ὃς

191 3554 518 3622 ἀνεπήδησε
541 3555 643 3623 τῆς
679 3556 950 3626 καθέδρας
981 3557 1038 3609 ἐν
1070 3558 1149 3626 τῷ
1180 3558 1372 3621 δεινῶς
1402 3561 1501 3629 τὴν
1535 3562 1783 3631 γαστέρα

191 3644 365 3697 αὑτοῦ
425 3645 862 3715 σπαράττεσθαι.
922 3647 1028 3700 Τὸν
1077 3647 1134 3699 δέ
1185 3665 1247 3716 γε
1311 3649 1454 3702 θεῖον
1521 3651 1782 3705 Ἰάκωϐον

196 3739 329 3792 ἰδὼν
364 3738 724 3806 ἀπαγόμενον
752 3738 852 3808 τὴν
881 3739 974 3791 ἐιτί
999 3738 1230 3793 θάνατον
1255 3739 1376 3794 666v
1409 3742 1437 3794 6
1467 3743 1778 3812 κατήγορος

192 3829 369 3884 αὑτοῦ
422 3831 518 3881 καὶ
559 3831 970 3901 μεταμεληθεὶς
1016 3834 1328 3901 προσέπεσε
1380 3838 1493 3896 τοῖς
1531 3835 1660 3888 ποσὶ
1689 3836 1782 3889 τοῦ

192 3923 506 3977 ἀποστόλου
535 3923 709 3991 λέγων
729 3941 742 3955 ·
773 3925 1184 3994 Συγχὼρησόν
1209 3944 1334 3994 μοι,
1376 3926 1648 3994 ἄνθρωπε
1677 3929 1784 3983 τοῦ

195 4015 372 4077 θεοῦ,
418 4015 507 4068 ὅτι
547 4017 1023 4085 μεταμεμέλημαι
1063 4017 1170 4086 ἐφ’
1194 4013 1281 4080 οἷς
1315 4017 1595 4085 ἐλάλησα
1635 4021 1786 4074 κατὰ

194 4108 338 4160 σοῦ.
390 4108 453 4158 ⁸0
495 4107 550 4159 δὲ
608 4107 880 4176 μακάριος
933 4109 1125 4161 τοῦτον
1187 4110 1572 4180 καταφιλήσας
1628 4109 1784 4164 εἶπεν

193 4200 372 4268 αὐτῷ·
394 4201 622 4266 Εἰρήνη
643 4215 763 4263 σοι,
786 4199 1023 4264 τέκνον,
1046 4201 1256 4268 εἰρήνη
1282 4217 1403 4266 σοι,
1422 4203 1521 4255 καὶ
1548 4204 1786 4272 συγχώ-

192 4309 377 4359 ρησις
414 4292 518 4345 τοῦ
557 4294 956 4359 πταίσματος.
1013 4293 1071 4346 ’0
1103 4293 1159 4345 δὲ
1212 4296 1352 4362 μετὰ
1399 4295 1585 4364 φωνῆς
1615 4297 1786 4366 μεγά-

197 4387 296 4451 λης
335 4383 542 4444 εὐθέως
583 4384 914 4450 Χριστιανὸν
959 4384 1153 4435 ἐαυτὸν
1181 4385 1271 4435 ἐπὶ
1316 4385 1535 4437 πάντων
1583 4389 1787 4455 ἀνηγό-

203 4492 393 4544 ρευσε,
445 4475 540 4527 καὶ
567 4475 741 4537 οὕτως
787 4475 1334 4544 συγκαταριθμηθεὶς
1369 4475 1446 4544 τῷ
1487 4478 1590 4528 ὑπ’
1621 4478 1785 4530 αὑτοῦ

1888 3287 2238 3346 inclamasset
2261 3287 2494 3356 populus
2529 3304 2542 3341 ;
2585 3286 2687 3340 Vox
2723 3286 2820 3340 Dei
2863 3298 2912 3340 et
2956 3304 3059 3340 non
3104 3288 3350 3351 hominis,
3383 3303 3472 3342 re-

1887 3390 2052 3453 pente
2077 3394 2264 3449 pmnas
2293 3378 2442 3432 dedit
2485 3395 2499 3430 :
2526 3378 2754 3448 angelus
2800 3378 3003 3447 quippe
3033 3379 3248 3433 Domini
3281 3380 3474 3435 conle—

1886 3473 2014 3527 stim
2045 3485 2171 3525 eum
2207 3468 2514 3538 percussit;
2545 3468 2676 3522 hinc
2711 3471 3057 3523 cruciatuum
3093 3469 3379 3526 doloribus
3416 3473 3470 3526 in

1887 3571 2078 3617 ventre
2132 3560 2434 3614 convulsus
2500 3575 2530 3614 e
2583 3560 2724 3613 solio
2767 3559 2990 3613 exsiliit.
3039 3560 3294 3617 Divinum
3346 3578 3478 3617 vero

1885 3652 2145 3708 Jacobum
2168 3666 2292 3705 cum
2326 3652 2447 3721 ejus
2475 3661 2764 3704 accusator
2787 3650 2852 3703 ad
2880 3661 3109 3704 mortem
3138 3651 3267 3706 duci
3303 3653 3476 3708 vidis-

1888 3753 1990 3808 set,
2021 3743 2344 3813 pmnitentia
2373 3744 2570 3797 ductus
2605 3743 2658 3796 in
2705 3742 2870 3811 pedes
2908 3745 3140 3811 apostoli
3184 3747 3478 3811 procubuit

1887 3837 2078 3890 dicens
2116 3853 2129 3889 :
2170 3834 2422 3890 Condona
2475 3836 2623 3899 mihi,
2674 3837 2750 3888 vir
2801 3834 2934 3898 Dei;
2972 3835 3089 3903 jam
3137 3853 3218 3888 me
3266 3839 3477 3906 paenitet

1891 3925 2142 3992 facinoris
2195 3926 2442 3978 adversus
2498 3934 2548 3977 te
2589 3927 2893 3993 perpetrati.
2949 3924 3015 3977 Et
3069 3925 3266 3979 beatus
3317 3927 3482 3982 illum

1890 4017 2239 4071 exosculatus
2266 4018 2403 4070 dixit
2429 4034 2442 4070 :
2477 4014 2720 4080 Paxtibi,
2747 4015 2849 4083 ﬁli.
2870 4033 2975 4088 pax
3002 4019 3094 4071 tibi
3116 4020 3179 4072 sit
3207 4031 3254 4072 et
3276 4023 3475 4078 erroris

1889 4111 2060 4164 venia.
2099 4109 2191 4162 Ille
2241 4107 2483 4161 distenta
2520 4122 2652 4160 voce
2689 4107 2865 4176 palam
2911 4108 3170 4162 omnibus
3204 4125 3264 4162 se
3312 4109 3476 4164 ﬁdem

1888 4199 2088 4253 Christi
2134 4197 2288 4267 sequi
2342 4196 2644 4265 professus,
2699 4213 2803 4250 una
2859 4213 2983 4252 cum
3025 4213 3092 4252 eo
3138 4214 3302 4267 quem
3359 4199 3483 4270 ipso-

1889 4289 2044 4358 prius
2092 4287 2146 4340 in
2178 4288 2444 4357 judicium
2479 4299 2719 4351 vocarat,
2769 4289 3016 4359 martyrii
3044 4304 3310 4350 coronam
3341 4308 3477 4347 eon-

1888 4381 2158 4449 sequitur.
2189 4378 2350 4432 Miser
2378 4390 2562 4434 autem
2596 4379 2842 4435 Herodes
2865 4381 3010 4436 [teda
3034 4384 3305 4440 vermium
3353 4388 3479 4443 tabe

1892 4490 1989 4543 per
2042 4473 2313 4543 plurimos
2345 4471 2465 4524 dies
2520 4471 2827 4537 confectus,
2878 4476 3346 4543 quemadmodum
3382 4493 3479 4547 pa-

200 4565 641 4635 κατηγορηθέντι
677 4568 774 4617 συν
821 4564 970 4634 αὑτῷ
1000 4565 1182 4617 καὶτὸ
1215 4564 1468 4634 βραϐεῖον
1509 4567 1604 4620 τοῦ
1645 4587 1778 4638 μαρο
1823 4569 1865 4622 D

1695 4587 1778 4638 αρο
1823 4569 1865 4622 D
1897 4579 1979 4621 ter
2007 4567 2126 4635 ejus
2147 4580 2211 4617 eo
2243 4563 2544 4631 improbior
2577 4578 2640 4616 ac
2669 4564 3001 4632 perversior,
3034 4567 3200 4621 vitam
3229 4567 3388 4622 ﬁniit.

199 4662 392 4730 τυρίου
441 4660 814 4725 ἀπηνέγκατο.
869 4657 929 4708 '0
963 4658 1019 4709 δέ
1056 4674 1118 4723 γε
1161 4658 1344 4721 ἆθλος
1389 4656 1637 4730 Ἡρώδης
1685 4663 1779 4715 ἐπὶ
1820 4663 2038 4732 ἡμέρας
2101 4655 2462 4724 φθειρόμενος
2524 4656 2617 4708 καὶ
2645 4657 2936 4726 σκώληκας
2965 4658 3254 4722 έκσράζων
3299 4662 3475 4712 ὲλεειο

199 4754 306 4816 νῶς
349 4755 442 4805 τὸν
475 4753 588 4821 βίον
619 4751 935 4812 κατέλυσεν,
962 4750 1152 4818 ὥσπερ
1176 4757 1271 4803 καὶ
1309 4755 1336 4804 ὁ
1361 4753 1787 4825 δυσσεϐέστερος
1827 4752 1992 4809 αὐτοῦ
2030 4751 2234 4818 πατήρ.

271 4848 434 4900 Μετὰ
454 4847 509 4898 δὲ
527 4845 836 4911 Αὔγουστον
860 4847 1180 4898 ἐϐασίλευσε
1207 4847 1458 4916 Τιϐέριος
1485 4850 1597 4912 υἱὸς
1623 4851 1789 4903 αὐτοῦ

199 4943 296 5008 ἐτη
326 4946 436 5006 κγ’,
469 4937 522 4998 6;
553 4937 745 4999 κτίσας
769 4937 921 4989 πόλιν
951 4939 1007 4988 ἐν
1033 4940 1098 5006 τῇ
1143 4940 1373 5009 Ἰουδαία
1395 4942 1655 4994 ἐκάλεσεν
1687 4945 1788 4994 αὑ-

200 5034 300 5100 τὴν
331 5033 410 5090 εἰς
442 5032 502 5082 τὸ
543 5030 670 5082 ἴδιον
692 5028 864 5097 ὄνομα
901 5028 1221 5097 Τιϐεριάδα.
1248 5025 1324 5083 Ob
1364 5031 1441 5100 τῷ
1466 5032 1522 5083 ιε’
1557 5032 1665 5085 ἔτει
1690 5037 1790 5102 τῆς

204 5124 486 5191 βασιλείου
521 5125 548 5174 6
593 5123 796 5192 Κύριος
825 5122 982 5190 ήμῶν
1015 5122 1337 5189 βαπτισθεὶς
1373 5124 1464 5174 τοῦ
1502 5125 1790 5192 εὐαγγελι-

204 5219 303 5270 κοῦ
340 5217 698 5285 κηρύγματος
718 5214 1020 5282 ἀπήρξατο.
1055 5215 1144 5266 Ἐν
1166 5214 1222 5266 δὲ
1252 5213 1329 5282 τῷ
1357 5220 1426 5284 ιη’
1453 5217 1786 5284 σταυρωθεὶς

202 5310 408 5372 ἀνέστη
435 5311 498 5376 τῇ
529 5307 608 5358 κε’
640 5306 733 5357 τοῦ
758 5305 1020 5372 Φαμενὼο
1055 5306 1221 5374 μηνὸς
1251 5307 1368 5374 ἦτοι
1403 5307 1669 5375 Μαρτίου,
1699 5307 1794 5359 τοῦ

205 5403 620 5470 πρωτοκτίστου
648 5399 816 5467 μηνὸς
834 5397 1007 5449 Νισάν
1027 5396 1158 5464 παρ’
1182 5396 1454 5464 Ἑϐραίοις
1471 5397 1790 5464 λεγομένου,

205 5491 640 5560 ἐπιφωτκούσης
693 5489 1004 5559 Κυριακῆς.
1063 5489 1163 5540 Διά
1207 5488 1259 5539 τί
1301 5488 1356 5540 δὲ
1404 5488 1566 5556 ὀγδόη
1617 5491 1648 5558 ἡ
1696 5489 1791 5541 τοῦ

209 5588 420 5654 Κύρου
469 5583 766 5641 ἀιάςτασις
820 5581 1245 5648 ἐπωνόμασται;
1293 5578 1508 5647 Ἐπειδὴ
1559 5579 1790 5640 ἑπτάκις

207 5679 424 5744 νεκρῶν
472 5678 770 5728 ἀνάστασιν
824 5673 1057 5744 εὕρομεν
1094 5673 1151 5724 ἐν
1199 5674 1266 5740 τῇ
1303 5671 1420 5741 θείᾳ
1463 5670 1655 5739 Γραφῇ
1693 5671 1786 5722 καὶ

215 5787 354 5836 μετα
417 5771 543 5830 τοὺς
597 5765 638 5830 ζ’
688 5767 871 5832 θγδοος
905 5767 968 5816 ἐκ
998 5762 1208 5831 νεκρῶν
1259 5762 1459 5830 ἀνέστη
1499 5762 1527 5813 6
1563 5761 1782 5830 Κύριος.

220 5864 332 5929 Πρὸ
383 5861 490 5928 γὰρ
547 5859 640 5926 τῆς
688 5855 924 5925 Χριστοῦ
978 5855 1326 5916 ἀναστάσεως
1375 5855 1428 5906 ἐν
1464 5856 1528 5923 τῇ
1576 5851 1786 5920 Παλατᾷ

1962 4849 2087 4902 Post
2145 4846 2453 4913 Augustum
2506 4842 2763 4898 Tiberius
2810 4846 2932 4914 ejus
2981 4845 3127 4900 ﬁlius
3179 4846 3472 4917 imperium

1890 4937 2257 4992 tenuitannos
2280 4934 2470 5004 viginti
2506 4943 2632 4988 tres.
2664 4933 2715 4988 ls
2742 4935 2937 4988 urbem
2970 4935 3024 4989 in
3068 4936 3258 4992 Iudaea
3303 4955 3474 5010 pmpe

1885 5030 2063 5082 lacum
2103 5027 2381 5080 conditam
2428 5042 2457 5078 a
2506 5041 2606 5077 suo
2653 5025 2877 5080 nomine
2906 5026 3255 5082 Tiberiadem
3287 5032 3474 5100 appel-

1887 5121 2036 5175 laxit.
2078 5119 2298 5188 Imperii
2351 5119 2469 5187 ejus
2514 5133 2660 5172 anno
2711 5118 2928 5172 decimo
2969 5120 3166 5187 quinto
3207 5120 3472 5176 Dominus

1890 5223 2073 5266 noster
2128 5212 2437 5280 baptizatus
2500 5211 2829 5280 evangelicae
2886 5211 2995 5280 26
3055 5211 3465 5280 praedicationis

1898 5305 2050 5357 initia
2098 5305 2302 5372 posuit,
2339 5313 2394 5357 et
2439 5303 2653 5357 decimo
2698 5314 2913 5367 octavo,
2961 5305 3324 5359 l‘bamenothi
3354 5307 3473 5360 sive

1896 5397 2069 5449 Martii
2107 5398 2266 5466 primi
2306 5396 2510 5450 conditi
2560 5397 2784 5456 mensis,
2822 5398 2915 5464 qui
2949 5397 3190 5450 Nisanus
3216 5397 3469 5456 Hebraeis

1891 5496 1996 5548 cst,
2059 5487 2317 5539 vicesimo
2361 5486 2555 5554 quinto
2601 5484 2711 5546 die,
2765 5483 3052 5538 Dominico
3093 5485 3469 5548 illucescente,

1891 5577 2040 5630 cruci
2099 5577 2289 5632 aﬂixus
2346 5578 2644 5631 resurrexit
2694 5592 2724 5630 a
2766 5577 3021 5632 mortuis.
3079 5576 3186 5632 Sed
3231 5593 3469 5646 quanam

1896 5670 2108 5721 ratione
2171 5679 2362 5722 octava
2426 5669 2643 5723 Domini
2698 5669 3030 5724 resurrectio
3079 5671 3471 5739 nuncupatur?

1896 5755 2114 5825 Septem
2147 5757 2355 5812 scilicet
2375 5758 2428 5812 in
2448 5758 2648 5814 divinis
2676 5757 2896 5814 Litteris
2926 5768 3266 5812 mortuorum
3288 5772 3471 5812 resur-

1897 5849 2172 5904 rectiones
2246 5850 2750 5921 deprehendimus,
2821 5853 3080 5910 deinec-Ds
3138 5861 3364 5906 octavus
3437 5865 3463 5898 ξι
