4288 6364
777 395 879 456 ΞΠ

774 606 1071 659 rectionem
1098 606 1149 658 in
1178 604 1356 659 Veteri
1388 604 1738 659 Testamento
1762 606 1938 661 vidum
1981 606 2075 660 lilii
2098 605 2357 661 excitatio

773 706 1263 759 commemoratur,
1315 711 1477 764 quem
1531 697 1676 751 Elias
1710 696 2035 767 Saraplitbis
2063 698 2357 764 excitavit;

773 787 1013 842 secunda
1070 787 1164 841 filii
1214 788 1574 842 Sunamitidis
1615 789 1793 844 Elisaei
1841 790 2111 845 beneﬁcio
2146 810 2158 854 ;
2199 791 2360 846 tertia

776 878 1136 947 militisjuxla
1191 894 1391 948 corpus
1428 880 1608 933 Eliszei
1660 880 1882 949 sepulti,
1939 882 2028 949 qui
2088 881 2178 934 ubi
2235 895 2358 949 pro-

772 966 953 1028 pheta:
979 969 1239 1037 reliquias
1282 968 1571 1037 tetigisset.
1610 971 1792 1023 statim
1830 970 1977 1024 velut
2008 970 2076 1024 ab
2110 971 2233 1041 igne
2260 987 2358 1026 ex-

775 1057 939 1121 siliit;
974 1069 1190 1127 quarta,
1228 1060 1281 1111 in
1316 1059 1485 1124 Novo,
1523 1060 1645 1114 tilia:
1684 1062 2139 1133 arcliisyuagogi;
2171 1064 2361 1132 quinta

778 1152 872 1204 lilii
940 1151 1164 1212 vidum;
1224 1161 1372 1204 sexta
1438 1152 1676 1216 Lazari;
1723 1154 1952 1223 septima
2017 1171 2140 1209 cum
2191 1155 2362 1209 multa

777 1252 1087 1296 sanctorum
1114 1258 1347 1311 corpora
1400 1253 1758 1298 surrexerunt
1784 1262 1797 1309 ;
1827 1255 2021 1299 octava
2057 1254 2178 1314 post
2210 1248 2360 1299 salu-

783 1345 955 1386 tarem
986 1332 1294 1399 passionem
1326 1333 1539 1385 Domini
1574 1335 1928 1388 resurrectio.
1951 1335 2207 1388 Tiberius
2232 1348 2363 1388 vero

776 1425 907 1492 justi
944 1424 1109 1478 nimis
1159 1436 1317 1478 tenax
1371 1425 1633 1493 subjectis
1674 1426 1993 1481 civitatibus
2042 1429 2246 1496 scripto
2283 1428 2366 1481 in-

780 1514 1031 1567 culcabat
1079 1532 1092 1567 :
1146 1514 1203 1568 Si
1250 1515 1373 1581 quid
1422 1517 1573 1569 exlex
1621 1520 1877 1587 scripsero
1920 1534 2276 1587 praeceperove
2310 1526 2367 1569 ut

782 1608 1012 1671 ['aciatis,
1046 1606 1163 1657 huic
1209 1622 1547 1675 nequaquam
1574 1609 1811 1661 animum
1848 1610 2135 1662 advertatis
2162 1625 2179 1661 :
2204 1610 2367 1662 inscio

782 1700 973 1765 quippe
1013 1700 1221 1751 excidit.
1257 1698 1361 1751 Sed
1397 1699 1635 1761 tandem,
1670 1714 1749 1752 vae
1790 1699 1865 1752 illi
1890 1700 2111 1761 misero,
2142 1707 2366 1767 repente

781 1790 1012 1843 «lascivit
1065 1788 1128 1841 ad
1177 1789 1329 1854 vitia,
1382 1790 1434 1842 in
1487 1792 1670 1843 otmtia
1697 1791 1989 1854 scelerum,
2035 1790 2264 1845 caedium
2312 1799 2368 1843 et

2255 398 2520 458 JOELIS

772 511 1003 567 mortuis
1030 512 1296 566 Dominus
1325 513 1582 581 resurgit.
1616 512 1749 566 Nam
1780 524 1905 568 ante
1928 513 2129 567 (Σεμίδιὶ
2168 529 2352 567 resur-
2381 518 2427 577 Α
2458 516 2650 585 πρώτη

3926 399 4043 461 243

2702 518 2923 583 γέγονεν
2956 520 2984 586 ἠ
3023 515 3111 569 τοῦ
3148 516 3260 569 υἱοῦ
3304 518 3398 585 τῆς
3430 518 3627 585 χήρας,
3664 517 3722 568 ὃν
3764 515 3955 577 Ἠλίας
3982 516 4053 567 ὲν

2441 609 2781 679 -Σαράφθοις
2820 611 3147 677 ἀνέστησεν,
3203 606 3247 678 β’
3281 611 3315 678 ἡ
3344 609 3440 662 τοῦ
3483 608 3601 661 υίοῦ
3633 609 3733 677 τῆς
3772 609 4050 675 Σουναμί-

2462 700 2631 765 τιδος,
2663 702 2722 754 ὃν
2771 701 3075 763 Ἐλισσαῖος
3109 701 3355 771 ἤγειρεν,
3390 708 3438 767 γ’
3468 702 3501 767 ἡ
3544 700 3639 752 τοῦ
3680 701 4049 769 στρατιώτου,

2463 794 2523 857 ὃς
2554 795 2727 861 ἐγγὺς
2788 792 3100 846 Ἐλισσαίου
3150 794 3343 859 ταφεὶς
3394 792 3489 845 καὶ
3534 794 3647 854 τοῖς
3695 790 3901 850 ὀστέοις
3946 786 4052 839 τοῦ

2465 888 2744 953 προφήτου
2775 885 3082 954 πλησιάσας
3108 884 3185 947 ὡς
3216 885 3324 936 ἀπὸ
3356 883 3529 953 πυρὸς
3558 882 3886 949 ἐξεπήδησε,
3917 880 3960 933 δ’
3989 882 4053 933 ἐν

2462 980 2527 1046 τῇ
2564 978 2738 1044 Καινῇ
2778 978 2810 1045 η
2845 977 2943 1044 τῆς
2971 976 3238 1043 θυγατρὸς
3262 975 3359 1025 τοῦ
3421 973 3906 1041 ἀρχισυναγώγου,
3945 977 3987 1022 ε’
4015 972 4050 1038 ἡ

2462 1067 2555 1119 τοῦ
2587 1065 2702 1118 υἱοῦ
2737 1068 2833 1135 τῆς
2864 1068 3063 1135 χήρας,
3111 1072 3163 1128 ς’
3198 1068 3230 1134 ἡ
3262 1064 3356 1117 τοῦ
3381 1062 3655 1130 Λαζάρου.
3690 1062 3734 1124 ζ’
3758 1063 3845 1113 ὅτε
3875 1060 4053 1113 πολλά

2467 1158 2696 1227 σώματα
2720 1158 2830 1211 τῶν
2859 1157 3281 1227 κεκοιμημένων
3300 1156 3471 1224 ἁγίων
3490 1156 3721 1224 ἠγέρθη.
3750 1152 3799 1220 η’
3817 1154 3925 1223 δὲὴ
3948 1149 4054 1204 τοῦ

2466 1252 2668 1321 Κυρίου
2688 1252 2979 1312 ἀνάστασις
2998 1252 3135 1318 μετά
3151 1250 3211 1302 τὸ
3226 1250 3494 1317 σωτήριον
3513 1241 3877 1309 πάθυξ.οἶ›τος
3894 1262 4059 1312 φρον-

2464 1344 2628 1406 τίζων
2649 1342 2742 1395 τοῦ
2767 1340 2975 1394 δικαίου
3013 1341 3251 1409 ἔγραφεν
3275 1341 3362 1392 ἀεὶ
3388 1341 3507 1400 ταῖς
3532 1339 3606 1390 ὑπ
3623 1338 3636 1356 ‘
3663 1337 3830 1389 αὑτὸν
3857 1335 4059 1387 πόλεσι

2467 1436 2664 1503 λέγων⁸
2703 1434 2838 1487 Ἐάν
2854 1452 2907 1487 τι
2931 1433 3137 1502 γράψω
3155 1433 3313 1498 παρὰ
3337 1432 3481 1495 τοὺς
3496 1432 3722 1497 νόμους
3748 1426 4063 1495 προστάσ-

2469 1543 2599 1581 σων
2611 1528 2899 1595 γίνεσθαι,
2916 1526 3105 1589 τούτῳ
3117 1526 3202 1593 μὴ
3220 1522 3611 1589 προσεκτέον
3630 1521 3905 1587 inv-diua
3921 1516 4062 1586 γάρ.

2484 1618 2606 1670 Ἀλλ
2624 1620 2635 1637 ’
2667 1617 2912 1687 ὕστερον,
2936 1615 3036 1684 φεῦ
3060 1617 3072 1668 !
3107 1615 3373 1682 αίφνίδιον
3393 1616 3471 1675 εἰς
3499 1613 3597 1682 τὴν
3627 1612 3851 1683 χείρονα
3885 1626 4065 1677 μετα-

2472 1708 2695 1778 ϐληθεὶς
2724 1708 2952 1779 γνώμην
2996 1709 3133 1778 πρὸς
3178 1708 3360 1760 πᾶσαν
3394 1706 3785 1773 ἀνοσιουργίαν
3832 1715 4065 1771 μιιιιιρο⁴

2475 1802 2592 1853 νίαν
2627 1819 2686 1853 τε
2724 1802 2815 1853 καὶ
2835 1799 3228 1870 οίστρηλασίαν
3255 1800 3491 1868 ἐτράπη,
3519 1798 3617 1851 καὶ
3645 1796 3791 1849 οὕτω
3814 1796 3907 1847 τὸν
3939 1793 4062 1863 βίον

784 1881 1077 1934 libidinum
1141 1881 1530 1936 effrenatarum
1567 1888 1782 1952 ’genera
1834 1883 2125 1952 impulsus.
2176 1882 2376 1950 Sicque
2411 1876 2450 1930 Β

1189 1881 1530 1935 Trenatarum
1567 1888 1782 1952 ’genera
1834 1883 2125 1952 impulsus.
2176 1882 2376 1950 Sicque
2411 1876 2450 1930 Β
2482 1891 2882 1961 κατέστρεψεν.

785 1975 909 2029 vita:
930 1974 1091 2027 linem
1126 1974 1329 2042 posuit.

855 2066 984 2120 Post
1011 2064 1295 2121 Tiberium
1322 2067 1490 2121 Gaius
1534 2066 1678 2121 lilius
1710 2082 1885 2122 annos
1918 2077 2155 2137 quatuor
2201 2068 2376 2136 impe-

786 2160 928 2213 rium
973 2161 1169 2212 tenuit.
1215 2157 1315 2213 Hic
1351 2160 1588 2229 primum
1623 2159 1846 2229 quidem
1889 2160 2149 2214 muniﬁce
2190 2160 2375 2214 admo-

786 2247 917 2300 dum
966 2250 1178 2316 imperii
1209 2250 1421 2302 clavum
1454 2249 1770 2304 moderatus
1796 2258 1905 2315 est,
1938 2250 2179 2305 subditis
2207 2252 2375 2305 etiam

788 2340 1068 2395 moderate
1082 2350 1136 2395 et
1153 2351 1211 2393 ut
1229 2357 1325 2410 par
1340 2353 1455 2395 erat
1478 2357 1605 2396 usus
1623 2359 1635 2405 ;
1654 2342 1915 2413 deinceps
1935 2352 2059 2413 post
2075 2343 2377 2409 biennium,

790 2442 849 2484 ut
875 2433 1017 2501 patri
1049 2433 1349 2497 acciderat,
1381 2445 1566 2488 tantus
1592 2436 1698 2505 27
1727 2436 1883 2490 furor
1926 2452 1991 2491 ae
2016 2447 2210 2506 stupor
2250 2453 2379 2492 eum

789 2526 1010 2589 invasit,
1031 2536 1085 2579 ut
1103 2542 1159 2580 se
1183 2528 1234 2579 in
1254 2527 1480 2582 deorum
1502 2544 1791 2583 numerum
1815 2528 2046 2584 referret
2062 2538 2381 2599 statuasque

791 2615 893 2668 sibi
927 2631 1026 2684 per
1072 2616 1317 2685 singulas
1352 2617 1602 2670 civitates
1631 2618 1682 2671 in
1710 2618 1928 2687 templis
1955 2619 2210 2688 erigeret.
2241 2619 2379 2672 Eum

793 2707 996 2761 milites
1038 2709 1091 2761 in
1123 2709 1342 2772 balneo,
1378 2725 1489 2778 quo
1524 2709 1760 2762 lavatum
1794 2711 2028 2772 abierat,
2084 2712 2383 2766 obtrunca-

790 2808 943 2862 runt,
982 2815 1105 2854 cum
1140 2801 1315 2869 aequis
1358 2802 1533 2855 oculis
1567 2803 1773 2856 atrocia
1807 2803 1956 2857 illius
1997 2804 2378 2875 proﬂigatissi-

792 2904 991 2958 maque
1027 2889 1169 2944 laeta
1202 2890 1452 2943 contueri
1505 2906 1611 2944 non
1646 2902 1890 2960 possent.
1927 2893 2041 2948 Sub
2080 2909 2147 2947 eo
2194 2894 2383 2948 Theu—

794 2982 912 3047 das,
936 2982 1094 3051 cujus
1128 2983 1335 3035 mentio
1366 2992 1452 3036 est
1480 2983 1535 3036 in
1558 2983 1792 3038 Actibus
1818 2986 2223 3054 apostolorum,
2258 3003 2385 3042 cum

795 3091 915 3130 sese
956 3075 1261 3129 divisurum
1291 3075 1586 3131 Jordanem
1618 3077 1877 3146 iactasset
1902 3096 2002 3135 nec
2042 3086 2226 3136 exitus
2260 3099 2385 3137 ver-

2550 2072 2706 2125 Μετά
2739 2071 2794 2123 δὲ
2847 2069 3100 2139 Τιδέριον
3147 2068 3470 2122 ἐϐασίλευσε
3520 2067 3683 2128 Γάϊος
3729 2066 3841 2127 υἱὸς
3892 2063 4068 2116 αὐτοῦ

2481 2164 2575 2235 ἔτη
2603 2163 2665 2226 δ’,
2697 2164 2755 2227 ὃς
2788 2163 3005 2234 πρῶτον
3041 2163 3140 2232 μὲν
3174 2160 3601 2230 μεγαλοφρόνως
3634 2159 3813 2211 διεῖπε
3856 2156 3927 2209 τά
3960 2158 4067 2225 τῆς

2484 2257 2763 2326 βασιλείας
2792 2257 3099 2324 πράγματα
3123 2255 3217 2307 καὶ⁸
3246 2255 3360 2315 τοῖς
3391 2252 3658 2319 ὑπηκόοις
3702 2248 4069 2317 καθηκόντως

2482 2351 2775 2419 ἐκέχρητο,
2804 2346 3036 2417 ὕστερον
3065 2347 3123 2399 δὲ
3164 2345 3306 2415 μετά
3336 2344 3433 2398 δύο
3467 2346 3693 2415 χρόνους
3726 2341 3928 2403 ἐκστὰς
3961 2341 4068 2407 τῆς

2484 2442 2838 2513 ἀνθρωπίνης
2884 2440 3205 2510 φρονήσεως
3253 2438 3397 2497 κατά
3446 2438 3679 2508 μίμησιν
3713 2434 3809 2487 τοῦ
3852 2431 4068 2499 πατρὸς

2485 2536 2680 2589 ἑαυτὸν
2711 2535 2995 2590 ἀπεθέωσε
3026 2536 3120 2587 καὶ
3145 2532 3468 2602 ἀνδριάντας
3493 2530 3688 2584 ἑαυτοῦ
3729 2528 3872 2583 κατά
3905 2528 4071 2579 πόλιν

2489 2631 2546 2681 ἐν
2574 2632 2688 2692 τοῖς
2727 2633 2876 2692 ναοῖς
2909 2630 3164 2699 ἔστησεν.
3217 2629 3314 2681 ’ον
3347 2627 3396 2679 οἱ
3430 2622 3766 2692 στρατιῶται
3798 2622 3857 2672 ὲν
3892 2619 4071 2687 βαλαη

2486 2722 2615 2791 νείῳ
2641 2721 2929 2790 λουόμενον
2952 2720 3377 2791 διεχειρίσαντο,
3426 2717 3502 2786 μὴ
3532 2716 3791 2784 φέροντες
3822 2713 3961 2781 ὸρᾷν
3996 2713 4070 2762 τά

2488 2814 2594 2867 ὑπὸ
2652 2813 2819 2866 αὑτοῦ
2883 2814 3289 2881 παναισχίστως
3356 2812 3736 2879 πραττόμενα.
3821 2805 3951 2871 Ἐιρ’
4003 2796 4071 2855 οὗ

2487 2905 2697 2977 Θευδᾶς
2750 2908 2778 2958 ό
2826 2906 2886 2959 ὲν
2942 2907 3060 2966 ταῖς
3127 2904 3368 2974 Πράξεσι
3442 2900 3920 2970 μνημονευόμενος
3973 2897 4072 2948 τὸν

2504 2996 2785 3064 Ἰορδάνην
2824 2998 3016 3065 τεμεῖν
3042 2995 3517 3061 ἐπαγγειλάμενος
3552 2991 3649 3044 καὶ
3680 2990 4073 3058 διαμαρτήσας

2492 3088 2759 3158 ἀνῃρέθη,
2794 3090 2887 3141 καὶ
2932 3089 2961 3140 ὁ
2989 3086 3201 3154 πύργος
3227 3085 3322 3137 τοῦ
3353 3084 3576 3151 Σιλωὰμ
3599 3082 3797 3134 ἔπεσεν
3823 3082 3916 3131 ἐπὶ
3939 3078 4072 3139 τοὺς

795 3165 883 3220 bis
933 3166 1256 3229 accederet,
1317 3166 1641 3221 interfectus
1687 3178 1790 3223 est.
1844 3169 1998 3227 Tunc
2048 3180 2104 3226 et
2151 3173 2377 3227 Siloami
2412 3200 2454 3256 ε

2412 3200 2454 3256 c
2497 3188 2565 3251 ιη’
2608 3179 2832 3247 ἄνδρας,
2869 3178 2961 3231 καὶ
2998 3178 3274 3243 Στέφανος
3306 3178 3335 3228 ό
3379 3172 3783 3241 πρωτομάρτυς
3822 3167 4073 3256 ἐμαρτῦο

798 3260 973 3312 turris
996 3274 1093 3312 sua
1122 3260 1281 3311 ruina
1302 3259 1607 3313 octodecim
1651 3262 1800 3315 viros
1821 3264 2116 3331 oppressit.
2148 3264 2382 3333 Stepha-

799 3365 906 3403 nus
955 3358 1326 3418 protomartyr
1384 3352 1648 3420 martyrio
1705 3351 1872 3404 vitam
1923 3352 2128 3420 posuit.
2181 3354 2382 3408 Paulus

799 3437 1168 3495 Cbﬁstianam
1227 3441 1549 3509 religionem
1612 3443 1907 3511 amplexus
1965 3452 2069 3498 est.
2119 3443 2279 3498 Philo
2326 3456 2382 3499 et

801 3533 1075 3601 Josephus
1104 3531 1316 3585 Hebraei
1348 3532 1574 3587 scicntia
1602 3534 1851 3590 celebres
1882 3535 2135 3592 ﬂoruere.

874 3620 1009 3674 Gaio
1042 3622 1308 3674 successit
1337 3620 1616 3686 Claudius,
1653 3624 1939 3692 tenuitque
1974 3624 2266 3693 imperium
2290 3643 2385 3678 an-

806 3727 907 3765 nos
968 3710 1252 3766 tredecim.
1313 3712 1447 3779 Ejus
1499 3712 1730 3780 imperio
1780 3713 1993 3769 Marcus
2049 3716 2383 3783 evangeliSta

809 3804 1022 3874 primus
1051 3803 1195 3871 apud
1229 3802 1509 3873 Egyptios
1564 3805 1824 3859 ecclesias
1870 3808 2080 3867 erexit.
2128 3808 2386 3877 pleraque

813 3901 945 3953 item
979 3896 1309 3951 monasteria
1342 3895 1617 3957 fundavit,
1652 3913 1772 3966 qua:
1806 3901 2032 3964 σεμνεῖα
2067 3898 2182 3953 sive
2217 3916 2385 3953 vene-

816 3990 1014 4043 rabilia
1063 3989 1206 4043 dicta
1240 3996 1407 4052 sunt,
1443 3996 1849 4041 sacrosanctum
1875 3989 2001 4041 item
2034 3990 2385 4059 Evangeliqu

814 4078 1033 4143 scriptis
1064 4075 1365 4134 mandavit.
1404 4077 1545 4129 etin
1601 4076 1715 4144 ipsa
1768 4077 2096 4131 Alexandria
2149 4080 2385 4148 primum

817 4167 1077 4221 Ecclesia:
1107 4167 1462 4220 lundamenta
1492 4167 1646 4235 jecit.
2256 4151 2259 4155 ’

884 4258 1113 4313 Claudio
1138 4270 1354 4312 mortuo
1376 4259 1427 4311 in
1452 4258 1721 4311 Neronem
1751 4260 2039 4328 imperium
2071 4262 2388 4318 devolutum

815 4362 919 4405 est.
957 4351 1179 4405 Prad'uit
1234 4367 1405 4405 annos
1442 4350 1525 4405 Η.
1585 4351 1641 4404 ld
1692 4354 1952 4422 temporis
1986 4354 2171 4423 Simon
2203 4356 2390 4427 Magus

817 4443 1007 4496 multis
1040 4442 1299 4511 prodigiis
1330 4458 1391 4495 ac
1424 4442 1691 4511 portentis
1720 4446 1855 4498 artis
1888 4447 2109 4514 magica!
2136 4448 2213 4511 vi,
2253 4463 2387 4501 nec-

2493 3288 2646 3340 ρησε,
2698 3270 2793 3322 καὶ
2841 3267 3053 3330 Παῦλος
3097 3267 3412 3323 ἐπίστευσε,
3456 3262 3552 3313 καὶ
3589 3261 3768 3311 Φίλων
3811 3258 3907 3309 καὶ
3948 3255 4071 3309 ἰὡ-

2491 3379 2662 3431 σηπος
2689 3364 2737 3413 oi
2770 3360 2830 3424 ὲξ
2866 3358 3138 3429 Ἐὕραίων
3170 3356 3328 3425 σοφοὶ
3353 3354 3737 3422 ἐγνωρίζοντο.

2556 3628 2713 3682 Μετὰ.
2743 3628 2797 3678 δὲ
2838 3627 2998 3679 Γάϊον
3034 3625 3354 3676 ὲὸασίλευσε
3390 3620 3656 3681 Κλαύδιος
3704 3620 3798 3689 ἔτη
3857 3620 3947 3684 ιγ’,
3984 3618 4076 3686 ἐφ’

2488 3712 2548 3771 οἶδ
2578 3718 2671 3770 καὶ
2702 3718 2926 3785 Μάρκος
2948 3718 2977 3767 ό
3008 3713 3403 3782 εὐαγγελιστὴς
3452 3715 3509 3764 ἐν
3549 3712 3815 3779 Αἰγύπτῳ
3852 3709 4076 3779 πρῶτος

2502 3809 2835 3877 Ἐκκλησίαν
2875 3806 3188 3876 πηξάμενος
3222 3804 3390 3857 πολλὰ
3427 3804 3772 3872 μοναστήρια
3807 3803 4075 3869 συνεστή-

2493 3919 2644 3965 σατο,
2682 3902 2827 3969 άπερ
2860 3902 3085 3967 σεμνεία
3124 3899 3243 3950 τότε
3301 3896 3853 3970 προσηγορεύθησαν,
3888 3895 3983 3945 καὶ
4014 3894 4077 3945 τδ

2492 3992 2644 4060 ἅγιον
2678 3992 3005 4059 Εὐαγγέλιον
3042 3990 3438 4061 συνεγράψατο,
3460 3990 3556 4042 καὶ
3580 3988 3666 4041 ἐπ’
3692 3990 3859 4056 αὐτῆς
3892 3986 4076 4052 Ἀλεξ-

2494 4084 2746 4153 ανδρείας
2806 4080 3134 4151 Ἐκκλησίαν
3184 4079 3400 4149 πρῶτον
3432 4080 3821 4148 συνεστήσατο.

2566 4259 2722 4314 Μετά
2748 4259 2805 4311 δὲ
2840 4257 3108 4312 Κλαύδιον
3143 4257 3463 4310 ἐϐασίλευσε
3491 4256 3682 4324 Νέρων
3714 4257 3738 4305 ο
3765 4253 3876 4315 υίὸς
3906 4252 4075 4305 αὐτοῦ

2495 4356 2590 4423 ἐτη
2617 4354 2697 4417 ιδ’,
2729 4353 2812 4419 ἐφ’
2836 4346 2895 4405 οὗ
2921 4352 3103 4420 Σίμων
3127 4350 3154 4401 ὁ
3180 4349 3368 4417 Μάγος
3390 4348 3479 4400 διὰ
3503 4347 3755 4416 γοητείας
3792 4347 3848 4396 ἐν
3886 4346 4076 4413 Ῥώμῃ

2498 4446 2668 4498 πολλά
2708 4446 2912 4513 σημεῖα
2955 4442 3052 4497 καὶ
3104 4439 3407 4508 φαντασίας
3446 4437 3711 4490 ἐπιτελῶν
3751 4438 3845 4488 καὶ
3879 4435 4077 4487 ἑαυτὸν

818 4549 926 4587 non
964 4534 1255 4603 praestigiis
1290 4534 1651 4603 l‘allaciiisqne
1684 4535 1870 4599 editis,
1925 4536 2013 4591 dei
2051 4554 2252 4593 nomen
2282 4540 2389 4597 sibi
2425 4528 2511 4587 Di

2387 4587 2389 4595 ,
2425 4528 2473 4585 Ῑ)
2499 4536 2622 4588 θεον
2665 4533 2975 4603 ὀνομάζων.
3012 4532 3121 4585 Καί
3153 4547 3285 4583 ποτε
3323 4529 3597 4597 μεσούσης
3638 4528 3851 4596 ἡμέρας
3884 4526 4080 4595 προελ-

815 4625 1215 4678 ιὶηιίἱοονοηιι.
1269 4622 1369 4679 Hic
1420 4625 1714 4695 aliquando
1756 4626 1987 4680 meridie
2022 4628 2078 4681 in
2112 4629 2391 4683 theatrum

816 4734 1145 4787 progressus
1204 4732 1323 4770 sese
1372 4732 1471 4785 per
1531 4732 1715 4771 aerem
1768 4718 2080 4771 volaturum
2116 4721 2391 4789 promisit.

817 4810 956 4864 Dum
991 4810 1232 4863 volatum
1264 4808 1522 4871 intendit,
1550 4808 1751 4862 Petrus
1782 4811 2043 4878 precibus
2068 4810 2262 4865 elIusis
2292 4812 2393 4865 de—

817 4902 1050 4969 ﬁxisque
1095 4901 1271 4954 oculis
1313 4900 1366 4952 in
1402 4914 1529 4953 eum
1567 4918 1579 4951 :
1628 4898 1834 4963 Simon,
1882 4901 1986 4965 ait,
2034 4904 2079 4955 si
2128 4903 2395 4970 apostolus

816 4992 939 5045 Jesu
974 4991 1171 5045 Christi
1200 5007 1293 5059 ego
1322 5007 1440 5042 sum
1464 4998 1512 5041 et
1539 5006 1642 5042 non
1683 4988 1905 5058 planus,
1951 4992 2396 5061 quemadmodum

821 5093 877 5136 tu
905 5083 1087 5137 Simon
1110 5100 1184 5141 es.
1214 5082 1391 5151 pravis
1417 5080 1950 5151 dwmonibusimpcro
1980 5082 2057 5134 uti
2096 5085 2310 5136 missum
2350 5093 2398 5136 te

822 5177 1025 5243 faciant
1051 5191 1143 5226 nec
1188 5174 1331 5226 ultra
1379 5182 1611 5226 teneant.
1643 5173 1739 5226 Vix
1771 5172 1887 5227 bare
1917 5174 2130 5228 dixerat
2180 5175 2394 5238 Petrus,

822 5278 878 5322 et
910 5270 999 5322 ille
1030 5283 1154 5322 eum
1192 5268 1396 5335 ingenti
1428 5266 1667 5334 strepitu
1701 5266 1755 5319 in
1790 5276 1991 5319 terram
2028 5267 2244 5321 delatus
2288 5269 2399 5338 28

822 5359 1123 5413 confractis
1168 5358 1434 5411 membris
1477 5357 1713 5411 interiit.
1761 5355 2001 5411 Simonis
2049 5359 2253 5412 caedem
2308 5359 2399 5412 ubi

824 5451 1049 5507 rescivit
1066 5450 1207 5504 Nero
1225 5464 1253 5502 a
1273 5450 1435 5504 Petro
1458 5458 1893 5518 patratam,atgre
1913 5450 2094 5503 ferens
2114 5458 2402 5505 contume-

827 5541 982 5603 liam.
1015 5542 1069 5595 in
1103 5556 1321 5596 crucem
1368 5541 1451 5611 agi
1496 5541 1715 5595 Petrum
1753 5541 1934 5609 jussit.
1971 5542 2164 5595 Petrus
2207 5541 2401 5610 praefe-

829 5645 977 5689 ctum
990 5635 1318 5703 deprecatus
1336 5649 1401 5687 ne
1423 5643 1605 5687 rectus
1625 5632 1773 5687 cruci
1800 5630 2110 5700 adigeretur
2125 5632 2400 5694 obtinuit;

830 5727 980 5785 illius
1007 5728 1208 5796 quippe
1227 5726 1407 5797 jussu,
1431 5738 1491 5779 ut
1512 5726 1628 5795 ipse
1663 5740 1763 5795 pro
1786 5740 1883 5780 sua
1919 5724 2229 5779 humilitate
2247 5734 2401 5793 opta-

829 5829 1005 5885 verat,
1034 5821 1181 5875 cruci
1219 5819 1381 5874 datus
1418 5831 1521 5875 eSt.
1566 5820 1691 5874 Post
1717 5819 1938 5875 Petrum
1980 5819 2181 5873 Paulus
2224 5818 2403 5889 gladio

2497 4626 2608 4679 θὼν
2640 4628 2719 4689 είς
2749 4627 2809 4678 τὸ
2850 4626 3081 4695 θέατρον
3114 4621 3483 4693 ἐπηγγείλατο
3521 4621 3589 4673 δι’
3620 4619 3782 4687 ἀέρος
3832 4620 4078 4670 ἀναπτά-

2500 4718 2643 4770 σθαι.
2692 4714 2768 4771 Οῦ
2818 4717 3113 4785 γενομένου
3167 4712 3609 4784 προσευξάμενος
3648 4713 3676 4763 ὁ
3732 4711 3941 4779 Πέτρος
3979 4713 4078 4762 καί

2498 4810 2749 4872 ἀτενίσας
2789 4804 2909 4860 εἷπε
2958 4807 3034 4876 τῷ
3079 4806 3323 4875 Σίμωνι·
3374 4807 3441 4857 Εἰ
3487 4803 3836 4866 ἀπόστολος
3880 4802 4078 4868 Ἰησοῦ

2498 4901 2756 4968 Χριστοῦ
2804 4902 2920 4969 ειμι
2969 4898 3083 4965 ἐγὼ
3124 4899 3226 4951 καί
3270 4898 3407 4964 οὐχί
3448 4897 3701 4960 πλάνος,
3758 4894 3963 4960 ἇσπερ
3994 4895 4079 4946 σὺ

2498 4995 2724 5061 Σίμων.
2780 4990 3152 5059 προστάσσω
3213 4988 3343 5053 ταῖς
3401 4988 3693 5054 πονηραῖς
3742 4986 4079 5053 δυνάμεσι.-

2500 5083 2743 5151 ἀφεῖναί
2782 5098 2856 5135 σε
2901 5080 3009 5149 τῆς
3057 5081 3427 5148 κρατήσεως.
3461 5079 3570 5131 Καὶ
3603 5078 3772 5130 ταῦτα
3826 5079 4080 5139 εἰπόντος

2502 5176 2595 5228 τοῦ
2646 5174 2947 5228 ἀποστόλου
3000 5171 3342 5241 παραχρῆμα
3391 5168 3701 5238 κατηνέχθη
3754 5168 3893 5235 μετά
3941 5170 4078 5237 ἧχου

2503 5266 2701 5320 πολλοῦ
2753 5269 2845 5319 καὶ
2890 5266 3199 5335 συνετρίϐη.
3246 5265 3303 5315 Ὀ
3338 5263 3393 5313 δὲ
3432 5262 3643 5331 Νέρων,
3702 5262 3946 5321 ἀκούσας
3997 5262 4079 5312 ὅτι

2504 5359 2832 5425 πεφόνευται
2882 5359 3062 5426 Σίμων
3109 5356 3214 5409 ὑπὸ
3266 5356 3475 5423 Πέτρου
3513 5356 3606 5405 καὶ
3664 5354 4082 5420 ἀγανακτήσας,

2504 5452 2793 5503 ἰκέλευσεν
2837 5450 3000 5501 αὑτὸν
3055 5447 3461 5517 σταυρωθῆναι.
3500 5447 3559 5499 Ὀ
3592 5447 3648 5499 δὲ
3687 5444 4083 5515 παρακαλέσας

2504 5543 2594 5595 τὸν
2622 5542 2863 5612 ἔπαρχον
2892 5542 2978 5594 ἵνα
3007 5541 3080 5610 μὴ
3109 5540 3291 5610 ὄρθιος
3316 5540 3627 5608 σταυρωθῇ,
3659 5538 3799 5588 κατά
3830 5535 4083 5588 κέλευσιν

2505 5633 2823 5703 ἐσταυρώθη
2878 5632 3063 5694 καθὼς
3103 5631 3333 5701 ἠξίωσεν
3386 5632 3449 5683 ἐκ
3502 5630 3703 5698 πολλῆς
3755 5644 4085 5699 μετριοερρο-

2509 5728 2695 5797 σύνης.
2737 5727 2889 5780 Μετὰ
2943 5726 2999 5778 όε
3035 5726 3221 5803 schap
3261 5725 3353 5778 καὶ
3392 5722 3602 5786 Παῦλος
3636 5722 3726 5774 τὸν
3771 5720 3858 5772 διὰ
3893 5720 4081 5788 ξίφους

2508 5819 2597 5871 τοῦ
2628 5819 2929 5890 μαρτυρίου
2967 5817 3229 5884 στέφανον
3256 5816 3415 5884 aveat;
3431 5832 3578 5869 σατο.
3624 5815 3683 5867 ’0
3713 5813 3768 5867 δέ
3802 5828 3863 5880 γε
3892 5811 4082 5880 Νέρων
