4288 6364
769 369 871 433 251

2288 367 2555 430 JOELIS

3936 364 4050 429 25-2

771 482 889 537 Sub
911 497 980 537 eo
1003 481 1238 552 Symeon
1262 478 1442 548 Clopa‘.
1474 478 1621 533 illius
1647 486 1701 533 et
1733 478 1976 548 lgnatius
1993 487 2361 548 cognomento
2389 479 2428 534 A

2389 479 2434 535 Α
2463 477 2557 529 καὶ
2611 474 2874 543 Ἰγνάτιος
2922 474 2952 528 6
2997 472 3270 543 Θεοφόρος
3313 472 3727 544 ἐμαρτύρησαν,
3763 476 3859 530 καὶ
3885 475 4052 532 Bact-

773 571 1141 640 TheOpborus
1173 570 1433 639 martyrio
1450 568 1617 622 vitam
1639 582 1900 636 posuere.
1930 568 2215 630 Basilides,
2243 566 2351 621 Ce-

773 661 1015 724 rinthus,
1032 659 1314 718 Nicolaus,
1335 656 1646 720 Ebionaeus,
1666 655 2044 711 Itmresiarchze
2073 666 2129 711 et
2146 657 2351 711 verita-

774 754 842 805 tis
871 752 1058 804 hostes
1084 751 1367 805 vivebant.

843 843 1083 912 Traiano
1114 844 1168 896 in
1201 843 1438 912 imperio
1472 845 1741 898 successit
1772 844 2048 899 Adrianus
2073 883 2090 909 ,
2144 844 2237 913 qui
2296 851 2356 897 et

770 932 952 987 Ailius
977 973 990 995 ,
1031 934 1427 1001 imperavitquc
1458 947 1634 987 annos
1654 934 1847 1004 viginti
1881 942 2157 1003 quatuor.
2194 933 2353 1001 Aqua

772 1026 1045 1079 intercute
1073 1028 1380 1080 exstinctus
1409 1036 1515 1080 est.
1555 1026 1843 1095 Templum
1868 1026 2051 1097 Cyzici
2078 1028 2355 1081 exstruxit

772 1128 828 1169 et
861 1115 1053 1169 urbem
1093 1117 1145 1169 in
1183 1116 1413 1170 Thracia
1446 1117 1885 1185 Adrianopolim.
1912 1119 2028 1173 Sub
2054 1134 2122 1173 eo
2147 1118 2351 1182 Cerdo,

772 1207 1113 1270 Valentinus,
1143 1208 1366 1272 Marcio,
1392 1208 1701 1272 Montanus,
1753 1210 2100 1274 Saturninus,
2151 1211 2356 1279 Carpo—

771 1310 949 1353 crates
988 1299 1365 1353 lneresiarelta:
1395 1311 1451 1353 et
1482 1300 1677 1368 Aquila
1710 1301 1984 1355 vivebant.

845 1478 1136 1531 Exstincto
1168 1477 1410 1532 Adriano
1436 1478 1502 1532 ad
1535 1479 1879 1533 Antoninum
1916 1480 2210 1549 itnperium
2253 1480 2352 1534 de-

767 1570 1019 1623 volutum
1054 1577 1159 1629 est,
1188 1568 1335 1637 quod
1384 1571 1527 1623 rexit
1569 1585 1748 1623 annos
1798 1571 1992 1639 viginti
2034 1572 2191 1624 duos.
2221 1572 2353 1642 Ejus

770 1660 1003 1727 imperio
1033 1660 1364 1729 Polycarpus
1390 1660 1619 1715 Joannis
1638 1663 1990 1733 evangelista:
2020 1664 2349 1733 discipulus,

768 1752 1020 1805 Justinus
1044 1750 1410 1819 philosophus
1435 1761 1490 1804 et
1515 1753 1812 1823 Dionysius
1838 1755 2134 1825 episcopus
2156 1757 2353 1810 Corin-

771 1843 848 1895 tlti
897 1851 1129 1896 mortem
1165 1856 1265 1910 pro
1299 1842 1519 1897 Christo
1542 1844 1755 1898 obiere.
1795 1846 1950 1899 Tune
1980 1863 2201 1916 quoque
2244 1848 2351 1902 Ta-
2382 1829 2428 1888 Β

770 1937 960 1988 tianus
992 1943 1048 1987 et
1085 1932 1429 1988 Bardesanes
1458 1935 1863 2000 bzeresiarclne.
1911 1948 1970 1992 et
2016 1940 2263 1995 Priscilla
2298 1951 2355 1996 et

770 2028 1066 2081 Maximilla
1092 2042 1159 2080 ex
1185 2024 1657 2098 Catapltrygarum
1676 2041 1825 2086 secta
1846 2031 2080 2087 fatidica.-
2106 2033 2354 2089 celebres

770 2119 1139 2173 habebantur.

838 2212 1117 2267 Antonino
1131 2214 1398 2269 succeSsit
1420 2215 1632 2268 Marcus
1658 2215 1802 2268 tilius
1827 2232 1839 2268 :
1866 2216 2156 2284 imperium
2180 2218 2356 2272 tenuit

767 2323 942 2360 annos
974 2308 1251 2361 undecim.
1290 2307 1404 2361 Sub
1433 2325 1498 2361 eo
1528 2308 1668 2377 ignis
1696 2310 1836 2362 coelo
1862 2311 1931 2363 ab
1947 2326 2144 2364 occasu
2174 2313 2239 2365 aJ
2265 2328 2355 2366 or-

771 2408 885 2451 ttttn
919 2398 1077 2467 longe
1104 2399 1323 2466 lateque
1352 2400 1535 2468 vagari
1570 2400 1722 2454 visus
1752 2409 1857 2455 est.

842 2489 943 2557 31
990 2490 1119 2543 l‘ost
1154 2492 1394 2544 Marcum
1435 2491 1729 2557 imperium
1781 2492 2194 2546 administravit
2243 2494 2354 2549 Sc-

773 2596 940 2635 verus
966 2580 1112 2635 ﬁlius
1138 2596 1314 2635 annos
1348 2592 1503 2646 octo;
1539 2588 1595 2634 ct
1626 2582 1679 2635 in
1708 2582 2046 2639 Prteconeso
2081 2594 2355 2640 mactatus

768 2673 1001 2726 interiit:

844 2765 974 2817 Post
1033 2764 1302 2819 Severum
1364 2776 1560 2835 regnat
1606 2766 1945 2821 Commodus
1976 2767 2148 2820 frater
2179 2782 2354 2823 annos

768 2856 1082 2909 duodecim.
1116 2857 1215 2909 llic
1262 2858 1547 2926 sanguinis
1582 2859 1819 2927 bilisqne
1889 2858 2215 2912 excretione
2269 2875 2355 2913 rc-

770 2949 997 3016 pentine
1043 2949 1270 3001 occidit.
1304 2949 1421 3003 Sub
1455 2951 1507 3003 id
1542 2952 1807 3020 temporis
1852 2950 2197 3010 Theodotus.
2256 2952 2353 3019 qui

769 3040 984 3108 primus
1034 3040 1188 3093 Pauli
1246 3040 1588 3095 Samosateni
1641 3052 1698 3096 et
1749 3043 1991 3097 Nestorii
2065 3044 2353 3098 erroribus

767 3132 977 3185 semina
1013 3131 1186 3196 dedit,
1224 3143 1280 3187 et
1314 3133 1624 3188 Tlxcodotio
1666 3135 2168 3204 cognoscebantur.

840 3307 970 3360 Post
988 3306 1352 3362 Commodum
1379 3308 1637 3364 Pertinax
1653 3312 2025 3366 mensesduos
2042 3310 2351 3380 imperavit:

769 3412 801 3451 a
833 3398 1109 3452 militibus
1140 3399 1208 3452 ad
1241 3409 1475 3454 mortem
1505 3401 1669 3455 datus
1694 3411 1802 3456 est.

841 3489 972 3543 Post
1005 3490 1349 3545 Pertinacem
1387 3492 1679 3560 imperium
1716 3506 1979 3563 procurat
2009 3494 2225 3561 Didius,
2254 3498 2351 3567 qui

769 3591 826 3634 et
857 3581 1130 3644 Julianus,
1168 3599 1385 3637 menses
1430 3596 1692 3652 quatuor.
1743 3588 1785 3639 A
1810 3588 2178 3650 cubiculario,
2219 3592 2352 3644 dum

768 3690 890 3727 sese
942 3675 995 3728 in
1049 3676 1299 3730 Palatino
1359 3677 1508 3751 fonte
1553 3679 1788 3745 piscium
1839 3681 2036 3735 obtutu
2094 3693 2349 3747 recreat,

768 3765 1019 3820 (‘3‘.tilllll‘.
1396 3756 1515 3783 ⁷⁷⁸⁷

840 3859 967 3913 Post
987 3859 1202 3914 Didium
1224 3862 1512 3930 imperium
1535 3864 1748 3920 obtinet
1767 3866 2004 3925 Severus
2019 3887 2191 3926 annos
2206 3882 2359 3928 octo-

768 3950 1045 4005 decimEa
1059 3964 1378 4021 tempestate
1393 3954 1664 4010 Leonides
1680 3960 1969 4029 cpiscopus
1986 3973 2043 4015 et
2061 3974 2213 4032 pater
2230 3964 2357 4017 Ori-

767 4041 923 4108 genis
942 4042 1109 4095 vitam
1141 4059 1296 4095 suam
1337 4060 1434 4111 p'r
1462 4049 1781 4115 martyrium
1843 4052 2048 4117 posuit.
2102 4051 2356 4107 Clemens

769 4134 1133 4194 Stromateus,
1166 4132 1552 4203 Symmachus,
1584 4138 1850 4208 Origenes
1896 4140 2025 4194 item
2062 4141 2352 4197 ﬂorebant.

842 4224 970 4277 Post
1005 4226 1269 4277 Severum
1304 4227 1618 4281 Antoninus
1643 4242 1699 4282 et
1730 4228 1866 4284 Geta
1910 4234 2031 4301 ejus
2062 4232 2230 4287 frater
2258 4236 2358 4287 im—

769 4296 985 4382 perium
1034 4322 1225 4369 tenent
1274 4330 1493 4369 menses
1541 4315 1700 4371 duos.
1734 4319 2003 4373 Praeterea
2046 4322 2358 4377 Antoninus

769 4408 938 4458 l'ratre
975 4415 1212 4459 mactato
1248 4407 1395 4459 solus
1434 4408 1725 4475 imperium
1777 4410 2127 4466 administrat
2182 4430 2357 4469 annos

769 4515 886 4554 sua.
916 4500 960 4551 Α
992 4499 1230 4567 propriis
1253 4499 1554 4568 iugulatur.

841 4592 971 4644 Post
1017 4591 1353 4644 Antoninum
1408 4592 1722 4646 Antoninus
1766 4592 2081 4650 Caracallus
2118 4597 2349 4666 imperio

772 4681 996 4750 praal‘uit
1040 4697 1215 4736 annos
1242 4683 1434 4750 viginti
1471 4698 1585 4737 sex.
1614 4684 1671 4738 In
1702 4687 1902 4755 proelio
1928 4688 2219 4742 occiditur.
2235 4691 2350 4745 Sub

770 4791 839 4829 eo
870 4775 1114 4830 Galenus
1151 4777 1400 4831 medicus
1432 4777 1696 4832 innotuit.

842 4868 1121 4921 Antonino
1151 4870 1401 4923 succedit
1432 4871 1723 4937 Macrinus,
1748 4882 2051 4943 regnatque
2080 4890 2257 4932 annos
2282 4879 2347 4941 4;

773 4959 843 5012 ab
874 4959 1156 5013 Antonino
1187 4960 1439 5014 sublatus
1469 4970 1574 5016 est.

846 5052 954 5120 32
989 5051 1115 5105 l‘ost
1148 5052 1451 5106 Macrinum
1488 5053 1783 5121 imperium
1834 5056 2011 5109 tenuit
2038 5058 2351 5113 Antoninus

771 5145 965 5199 Galba.
994 5144 1340 5198 lnterimitttr
1370 5145 1439 5199 ab
1468 5145 1800 5200 Alexandro.

842 5237 973 5289 Post
1025 5236 1366 5289 Antoninum
1423 5237 1717 5307 imperavit
1768 5241 2079 5296 Alexander
2116 5240 2353 5295 Mamaea:

775 5326 923 5381 tifius
964 5343 1138 5381 annos
1191 5327 1457 5381 tredecim
1482 5369 1496 5391 ,
1536 5339 1593 5383 et
1641 5329 1859 5384 insidiis
1886 5331 2165 5384 Maximini
2197 5331 2353 5384 ducis

776 5422 1190 5475 circumventas
1219 5437 1342 5475 cum
1370 5420 1589 5475 Mamaea
1614 5435 1784 5478 matre
1803 5423 2038 5476 violenta
2069 5434 2243 5476 morte
2260 5437 2353 5475 oc-

779 5512 993 5564 cubuit.
1036 5511 1151 5565 Sub
1187 5527 1253 5565 eo
1281 5512 1575 5567 Narcissus
1600 5512 2102 5584 Hierosolymorum
2136 5513 2355 5582 cpisco»

780 5618 908 5671 pus,
941 5617 1065 5657 cum
1116 5604 1259 5656 inter
1297 5605 1687 5674 baptizandunt
1721 5606 1904 5658 oleum
1943 5606 2223 5658 unctionis
2255 5605 2351 5658 de-

776 5694 1022 5754 fecisset.
1054 5695 1217 5764 jussit
1249 5706 1308 5749 ut
1341 5712 1480 5765 aqua
1513 5697 1566 5751 in
1597 5713 1692 5751 vas
1724 5698 2107 5753 infunderetur
2136 5737 2149 5760 ,
2190 5713 2352 5764 quam

781 5784 1040 5853 precibus
1069 5787 1121 5841 in
1152 5789 1332 5844 oleum
1368 5790 1744 5845 commutavit.

2462 568 2611 637 λίδης
2658 568 2752 619 καὶ
2791 564 3069 635 Κήρινθος
3109 567 3207 618 καὶ
3259 565 3529 628 Νικόλαος
3576 566 3672 618 καὶ
3730 566 4050 634 Ἐϐιωυαῖος

2461 660 2508 710 οἱ
2570 658 2927 728 αίρεσιάρχαι
2985 659 3081 711 καὶ
3137 657 3322 729 ἐχθροὶ
3379 657 3479 728 τῆς
3542 657 3805 729 ἀληθείας
3871 661 4050 729 ἐγνω-

2467 748 2696 819 ρὶζοντο.

2530 842 2687 896 Μετά
2724 842 2781 895 δέ
2821 842 3095 912 Τραῖανδν
3126 842 3484 895 ἐϐασίλευσεν
3530 844 3809 912 Ἀδριανὸς
3850 844 3911 910 ὃς
3949 849 4051 901 καί

2461 934 2647 994 Αἴλιος
2692 934 2787 1003 ἐτη
2832 933 2930 998 κδ’,
2974 934 3074 987 καὶ
3123 934 3418 1002 ὑδεριάσας
3457 935 3748 989 ἀπέθανεν.
3782 939 3878 999 ’ος
3917 940 4050 993 ναὸν

2461 1026 2520 1077 ἐν
2571 1025 2801 1095 Κυζίκῳ
2835 1025 3029 1088 κτίσας
3059 1026 3156 1079 καὶ
3202 1026 3361 1079 πόλιν
3399 1026 3458 1077 ἐν
3485 1029 3551 1093 τῇ
3592 1026 3783 1100 Θρᾴκῃ
3828 1030 4051 1099 Ἀδρια-

2461 1115 2713 1168 νούπολιν
2739 1115 2911 1186 αὐτὴν
2937 1116 3410 1186 προσηγόρευσεν.
3456 1117 3573 1187 Ἐφ’
3602 1112 3664 1172 οὗ
3701 1120 3925 1190 Κέρδων
3950 1124 4051 1175 καὶ

2462 1207 2815 1271 Οὐαλεντῖνος
2840 1208 2935 1260 καὶ
2965 1209 3237 1276 Μαρκίων
3269 1211 3365 1261 καὶ
3400 1210 3682 1272 Μοντανὸς
3716 1215 3808 1264 καὶ
3842 1213 4050 1283 Σατορ-

2462 1303 2605 1362 νῖνος
2639 1302 2735 1354 καὶ
2771 1302 3182 1371 Καρποκράτης
3215 1304 3265 1355 oi
3292 1304 3647 1375 αίρεσιάρχαι
3673 1309 3768 1360 καὶ
3806 1307 4050 1371 Ἀκύλας

2462 1392 2847 1462 ἐγνωρίξοντο.

2530 1486 2685 1539 Μετὰ
2733 1486 2789 1538 δέ
2853 1487 3133 1554 Ἀδριανδν
3172 1488 3532 1543 ἐϐασίλευσεν
3577 1492 3898 1556 Ἀντωνῖνος
3937 1494 4035 1563 ἔτη

2460 1576 2567 1646 κβ’.
2608 1577 2725 1645 Ἐφ’
2757 1572 2818 1631 οὗ
2858 1579 3222 1646 Πολύκαρπος
3270 1582 3298 1632 6
3348 1582 3597 1651 μαθητὴς
3666 1585 3911 1637 Ἰωάννου
3942 1586 4040 1638 τοῦ

2459 1664 2877 1732 εὐαγγελιστοῦ,
2912 1668 3004 1718 καὶ
3044 1668 3335 1729 ’ἰούστίνος
3374 1671 3401 1720 6
3455 1669 3750 1738 φιλόσοφος
3797 1672 3891 1724 καὶ
3930 1674 4053 1724 Διο-

2459 1756 2638 1819 νύσιος
2688 1758 2990 1820 ἐπίσκοπος
3045 1757 3316 1824 Κορίνθου
3356 1760 3777 1829 ἐμαρτύρησαν,
3810 1764 3904 1813 καὶ
3935 1764 4052 1815 Τα-

2457 1846 2639 1908 τιανὸς
2657 1849 2751 1900 καὶ
2772 1848 3130 1917 Βαρδησάνης
3153 1851 3203 1900 οἱ
3231 1850 3604 1919 αίρεσιάρχαι,
3626 1854 3718 1904 καὶ
3738 1853 4049 1921 Πρισκίλλα

2457 1941 2552 1992 καὶ
2581 1939 2901 2009 Μαξιμίλλα
2926 1943 2982 1995 αἱ
3006 1941 3510 2011 ψευδοπροφήτιδες
3534 1944 3641 1996 τῶν
3665 1947 3807 1999 κατά
3826 1947 4051 2017 Φρύγας

2456 2034 2837 2104 ἐγνωρίζοντο.

2527 2212 2685 2265 Μετὰ
2715 2213 2772 2265 δέ
2818 2213 3135 2268 ’Δντωνῖνον
3165 2216 3489 2272 ἐϐασίλευσε
3528 2219 3759 2288 Μάρκος
3797 2222 3910 2285 υίὸς
3946 2224 4016 2277 αύ

2455 2305 2550 2357 τοῦ
2584 2304 2677 2375 ἐτη
2711 2304 2799 2360 ια’.
2846 2306 2962 2375 Ἐφ’
2985 2301 3046 2361 o6
3072 2308 3183 2373 πῦρ
3217 2310 3281 2361 ἐκ
3307 2309 3402 2362 τοῦ
3433 2312 3670 2380 ούρανοῦ
3695 2313 3806 2365 ἀπὸ
3821 2313 4050 2383 δυσμῶν

2456 2395 2544 2447 ἐπ’
2574 2396 2843 2460 ἀνατολὰς
2869 2399 3171 2467 φερόμενος
3199 2398 3381 2469 ὤφθη.

2526 2488 2685 2540 Μετὰ
2719 2489 2776 2541 δὲ
2829 2490 3056 2559 Μάρκον
3086 2491 3413 2545 ἐϐασίλευσε
3453 2494 3695 2565 Σεϐῆρος
3733 2496 3846 2559 υίὸς
3878 2497 4051 2550 αὐτοῦ
4119 2491 4125 2495 ’

2457 2579 2551 2647 ἐτη
2579 2587 2651 2651 η’,
2686 2582 2782 2633 καὶ
2808 2582 3023 2653 ἐσφάγη
3058 2584 3117 2635 ἐν
3151 2584 3532 2655 Προικονήσῳ.

2527 2756 2683 2808 Μετὰ
2728 2757 2784 2808 δέ
2816 2758 3060 2828 Σεϐῆρον
3114 2759 3440 2814 ἐϐασίλευσε
3477 2763 3731 2832 Κόμοδος
3758 2766 3786 2817 ὁ
3814 2765 4051 2830 ἁδελφὸς

2455 2846 2625 2900 αὑτοῦ
2654 2848 2748 2918 ἔτη
2782 2848 2868 2918 ιβ’,
2904 2854 2999 2902 καὶ
3028 2850 3135 2902 ὑπὸ
3162 2853 3459 2920 ἀναγωγῆς
3491 2854 3730 2922 αἵματος
3760 2856 3853 2908 καὶ
3880 2858 4049 2927 χολῆς

2456 2941 2648 3009 ἀθρόον
2710 2942 3002 2998 ἀπέθανεν.
3080 2944 3195 3011 Ἐφ’
3247 2937 3308 2996 οὗ
3364 2946 3459 2997 καὶ
3526 2946 3805 3010 Θεόδοτος,
3862 2952 3890 3001 6
3951 2952 4052 3002 καὶ

2459 3032 2678 3101 πρῶτος
2742 3036 2841 3101 τῆς
2914 3036 3057 3088 κατὰ
3119 3035 3333 3088 Παῦλον
3392 3037 3485 3089 τὸν
3561 3039 3886 3106 Σαμοσατέα
3951 3043 4051 3093 καὶ

2379 3164 2424 3224 C
2458 3122 2757 3193 Nzoréptov
2789 3125 2999 3196 πλάνης
3029 3127 3341 3198 ἀρξάμενος
3364 3167 3378 3192 ,
3418 3132 3514 3183 καὶ
3545 3130 3845 3183 Θεοδοτίων
3877 3133 4051 3197 ἐγνω-

2459 3216 2697 3284 ρίζοντο.

2576 3275 2659 3296 ν

2527 3304 2683 3357 bisti
2729 3304 2787 3358 δὲ
2815 3304 3058 3373 Κόμοδον
3083 3305 3404 3359 ἐϐασίλευσε
3437 3307 3711 3379 Περτίναξ
3745 3309 3920 3378 μῆνας
3978 3307 4049 3377 β’,

2456 3397 2549 3448 καὶ
2582 3398 2798 3465 ἐσφάγη
2827 3397 2934 3449 61:6
2961 3396 3068 3448 τῶν
3097 3399 3476 3468 στρατιωτῶν.

2528 3488 2686 3539 Μετὰ
2726 3487 2781 3539 δὲ
2833 3489 3147 3555 Περτίνακα
3186 3488 3507 3542 ἐϐασίλευσε
3545 3491 3732 3555 Δάδιος
3768 3496 3949 3562 μῆνας
3982 3493 4048 3557 δ’,

2454 3577 2514 3640 6;
2575 3580 2669 3630 καὶ
2724 3578 3014 3641 Ἰουλιανὸς
3069 3579 3332 3645 λέγεται,
3392 3582 3488 3633 καὶ
3536 3583 3748 3653 ἐσςάγη
3791 3585 3899 3637 61:6
3947 3588 4050 3638 τοῦ

2457 3668 2911 3737 κουϐικουλαρίου
2946 3670 3025 3732 είς
3056 3671 3156 3739 τὴν
3187 3671 3372 3742 πηγὴν
3400 3672 3494 3724 τοῦ
3525 3673 3791 3726 παλατίου
3819 3675 4050 3747 θεωρῶν

2458 3763 2588 3823 τοὺς
2625 3761 2841 3831 ἰχθύας.

2530 3855 2690 3910 Μετὰ
2715 3856 2771 3908 δὲ
2800 3854 2995 3908 Δὰδιον
3025 3852 3346 3908 ἐϐασίλευσε
3381 3855 3622 3925 Σεϐῆρος
3660 3857 3755 3927 ἐτη
3792 3864 3881 3928 ιη».
3927 3859 4050 3928 θεᾷ

2457 3944 2519 4005 οὗ
2571 3949 2841 4017 Λεωνίδης
2889 3950 2919 4001 6
2972 3950 3275 4011 ἐπίσκοπος
3326 3953 3423 4001 καὶ
3483 3948 3667 4017 πατὴρ
3729 3951 4047 4019 Ὠριγένους

2459 4039 2836 4110 ἐμαρτύρησε,
2884 4039 2980 4091 καὶ
3031 4037 3265 4107 Κλήμης
3292 4042 3320 4090 6
3350 4038 3719 4107 Στρωματεὺς
3748 4040 3844 4092 καὶ
3903 4042 4050 4111 Σύμ-

2463 4149 2633 4202 μαχος
2670 4134 2762 4184 καὶ
2803 4130 3088 4198 Ὠριγένης
3119 4130 3502 4198 ἐγνωρίξοντο.

2529 4223 2683 4277 Μετὰ
2735 4223 2791 4275 δὲ
2850 4221 3091 4291 Σεϐῆρον
3152 4220 3509 4272 ἐϐασίλευσεν
3580 4222 3893 4285 Ἀντωνίνος
3952 4225 4050 4275 καὶ

2459 4318 2629 4378 Γέτας
2657 4317 2686 4367 6
2718 4314 2949 4382 ἁδελφὸς
2983 4312 3153 4366 αὑτοῦ
3209 4314 3388 4381 μῆνας
3425 4312 3490 4383 β’.
3536 4315 3648 4367 Καὶ
3682 4315 3899 4381 σφάξας
3952 4316 4049 4367 τὸν

2458 4408 2689 4477 ἀδελφὸν
2725 4406 2899 4460 αὐτοῦ
2952 4405 3045 4457 καὶ
3105 4406 3459 4477 μοναρχήσας
3501 4407 3599 4475 ἐτη
3645 4413 3697 4459 ς’
3736 4408 4048 4477 ἀναιρεῖται

2387 4502 2431 4556 D
2462 4503 2567 4553 ὑπὸ
2605 4501 2707 4553 τῶν
2741 4499 2910 4553 ίὸίων.

2530 4593 2687 4645 Μετὰ
2730 4592 2787 4644 δὲ
2857 4592 3182 4643 Ἀντωνῖνον
3221 4588 3581 4642 ἐϐασίλευσεν
3633 4589 3958 4652 ’Λντωνίνος
4019 4595 4048 4645 6

2454 4684 2784 4753 Καράκαλος
2831 4684 2930 4752 ἐτη
2970 4686 3084 4748 κς“,
3118 4686 3215 4737 καὶ
3266 4685 3484 4755 ἐσφάγη
3522 4688 3580 4737 ιν
3631 4684 3878 4752 πολέμῳ.
3926 4685 4047 4752 Ὲφ.

2454 4769 2515 4828 οὗ
2539 4774 2605 4846 ἦν
2629 4776 2867 4845 Γαληνὸς
2893 4781 2921 4828 6
2956 4778 3159 4845 ἰατρός.

2526 4853 2680 4919 Μὲτὰ
2718 4866 2776 4917 δὲ
2825 4867 3142 4917 Ἀντωνίνον
3180 4865 3499 4917 ἐϐασίλευσε
3532 4865 3813 4934 Μακρῖνος
3853 4864 3948 4934 ἐτη
3979 4865 4042 4929 δ’,

2455 4958 2553 5010 καὶ
2587 4957 2801 5025 ἐσφάγη
2836 4957 2941 5007 ὑπὸ
2980 4958 3324 5009 Ἀντιονίνου.

2527 5050 2683 5103 Μετὰ
2739 5049 2796 5100 δέ
2856 5050 3137 5118 Μακρῖνον
3195 5048 3555 5100 ἐϐασίλευσεν
3632 5049 3949 5110 ’Δντωνῖνος
4016 5051 4044 5100 6

2455 5139 2691 5203 Γάλϐας,
2724 5140 2819 5191 καὶ
2846 5139 3060 5207 ἐσφάγη
3092 5138 3197 5189 ὑπὸ
3242 5138 3617 5206 Ἀλεξάνδρου.

2527 5231 2682 5284 Μετὰ
2722 5230 2779 5282 δὲ
2845 5232 3163 5282 Ἀντωνίνον
3203 5230 3561 5284 ἐϐασίλευσεν
3614 5231 3965 5300 Ἀλέξανδρος
4016 5235 4044 5283 ὁ

2456 5325 2720 5391 Μαμαίας
2753 5322 2848 5391 ἐτη
2882 5329 2972 5391 ιγ’.
3014 5325 3111 5376 καὶ
3166 5324 3381 5392 ἐσφάγη
3418 5326 3519 5376 σὺν
3550 5326 3616 5393 τῇ
3654 5325 3825 5393 μητρὶ
3872 5325 4041 5376 αὑτοῦ

2457 5416 2691 5484 Μαμαία
2738 5413 2797 5478 ἐξ
2846 5413 3138 5482 ἐπιϐουλῆς
3189 5413 3499 5482 Μαξιμίνου
3534 5413 3870 5484 στρατηγοῦ.
3922 5416 4045 5485 Ἐφ’

2456 5505 2517 5563 οὗ
2570 5509 2882 5576 Νάρκισσος
2934 5508 3240 5568 ἐπίσκοπος
3286 5506 3680 5577 Ἰεροσολύμων
3715 5508 3773 5557 ἐν
3819 5506 3895 5574 τῷ
3943 5507 4044 5572 βα-

2459 5599 2692 5664 πτίζειν,
2738 5600 2924 5652 ἐλαίου
2954 5597 3048 5650 τοῦ
3081 5599 3387 5667 χρίσματος
3416 5598 3718 5663 λείψαντος,
3747 5598 4042 5649 ἐκέλευσεν

2462 5694 2605 5763 ὕδωρ
2647 5695 2704 5745 ἐν
2734 5692 2812 5761 τῷ
2851 5692 3088 5761 κρατῆρι
3130 5690 3417 5761 βληθῆναι,
3447 5694 3539 5745 καὶ
3598 5690 4040 5761 προτευξὰμεντις

2461 5790 2537 5850 εἰς
2570 5786 2748 5842 ἔλαιον
2779 5784 2935 5839 τοῦτο
2970 5783 3255 5853 μετέϐαλε.
