4288 6364
740 420 846 482 εἷιὸ

2217 415 2484 482 JOELIS

3903 424 4018 492 256

739 533 1026 589 tzhristum
1077 529 1370 589 Dominum
1425 529 1702 589 hominem
1754 511 1939 590 nobis
1973 531 2211 590 similem
2264 531 2432 593 ειΑ·

2321 573 2322 586 χ
2350 531 2394 593 Α
2423 532 2533 588 τῶν
2558 531 2683 590 καθ’
2715 534 2867 608 ἡμᾶς
2908 535 3108 592 κοινῶν
3135 535 3402 592 ἀπεκάλει
3433 534 3528 593 τὸν
3559 535 3844 611 Δεσπότην
3866 537 4014 612 Χρι-

743 625 1046 697 vulgarem.
1083 631 1135 680 et
1171 636 1461 696 progressu
1503 633 1718 682 tantum
1753 624 1986 698 gratiam
2031 623 2124 681 Del
2160 639 2321 680 rece-

743 716 890 789 pjsse
917 715 1148 786 Ideoque
1179 715 1338 770 deum
1365 723 1715 781 vocatum,et
1741 729 1807 772 ex
1851 716 2200 786 baptismate,
2220 728 2326 787 quo

746 808 799 863 lu
827 805 1066 863 Jordane
1096 804 1322 862 ablutus
1357 816 1442 862 est
1465 847 1479 872 ,
1528 806 1770 877 Spiritus
1800 808 1974 863 sancti
2005 806 2326 862 muneribus

744 899 1063 967 dignatum;
1121 895 1371 950 divinum
1432 904 1616 950 autem
1665 895 1906 952 Verbum
1944 905 2168 966 propter
2221 894 2324 949 im-

746 1004 989 1044 mensam
1023 988 1174 1044 illius
1207 989 1469 1044 virtutem
1526 990 1580 1044 in
1635 1005 1702 1044 eo
1757 989 2084 1056 habitasse,
2138 988 2329 1058 illique

744 1080 1092 1148 dignitatem,
1121 1082 1489 1147 divinitatem,
1527 1096 1591 1136 ac
1639 1083 2056 1136 venerationem
2108 1081 2328 1136 tandem

746 1183 872 1244 post
929 1176 1471 1227 consummationem
1523 1173 1959 1229 communicasse
2028 1173 2328 1228 fatebatur.

750 1264 877 1320 Post
911 1264 1057 1318 hunc
1095 1263 1385 1319 Nestorius
1435 1279 1464 1318 e
1519 1264 1880 1319 Germaniciaa
1913 1265 2082 1335 Syriae
2130 1265 2333 1319 throno

754 1353 1046 1423 Cpolitano
1110 1355 1324 1418 invaso,
1379 1356 1619 1424 majores
1660 1370 1792 1410 suos
1841 1365 2067 1410 secutus
2101 1355 2332 1425 (Cilicis

750 1446 955 1516 quippe
981 1445 1148 1511 filius,
1176 1445 1242 1500 Sa
1256 1446 1521 1500 rnosateni
1557 1461 1731 1516 nepos
1752 1445 1893 1512 erat)
1921 1445 2329 1501 sanctissimam

751 1546 997 1591 nostram
1018 1537 1300 1591 Dominam
1323 1537 1612 1606 Deiparam
1634 1552 1832 1596 vocare
1855 1541 2146 1602 renuebat.
2170 1538 2332 1610 quasi

750 1629 898 1684 alius
927 1637 1077 1685 esset
1111 1629 1367 1684 Christus
1396 1640 1454 1686 et
1480 1631 1631 1686 aliud
1662 1631 1913 1687 divinum
1955 1631 2234 1696 Verbum,
2271 1640 2334 1687 ut

754 1722 871 1791 ipse
911 1721 1146 1791 patrium
1173 1730 1228 1775 et
1251 1725 1458 1776 avitum
1481 1737 1724 1777 errorem
1758 1731 1981 1777 secutus
2005 1720 2329 1777 affirmabat.

754 1813 1024 1867 Prmtcre'a
1078 1813 1378 1883 Eutyches,
1435 1815 1528 1882 qui
1588 1822 1716 1883 post
1774 1815 2032 1868 unionem
2086 1815 2225 1868 duas
2276 1815 2329 1868 in

2431 622 2578 692 στὸν,
2638 621 2735 679 καὶ
2784 624 2847 680 ἐκ
2883 626 3170 699 προκοπῆς
3201 625 3436 683 λαϐόντα
3467 627 3561 683 καὶ
3586 626 3731 684 κατὰ
3760 628 3918 702 χάριν
3951 632 4016 687 sb

2429 713 2551 770 θεὸν
2591 715 2756 771 αὐτὸν
2785 717 3178 787 ὀνομάζεσθαι,
3210 719 3306 774 καὶ
3336 719 3400 774 ἐκ
3431 717 3528 774 τοῦ
3561 719 3620 776 ἐν
3652 720 3728 793 τῷ
3769 721 4016 796 Ἰορδάνῃ

2430 806 2660 879 ποταμῷ
2721 807 3100 881 βαπτίσματος
3165 807 3466 876 ἀξιωθέντα
3531 812 3629 883 τῆς
3698 811 3793 867 τοῦ
3853 812 4020 882 ἁγίου

2432 896 2754 967 Πνιύματυς
2805 899 3053 969 χάριτος,
3096 900 3171 963 ὡς
3209 900 3372 972 δῆθεν
3403 902 3495 956 τὸν
3525 903 3661 957 Θεὸν
3699 905 3873 972 Λόγον
3925 905 4020 959 διὰ

2428 990 2529 1062 τὴν
2592 991 3045 1062 ὑπερϐάλλουσαν
3112 996 3317 1064 ἀρετὴν
3383 995 3534 1064 αὖτῷ
3606 999 4016 1068 κατοικήσαντα

2433 1082 2758 1151 μεταδοῦναι
2809 1086 2910 1155 τῆς
2957 1085 3148 1155 θεῖκῆς
3199 1089 3358 1154 ἀξίας
3387 1088 3537 1157 αὐτῷ
3570 1089 3660 1141 καὶ
3705 1090 4027 1158 προσκυνή-

2434 1189 2570 1236 σεως
2595 1176 2650 1237 ἐς
2683 1174 2911 1247 ὕστερον
2940 1179 3080 1245 μετὰ
3108 1179 3208 1246 τὴν
3237 1178 3539 1231 τελείωσιν.
3569 1179 3727 1232 Μετὰ
3751 1179 3807 1231 δὲ
3835 1178 4030 1233 τοῦτον

2432 1264 2754 1332 Νεστόριος,
2779 1268 2887 1322 ἀπὸ
2908 1268 3314 1338 Γερμανικείας
3342 1271 3441 1338 τῆς
3470 1271 3670 1340 Συρίας
3703 1269 3796 1323 τοῦ
3826 1270 4026 1340 θρόνου

2433 1361 3062 1423 Κωνσταντινουπόλεως
3103 1361 3463 1432 δραξάμενος,
3529 1363 3612 1428 ὃς,
3673 1366 3787 1426 τοῖς
3852 1362 4024 1416 αὑτοῦ

2436 1449 2725 1517 προγόνοις
2759 1451 3028 1520 ἑπόμενος
3067 1452 3118 1522 (υ
3133 1453 3211 1515 ίὸς
3244 1454 3353 1524 γὰρ
3382 1448 3450 1522 ἦν
3478 1452 3572 1507 τοῦ
3603 1452 3849 1517 Κίλικος,
3889 1453 4033 1507 ἁπό-

2434 1555 2589 1608 γονος
2648 1541 2704 1594 δέ
2768 1540 2866 1595 τοῦ
2909 1543 3338 1613 Σαμοσατίως),
3394 1545 3694 1613 ἀπηρνεῖτο
3753 1545 4029 1597 Θεοτὸκον

2432 1628 2616 1693 λέγειν
2648 1630 2748 1702 τὴν
2793 1633 3101 1700 ὑπεραγίαν
3139 1634 3299 1703 ήμῶν
3339 1635 3663 1697 Δέσποιναν,
3729 1635 3805 1698 ὡς
3863 1633 4032 1688 ἄλλον

2441 1721 2539 1790 μὲν
2582 1716 2724 1776 εἶναι
2775 1723 2865 1777 τὸν
2906 1724 3169 1794 Χριστὸν,
3222 1721 3384 1780 ἄλλον
3430 1724 3486 1778 δέ
3531 1727 3624 1777 τὸν
3674 1724 3808 1777 Θεὸν
3852 1725 4034 1790 Λογον

2441 1816 2582 1867 κατὰ
2612 1814 2712 1884 τὴν
2742 1817 3016 1885 πατρικὴν
3055 1816 3222 1870 αὑτοῦ
3250 1815 3462 1885 πλάνην
3489 1816 3856 1883 δογματίζων.
3889 1811 4031 1868 Εἶτα

755 1904 972 1958 Christo
1003 1913 1226 1958 naturas
1260 1907 1578 1960 conserVari
1613 1907 1865 1977 negabat.
1912 1907 2153 1961 Severus
2204 1907 2334 1960 item
2368 1917 2410 1972 Β
2439 1904 2448 1956 l

2368 1917 2410 1972 Β
2439 1903 2706 1972 Εὐτυχὴς,
2739 1905 2798 1965 ὃς
2839 1907 3142 1975 ἀπηρνεῖτο
3168 1907 3350 1974 λέγειν
3382 1906 3654 1970 σώζεσθαι
3685 1908 3743 1957 ἐν
3757 1905 3858 1974 Ἦτῷ
3887 1906 4029 1973 Χρι-

759 1997 948 2050 nescio
1001 1999 1147 2066 quis,
1196 1997 1292 2066 qui
1341 1997 1596 2051 Antiochi
1632 1998 1891 2052 thronum
1919 2000 2247 2069 occupavit,
2285 2007 2342 2052 et

757 2088 876 2142 alii.

833 2264 1106 2334 351³031
1161 2265 1516 2318 Aurelianum
1578 2265 1872 2335 imperium
1933 2268 2344 2323 administravit

765 2359 988 2413 Tacitus
1037 2338 1256 2413 menses
1301 2375 1417 2414 sex.
1459 2359 1542 2412 Ab
1599 2359 1796 2413 amicas
1842 2360 2127 2416 Aureliani
2177 2363 2346 2417 inter-

767 2460 778 2505 t
804 2453 972 2506 citur.

839 2547 969 2599 Post
999 2544 1250 2598 Tacitum
1276 2544 1568 2600 Fiorianus
1613 2562 1832 2602 menses
1866 2547 2028 2601 duos.
2065 2546 2347 2603 Occiditur

768 2659 794 2691 a
831 2640 1031 2694 Probo.

843 2734 969 2786 Post
1032 2733 1348 2788 Florianum
1407 2733 1621 2789 Probus
1649 2747 1825 2788 annos
1853 2747 1965 2788 sex.
2000 2731 2289 2788 Occiditur
2316 2748 2346 2786 a

770 2826 936 2880 Caro.

844 2916 974 2970 Post
1017 2917 1256 2973 Probum
1313 2919 1488 2974 Carus
1537 2933 1744 2972 annum
1809 2933 2004 2972 unum.
2063 2918 2348 2989 Jugulatur

772 3024 802 3060 a
833 3007 1062 3064 Carino.

849 3102 976 3182 Post
1023 3102 1225 3157 Carum
1283 3103 1520 3159 Carinas
1575 3104 1722 3160 filius
1779 3120 1956 3160 annos
2004 3104 2166 3159 duos.
2227 3103 2350 3159 Vita

774 3196 1025 3263 privatur
1054 3212 1084 3248 a
1112 3196 1475 3250 Numeriano.

2444 1996 2555 2065 στῴ
2579 1997 2674 2049 δύο
2704 1997 2895 2063 φύσεις
2929 2001 3068 2066 μετὰ
3099 2001 3199 2066 τὴν
3228 1999 3433 2050 τούτων
3455 1998 3675 2050 ἕνωσιν.
3703 1992 3835 2049 Εἶτα
3861 1994 4035 2065 Σεϐἦο

2446 2089 2534 2156 ρός
2566 2104 2647 2148 τις
2679 2087 2994 2154 λεγόμενος,
3029 2088 3286 2156 ἁρπάσας
3317 2088 3407 2137 τὸν
3439 2085 3631 2155 θρόνον
3670 2085 4030 2154 Ἀντιοχείας.

2444 2180 2554 2230 Καὶ
2589 2180 2714 2249 ἑξῆς
2743 2181 2827 2232 ἐτε
2839 2197 2944 2249 ροι.

2519 2273 2674 2326 Μετὰ
2711 2273 2767 2325 δὲ
2823 2270 3162 2340 Αὐρηλιανὺν
3209 2269 3526 2322 ἐϐασίλευσε
3573 2270 3809 2332 Τάκιτος
3852 2271 4032 2340 μῆνας

2449 2362 2526 2430 g.’
2555 2367 2648 2417 καὶ
2674 2365 2894 2434 ἐσφάγη
2930 2363 3035 2416 ὑπὸ
3060 2363 3230 2432 φίλων
3269 2362 3631 2430 Αὑρηλιανοῦ.

2524 2543 2676 2598 Μετὰ
2705 2544 2760 2597 δέ
2790 2544 3026 2598 Τάκιτον
3059 2541 3378 2596 ἐϐασίλευσε
3415 2541 3720 2609 Φλωριανὸς
3752 2541 3928 2613 μῆνας
3963 2541 4036 2612 β’,

2452 2637 2546 2689 καὶ
2582 2635 2795 2702 ἐσφάγη
2837 2635 2942 2685 ὑπο
2978 2633 3215 2701 ιιρόϐου.

2523 2728 2678 2780 Μετὰ
2709 2727 2766 2777 δέ
2783 2725 3094 2794 Φλωριανὸν
3119 2724 3436 2778 ἐϐασίλευσε
3469 2723 3675 2787 Ποόϐος
3705 2723 3798 2794 ἐτη
3833 2731 3910 2790 ς’,
3940 2728 4043 2778 καὶ

2451 2817 2668 2884 ἐσφάγη
2704 2817 2812 2869 ὑπὸ
2844 2819 3054 2884 Κάρου.

2523 2910 2678 2962 Μετὰ
2721 2910 2777 2962 δὲ
2825 2908 3038 2974 Πρόϐον
3083 2907 3403 2962 ἐϐασίλευσε
3435 2906 3622 2976 Κάρος
3657 2908 3774 2972 ἔτος
3815 2907 3891 2975 α’,
3943 2913 4043 2964 καὶ

2452 2999 2665 3070 ἐσιράγη
2699 3002 2803 3053 ὑπὸ
2835 3001 3100 3071 Καρίνου.

2526 3092 2682 3145 Μετὰ
2705 3093 2761 3145 δὲ
2787 3094 2970 3162 Κάρον
2997 3091 3318 3145 ἐϐασίλευσε
3352 3093 3586 3162 Καρῖνος
3610 3093 3725 3157 υίὸς
3749 3094 3916 3149 αὐτοῦ
3941 3096 4042 3170 ἐτη

2458 3184 2526 3258 β’,
2559 3185 2654 3236 καὶ
2687 3185 2905 3252 ἐσφάγη
2937 3183 3043 3236 ὑπὸ
3081 3181 3484 3252 Νουμεριανοῦ.

847 3285 974 3338 Post
1003 3283 1261 3338 Carinnm
1316 3285 1686 3341 Numerianus
1719 3286 1890 3340 frater
1920 3301 2125 3340 annum
2158 3301 2351 3342 unum.
2379 3248 2423 3305 Ο
2526 3278 2540 3329 1

2379 3248 2423 3305 c
2459 3248 2468 3251 ν
2511 3248 2681 3330 ’Μετὰ
2704 3248 3021 3347 δὲ-Καρίνον
3045 3248 3363 3328 ἐϐασίλευσε
3378 3277 3794 3346 Νουμεριανὺςό
3812 3280 4045 3350 ἀδελφὸς

776 3377 980 3446 Captus
1011 3393 1040 3430 a
1072 3378 1256 3431 Persis
1278 3378 1438 3432 vivus
1469 3380 1807 3433 excoriatur.

850 3558 982 3614 Post
1038 3559 1437 3619 Numerianum
1513 3561 1890 3618 Diocletianus
1938 3564 2171 3637 imperio
2231 3577 2356 3618 cum

783 3651 1110 3706 Maximiano
1172 3669 1378 3723 genero
1437 3654 1846 3707 communicato
1919 3669 2095 3710 annos
2164 3654 2356 3723 viginti

783 3746 947 3797 duos.
998 3745 1201 3798 Eorum
1238 3747 1470 3816 imperio
1526 3754 1719 3798 contra
1772 3743 2116 3799 Christianos
2164 3759 2360 3813 magna

786 3839 1099 3908 persecutio
1129 3848 1274 3892 mota
1327 3848 1434 3900 est,
1476 3839 1529 3892 in
1561 3853 1668 3907 qua
1714 3841 1910 3891 Petrus
1955 3836 2361 3891 Alexandrinus

786 3931 1110 4000 episcopus,
1173 3929 1465 3984 Anthimus
1525 3926 1988 3989 Nicomediensis,
2050 3925 2358 3993 Procopius

788 4024 918 4075 item
960 4031 1016 4075 et
1049 4020 1373 4075 Theodorus
1409 4016 1760 4073 celeberrimi
1799 4016 2002 4086 aliique
2049 4016 2362 4085 complures

786 4131 887 4186 pro
941 4113 1211 4181 religione
1262 4110 1577 4166 Christiana
1632 4106 2030 4163 crudelissimis
2094 4106 2364 4176 exemplis

789 4207 1102 4276 interempti
1145 4211 1298 4260 sunt.
1331 4202 1486 4256 Tunc
1540 4200 1706 4255 etiam
1751 4197 1992 4253 innotuit
2028 4195 2361 4260 Sabbatius,

783 4304 878 4373 qui
916 4296 1616 4356 Tessarescaedccatitarum
1671 4291 1925 4345 haeresim
1974 4290 2220 4343 stabilire
2271 4304 2366 4341 co-

787 4406 948 4450 natus
972 4402 1075 4446 est.
1115 4389 1311 4442 Verum
1354 4387 1454 4439 hos
1499 4385 1865 4452 imperatores
1919 4381 2168 4434 divinum
2217 4379 2365 4447 judi-

781 4489 930 4542 cium
962 4486 1315 4539 subsecutum
1342 4479 1490 4549 justa
1538 4482 1715 4528 morte
1750 4473 2037 4526 multavit:
2070 4469 2363 4524 Diocletia-

2459 3365 2628 3418 αὐτοῦ
2663 3366 2782 3430 ἔτος
2823 3372 2896 3431 α’,
2927 3368 3021 3420 καὶ
3053 3367 3379 3437 συλληφθεὶς
3409 3367 3514 3420 ὑπὸ
3547 3369 3772 3438 Περσῶν
3811 3371 4044 3443 ἐξεδάρη

2460 3453 2541 3506 ἔτι
2575 3454 2705 3518 ζῶν.

2535 3547 2688 3598 Μετὰ
2732 3545 2788 3598 δὲ
2835 3545 3210 3616 Νουμεριανδν
3264 3547 3616 3602 ἐϐασίλευσεν
3664 3551 3756 3603 ἐπὶ
3801 3551 3861 3603 τὸ
3909 3551 4052 3606 αὐτὸ

2460 3640 2844 3707 Διοκλητιανὸς
2894 3642 2990 3692 καὶ
3027 3640 3368 3708 Μαξιμιανὺς
3399 3643 3428 3694 ὀ
3461 3643 3708 3712 γαμϐρὸς
3738 3644 3906 3696 αὑτοῦ
3943 3645 4044 3716 ἔτη

2462 3726 2566 3796 xjﬁ'.
2617 3729 2740 3797 Ὑφ’
2779 3725 2856 3783 ὦν
2898 3733 3073 3799 μέγας
3104 3733 3344 3800 διωγμὸς
3377 3735 3520 3786 κατὰ
3545 3735 3887 3802 Χριστιανῶν
3924 3739 4044 3790 ἐκι-

2463 3823 2621 3890 νήθη,
2655 3824 2743 3876 ὅτε
2789 3823 2884 3876 καὶ
2931 3825 3136 3892 Πέτρος
3193 3826 3622 3895 Ἀλεξανδρείας,
3656 3833 3749 3880 καὶ
3781 3829 4050 3897 ’Ἅνθιμος

2465 3915 2858 3983 Νικομηδείας,
2884 3918 2979 3967 καὶ
3020 3918 3327 3984 Προκόπιος
3369 3921 3463 3971 καὶ
3498 3921 3774 3987 θεόδωρος
3799 3923 3847 3973 οἱ
3875 3921 4050 3974 ἀοίδι-

2469 4022 2560 4076 μοι
2593 4005 2989 4075 ἐμαρτύρησαν
3023 4007 3117 4058 καὶ
3148 4007 3326 4076 ἓτεροι
3363 4008 3624 4068 πλεῖστοι,
3657 4009 3749 4061 καὶ
3779 4009 4049 4074 Σαϐάτιος

2464 4097 2492 4149 ὁ
2522 4095 2622 4165 τὴν
2652 4097 2863 4164 αἵρεσιν
2893 4096 3002 4148 τῶν
3034 4095 3717 4166 Τεσσαρεσκαιδεκατιτῶν
3761 4099 4046 4164 κρατύνας

2464 4191 2811 4261 ἐγνωρίζετο.
2852 4189 2964 4254 Οὓς
3018 4193 3051 4260 ἡ
3095 4192 3216 4244 θεία
3263 4193 3387 4261 δίκη
3436 4194 3662 4254 ἐνδίκως
3711 4192 4051 4262 μετελίοῦσα

2465 4283 2688 4346 δικαίως
2716 4284 2939 4352 ἐξέκοψε
2969 4301 2982 4314 ο
3019 4284 3115 4335 καὶ
3153 4287 3180 4336 ὁ
3224 4285 3321 4352 μὲν
3345 4283 3722 4353 Διοκλητιανδς
3745 4286 3843 4351 τῆς
3873 4284 4051 4350 γλώτ-

2465 4392 2569 4441 της
2599 4375 2761 4428 αὐτοῦ
2805 4377 3073 4443 σαπείσης
3104 4377 3244 4444 μετά
3269 4375 3364 4426 τοῦ
3386 4377 3685 4446 φάρυγγος,
3719 4382 3812 4428 καὶ
3845 4375 4050 4442 πλῆθος

2470 4465 2774 4534 σκωλήκων
2815 4467 3154 4531 ἀναϐράσας,
3189 4466 3371 4528 κακῶς
3407 4469 3499 4517 καὶ
3538 4467 3728 4532 βιαίως
3768 4467 4046 4536 ἀπέρρηξε

786 4594 890 4633 nus
941 4576 1089 4629 enim
1143 4573 1331 4640 lingua
1369 4583 1434 4621 ac
1457 4565 1710 4620 faucibus
1769 4561 2479 4637 computrescentihus,D'

1946 4561 2365 4619 utresceutilius,
2393 4578 2445 4637 ι)
2470 4558 2568 4626 τὴν
2605 4560 2771 4628 ζωὴν,
2815 4561 2843 4612 ὀ
2871 4560 2926 4611 δὲ
2956 4559 3302 4626 Μαξιμιανὸς
3335 4557 3639 4627 ἀπήγξατο.

787 4668 1072 4724 vermibus
1147 4673 1395 4724 scatens,
1469 4661 1668 4711 misere
1738 4655 2119 4720 violenterque
2190 4653 2360 4705 vitam

785 4761 1008 4830 alijccit,
1037 4756 1398 4810 Maximianus
1428 4750 1623 4817 laqueo
1668 4746 1849 4815 gulam
1885 4744 2071 4811 fregit.

863 4836 1204 4907 Diocletiano
1268 4859 1332 4897 ac
1384 4841 1712 4896 Maximiano
1768 4838 1837 4890 de
1887 4836 2068 4889 medio
2111 4834 2362 4898 sublatis,

787 4947 892 5002 sub
924 4943 1116 4999 eadem
1150 4950 1396 5006 tempora
1431 4932 1723 5002 imperium
1775 4935 2072 4983 tenuerunt
2096 4926 2369 4981 Constan-

790 5043 900 5093 tius
927 5047 986 5091 et
1026 5035 1286 5095 Severus,
1355 5025 1684 5082 Maximinus
1740 5031 1797 5075 et
1843 5019 2166 5072 Maxentius.
2219 5015 2367 5070 Con—

789 5131 1032 5188 stantius
1064 5125 1173 5195 36
1200 5137 1324 5177 cum
1377 5118 1491 5173 filio
1535 5113 1899 5170 Constantino
1941 5110 2112 5164 Celtis
2149 5109 2368 5163 Britan-

792 5225 987 5290 nisque
1047 5213 1403 5284 imperitavit,
1457 5209 1698 5263 Severus
1745 5215 1801 5258 et
1845 5201 2152 5257 Maxentius
2183 5200 2370 5253 Romae

795 5312 1048 5383 praefuit,
1094 5306 1422 5362 Maximinus
1463 5300 1698 5354 Orienti.
1752 5296 1854 5351 Hic
1911 5295 2100 5347 multis
2149 5291 2370 5359 ﬂagitiis

794 5421 860 5459 ac
897 5401 1201 5458 sceleribus
1246 5394 1680 5456 contaminatus,
1733 5389 1921 5442 animo
1969 5386 2085 5439 fero
2131 5383 2368 5446 crudeli,

797 5497 1097 5567 inhumana
1151 5489 1539 5561 persecutione
1603 5486 1658 5537 in
1710 5482 2058 5536 Christianos
2119 5477 2370 5530 invectus

797 5600 903 5649 est,
945 5588 1241 5656 pluresque
1295 5583 1564 5651 ingenuos
1601 5577 1751 5629 viros
1801 5588 1900 5644 pro
1946 5570 2170 5625 Christo
2225 5583 2369 5620 mar-

803 5680 945 5749 tyrio
1012 5677 1218 5731 atl‘ecit.
1282 5674 1387 5728 Pro
1418 5688 1512 5726 sua
1577 5678 1759 5723 tamen
1836 5664 2156 5733 impietate.
2234 5674 2372 5728 quas

803 5761 1384 5836 commeruit,‘pmnas
1414 5761 1660 5831 accepit;
1684 5774 1810 5813 nam
1840 5755 2003 5808 'adeo
2036 5753 2158 5807 diro
2182 5750 2372 5804 morbo

808 5863 1156 5921 excruciatus
1179 5871 1261 5916 cst
1323 5867 1381 5912 ut
1412 5856 1675 5913 carnibus
1717 5852 1782 5906 ad
1818 5849 1989 5904 instar
2014 5860 2153 5902 cerae
2193 5844 2373 5912 lique-

2542 4823 2698 4875 Μετὰ
2724 4819 2784 4872 δὲ
2823 4819 3208 4888 Διοκλητιανὸν
3231 4819 3326 4871 κλὶ
3353 4818 3698 4887 Μαξιμιανὸν
3731 4818 4051 4875 εϐασίλευσι

2469 4918 2609 4967 κατὰ
2640 4916 2765 4976 τοὺς
2788 4915 2984 4975 αὐτοὺς
3016 4915 3236 4984 χρόνους
3263 4914 3636 4974 Κωνστάντιος
3667 4914 3761 4966 καὶ
3784 4914 4050 4984 Σεϐἧρος,

2469 5006 2780 5072 Μαξιμῖνος
2807 5006 2902 5056 καὶ
2934 5003 3249 5069 Μαξέντιος.
3298 5005 3407 5056 Καὶ
3463 5006 3489 5055 ὁ
3537 5005 3636 5071 μὲν
3673 5005 4054 5066 Κωνστάντιος

2472 5099 2570 5147 σὺν
2603 5095 2680 5164 τῷ
2699 5094 2814 5163 ουίῷ
2844 5093 3011 5146 αὐτοῦ
3045 5093 3437 5161 Κωνσταντίνῳ
3459 5093 3553 5159 τῆς
3580 5093 3809 5154 Γαλλίας
3836 5094 4054 5162 καὶτῆς

2471 5189 2805 5257 Βρεττανίας
2854 5187 3195 5255 ἐκράτησαν,
3240 5187 3269 5237 ὁ
3315 5184 3372 5236 δέ
3425 5184 3662 5253 Σεϐῆρος
3703 5186 3798 5237 καὶ
3841 5185 4055 5250 Μαξέν-

2469 5295 2584 5342 τιος
2630 5279 2732 5348 τῆς
2789 5278 3030 5346 Ῥώμης,
3065 5278 3094 5328 ὁ
3137 5277 3195 5328 δὲ
3240 5275 3546 5345 Μαξιμῖνος
3592 5276 3692 5344 τῆς
3735 5273 3932 5345 Ἕῴας.
3969 5278 4052 5342 ὃς,

2471 5371 2644 5422 πολλὰ
2701 5371 2876 5439 μιαρὰ
2925 5370 3020 5421 καὶ
3067 5368 3246 5420 ἄτοπα
3305 5366 3766 5433 διαπραξάμενος,
3810 5368 4054 5432 διωγμὸν

2472 5463 2660 5532 ἀπηειῆ
2712 5464 2806 5514 καὶ
2842 5460 3209 5530 ἀπάνθρωπον
3252 5460 3392 5512 κατὰ
3439 5457 3785 5527 Χριστιανῶν
3838 5459 4054 5510 ἐπεδεί-

2475 5557 2628 5622 ξατο.
2650 5555 2771 5607 καθ’
2797 5555 2857 5606 ὃν
2889 5555 3135 5606 πλεῖστοι
3164 5553 3273 5605 τῶν
3303 5552 3607 5618 εὐδοκίμων
3638 5550 4051 5620 ἐμαρτύρησαν.

2476 5649 2583 5700 Καὶ
2613 5644 2738 5709 ἄξια
2773 5647 2871 5714 τῆς
2898 5645 3218 5706 δυσσεϐείας
3251 5643 3416 5695 αὐτοῦ
3451 5641 3694 5693 πέπονθε
3720 5655 3733 5668 ⁸
3765 5642 3906 5710 νόσῳ
3945 5642 4054 5707 γάρ

2475 5741 2754 5809 δεινοτάτῃ
2803 5738 3143 5808 περιπεσὼν,
3193 5738 3268 5799 ὡς
3323 5737 3414 5788 καὶ
3473 5737 3568 5795 τὶς
3623 5737 3831 5805 σάρκας
3886 5733 4052 5786 αὐτοῦ

2475 5833 2630 5902 δίκην
2663 5830 2831 5901 κηροῦ
2871 5830 3104 5900 τακῆναι
3157 5831 3252 5882 καὶ
3282 5828 3349 5881 τὰ
3384 5828 3516 5880 ὀστᾶ
3548 5829 3933 5895 συμφρυγῆνιι
3962 5827 4055 5876 καὶ
