4288 6364
796 367 902 430 253

2315 373 2584 436 JOELIS

3967 398 4085 461 ΞΜ

792 497 963 553 penes
1007 481 1310 554 piissimam
1342 484 1613 556 virginem
1641 486 1927 542 Hebrazam
1974 500 2190 542 summa
2225 501 2396 540 vene-
2426 539 2432 548 ,

2517 485 2761 556 Ἐϐραΐδι
2797 487 2889 540 καὶ
2931 486 3188 561 παρθένῳ
3222 491 3385 562 ἱερῶς
3443 494 3854 575 φυλαττομένη,
3895 513 3989 560 καὶ
4023 517 4093 565 ἐν

792 589 1005 632 ratione
1037 579 1325 633 adservata
1359 595 1485 633 cum
1515 579 1871 645 innotuisset,
1896 579 2109 650 Cpolim
2163 580 2390 634 devecta

790 670 936 738 apud
971 671 1301 726 Blachernas
1337 673 1575 740 reposita
1607 682 1711 726 est.
1750 672 1830 726 lbi
1901 674 2204 741 imperator
2248 680 2393 727 tem-

795 764 947 834 plum
1001 766 1091 817 Dei
1145 765 1303 819 Matri
1358 781 1576 819 sacrum
1608 767 1902 824 exstruxit.
1955 777 2013 820 et
2075 766 2130 818 in
2167 780 2294 819 arca
2322 780 2391 820 ex

804 869 942 904 auro
999 864 1340 923 argentoque
1427 855 1569 907 facta
1643 853 2012 911 conservavit.
2086 852 2266 906 Vestis
2323 867 2391 904 ex

792 943 951 999 facile
993 947 1328 1014 putrescenti
1360 947 1481 998 lana
1515 955 1571 1000 et
1618 945 1949 1000 staminibus
1981 947 2152 997 forma
2184 944 2397 997 colore-

791 1052 898 1100 que
957 1038 1230 1090 similibus
1288 1047 1568 1103 contexta,
1633 1053 1813 1105 neque
1871 1037 2153 1104 corrumpi
2213 1050 2394 1104 neque

794 1129 1022 1181 dissolvi
1100 1130 1167 1180 ad
1256 1128 1374 1181 haec
1456 1139 1700 1196 tempora
1774 1133 1977 1198 potuit,
2057 1129 2396 1196 incorrupta-2

795 1221 945 1275 i.lius
994 1236 1058 1274 ac
1115 1223 1394 1274 a-viternae
1448 1223 1784 1290 virginitatis
1827 1230 2232 1292 argumentum.
2283 1221 2396 1273 Leo

2505 579 3077 636 Kmvsmvrwouni).s:
3131 583 3586 654 διακομισθεῖσα,
3637 567 3703 646 ὲν*
3745 567 4125 668 Βλαχέρναις.

2503 670 2766 739 ἀπετέθη·
2798 672 2926 724 ἔνθα
2952 677 2979 726 ό
3015 675 3268 745 βασιλεὺς
3297 681 3425 734 ναὸν
3460 682 3784 755 ᾠκοδόμησε
3817 690 3916 757 τῆς
3943 693 4090 744 Θεο-

2504 764 2766 831 μήτορος,
2799 767 2890 817 καὶ
2921 769 3081 836 σορὸν
3117 771 3180 822 ἐκ
3235 773 3439 841 χρυσοῦ
3489 778 3584 828 καὶ
3623 779 3869 848 ἀργύρου
3903 801 4089 838 κατα-

2501 855 2779 915 σκευάσας
2814 857 3077 911 κατέθετο
3112 860 3335 928 ταύτην,
3374 865 3494 933 ἣτις
3527 866 3586 928 ἐξ
3635 868 3800 937 ἐρίων
3833 871 4087 941 εὐψθάρ-

2493 961 2600 996 των
2624 945 2977 1017 ἐξυφασμένη
3014 954 3109 1003 καὶ
3149 955 3436 1023 στημόνων
3466 959 3786 1027 όμοιοειδῶν
3817 964 3910 1015 καὶ
3933 966 4077 1033 ὁμο-

2495 1036 2672 1105 χρόων
2707 1040 3076 1110 ἁδιὰςρθαρτός
3129 1045 3250 1096 ἐστι
3307 1050 3402 1097 καὶ
3443 1050 3735 1109 ἀδιάλυτος
3775 1055 3938 1124 μέχρι
3977 1055 4084 1108 τοῦ

2496 1128 2610 1191 νῦν,
2634 1128 2735 1198 τῆς
2777 1131 3169 1202 Ἀειπαρθένου
3195 1137 3254 1189 το
3277 1137 3459 1208 Θαῦμα
3487 1143 3676 1209 σαφῶς
3700 1146 4087 1214 κηρύττουσα.

2507 1219 2567 1273 '0
2602 1222 2659 1275 δέ
2685 1239 2750 1290 γε
2783 1223 3042 1292 βασιλεὺς
3071 1228 3223 1281 Λέων
3254 1231 3678 1303 ὃυσεντεριάσας
3708 1238 3965 1291 ἀπέθανε.

795 1334 927 1372 τετε)
982 1321 1280 1385 imperator
1339 1321 1610 1373 viscerum
1680 1320 1872 1374 morbo
1948 1318 2234 1372 confectus
2303 1317 2587 1376 occubuit.

865 1413 1034 1466 Leoni
1063 1415 1331 1469 successit
1363 1415 1469 1467 Leo
1525 1415 1711 1483 junior
1732 1431 1796 1468 ex
1823 1414 2044 1468 Zenone
2073 1423 2128 1468 et
2159 1413 2396 1467 Ariadna

793 1519 985 1568 news.
1015 1506 1175 1560 Rexit
1215 1507 1507 1573 imperium
1541 1522 1745 1560 annum
1781 1523 1972 1560 unum.

870 1599 998 1653 Post
1034 1600 1270 1651 Leonem
1303 1599 1449 1652 Zeno
1481 1599 1703 1652 lsaurus
1737 1602 1856 1669 ejus
1898 1609 2052 1668 pater
2100 1599 2393 1668 imperium

2572 1417 2726 1468 Μετά
2765 1416 2821 1469 δὲ
2851 1418 3055 1472 Λέοντα
3099 1421 3416 1474 ἐϐασίλευσε
3460 1425 3612 1478 Λέων
3636 1428 3664 1479 ό
3700 1431 3948 1497 μικρὶςό
3985 1433 4089 1486 Er.-

2503 1521 2656 1573 γονος
2683 1507 2869 1570 αὑτοῦ,
2909 1511 2935 1560 ό
2964 1511 3072 1561 ἀπὸ
3104 1514 3352 1578 Ζήνωνος
3383 1513 3477 1565 καὶ
3521 1517 3827 1588 Ἀριάδνης,
3856 1523 3976 1585 ἔτος
3997 1525 4083 1578 ἓν.

2571 1597 2726 1648 Μετά
2764 1597 2820 1648 δὲ
2851 1597 3057 1649 Λέοντα
3092 1601 3183 1651 τὸν
3226 1601 3424 1668 μικρὸν
3459 1602 3777 1658 ἐϐασίλευσε
3834 1609 4022 1678 Ζήνων
4054 1614 4092 1667 ὁ

796 1690 1202 1742 administravit
1253 1706 1427 1743 annos
1458 1691 1736 1753 undecim,
1787 1692 2173 1759 viscerumque
2205 1692 2395 1743 morbo
2431 1677 2432 1713 λ

3226 1658 3237 1668 .
3333 1658 3342 1668 .
3835 1658 3868 1660 —
3898 1658 4016 1678 ,νπ-
4058 1658 4088 1667 ν

2505 1687 2756 1756 Ἶσαυρος
2784 1692 2878 1741 καὶ
2915 1690 3099 1758 πατὴρ
3133 1692 3296 1744 αὐτοῦ
3328 1695 3421 1761 ἔτη
3451 1701 3539 1757 ια’,
3565 1699 3657 1749 καὶ
3689 1700 3926 1754 ἀπέθανε
3951 1704 4090 1757 δυσ-

794 1785 962 1836 vitam
993 1786 1198 1838 amisit.
1264 1784 1389 1852 Ipso
1418 1785 1500 1837 sui
1542 1785 1758 1852 imperii
1815 1784 2117 1853 primordio
2159 1786 2227 1838 ab
2258 1785 2397 1839 insi-

795 1874 905 1925 diis
941 1873 1150 1926 Berinae
1176 1889 1368 1927 socrus
1393 1885 1448 1926 et
1471 1873 1669 1927 Leonis
1701 1874 1877 1942 Magni
1905 1875 2113 1932 uxoris.
2135 1884 2397 1942 tanquam

794 1966 888 2034 qui
924 1983 987 2019 ea
1023 1967 1349 2020 adversante
1383 1969 1676 2035 imperium
1706 1968 2002 2028 obtineret,
2040 1966 2142 2020 sibi
2195 1981 2397 2021 cavens

796 2057 852 2110 in
914 2058 1145 2126 patriam
1209 2057 1441 2127 aufugit.
1520 2059 1720 2112 Bcrina
1794 2057 2114 2111 Basiliscum
2172 2056 2396 2110 fratrem

795 2148 1191 2216 imperatorem
1254 2149 1485 2204 creavit.
1522 2150 1655 2203 Post
1707 2151 1824 2203 haec
1875 2149 2026 2202 Zeno
2059 2148 2270 2218 Cpolim
2308 2164 2397 2201 re-

795 2253 990 2292 versus
1021 2239 1363 2301 Basiliscum,
1392 2241 1485 2307 qui
1513 2241 1566 2292 in
1597 2241 1889 2294 ecclesiam
1927 2255 2033 2292 una
2065 2254 2188 2292 cum
2220 2255 2394 2292 uxore

796 2339 852 2384 et
883 2330 1075 2384 liberis
1116 2332 1458 2398 confugerat,
1503 2342 1721 2401 captum
1754 2331 1953 2384 exsilio
2010 2331 2211 2384 multat
2254 2342 2310 2384 ct
2343 2333 2398 2384 in

797 2423 1058 2491 oppidum
1136 2425 1495 2492 Cappadocia:
1555 2425 1782 2492 relegat,
1852 2422 1944 2475 ubi
2021 2433 2136 2475 tum
2201 2422 2398 2475 inclusi

795 2514 1009 2569 [oribus
1037 2517 1311 2569 obseratis
1361 2532 1392 2570 e
1426 2518 1541 2572 vita
1573 2525 1884 2570 cessarunt.
1921 2516 2036 2569 Sub
2079 2530 2146 2569 eo
2196 2516 2398 2586 Marty-

799 2610 917 2663 rius
942 2610 1324 2665 Antioclienus
1352 2612 1548 2680 praesul
1578 2620 1803 2679 propter
1830 2610 2071 2662 Zenonis
2100 2612 2156 2664 in
2193 2619 2398 2662 rectam

803 2701 967 2754 fidem
999 2701 1106 2771 43
1136 2704 1559 2770 perversitatem
1598 2703 1917 2769 episcopatu
1977 2713 2098 2752 sese
2156 2699 2397 2762 abdicat,

799 2795 1099 2862 statimque
1130 2795 1330 2848 Petrus
1375 2793 1670 2860 Cnapheus
1705 2792 1986 2861 tyranuice
2021 2806 2078 2844 se
2130 2791 2185 2843 in
2212 2793 2398 2845 sedem

801 2885 949 2938 illam
983 2887 1225 2939 intrusit.
1261 2887 1556 2956 Martyrius
1609 2885 1718 2937 olei
1778 2884 2057 2936 unctionis
2105 2898 2400 2936 consecra-

2499 1780 2843 1845 εντεριὰσας.
2894 1779 3013 1844 “0:,
3047 1781 3162 1850 ἅμα
3193 1783 3271 1850 τῷ
3298 1785 3621 1849 βασιλεῦσαι
3666 1790 4090 1859 ἑπιδουλευθεὶς

2499 1872 2648 1938 παρὰ
2674 1873 2912 1942 Βηρίνης
2945 1877 3041 1942 τῆς
3076 1876 3346 1944 πενθερᾶς
3381 1879 3572 1945 αὑτοῦ,
3611 1883 3872 1949 γυναικὸς
3905 1889 4087 1940 Λέον-

2498 1978 2589 2024 τος
2624 1961 2718 2014 τοῦ
2751 1964 3028 2030 Μεγάλου,
3069 1966 3143 2027 ὡς
3169 1966 3323 2035 παρὰ
3349 1967 3577 2039 γνώμην
3617 1973 3791 2040 αὐτῆς
3833 1975 4092 2042 βασιλεύ-

2502 2071 2622 2119 σας,
2651 2055 2964 2124 προσέφυγε
2989 2061 3054 2127 τῇ
3085 2059 3190 2128 ἰδία
3209 2061 3453 2129 πατρίδι.
3483 2062 3542 2115 ἸΙ
3573 2063 3628 2115 δὲ
3657 2064 3860 2134 Βηρίνα
3888 2067 4091 2138 ἔστεψε

2501 2146 2826 2198 Βασιλίσκον
2847 2149 2938 2199 τὸν
2961 2149 3190 2216 ἀδελφὸν
3213 2151 3402 2219 αὐτῆς.
3432 2153 3589 2204 Μετᾶ
3612 2154 3667 2206 δὲ
3692 2156 3868 2208 ταῦτα
3894 2160 4093 2228 Ζήνων

2501 2237 2848 2306 ὑποστρέψας
2900 2242 2959 2292 ὲν
2989 2242 3590 2307 Κωνσταντινουπόλει,
3626 2249 3720 2298 καὶ
3744 2249 3934 2302 τοῦτον
3963 2270 4092 2320 χει-

2504 2329 2847 2397 ρωσάμενος,
2877 2335 2942 2400 τῇ
2973 2332 3239 2402 ἐκκλησίᾳ,
3289 2338 3680 2402 προσφυγόντα
3713 2339 3829 2407 ἅμα
3860 2345 4094 2406 γυναικὶ⁵

2503 2421 2596 2472 καὶ
2641 2421 2852 2480 τέκνοις
2898 2423 3157 2492 ἐξώρισεν
3190 2427 3246 2477 ὲν
3274 2426 3351 2494 τῷ
3386 2429 3631 2499 φρουρίῳ
3663 2432 4093 2496 Καππαδοκίας,

2501 2513 2558 2563 ἑν
2587 2507 2628 2577 ᾧ
2662 2511 2954 2581 βληθέντες
2987 2518 3044 2566 έν
3077 2516 3276 2586 πύργῳ
3308 2518 3408 2585 τῆς
3450 2516 3622 2587 θύρας
3665 2521 4096 2592 ἀναφραγείσης

2503 2604 2883 2675 ἐτελεύτησαν.
2926 2605 3044 2674 Ἐφ’
3076 2600 3137 2660 οὗ
3170 2612 3265 2660 καὶ
3296 2610 3614 2680 Μαρτύριος
3667 2614 3694 2663 ό
3748 2614 4092 2682 ’Λντιοχείας

2501 2696 2590 2747 διὰ
2618 2698 2716 2754 τὴν
2775 2697 2871 2750 τοῦ
2926 2701 3176 2768 Ζήνωνος
3232 2702 3363 2770 περὶ
3415 2701 3516 2771 τὴν
3569 2704 3852 2772 ὀρϐόδοξον
3900 2710 4096 2759 πίστ.ν

2500 2789 2832 2858 διαστροφὴν
2863 2791 3287 2858 ἀποταξάμενος
3309 2796 3374 2862 τῇ
3396 2798 3669 2866 ἐπισκοπῇ
3697 2796 4084 2866 ἀνεχώρησεν,

2503 2871 2564 2928 οὗ
2599 2880 3056 2949 ἀναχωρήσαντος
3094 2883 3301 2952 Πέτρος
3351 2889 3379 2937 ὁ
3415 2888 3676 2954 Κναφεὺς
3733 2892 4088 2960 τυραννικῶς

799 2976 1006 3029 tionem
1031 2977 1262 3030 Soleinni
1298 2980 1404 3030 ritu
1439 2981 1490 3028 in
1522 2984 1821 3041 consliectu
1855 2974 2042 3043 populi
2083 2975 2294 3043 peragi,
2339 2983 2432 3057 et,

2505 2966 2578 3039 τῷ
2611 2970 2788 3041 θρόνῳ
2847 2975 3232 3044 ὲπεπήδησεν·
3273 2979 3426 3040 ὅστις
3475 2981 3797 3050 Μαρτύριος
3861 2982 4092 3050 πρῶτος

799 3068 855 3121 in
879 3083 1208 3136 unaquaque
1238 3068 1550 3137 precatione
1571 3068 1664 3121 Dei
1687 3065 1873 3119 Matris
1899 3069 2235 3120 mentionem
2256 3066 2397 3126 neri,

802 3175 1020 3212 necnon
1081 3161 1134 3212 in
1178 3162 1428 3228 quolibet
1477 3168 1753 3214 conventu
1791 3159 2100 3228 symbolum
2135 3159 2261 3212 fidei
2319 3173 2406 3212 re-

801 3252 986 3314 citari,
1020 3251 1167 3318 quOd
1223 3253 1376 3318 prius
1403 3254 1623 3306 nonnisi
1675 3269 1865 3322 magna
1891 3253 2194 3305 Parasceve
2232 3237 2403 3304 semel

803 3361 950 3397 anno
972 3347 1283 3410 dicebatur,
1311 3347 1520 3414 primus
1538 3349 1799 3401 instituit.
1825 3349 1961 3402 Item
1990 3346 2251 3400 Barnabre
2269 3360 2400 3413 apo-

806 3439 929 3490 stoli
960 3453 1184 3508 corpus.
1226 3440 1279 3491 in
1312 3440 1472 3506 cujus
1504 3453 1731 3508 pectore
1765 3441 2004 3494 Matthxi
2043 3438 2396 3506 Evangelium

803 3545 1026 3598 propria
1074 3530 1337 3582 Barnaba:
1376 3545 1538 3582 manu
1573 3541 1858 3583 exaratum
1895 3540 2032 3588 erat,
2067 3529 2168 3581 sub
2201 3527 2397 3580 arbore

803 3635 998 3673 ceraso
1027 3623 1310 3674 inuentum
1330 3632 1436 3675 est.
1469 3621 1578 3674 Hac
1600 3623 1890 3676 occasione
1919 3621 2100 3689 Cyprii
2129 3636 2157 3672 a
2183 3620 2400 3687 propria

807 3713 1098 3779 metropoli
1147 3714 1437 3766 Antiochia
1473 3729 1530 3766 se
1575 3722 1923 3766 exemerunt.
1973 3711 2325 3778 Evangelium
2371 3725 2402 3763 a

807 3804 1028 3857 Zenone
1065 3806 1118 3857 in
1157 3808 1361 3872 templo
1385 3808 1558 3858 sancti
1604 3805 1870 3872 Stephani
1902 3804 1954 3855 in
1995 3802 2196 3871 palatio
2228 3801 2401 3854 collo-

801 3907 985 3949 catum
1016 3897 1246 3963 singulis
1273 3898 1432 3948 annis
1472 3912 1665 3963 magna
1701 3896 1836 3949 feria
1862 3896 2065 3959 Quinta
2107 3893 2326 3960 legitur.

2502 3062 2766 3131 ἐπενόησε
2801 3063 2865 3115 τὸ
2907 3065 3084 3135 μύρον
3119 3071 3177 3118 ἐν
3208 3072 3274 3138 τῇ
3304 3070 3580 3140 ἐκκλησία
3615 3074 3708 3124 ἐπὶ
3751 3075 3956 3134 παντὸς
3987 3073 4093 3126 τοῦ

2501 3155 2636 3206 λαοῦ
2668 3156 3019 3222 ἀγιάζεσθαι,
3061 3161 3156 3211 καὶ
3190 3162 3248 3212 ἐν
3283 3161 3492 3230 ἑκάστῃ
3523 3163 3655 3232 εὐχῇ
3686 3164 3782 3225 τὴν
3813 3163 4096 3216 Θεοτέκον

2506 3248 2898 3315 ὀνομάζεσθαι,
2933 3253 3028 3303 καὶ
3051 3253 3109 3302 ὲν
3133 3256 3284 3323 πάσῃ
3319 3254 3537 3319 συνάξει
3570 3257 3629 3307 τὸ
3682 3255 3953 3324 σύμϐολον
3986 3257 4096 3321 τῆς

2505 3341 2740 3403 πίστεως
2786 3342 3066 3409 λέγεσθαι,
3119 3346 3388 3414 πρότερον
3442 3349 3516 3415 μὴ
3574 3349 3872 3415 λεγόμενον
3917 3352 3966 3400 εί
4004 3350 4088 3419 μὴ

2509 3432 2656 3497 ama
2689 3432 2784 3484 τοῦ
2817 3435 3072 3487 ἐνιαυτοῦ
3103 3437 3158 3487 ὲν
3200 3439 3266 3506 τῇ
3319 3439 3532 3508 μεγάλῃ
3586 3441 3942 3509 Παρασκευῇ.
3977 3443 4093 3492 Καὶ

2508 3525 2764 3589 Βαρνάϐα
2806 3526 2901 3577 τοῦ
2948 3527 3250 3580 ἀποστόλου
3310 3529 3371 3580 τὸ
3406 3531 3669 3598 λείψανον
3720 3531 3922 3601 εὑρέθη
3982 3533 4098 3585 ὑπὸ

2501 3616 2716 3687 δένδρον
2748 3618 3036 3686 κερασίαν,
3075 3619 3198 3688 ἔχον
3227 3622 3320 3672 ἐπὶ
3356 3623 3589 3690 στήθους
3634 3624 3695 3674 τὸ
3742 3629 3886 3676 κατά
3917 3625 4045 3677 Mat
4067 3653 4086 3664 -

2503 3709 2654 3762 Θαῖον
2692 3711 3032 3776 Εὑαγγέλιον
3088 3713 3403 3779 ἰδιόγραφον
3435 3708 3527 3766 τοῦ
3577 3715 3857 3781 Βαρνάϐα.
3900 3715 3992 3780 Ἐξ
4020 3712 4096 3786 ἦς

2501 3802 2830 3868 προφάσεως
2879 3804 3292 3870 παραγεγόνασι
3347 3805 3585 3875 Κύπριοι
3619 3808 3711 3858 τοῦ
3776 3808 3851 3876 μὴ
3911 3810 4096 3860 τελεῖν

2503 3891 2609 3943 ὑπὸ
2656 3892 2986 3962 Ἀντιόχειαν
3009 3897 3106 3960 τήν
3138 3895 3255 3946 κατ’
3285 3897 3485 3958 αὐτοὺς
3513 3900 3867 3966 μητρόπολιν.
3892 3901 4082 3969 Ὅπερ

804 3986 1141 4054 Εὺαγγέλιον
1210 3989 1476 4038 ἀποτεθὲν
1509 3987 1664 4054 παρὰ
1728 3988 1975 4056 Ζήνωνος
2011 3987 2069 4036 ἐν
2117 3983 2194 4052 τῷ
2227 3981 2476 4051 παλατίῳ
2516 3984 2595 4044 εἰς
2630 3982 2722 4034 τὸν
2770 3984 2896 4035 ναὸν
2931 3983 3026 4035 τοῦ
3087 3983 3270 4050 Ἀγίου
3317 3987 3592 4055 Στεφάνου
3643 3989 4093 4054 ἀναγινώσκεται

805 4081 925 4130 κατ’
962 4081 1210 4130 ἐνιαυτθιν
1278 4083 1343 4149 τῇ
1377 4081 1504 4150 ἁγίᾳ
1551 4079 1766 4150 μεγάλῃ
1839 4079 2096 4148 Πέμπτῃ.

875 4173 1004 4227 Post
1049 4173 1324 4225 Zenonem
1365 4173 1419 4225 in
1466 4173 1757 4241 imperium
1816 4172 2083 4225 sulfectus
2134 4177 2221 4223 est
2254 4169 2402 4222 Ana-

807 4264 1014 4318 stasius
1041 4263 1274 4316 Dicorus
1306 4279 1335 4316 e
1402 4263 1743 4326 silentiariis,
1785 4262 2192 4331 ACephalorum
2242 4269 2405 4314 sectas

2576 4167 2732 4219 Μετά
2768 4167 2826 4219 δὲ
2859 4168 3084 4238 Ζήνωνα
3123 4167 3484 4220 ἐϐασίλευσεν
3533 4170 3887 4234 Ἀναστάσιος
3926 4175 3953 4225 ό
3997 4177 4094 4228 Δί-

2505 4274 2665 4327 κορος
2697 4258 2805 4309 ἀπὸ
2835 4258 3144 4323 σελεντίων,
3171 4260 3280 4312 τῶν
3315 4261 3634 4328 Ἀκεφάλων
3659 4264 3752 4314 καὶ
3792 4265 3957 4324 αὐτὸς
3988 4265 4092 4331 ῶν,

803 4367 860 4409 et
894 4356 1010 4424 ipse
1041 4356 1338 4408 addimus;
1367 4355 1642 4422 Regnavit
1673 4369 1850 4408 annos
1889 4353 2279 4417 tredecitn.,ls
2303 4367 2402 4421 per

2511 4350 2604 4415 ἔτη
2635 4348 2701 4417 ιγ’
2722 4367 2736 4380 ·
2765 4350 2832 4412 ὃς
2868 4347 2977 4402 εἶδε
3009 4352 3130 4403 καθ’
3163 4350 3363 4414 ὕπνους
3407 4353 3639 4422 φοόερόν
3672 4372 3791 4406 τινα
3827 4360 3892 4426 τῇ
3937 4364 4094 4428 χειρὶ

807 4449 1050 4516 quietem
1089 4448 1224 4500 vidit
1260 4447 1563 4501 terribilem
1611 4446 1814 4507 virum.
1862 4446 1954 4513 qui
1983 4445 2228 4499 codicem
2261 4445 2401 4498 scri—

808 4552 962 4606 ptum
1011 4554 1173 4591 manu
1247 4538 1482 4601 ferebat,
1538 4538 1783 4604 dixitque
1835 4537 1982 4604 ipsi:
2044 4537 2127 4589 En
2189 4548 2405 4605 propter

813 4639 962 4680 tuam
991 4628 1146 4693 ﬁdem
1175 4645 1476 4697 perversam
1503 4625 1653 4680 deleo
1685 4628 1748 4678 de
1779 4630 1883 4678 vita
1919 4636 2010 4678 tua
2046 4641 2216 4678 annos
2266 4641 2404 4693 qua-

810 4722 1120 4772 tuordecim.
1181 4721 1366 4772 Multis
1423 4734 1590 4788 porro
1664 4718 1921 4771 tonitruis
1988 4716 2403 4784 fulgoribusque

809 4827 933 4865 cum
974 4823 1293 4880 quateretur
1323 4813 1608 4878 palatium,
1631 4811 1781 4864 solus
1811 4812 2108 4876 imperator
2134 4810 2399 4873 relictus,

811 4904 941 4957 hinc
968 4917 1130 4972 atque
1165 4905 1292 4957 inde
1338 4919 1652 4972 pererrans,
1684 4903 1995 4956 subsidium
2026 4901 2130 4954 sibi
2162 4902 2214 4954 in
2248 4910 2402 4954 tanto

809 4996 955 5049 malo
1008 5012 1234 5063 parans,
1299 5001 1520 5049 tandem
1567 5012 1689 5048 cum
1727 4995 1780 5047 in
1840 4994 2152 5047 cubiculum
2205 4991 2402 5047 Oatum

810 5083 1018 5137 dictum
1045 5100 1101 5138 se
1129 5087 1478 5142 contulisset.
1515 5086 1714 5138 divinae.
1736 5085 1962 5154 iustitia:
2008 5100 2196 5153 pinnas
2225 5084 2400 5148 dedit,

813 5176 885 5229 ita
916 5184 976 5229 ut
1015 5176 1288 5230 exanimis
1324 5177 1615 5229 confestim
1665 5177 1958 5230 corruerit.
1982 5177 2244 5230 Nonnulli
2298 5186 2404 5230 tra-

811 5266 952 5319 dunt
973 5269 1150 5335 primo
1178 5268 1477 5336 sepulturae
1502 5267 1588 5320 dit,
1613 5267 1800 5335 elapso
1826 5283 2017 5321 vocem
2049 5267 2357 5320 intonuisse
2386 5285 2400 5319 :

813 5358 1140 5412 Miseremini
1202 5363 1324 5423 mei,
1376 5369 1426 5411 et
1469 5368 1651 5428 portas
1700 5367 1956 5412 reserate.
2025 5359 2094 5412 At
2149 5359 2262 5412 illis
2310 5359 2402 5427 qui

812 5452 1108 5520 sepultura:
1139 5467 1326 5504 curam
1375 5453 1642 5522 gerebant
1674 5450 1989 5504 dicentibus
2016 5468 2028 5502 :
2080 5449 2233 5503 Alius
2265 5462 2432 5502 nunc‘

812 5553 1104 5613 imperator
1165 5559 1344 5595 rerum
1415 5545 1636 5612 potitur,
1695 5544 2032 5611 respondit:
2081 5541 2226 5596 Nihil
2279 5543 2406 5594 mihi

811 5650 952 5689 cura:
985 5645 1058 5688 est
1088 5651 1104 5688 :
1140 5637 1195 5688 in
1258 5638 1642 5687 monasterium
1694 5635 1933 5687 abducite
1970 5643 2017 5686 et
2065 5632 2176 5705 Μ
2225 5634 2406 5686 habitu

2510 4442 2820 4509 κατέχοντα
2861 4442 3068 4494 κῶδικα
3093 4445 3490 4518 γεγραμμένον
3524 4446 3619 4495 καὶ
3651 4445 3887 4510 λέγοντα
3915 4451 4089 4518 αὐτῷ·

2519 4533 2678 4587 Ἰδοὺ
2701 4533 2798 4587 διὰ
2828 4535 2942 4601 τὴν
2967 4515 3257 4586 ἀπιστίαᾶ-
3305 4549 3422 4588 σου
3473 4536 3786 4603 datust—go)
3830 4537 3938 4603 τῆς
3966 4515 4095 4608 σῆς

2508 4622 2654 4690 (tofm
2681 4624 2784 4687 ἐτη
2819 4623 2908 4676 ιδ’.
2949 4624 3056 4674 Καὶ
3095 4623 3334 4693 βροντῶν
3383 4626 3479 4677 καὶ
3516 4627 3816 4693 ἀστραπῶν
3848 4631 3997 4692 παρὰ
4030 4634 4093 4682 τὸ

2508 4713 2769 4768 παλατιον
2798 4713 3131 4782 γενομένων,
3187 4711 3400 4765 καὶτοῦ
3432 4715 3696 4781 βασιλέω;
3770 4722 4093 4785 μονωτάτου

2505 4805 2957 4868 καταλειφθέντος
2986 4806 3078 4856 καὶ
3113 4806 3222 4857 ἀπὸ
3259 4805 3431 4858 τόπου
3455 4808 3533 4868 είς
3558 4809 3728 4859 τόπον
3759 4809 4085 4877 φεύγοντος,

2509 4898 2567 4947 ἐν
2600 4897 2682 4948 ἑνὶ
2709 4897 2814 4949 τῶν
2838 4899 3208 4948 κοιτωνίσκων
3237 4897 3457 4967 (⁷οατον
3490 4899 3546 4950 δὲ
3570 4900 3816 4968 ἐλέγετο)
3853 4905 4096 4954 κατέλα-

2507 4989 2600 5041 ϐεν
2635 4990 2798 5040 αὑτὸν
2836 4991 2869 5057 ἡ
2903 4990 3063 5058 ὀργὴ,
3090 4987 3230 5040 ὥστε
3254 4991 3518 5057 αἰφνίδιον
3548 4994 3840 5060 εὑρεϐἠναι
3868 5000 4089 5063 νεκράν.

2506 5081 2646 5132 Φασὶ
2675 5079 2731 5132 δὲ
2766 5080 2902 5148 μετὰ
2933 5082 2992 5131 τὸ
3023 5081 3265 5147 ταφῆναι
3301 5080 3421 5148 μεθ’
3457 5084 3674 5151 ἡμέρας
3700 5083 3828 5152 βοᾷν
3850 5098 3862 5112 ·
3916 5086 4088 5139 Ἐλε.

2505 5169 2696 5236 ήσατέ
2735 5189 2834 5239 με,
2890 5173 2987 5223 καὶ
3047 5172 3347 5234 ἀνοίξατε.
3407 5174 3528 5226 Τῶν
3576 5177 3968 5243 μνημοναρίων
4034 5180 4091 5229 δὲ

2507 5263 2790 5326 εἰπόντων,
2829 5264 3051 5328 ’Ἄλλος
3094 5264 3434 5329 βασιλεύει,
3487 5267 3686 5327 εἰπεῖν,
3747 5266 3939 5318 Οὐδέν
3981 5287 4085 5336 μοι

2502 5354 2674 5425 μέλει
2696 5370 2712 5385 ο
2740 5359 2829 5419 εις
2871 5358 3288 5422 μοναστήριον
3336 5356 3676 5424 ἀπαγάγετέ
3703 5375 3793 5426 με,
3826 5359 3927 5412 καὶ
3959 5376 4093 5412 ποε-

2508 5446 2702 5512 ήσατε
2717 5449 3012 5515 μοναχόν.
3050 5449 3112 5499 Οἱ
3145 5449 3200 5500 δὲ
3239 5450 3432 5502 είασαν
3464 5450 3649 5504 αὐτόν.
3685 5449 3823 5503 Μετ’
3857 5452 3919 5503 οὐ
3952 5454 4087 5505 πολῦ

2508 5539 2566 5591 δὲ
2627 5538 2724 5590 τοῦ
2776 5541 3060 5608 μνήματος
3113 5543 3428 5609 ἀνοιγέντος
3478 5543 3682 5613 εὑρέθη
3736 5544 3928 5612 φαγὼν
3960 5547 4089 5607 τοις

2516 5631 2811 5701 βραχίονας
2839 5632 3005 5686 αὑτοῦ
3040 5634 3136 5685 καὶ
3170 5637 3240 5686 τά
3271 5634 3535 5703 καλήγια,
3582 5633 3728 5704 ἆπερ
3771 5634 4084 5686 ὲπεὸἐδυτο.

812 5730 1058 5782 monachi
1105 5729 1326 5781 induite.
1384 5727 1653 5782 Custodes
1719 5737 1843 5779 vota
1901 5726 2282 5796 neglexerunt.
2349 5724 2689 5779 Nonmulto
2729 5733 2855 5794 post
2901 5739 3026 5781 cum
3068 5727 3384 5795 sepulcrum
3444 5726 3774 5795 aperiretur,
3827 5727 4087 5783 inventus

811 5834 897 5881 est
929 5825 1167 5879 lacertos
1217 5839 1345 5879 suos
1397 5831 1451 5878 ct
1505 5822 1727 5892 caligas,

1801 5835 1940 5889 quas
1992 5819 2261 5888 gestabat,
2305 5818 2622 5873 devorasse.
