4288 6364
255 428 326 486 ἔξω
345 426 362 486 l
1643 431 2063 496 PREFATIO.
3441 442 3545 502 302

334 542 549 595 Finiam
576 541 642 595 ale
679 540 949 596 Citoniata
1001 543 1314 597 oralionem
1349 545 1535 599 verbis
1587 544 1762 601 Vossii
1798 547 1865 602 de
1910 549 2282 617 scriptoribus
2327 549 2555 614 Cnet-is,
2590 553 2794 622 quibus
2834 555 2920 608 ille
2963 555 3219 610 Gulielmi
3278 556 3536 627 Xylandrt

256 631 634 698 suSpicioncm
684 629 751 683 de
798 630 986 683 Niccta
1020 630 1247 693 Davide,
1284 640 1341 684 et
1377 633 1563 687 Hiceta
1590 633 1861 689 Choniata
1905 636 2104 691 refellit
2140 657 2152 692 :
2197 638 2447 694 Gulielmi
2476 640 2741 708 Xylondri
2769 645 3000 712 suspicio
3031 654 3128 707 est,
3162 653 3399 697 eumdem
3430 661 3539 704 csse

254 721 398 773 hunc
429 717 678 772 Nicetam
715 718 993 781 Davidcm,
1031 723 1121 789 qui
1152 729 1201 772 et
1235 720 1449 776 Nicetas
1484 722 1782 793 Paphlago,
1815 741 1877 777 ac
1907 726 2059 779 illum
2092 729 2175 778 cui
2208 727 2509 780 Acomiuati
2546 741 2947 799 cognomentum
2985 732 3104 798 fuit.
3163 730 3267 783 Sed
3299 743 3534 798 tempore

255 811 513 863 videntur
538 810 924 862 disconvenire.
967 808 1029 863 In
1060 811 1378 880 quibusdam
1430 812 1581 864 codrt.
1643 828 1767 864 mss.
1818 810 2016 864 Nicator
2049 811 2258 869 Doridi.
2311 811 2615 880 philosopho
2665 813 3021 885 Papltlagoni,
3054 816 3386 873 tribuuntur,
3421 828 3539 881 qua:

252 897 352 949 atii
378 900 659 952 ascribunt
710 895 905 952 .‘v'icetce
941 898 1184 961 Serrani,
1220 900 1368 967 prius
1422 897 1671 951 Ecclesia:
1706 894 2332 966 Constantinopolitanae
2362 900 2604 959 diacmio,
2636 912 2814 967 postea
2849 912 3030 955 autem
3081 902 3413 956 Ileracliensi
3442 919 3536 959 ar-

251 988 582 1059 chiepiscopo
610 1005 628 1041 :
656 997 711 1040 ut
738 991 793 1041 in
823 986 1031 1043 Catena
1062 986 1286 1041 Patrum
1331 996 1377 1038 et
1410 989 1726 1053 :criptorunt
1756 986 2252 1050 ecclesiasticarum,
2279 998 2524 1053 excerpta
2564 992 2618 1041 in
2653 990 2968 1043 Matt/imum
2998 1000 3046 1043 et
3079 990 3279 1043 Lucam
3308 1007 3536 1059 euange-

251 1083 405 1134 listos
432 1092 459 1136 :
479 1082 600 1132 item
637 1078 895 1147 expositio
924 1076 1213 1129 multorum
1234 1075 1569 1129 Nazianzeui
1600 1078 1900 1128 carminum
1943 1087 1991 1129 et
2023 1078 2346 1129 orationum.
2392 1076 2637 1131 Diversos
2664 1087 2840 1131 tamen
2877 1094 2985 1131 esse
3014 1080 3105 1131 hos
3137 1078 3369 1136 Nicefas.
3396 1076 3534 1130 Leo-

253 1170 339 1221 nis
373 1164 570 1220 Allutii
608 1166 872 1219 sententia
897 1173 995 1228 cst,
1028 1167 1080 1217 in
1111 1163 1354 1217 Diatriba
1389 1166 1452 1216 de
1481 1163 1694 1225 Pseltis,
1725 1166 1810 1216 cui
1838 1165 1938 1217 hac
1968 1167 2018 1218 in
2052 1174 2205 1234 parte
2237 1167 2407 1234 potius
2428 1167 2715 1219 subscribo.
2746 1166 2850 1219 Sed
2881 1166 2934 1219 in
2966 1167 3297 1234 quibusdam
3334 1183 3497 1219 manu
3518 1196 3529 1204 -

248 1255 482 1324 scriptis
514 1255 724 1308 Nicetze
760 1253 951 1307 ltavidi
993 1253 1183 1310 tribui.
1217 1267 1341 1321 quae
1373 1252 1466 1306 alii
1494 1252 1779 1305 ascribunt
1810 1250 2013 1307 Nicetze
2044 1253 2295 1316 Su-rroni,
2334 1253 2470 1309 ﬁdes
2496 1255 2564 1307 sit
2598 1269 2766 1321 penes
2799 1255 2999 1322 ipsum.
3036 1254 3187 1319 Quos
3216 1268 3317 1322 ego
3344 1253 3527 1307 evolvi

249 1344 481 1398 codices
514 1343 946 1412 manuscriptos,
980 1356 1175 1395 omnes
1206 1357 1324 1394 uno
1354 1356 1626 1394 consensu
1655 1338 2058 1409 expositionem
2094 1340 2147 1390 in
2172 1336 2470 1392 Orationes
2502 1339 2853 1399 Nazianzeni,
2885 1353 3021 1408 quas
3046 1356 3088 1392 sv
3114 1354 3209 1407 pra
3247 1340 3530 1390 recensui-

250 1447 414 1496 mus,
439 1431 649 1485 Nicette
686 1431 915 1484 Serroni
955 1429 1278 1482 vindicant:
1307 1430 1715 1497 t-xposationcm
1749 1442 1887 1479 vero
1917 1429 1969 1478 in
2005 1428 2247 1479 carmina
2273 1468 2284 1487 ,
2310 1426 2517 1480 Niceta:
2554 1426 2766 1479 Ilavitlt.
2804 1428 2865 1479 Et
2897 1428 2961 1479 de
2993 1427 3096 1480 hoc
3129 1425 3262 1478 nulli
3296 1440 3535 1492 unquam

248 1518 487 1572 dubium
522 1518 648 1572 fuit.
675 1519 857 1584 Quare
894 1517 1111 1570 ﬁrmum
1139 1526 1469 1583 certumque
1496 1525 1704 1571 manet.
1733 1514 1936 1567 Niceta:
1973 1514 2194 1567 Davidis
2225 1513 2639 1583 Expositionem
2680 1515 2734 1567 in
2762 1519 3052 1576 carmina;
3087 1513 3291 1567 Ntcctte
3338 1514 3535 1567 Serro-

250 1606 365 1671 nis,
396 1605 818 1673 Expositionem
847 1605 902 1658 in
930 1604 1225 1659 Orationes
1256 1604 1585 1657 Nazianzcni
1620 1618 1762 1655 esse.

554 1969 1439 2145 NIKHTA
1535 1962 1981 2141 ΤΟΥ
2071 1968 2241 2137 Χ

1554 1962 1981 2141 ΤΟΥ
2071 1960 2644 2137 ΧΩΝΙ
2666 1955 3247 2132 ΑΤΟΥ

1526 2244 2252 2383 ΙΣΤΟΡΙΑ.

781 2677 1661 2861 NICET/E
1799 2669 3002 2853 CHONIAT/E

1508 3001 2319 3137 HISTORIA.

239 1760 3531 1815 ww

799 3418 1298 3472 IIINENTISSIMO
1342 3420 1602 3465 sane“:
1646 3414 1925 3462 ROMANJE
1968 3414 2274 3459 ECCLESIE
2317 3412 2492 3457 eum

1273 3422 1298 3466 Ξ)
1342 3420 1602 3465 8ΔΝοΤ1Ε
1646 3414 1925 3462 ΒΟΜΑΝΛΕ
1968 3414 2274 3459 ECCLESIE
2317 3411 2592 3457 PRINCIPI
2624 3409 2966 3457 CARDINALI

1541 3546 1769 3611 JULIO
1805 3548 2019 3611 ΜΔΖΔ
2037 3545 2247 3607 ΜΝΟ.

308 3884 499 3941 Editio
537 3881 743 3937 Nicetae
766 3892 907 3933 nova
936 3885 1232 3948 patronum
1265 3874 1368 3929 sibi
1404 3888 1471 3926 ex
1498 3887 1648 3927 more
1681 3868 1964 3941 quaerebat
1991 3867 2259 3922 adversus
2287 3867 2557 3938 malignos
2599 3867 2951 3937 invidosque.
2999 3868 3147 3925 Unus
3195 3884 3514 3938 occari-isti,

233 3972 540 4032 card.n.tlis
582 3965 1045 4028 eminentissime,
1086 3963 1247 4032 cujus
1286 3961 1598 4031 pa.rneinio
1642 3976 1755 4013 non
1797 3957 1935 4013 levis
1972 3967 2166 4010 auctor
2213 3970 2335 4009 sese
2385 3956 2780 4019 committeret,
2832 3973 3005 4010 unum
3050 3966 3101 4011 te
3132 3957 3402 4027 siquidem
3434 3963 3514 4014 \i-

236 4065 442 4119 demus
474 4057 746 4113 litteraria
783 4062 1145 4108 monumenta
1178 4051 1302 4105 orbi
1334 4050 1547 4105 Gallico
1576 4049 1803 4102 forsitan
1838 4046 2023 4115 ignota
2053 4044 2261 4112 ubique
2289 4045 2534 4111 gentium
2578 4045 2834 4113 conquiri
2879 4050 3095 4117 jubere,
3128 4056 3183 4101 et
3211 4048 3265 4102 in
3311 4049 3515 4106 biblio-

235 4153 459 4206 thecam
492 4156 635 4200 tuam
676 4141 1164 4211 incomparabilem
1198 4138 1435 4200 admitti,
1469 4145 1529 4190 ut
1559 4146 1614 4189 et
1645 4132 2014 4187 certissimum
2047 4131 2119 4184 sit
2148 4131 2474 4200 scriptorem
2505 4132 2599 4201 qui
2633 4143 2685 4186 te
2719 4134 2864 4188 ultro
2904 4134 3021 4188 adit
3054 4136 3289 4203 benigna
3327 4136 3513 4193 fronte

234 4240 542 4294 admissum
577 4236 668 4289 iri.
702 4234 816 4286 Hoc
842 4246 976 4284 vero
1020 4230 1272 4283 omnium
1326 4226 1528 4295 linguis
1576 4222 1946 4290 laudibusque
1978 4218 2249 4273 celebrari
2301 4219 2489 4283 debet,
2523 4221 2673 4289 quod
2712 4221 2843 4276 licet
2869 4236 2934 4276 ea
2986 4222 3301 4291 prudentia,
3344 4243 3509 4294 quam

233 4326 423 4381 caeteri
450 4340 518 4378 ex
553 4323 821 4377 librorum
856 4318 1095 4374 lectione
1127 4314 1480 4369 emendicare
1531 4325 1760 4366 necesse
1807 4309 2036 4372 habent,
2086 4306 2188 4360 tibi
2222 4307 2466 4376 ingenita
2515 4308 2608 4374 sit,
2646 4323 2744 4363 eos
2773 4317 2955 4363 tamen
2994 4318 3142 4364 tanta
3173 4312 3342 4366 animi
3377 4328 3510 4369 con-

235 4414 487 4469 tentione
525 4421 744 4477 tamque
777 4412 1026 4477 impenso
1060 4410 1283 4472 sumptu
1308 4401 1617 4471 comparari
1648 4398 1751 4461 vis,
1788 4412 1852 4449 ac
1883 4394 1929 4448 si
1967 4394 2257 4463 prudentia
2290 4394 2382 4447 illa
2406 4408 2516 4449 non
2541 4395 2639 4450 tibi
2670 4406 2901 4465 cognata
2925 4397 3021 4451 sed
3047 4398 3234 4453 labore
3262 4405 3503 4467 paranda

230 4510 406 4555 esset.
438 4501 625 4567 Itaque
654 4497 801 4549 bono
834 4494 1009 4563 magis
1042 4492 1268 4561 publico
1298 4489 1699 4543 bibliothecam
1733 4484 1981 4539 instituis
2019 4498 2183 4553 quam
2218 4492 2336 4549 tuo,
2373 4492 2436 4537 ut
2464 4497 2661 4539 omnes
2694 4484 3005 4554 intelligant
3037 4494 3094 4539 et
3131 4502 3245 4542 rem
3278 4489 3407 4543 belli
3446 4502 3504 4545 et

233 4586 391 4657 pacis
422 4587 624 4639 det-ora
657 4596 913 4652 peraeque
948 4580 1048 4632 tibi
1077 4592 1224 4632 curae
1252 4592 1396 4631 esse.
1425 4576 1615 4630 Altero
1647 4572 1841 4628 Gallici
1880 4572 2074 4626 hostes
2108 4572 2352 4625 nominis
2391 4572 2635 4637 obteres,
2684 4572 2858 4627 altero
2910 4573 3208 4641 peritiores
3250 4577 3502 4632 homines

229 4675 461 4736 eﬁicies,
496 4681 556 4725 ut
584 4681 789 4740 quanto
817 4668 892 4723 sis
913 4676 1242 4721 ornamento
1267 4664 1505 4734 principi
1536 4673 1593 4717 et
1615 4678 1778 4733 quam
1806 4676 2072 4730 prospere
2101 4676 2215 4715 rem
2238 4661 2505 4717 Gallicam
2542 4675 2722 4731 geras,
2758 4677 2867 4716 non
2896 4663 3061 4719 modo
3094 4664 3182 4720 his
3203 4666 3299 4735 qui
3330 4668 3498 4723 vitam

233 4764 455 4823 vivunt,
487 4760 582 4813 sed
620 4760 791 4813 etiam
828 4755 1064 4827 posteris
1100 4763 1332 4808 narrent
1361 4762 1419 4807 et
1448 4751 1692 4805 tradant.
1723 4750 1934 4804 Felices
1956 4763 2140 4804 autem
2165 4758 2250 4803 ter
2275 4760 2583 4820 quaterque
2611 4749 2668 4804 hi
2699 4766 2936 4821 quorum
2966 4768 3135 4823 opera
3162 4770 3349 4809 rerum
3378 4773 3409 4812 a
3447 4768 3500 4814 te

238 4852 507 4919 praeclare
534 4857 814 4916 gestarum
845 4842 1113 4898 memoria
1143 4840 1398 4895 testatior
1426 4838 1556 4902 erit,
1587 4838 1701 4891 sive
1736 4836 1885 4906 quod
1933 4837 2160 4892 materia
2188 4837 2458 4891 illustrior
2488 4838 2606 4893 sive
2636 4840 2781 4908 quod
2813 4854 3000 4894 rerum
3032 4843 3189 4911 copia
3225 4845 3374 4899 nulla
3420 4849 3503 4900 eis

233 4939 415 5008 possit
448 4935 674 4989 uberior
699 4932 1059 5001 contingere:
1093 4926 1562 4998 quemadmodum
1597 4926 1746 4979 enim
1774 4924 1853 4979 rei
1897 4926 2165 4979 tenuitate
2196 4926 2488 4992 scriptoris
2531 4926 2853 4996 eloquentia
2891 4927 3182 4994 deteritur,
3221 4931 3297 4985 ita
3326 4941 3382 4986 et
3419 4937 3499 4989 rei

229 5026 503 5097 dignitate
526 5020 859 5077 clarescitet
893 5018 1246 5073 diffunditur.
1280 5014 1346 5068 lli
1388 5014 1575 5070 Gallia:
1610 5013 1744 5067 ﬁnes
1790 5013 2229 5083 prudentissimo
2268 5012 2705 5085 felicissimeque
2748 5016 2985 5070 consilio
3029 5026 3125 5072 tuo
3157 5020 3403 5088 prolatos
3440 5026 3497 5079 in

227 5114 387 5169 Italia
423 5109 760 5172 narrabunt,
783 5118 841 5162 et
866 5106 1067 5161 frustra
1094 5121 1216 5160 esse
1232 5119 1329 5159 eos
1346 5103 1439 5173 qui
1462 5102 1673 5157 Gallico
1693 5102 1926 5171 imperio
1950 5101 2090 5156 ﬁnes
2129 5111 2404 5169 statuunt,
2442 5104 2590 5173 quod
2623 5103 2909 5159 Gallorum
2941 5105 3121 5163 virtus
3145 5107 3350 5166 invicta
3385 5128 3496 5166 non

229 5203 437 5255 ﬁnibus
460 5198 649 5261 certis,
681 5195 779 5251 sed
806 5195 940 5249 orbe
966 5194 1276 5250 claudatur.
1313 5191 1377 5246 Hi
1406 5190 1715 5247 Germania:
1740 5189 2022 5261 principes
2053 5190 2224 5245 armis
2245 5191 2529 5247 Gallorum
2560 5193 2884 5249 victricibus
2908 5198 3198 5255 exterritos
3216 5199 3497 5269 quievisse

233 5288 493 5344 neutrive
521 5287 663 5357 parti
689 5299 812 5340 sese
844 5282 1124 5338 addixisse
1161 5281 1417 5345 tradent;
1459 5295 1571 5349 quo
1606 5278 1752 5334 facto
1792 5277 1899 5333 sibi
1939 5277 2288 5348 posterisque
2325 5278 2441 5334 suis
2473 5280 2786 5335 consultum
2842 5283 3062 5338 iverunt
3099 5290 3157 5339 et
3201 5285 3497 5343 imminent-

231 5387 341 5432 tem
374 5375 544 5430 rebus
568 5373 686 5427 suis
716 5372 925 5426 exitum
959 5369 1315 5439 depulerunt.
1360 5368 1427 5422 lli
1456 5366 1642 5422 Gallos
1673 5365 1852 5436 copiis
1888 5366 2049 5438 longe
2097 5366 2342 5437 impares
2371 5368 2603 5423 classem
2640 5368 2895 5425 hostilem
2920 5370 3192 5429 devicisse
3222 5376 3458 5445 praedico
3477 5410 3492 5419 ε

232 5466 393 5523 bunt.
421 5471 478 5516 et
507 5476 605 5515 eos
632 5460 726 5529 qui
761 5460 829 5513 de
859 5458 1033 5529 gloria
1063 5467 1373 5512 certaturos
1399 5470 1458 5510 se
1490 5456 1781 5521 putabant,
1813 5458 2001 5513 statim
2038 5457 2145 5512 sibi
2188 5459 2256 5513 de
2287 5458 2463 5514 salute
2510 5462 2839 5516 certandum
2880 5463 3238 5529 intellexisse,
3272 5468 3490 5524 tametsi

229 5552 476 5621 superba
508 5548 663 5602 natio
697 5561 864 5601 naves
891 5546 1167 5607 solvisset,
1194 5553 1252 5598 ut
1284 5545 1441 5614 quasi
1476 5557 1573 5612 per
1607 5544 1800 5599 ludum
1828 5548 2122 5617 jocumque
2148 5545 2389 5603 Gallicas
2425 5548 2783 5619 deprimeret.
2816 5550 2955 5606 Galli
2988 5568 3096 5609 non
3130 5570 3362 5611 numero
3393 5553 3492 5612 sed

228 5641 439 5693 virtute
475 5646 799 5691 censentur.
834 5633 971 5688 Hinc
997 5632 1209 5688 feroces
1235 5632 1515 5687 exercitus
1542 5646 1687 5703 saepe
1728 5634 1798 5687 ab
1830 5635 1918 5690 his
1954 5644 2301 5706 expugnatos
2336 5635 2547 5701 videas,
2594 5637 2727 5692 hinc
2765 5638 2933 5693 etiam
2978 5649 3267 5696 terrestres
3304 5643 3495 5709 cupias

227 5729 282 5782 in
306 5741 462 5796 spem
496 5726 741 5778 victoriae
770 5734 983 5779 erectas
1010 5725 1081 5777 ob
1111 5730 1467 5791 superantem
1498 5722 1910 5779 multitudinem
1944 5725 2156 5779 deletas
2195 5725 2557 5794 attritasque.
2591 5726 2734 5781 Eant
2768 5744 2920 5785 nunc
2946 5731 3040 5798 qui
3087 5738 3238 5784 retro
3260 5740 3493 5801 tempo-

228 5832 353 5869 rum
388 5813 677 5868 ministros
713 5812 974 5868 laudibus
998 5812 1052 5865 in
1087 5812 1288 5867 cmlum
1321 5811 1618 5866 extollunt.
1652 5812 1758 5875 Tu,
1788 5810 2090 5867 cardinalis
2121 5813 2580 5876 eminentissime,
2622 5830 2747 5869 cum
2792 5816 2936 5873 fasce
2977 5832 3257 5873 armorum
3308 5818 3493 5889 plures

234 5902 427 5960 vinces
462 5916 630 5972 quam
672 5900 767 5957 alii
801 5900 1094 5971 explicatis
1123 5900 1311 5955 armis.
1345 5899 1427 5952 Tu
1458 5898 1641 5954 vivida
1679 5910 1863 5956 mente
1905 5911 1997 5954 tua
2032 5909 2086 5955 et
2130 5900 2310 5971 sagaci
2359 5902 2593 5957 consilio
2636 5905 2747 5976 regi
2787 5904 3283 5972 Christianissimo,
3322 5919 3488 5975 quem
