4288 6364
737 390 849 450 303
1913 401 2013 460 AD
2050 401 2099 462 Ν
2113 403 2349 464 [ΟΕΤΕ
2393 405 2430 464 Η

2326 403 2349 463 Ξ
2393 404 2822 470 HISTORIAM
3075 413 3080 420 ”
3913 368 4019 482 εολ

874 509 1062 602 populi
1098 523 1238 602 pene
1273 524 1468 565 omnes
1501 511 1758 602 adorant,
1787 516 1975 583 plures
2009 517 2326 585 triumphos
2356 520 2580 587 parabis
2610 539 2775 592 quam
2804 527 2899 580 alii
2942 527 2992 580 vi
3026 544 3331 599 manuque.
3374 531 3547 602 Perge
3596 531 3759 585 modo
3807 533 3886 586 rei
3919 547 4024 601 pu-

734 594 895 649 blicae
931 596 1216 650 litterariae
1250 601 1517 666 prodesse
1549 610 1606 654 et
1635 601 1899 656 litteratis
1949 605 2266 660 hominibus
2314 606 2526 673 favere,
2571 611 2692 664 sine
2725 613 2931 680 quibus
2963 594 3231 670 viroruin'
3263 594 3566 672 illustrium
3610 617 3777 681 facta,
3831 594 4020 672 statim

735 694 904 775 atque
960 686 1200 738 animum
1258 685 1662 758 deposuerunt,
1718 689 2083 754 intercidunt,
2112 701 2167 745 et
2199 709 2324 745 eum
2360 710 2598 765 corpore
2650 716 2858 769 magna:
2889 717 3113 773 quoque
3163 704 3365 759 anima
3413 707 3847 775 exstinguuntur
3882 704 4015 760 dum

735 773 986 826 silentur.

1825 865 2156 922 Eminentius
2189 879 2295 923 tua:
2325 869 2743 927 addictissinius
2776 870 3101 934 CAROLUS
3128 879 3433 936 ANNIBAL
3468 879 3854 938 FABROTUS.

721 1282 805 1325 AD
842 1281 1240 1326 MAGNIFICUII
1275 1282 1352 1326 ΕΤ
1390 1282 1779 1327 GENEROSUM
1811 1283 2036 1338 νιιιωι,
2063 1285 2133 1328 Ὁ.
2169 1271 2404 1333 ᾸΝΤΟΝΙ

2324 1273 2914 1339 ικιυςιῖυϐσειιυω,
2951 1289 3377 1337 maculantia:
3422 1292 3499 1334 ετ
3529 1292 4017 1339 WEISSENBORN!

801 1359 1128 1414 DOMINUM,
1178 1360 1490 1406 CESAREE
1528 1362 1872 1408 MAJESTATI
1906 1367 1944 1408 Α
1992 1363 2327 1425 CONSILIIS,
2365 1366 2482 1410 ETC

2324 1399 2327 1416 ,
2365 1366 2505 1410 ETC.
2543 1365 2609 1409 ΙΝ
2643 1365 2885 1411 ΝΙΩΕΪΕ
2931 1369 3274 1420 ΔΟΟΗΙΝΑἸῚ
3304 1369 3637 1416 ΩΗΟΝΙΔΤΑΞ
3670 1372 4017 1418 HISTORIAM

813 1440 1173 1486 HIERONYMI
1222 1441 1448 1486 WOLFH
1486 1443 1815 1489 PREFATIO
1828 1477 1840 1489 .

792 1615 1009 1670 Zonara
1025 1631 1074 1668 m
1113 1626 1296 1679 tuum,
1326 1615 1413 1669 vir
1445 1617 1810 1687 amplissime,
1837 1616 2143 1673 Clmniates
2175 1619 2450 1688 sequitur,
2481 1620 2648 1674 homo
2680 1634 2777 1674 sua
2809 1630 2973 1676 aetate
3009 1636 3118 1676 non
3149 1630 3365 1677 tantum
3404 1623 3618 1692 magnis
3647 1624 4020 1696 dignitatibus

715 1715 970 1768 ornatus,
1004 1703 1101 1759 sed
1139 1706 1306 1760 etiam
1335 1707 1558 1777 ingenio
1584 1715 1639 1760 et
1668 1707 1961 1776 multiplici
1987 1709 2239 1763 doctrina
2276 1717 2566 1777 prrstans,
2596 1719 2652 1764 et
2675 1710 2930 1764 veritatis
2955 1710 3223 1774 historia,
3248 1719 3309 1766 ut
3338 1711 3472 1766 mihi
3503 1712 3750 1774 videtur.
3804 1714 4014 1783 ubique

715 1795 1024 1859 studiosus,
1050 1796 1246 1850 ordine
1279 1798 1570 1864 aptissimo
1589 1807 1646 1851 et
1670 1796 1978 1852 lectoribus
2005 1797 2304 1851 utilissimo
2330 1813 2342 1858 ;
2372 1795 2469 1865 qui
2503 1796 2644 1850 ordo
2668 1811 2795 1850 eum
2822 1799 3117 1867 sequentia
3139 1799 3206 1854 iis
3227 1813 3351 1870 qua:
3371 1810 3722 1855 antecessere
3751 1801 4015 1872 adjungat

711 1893 879 1953 atque
916 1885 1201 1944 adnectat.
1228 1886 1472 1939 historia:
1507 1885 1788 1956 quoddam
1830 1887 1989 1956 quasi
2025 1901 2232 1955 corpus
2273 1886 2511 1941 absolvit
2535 1897 2590 1941 et
2623 1888 2678 1941 in
2705 1903 2810 1942 suo
2839 1902 3045 1960 genere
3071 1889 3328 1944 homines
3366 1890 3623 1944 eruditos
3665 1891 3870 1951 reddit,
3905 1890 4012 1944 hoc

709 1987 816 2036 est.
846 1993 874 2030 a
909 1977 1073 2046 vulgo
1106 1977 1424 2030 mortalium
1457 1977 1773 2048 distinguit.
1808 1977 2012 2033 Multos
2040 1992 2174 2032 sane
2216 1973 2490 2038 invenias,
2513 1975 2608 2045 qui
2634 1975 2738 2029 etsi
2771 1976 3032 2032 alitteris
3065 1977 3465 2042 alieni,'tamen
3494 1978 3753 2033 acumine
3778 1979 4010 2048 ingenii.

711 2066 994 2130 tarundia,
1039 2083 1144 2121 usu
1184 2083 1397 2130 rerum,
1446 2067 1790 2122 doctissimis
1820 2068 1984 2131 viris,
2018 2066 2117 2123 sed
2145 2067 2231 2121 vel
2277 2073 2476 2121 natura
2524 2063 2870 2119 tardioribus
2903 2065 2992 2121 vel
3042 2067 3099 2120 in
3148 2065 3442 2122 hominum
3473 2066 3787 2137 frequentia
3825 2069 4013 2121 minus

706 2158 963 2217 versatis,
992 2156 1094 2210 etsi
1133 2172 1356 2211 onmem
1404 2167 1623 2211 aetatem
1676 2158 1728 2211 in
1779 2160 2115 2229 optimarum
2163 2156 2370 2211 artium
2417 2139 2619 2209 studiis
2659 2153 3000 2218 contrivere,
3052 2155 3441 2223 praeferantur.
3490 2155 3700 2220 Quodsi
3733 2155 3799 2209 ad
3855 2156 4009 2209 illam

707 2255 917 2299 naturm
949 2244 1272 2299 felicitatem
1308 2252 1364 2298 et
1393 2246 1756 2315 multiplicem
1787 2247 2190 2318 experientiam
2223 2245 2539 2300 accuratior
2570 2253 2624 2298 et
2656 2243 2973 2301 methodica
3009 2245 3286 2299 institutio
3323 2246 3678 2312 accessisset,
3717 2246 3850 2316 quid
3881 2261 4010 2300 cum

706 2336 928 2388 illorum
960 2333 1293 2387 excellentia
1323 2335 1638 2403 comparari
1669 2337 1900 2405 posset?
1921 2336 2083 2392 Nunc
2112 2333 2377 2389 laudibus
2405 2349 2604 2388 eorum
2636 2341 2855 2387 tantum
2904 2331 3130 2388 decedit
3174 2343 3448 2402 quantum
3482 2335 3800 2390 accuratior
3835 2334 4001 2387 insti-

704 2423 846 2477 tutio
881 2422 990 2477 illis
1015 2421 1346 2476 addidisset.
1379 2422 1570 2493 Neque
1598 2425 1747 2477 enim
1780 2422 1922 2478 falso
1955 2423 2161 2478 dicitur
2195 2432 2401 2488 artem,
2433 2438 2557 2493 qua:
2579 2431 2666 2478 est
2693 2423 2899 2493 ingenii
2926 2423 3100 2478 veluti
3137 2423 3293 2478 rudis
3313 2425 3525 2494 speculi
3555 2425 3715 2495 quasi
3738 2423 4015 2493 expolitio

707 2512 989 2583 qumdam,
1020 2513 1318 2566 certiorem
1353 2527 1479 2566 esse
1508 2512 1708 2567 ducem
1735 2528 1903 2582 quam
1932 2523 2213 2573 naturam.
2250 2501 2416 2584 atque
2449 2511 2616 2566 etiam
2651 2510 2914 2567 uberiore
2941 2530 2993 2565 ιι.
3029 2511 3166 2566 Nam
3198 2515 3294 2583 qui
3335 2513 3505 2568 nullis
3537 2512 3876 2568 eruditionis
3902 2511 4004 2566 ad-

705 2600 991 2656 miniculis
1023 2610 1439 2664 sustentantur,
1479 2609 1691 2656 temere
1727 2601 2058 2671 plerumque
2093 2600 2353 2656 feruntur
2388 2612 2444 2655 et
2471 2609 2626 2654 extra
2655 2601 2883 2666 limites,
2913 2616 3026 2671 quo
3057 2601 3230 2656 animi
3251 2612 3421 2657 astus
3452 2603 3618 2672 rapit,
3646 2611 3957 2672 evagantur
3991 2619 4006 2652 :

701 2691 852 2745 docti
880 2706 909 2744 a
933 2690 1104 2745 certis
1132 2689 1308 2744 initiis
1335 2689 1403 2753 ad
1439 2700 1616 2745 metas
1647 2691 1845 2745 ordine
1870 2691 2305 2763 progrediendo,
2341 2691 2528 2746 statim
2586 2691 2641 2746 in
2689 2704 2952 2762 promptu
2995 2691 3203 2747 habent
3233 2708 3358 2762 qua:
3398 2694 3464 2748 ad
3499 2709 3615 2748 rem
3663 2694 4006 2760 pertineant.

706 2778 786 2832 ilii
824 2778 1019 2842 multa,
1055 2777 1110 2831 hi
1146 2779 1411 2848 pleraque
1443 2779 1586 2834 scitu
1617 2778 1781 2848 digna
1826 2789 2019 2834 tenent
2062 2798 2074 2834 :
2117 2780 2194 2834 illi
2233 2781 2547 2851 fragmenta
2595 2782 2856 2860 quadam
2905 2791 2962 2837 et
3022 2784 3182 2849 quasi
3231 2783 3463 2854 disjecta
3512 2783 3764 2839 membra
3803 2799 4003 2839 conse-

700 2881 951 2930 ctantur,
987 2868 1042 2923 hi
1079 2869 1320 2922 solidum
1366 2869 1648 2938 quoddam
1691 2883 1746 2923 ct
1786 2873 1902 2923 suis
1936 2871 2185 2924 numeris
2227 2868 2547 2925 ahsoiutom
2587 2870 2842 2926 humanae
2895 2871 3225 2942 cognitionis
3280 2888 3484 2942 corpus
3529 2874 4004 2944 complectuntur.

699 2956 849 3021 Quas
879 2955 952 3008 ob
983 2969 1073 3008 res
1103 2968 1206 3025 ego
1241 2954 1540 3023 pcrbeatos
1569 2969 1665 3009 eos
1693 2971 1815 3009 esse
1844 2955 2062 3026 judico,
2095 2954 2304 3025 quibus
2330 2964 2388 3010 ct
2417 2972 2484 3012 ea
2505 2958 2777 3013 voluntas
2807 2960 3044 3030 contigit
3073 2968 3133 3014 ut
3175 2961 3431 3032 cupiant,
3479 2971 3537 3016 et
3576 2976 3661 3016 ea
3705 2961 4003 3018 facultates

701 3053 1008 3114 suppetunt
1039 3054 1099 3098 ut
1132 3044 1368 3113 possint.
1409 3044 1550 3099 citra
1585 3044 2070 3113 impedimentum,
2104 3044 2175 3099 ab
2210 3044 2442 3102 ineunte
2489 3057 2654 3104 artato
2707 3064 2884 3118 usque
2908 3049 2974 3103 ad
3010 3049 3062 3103 id
3098 3061 3317 3120 tempus
3347 3049 3494 3119 quod
3531 3050 3699 3106 rebus
3743 3051 4012 3123 gerendis

696 3143 886 3203 aptum
919 3142 1028 3198 est,
1060 3131 1471 3203 philosophari,
1521 3147 1586 3187 ac
1638 3145 1754 3186 tum
1790 3133 2014 3187 demum
2064 3131 2262 3203 agendi
2320 3134 2608 3191 solertiam
2661 3152 2789 3192 cum
2834 3137 3089 3193 veritatis
3119 3139 3591 3209 coiitemplatioue
3638 3141 4006 3211 conjungere.

698 3224 906 3279 animis
941 3225 996 3279 in
1035 3223 1209 3279 cuslos
1240 3233 1297 3277 et
1325 3223 1508 3293 ipsum
1547 3224 1748 3286 Deum,
1775 3223 2104 3293 corporibus
2146 3222 2200 3276 in
2237 3221 2496 3279 humana:
2532 3225 2817 3279 societatis
2853 3227 3340 3281 conservationem
3393 3229 3650 3282 intentis.
3701 3227 3828 3283 lla:c
3867 3228 4006 3282 mihi

698 3318 809 3371 vita
845 3330 973 3370 vere
1010 3314 1255 3368 humana
1292 3322 1348 3368 et
1378 3312 1568 3384 potius
1602 3312 1791 3366 divina
1845 3327 2069 3382 semper
2101 3310 2218 3366 visa
2248 3321 2355 3376 est,
2387 3321 2444 3367 et
2487 3313 2754 3368 omnibus
2798 3314 2867 3368 iis
2904 3315 3289 3382 voluptatibus
3331 3332 3455 3386 quae
3503 3331 3630 3370 cum
3672 3315 3854 3370 brutis
3883 3317 4037 3370 ani-'

699 3405 982 3463 mantibus
1021 3405 1136 3458 fere
1166 3417 1498 3458 communes
1528 3411 1660 3457 sunt
1695 3401 2064 3472 prteferenda.
2113 3401 2174 3456 lu
2201 3417 2311 3472 quo
2335 3401 2595 3457 assentiri
2631 3401 2769 3457 mihi
2799 3412 2856 3458 et
2883 3419 2950 3457 ex
2985 3402 3168 3459 doctis
3214 3413 3272 3460 et
3315 3420 3381 3460 cx
3434 3403 3677 3460 indoctis
3729 3406 4008 3476 optimum

701 3505 757 3550 et
830 3491 1334 3565 prudentissimum
1400 3506 1719 3560 quemque,
1790 3490 1904 3545 imo
1960 3505 2050 3544 me
2103 3491 2288 3560 potius
2337 3506 2465 3544 cum
2519 3492 2744 3546 illorum
2823 3493 3122 3548 sententiis
3189 3509 3540 3563 congruere,
3600 3505 3838 3549 constat.
3889 3494 4010 3549 Nec

697 3602 852 3645 tuum
893 3588 996 3643 hac
1048 3587 1104 3641 in
1145 3602 1226 3649 re,
1275 3595 1338 3640 ut
1375 3595 1428 3640 et
1466 3585 1522 3639 in
1554 3585 1795 3650 czeteris,
1849 3583 2178 3655 praeclarum
2229 3580 2528 3653 judicium,
2569 3579 2719 3649 quod
2772 3588 2830 3634 et
2862 3591 2976 3636 tota
3017 3581 3342 3653 Fuggcrana
3383 3582 3592 3638 familia
3625 3599 3824 3656 magno
3865 3598 4008 3638 con-

695 3695 860 3737 sensu
910 3679 1168 3749 sequitur
1225 3686 1282 3732 et
1337 3674 1551 3730 cordati
1600 3691 1797 3731 omnes
1853 3690 2069 3730 summe
2130 3673 2390 3746 probant,
2456 3671 2760 3725 obseurum
2816 3683 2930 3736 est;
3011 3672 3105 3741 qui
3155 3672 3299 3728 filios
3362 3683 3485 3728 tuos
3545 3675 3895 3745 ingeniorum
3949 3682 4012 3730 ct

693 3783 995 3840 corporum
1047 3766 1240 3836 vigore
1303 3773 1633 3836 praestantes
1686 3764 1756 3820 ab
1810 3764 1947 3833 ipsis
1997 3778 2167 3834 prope
2218 3759 2519 3816 cunabulis
2577 3775 2755 3830 usque
2807 3758 2876 3815 ad
2921 3760 3232 3827 iuventutis
3281 3762 3502 3818 initium
3564 3780 3594 3818 a
3656 3763 4006 3819 doctissimis

695 3857 1156 3932 pra-ceptoribus,
1227 3855 1283 3908 in
1341 3853 1729 3909 celeberrimis
1763 3854 2083 3924 quibusque
2136 3853 2374 3921 Europa:
2428 3849 2757 3920 gymnasiis,
2809 3863 3004 3904 severa
3073 3850 3364 3910 disciplina
3427 3851 3802 3908 moderandas
3857 3854 4009 3924 οιιιί·

694 3961 1026 4017 maruinque
1076 3943 1281 4000 artium
1343 3952 1398 3999 ct
1447 3943 1765 4015 l'nguarum
1824 3943 2146 4015 cognitione
2201 3940 2542 3997 imbuendos
2585 3937 2827 3994 curaris.
2874 3936 3092 4006 Quibus
3127 3939 3202 3994 illi
3237 3939 3307 3995 de
3354 3944 3538 3997 causis
3566 3956 3625 3997 se
3667 3957 3777 3998 non
3819 3942 4009 3999 minus

693 4041 795 4095 lilii
853 4036 1080 4098 debere,
1116 4048 1226 4104 qua
1283 4033 1490 4104 pietate
1525 4047 1591 4088 ac
1638 4032 1934 4103 prudentia
1987 4041 2142 4094 sunt.
2181 4031 2538 4101 profitentur,
2571 4029 2926 4103 quanrquod
2958 4030 3129 4084 vitam
3153 4041 3212 4086 et
3256 4031 3493 4086 maxima
3543 4048 3778 4104 quaque
3828 4048 4006 4089 orna-

692 4136 880 4185 menta
911 4126 1058 4181 felici
1093 4125 1336 4194 quodam
1360 4122 1476 4177 fato
1502 4123 1603 4179 abs
1627 4131 1682 4178 te
1711 4131 2094 4194 acceperunt;
2136 4122 2233 4194 qui
2261 4135 2431 4177 verus
2455 4135 2567 4176 non
2598 4128 2814 4174 tantum
2843 4133 3140 4202 corporum
3171 4117 3266 4174 sed
3297 4120 3466 4175 etiam
3499 4121 3814 4177 animorum
3845 4133 4010 4194 pater

690 4234 813 4275 esse
865 4215 1116 4277 voluisti,
1160 4228 1266 4269 nec
1306 4213 1568 4285 genuisse
1613 4221 1916 4268 contentus
1950 4214 2204 4283 utrisque
2236 4227 2301 4267 ea
2336 4207 2714 4281 suppeditasti
2774 4207 2831 4262 in
2876 4207 3084 4277 quibus
3135 4206 3380 4262 humana
3430 4207 3671 4265 felicitas
3721 4211 4002 4265 consistit.

692 4309 764 4366 Ut
797 4317 984 4363 autem
1028 4313 1249 4358 terrena
1293 4316 1530 4373 corpora
1566 4313 1729 4357 terra:
1759 4301 2018 4373 frugibus
2045 4301 2295 4366 aluntur,
2328 4299 2411 4356 sic
2454 4297 2702 4355 caelestis
2733 4307 2793 4352 et
2837 4294 3064 4351 divinus
3102 4296 3328 4352 animus
3361 4311 3529 4352 suum
3568 4308 3786 4368 pastum
3833 4296 4008 4353 habet

692 4396 1090 4452 eruditionem.
1115 4393 1292 4460 Quam
1326 4405 1356 4446 a
1387 4390 1536 4463 vulgi
1565 4391 1705 4457 fece,
1735 4391 1843 4448 hoc
1883 4401 1970 4448 est
2011 4406 2042 4446 a
2079 4391 2326 4464 pessimo
2362 4397 2421 4445 et
2454 4386 2793 4445 stultissimo
2846 4400 3091 4457 quoque,
3144 4387 3430 4442 contemni
3478 4402 3542 4442 ac
3594 4386 3840 4442 derideri
3889 4402 4002 4442 non

691 4493 776 4541 est
813 4482 1154 4546 mirandum,
1195 4496 1322 4536 cum
1374 4480 1526 4551 quod
1558 4480 1627 4538 de
1660 4497 1721 4538 re
1757 4481 1945 4555 ignota
1983 4481 2166 4538 nihilo
2209 4479 2421 4536 rectius
2459 4477 2710 4534 statuere
2741 4484 2979 4547 possunt
3008 4490 3176 4546 quam
3210 4490 3394 4532 caicus
3431 4475 3503 4530 de
3532 4476 3822 4531 coloribus
3875 4491 4006 4547 pro-

691 4573 981 4635 nuntiare,
1041 4581 1158 4626 tum
1190 4568 1340 4641 quod
1386 4568 1542 4626 vitiis
1584 4578 1754 4641 atque
1787 4571 2018 4643 ineptiis
2047 4568 2490 4628 semidoctoruin
2525 4565 2902 4638 quormdam
2951 4575 3051 4620 aut
3092 4576 3490 4636 corruptorum
3540 4563 3834 4620 hominum
3884 4579 4002 4620 rem

692 4662 1179 4734 praeclarissimam
1217 4662 1547 4716 metiuntur.
1579 4660 1718 4718 Nam
1767 4663 1901 4733 quid
1932 4672 2021 4718 est
2048 4661 2205 4718 aliud
2237 4660 2487 4718 eruditio
2515 4658 2625 4713 nisi
2650 4656 3060 4729 amplissimum
3092 4656 3373 4728 quoddam
3409 4663 3465 4712 et
3506 4655 4015 4712 instruetissimum'

687 4752 1167 4822 amphitheatrum
1191 4749 1421 4806 humani
1464 4748 1670 4821 ingenii
1700 4754 1771 4805 et?
1794 4749 2160 4820 experientiae
2190 4746 2562 4820 multiplicis?
2592 4746 2662 4802 ad
2697 4747 2847 4819 quod
2891 4745 3279 4802 exornandum
3319 4754 3376 4800 et
3406 4744 3862 4816 locupletandum
3890 4761 4004 4802 non

691 4853 906 4898 iantum
962 4855 1161 4896 omnes
1207 4841 1492 4906 nationes,
1539 4844 1738 4895 Omnes
1775 4827 2070 4904 homines,
2109 4852 2308 4894 omnes
2351 4846 2549 4895 aetates
2609 4837 2811 4907 stipem
2861 4850 3018 4891 suam
3069 4836 3454 4899 contulerunt,
3511 4834 3610 4890 sed
3675 4836 3844 4891 etiam
3905 4835 4004 4892 Dei

690 4931 1026 4987 immortalis
1057 4928 1369 4985 liberalitas
1402 4929 1577 4984 multa
1603 4927 1856 4985 auctaria
1873 4928 2104 5000 adjecit,
2136 4927 2207 4985 iis
2235 4927 2408 4984 rebus
2429 4925 2634 4997 partim
2665 4939 2872 4980 arcano
2893 4923 3081 4980 ainatu
3108 4925 3309 4996 partim
3342 4939 3441 4995 per
3462 4924 3702 4996 insignia
3732 4925 4006 4982 miracula

693 5020 978 5082 relcvatis.
1025 5033 1166 5090 quas
1213 5017 1470 5074 obtusior
1521 5018 1753 5073 humani
1789 5017 2000 5089 ingenii
2056 5017 2210 5074 acies
2265 5018 2588 5088 perspicere
2626 5013 2860 5070 minime
2908 5015 3213 5085 potuisset.
3249 5013 3601 5072 Cumautem
3640 5016 3784 5071 ratio
3833 5029 4005 5088 atque

686 5112 874 5166 oratio
906 5109 1085 5164 multo
1131 5107 1307 5179 magis
1336 5121 1504 5178 quam
1545 5106 1728 5162 forma
1760 5120 2062 5177 corporum
2099 5105 2388 5162 hominem
2423 5105 2736 5179 distinguat
2771 5121 2802 5162 a
2831 5097 3142 5185 l:elluis,"et
3172 5107 3429 5185 veritatis
3452 5106 3630 5163 solida
3666 5108 3914 5180 cognitio
3943 5121 4006 5166 et

688 5203 897 5257 diserta
926 5199 1231 5272 explicatio
1263 5197 1335 5254 sit
1370 5199 1496 5272 ejus
1526 5198 1818 5269 proprium
1867 5209 2095 5262 munus,
2131 5195 2266 5268 quid
2295 5195 2446 5253 aliud
2483 5205 2570 5252 est
2605 5195 2995 5267 philosophari
3028 5211 3198 5267 quam
3234 5197 3291 5252 in
3327 5212 3399 5254 eo
3422 5197 3714 5255 elaborare
3741 5207 3804 5254 ut
3832 5191 4003 5256 voea-

690 5293 819 5350 bula
851 5306 980 5347 cum
1038 5289 1208 5347 rebus
1267 5291 1645 5354 consentiant,
1691 5295 1750 5343 et
1795 5295 1857 5343 ut
1907 5286 1941 5342 ii
1989 5287 2166 5342 simus
2201 5285 2299 5358 qui
2334 5283 2600 5350 dicimur,
2647 5283 2945 5340 homines?
2995 5284 3341 5364 complector
3388 5296 3578 5364 autem
3631 5276 4005 5359 philosophia

688 5383 918 5439 nomine
951 5391 1168 5437 tantnm
1195 5389 1474 5452 quantum
1505 5379 1683 5450 ipsius
1710 5375 2052 5450 significatio
2068 5375 2487 5448 complectitur,
2515 5373 2767 5430 studium
2821 5383 2988 5445 atque
3023 5389 3271 5430 amorem
3302 5377 3628 5447 sapientiai;
3653 5393 3778 5449 qua
3809 5395 4005 5437 rerum

686 5474 1008 5528 divinarum
1041 5479 1113 5527 et'
1148 5469 1527 5525 humanarum
1559 5481 1978 5538 causarumque
2002 5466 2210 5538 quibus
2236 5481 2318 5522 ea:
2345 5479 2438 5520 res
2467 5462 2836 5520 continentur
2863 5463 3099 5520 scientia
3144 5463 3438 5521 delinitur.
3469 5465 3648 5534 Quam
3703 5470 4002 5526 immensis

685 5573 855 5619 tatem
909 5577 1036 5617 cum
1074 5560 1229 5616 solus
1283 5560 1435 5618 Deus
1462 5574 1650 5616 rerum
1702 5557 1958 5614 omnium
1989 5555 2176 5637 opifex
2204 5564 2410 5622 teneat,
2474 5553 2630 5610 solus
2661 5560 2724 5609 ut
2756 5552 2908 5618 boni,
2966 5552 3042 5609 ita
3075 5563 3133 5610 et
3163 5555 3433 5625 sapientis
3491 5571 3696 5614 nomen
3733 5558 3861 5628 jure
3894 5561 4003 5617 sibi

685 5652 966 5712 rendicat:
989 5651 1249 5708 homines
1281 5661 1468 5706 autem
1492 5649 1785 5722 sapientia
1811 5656 1870 5705 et
1890 5645 2120 5704 virtutis
2138 5653 2394 5709 amantes
2418 5657 2486 5700 ac
2508 5644 2792 5701 studiosos
2813 5658 2938 5701 esse
2967 5644 3109 5701 nihil
3144 5655 3328 5714 vetat;
3361 5663 3475 5719 quo
3505 5663 3696 5704 amore
3721 5663 3786 5705 ac
3813 5652 4006 5708 studio

682 5757 796 5818 quo
832 5742 1073 5812 quisque
1105 5739 1328 5813 longius
1370 5739 1752 5812 progreditur,
1784 5751 1856 5794 eo
1897 5736 2133 5809 propius
2172 5750 2203 5791 a
2231 5733 2554 5793 calestibus
2581 5735 2760 5808 geniis
2788 5733 2968 5799 abest,
3013 5734 3147 5806 quia
3181 5749 3246 5792 ca
3271 5752 3335 5818 rc,
3360 5737 3669 5795 beatissimi
3695 5739 4002 5811 habentur,

679 5834 828 5902 quod
867 5833 1046 5903 ipsum
1075 5831 1275 5897 Deum,
1301 5828 1487 5887 omnis
1515 5828 1793 5887 bonitatis
1831 5838 1890 5885 et
1911 5825 2216 5899 sapientia
2249 5824 2486 5890 fontem,
2519 5825 2729 5898 jugiter
2759 5839 2886 5881 cum
2926 5823 3200 5881 ineﬂabili
3229 5817 3436 5898 gaudio
3471 5827 3767 5886 intuentur
3797 5831 4004 5902 (iique

679 5925 786 5982 alis
826 5923 1048 5995 piorum
1088 5919 1383 5980 beatitudo
1417 5930 1544 5995 post
1573 5920 1719 5978 hanc
1741 5918 1913 5977 vitam
1964 5915 2086 5975 fore
2117 5913 2266 5991 haud
2297 5914 2399 5974 abs
2447 5930 2506 5973 re
2545 5915 2819 5988 creditur)
2844 5909 2863 5983 ς’
2897 5930 3011 5989 quo
3048 5916 3281 5990 propius
3321 5919 3555 6001 resistit,
3586 5936 3656 5979 eo
3699 5922 3890 5981 minus
3913 5921 4006 5981 di-
