2144 3182
117 207 172 238 305
684 205 796 236 HlER.
816 203 961 234 WOLFII
983 201 1198 233 l'lL‘EFATiO.
1715 196 1769 227 306

117 262 252 297 gniratem
262 269 342 289 suam
354 266 383 290 cl
396 260 562 291 excellentis
577 264 684 289 natura
695 267 812 288 munera
826 263 929 287 tuetur.
944 257 1013 291 Quis
1028 265 1095 284 vero
1107 265 1139 284 ca
1152 256 1188 284 sit
1199 254 1369 293 arrogantia.
1386 259 1415 282 ut
1427 262 1508 282 suum
1525 253 1607 281 unius
1625 251 1767 288 ingenium

118 296 228 334 tantum
245 315 308 335 esse
326 311 451 343 putet,ut
459 315 495 336 eo
509 311 660 336 contentus
675 307 770 334 omnia
785 309 910 332 veterum
932 303 1045 330 inventa
1063 307 1091 328 ct
1106 309 1166 335 θην
1178 304 1306 329 rimenta.
1328 299 1483 345 litterarum
1499 296 1768 345 munt-tmenlis-con-

118 352 239 387 signata,
253 340 518 387 aspernariqueat.
536 359 569 380 ac
580 359 635 379 non
650 351 745 387 potius
756 357 790 378 ex
818 349 926 376 inﬁnita
956 347 1037 381 copia
1051 345 1158 380 optima
1178 352 1294 379 qumque
1310 342 1467 389 etingenio
1490 350 1542 369 suo
1555 341 1675 389 vitrequc
1687 340 1765 389 insti-

119 385 180 423 tuﬁto
209 385 355 431 aptissima
370 385 574 431 pescrutetur?
595 385 660 423 nam
688 399 718 421 ut
743 401 816 421 unus
838 392 969 423 excellat.
998 395 1047 417 aut
1075 389 1172 416 saltem
1194 395 1258 415 cum
1291 387 1428 415 mediocri
1454 394 1591 431 successu
1614 385 1721 431 laboret
1739 385 1767 409 in

117 428 262 472 omnibus.
278 440 325 467 vix
339 428 378 468 ac-
387 448 422 467 ne
435 440 481 468 vix
506 434 620 475 quidem
640 438 700 466 fieri
712 442 814 474 potest.
839 437 878 464 Ac
902 431 1062 472 pleroisque‘
1077 433 1120 460 vel
1146 433 1187 461 rei
1201 431 1347 460 familiaris
1366 430 1501 467 angustiae
1519 429 1566 475 vel
1585 428 1764 475 ingeniorum

120 485 246 512 tenuitas
262 485 290 512 in
309 490 420 513 certum
436 472 576 520 quoddam
592 472 749 512 studiorum
765 490 864 519 genus.
884 482 959 509 Velut
977 481 1004 508 in
1026 487 1167 508 carcerem
1193 483 1241 506 aut
1257 477 1439 514 ergastulum.
1452 474 1641 520 abstrudunt;
1662 472 1767 520 quibus

119 534 214 556 autem
235 528 286 556 Dei
312 529 411 563 optimi
427 517 540 556 maximi
563 528 721 563 benignitas
737 517 810 555 cavet
828 526 985 553 animorum
1011 529 1039 553 et
1054 526 1229 553 fortunarum
1255 522 1380 551 subsidia
1400 521 1550 552 concessit.
1570 524 1601 548 ut
1619 519 1647 546 in
1664 517 1770 545 nullius

118 573 246 607 magistri
276 573 471 608 verbajurare
501 573 591 601 coacti
614 572 774 601 libertatem
790 579 869 599 suam
882 571 1043 599 inviolatam
1060 569 1219 598 'retineant.
1245 567 1373 603 profecto
1388 573 1422 593 eo
1448 565 1588 593 beatiores
1614 566 1704 608 erunt
1715 567 1771 596 quo

120 605 243 651 plurium
255 620 284 644 et
296 605 445 645 meliorum
458 624 552 644 rerum
572 617 760 652 cognitionem
777 615 931 651 coegerint.
947 615 976 642 in
987 614 1073 641 variis
1086 613 1190 648 linguis
1207 618 1289 647 atque
1312 611 1475 639 auctoribus
1489 608 1660 643 dissipatam.
1675 605 1705 654 id
1721 612 1773 654 au-

120 650 176 687 tc-m
190 660 305 688 difficile
321 661 347 689 ei
374 669 430 688 non
441 661 507 693 erit.
524 662 573 697 qui
591 650 695 696 linguae
707 660 810 689 ϐακε
823 650 856 687 ac
867 660 973 687 Latina:
987 658 1122 686 mediocri
1135 665 1186 685 usu
1208 657 1362 685 instructus
1377 654 1511 682 tnethodo
1536 660 1573 699 se
1590 650 1772 699 assuefecerit

85 701 88 704 ’
118 711 147 732 et
168 705 273 732 artium
288 706 459 740 optimarum
474 696 655 734 fundamenta
680 705 800 733 ﬁdeliter
813 705 922 740 iecerit.
944 704 983 738 Ae
999 708 1042 731 est
1055 703 1082 730 in
1099 711 1131 731 ea
1153 710 1181 730 re
1196 709 1263 730 sane
1276 700 1446 729 dimcultatis
1476 703 1505 726 et
1520 696 1654 743 molestia:
1673 696 1774 743 nonni-

120 750 176 783 hil;
204 749 252 777 sed
267 739 315 777 ubi
334 758 369 777 ex
388 750 444 778 illis
467 750 569 777 artium
585 750 723 786 angustiis
733 750 760 777 in
777 739 951 777 liberrimum
968 749 1066 785 optimi
1080 748 1215 783 cujusque
1228 746 1373 779 scriptoris
1386 751 1514 779 campum
1523 742 1663 770 eluctatus
1676 739 1773 787 fueris.

104 801 186 829 vvere
203 793 230 820 id
248 794 396 828 apparebit
412 795 485 830 quod
516 802 531 821 a
558 783 679 829 quodam
710 794 919 829 sapientissimo
940 783 1000 820 viro
1020 792 1126 820 dictum
1142 797 1196 821 est.
1214 792 1273 818 sive
1291 791 1314 818 is
1325 790 1455 818 Socrates
1468 790 1525 816 sive
1538 788 1674 815 Isocrates
1689 783 1772 811 fuerit

121 840 198 871 (nam
215 839 328 873 utrique
344 839 445 867 ascribi
460 838 554 870 video.
569 844 598 867 et
610 839 742 875 proclivis
756 847 837 866 error
853 843 896 865 est
915 838 943 865 in
960 838 1043 865 unius
1060 838 1159 864 littera:
1185 834 1371 869 discrimine).
1391 834 1500 861 radices
1514 830 1682 879 eruditionis
1695 835 1773 879 al.113-

121 891 168 910 rns
181 890 256 916 csse.
271 871 380 911 fructus
402 891 469 911 vero
483 871 672 912 dulcissimos.
692 883 844 911 ltadicibus
862 887 956 910 autem
979 887 1179 917 comparantur
1195 881 1353 913 linguarum
1375 884 1405 906 et
1423 878 1527 906 artium
1552 871 1689 907 methodi,
1712 871 1773 899 fru-

121 927 216 955 ctibus
231 928 308 956 varia
323 927 407 956 lectio
420 937 431 955 :-
445 929 493 963 qui
508 933 540 955 ut
554 928 615 956 sine
630 928 772 956 radicibus
784 927 853 955 nulli
867 932 972 960 essent,
987 928 1025 955 ita
1049 927 1173 954 eruditio
1187 925 1331 962 pertenuis
1347 928 1400 955 est.
1417 931 1481 958 qua
1492 929 1559 949 -non
1575 924 1651 948 certa
1668 918 1776 945 ratione

121 980 154 999 ac
171 972 217 999 via
229 980 245 999 a
259 972 358 1007 primis
373 973 460 1000 initiis
483 973 518 1001 ad
534 980 675 1001 summum
693 980 782 1012 usque
802 971 942 1007 fastigium
965 976 1126 999 constanter
1152 970 1279 1000 ascendit
1304 977 1336 997 ac
1354 972 1519 1003 perpetuqu
1602 965 1776 1012 commenta-

122 1017 196 1044 rium
213 1022 304 1052 parat.
316 1017 396 1052 Quod
408 1018 484 1046 enim
500 1026 584 1054 supra
595 1018 680 1046 etiam
694 1009 785 1054 attigi.
799 1017 935 1045 doctrina
949 1016 1041 1044 omnis
1054 1016 1115 1044 laus
1132 1015 1159 1052 in
1177 1015 1280 1042 artium
1296 1013 1434 1041 methodis
1448 1016 1533 1050 atque
1547 1011 1575 1038 in
1594 1016 1629 1037 eo
1643 1009 1777 1054 vertilur.

122 1062 209 1096 quod.
223 1062 317 1101 quc-ad
345 1061 405 1090 fieri
431 1066 533 1097 potest.
553 1062 688 1098 quidquid
708 1053 757 1090 ad
773 1061 901 1089 eamdem
917 1069 975 1089 rem
1004 1060 1133 1096 pertinet.
1158 1058 1309 1091 contrahit,
1336 1063 1365 1085 et
1386 1066 1421 1085 ex
1444 1057 1528 1084 variis
1541 1053 1675 1082 membris
1690 1058 1775 1101 uit-um

122 1096 386 1141 corpusiintegrum
398 1096 551 1141 componit.
562 1096 614 1135 -Εο
628 1096 759 1134 absoluto
773 1106 905 1135 lectionis
915 1106 1034 1134 varietas
1049 1104 1171 1141 singulis
1189 1103 1317 1139 partibus
1336 1102 1412 1130 addit
1429 1104 1593 1129 ornamenta
1605 1104 1634 1127 et
1647 1096 1783 1141 amplituv
1820 1099 1822 1103 '
1836 1098 1838 1100 '

122 1140 219 1178 dinem
233 1140 383 1186 quamdam
402 1140 542 1180 conciliat.
556 1150 663 1185 Quodsi
688 1151 746 1180 haec
778 1151 933 1179 similitudo
957 1158 968 1178 r

932 1164 933 1174 ι
957 1150 1051 1178 minus
1069 1149 1170 1184 placel.
1186 1148 1268 1176 homo
1281 1147 1425 1175 studiosus
1450 1143 1576 1180 diligenti
1593 1140 1778 1191 patrifamiliae

123 1200 327 1230 comparetur;
345 1195 406 1231 qui.
423 1200 456 1224 ut
470 1196 517 1224 ille
531 1203 662 1232 agrorum
676 1203 794 1224 suorum
809 1200 962 1232 proventus
974 1200 1005 1224 et
1027 1195 1180 1223 domestica
1197 1195 1383 1222 instrumenta
1399 1193 1427 1219 in
1448 1190 1559 1219 horreis
1575 1194 1604 1217 et
1616 1188 1702 1216 certis
1713 1188 1778 1232 qui-

125 1240 247 1268 busdam
259 1241 343 1269 cellis
369 1242 489 1277 reponit.
502 1246 534 1269 ut
553 1231 620 1270 cum
636 1249 703 1270 usus
717 1241 849 1278 postulat.
867 1241 962 1269 statim
984 1239 1020 1268 ad
1035 1246 1149 1267 manum
1164 1239 1231 1271 sint.
1243 1237 1280 1265 ita
1301 1238 1372 1273 ipse,
1389 1235 1531 1275 quidquid.
1544 1234 1588 1262 vel
1607 1231 1778 1278 cogitatione

124 1287 168 1313 vel
182 1286 307 1314 lectione
332 1286 376 1313 vel
403 1276 549 1314 auditione
564 1294 615 1321 per
626 1276 725 1314 omneﬁ
736 1276 847 1321 tempus
870 1286 962 1314 atatis
972 1285 1078 1321 (neque
1096 1284 1173 1313 enim
1188 1283 1244 1311 ulla
1265 1280 1516 1318 sapientite's'tudio
1527 1276 1778 1314 irtewpmﬁgenda

124 1332 180 1360 est)
196 1335 367 1359 consecutus
381 1330 478 1363 fuerit.
507 1331 601 1359 statim
615 1332 644 1359 in
673 1331 736 1366 illas
749 1327 986 1363 artium‘classes,
1011 1330 1034 1358 si
1045 1337 1101 1358 non
1118 1329 1190 1366 stylo
1208 1333 1257 1357 aut
1272 1328 1390 1360 calamo.
1412 1326 1510 1355 saltem
1527 1325 1669 1368 animo'et
1684 1328 1780 1368 recor-

126 1374 245 1402 datione
257 1380 385 1409 reponat.
400 1379 430 1403 et
449 1374 484 1402 ad
501 1374 612 1411 regulas
624 1375 687 1402 illas
699 1382 716 1402 a
736 1374 909 1402 doctissimis
922 1374 1085 1402 hominibus
1096 1373 1215 1402 traditas
1224 1373 1328 1409 exigat.
1342 1372 1399 1400 acri
1412 1370 1518 1407 judicio
1528 1376 1643 1405 semper
1653 1367 1781 1401 interpo—

85 1414 87 1416 ’
126 1420 194 1452 situ.
215 1427 251 1447 ne
260 1420 335 1455 quod
351 1420 472 1456 quisque
491 1420 593 1448 dixerit
615 1423 664 1447 aut
688 1420 896 1455 scripseritaut
918 1419 971 1455 ipsi
987 1419 1070 1447 etiam
1096 1419 1124 1446 in
1136 1421 1258 1446 mentem
1305 1416 1424 1448 venerit,
1441 1415 1587 1444 oraculum
1615 1418 1678 1440 esse
1702 1414 1783 1446 putet

128 1472 207 1499 (nam
223 1465 331 1493 homini
347 1455 433 1494 docto
446 1465 640 1501 turpissimum
652 1464 749 1499 fuerit.
765 1465 892 1493 uthcci
907 1465 974 1500 eleg:

936 1468 1052 1500 egantel'
1067 1462 1373 1496 ἀίειιιιιρσασανιστως
1388 1459 1596 1496 παραδέχεσθαι
1621 1455 1782 1501 trivialium

127 1511 179 1546 τῆς
197 1509 341 1544 ἀληθείας,
363 1510 417 1538 boc
441 1514 486 1538 est
494 1500 648 1545 opiniones
674 1510 830 1538 consectari
845 1508 977 1544 nudaque
995 1508 1159 1537 auctoritate
1193 1507 1267 1542 niti).
1296 1506 1358 1535 sed.
1375 1510 1485 1533 tantum
1495 1504 1598 1549 cuique
1613 1500 1781 1549 credendum

99 1574 102 1576 -
121 1561 193 1582 esse
202 1559 320 1587 statuat.
331 1558 468 1590 quantum
495 1558 545 1582 aut
571 1553 660 1582 firmis
674 1553 832 1583 rationibus
852 1558 901 1582 aut
928 1553 1121 1590 probabilibus
1142 1551 1315 1588 coniecturis
1337 1549 1509 1585 persuadere
1522 1548 1621 1584 possit.
1634 1547 1662 1573 in
1675 1547 1784 1573 caeteris

129 1606 278 1627 a-sensum
291 1598 423 1626 cohibeat
432 1602 462 1627 et
477 1598 626 1630 sustineat,
642 1598 733 1627 donec
748 1598 839 1634 ipsum
853 1602 963 1633 tempus
981 1597 1144 1633 scrupulum
1161 1595 1318 1624 sustulerit.
1334 1594 1388 1622 Sed
1405 1602 1441 1622 nc
1461 1592 1597 1621 memoria
1612 1592 1710 1626 lapsus
1722 1595 1785 1617 esse

128 1652 156 1674 et
171 1645 208 1673 ab
230 1644 360 1673 instituto
374 1653 431 1674 non
445 1650 525 1674 certo
543 1645 664 1681 consilio
679 1644 827 1673 deﬂexisse
839 1645 888 1673 sed
911 1652 962 1680 per
975 1644 1146 1672 oblivionem
1163 1642 1314 1671 aberrasse
1334 1640 1442 1674 videar.
1458 1640 1492 1668 ad
1510 1639 1675 1668 Choniatem
1686 1636 1784 1668 redeo,

128 1698 214 1726 quem
228 1690 329 1718 ordine
344 1690 489 1725 aptissimo
502 1695 531 1718 et
546 1689 677 1725 prudenti
708 1694 757 1717 tuo
804 1689 928 1721 consilio.
939 1689 1055 1717 Zonarze
1085 1688 1248 1723 adiunctum
1266 1694 1329 1715 esse
1344 1686 1413 1715 dixi.
1442 1686 1510 1714 Nam
1533 1693 1591 1719 quo
1607 1684 1634 1710 in
1660 1683 1725 1710 loco
1738 1681 1785 1709 ille

131 1735 256 1763 Annales
266 1742 334 1763 suos
347 1734 450 1764 ﬁnivit.
465 1734 493 1762 in
523 1734 613 1762 Alexii
637 1733 775 1762 Comneni
793 1733 925 1762 videlicet
945 1734 1036 1766 obitu.
1048 1732 1125 1761 eoin
1141 1731 1204 1759 loco
1224 1731 1271 1759 hic
1283 1738 1363 1759 suam
1389 1730 1538 1758 historiam
1553 1728 1726 1763 auspicatur.
1742 1733 1787 1753 res

132 1784 289 1807 memoratu
304 1778 414 1814 dignas.
426 1786 489 1815 qua:
499 1778 529 1806 in
545 1778 698 1814 Bysantino
717 1778 837 1814 imperio
849 1786 987 1807 annorum
1019 1777 1133 1812 circiter
1146 1776 1182 1804 86
1203 1776 1295 1812 spatio
1313 1776 1487 1807 acciderunt,
1502 1773 1677 1809 complexus.
1695 1771 1785 1806 Atque

133 1826 242 1852 utinam
256 1824 328 1852 alius
338 1823 453 1851 Gracus
461 1823 627 1856 exstitisset,
641 1823 690 1859 qui
703 1823 739 1851 ab
754 1823 808 1851 hoc
824 1829 939 1851 auctore
953 1830 980 1852 et
990 1823 1177 1860 Cbalcondyie
1192 1824 1381 1860 praetermissa
1398 1823 1457 1859 pari
1476 1821 1604 1850 facundia
1618 1824 1787 1856 prosecutus

131 1869 219 1899 r‘sset.
236 1870 323 1907 Major
335 1871 411 1899 enim
428 1875 472 1898 est
495 1869 640 1898 Choniatzc
652 1870 733 1905 copia
746 1874 776 1898 et
788 1869 933 1905 diligentia
948 1869 1087 1903 lectioque
1112 1869 1265 1904 jucundior
1277 1875 1358 1904 quam
1377 1867 1509 1895 lunarat:
1525 1866 1570 1894 cui
1587 1872 1647 1893 una
1664 1863 1787 1892 brevitas

133 1916 296 1944 necessario
310 1916 453 1950 proposita
465 1915 529 1946 fuit.
544 1914 619 1950 quod
632 1914 738 1949 alioqui
751 1921 824 1950 opus
852 1914 882 1941 in
899 1913 1069 1941 immensum
1089 1913 1283 1947 excrevisset;
1298 1913 1384 1948 idque
1410 1913 1454 1941 vel
1470 1920 1505 1940 ex
1521 1919 1555 1939 eo
1569 1914 1695 1946 apparet.
1711 1909 1788 1944 quod

134 1961 251 1989 hemina
266 1960 465 1991 eruditissima.
480 1960 559 1987 Anna
575 1958 734 1991 Casarissa,
755 1957 1034 1994 imperatoris-Alex“
1050 1958 1118 1992 illia.
1131 1959 1166 1987 dc
1184 1959 1271 1987 rebus
1287 1958 1373 1994 gestis
1387 1957 1476 1992 patris
1497 1957 1540 1985 sui
1550 1956 1649 1984 "libros
1663 1954 1700 1982 20
1718 1953 1790 1982 scri-
1810 1972 1813 1975 -

134 2006 200 2041 μὴ,
212 2006 262 2040 qui
289 2005 382 2032 adhuc
402 2005 430 2031 iu
459 2005 628 2040 Augustana:
644 2003 683 2031 rei
702 2002 820 2038 publica:
847 2002 1019 2032 bibliotheca
1034 2008 1154 2037 exstant,
1180 2011 1244 2031 cum
1261 2003 1384 2031 Zonaras
1405 1999 1695 2035 vitam-illius'paucis
1713 1998 1789 2026 foliis

134 2049 393 2086 perstrinxeritJit
417 2054 511 2076 autem
542 2049 664 2076 brevitas
690 2048 853 2076 memoriam
876 2048 966 2083 juvat.
985 2048 1022 2076 ita
1048 2047 1168 2076 fusiores
1183 2048 1360 2076 narrationes
1383 2046 1445 2082 plus
1460 2044 1655 2074 delectationis
1672 2042 1788 2074 habent.

135 2097 164 2123 in
186 2102 287 2131 magna
298 2094 451 2133 pra-serum
466 2094 602 2120 varietate
631 2100 724 2120 rerum
746 2097 776 2119 et
789 2092 893 2121 subitis
904 2093 1024 2122 fortuna
1039 2092 1310 2121 commutationibus
1322 2101 1329 2123 ;
1343 2100 1406 2127 quae
1421 2099 1478 2119 non
1493 2090 1592 2118 multis
1602 2089 1684 2117 annis
1697 2088 1790 2123 pluri-

138 2148 202 2171 nne.
219 2147 317 2174 eaque
334 2138 479 2166 mirabiles
498 2145 531 2165 ac
545 2138 639 2173 potius
652 2136 837 2172 miserabiles,
861 2142 962 2174 praeter
986 2139 1224 2174 exspectationem
1236 2137 1357 2168 Graecos.
1371 2144 1444 2172 quos
1455 2136 1500 2164 hic
1515 2135 1635 2171 scriptor
1649 2135 1790 2163 itomano-

136 2192 199 2212 rum
224 2182 570 2219 appellatione'bonestal.
589 2186 802 2217 oppresserunt,
825 2186 971 2211 crescente
989 2183 1016 2210 in
1033 2183 1094 2211 dies
1113 2183 1261 2211 Persarum
1277 2182 1336 2210 sive
1354 2181 1510 2210 Turcorum
1527 2181 1602 2216 (nam
1619 2179 1791 2208 recentiores

136 2229 298 2265 promiscue
309 2228 353 2255 bis
363 2227 509 2255 vocabula
528 2226 657 2261 utuntur)
682 2231 826 2266 potentia;
863 2235 983 2264 quorum
999 2228 1187 2264 grassationes
1201 2232 1230 2255 et
1251 2226 1475 2255 Christianorum
1484 2225 1642 2261 principum
1653 2224 1789 2252 desidiam

136 2283 170 2303 ac
187 2273 398 2310 perversitatem
413 2266 492 2300 tanta
499 2271 606 2301 doloris
619 2273 775 2302 acerbitate
787 2273 938 2303 Choniates
952 2275 1055 2310 sapius
1067 2274 1204 2310 deplorat.
1217 2278 1248 2301 ut
1260 2281 1325 2301 cum
1345 2273 1381 2301 ab
1396 2273 1528 2301 omnibus
1540 2272 1588 2308 qui
1623 2271 1789 2308 reipublicae

136 2325 246 2355 p..rtem
264 2318 386 2353 aliquam
400 2317 549 2352 attingunt.
567 2318 673 2346 nostris
699 2318 872 2354 temporibus
898 2319 953 2355 legi
978 2326 1154 2354 summopere
1173 2318 1314 2354 expediat.
1333 2318 1356 2346 si
1379 2318 1450 2346 forte
1465 2318 1668 2346 Germanorum
1693 2317 1792 2349 animi.

136 2371 260 2399 quorum
278 2361 414 2390 fortitudo
425 2366 455 2390 et
474 2362 564 2397 pietas
578 2362 607 2389 in
624 2363 816 2399 recuperanda
835 2363 914 2400 Syria
926 2369 955 2392 et
970 2368 1049 2392 terra
1064 2369 1160 2392 sancta
1175 2364 1446 2399 laudibus‘cgregiis
1465 2363 1521 2391 liuc
1537 2364 1643 2399 scripto
1662 2368 1792 2395 ornatur.

137 2407 304 2436 riarissimis
318 2407 454 2442 exemplis
477 2407 597 2447 conradi
623 2412 652 2435 et
676 2407 813 2437 Friderici
832 2408 1032 2444 imperatorum
1049 2409 1145 2437 saltem
1159 2409 1194 2437 ad
1222 2409 1357 2437 tuendam
1368 2409 1496 2445 patriam.
1534 2409 1588 2437 hoc
1604 2413 1648 2437 est
1686 2408 1794 2437 vicinas

138 2453 308 2485 Pannonias.
325 2452 495 2480 excitentur.
510 2451 591 2480 Nunc
599 2451 676 2480 enim
690 2460 746 2481 non
763 2452 797 2481 de
808 2452 891 2481 laude
905 2458 933 2481 et
947 2454 1035 2490 gloria
1059 2454 1255 2486 laborandum,
1272 2454 1320 2482 sed
1335 2454 1370 2482 de
1401 2455 1457 2481 uris
1480 2458 1506 2481 et
1522 2453 1591 2481 focis
1611 2453 1793 2489 pugnandutn

138 2507 201 2527 esse
216 2501 348 2533 apparet.
365 2504 422 2532 quo
442 2497 537 2526 minus
549 2497 609 2530 fiat,
634 2497 710 2526 nulla
727 2505 770 2526 res
790 2506 869 2534 mque
893 2498 922 2526 in
936 2507 1019 2528 causa
1030 2506 1074 2528 est
1085 2504 1169 2535 atque
1185 2499 1387 2527 dissensiones.
1404 2497 1527 2532 Grzccos,
1544 2503 1645 2533 praeter
1660 2497 1795 2525 intestina

139 2544 214 2573 bella
229 2550 265 2571 ex
279 2543 435 2571 ambitione
445 2542 507 2571 fere
519 2549 593 2576 orta.
605 2543 780 2580 voluptatum
793 2544 918 2572 studium
930 2549 960 2573 et
971 2544 1068 2580 ignava
1080 2544 1241 2572 monarcltia
1258 2543 1389 2578 perdidit:
1412 2542 1497 2570 nobis
1511 2542 1660 2570 temeraria
1672 2542 1793 2570 bellandi

139 2587 283 2627 cupiditas
293 2592 322 2615 et
335 2587 444 2616 discors
457 2594 490 2615 ac
504 2587 629 2624 inquieta
658 2588 817 2624 poiyarcbia
841 2588 869 2616 id
891 2588 1023 2621 mittatur.
1040 2589 1114 2623 quod
1133 2589 1207 2618 absit
1222 2594 1250 2616 ut
1267 2588 1463 2624 experiamur:
1486 2592 1513 2615 ct
1525 2588 1607 2616 facile
1617 2595 1795 2620 caveremus.

140 2632 194 2660 nisi
211 2630 287 2659 fatali
304 2631 426 2667 quadam
449 2631 574 2660 siderum
594 2632 780 2668 impressione
803 2633 904 2664 animis
921 2637 1003 2671 atque
1021 2631 1137 2660 auribus
1150 2640 1165 2659 τι
1188 2632 1265 2660 sanis
1292 2631 1420 2659 consiliis
1432 2631 1571 2666 'pleriquc
1596 2630 1794 2659 abhorrerent.

140 2674 291 2703 imminuta
309 2674 423 2710 quidem
440 2681 493 2709 est.
505 2679 533 2703 et
547 2675 634 2716 veluti
647 2677 709 2704 laeta
728 2684 810 2713 seges
837 2676 909 2704 tristi
927 2676 994 2705 lolio
1020 2683 1162 2713 corrupta.
1179 2682 1260 2705 vetus
1278 2680 1381 2704 noslrze
1407 2672 1500 2711 gentis
1527 2675 1690 2710 integritas;
1720 2676 1795 2711 quod

143 2724 309 2748 exterarum
320 2719 466 2748 nationum
480 2720 602 2756 quodam
614 2721 694 2756 quasi
708 2721 838 2757 contagio
862 2721 998 2750 accidisse
1013 2719 1134 2753 videtur.
1150 2720 1273 2755 quarum'
1295 2718 1366 2746 mala
1382 2726 1446 2746 cum
1463 2719 1567 2746 nostris
1587 2718 1794 2754 conjunxitnus.

141 2770 206 2788 cum
222 2761 480 2797 peregrinationum
505 2762 530 2790 is
552 2762 618 2791 linis
630 2771 692 2791 esse
715 2763 826 2797 debeat,
854 2767 886 2791 ut
910 2765 1014 2793 innatis
1039 2770 1068 2792 et
1090 2764 1295 2793 consuetudine
1324 2763 1431 2791 inclitis
1445 2763 1521 2791 vitiis
1541 2763 1659 2799 abiectis
1675 2764 1795 2792 aliorum

140 2808 263 2847 virtutes
280 2807 465 2841 asciscamus.
478 2813 634 2844 culmoque
645 2809 792 2845 prudentia
817 2815 847 2837 et
862 2809 1035 2837 humanitate
1050 2810 1084 2837 ad
1109 2816 1192 2839 omne
1208 2817 1298 2845 genus
1308 2808 1390 2836 cilicii
1405 2813 1433 2836 et
1444 2808 1536 2836 l.:udis
1549 2809 1725 2837 crutliatnur.
1742 2808 1798 2837 Sed

142 2853 164 2880 si
180 2855 281 2880 cetera
293 2857 463 2888 spectemus.
479 2860 623 2889 nunquam
632 2853 782 2882 Germania
794 2855 871 2888 viris.
882 2856 979 2888 armis,
994 2856 1107 2892 opibus.
1123 2855 1260 2889 consiliis.
1272 2849 1327 2883 fuit
1341 2855 1524 2887 instructior;
1539 2863 1610 2890 quas
1627 2863 1672 2883 res
1686 2861 1800 2891 propter

141 2897 312 2934 discordiam
329 2905 385 2926 non
404 2898 432 2926 in
446 2898 570 2927 hostium
587 2898 788 2927 detrimentum
798 2900 846 2929 sed
861 2900 888 2928 in
905 2900 999 2936 patriae
1019 2899 1136 2928 exitium
1150 2898 1314 2927 detestanda
1329 2898 1506 2930 crudelitate.
1528 2906 1562 2925 ne
1572 2898 1663 2926 dicam
1680 2899 1798 2931 insania.

126 2943 334 2972 "ct-tn'crtituus
347 2953 355 2971 :
369 2951 431 2980 qua
447 2944 581 2981 cogitatio
607 2952 679 2973 cum
693 2944 720 2972 in
739 2945 823 2981 hujus
845 2945 968 2986 historic
984 2944 1215 2981 interpretatione
1245 2943 1364 2972 subinde
1382 2951 1474 2972 meum
1500 2944 1624 2971 animum
1652 2943 1759 2977 feriret,
1772 2950 1799 2972 rt
