4288 6364
718 386 823 452 307
1887 392 1990 452 ΑΒ
2020 391 2315 454 ΝΙΟΕΤίΕ
2348 394 2411 454 ΗΖ

2269 392 2315 451 Ε
2348 393 2779 457 HISTORIAM
3854 384 3962 449 308

716 496 861 552 iiaud
894 496 1062 551 dub’e
1096 495 1430 552 cordatiorcs
1462 511 1681 568 quoque
1704 497 1941 554 lectores
1974 500 2396 557 exstimulatura
2430 502 2525 565 sit.
2555 519 2666 559 non
2699 514 3006 573 temperare
3058 500 3192 554 mihi
3225 497 3378 570 potui
3408 495 3541 569 quin
3569 496 3720 551 hunc
3748 496 3955 558 locum,

713 602 878 655 quem
914 585 1163 641 omnium
1191 584 1390 640 animis
1424 595 1586 656 atque
1608 586 1781 642 oculis
1807 602 2026 657 semper
2049 588 2332 645 obversari
2366 591 2716 646 utilissimum
2752 590 2941 654 fuerit,
2983 588 3165 644 obiter
3194 589 3543 657 attingerem.
3571 586 3729 639 Nune
3758 582 3827 638 de
3861 584 3971 641 hoc

713 689 881 743 opt-rc
911 671 1207 728 dicendum
1242 682 1346 734 est,
1382 673 1528 741 quod
1562 674 1663 727 etsi
1689 673 1880 729 labore
1905 691 2013 730 non
2055 677 2227 729 multo
2262 675 2496 739 minore,
2539 674 2698 744 longe
2750 685 2930 728 tamen
2983 672 3176 739 majori
3221 687 3345 728 cum
3374 670 3653 738 voluptate
3692 670 3969 730 converti,

716 768 941 825 promer
999 757 1264 812 historias
1305 754 1435 810 milii
1493 759 1729 811 antehac
1783 758 1897 813 fere
1946 760 2250 829 incognitas
2279 770 2335 814 et
2384 760 2600 829 planius
2644 776 2708 815 ac
2737 760 2911 815 fusius
2960 760 3226 814 orationis
3276 772 3480 829 genus:
3537 757 3591 809 in
3622 772 3734 825 quo
3786 764 3970 809 tamen

715 844 1066 898 immodicam
1124 846 1312 898 nescio
1364 845 1839 912 cuiusinsolentis
1885 847 2172 917 elegantiae
2202 848 2610 903 aff‘ectationetn
2654 863 2762 901 non
2814 862 3033 917 semper
3055 844 3390 916 sequendam
3438 842 3571 896 mihi
3604 842 3757 902 duxi,
3820 839 3971 911 quod

710 927 976 998 quidquid
1008 929 1129 998 eius
1152 927 1367 998 generis
1394 938 1496 987 est.
1520 945 1627 984 ncn
1686 930 1856 999 ipsius
1886 932 2129 986 auctoris
2159 934 2423 1000 scriptum
2474 936 2570 990 sed
2620 937 2993 1006 paraplirastre
3046 945 3100 988 et
3133 934 3314 989 armuli
3343 932 3574 1002 alicujus
3591 940 3971 984 assumentnm

709 1031 832 1070 isse
864 1016 1103 1069 videtur.
1153 1016 1371 1070 Contuli
1424 1019 1573 1070 enim
1612 1018 1701 1072 hic
1745 1033 1965 1088 quoque
2020 1020 2161 1074 duos
2197 1023 2417 1077 codices
2445 1041 2568 1079 cum
2618 1041 2684 1077 eo
2719 1041 2883 1094 quem
2917 1023 3221 1093 amplitudo
3252 1031 3341 1075 tua
3369 1020 3523 1085 Cpoli
3555 1020 3623 1072 ah
3660 1018 3973 1072 Alexandro

706 1103 1140 1173 Chartopliylace
1167 1104 1539 1171 comparavit,
1574 1121 1739 1174 atque
1772 1122 1994 1175 operam
2015 1109 2163 1172 dedi,
2204 1119 2263 1161 ut
2294 1126 2360 1163 ex
2386 1128 2448 1165 ea
2506 1112 2799 1165 eollazione
2819 1128 2959 1179 opus
2988 1111 3091 1165 hoc
3124 1127 3287 1180 quam
3315 1107 3733 1179 integerriinnm
3773 1106 3973 1159 edere-

712 1203 824 1253 tur,
857 1202 913 1245 et
936 1190 1118 1245 (Ἱππ-,ραι
1153 1190 1343 1244 itidem
1388 1202 1447 1245 ut
1490 1194 1543 1245 in
1575 1193 1783 1246 Zonara
1833 1205 2024 1246 nostro
2059 1196 2259 1249 factum
2295 1206 2379 1250 est
2406 1215 2530 1253 cum
2550 1200 2759 1254 Latinis
2789 1201 3284 1269 coniungerentur.
3337 1197 3600 1265 Quamvis
3623 1196 3769 1249 enim
3797 1194 3972 1248 (inerti

706 1281 983 1334 aerumnis
1009 1278 1226 1350 puritas
1254 1290 1311 1334 et
1344 1281 1655 1349 proprietas
1684 1296 1809 1334 cum
1844 1291 2160 1336 exterarum
2215 1285 2501 1342 nationum
2536 1285 2888 1344 cominercris
2915 1300 3031 1342 tum
3087 1291 3396 1343 otiosorum
3425 1283 3717 1337 hominum
3747 1281 3973 1349 ineptiis

708 1375 969 1435 corrupta
994 1376 1100 1431 est,
1129 1382 1230 1421 nec
1268 1368 1381 1421 fieri
1428 1367 1620 1435 nequit
1649 1368 1703 1420 in
1754 1367 1858 1422 hoc
1889 1370 2224 1437 scriptorum
2259 1390 2459 1444 genere
2493 1388 2553 1432 ιιι
2583 1379 2904 1447 ίηιριιρτριεε
2950 1394 3058 1434 non
3118 1376 3323 1431 indocti
3358 1390 3459 1427 nec
3490 1370 3741 1425 indiserti
3792 1368 3977 1421 oratio

708 1454 811 1522 ipsi
845 1455 1059 1508 auctori
1111 1454 1455 1523 praeferatur,
1491 1464 1673 1509 tamen
1728 1469 1828 1509 nec
1867 1470 1992 1509 eum
2020 1472 2121 1526 ego
2174 1475 2260 1513 me
2294 1463 2651 1536 interpretem
2697 1470 2943 1539 proﬁteri
2981 1469 3180 1529 ausim,
3224 1475 3279 1518 et
3305 1462 3490 1516 Gra‘ea
3529 1461 3733 1528 lingua.
3764 1456 3977 1524 qualis-

707 1555 929 1609 cunque
1012 1541 1231 1603 adhuc,
1282 1542 1473 1594 nescio
1532 1557 1696 1611 quem
1779 1542 2001 1612 genium
2065 1546 2268 1601 retinet
2353 1565 2417 1603 ac
2516 1538 2829 1607 ubertatem
2910 1550 3120 1605 Latinis
3207 1543 3617 1599 inimitabilem.
3704 1538 3979 1593 Testimo-

707 1628 802 1681 nio
888 1639 1019 1682 sunt
1076 1643 1268 1682 omnes
1344 1628 1461 1683 fere
1535 1629 1871 1698 disciplina},
1952 1647 2183 1700 quarum
2261 1636 2350 1689 vix
2415 1638 2523 1692 ulla
2607 1652 2692 1692 est
2753 1639 2888 1708 quin
2964 1647 3021 1691 et
3093 1650 3124 1689 e
3188 1633 3377 1687 schola
3450 1629 3638 1683 Graeca
3706 1641 3765 1679 se
3840 1639 3972 1692 pro-

707 1715 875 1770 diisse
901 1717 983 1770 vel
1014 1717 1132 1786 ipso
1158 1717 1380 1772 nomine
1412 1717 1667 1782 fateatur,
1693 1728 1749 1773 et
1774 1719 1819 1773 si
1848 1719 2067 1776 Graecas
2098 1738 2262 1778 voces
2286 1724 2595 1782 sustuleris,
2624 1739 2767 1792 saepe
2802 1726 3166 1778 Obmutescat.
3190 1720 3310 1785 Quo
3334 1718 3517 1771 minus
3541 1716 3575 1769 ii
3610 1710 3820 1767 ferendi
3844 1717 3979 1764 sunt

705 1804 797 1868 qui
821 1803 1063 1858 Graecam
1106 1807 1344 1874 linguam
1377 1816 1434 1860 ut
1458 1821 1921 1875 supervacaneam
1993 1821 2378 1877 aspernantur.
2408 1811 2563 1877 Quod
2592 1813 2781 1881 utique
2808 1828 2917 1865 non
2953 1810 3220 1871 facerent,
3246 1808 3290 1861 si
3318 1820 3481 1876 quam
3517 1802 3676 1872 pauci
3710 1799 3899 1853 fideles
3917 1801 3981 1850 et

705 1890 852 1944 docti
892 1892 1221 1960 interpretes
1246 1892 1354 1946 sint
1383 1893 1769 1963 intelligerent.
1799 1894 1933 1948 Aliis
1954 1895 2105 1949 deest
2125 1897 2354 1951 alterius
2386 1901 2583 1959 utrius,
2614 1901 2739 1954 aliis
2774 1902 3064 1968 utriusque
3098 1897 3297 1966 linguae
3350 1892 3616 1963 erignitio,
3653 1887 3778 1942 aliis
3841 1884 3981 1937 ﬁdes

705 1985 760 2028 et
798 1977 1103 2048 diligentia,
1131 1980 1413 2032 nonnullis
1454 1980 1707 2034 universa
1737 1980 1872 2046 haec,
1910 1996 2016 2035 non
2052 1990 2158 2036 tam
2177 1982 2404 2041 fortasse
2435 1989 2640 2043 malitia
2680 1998 2733 2045 et
2766 1996 3085 2056 contemptu
3138 1983 3474 2056 iudiciorum
3512 1982 3669 2048 (qua-
3730 1983 3980 2030 extrema

706 2078 853 2120 esset
889 2069 1147 2137 amentia)
1173 2084 1333 2138 quam
1369 2068 1675 2124 calamitate
1705 2069 1940 2138 quadam
1972 2080 2281 2141 temporum
2319 2085 2631 2130 nostrorum
2660 2086 2717 2131 et
2756 2075 3131 2145 praestantium
3165 2071 3510 2142 ingeniorum
3546 2068 3820 2136 neglectu,
3848 2058 3979 2130 qui-

712 2158 812 2208 hns
844 2154 1060 2209 fortuna
1088 2156 1408 2224 plerumque
1444 2156 1628 2210 minus
1661 2154 1804 2210 favet
1828 2172 1990 2225 quam
2020 2158 2085 2211 iis
2116 2175 2353 2227 quorum
2388 2162 2570 2217 minor
2607 2173 2694 2219 est
2727 2164 2999 2218 industria
3029 2169 3087 2216 et
3144 2158 3394 2215 obtusior
3448 2156 3597 2209 acies
3640 2152 3977 2220 animorum.

710 2245 895 2313 itaque
926 2244 1162 2313 pedibus
1190 2243 1242 2297 in
1276 2259 1469 2298 eorum
1499 2261 1566 2300 eo
1595 2246 1924 2300 sententiam
1966 2246 2060 2315 qui
2108 2247 2295 2301 Grzeea
2335 2265 2461 2305 cum
2517 2251 2730 2308 Latinis
2769 2249 3151 2321 coniungenda
3209 2262 3333 2303 esse
3381 2251 3633 2305 censent,
3701 2235 3977 2306 siquidem

707 2332 891 2386 tiraera
926 2335 1153 2386 senrsim
1195 2349 1389 2402 parum
1420 2333 1719 2389 vendibilia
1755 2344 1883 2389 sunt
1910 2344 2067 2390 aetate
2098 2347 2302 2397 nostra,
2330 2354 2451 2407 qua:
2480 2348 2703 2409 propter
2720 2320 3076 2392 ambitionem
3098 2343 3155 2390 et
3182 2333 3465 2388 avaritiam
3490 2324 3725 2384 bellandi
3761 2320 3979 2391 cupidi-

710 2433 874 2477 tatem
911 2426 975 2477 ad
1005 2425 1292 2494 pristinam
1326 2426 1638 2480 barbariem
1667 2441 1862 2497 magno
1885 2428 2090 2496 impetu
2116 2428 2249 2483 ruit.
2286 2428 2422 2483 Nam
2453 2426 2632 2481 Latini
2661 2436 2717 2481 et
2745 2426 2916 2481 Graeci
2936 2424 3210 2479 sermonis
3237 2420 3575 2492 proprietate
3627 2424 3683 2469 et
3736 2410 3978 2483 puritate

710 2514 908 2566 amissa
939 2523 1364 2584 contemptaque
1391 2515 1745 2585 philosophia
1772 2525 1827 2570 et
1861 2516 2100 2585 politiori
2136 2516 2445 2571 litteratura
2467 2516 2737 2585 neglecta,
2761 2526 2823 2570 ut
2858 2530 3041 2570 coram
3092 2512 3393 2571 cernimus,
3418 2523 3527 2562 non
3563 2505 3857 2558 obscurum
3889 2506 3980 2551 est

711 2600 841 2669 quid
873 2602 1202 2663 iiniendeat.
1266 2603 1526 2657 Praeclare
1571 2602 1769 2658 scribit
1820 2603 2109 2669 Isocrates,
2141 2621 2303 2674 quem
2336 2607 2391 2658 in
2424 2606 2529 2659 hac
2564 2613 2719 2673 parte
2764 2603 3110 2663 Aristoteles,
3160 2610 3220 2654 ut
3280 2598 3414 2651 ntihi
3471 2595 3714 2654 videtur,
3761 2588 3974 2658 quippe

712 2698 841 2743 natu
875 2691 1243 2758 grandiorem,
1276 2692 1565 2746 aemulatus
1593 2701 1701 2755 est,
1725 2699 1781 2746 et
1842 2707 1911 2746 eo
1937 2692 2198 2747 admirari
2225 2709 2334 2747 non
2375 2692 2511 2747 satis
2557 2706 2801 2761 possum,
2833 2690 3059 2743 virtutis
3118 2687 3360 2755 singulas
3384 2685 3438 2737 in
3490 2680 3673 2734 medio
3713 2677 3974 2761 binorum

712 2776 996 2840 vitiorum,
1031 2793 1265 2846 quorum
1303 2778 1535 2832 alterum
1579 2778 1717 2834 citra
1750 2781 1986 2842 resistat,
2018 2782 2252 2836 alterum
2285 2780 2501 2849 longius
2528 2758 2691 2847 quam
2722 2793 2820 2846 par
2862 2776 2934 2831 sit
2974 2774 3375 2846 progrediatur.
3398 2785 3522 2826 esse
3553 2767 3873 2822 collocatas.
3905 2758 3977 2813 Et

716 2874 864 2920 recte
900 2866 1042 2934 apud
1071 2865 1325 2921 Ovidium
1352 2867 1601 2921 Dredalus
1640 2868 1715 2921 ait
1747 2868 1880 2930 ﬁlio,
1934 2870 2103 2920 medio
2148 2847 2440 2921 tutissimus
2474 2868 2588 2921 ibis.
2614 2866 2770 2932 Quod
2804 2864 3011 2920 utinam
3041 2873 3148 2916 tam
3181 2877 3211 2913 a
3253 2857 3525 2927 theologis
3566 2847 3976 2921 iurisconsultis

712 2964 767 3006 et
791 2953 1019 3008 medicis
1052 2969 1215 3021 quam
1256 2954 1325 3007 ab
1357 2955 1751 3029 humanioruni
1787 2956 2093 3009 litterarum
2126 2958 2430 3010 cultoribus
2466 2948 3150 3022 observaretur;quorum
3183 2946 3343 3003 alteri
3373 2960 3431 2999 se
3464 2944 3630 2997 rebus
3679 2939 3978 2996 inhaerere,

714 3043 873 3096 aiteri
906 3042 1164 3096 dictionis
1200 3043 1484 3112 eleganti:e
1514 3058 1571 3098 se
1598 3044 1825 3099 studere
1855 3043 2217 3113 proﬁtentur:
2250 3045 2405 3114 quasi
2457 3060 2587 3097 vero
2622 3054 2717 3097 aut
2750 3042 3017 3097 vocabula
3050 3048 3276 3109 propter
3323 3031 3749 3103 explicationem
3790 3038 3979 3080 rerum

718 3146 826 3184 nan
854 3131 962 3184 sint
998 3131 1237 3195 inventa,
1275 3141 1368 3184 aut
1400 3146 1600 3200 corpus
1630 3132 1934 3201 egregium.
1971 3133 2073 3185 hoc
2099 3143 2182 3186 est
2207 3148 2294 3186 res
2328 3133 2637 3201 praeclaras,
2667 3130 2974 3200 cuiusmodi
3004 3130 3058 3182 in
3116 3124 3445 3181 sublimibus
3492 3118 3602 3174 illis
3670 3110 3983 3180 disciplinis

719 3225 1045 3279 tractantur,
1073 3233 1181 3272 non
1209 3219 1413 3271 munda
1439 3199 1714 3274 etiornata
1752 3199 1938 3282 vestis,
1972 3219 2075 3274 hoc
2110 3229 2192 3273 est
2219 3199 2352 3288 pura
2378 3229 2433 3273 et
2465 3221 2652 3273 lima'a
2682 3199 2872 3272 deceat
2921 3217 3115 3270 oratio.
3150 3214 3434 3281 Duplieem
3458 3206 3705 3279 profecto
3761 3199 3980 3255 laudem

720 3315 1025 3368 merentur,
1055 3306 1147 3374 qui
1184 3320 1271 3359 res
1296 3308 1550 3374 optimas,
1576 3307 1621 3360 si
1648 3323 1758 3360 non
1789 3308 2023 3376 eleganti
2058 3319 2111 3361 et
2135 3308 2447 3374 splendido,
2480 3316 2533 3361 at
2568 3323 2706 3377 puro
2736 3316 2793 3360 et
2818 3305 3026 3361 diserto
3068 3316 3322 3358 sermone
3383 3302 3717 3368 proponunt.
3783 3290 3985 3358 Cuius-

722 3396 865 3448 modi
905 3396 1049 3448 viros
1074 3404 1255 3449 nostra
1292 3406 1422 3449 :etas
1453 3396 1638 3465 plures
1675 3411 1799 3450 eum
1827 3395 2024 3466 insigni
2066 3397 2236 3466 gloria
2280 3396 2407 3449 tulit
2436 3412 2601 3465 quam
2626 3395 2925 3464 posteritas
2983 3392 3239 3445 habitura
3264 3387 3505 3445 videtur.
3541 3384 3645 3438 nisi
3687 3380 3851 3434 aliam
3899 3390 3987 3466 ra:

720 3487 924 3537 tionem
952 3482 1259 3538 studiorum
1301 3483 1621 3540 inierinius:
1653 3483 1747 3537 sed
1769 3483 1898 3552 quid
1931 3461 2031 3551 ego
2062 3461 2349 3537 eensuram
2391 3461 2469 3535 in-
2494 3497 2553 3535 re
2578 3461 2798 3551 publica
2836 3478 3105 3534 litteraria
3143 3476 3273 3530 mihi
3306 3487 3489 3535 sumo,
3517 3486 3640 3525 cum
3675 3466 3778 3537 ipsi
3842 3461 3983 3517 mihi

720 3571 1221 3625 diversissimorum
1258 3570 1600 3638 ingeniorum
1640 3586 1871 3624 censura
1907 3572 1977 3624 sit
2007 3572 2293 3625 subeunda
2311 3572 2335 3623 ’ἔ
2369 3571 2539 3625 Movit
2574 3586 2660 3624 me
2699 3579 2879 3624 tamen
2902 3569 3087 3639 iustus
3113 3565 3347 3620 fortasse
3378 3561 3536 3617 dolor
3560 3559 3615 3613 in
3637 3558 3780 3610 hanc
3837 3566 3982 3610 con-

722 3658 991 3715 fusionem
1017 3658 1422 3727 gymnasiorum
1449 3658 1779 3720 intuentem,
1801 3659 1903 3711 etsi
1935 3658 2049 3712 haec
2084 3674 2185 3711 nec
2226 3660 2493 3727 temporis
2538 3673 2641 3712 nec
2667 3659 2775 3711 loci
2801 3658 2966 3727 hujus
2995 3671 3116 3711 esse
3138 3655 3452 3707 videantur.
3506 3649 3689 3715 Quare
3759 3641 3981 3697 veniali

724 3755 873 3813 peto,
905 3746 951 3799 si
981 3761 1089 3814 qua
1123 3746 1305 3798 minus
1329 3744 1394 3798 ad
1427 3744 1735 3798 institutum
1777 3744 2108 3813 pertinentia
2140 3745 2442 3811 inculcavi;
2471 3753 2527 3799 et
2552 3745 2789 3799 debetur
2830 3745 2949 3798 haec
3001 3741 3360 3812 philosophiae
3401 3737 3648 3797 libertas,
3682 3746 3806 3802 quae
3850 3728 3985 3797 qnia

723 3832 837 3890 fere
873 3835 1456 3887 ezeterisexternarnin
1491 3848 1675 3886 rerum
1711 3832 2193 3887 commoditatibus
2222 3841 2279 3889 et
2311 3834 2657 3889 ornamentis
2690 3842 2863 3897 caret,
2903 3834 3098 3885 saltem
3131 3826 3481 3898 cogitationis
3503 3834 3666 3892 atque
3715 3816 3984 3874 orationis

727 3920 963 3974 vinculis
985 3920 1288 3975 laxioribus
1316 3919 1659 3988 asrringitur.
1692 3918 1812 3985 Quo
1833 3920 2053 3973 nomine
2079 3920 2408 3977 Socratesse
2443 3923 2671 3977 meliore
2697 3920 3017 3976 conditione
3044 3932 3166 3973 esse
3228 3930 3393 3985 quam
3445 3924 3719 3971 oratores,
3766 3905 3863 3973 qui
3914 3903 3985 3958 ad

728 4023 928 4077 aquam
951 4007 1144 4072 dicunt
1174 4020 1231 4061 et
1261 4008 1457 4061 taeitos
1495 4007 1742 4078 iudicum
1785 4018 1952 4062 nutus
1980 4008 2301 4071 observant,
2326 4010 2548 4078 gloriari
2574 4010 2807 4065 solebat.
2836 4008 2950 4078 Ego
2978 4022 3109 4061 vero
3141 4019 3266 4078 eam
3323 4001 3605 4057 licentiam
3652 3996 3791 4051 adeo
3842 3991 3986 4047 mibi

728 4098 877 4151 laudi
907 4114 1014 4151 non
1048 4098 1210 4160 duco,
1237 4105 1296 4149 ut
1334 4096 1505 4166 siqua
1524 4098 1683 4166 culpa
1714 4097 1797 4150 vel
1838 4096 1939 4150 hac
1970 4098 2493 4152 commemoratione
2522 4097 2606 4151 vel
2627 4096 3008 4151 conversionis
3027 4090 3544 4163 procrastinatione,
3574 4085 3822 4155 longiore
3853 4080 3987 4151 qui-

728 4188 855 4240 dem
880 4202 1042 4254 quam
1076 4185 1191 4256 ipse
1221 4193 1493 4254 putaram,
1518 4185 1807 4238 commissa
1828 4192 1934 4248 est,
1964 4184 2084 4254 eius
2105 4185 2237 4239 mibi
2276 4186 2505 4254 gratiam
2532 4184 2648 4239 ﬁeri
2679 4185 2894 4254 cupiam
2919 4200 2933 4249 ;
2975 4181 3278 4253 prmsertim
3306 4192 3431 4233 rum
3486 4177 3670 4245 exigui
3722 4168 3989 4239 temporis

732 4289 904 4335 niora,
939 4273 1116 4326 omnis
1145 4288 1339 4341 expers
1366 4259 1642 4325 incomino
1665 4271 1720 4337 li,
1746 4286 1854 4325 non
1890 4272 2254 4326 cessationem
2283 4271 2377 4326 sed
2409 4271 2570 4326 ﬁdem
2599 4279 2655 4326 et
2695 4270 3038 4340 diligentiam
3067 4285 3243 4323 meam
3266 4274 3458 4334 arguat
3483 4280 3498 4329 ;
3547 4276 3669 4330 qua:
3691 4258 3797 4312 nisi
3847 4254 3986 4308 mihi

731 4363 844 4416 otio
874 4372 929 4417 et
959 4362 1265 4416 commodis
1294 4362 1428 4414 meis
1450 4362 1727 4430 antiquior
1750 4361 1962 4423 fuisset,
1995 4362 2099 4415 hoc
2130 4361 2317 4414 labore
2351 4360 2525 4414 multo
2543 4359 2705 4414 citius
2722 4358 2944 4427 defungi
2980 4358 3300 4426 potuissem.
3353 4352 3461 4406 Sed
3487 4361 3569 4403 sat
3615 4349 3748 4410 cito,
3810 4344 3855 4398 si
3904 4351 3993 4397 sat

736 4452 895 4512 bene,
931 4460 992 4503 ut
1021 4450 1247 4503 dicitur.
1275 4449 1432 4516 Quod
1467 4448 1646 4520 ipsum
1673 4448 1836 4502 etiam
1873 4448 2068 4502 sedulo
2108 4464 2192 4502 me
2226 4456 2485 4501 conatum
2511 4462 2630 4503 esse
2671 4462 2795 4500 cum
2824 4461 2937 4500 rem
2965 4446 3139 4513 ipsam
3159 4451 3480 4496 testaturain
3517 4435 3813 4493 confidam.
3844 4431 3987 4485 nihil

733 4542 802 4593 de
826 4554 913 4593 me
934 4538 1054 4609 ipso
1081 4538 1299 4603 addam,
1327 4536 1473 4607 quod
1500 4535 1749 4606 quamvis
1772 4535 2009 4605 amplius
2024 4534 2228 4603 aliquid
2259 4536 2657 4604 praestitissem,
2678 4543 2857 4588 tamen
2881 4530 3227 4587 liberalitatis
3267 4543 3395 4598 erga
3447 4540 3534 4579 me
3592 4534 3698 4577 tua:
3746 4531 3804 4576 et
3856 4533 3989 4609 erga

731 4606 1009 4681 studiosos
1038 4625 1320 4690 homines,
1346 4606 1581 4695 quorum
1607 4622 1911 4677 commodis
1936 4631 2029 4676 tuo
2058 4632 2277 4692 sumptu
2305 4623 2796 4695 consulis,partem
2836 4621 2927 4675 vix
2959 4621 3208 4690 exiguam
3258 4614 3476 4671 viderer
3519 4619 3829 4668 assecutus.
3877 4606 3991 4663 Atr-

735 4726 906 4789 gnstm
934 4715 1422 4781 Vindelicorum,“
1448 4714 1529 4771 ιιι.
1561 4713 1737 4783 April.
1758 4728 1904 4767 anno
1948 4711 2201 4769 MDLVlI.
