4288 6364
745 404 852 465 .‘1‘23
2003 396 2301 457 NICET/E
2343 396 2750 458 CHONIA'NE
3895 392 4002 457 εει

746 512 1258 571 commemorationi
1310 508 1524 563 diutius
1563 506 1983 562 immorabimur
2034 520 2174 575 quas
2215 505 2318 575 ipsi
2353 517 2394 569 Α
2428 507 2439 557 ι

2305 505 2318 558 i
2353 517 2394 569 Α
2428 506 2636 570 θέσεως
2691 506 3049 577 ἐπιϐαίνομεν
3094 506 3285 575 τῆσδε,
3333 507 3422 560 οεά
3472 520 3595 558 τινα
3649 504 3865 577 ἐρήμην
3903 506 3998 557 καὶ

747 625 856 662 non
893 608 1146 665 vidimus,
1181 604 1276 656 sed
1305 602 1373 656 ab
1412 602 1477 655 iis
1499 602 1817 669 accepimus
1851 600 1943 669 qui
1979 614 2106 653 eum
2157 598 2321 650 vide-
2422 598 2440 650 ὲ

2308 626 2321 638 -
2422 598 2627 668 ἀστιϐῆ
2654 598 2855 651 διιέναι
2902 598 3289 669 ἐγχειροῦντες
3328 599 3448 651 ὁδὸν
3477 637 3493 661 ,
3534 598 3562 650 ὃ
3603 597 3700 650 καὶ
3733 597 4001 664 δύσεργόν

747 710 878 753 runt
918 709 971 751 et
1018 698 1073 749 in
1125 694 1501 763 expeditiones
1537 691 1780 744 comitati
1830 698 1978 744 sunt.
2014 691 2072 743 In
2107 689 2323 742 cmteris
2420 692 2440 742 ἐ

2307 704 2323 741 ι
2420 692 2539 742 ἐστι
2593 691 2685 741 καὶ
2734 690 2916 758 πολλῷ
2961 692 3365 761 ὑπερκείμενα.⁸
3410 691 3506 743 τοῦ
3553 693 3760 760 ἴχνεσιν
3792 692 4000 758 ἐτέρων

746 801 927 844 autem
958 788 1184 842 uberius
1216 785 1575 839 tractabimus
1596 784 1803 836 omnia.
1836 782 1940 838 Sed
1962 783 2074 850 jam
2108 780 2175 834 ad
2206 795 2320 833 rem
2422 797 2439 830 1

2311 797 2320 833 ι
2422 780 2848 849 προωδευκότων
2892 782 3309 852 ἐφομαρτεῖν,ἢ
3344 782 3475 850 γοῦν
3505 785 3583 845 ὡς
3615 782 3701 836 διὰ
3738 780 3886 839 λείας
3910 784 4004 831 καί

751 888 919 951 ipsam
953 881 1300 941 accedamus,
1344 878 1477 930 hinc
1525 888 1747 943 sumpto
1771 873 2022 927 exordio.
2425 869 2444 938 β

2425 869 2713 940 βασιλικῆς
2746 871 2989 941 βαδίζειν
3032 874 3176 937 ὀδοῦ,
3207 874 3349 941 λέγω
3381 874 3447 943 δὴ
3482 877 3579 942 τῆς
3610 875 3815 944 ἐτέρων
3854 876 4003 923 ἱστο-

750 976 892 1041 ρῗας,
920 974 1242 1041 εύουπόρως
1273 987 1329 1022 τε
1360 972 1451 1021 καὶ
1474 969 1750 1028 ἀπλανῶς.
1788 966 1957 1034 Ἀρχὴ
1989 965 2047 1017 δέ
2083 981 2173 1033 μοι
2224 962 2319 1014 τοῦ
2356 963 2539 1028 λέγειν
2602 966 2703 1017 ὅσα
2774 966 2914 1034 μετά
2941 966 3003 1017 τδ
3032 966 3205 1036 πέρας
3237 967 3401 1030 εὐθὺς
3433 967 3536 1034 τῆς
3574 964 3724 1031 ζωῆς
3755 969 3874 1036 ἃμα
3908 962 4007 1019 καὶ

743 1065 845 1132 τῆς
898 1062 1076 1131 ἁρχῆς
1134 1058 1227 1111 τοῦ
1292 1059 1358 1111 ἐκ
1405 1057 1708 1122 Κομνηνών
1755 1054 2020 1123 ἄρξαντος
2075 1051 2308 1119 πρώτως
2364 1050 2605 1113 Ἀλεξίου
2680 1052 2757 1120 (7)
2801 1052 3174 1121 συμϐέϐηκεν,
3231 1057 3356 1107 ἐπεὶ
3411 1058 3506 1109 καὶ
3558 1058 3616 1118 ἐς
3704 1058 3855 1108 τόνδε
3910 1055 4007 1106 τὸν

748 1160 959 1209 ἄνακτα
992 1155 1053 1205 τὸ
1093 1153 1277 1218 λέγειν
1323 1149 1765 1217 συνεπεράναντο
1811 1148 1999 1198 ὀπόσοι
2051 1144 2160 1194 τῶν
2217 1141 2325 1209 πρὸ
2366 1141 2523 1209 ἡμῶν
2551 1143 2617 1210 τῇ
2651 1148 2941 1214 συγγραφῇ
3013 1146 3295 1216 προδήλως
3331 1147 3618 1213 ἐπέϐαλον,
3647 1149 3715 1200 ἶν’
3778 1145 3891 1200 εἷεν
3937 1148 4006 1199 τὰ

747 1249 1105 1321 ῥηθησόμενα
1133 1265 1202 1297 πῃ
1218 1246 1265 1313 ρ’
1296 1243 1451 1311 ἡμῶν
1484 1241 1697 1310 συναφῆ
1734 1256 1851 1301 πως
1919 1240 2032 1297 τοῖς
2076 1237 2169 1289 ὑπ’
2211 1234 2438 1287 ἐκείνων
2498 1232 2758 1304 λεχθεῖσι,
2789 1239 2885 1290 καὶ
2921 1242 2950 1291 ό
2984 1238 3143 1305 λόγος
3182 1240 3325 1293 οὕτω
3389 1241 3819 1311 διαπλεκόμενος
3876 1244 4008 1311 τρό-

748 1344 998 1397 ποντινὰ
1027 1339 1172 1407 ὁλκῷ
1208 1336 1483 1399 εἰκάζοιτο
1562 1334 1836 1403 ῥεύματος
1913 1331 1978 1381 ἐκ
2026 1331 2158 1398 μιᾶς
2215 1327 2399 1396 πηγῆς
2439 1326 2723 1392 ἐκδιδόντι,
2784 1330 2817 1398 ἢ
2873 1329 3006 1398 γοῦν
3060 1331 3122 1384 τὸ
3176 1332 3285 1384 τῶν
3346 1332 3557 1401 κρίκων
3614 1333 4002 1402 ἀλληλένδετον

747 1439 1010 1507 ὑποκρίνο
1034 1452 1129 1496 το,
1167 1436 1231 1503 τῇ
1264 1433 1374 1484 τῶν
1406 1431 1491 1482 ἀεὶ
1526 1428 1811 1497 προσεχῶν
1848 1425 2052 1493 ἐφαψει
2121 1424 2424 1495 προϊόντων
2481 1423 2540 1485 ἐς
2604 1424 2855 1495 ἄπειρον.
2899 1427 2988 1478 Ἐν
3067 1425 3465 1495 κεφαλαιώδεσι
3504 1427 3550 1480 δ’
3608 1429 3895 1497 ἐπιτομαῖς
3933 1425 4005 1477 τὰ

745 1531 888 1583 κατά
931 1528 1023 1578 τὸν
1047 1525 1434 1592 αὐτοκράτορα
1473 1519 1727 1585 Ἰωάννην
1793 1517 1853 1568 τὸ
1922 1515 2157 1583 ἱστορεῖν
2226 1512 2578 1580 διηγήσεται,
2660 1514 2721 1577 ὃς
2786 1514 3009 1586 ’Λλεξίῳ
3057 1516 3300 1587 διάδοχος
3336 1517 3631 1586 γεγένηται
3662 1519 3761 1588 τῆς
3800 1517 3998 1588 ἀρχῆς.

746 1625 856 1676 οὐδ’
891 1619 1220 1690 ἐμϐραδυνεῖ
1248 1620 1367 1678 ταῖς
1399 1616 1522 1667 κατ’
1553 1613 1718 1666 αὐτὸν
1750 1605 2321 1679 ἁφηγήσεσιν,[Ρ.4.]
2362 1608 2554 1677 ὥσπερ
2624 1609 2683 1661 ἐν
2753 1613 2879 1673 τοῖς·
2922 1612 3122 1681 ἐφεξῆς
3166 1613 3463 1683 ἐργάσεται
3517 1613 3720 1681 λόγοις,
3769 1607 3859 1667 οἶα
3906 1614 4006 1666 καὶ

746 1715 908 1784 ἡμῶν
933 1714 1097 1782 μὴτά
1126 1714 1239 1772 τοῖς
1267 1709 1567 1778 ὀφθαλμοῖς
1597 1709 1690 1760 ἐπὶ
1721 1705 1857 1774 τῷδε
1928 1702 2361 1773 παρειλημμένα
2401 1705 2901 1773 συγγραφομένων,
2972 1706 3269 1760 κάντεῦθεν
3304 1709 3427 1778 μηδ’
3455 1708 3733 1777 ἀποτάδην
3769 1710 4007 1779 ἐχόντων

746 1807 920 1861 ταῦτα
951 1806 1229 1869 διεξιέναι,
1258 1805 1374 1857 ἀλλ’
1402 1804 1543 1871 άπερ
1576 1803 1657 1863 εἰς
1690 1799 1857 1868 ἀκοὴν
1888 1800 2052 1850 ὠτίου
2124 1797 2432 1865 εἰλήφαμεν
2472 1800 2536 1849 ἐκ
2568 1798 2677 1850 τῶν
2709 1801 2825 1851 ὅσοι
2852 1801 2961 1853 τῶν
2991 1801 3116 1855 καθ’
3144 1803 3329 1870 ζημᾶς
3350 1802 3443 1853 τὸν
3508 1801 3732 1870 βασιλέα
3792 1803 4007 1853 too-rant

749 1902 1050 1955 ἐθεάσαντο
1086 1899 1179 1949 καὶ
1216 1897 1611 1966 συνωμάρτουν
1643 1893 1840 1961 ἐκείνῳ
1875 1891 2009 1959 πρὸς
2047 1889 2326 1951 ἐναντίους
2402 1889 2673 1957 χωροῦντι
2749 1894 2843 1945 καλ⁵
2888 1894 2986 1956 τάς
3038 1892 3216 1965 μάχας
3252 1893 3698 1948 συνετολύπευον.
3746 1894 4008 1962 ’Ἄμεινον

744 1995 793 2047 δ’
833 1991 1087 2047 ἐντεῦθεν
1128 1989 1425 2060 ἄρξασθαι.

818 2083 889 2137 ll.
942 2081 1168 2135 Alexius
1222 2078 1537 2133 Conmenus
1595 2078 1892 2145 imperator
1939 2074 2080 2128 ﬁlios
2124 2083 2237 2127 tres
2268 2080 2325 2125 et
2357 2074 2400 2131 Β
2498 2067 2511 2122 l

2313 2074 2400 2131 ιΒ
2498 2067 2575 2122 Β’.
2616 2069 2709 2139 Τῷ
2744 2068 2941 2125 ἄνακτι
2991 2070 3218 2140 Ἀλεξίῳ
3267 2071 3345 2143 τῷ
3388 2073 3663 2144 Κομνηνῷ
3711 2074 3816 2126 υίοὶ
3857 2075 4006 2143 τρεῖτ

748 2180 986 2239 quatuor
1020 2169 1161 2222 ﬁlias
1204 2166 1667 2235 habuit.81nter
1717 2166 1912 2219 fratres
1960 2174 2092 2218 natu
2150 2165 2323 2220 maxi-

752 2276 874 2315 mus
924 2261 1165 2315 Joannes
1202 2259 1349 2321 fuit;
1386 2259 1539 2312 Anna
1586 2273 1718 2311 vero
1755 2256 2115 2325 primogenita
2162 2255 2323 2309 Nice-

747 2354 922 2423 phoro
965 2350 1218 2419 Brycnio,
1265 2348 1555 2404 Caesarissa
1607 2347 1898 2417 appellata,
1930 2348 2135 2415 nupsit.
2154 2345 2322 2400 Joan-

747 2459 874 2499 nem
931 2452 1089 2512 pater
1151 2442 1391 2494 maxime
1449 2438 1664 2500 dilexit,
1721 2437 1973 2505 datisque
2028 2435 2322 2505 purpureis

748 2536 951 2590 calceis
1008 2534 1243 2603 imperio
1291 2531 1588 2585 destinavit
1628 2540 1682 2582 ct
1714 2531 2102 2597 imperatorem
2134 2526 2325 2595 appel-

749 2627 977 2682 landttm
1035 2625 1270 2680 curavit.
1326 2623 1480 2677 lrcne
1516 2637 1647 2675 vero
1680 2629 1854 2673 mater
1898 2628 1971 2690 et,
2004 2617 2326 2686 imperatrix

746 2728 937 2778 contra
969 2717 1104 2771 nihil
1162 2717 1332 2770 Anna:
1386 2714 1509 2767 ﬁliae
1561 2711 1862 2775 deferebat,
1916 2722 2094 2778 neque
2157 2708 2323 2760 Joan-

748 2825 875 2864 nem
911 2808 1054 2877 apud
1110 2806 1361 2860 Alcxium
1421 2803 1680 2856 maritum
1747 2814 1806 2854 nt
1871 2800 2225 2855 temerarium
2270 2807 2328 2851 et

748 2900 882 2953 luxu
930 2897 1207 2966 perditum
1236 2904 1291 2949 et
1318 2895 1495 2948 levem
1524 2906 1585 2947 ac
1648 2893 1808 2961 plane
1848 2890 2137 2945 vecordem
2186 2890 2329 2942 calu-

752 2990 955 3043 mniari
1016 3003 1124 3042 non
1153 2986 1469 3048 desistebat,
1499 3001 1677 3053 neque.
1726 2982 2029 3051 quidquam
2095 2980 2331 3034 habebat

751 3080 1036 3149 antiquius
1058 3093 1223 3147 quam
1275 3087 1335 3130 ut
1372 3078 1770 3144 «inqueratorcm
1804 3074 1869 3126 ad
1904 3072 2222 3126 mutandam
2259 3070 2328 3124 de

749 3172 961 3226 Joanne
1009 3170 1339 3224 sententiam
1385 3166 1767 3234 compelleret.
1813 3164 2126 3231 Aliquando
2155 3162 2327 3214 ctiant

750 3263 1041 3332 Bryenimn
1094 3276 1189 3328 per
1240 3259 1584 3312 occasionem
1629 3257 1859 3310 summis
1887 3254 2148 3335 laudibus
2178 3253 2328 3307 cele-

752 3354 945 3407 brabat
986 3360 1135 3406 utet
1176 3350 1689 3419 eloquentissimum
1750 3356 1806 3401 et
1856 3346 2024 3400 rebus
2073 3344 2329 3414 gerendis

2426 2162 2522 2215 καὶ
2562 2162 2868 2232 θυγατέρες
2928 2165 3198 2235 τέσσαρες
3246 2167 3597 2236 ἐγεγένηντο.
3648 2162 3756 2220 Ἦν
3795 2166 3852 2219 δὲ
3897 2167 4011 2219 τῶν

2430 2254 2529 2322 μὲν
2558 2255 2770 2324 ἀνδρῶν
2802 2257 2830 2307 6
2876 2256 3133 2326 Ἰωάννης
3178 2259 3320 2309 κατὰ
3360 2258 3581 2324 γένεσιν
3628 2258 4007 2327 προφερέστε-

2427 2362 2546 2417 ρος,
2602 2348 2961 2418 πρωτογενὴς
3015 2349 3059 2401 δ’
3110 2350 3371 2403 ἁπάντων
3414 2350 3525 2403 τῶν
3570 2350 3631 2414 ἐξ
3677 2350 3880 2417 ὀσφύος
3928 2351 4010 2419 τῷ

2438 2439 2665 2509 Ἀλεξίῳ
2712 2443 2746 2508 η
2802 2441 3057 2512 θυγάτηρ
3103 2444 3273 2496 Ἀννα
3334 2442 3689 2512 καθεωρᾶτο,
3746 2443 3869 2511 ἥτις
3926 2445 4010 2505 είς

2426 2527 2580 2598 λέχος
2610 2530 2689 2598 τῷ
2741 2531 2984 2601 Βρυενίῳ
3032 2532 3330 2602 Νικηφόρῳ
3356 2532 4011 2601 συνέζευκτο,τιμη8εῖσα

2431 2619 2804 2691 Καισάρισσα.
2839 2622 2901 2675 ‘0
2932 2622 3187 2692 βασιλεὺς
3219 2627 3405 2678 τοίνυν
3432 2625 3526 2677 καὶ
3556 2625 3746 2686 τοκεῦς
3768 2625 4011 2687 ’Δλέξιος

2432 2711 2668 2781 μάλιστα
2700 2713 2809 2767 τῶν
2840 2715 3018 2768 ἄλλων
3047 2716 3253 2769 παίδων
3286 2716 3366 2785 τῷ
3399 2718 3629 2789 Ἰωάννῃ
3659 2716 4013 2787 προσέκειτο.

2439 2804 2658 2872 Ἀμέλει
2692 2822 2777 2859 τοι
2830 2806 2927 2859 καὶ
2982 2806 3173 2860 τοῦτον
3235 2809 3527 2878 ἐπικρίνας
3580 2808 3682 2877 τῆς
3732 2806 4009 2877 βασιλείας

2427 2894 2675 2967 διάδοχον
2706 2897 3066 2966 καταλείψειν
3093 2898 3327 2969 ἐρυθροῦ
3365 2900 3422 2953 τέ
3456 2902 3504 2953 οἱ
3533 2899 3756 2952 πεδίλου
3797 2898 4017 2968 μετεδε-

2427 2986 2596 3039 δώκει
2632 2988 2726 3040 καὶ
2770 2988 3000 3057 βασιλέα
3051 2990 3302 3044 ἐδεδώκει
3344 2991 3802 3060 ἀναγορεύεσθαι.
3853 2990 3919 3042 Ἦ
3954 2988 4013 3040 δξ

2434 3078 2618 3149 μήτηρ
2657 3078 2751 3131 καὶ
2799 3079 3012 3149 βασιλὶς
3058 3080 3265 3153 Εἰρήνη
3313 3086 3379 3153 τῇ
3426 3083 3658 3152 θυγατρὶ
3707 3083 3874 3153 Ἀννῃ
3912 3082 4013 3147 τὴν

2434 3171 2622 3222 πᾶσαν
2647 3173 2710 3224 ἐκ
2738 3172 2832 3224 τοῦ
2865 3172 3114 3226 ἐναντίου
3150 3172 3488 3245 χαριζομένη
3519 3175 3694 3245 ῥοπὴν
3724 3174 3825 3226 οὐκ
3868 3174 4012 3226 ἀνῖει

2432 3260 2586 3328 παρά
2620 3261 2700 3332 τῷ
2741 3263 3061 3332 συλλέκτρῳ
3120 3263 3344 3334 Ἀλεξίῳ
3390 3264 3483 3317 τὸν
3534 3266 3791 3335 Ἰωάννην
3838 3263 4013 3315 ἐνδιαο

2432 3350 2732 3417 ϐάλλουσα,
2768 3355 3021 3426 προπετῆ
3056 3354 3248 3409 τοῦτον
3279 3356 3675 3421 ἀποκαλοῦσα,
3711 3358 3807 3409 καὶ
3843 3356 4015 3423 ὑγρὶν

749 3445 1119 3514 aptissimum,
1178 3451 1234 3497 et
1283 3441 1608 3495 liberalibus
1642 3439 1884 3501 artibus,
1919 3454 2041 3508 qua:
2076 3438 2325 3490 animum
2355 3422 2397 3478 (δ
2431 3458 2442 3473 ι

2320 3458 2325 3489 ι
2355 3422 2397 3478 C
2431 3443 2526 3493 τὸν
2574 3442 2689 3512 βίον
2743 3422 3164 3507 ἐπνιτωθάξουσα
3191 3484 3207 3511 ,
3264 3446 3665 3515 παλίνστροφόν
3697 3460 3757 3497 τε
3791 3444 3852 3496 τὸ
3880 3422 4013 3515 ἦθος

749 3536 816 3590 ad
851 3536 1110 3588 virtutem
1140 3533 1437 3587 informent
1462 3541 1517 3584 et
1541 3531 1606 3583 ad
1643 3529 1937 3598 imperium
1977 3530 2079 3581 rite
2126 3542 2325 3596 geren-

749 3625 881 3680 dum
942 3633 997 3677 et
1056 3624 1318 3677 tuendum
1366 3622 1602 3675 maximo
1660 3622 1981 3689 adjnmento
2018 3620 2149 3681 sint,
2197 3633 2326 3670 eru-

750 3715 949 3770 ditum.
996 3714 1223 3766 Alexius
1267 3726 1399 3765 vero
1437 3726 1563 3766 cum
1620 3711 1737 3764 ba-c
1800 3708 2037 3763 materni
2096 3707 2329 3761 allectus

749 3803 900 3856 haud
947 3802 1170 3871 ignarus
1220 3800 1459 3861 audiret,
1495 3800 1631 3852 alias
1670 3814 1728 3852 se
1785 3797 2130 3866 gravioribus
2164 3812 2331 3867 nego-

755 3896 848 3947 tiis
883 3904 1216 3961 occupatum
1254 3892 1418 3944 verba
1456 3891 1546 3944 illa
1590 3905 1818 3958 prorsus
1864 3904 1972 3940 non
2024 3902 2219 3940 curare
2253 3886 2329 3940 si-

752 3990 1018 4048 mulabat,
1058 3988 1193 4039 alias
1241 3996 1458 4053 tempus
1502 3985 1567 4039 ad
1620 3982 2032 4037 deliberandum
2074 3989 2329 4049 sumptu-

753 4095 873 4131 rum
909 4094 1086 4145 neque
1120 4076 1440 4145 petitionem
1463 4077 1583 4143 ejus
1610 4074 1985 4140 neglecturum
2008 4071 2140 4125 'esse
2176 4071 2323 4124 allir-

754 4171 956 4224 mahat.
1004 4170 1183 4223 Semel
1238 4184 1370 4221 vero
1420 4165 1806 4235 temperare9
1837 4166 1938 4217 sibi
1996 4181 2104 4218 non
2151 4166 2331 4233 potuit

752 4258 886 4327 quin
918 4273 1037 4308 cam
1092 4259 1164 4309 ita
1206 4257 1624 4324 alloqueretur:
1672 4262 1739 4303 «tt
1770 4254 1970 4306 mulier
2011 4262 2066 4305 et
2105 4253 2235 4306 lecti
2268 4262 2326 4307 et

753 4347 967 4413 imperii
1013 4347 1119 4398 mei
1172 4347 1464 4415 particeps,
1532 4359 1640 4397 non
1697 4343 1918 4397 tandem
1972 4358 2037 4398 ea
2095 4344 2329 4397 suadere

756 4439 887 4491 mihi
927 4438 1148 4491 desines
1190 4453 1312 4506 quae
1356 4436 1479 4489 ﬁlia:
1522 4446 1627 4489 tuae
1665 4447 1816 4504 grata
1859 4444 2010 4497 sunt,
2045 4445 2102 4488 et
2137 4435 2326 4488 conari

756 4538 815 4581 ut
842 4529 978 4579 ordo
1018 4527 1368 4580 laudabiliter
1429 4526 1716 4580 institutus
1742 4524 2036 4577 turbetur?
2087 4524 2236 4593 quod
2278 4523 2325 4577 si

755 4619 997 4673 numinis
1024 4619 1256 4689 alicujus
1288 4618 1369 4671 ira
1409 4618 1620 4687 percita
1654 4632 1733 4679 es,
1789 4615 1857 4669 ad
1914 4630 2101 4669 sanam
2150 4616 2327 4670 redito

757 4719 1031 4772 mentem;
1073 4724 1137 4762 ac
1188 4695 1372 4777 potius
1418 4723 1633 4762 mecum
1682 4706 2035 4761 considerato
2068 4721 2137 4759 an
2180 4706 2324 4761 ullus

756 4814 997 4867 unquam
1028 4814 1096 4851 ex
1124 4800 1506 4867 superioribus
1558 4798 1934 4852 Romanorum
1980 4797 2326 4866 imperatori-

755 4889 881 4951 bus,
910 4903 1034 4942 cum
1060 4888 1227 4941 ﬁlium
1251 4890 1483 4959 imperio
1515 4888 1774 4941 idoneum
1818 4889 2066 4951 haberet,
2106 4904 2173 4942 eo
2228 4903 2327 4941 ne-

754 4978 933 5048 glecto
985 4994 1251 5048 generum
1294 4980 1639 5050 praetulerit:
1673 4996 1737 5034 ac
1801 4991 1859 5034 ut
1890 4980 2185 5050 aliquando
2223 4980 2330 5035 tale

755 5069 1035 5139 quippiam
1092 5071 1391 5133 acciderit,
1439 5070 1584 5139 quod
1644 5086 1769 5124 raro
1822 5071 2030 5125 factum
2072 5078 2178 5136 est,
2230 5085 2330 5139 pro

756 5158 874 5228 lege
911 5159 1227 5213 habendum
1271 5177 1379 5213 non
1416 5162 1564 5215 erit:
1616 5176 1644 5213 a
1709 5176 1798 5216 me
1856 5161 2184 5230 praesertim,
2234 5161 2329 5229 qui

758 5261 882 5299 cum
942 5262 1170 5316 regnum
1223 5249 1367 5302 haud
1413 5251 1765 5305 laudabiliter
1818 5252 1913 5306 sed
1946 5252 2188 5307 caedibus
2239 5269 2331 5308 co-

757 5341 1043 5402 gnatorum
1091 5345 1146 5390 et
1197 5338 1506 5393 rationibus
1557 5339 1624 5393 ab
1672 5340 1935 5394 institutis
1984 5339 2329 5395 Christiano-

2432 3531 2529 3583 καὶ
2563 3531 2791 3601 μηδαμῆ
2826 3532 2995 3603 μηδὲν
3042 3533 3195 3601 ὑγιὲς
3246 3533 3463 3604 ἔχοντα,
3494 3534 3591 3587 καὶ
3622 3533 3887 3604 τιθεμένη
3921 3535 4014 3587 διὰ

2432 3622 2635 3685 παντὸς
2662 3623 2922 3692 ἀσχολίας
2959 3623 3141 3692 πάσης
3178 3625 3453 3694 ἀνώτερον
3489 3625 3817 3694 σπούδασμα
3861 3627 4012 3688 ὅπως

2435 3714 2722 3782 μετάθοιτο
2770 3714 2871 3784 τὴν
2914 3714 3147 3786 γνώμην
3201 3718 3229 3768 ὁ
3276 3716 3536 3786 βασιλεὺς
3593 3721 3661 3788 ἢν
3709 3714 3859 3788 εἶχεν
3916 3722 4008 3772 ἐπ’

2432 3801 2581 3869 αὐτῷ
2614 3804 3030 3872 κυρωσάμενος.
3074 3802 3323 3873 Ἐνιαχοῦ
3354 3805 3411 3857 δὲ
3455 3806 3552 3859 καὶ
3589 3805 3751 3873 λόγου
3795 3808 4014 3875 πρόᾳαο

2436 3907 2521 3943 σιν
2572 3891 2661 3945 τὸν
2703 3893 2959 3961 Βρυένιον
3010 3897 3470 3965 παρεισφέρουσα,
3513 3900 3787 3962 παντοίοις
3847 3900 4015 3953 αὑτὸν

2433 3984 2683 4045 ἐπαίνοις
2709 3987 3049 4053 κατέστεφεν
3081 3985 3178 4038 ἂτε
3208 3989 3384 4039 είπεῖν
3419 3988 3753 4042 ίκανώτατον
3793 3993 3885 4044 καὶ
3910 3994 4012 4045 οὶκ

2433 4073 2691 4126 ἐλάττονα
2719 4075 3148 4145 διαπράξασθαι,
3186 4078 3281 4131 καὶ
3316 4079 3659 4150 μαθημάτων
3683 4082 4013 4154 ἐλευθερίων

2437 4159 2831 4229 μεταλαχόντα,
2874 4164 3163 4230 ῥυθμίζειν
3195 4165 3255 4218 τὸ
3308 4162 3439 4235 ἦθος
3485 4168 3703 4222 είδὰτων
3745 4172 3839 4222 καὶ
3876 4172 4012 4240 πρὺ;

2440 4250 2728 4320 βασιλείαν
2790 4252 3169 4323 ἀδιαλώδητον
3218 4256 3279 4307 οὐ
3336 4257 3546 4328 βραχέα
3600 4261 4015 4331 συναιρομένων

2435 4346 2547 4404 τοῖς
2582 4344 2775 4413 ἄρχειν
2813 4345 3121 4413 μέλλουσιν.
3175 4349 3235 4400 '0
3262 4349 3307 4401 δ’
3348 4351 3586 4415 ’Λλέξιος
3618 4354 3792 4407 ταῦτα
3820 4357 4011 4407 ἑνωτι-

2437 4431 2666 4501 ζόμενος
2720 4436 2814 4486 καὶ
2862 4436 2923 4487 τδ
2970 4436 3223 4506 μητρῷον
3255 4439 3478 4508 φίλτρον
3503 4443 3888 4511 ἐπιστάμενος.
3931 4446 4010 4513 πῆ

2442 4524 2542 4593 μὲν
2575 4524 2755 4587 ἀλλοις
2808 4526 2873 4579 ἐκ
2914 4528 3010 4578 τοῦ
3048 4528 3236 4597 σχεδὸν
3278 4531 3671 4600 κατεπείγουσι
3718 4536 4009 4604 πράγμασι

2436 4614 2761 4685 χαρίζεσθαι
2806 4617 2900 4669 τὸν
2938 4618 3069 4671 νοῦν
3119 4620 3488 4691 πλαττόμενος
3544 4624 3665 4678 οὐδὲ
3716 4628 4007 4697 προσέχειν

2434 4705 2571 4768 ὅλως
2602 4710 2714 4770 τοῖς
2746 4708 3063 4776 λεγομένοις
3100 4715 3506 4780 προσεποιεῖτο,
3540 4717 3617 4784 πῆ
3644 4716 3690 4768 δ’
3723 4719 3776 4779 ἐς
3811 4721 4009 4787 σκέψιν

2430 4793 2681 4846 ἀπολύων
2709 4794 2778 4846 τά
2808 4796 3183 4864 είσηγούμενα
3222 4798 3297 4869 μὴ
3338 4799 3404 4851 ἂν
3435 4801 3534 4871 τὴν
3569 4803 3786 4873 αἴτησιν
3833 4808 4009 4874 αὐτῆς

2430 4884 2891 4954 παραϐλέψασθαι
2925 4887 3257 4957 ἰσχυρίζετο.
3303 4890 3507 4944 Ἐνίοτε
3546 4892 3603 4944 δὲ
3635 4896 3728 4945 καὶ
3758 4896 4009 4949 τοιοῦτόν

2429 4994 2482 5028 τι
2517 4975 2909 5047 παθηνάμενος
2942 4979 3168 5049 εἴρηκεν
3198 4995 3213 5011 '
3251 4999 3269 5031 ι
3316 4977 3389 5033 Ὠ
3418 4982 3580 5049 γύναι
3604 5025 3618 5050 ,
3653 4989 3875 5041 κοινωνέ
3912 5008 4006 5057 μοι

2428 5066 2620 5136 λέχους
2652 5067 2748 5120 καὶ
2782 5068 3084 5137 βασιλείας,
3121 5071 3184 5122 οὐ
3222 5070 3290 5124 τὰ
3330 5073 3465 5140 πρὸς
3492 5077 3655 5145 χάριν
3685 5078 3873 5152 παύσῃ
3905 5084 4008 5150 τῆς

2430 5158 2535 5229 σῆς
2591 5160 2966 5230 ὺποτιθεμένη
3019 5178 3109 5230 μοι
3154 5162 3447 5235 θυγατρὸς,
3497 5167 3766 5236 ἁρμονίαν
3804 5187 3861 5223 τε
3910 5174 4009 5226 καὶ

2433 5251 2589 5314 τάξιν
2619 5250 2981 5321 ἐπιχειροῦσα
3013 5251 3163 5305 λύειν
3193 5255 3520 5327 ἐπαινετὴν,
3572 5257 3649 5321 ώς
3681 5261 3839 5331 εἴπερ
3879 5260 4007 5315 θεο-

2436 5340 2695 5406 σλαὸείας
2750 5343 3131 5414 μετέσχηκαςς
3184 5342 3344 5397 Βάλλ⁹
3384 5347 3440 5411 ἐς
3474 5348 3646 5420 τύχην
3681 5352 3928 5424 ἀγαθήν·
3968 5355 4005 5425 ἢ

2019 5516 2193 5577 Hier.
2239 5518 2444 5581 Wolﬁi
2496 5527 2687 5582 notm.

834 5681 908 5761 l7)
942 5684 1263 5761 ξἈρξαντος
1278 5688 1515 5755 πρώτως
1554 5692 1847 5755 Ἀλεξίου.
1871 5692 2110 5761 Respicit
2134 5692 2200 5746 ad
2229 5709 2325 5749 sua

763 5756 1108 5832 potissimum
1142 5766 1405 5832 tempora,
1438 5770 1498 5812 ut
1530 5763 1767 5815 arbitror
1796 5780 1809 5814 :
1847 5756 2166 5832 nam'longe
2200 5776 2325 5819 ante

764 5822 1011 5875 Alexiunt
1055 5822 1285 5880 lsaacius
1313 5828 1624 5884 Comnenns
1666 5842 1787 5900 post
1818 5822 2135 5888 Micltaclem
2176 5833 2325 5887 Stra-

2437 5699 2683 5754 tioticum
2716 5702 3003 5770 imperavit
3036 5722 3051 5767 ;
3097 5704 3185 5758 cui
3234 5703 3628 5762 Constantinus
3667 5702 3845 5760 Ducas
3882 5718 4009 5761 suc-

2434 5772 2619 5833 cessit,
2651 5781 2711 5825 ut
2737 5776 2904 5826 refert
2932 5772 3190 5828 Zonaras.
