4288 6364
161 423 271 486 3ἓῦ

170 539 382 610 μᾶλλον
408 531 573 601 δεῦρο
603 527 760 595 κοινῇ
800 508 1360 583 συνδιασκεψώμεθσ,
1406 504 1501 559 καὶ
1542 496 1753 605 γνωσό-

171 592 318 704 μεθα
369 627 456 688 τίς
511 592 581 686 ἐξ
629 592 891 673 ἁπάντων
952 611 1062 664 τῶν
1103 604 1296 675 πρώην
1346 600 1416 652 τά
1474 592 1765 704 Ῥωμαίων

172 685 452 790 ίιίιῆιιιςτρα⁷
497 709 947 786 παρειληφότων,
1007 702 1121 756 υίδν
1167 698 1307 767 ἔχων
1366 690 1629 763 ἁρμόδιον
1686 685 1767 790 είς

173 778 382 887 dpx-ﬁv,
423 778 616 864 τοῦτο-ν
650 778 1197 875 μὶνπαρεϐλέψατο,
1246 785 1500 856 γαμϐρὸν
1536 781 1592 835 δὲ
1634 778 1770 884 άνθῖ-

436 904 497 955 Εί
527 901 585 953 δέ
622 869 753 949 ποτε
793 894 885 946 καὶ
912 886 1115 943 τοιόνδε
1150 902 1203 937 τι
1258 877 1608 947 ξυμὸέὸηκεν
1636 913 1649 935 ,
1706 869 1769 922 οὐ

175 959 447 1068 νόμον,Ιῶ
479 988 752 1059 γύναι,ξτὸ
781 983 1009 1036 σπάνιον
1040 971 1383 1046 ἡγησόμεθα.
1423 967 1505 1039 [Ρ.
1532 964 1613 1036 5.]
1653 959 1786 1040 Ἐπί

176 1059 309 1160 ἐμοὶ
342 1059 402 1141 δὲ
437 1086 533 1139 καὶ⁴
570 1084 717 1153 μάλα
739 1075 991 1143 καπυρδν
1015 1071 1268 1139 γελάσειε
1295 1064 1354 1116 τὸ
1379 1059 1771 1130 Πανρώμαιον,

176 1184 278 1234 καὶ
313 1181 429 1233 τῶν
476 1175 695 1245 φρενῶν
734 1168 986 1240 κριθείην
1037 1157 1363 1218 ἀποπεσὼν,
1402 1155 1451 1206 εί
1486 1152 1583 1219 τὴν
1623 1149 1778 1218 βασι-

177 1272 335 1325 λείαν
368 1271 471 1322 οὐκ
501 1262 805 1323 ἐπαινετῶς
836 1255 1075 1327 εἰληφὼς
1100 1251 1213 1305 ἀλλ’
1239 1251 1468 1319 αῖμασιν
1498 1241 1778 1313 ὁμογενῶν

181 1367 284 1421 καὶ
323 1363 571 1434 μεθόὃοις
606 1352 1015 1427 Χριστιανικῶν
1063 1345 1469 1417 ἀφισταμέναις
1515 1336 1736 1407 θεσμῶν
1762 1374 1775 1397 ,

181 1428 391 1526 δεῆσαν
418 1453 628 1520 ταύτης
664 1447 955 1517 ἀφεικέναι
986 1443 1253 1510 διάδοχον,
1284 1435 1346 1488 τὸ
1372 1434 1468 1503 μὲν
1495 1432 1554 1497 ἐξ
1581 1428 1782 1499 ὀσφύος

183 1524 675 1615 ἀποπεμψαίμην,
712 1541 806 1591 τὸν
844 1536 898 1589 δὲ
936 1532 1226 1589 Μακεδόνα
1268 1524 1709 1593 εἰσοικισαίμην,
1759 1538 1779 1571 ι

180 1641 279 1690 τὸν
315 1614 579 1706 Βρυένιον
634 1630 780 1684 οὕτω
825 1630 1021 1696 λέγων,
1048 1624 1171 1678 ἐπεὶ
1203 1624 1296 1675 καὶ
1333 1621 1392 1684 ἐξ
1443 1614 1787 1687 Ὀρεστιάδος

188 1731 426 1800 ὥρμητο
459 1744 471 1755 ·
511 1728 610 1796 μία
638 1725 684 1778 δ’
717 1722 859 1793 αὕτη
900 1721 1012 1773 τῶν
1054 1717 1394 1786 εὐδαιμόνων
1450 1712 1545 1764 καὶ
1592 1708 1788 1780 κρατί-

190 1839 339 1875 στων
374 1822 528 1889 παρὰ
566 1809 880 1870 Μακεδόσιν
923 1812 1151 1864 πόλεων.
1201 1806 1445 1861 Τοιαῦτα
1500 1803 1639 1873 πρὸς
1687 1801 1787 1871 τὴν
1824 1832 1866 1887 Β

191 1912 531 1983 βασίλισσαν
565 1908 809 1975 Εξρήνην
841 1902 1123 1974 ἐμϐριθῶς
1171 1900 1198 1952 ὁ
1222 1898 1463 1962 Ἀίιέξιος
1514 1896 1784 1965 φάμενος,

189 2005 343 2072 ὅμως
402 2004 497 2053 καὶ
538 1999 703 2052 πάλιν
744 1998 833 2050 τὸν
891 1994 1162 2066 μηδαμῶς
1207 1991 1515 2044 ἀπειπόντα
1556 1988 1791 2057 ὑποκρι-

192 2099 451 2164 νόμενος,
502 2093 658 2160 διῆγε
717 2090 817 2157 τὴν
864 2089 1099 2157 γυναῖκα
1152 2084 1535 2152 σκηπτόμενος
1571 2080 1660 2132 ἀεὶ
1696 2081 1788 2131 τὶν

194 2189 579 2254 σκεπτόμενον
607 2200 619 2213 ·
656 2179 725 2253 ἦν
762 2182 895 2251 γὰρ,
928 2181 975 2232 εί
1004 2178 1096 2232 καί
1135 2195 1220 2239 τις
1258 2175 1441 2237 ἄλλος,
1482 2172 1791 2243 κρυψίνους

193 2284 222 2333 ὸ
254 2281 401 2349 ἀνὴρ
433 2274 613 2341 οὗτος,
649 2277 747 2329 καὶ
778 2275 943 2342 σοφὸν
987 2271 1297 2343 ἡγούμενος
1348 2269 1435 2321 ἀεὶ
1468 2267 1529 2319 τὸ
1560 2267 1791 2335 περίερ-

194 2388 319 2439 γον,
380 2369 519 2439 μηδὲ
571 2368 641 2419 τὰ
698 2364 869 2418 πολλὰ
928 2359 1320 2431 ἑξαγχνελτικδς
1374 2356 1471 2410 τοῦ
1531 2356 1790 2424 ποιητέου

191 2461 581 2532 δεικνύμενος.
641 2459 987 2528 Ἐγγίζοντος
1037 2456 1095 2508 δέ
1136 2455 1187 2506 οἱ
1228 2452 1324 2505 τοῦ
1374 2452 1649 2521 τέρματος
1694 2448 1794 2518 τῆς

196 2558 351 2626 ζωῆς
389 2558 418 2608 ὀ
462 2555 561 2625 μὲν
594 2553 777 2607 ἔκειτο
820 2549 1001 2603 πνέων
1041 2548 1112 2600 τὰ
1158 2546 1371 2599 λοίσθια
1395 2546 1454 2596 ὲν
1498 2544 1613 2606 τοῖς
1652 2543 1797 2595 κατὰ

193 2648 300 2718 τὴν
349 2645 525 2715 μονὴν
565 2644 677 2695 τῶν
708 2641 1022 2709 Μαγγάνων
1055 2637 1469 2709 λαμπροτάτοις
1500 2634 1796 2703 οἰκοδομή-

200 2753 403 2809 μασιν,
463 2739 493 2789 ὀ
542 2735 600 2788 δὲ
630 2738 763 2799 παῖς
824 2733 1081 2803 Ἰωάννης
1127 2730 1220 2784 τὸν
1273 2730 1491 2796 πατέρα
1536 2726 1680 2796 ὁρῶν
1730 2726 1798 2795 τῇ

198 2832 438 2899 τελευτῇ
473 2827 872 2899 πλησιάζοντα,
928 2827 1026 2878 καὶ
1055 2824 1154 2893 τὴν
1202 2824 1417 2892 μητέρα
1465 2819 1623 2881 εἰδὼς
1666 2821 1803 2873 ἀπο-

204 2924 562 2991 στέργουσαν
606 2920 704 2971 καὶ
745 2920 813 2987 τῇ
853 2916 1059 2987 ἀδελφῇ
1108 2916 1207 2986 τὴν
1259 2913 1542 2983 βασιλείαν
1580 2911 1802 2983 μνωμέ-

202 3029 327 3083 νην,
369 3009 650 3063 κοινοῦται
685 3010 743 3062 τὺ
788 3008 1047 3078 ποιητέον
1094 3009 1210 3069 τοῖς
1251 3009 1315 3058 ὲκ
1346 3006 1444 3074 τῆς
1476 3005 1803 3073 συγγενείας

204 3103 412 3171 ἐκείνῳ
438 3100 571 3171 φίλα
598 3100 908 3171 φρονοῦσιν,
938 3092 1012 3152 ὧν
1035 3098 1101 3152 τὰ
1127 3098 1397 3167 κράτιστα
1424 3092 1495 3162 ἧν
1519 3098 1545 3148 ὁ
1574 3096 1804 3163 ἁδελφὸς

218 3198 530 3260 Ἰσαάκιος.
572 3196 683 3250 Καὶ
714 3196 778 3262 δὴ
805 3194 989 3248 λαθὼν
1035 3195 1139 3263 τὴν
1202 3193 1421 3263 μητέρα
1480 3193 1676 3245 εἴσεισι
1719 3194 1808 3247 τὸν
1838 3185 1883 3244 C

207 3290 455 3343 κοιτῶνα
505 3289 597 3342 τὸν
638 3289 937 3357 πατρικὶν,
996 3288 1091 3340 καὶ
1139 3285 1472 3355 προσπεσὼν
1517 3284 1594 3347 ὡς
1648 3284 1807 3354 δῆθεν

210 3381 517 3451 θρηνήσων
550 3380 869 3449 ὑφαιρεῖται
907 3377 1082 3447 λάθρα
1115 3378 1215 3445 τῆς
1258 3377 1471 3429 ἐκείνου
1510 3377 1694 3447 χειρὸς
1719 3377 1810 3428 τὸν

216 3475 617 3545 σφραγιστῆρα
648 3472 959 3525 δακτύλιον.
1001 3471 1120 3524 Εἰσὶ
1145 3470 1189 3522 δ’
1214 3471 1263 3522 οἳ
1296 3472 1440 3523 κατὰ
1461 3474 1692 3540 γνώμην
1716 3470 1811 3524 τοῦ

214 3566 430 3637 πατρὸς
474 3565 639 3617 αὐτόν
680 3581 815 3633 φασι
854 3562 975 3614 τόδε
1026 3562 1415 3630 πεποιηκέναι,
1461 3562 1535 3621 ib;
1593 3561 1812 3614 δίδωσιν

215 3664 429 3715 ἐννοεῖν
456 3660 528 3712 τὰ
562 3660 705 3729 μετὰ
737 3658 912 3730 βραχὺ
943 3656 1320 3728 ῥηθησόμενα.
1373 3657 1582 3709 Λύτίκα
1628 3659 1814 3710 τοίνυν

215 3758 249 3811 ὁ
291 3756 559 3825 Ἰωάννης
593 3756 723 3817 τοὺς
759 3753 1089 3823 συνίστορας
1133 3750 1412 3823 ἡθροικὼς
1444 3751 1539 3804 καὶ
1582 3751 1641 3803 τὸ
1672 3767 1818 3820 πρα-

216 3849 353 3919 χθὲν
384 3847 676 3918 manu;
734 3848 825 3899 ἐπὶ
882 3848 1109 3917 κέλητος
1163 3847 1285 3916 μεθ’
1340 3845 1522 3899 ὃπλων
1561 3846 1698 3915 πρὸς
1755 3844 1818 3897 τὸ

228 3943 499 4013 μέγιστον
538 3942 764 4010 ἀρχεῖον
804 3941 1098 4010 ἐξώρμησε
1126 3981 1140 4005 ,
1180 3942 1305 3993 κατ’
1347 3940 1518 4008 αὐτὴν
1556 3938 1657 3998 τὴν
1707 3938 1817 3990 τῶν

223 4035 551 4103 Μαγγάνων
583 4033 752 4104 μονὴν
782 4035 878 4087 καὶ
907 4035 1005 4096 τὰς
1038 4033 1233 4101 ἀγυιὰς
1258 4035 1457 4100 ὁμοίως
1482 4032 1582 4101 τῆς
1607 4031 1818 4093 πόλεως

229 4128 342 4181 ὑπὸ
384 4127 624 4199 πλήθους
666 4127 760 4180 τοῦ
800 4127 1117 4197 σὺμφρονος
1156 4128 1251 4178 καὶ
1284 4126 1394 4177 τῶν
1441 4127 1587 4178 κατὰ
1628 4126 1819 4195 φήμην

229 4222 344 4275 τῶν
386 4221 688 4291 δρωμένων
726 4219 1171 4287 συναλιζομένων
1205 4221 1530 4273 ἁστυπόλων
1563 4220 1820 4291 βασιλεὺς

230 4314 604 4382 αὐτοκράτωρ
644 4312 1161 4382 ἀνευφημούμενος.
1182 4312 1244 4363 Ἦ
1287 4311 1499 4389 βασιλὶς
1530 4314 1586 4366 δὲ
1617 4315 1821 4386 Εἰρήνη

1584 372 1983 443 HISTORIA.

1783 493 1830 550 Α
1860 501 1982 538 ium
2018 480 2215 537 alienis
2251 478 2595 547 occuparint,
2628 474 2727 529 toti
2763 473 3012 528 Romano
3044 466 3281 539 imperio
3313 466 3453 519 risui

1870 575 1975 630 sim
2005 575 2232 629 futurus
2264 582 2319 627 et
2352 586 2451 641 pro
2484 571 2677 624 insano
2704 566 3014 629 habendus,
3059 564 3102 616 si
3141 564 3193 616 in
3244 560 3461 616 delibe-

1873 670 2087 724 ratione
2115 664 2509 725 successionis.
2540 676 2802 732 germano
2835 658 2948 713 lilio
2986 654 3300 724 repudiato.
3350 652 3463 707 Ma-

1877 758 2145 814 cedonem
2196 758 2250 811 in
2296 756 2435 809 solio
2466 754 2798 809 collocare.»
2850 750 2941 804 Sic
2993 756 3179 801 autem
3222 744 3464 812 appella-

1874 850 1966 904 bat
2024 848 2319 919 Brycnium
2363 844 2649 899 Orestiade
2691 842 2848 896 beata
2908 849 2965 893 et
3015 834 3465 909 praestantissima

1877 942 2013 997 urbe
2067 938 2401 993 Macedonia:
2438 936 2760 990 oriundum.
2820 932 3035 997 Quibus
3095 929 3280 983 verbis
3340 940 3468 979 cum

1880 1036 2054 1088 lreme
2089 1030 2406 1099 petitionem
2427 1028 2666 1098 graviter
2694 1025 3012 1088 ref-ntassel,
3051 1032 3233 1075 tamen
3267 1017 3472 1073 deinde

1880 1140 2008 1180 eum
2057 1138 2168 1193 prae
2213 1137 2273 1176 se
2309 1122 2494 1174 l'erens
2538 1121 2630 1188 qui
2678 1118 3112 1186 haudquaquam
3163 1119 3418 1178 negasset
3453 1148 3470 1170 .

1884 1216 2182 1270 mulierem
2216 1220 2484 1283 perpetua
2518 1208 2940 1265 deliberationis
2967 1204 3324 1261 simulatione
3367 1201 3474 1254 dif-

1886 1308 2120 1373 ferebat,
2166 1310 2370 1375 quippe
2407 1304 2595 1361 homo.
2648 1300 2694 1355 si
2738 1299 3031 1369 quisquam
3064 1296 3225 1357 alius,
3263 1292 3470 1347 occulti

1885 1401 2080 1466 animi,
2136 1399 2230 1467 qui
2284 1395 2614 1464 sapientiam
2677 1394 2731 1446 in
2784 1388 3189 1446 dissimulando
3243 1386 3477 1454 positam

1852 1504 2046 1547 'ratus
2098 1505 2225 1543 raro
2272 1486 2615 1551 admodum,
2665 1484 2797 1555 quid
2853 1485 3105 1537 facturus
3163 1477 3263 1547 ιο
3310 1484 3478 1538 esset,

1887 1598 1997 1651 pne
2026 1597 2083 1635 se
2114 1584 2302 1633 terret.
2323 1583 2576 1641 Instante
2600 1585 2785 1629 autem
2814 1574 2966 1627 obitu
2987 1585 3114 1625 cum
3142 1569 3198 1622 in
3226 1562 3473 1635 splendi-

3352 351 3456 414 326

1892 1674 2138 1728 dissimis
2173 1670 2473 1740 Manganize
2504 1668 2665 1736 regia:
2698 1661 3212 1719 suliStructionibus
3252 1659 3483 1710 decum-

1895 1768 2071 1827 bercl,
2099 1764 2341 1819 Joannes
2385 1770 2437 1814 ιι
2472 1760 2594 1829 ejus
2629 1758 2707 1810 rei
2750 1766 2805 1810 ct
2849 1751 3085 1807 materni
3118 1766 3149 1803 0
3176 1749 3226 1801 iii
3257 1758 3484 1815 minus,

1894 1873 2014 1927 quze
2049 1856 2343 1925 imperium
2379 1855 2435 1907 in
2468 1866 2714 1907 sororem
2748 1846 3000 1902 eonl‘erre
3051 1844 3346 1901 niteretur,
3391 1852 3491 1890 ne-

1896 1950 2104 2020 gotium
2154 1962 2281 2000 cum
2341 1945 2607 2012 Cognatis
2655 1941 2738 1995 sui
2774 1938 3038 1993 studiosis
3085 1929 3487 1989 communicat,

1894 2054 2133 2109 quorum
2188 2037 2451 2106 princeps
2488 2044 2610 2089 erat
2667 2033 2843 2086 frater
2894 2025 3174 2082 lsaacius:
3224 2030 3281 2075 et
3340 2021 3483 2073 clam

1896 2143 2074 2186 matre
2107 2141 2397 2200 paternum
2434 2126 2752 2182 cubiculum
2784 2123 3092 2190 ingressus,
3129 2125 3185 2169 et
3219 2122 3484 2180 tanquam

1895 2221 2147 2276 morbum
2181 2221 2301 2289 ejus
2324 2217 2611 2287 deplorare
2656 2212 2839 2272 vellet,
2870 2214 3181 2278 prostratus
3224 2202 3488 2256 annulum

1895 2314 1962 2367 de
2009 2327 2175 2365 manu
2214 2312 2333 2379 ejus
2363 2307 2612 2376 surripit.
2642 2306 2781 2359 Sunt
2808 2312 2991 2356 tamen
3024 2298 3117 2368 qui
3149 2298 3204 2350 id
3234 2310 3363 2349 eum
3416 2293 3487 2347 dc

1897 2405 2177 2462 sententia
2235 2402 2410 2472 patris
2460 2400 2658 2454 fecisse
2716 2396 3030 2457 aﬂirment;
3082 2389 3248 2457 idque
3297 2402 3366 2441 ex
3425 2385 3497 2440 iis

1904 2514 2027 2571 qum
2074 2512 2199 2551 mox
2240 2504 2544 2563 sequentur
2586 2493 2642 2546 Iit
2679 2487 2985 2560 probabile.
3039 2482 3178 2538 Cum
3222 2492 3405 2534 autem
3438 2477 3496 2533 in

1903 2600 2053 2647 coitu
2105 2602 2337 2642 suorum
2378 2600 2494 2639 rem
2555 2594 2765 2653 gestam
2810 2575 3177 2645 eXpusuisset,
3224 2585 3394 2640 eques
3427 2571 3497 2625 ad

1904 2684 2199 2735 maximam
2234 2680 2436 2749 regiam
2470 2674 2808 2747 properavit,
2843 2670 3012 2725 armis
3051 2666 3309 2735 stipatus,
3332 2673 3497 2732 atque

1905 2777 1961 2831 in
2010 2776 2131 2846 ipso
2173 2772 2464 2843 Manganio
2510 2766 2848 2824 monasterio
2889 2774 2943 2817 et
2976 2762 3127 2817 urbis
3174 2757 3501 2829 regionibus

1910 2883 1941 2923 a
1990 2865 2346 2921 multitudine
2397 2863 2485 2917 sui
2538 2860 2805 2923 studiosa,
2854 2865 2910 2910 et
2966 2855 3032 2909 iis
3092 2855 3184 2924 qui
3228 2852 3375 2907 fama
3421 2848 3502 2902 rei

1912 2958 2078 3011 exciti
2142 2956 2195 3009 in
2244 2954 2379 3007 urbe
2438 2951 2821 3011 versabantur,
2882 2962 2935 3000 ιιι
2961 2956 3181 3016 pirator
3236 2944 3507 2997 salutatus

1906 3059 2015 3104 est.
2046 3047 2261 3113 Quibus
2305 3044 2473 3099 rebus
2520 3043 2678 3098 lrene
2736 3040 2925 3096 territa
2980 3037 3153 3093 ﬁlium
3193 3034 3406 3089 monuit
3444 3040 3505 3085 ut

1918 3142 2119 3209 emptis
2166 3136 2478 3193 desisteret.
2528 3133 2637 3189 Sed
2668 3148 2793 3187 cum
2833 3133 2878 3186 is
2908 3145 3125 3186 summo
3162 3127 3350 3183 studio
3389 3139 3507 3178 rem

1920 3238 2144 3301 urgeret
2170 3242 2350 3297 neque
2374 3226 2557 3281 verbis
2598 3225 2791 3278 matris
2823 3221 3131 3292 quidquam
3160 3225 3502 3277 moveretur,

1915 3319 2255 3392 Bryennium
2292 3319 2546 3372 hortatur
2602 3325 2663 3370 ut
2712 3330 2770 3369 se
2801 3312 3069 3385 adjutrice
3110 3324 3337 3380 regnum
3373 3304 3515 3361 alle—

1919 3422 2053 3468 ctet.
2094 3409 2165 3465 Ut
2212 3424 2345 3465 vero
2397 3424 2470 3463 ne
2529 3408 2609 3463 sic
2651 3406 2872 3477 quidem
2906 3420 2995 3459 res
3054 3400 3409 3472 procedebat,
3439 3396 3510 3452 ad

1924 3506 2189 3560 maritum
2245 3501 2461 3557 accedit
2500 3500 2557 3554 in
2616 3499 2765 3553 lecto
2800 3494 3225 3551 deeumbentem
3266 3503 3323 3545 et
3359 3487 3514 3544 tenui

1920 3597 2118 3667 spiritu
2154 3596 2322 3648 vitam
2362 3591 2545 3646 adhuc
2575 3606 2685 3659 prae
2733 3604 2793 3643 se
2835 3587 3131 3648 ferentem,
3187 3590 3245 3637 et
3288 3579 3513 3650 corpori

1919 3690 2041 3758 ejus
2086 3685 2414 3739 incumbens
2441 3682 2591 3736 clare
2622 3681 2982 3742 vociferatur,
3031 3673 3290 3746 lacrymis
3340 3673 3515 3726 instar

1921 3781 2091 3834 fontis
2134 3774 2596 3839 exuberantibus,
2652 3774 2823 3826 ﬁlium
2866 3773 2966 3841 ιι
3020 3770 3141 3838 ipso
3187 3766 3369 3821 adhuc
3417 3778 3515 3819 su-

1923 3870 2153 3941 perstite
2213 3884 2305 3922 res
2360 3881 2533 3920 novas
2583 3864 2903 3918 molientem
2947 3875 3179 3932 regnum
3232 3842 3515 3911 allectare.

1921 3962 2015 4015 Ille
2059 3975 2194 4014 vero
2230 3958 2582 4029 gravioribus
2612 3956 2779 4010 rebus
2806 3963 3134 4022 occupatus,
3191 3949 3406 4004 scilicet
3458 3946 3514 4000 in

1926 4055 2053 4107 vita:
2076 4055 2250 4115 exitu,
2277 4060 2331 4106 et
2360 4047 3035 4121 peregrinationijamjam
3068 4041 3294 4097 instanti
3325 4042 3511 4094 inten-

1930 4156 2039 4208 tus,
2072 4144 2252 4199 oculis
2291 4142 2358 4196 ad
2394 4142 2620 4210 angelos
2650 4139 2970 4193 animorum
3002 4135 3175 4189 duces
3206 4130 3516 4191 conversis.

1913 4238 2065 4291 'nihil
2094 4236 2162 4291 ad
2192 4252 2255 4290 ca
2286 4233 2590 4304 respondit.
2632 4232 2727 4286 Illa
2777 4246 2910 4285 vero
2955 4228 3141 4282 acrius
3179 4231 3410 4295 urgente
3457 4232 3512 4276 et

1930 4330 2027 4383 lilii
2054 4330 2196 4384 facta
2224 4329 2514 4397 tegerrime
2546 4326 2777 4388 ferente,
2810 4338 2932 4376 cum
2963 4320 3162 4390 exiguo
3213 4322 3521 4383 coactoque

231 4408 331 4459 καὶ
363 4407 553 4475 μήτηρ
586 4405 681 4458 τοῦ
717 4406 973 4459 Ἰωάννου
1005 4407 1083 4476 (8)
1118 4407 1255 4473 πρὸς
1287 4407 1397 4487 τῶν
1419 4406 1567 4459 οὕτω
1603 4410 1825 4480 γινομέ-

382 4497 393 4510 .
451 4495 476 4510 η
571 4494 601 4510 ρ
649 4496 670 4510 ι.
712 4498 731 4510 .
938 4495 968 4510 ..
1322 4500 1332 4510 .
1579 4490 1594 4510 τ
1720 4504 1751 4510 ..

1817 4441 1825 4451 ·
1931 4423 2068 4485 risu,
2106 4421 2359 4475 manibus
2392 4420 2445 4472 in
2498 4419 2697 4472 eoslum
2744 4415 2997 4475 sublatis,
3038 4414 3154 4466 sive
3204 4425 3273 4465 eo
3325 4405 3521 4462 nuntio

236 4514 347 4548 νων
380 4494 802 4565 ὲκθαμϐηθείσα
831 4495 1095 4549 στείλασα
1130 4500 1518 4565 μετεπέμπετο
1549 4490 1640 4552 τὶν
1684 4504 1825 4567 υἱὸν,Ι

316 4588 327 4602 .
504 4584 518 4602 ι
704 4587 727 4598 -
814 4589 825 4602 .
1039 4587 1051 4602 ι
1152 4590 1161 4602 .
1335 4590 1346 4602 .
1391 4591 1414 4602 ..
1563 4592 1618 4602 ,η
1687 4596 1724 4602 -_
1766 4593 1825 4602 -.

1817 4512 2234 4602 indelectatus
2283 4522 2338 4564 et
2392 4512 2504 4563 Deo
2558 4512 2764 4578 gratias
2820 4522 2990 4575 agens
3036 4505 3154 4559 sive
3189 4502 3521 4557 delictorum

237 4588 338 4694 iui.
374 4584 609 4694 παρῄνει
661 4587 769 4638 τῶν
810 4589 869 4637 ὲν
903 4587 1093 4657 χερσὶν
1138 4590 1501 4658 ἀποσχέσθαι,
1563 4592 1650 4654 Ὠς
1680 4596 1725 4649 δ’
1763 4593 1831 4668 ﬁt)

1817 4593 1831 4651 ἓ
1930 4604 2149 4658 veniam
2205 4618 2234 4655 a
2268 4604 2377 4657 Deo
2418 4601 2691 4671 ﬂagitans,
2731 4600 2887 4652 vultu
2930 4613 3122 4667 parum
3169 4594 3371 4649 blando
3400 4607 3523 4646 eam

237 4680 362 4740 ὅλος
388 4680 498 4782 τιῦν
525 4680 823 4748 ὁρωμένων
856 4682 881 4732 ὁ
920 4680 1180 4749 Ἰωάννης
1213 4683 1307 4733 καὶ
1336 4685 1459 4735 κατ’
1486 4685 1677 4741 οὐδένα
1705 4693 1834 4760 τρό-

1817 4721 1834 4735 -
1932 4695 2225 4781 castigavit
2254 4696 2397 4764 quod
2462 4693 2678 4762 imperii
2714 4691 3125 4745 contentionem
3181 4688 3236 4740 in
3278 4686 3526 4739 discessu

240 4789 348 4880 πον
388 4771 489 4839 τῆς
524 4774 732 4880 μητρὸς
761 4773 1174 4880 ἐπεστρέφετο,
1227 4773 1317 4824 τὸν
1346 4775 1639 4844 Βρυέννιον
1677 4783 1835 4854 ἐπιρ-

1817 4812 1835 4825 -
1935 4785 2105 4839 animi
2139 4772 2171 4837 a
2202 4786 2434 4852 'corrporc
2482 4790 2753 4834 moveret.
2796 4778 2994 4831 Mulier
3022 4778 3206 4843 itaque
3233 4773 3378 4826 haud
3412 4770 3521 4823 du—

246 4867 522 4938 ρὡννσιν
555 4864 851 4917 ἐπιθέσθαι
886 4869 951 4935 τῇ
986 4865 1239 4939 βασιλείᾳ
1271 4871 1692 4943 σνναρηγούσης
1730 4876 1831 4928 ao.

1817 4904 1831 4917 -
1935 4877 2025 4932 bie
2048 4859 2400 4929 marituni‘iis
2436 4889 2556 4942 qua:
2588 4873 2832 4926 audisset
2856 4869 3193 4923 delectatum
3224 4880 3348 4919 esse
3388 4871 3529 4927 rata,

2021 4971 2031 4977 .
2747 4964 2758 4977 .
2801 4965 2812 4976 .
2891 4971 2903 4977 ,
3401 4970 3495 4977 η-

240 4964 371 5032 τῆςε
413 4958 504 5022 Ὠς
534 4958 580 5011 δ’
605 4957 715 5011 οὐδ’
744 4958 888 5011 οὕτω
908 4961 977 5013 τὰ
1007 4958 1150 5012 κατὰ
1189 4961 1383 5031 σκέψιν
1419 4963 1565 5033 ἑώρα
1600 4966 1827 5036 προϐαί-

1817 4997 1827 5009 ·
1939 4971 2125 5038 utjam
2145 4968 2294 5022 omni
2318 4960 2585 5021 frustrata
2611 4981 2705 5035 spe
2728 4964 3054 5034 dejectaque
3085 4958 3369 5029 prioribus
3396 4970 3532 5011 con-

248 5070 438 5118 νοντα,
466 5053 725 5120 πρόσεισι
750 5053 829 5124 τῷ
851 5053 1012 5123 ἀνδρὶ
1037 5055 1130 5107 ἐπὶ
1156 5052 1350 5126 κλίνης
1378 5058 1702 5129 ἐρριμμένῳ
1731 5059 1827 5113 καὶ

1817 5071 1827 5112 ι
1936 5061 2098 5123 siliis,
2124 5076 2247 5113 cum
2270 5073 2465 5127 magno
2497 5057 2703 5127 gemitu
2732 5057 2902 5111 dixit:
2931 5052 3005 5108 «Ο
3026 5051 3242 5110 marite.
3262 5063 3318 5103 et
3338 5050 3530 5102 vivens

248 5142 543 5216 βραχείαις
574 5147 873 5209 ἀναπνοαῖς
907 5146 1002 5202 τὸν
1035 5144 1215 5212 ζῶντα
1233 5146 1697 5219 ὑποσημαίνοντι,
1731 5152 1828 5205 καὶ

1817 5167 1828 5205 ι
1938 5153 2200 5207 omnibus
2228 5146 2720 5208 dolis‘instructus
2752 5148 2928 5216 luisti,
2976 5145 3129 5202 aliud
3163 5144 3351 5201 dicere
3377 5140 3525 5195 aliud

1546 5379 1722 5441 Hier.
1775 5376 1974 5440 Wolﬁi
2023 5380 2209 5438 nota.

326 5561 403 5631 (ε)
420 5630 430 5642 .
447 5560 512 5642 ᾘ
536 5555 792 5642 βαςιενς
815 5554 886 5642 δέ
908 5552 1134 5642 Wire
1165 5553 1265 5642 “ei
1293 5553 1493 5642 μήτηρ
1530 5554 1835 5642 Γιωάννοιθ·

254 5626 559 5689 Choniates
595 5627 833 5680 nimium
870 5627 1162 5688 sollicitus,
1208 5634 1271 5678 ut
1319 5634 1569 5694 apparet.
1604 5642 1671 5679 ne
1711 5626 1837 5694 quis

259 5718 412 5758 error
428 5716 492 5754 ex
527 5697 765 5767 propriis
789 5695 1364 5750 noniinibusexsistat.
1384 5696 1625 5764 epitheta
1651 5711 1843 5767 super-

263 5787 496 5824 vacanea
528 5766 745 5837 adjicit.
781 5766 972 5819 lrenen
1008 5782 1128 5819 esse
1158 5768 1559 5833 imperati-ieeur
1594 5777 1650 5819 et
1685 5766 1844 5819 Joan-

264 5846 345 5897 nis
369 5850 597 5895 matrem
633 5838 768 5892 satis
794 5837 1181 5903 intelleximus,
1221 5852 1397 5906 neque
1430 5837 1734 5907 perieulum
1759 5846 1842 5891 est

1951 5567 2019 5607 ne
2059 5568 2204 5606 nunc
2230 5550 2333 5604 alia
2365 5549 2521 5603 lrene
2557 5548 2911 5617 intelligatur.
2946 5545 3125 5612 Quare
3159 5546 3256 5601 lias
3294 5556 3351 5600 ct
3380 5548 3535 5603 simi-

1951 5624 2032 5678 les
2064 5622 2473 5690 περισσολογίας
2501 5621 2754 5673 omittere
2779 5634 2888 5690 non
2906 5618 3171 5690 dubitavi.
3198 5617 3345 5671 Idem
3367 5619 3533 5674 etiam

1952 5696 2055 5747 feci
2092 5688 2148 5747 in
2186 5700 2591 5761 supervacanea
2621 5688 2968 5761 propriorum
3000 5688 3289 5761 nominum
3325 5700 3534 5755 repeti-

1957 5770 2103 5817 tione
2138 5773 2229 5815 aut
2256 5757 2365 5831 pro
2404 5757 2647 5818 relativii
2699 5757 3122 5830 pronominibus
3162 5757 3530 5814 collocatione

1960 5838 2189 5889 molesta
2218 5845 2271 5889 et
2302 5833 2509 5887 odiosa.
