4272 6356
256 404 354 472 361
1486 395 1827 458 JUANNES
1863 395 2300 456 COMNENUS.
3386 396 3490 456 353

258 525 493 594 μάλιστα
537 519 937 588 δεξιοστροφειν
997 510 1376 579 ἐπισταμένοις
1429 511 1673 578 δοράτια,
1699 508 1830 561 ὀρθ·
1862 517 1905 570 Α
1937 509 1945 560 l

1827 517 1905 570 ›Α
1937 507 2144 561 Deinde
2177 521 2308 560 vero
2363 505 2782 560 tabernaculum
2833 521 3111 575 Ingressus
3151 521 3389 575 pronum
3433 509 3514 578 ja-

254 615 375 666 ίστα
401 613 626 674 τούτους
650 614 761 673 τοῖς
789 608 1066 676 πολεμίοις
1119 605 1214 657 καὶ
1286 604 1514 671 παρεῖχε
1565 602 1829 667 γενναίως
1937 623 1941 644 ‹

1824 617 1829 656 r
1937 606 2153 652 centem
2204 599 2483 668 paulisper
2533 600 2876 665 verberavit,
2924 609 2985 654 ut
3039 599 3302 655 audacius
3348 615 3511 671 quam

253 706 598 773 άντιμαχεῖν.
658 705 719 756 Οί
775 702 833 754 δέ
886 700 983 761 τὰς
1062 696 1199 765 μετὰ
1270 694 1402 761 ξυστ
1455 714 1480 744 ν
1541 692 1828 753 ἐπελάσεις
1939 734 1940 741 η

1370 713 1402 746 ητ
1455 714 1480 744 ν
1541 692 1828 753 ἐπελάσεις
1939 689 2138 742 fortius
2175 691 2386 758 injussu
2427 704 2531 744 suo
2566 690 2752 745 hostes
2783 693 3057 746 adortum.

253 801 459 853 τούτων
485 801 732 865 ἐνεγκεῖν
764 798 863 849 οὐκ
899 795 1112 862 ἔχοντες
1191 791 1326 859 πρὸς
1390 789 1570 857 φυγὴν
1635 785 2065 855 μεθηρμόζοντο.
2154 784 2376 847 Ἱκανῶς
2409 788 2510 854 μὲν
2549 785 2643 838 οὖν
2691 786 2779 838 διὰ
2807 789 2914 839 τῶν
2958 790 3218 842 τοιούτων
3284 791 3520 859 μεθόδων

257 895 346 946 καὶ
382 890 477 944 τοῦ
512 891 803 948 πλείστους
831 889 913 939 ὅτι
951 885 1187 952 μάλιστα
1214 883 1324 934 τῶν
1375 880 1555 944 πεζῶν
1586 878 1826 946 σημαίας
1869 878 2084 944 ἀνέχειν
2154 878 2232 936 εἰς
2300 877 2541 945 ἔμφασιν
2574 877 2806 929 ίππικοῦ
2850 879 3095 940 πλείονος
3119 881 3218 944 τὰς
3244 883 3521 951 Περσικὰς

258 982 585 1043 ἀναστείλας
638 981 780 1043 ῐλας,
805 978 899 1029 ἐπὶ
953 973 1389 1044 Νεοκαισαρείας
1459 971 1590 1026 τετο.
1631 970 1831 1022 Πολλαὶ
1871 969 1928 1020 δὲ
1979 968 2071 1020 καὶ
2149 969 2276 1036 περὶ
2331 972 2503 1040 αὐτὴν
2561 969 2764 1038 μεταξύ
2808 971 3033 1038 Περσῶν
3065 974 3158 1025 καὶ
3229 976 3523 1044 Ῥωμαίων

257 1076 701 1145 ετολυπεύθησαν
756 1069 1087 1140 συμπλοκαί.
1134 1070 1243 1120 Καὶ
1270 1067 1378 1120 τῶν
1423 1066 1516 1118 τοῦ
1566 1064 1829 1134 βασιλέως
1871 1062 2003 1113 υἱῶν
2042 1065 2068 1113 6
2133 1061 2395 1131 νεώτερος
2450 1062 2731 1131 (Μανουὴλ
2781 1062 2948 1131 ὄνομα
2989 1063 3186 1133 τούτῳ)
3213 1066 3339 1135 δόρυ
3407 1071 3525 1122 δια-

267 1173 536 1230 σαστὰσας
571 1170 665 1221 καὶ
699 1167 900 1227 ἱκανῶς
934 1161 1233 1232 προελθὼν,
1263 1160 1358 1214 τοῦ
1392 1159 1606 1226 Πατρδς
1637 1155 1836 1219 εἰδότος
1879 1156 2069 1223 μηδὲν,
2119 1158 2232 1218 τοῖς
2292 1156 2569 1223 πολεμίοις
2626 1155 2873 1219 ἐνέϐαλε,
2914 1159 3008 1210 καὶ
3053 1159 3115 1210 τὸ
3171 1160 3334 1230 ἔργον
3365 1163 3526 1218 τοῦτο

258 1263 352 1316 τοῦ
435 1263 699 1331 μείρακος
787 1256 1162 1326 παρωρμήκει
1232 1252 1418 1321 σχεδὸν
1473 1249 1618 1300 ἆπαν
1669 1247 1728 1299 τὸ
1769 1248 2102 1332 ,στράτευμα
2153 1246 2251 1299 καὶ
2295 1246 2436 1314 ὐπὲρ
2476 1249 2627 1314 ίσχὺν
2667 1249 3068 1314 ἀγωνίσασθαι,
3104 1253 3265 1304 τινῶν
3305 1254 3408 1324 μὶν
3467 1259 3526 1320 ἐς

264 1361 345 1411 τὸν
373 1360 560 1426 ὅμοιον
588 1353 750 1422 ζῆλον
787 1351 1214 1411 διαναστάντων,
1239 1346 1412 1399 τῶνδ’
1443 1344 1620 1397 ἄλλων
1652 1344 1907 1395 ἁπάντων
1972 1342 2265 1394 δεισάντων
2322 1341 2453 1410 περὶ
2511 1342 2587 1407 τῷ
2614 1343 2784 1402 παιδὶ,
2817 1342 2909 1394 καὶ
2950 1343 3163 1412 βασιλεῖ
3209 1349 3521 1415 χαριεῖσθαι

254 1451 325 1501 τὰ
361 1449 594 1518 μέγιστα
620 1444 914 1514 οἰηθέντων
943 1443 989 1492 εἰ
1024 1437 1419 1505 συναραμένων
1451 1433 1631 1486 αὐτῶν
1664 1430 1916 1497 οὐδαμῶς
1988 1447 2037 1481 τι
2078 1429 2213 1496 πρὸς
2273 1429 2379 1481 τῶν
2406 1428 2685 1495 πολεμίων
2777 1431 2983 1482 ἐσεῖται
3017 1431 3309 1495 πεπονθὼς
3333 1435 3520 1505 ἀηδές.

269 1541 434 1592 ’Δλλὰ
466 1540 584 1592 τότε
621 1538 719 1606 μὲν
754 1537 782 1587 ὁ
812 1536 996 1604 πατὴρ
1031 1531 1275 1590 ἐπαίνοις
1317 1528 1408 1579 τὸν
1439 1528 1601 1578 παῖδα
1667 1522 1952 1593 προδήλως
2017 1521 2323 1588 ἠμείψατο·
2396 1520 2624 1590 ὕστερον
2671 1519 2726 1571 δὲ
2787 1519 2884 1588 τὴν
2919 1522 3125 1591 σκηνὴν
3159 1524 3348 1577 εἰσιὼν
3382 1541 3528 1596 πρη-

257 1638 326 1706 νῆ
362 1636 597 1689 ταθέντα
629 1633 697 1684 δι’
719 1631 802 1702 [Ρ.
831 1628 926 1699 24]
954 1627 1137 1692 ὀλίγον
1170 1622 1366 1689 ἔτυψεν
1428 1619 1502 1682 ὡς
1569 1616 1905 1686 θρασύτερον
1949 1612 2151 1681 μᾶλλον
2203 1613 2234 1681 ἢ
2285 1611 2696 1682 εὐτολμότερον,
2735 1611 2864 1680 μηδ’
2921 1615 3317 1683 ἐπιτρέψαντος
3355 1620 3524 1673 αὐτοῦ

264 1733 661 1803 συμπλακέντα
689 1732 804 1790 τοῖς
839 1725 1126 1783 ἐναντίοις.

332 1845 382 1897 ι’.
422 1847 580 1904 Ἴσως
611 1843 656 1894 δ’
687 1843 752 1894 ἂν
781 1839 871 1891 καὶ
896 1841 992 1906 τῆς
1017 1834 1426 1903 Νεοκαισαρέων
1450 1830 1720 1899 ἐκράτησε
1744 1826 1838 1896 βα-
1883 1835 1921 1887 Β

261 1936 468 1995 σιλεὺς,
496 1934 543 1982 εί
564 1932 638 2000 μὴ
663 1929 806 1982 κατά
835 1927 1136 1994 συγκυρίαν
1161 1923 1473 1990 ἀπρόοπτον
1503 1918 1651 1985 αὐτῷ
1678 1932 1845 1984 προσ-

261 2027 393 2092 έστη
436 2025 602 2091 τῦφος
636 2023 827 2088 ἄλογος
858 2016 1148 2084 αὐτοθελὴς
1187 2014 1280 2064 καὶ
1307 2011 1477 2080 θυμὸς
1500 2008 1843 2060 παντάπασιν

259 2118 635 2186 ἁκυῦέρνητος
666 2115 761 2165 τοῦ
789 2108 1073 2175 ἀδελφιδοῦ
1128 2105 1397 2166 Ἰωάννου,
1432 2103 1489 2154 ὂν
1524 2103 1551 2152 6
1584 2098 1844 2152 σεϐαστο-

263 2210 494 2280 κράτωρ
527 2206 778 2272 ἐγείνατο
818 2203 1109 2260 Ὶσαάκιος.
1137 2199 1332 2266 Μάχης
1353 2195 1464 2263 γὰρ
1486 2191 1846 2259 ἐνισταμένης

266 2301 410 2370 μετὰ
435 2299 659 2368 Περσῶν
692 2297 928 2362 ἱππότην
954 2293 1222 2358 ἐπίσημον
1248 2288 1307 2350 ἐξ
1334 2284 1563 2344 Ἰταλίας
1588 2282 1843 2351 ὁρμώμε-

263 2412 354 2446 νον
398 2393 634 2445 ἄνιππον
683 2391 710 2440 ὁ
760 2385 1009 2455 βασιλεὺς
1042 2379 1379 2447 θεασάμενος
1409 2375 1664 2428 ἐκέλευσε
1704 2388 1844 2440 παρ-

263 2485 464 2537 εστῶσι
505 2482 581 2550 τῷ
633 2478 837 2548 ἀνεψιῴ
880 2478 1100 2543 Ἰωάννῃ
1153 2469 1420 2538 άποῦἦναι
1454 2466 1548 2518 τοῦ
1593 2464 1845 2534 Ἀραὸίου

268 2576 437 2628 ἵππου
467 2567 512 2640 ᾧ
536 2570 603 2642 ἦν
634 2571 827 2636 ἔποχος
858 2567 952 2618 καὶ
974 2564 1155 2616 δοῦναι
1187 2561 1376 2613 τοῦτον
1406 2557 1482 2626 τῷ
1525 2556 1731 2622 Ίταλῷ,
1772 2555 1846 2622 μὴ

265 2665 563 2735 χατίζοντα
613 2664 800 2713 ἵππων
842 2658 932 2708 τὸν
975 2653 1195 2722 ἀνεψιὸν
1245 2651 1630 2716 ἐπιστάμενος.
1687 2646 1745 2697 '0
1792 2643 1847 2696 δὲ

268 2753 652 2825 φρονηματίας
697 2751 773 2802 ῶν
810 2749 904 2801 καὶ
947 2747 1152 2815 γαῦρος
1189 2743 1351 2795 πλέον
1385 2741 1478 2794 τοῦ
1513 2741 1727 2801 δέοντος
1772 2739 1847 2806 τῷ

267 2847 362 2898 τοῦ
403 2844 666 2912 βασιλέως
708 2841 937 2907 ἀντέστη
973 2836 1348 2903 κελεύσματι,
1383 2832 1844 2901 ἐμὸριθεστέραν,

269 2936 360 2987 ῐνα
407 2934 479 3002 μὴ
513 2932 728 2997 λέγοιμι
763 2927 1169 2989 ἀναιδεστέραν.
1205 2923 1302 2991 τὴν
1337 2921 1655 2989 ἀντίρρησιν
1690 2935 1846 2986 ποιη-

270 3026 508 3093 σάμενος
527 3039 542 3053 ·
575 3022 669 3073 καὶ
692 3021 784 3071 τὸν
813 3019 1042 3070 Λατῖνον
1065 3013 1358 3078 ὲξουθενῶν
1384 3012 1743 3081 προύκαλεῖτο
1767 3011 1844 3071 είς

269 3115 658 3181 ἁντιμάχησιν,
693 3110 768 3170 ὡς
804 3109 892 3160 τὸν
923 3108 1105 3170 ῖππον,
1146 3106 1193 3155 εἰ
1226 3103 1586 3171 περιγένοιτο,
1622 3099 1843 3160 δικαίως

2030 1821 2114 1874 10.
2151 1819 2402 1871 Forsitan
2426 1827 2608 1870 autem
2628 1817 2973 1871 Neocaesarea
3000 1821 3207 1888 potitus
3233 1833 3377 1877 esset
3411 1824 3512 1877 im-

1947 1922 2193 1980 perator,
2221 1909 2326 1961 nisi
2356 1907 2467 1980 48
2497 1922 2624 1961 casu
2675 1910 2912 1977 quodam
2977 1913 3274 1980 improviso
3335 1918 3528 1971 incon-

1953 2004 2096 2056 sulta
2124 2014 2179 2056 et
2211 2014 2502 2056 contumax
2538 2002 2798 2069 superbia
2841 2014 2896 2057 et
2952 2004 3238 2060 iracundia
3298 2024 3529 2076 prorsus

1946 2094 2171 2146 effrenis
2192 2093 2419 2146 Joannis
2448 2094 2662 2160 nepotis
2701 2110 2765 2147 ex
2794 2094 2964 2148 fratre
3037 2095 3246 2151 lsaacio
3281 2099 3528 2155 sebasto-

1948 2195 2168 2239 oratore
2198 2185 2274 2238 illi
2309 2184 2641 2238 obstitisset.
2687 2185 2820 2238 Nam
2853 2202 2976 2240 cum
3035 2190 3153 2244 acie
3187 2205 3311 2243 cum
3344 2191 3528 2246 Persis

1948 2275 2359 2329 decernendum
2415 2283 2582 2335 esset,
2640 2275 2754 2328 viso
2812 2275 3011 2344 insigni
3055 2277 3242 2344 equite
3314 2279 3526 2348 Italico,

1945 2364 2215 2418 Joannem
2252 2365 2437 2418 fratris
2472 2364 2667 2430 filium,
2703 2365 2907 2432 quippe
2964 2365 3050 2419 cui
3081 2379 3253 2434 equos
3287 2382 3398 2421 non
3429 2369 3528 2422 de-

1947 2472 2070 2510 esse
2105 2455 2294 2516 sciret,
2319 2455 2558 2509 Arabico
2589 2469 2731 2524 equo
2757 2455 3094 2511 descendere
3123 2472 3365 2527 eumque
3397 2459 3530 2512 Italo

1949 2548 2286 2616 darejussit.
2320 2547 2388 2599 At
2421 2547 2468 2599 is
2505 2547 2668 2600 homo
2717 2547 2845 2598 elati
2881 2547 3072 2610 animi,
3132 2560 3188 2601 et
3239 2550 3532 2617 iactantior

1948 2655 2111 2708 quam
2159 2639 2414 2700 decebat,
2477 2639 2827 2706 imperatoris
2894 2639 3044 2693 dico
3095 2655 3203 2693 non
3274 2641 3529 2708 audiens,

1949 2731 2235 2795 audacius,
2269 2745 2338 2782 ne
2365 2731 2544 2784 dicam
2582 2731 2980 2800 impudentius,
3052 2733 3362 2802 refragatus
3421 2745 3528 2799 est,

1947 2821 2316 2891 Latinumque
2346 2837 2443 2891 per
2475 2831 2862 2892 contemptum
2891 2827 2956 2877 ad
2999 2840 3234 2895 pugnam
3264 2844 3525 2899 provoca-

1947 2911 2050 2972 vit,
2077 2912 2204 2980 jure
2230 2921 2585 2978 accepturum
2618 2927 2845 2980 equum,
2894 2914 2937 2967 si
2967 2916 3206 2971 vicisset.
3255 2918 3360 2972 Sed
3400 2935 3525 2974 cum

1947 3012 2153 3072 patruo
2188 3002 2527 3070 imperatori,
2559 3005 2643 3057 cui
2668 3004 2829 3058 bilem
2862 3006 3227 3064 effervescere
3254 3024 3527 3078 cerneret,

1951 3095 2159 3150 diutius
2195 3095 2456 3147 resistere
2491 3110 2599 3147 non
2639 3106 2843 3162 posset,
2872 3113 3077 3166 equum
3137 3100 3231 3154 dat
3270 3103 3476 3159 invitus
3512 3123 3526 3170 ;

269 3173 709 3271 ὰποληιζξδμενον.
740 3199 831 3267 Μὴ
862 3200 952 3248 ἐπί
979 3195 1112 3246 πολύ
1141 3195 1184 3246 δ’
1217 3194 1354 3260 ἔχων
1387 3191 1739 3243 ἀνθίστασθαι
1772 3189 1848 3256 τῷ
1876 3173 1918 3229 c
1951 3203 1956 3234 :

1838 3173 1918 3237 lC
1951 3185 2168 3250 alioque
2200 3198 2504 3236 conscenso
2549 3183 2734 3238 animo
2773 3202 2914 3255 aeger
2965 3198 3019 3241 et
3077 3190 3361 3246 iracundia
3422 3209 3525 3248 aes-

270 3296 405 3363 θείῳ
453 3297 545 3346 καὶ
595 3293 804 3361 βασιλεῖ
842 3289 1008 3358 (ἐώρα
1052 3288 1158 3354 γὰρ
1211 3285 1343 3352 πρὸς
1382 3281 1551 3351 ὀργὴν
1593 3279 1846 3348 ἐπιφρίσ-

273 3388 465 3452 σοντα)
507 3384 598 3434 τὸν
641 3383 809 3433 ἵππον
855 3380 1066 3431 δίδωσιν
1113 3377 1279 3428 ἄκων.
1319 3372 1770 3440 Μετακελητίσας
1805 3370 1848 3422 δ’

272 3481 352 3538 είς
406 3478 593 3543 ἓτερον
655 3475 837 3540 ὄχημα
893 3469 1130 3536 ἀθυμίας
1189 3467 1404 3534 πλήρης
1459 3463 1552 3514 καὶ
1605 3462 1850 3530 βράττων

273 3571 531 3634 ἄντικρυς
578 3563 753 3631 θυμῷ,
798 3563 857 3613 τὸ
892 3561 1018 3628 δορυ
1061 3557 1511 3624 άγκοινισάμενος
1559 3555 1701 3604 κατὰ
1751 3554 1852 3619 τῆς

272 3656 383 3708 τῶν
431 3655 704 3720 πολεμίων
757 3647 1117 3719 παρατάξεως
1163 3646 1409 3714 φέρεται.
1457 3643 1666 3711 Μικρὸν
1706 3641 1761 3692 δέ
1802 3659 1854 3692 τι

277 3746 490 3813 προϐὰς
523 3745 612 3794 τὸν
639 3743 878 3811 λογχὴρη
909 3739 1097 3792 κοντὸν
1118 3742 1196 3800 είς
1223 3736 1467 3789 τούπίσω
1496 3735 1850 3802 ἀντέστρεφε,

278 3841 374 3892 καὶ
405 3839 480 3904 τῷ
516 3835 668 3904 νώτῳ
698 3832 1102 3901 ἐπαναθέμενος
1130 3830 1266 3898 πρὸς
1299 3827 1515 3898 Πέρσας
1552 3826 1854 3893 αὐτόμολος

277 3931 511 3997 γίνεται,
537 3928 596 3978 τὸ
624 3927 822 3995 κράνος
846 3927 942 3991 τῆς
972 3924 1213 3990 κεφαλῆς
1237 3920 1592 3988 ἀφελόμενος.
1638 3916 1856 3984 Ἀμέλει

282 4022 374 4073 καὶ
429 4020 684 4085 Ἰωάννης
721 4018 818 4084 μὲν
849 4013 1021 4082 ἡδέως
1051 4015 1161 4074 τοῖς
1201 4010 1500 4081 βαρόάροις
1533 4007 1728 4076 ὁρᾶται
1767 4011 1858 4058 καὶ

279 4111 534 4178 ἁσμένως
581 4105 961 4177 προσδέχεται,
1001 4103 1095 4153 καὶ
1131 4103 1205 4162 ῶς
1247 4100 1416 4150 πάλαι
1467 4101 1566 4165 μὲν
1619 4093 1856 4162 συνήθης

281 4201 468 4260 αὐτοῖς
500 4197 920 4264 καθιστάμενος,
949 4195 1117 4260 ἡνίκα
1151 4191 1228 4260 τῷ
1252 4192 1424 4259 πατρὶ
1458 4189 1857 4250 συνεπλάζετο,

281 4294 377 4342 καί
415 4293 491 4351 ῶς
529 4289 649 4339 τότε
681 4286 743 4356 δὴ
778 4290 843 4356 τῇ
881 4287 1155 4352 παρουσία
1189 4282 1258 4333 τὰ
1306 4281 1427 4333 κατ’
1467 4281 1660 4339 αὐτοὺς
1695 4278 1858 4348 ἀναῤ-

282 4382 475 4454 ρώσων
500 4381 815 4446 πράγματα.
857 4378 914 4426 Ὀ
944 4377 987 4427 δ’
1018 4375 1178 4436 αὐτὸς
1213 4375 1394 4442 μικρῴ
1417 4373 1641 4442 ὕστερον
1666 4371 1761 4422 καὶ
1794 4369 1860 4422 τὰ

282 4470 628 4541 Χριστιανῶν
663 4468 1062 4537 ἐξομοσάμενος
1105 4467 1269 4533 ὁργια
1310 4466 1408 4533 τὴν
1457 4464 1552 4515 τοῦ
1597 4463 1860 4522 Ίκονιέως

1951 3284 2131 3333 tuans,
2169 3274 2322 3326 hasta
2369 3273 2576 3326 directa
2616 3275 2667 3326 in
2727 3277 2978 3330 hostilem
3027 3279 3199 3334 aciem
3243 3282 3436 3348 tendit,
3468 3299 3535 3338 ac

1952 3365 2113 3434 paulo
2149 3363 2368 3432 longius
2406 3379 2746 3434 progressus,
2797 3381 2861 3418 ea
2928 3367 3124 3422 reflexa
3164 3381 3219 3424 et
3289 3373 3534 3429 humeris

1953 3455 2208 3524 imposita
2242 3458 2508 3524 galeaque
2539 3457 2706 3526 capiti
2738 3457 3005 3523 detracta,
3031 3461 3098 3514 ad
3137 3463 3330 3518 Persas
3351 3475 3533 3520 trans-

1953 3544 2108 3614 fugit.
2175 3545 2220 3598 Α
2287 3547 2493 3615 quibus
2557 3549 2758 3616 cupide
2814 3560 2870 3603 et
2898 3564 3147 3605 amanter
3208 3556 3528 3625 suscipitur,

1958 3646 2069 3689 tum
2093 3637 2240 3704 quod
2267 3639 2367 3698 eis,
2396 3637 2528 3691 dum
2560 3653 2688 3693 cum
2726 3649 2879 3708 patre
2915 3643 3204 3698 exsulabat
3273 3646 3533 3701 innotue-

1956 3737 2060 3793 rat,
2094 3737 2207 3781 tum
2235 3730 2378 3796 quod
2410 3733 2706 3799 praesentia
2733 3747 2830 3786 sua
2860 3733 3104 3801 ipsorum
3142 3752 3230 3790 res
3280 3737 3529 3795 ﬁrmatu-

1957 3836 2052 3874 rus
2091 3836 2212 3875 esse
2243 3822 2558 3891 putabatur.
2595 3822 2783 3892 Neque
2838 3826 3011 3878 multo
3032 3835 3163 3894 post
3218 3827 3532 3885 Christiana

1959 3911 2227 3980 religione
2267 3912 2521 3982 abjurata
2557 3913 2852 3967 Iconlensis
2881 3915 3186 3987 Persae”
3205 3918 3369 3972 filiam
3400 3937 3535 3975 uxo-

1958 4018 2071 4056 rem
2104 4003 2284 4057 duxit.
2323 4004 2628 4072 Imperator
2672 4020 2822 4070 vero,
2857 4022 2924 4060 eo
2955 4023 3084 4062 casu
3123 4021 3533 4079 consternatus,

1963 4109 2114 4162 spem
2150 4109 2338 4162 parum
2374 4095 2572 4148 bonam
2638 4097 2878 4161 fovebat,
2911 4099 3054 4152 haud
3109 4102 3332 4170 ignarus
3359 4119 3536 4173 nepo-

1966 4194 2099 4247 tem,
2137 4186 2340 4253 quibus
2372 4189 2530 4242 malis
2559 4189 2792 4242 Romani
2828 4191 3301 4260 conflictarentur,
3330 4197 3531 4251 intem-

1963 4278 2176 4345 peranti
2221 4287 2277 4330 et
2330 4279 2555 4333 volubili
2609 4283 2794 4351 lingua
2824 4295 3079 4339 accurate
3132 4291 3536 4356 expositurum,

1964 4379 2023 4423 ut
2055 4381 2393 4425 commeatus
2446 4375 2754 4440 penuriam,
2807 4385 2867 4430 ut
2902 4393 3172 4446 equorum
3231 4380 3539 4444 interitum,

1968 4469 2028 4514 ut
2051 4469 2245 4514 caetera
2277 4471 2581 4515 castrorum
2633 4464 2991 4520 detrimenta.
3045 4468 3307 4532 Quamvis
3355 4482 3536 4526 autem

284 4564 496 4630 Πέρσου
543 4559 817 4626 θυγατέρα
849 4559 1118 4625 ἐγήματο.
1159 4555 1216 4606 Ὀ
1231 4555 1287 4606 δὲ
1336 4554 1588 4620 βασιλεὺς
1621 4553 1714 4604 ἐπὶ
1749 4555 1860 4614 τοῖς
1891 4543 1939 4600 D
1967 4571 1971 4600 ς

1850 4569 1860 4614 ;
1891 4543 1939 4600 D
1967 4551 2033 4602 ad
2063 4550 2520 4604 dissimulandum
2551 4553 2858 4608 discessum
2898 4558 3162 4624 paulatim
3197 4560 3324 4613 inde
3354 4575 3537 4615 move-

285 4653 658 4722 συμϐεϐηκόσι
689 4652 898 4712 τούτοις
931 4649 1206 4718 ἐκθαμόος
1236 4647 1473 4715 γεγονὼς
1495 4649 1596 4699 οὐκ
1626 4645 1858 4712 ἀγαθαῖς

279 4745 467 4797 ἐλπίσι
505 4741 882 4811 διεπροσοῦτο
907 4757 920 4770 ·
956 4741 1073 4811 ⁴ᾔδει
1113 4742 1220 4808 γὰρ
1253 4740 1326 4800 ὡς
1365 4739 1516 4791 οὐδὲν
1553 4737 1860 4804 ἄφθεγκτον

279 4840 486 4889 ἐσεῖται
520 4831 939 4903 παραλελοιπὼς
970 4835 996 4884 ὁ
1026 4833 1243 4900 ἀνεψιὸς
1273 4831 1380 4882 τῶν
1405 4832 1502 4897 τὴν
1540 4828 1857 4897 Ῥωμαϊκὴν

281 4927 757 4998 περικλονούντων.
792 4925 1090 4995 στρατιάν,
1130 4923 1246 4974 ἀλλ’
1288 4919 1605 4990 ἀχαλινώτῳ
1640 4920 1730 4970 καλ⁵
1765 4919 1856 4969 εύ-

278 5022 467 5090 δρὸμῳ
497 5019 718 5087 γλώσσῃ
744 5015 1034 5084 ἀναγγελεῖ
1056 5013 1164 5065 τῶν
1200 5013 1380 5064 ἵππων
1407 5010 1494 5062 τὸν
1525 5011 1849 5074 σπανισμδν,

276 5115 377 5179 τὴν
412 5110 520 5161 τῶν
554 5110 836 5179 βιωσίμων
872 5109 1127 5174 στέρησιν
1181 5105 1273 5155 καὶ
1322 5104 1428 5155 πᾶν
1477 5101 1661 5170 ἕτερον
1716 5117 1853 5166 καχ-

1965 4640 2076 4702 bat,
2112 4648 2292 4692 tamen
2329 4657 2397 4694 ne
2422 4645 2502 4694 sic
2529 4644 2752 4709 quidem
2790 4647 2974 4701 hostes
2997 4649 3224 4702 omnino
3249 4648 3416 4705 latere
3444 4665 3541 4721 po-

1965 4735 2088 4794 tuit,
2130 4738 2427 4802 quominus
2455 4745 2760 4791 extremum
2803 4754 2994 4808 agmen
3031 4741 3348 4811 longissime
3395 4743 3543 4799 inse-

1962 4837 2242 4883 ctarentur
2269 4842 2332 4880 ac
2367 4839 2632 4897 perpetuo
2653 4829 2995 4883 infestarent.
3031 4832 3146 4898 Qua
3176 4835 3242 4888 de
3261 4849 3446 4893 causa,
3473 4853 3500 4888 a
3526 4839 3537 4886 l

1963 4934 2112 4972 oram
2177 4917 2503 4972 maritimam
2555 4936 2882 4985 conversus,
2927 4923 2979 4976 in
3051 4935 3165 4978 tuta
3199 4942 3256 4979 se
3283 4927 3530 4996 recepit;

1964 5028 2072 5078 quo
2123 5011 2346 5062 Barbari
2374 5026 2499 5063 cum
2517 5012 2777 5067 accedere
2798 5029 2904 5066 non
2943 5026 3185 5082 possent,
3211 5025 3357 5071 retro
3378 5018 3528 5074 abie-

1966 5112 2111 5157 runt.

281 5219 502 5272 εκτημα
557 5202 654 5270 τῆς
711 5199 1087 5270 παρεμόολῆς.
1135 5194 1545 5260 ’Υποκλέπτωνκ
1582 5193 1762 5246 τοίνυν
1814 5191 1914 5259 τὴν
1955 5192 2280 5246 ἐπανάλυσιν
2340 5196 2480 5246 κατά
2537 5194 2710 5263 βραχύ
2775 5211 2891 5259 πως
2951 5197 3160 5251 ἐκεῖθεν
3223 5199 3533 5266 μεθίστατο·

280 5298 430 5367 Πλὴν
473 5295 582 5347 οὐδ’
628 5293 770 5346 οὕτω
813 5293 954 5361 δρῶν
987 5289 1096 5359 εἶχε
1143 5290 1425 5357 λεληθέναι
1495 5286 1797 5354 ὁλοσχερῶς
1875 5286 1937 5337 τὸ
1974 5286 2268 5354 πολέμιον·
2326 5290 2436 5347 τοῖς
2496 5288 2604 5357 γὰρ
2660 5289 2986 5349 τελευταίοις
3047 5290 3392 5350 ἔπικείμενον
3449 5293 3542 5343 τοῦ

282 5389 694 5459 στρατεύματος
759 5386 918 5454 μέχρι
1005 5384 1260 5434 πλείστου
1316 5379 1745 5448 παρηκολούθει,

281 5577 613 5629 παλίσσυτον
643 5576 872 5639 γίνεται.

355 5668 498 5719 Εἰδοί
545 5664 645 5732 μὲν
690 5658 781 5714 οὖν
843 5661 1158 5730 Ἰανουάριοι
1208 5663 1302 5712 τὶν
1348 5658 1570 5729 βασιλέα
1624 5657 1858 5724 ἓόλεῲαν

292 5761 549 5824 Ἰωάννην
569 5759 628 5806 ἐκ
649 5772 678 5805 τ
700 5758 756 5804 ον
785 5753 1069 5824 Περσικῶν
1089 5754 1352 5822 καμάτων
1373 5754 1468 5823 τὴν
1495 5751 1648 5803 πῦλιν
1676 5753 1859 5802 ἐπεισ-

536 5869 804 5928 Ρλτιιυι..
844 5869 961 5927 (in.
1024 5865 1346 5927 CXXXIX.

1834 5378 1928 5431 καὶ
1968 5376 2271 5447 διενοχλοῦν
2331 5380 2430 5448 τὴν
2489 5381 2753 5448 οὐραγίαν
2811 5382 3056 5434 ἐνέλιπεν
3108 5376 3383 5451 οὐδαμῶς.
3445 5384 3544 5436 Διά

278 5483 452 5534 ταῦτα
485 5479 664 5532 τοίνυν
692 5480 784 5546 τῆς
810 5477 1079 5547 παραλίας
1113 5475 1407 5544 λαϐόμενος
1439 5475 1495 5524 ἐν
1519 5474 1594 5541 τῷ
1625 5471 1854 5538 ἀσφαλεῖ
1894 5473 2277 5540 καθειστήκει,

2319 5473 2412 5524 καὶ
2483 5477 2542 5524 τ’)
2580 5473 2855 5541 βάρϐαρον
2885 5474 3096 5538 μηκέτι
3136 5475 3348 5528 ἐπιέναι
3420 5475 3543 5544 ἱχον

2041 5651 2362 5720 Imperator,
2399 5649 2586 5704 Idibus
2614 5649 2856 5706 Januarii
2910 5653 3223 5724 Byzantium
3281 5669 3309 5707 a
3371 5655 3550 5709 Persi’

1970 5747 2046 5798 eis
2109 5744 2367 5796 :ernmnis
2419 5742 2717 5811 ingressus,
2780 5746 2882 5798 sub
2943 5748 3102 5798 finem
3160 5748 3307 5801 veris
3363 5749 3548 5817 gladio

3151 5866 3220 5926 12
