4284 6376
378 374 487 438 365

1599 364 1942 430 JOANNES
1973 369 2406 431 COMNENUS.

3502 374 3608 432 365

360 487 569 539 παίδων
598 482 1013 552 ὰφιλοσοφήτοις
1042 480 1157 551 (35)
1186 477 1481 539 ἀπιϐολαίς
1516 475 1938 545 κατακαμφοεὶς
1966 479 2016 537 Α
2042 494 2052 529 t

1917 493 1938 536 ς
1966 479 2016 537 Α
2042 486 2097 530 et
2121 476 2618 547 pulcherrimorum
2651 475 2888 531 filiorum
2920 474 3171 532 luctuoso
3220 476 3445 532 interitu
3478 492 3608 533 con-

357 577 387 628 ό
433 574 684 644 βασιλεὺς
725 577 824 643 τὴν
852 574 1051 643 ψυχὴν,
1088 572 1174 625 ἶνα
1212 571 1286 640 μὴ
1331 569 1545 636 λέγοιμι
1593 568 1683 618 καὶ
1713 566 1934 627 οἰωνοὺς

354 666 649 726 ἁπαισίςιυς
701 665 799 731 τῆς
846 662 1176 731 ὑπερέκεινα
1226 659 1452 729 πορείας
1498 660 1623 718 τοὺς
1671 657 1935 717 Θανατους

352 754 462 807 τῶν
516 754 785 821 φιλτάτων
835 754 973 823 ἔχων
1029 752 1135 819 πρὸ
1193 748 1509 817 ὀφθαλμῶν,
1571 748 1720 815 ὅμως
1775 746 1932 797 οδε)

352 861 409 896 τι
440 847 535 896 καὶ
583 844 821 896 πέπονθε
860 843 1104 913 μαλακὸν
1148 840 1180 910 ἣ
1219 839 1510 906 καθυφῆκὲ
1552 855 1603 889 τι
1636 836 1811 905 βραχὺ
1834 838 1935 903 τῆς

352 935 665 1004 προθέσεως
693 934 725 1003 ἢ
751 933 1063 1001 παλίμπους
1092 930 1366 996 ἐπανῆκεν
1398 930 1478 990 είς
1513 928 1573 979 τὸ
1597 928 1893 991 Βυζάντιον
1915 966 1929 989 ,

352 1042 507 1087 ετους
535 1025 634 1094 ήδη
658 1022 863 1076 τελείου
890 1023 984 1075 ἐπὶ
1023 1024 1136 1083 τοῖς
1181 1007 1511 1090 ἡθλημένοις
1531 1019 1742 1080 τούτοις
1769 1032 1932 1085 παρ.-

358 1115 658 1176 πευκότςς,
720 1111 835 1165 ἀλλ’
894 1113 953 1173 ἐς
1012 1110 1280 1180 Ἰσαυρίαν
1345 1108 1645 1178 ἀφιγμένος
1710 1107 1805 1159 καὶ
1864 1106 1932 1157 τὰ

353 1200 528 1254 ἐκεῖθι
572 1201 708 1270 πρὸς
746 1202 808 1252 τὸ
834 1200 951 1252 δέον
973 1199 1458 1267 καταστησάμενος
1486 1197 1585 1265 τῆς
1615 1197 1806 1248 ἀνόπιν
1837 1194 1933 1247 καὶ

354 1292 493 1360 πρὸς
540 1289 737 1358 Συρίαν
786 1285 905 1342 ὁδοῦ
952 1289 1158 1357 είχετο,
1208 1288 1545 1355 ἐφεπόμενον
1594 1286 1731 1354 ἔχων
1784 1284 1931 1352 αὐτῷ

356 1381 447 1431 τὸν
492 1379 844 1448 ὑστερότοκον
886 1378 1053 1430 παῖδα
1093 1379 1184 1428 τὸν
1217 1376 1499 1444 Μανουήλ.
1532 1371 1641 1426 Ἦν
1669 1375 1723 1427 δὲ
1764 1376 1798 1442 ἡ
1831 1373 1930 1442 μέν

353 1470 623 1539 πρόδηλος
665 1469 766 1537 τῆς
814 1467 1105 1537 στρατείας
1150 1466 1381 1535 ταυτησὶ
1433 1466 1689 1535 πρόθεσις
1741 1467 1773 1533 ὴ
1830 1467 1933 1534 τῆς

369 1562 667 1630 ’Δρμενίας
700 1560 834 1628 πρὸς
862 1560 921 1611 τὸ
954 1560 1200 1626 κρεῖττον
1232 1559 1573 1627 μεθάρμοσις
1606 1560 1699 1610 καὶ
1730 1558 1807 1618 είς
1844 1557 1931 1627 βε-

353 1652 517 1703 ϐαίαν
542 1652 871 1704 κατάστασιν
905 1650 1103 1719 συνοχὴ
1132 1648 1239 1701 τῶν
1268 1650 1476 1701 πόλεων
1509 1649 1601 1699 καὶ
1627 1646 1925 1717 φρουρίων,

355 1737 435 1797 ὧν
474 1742 750 1811 ἐγκρατὴς
788 1739 1053 1809 γεγένητο
1107 1741 1249 1793 κατὰ
1282 1739 1393 1807 τὴν
1436 1738 1709 1807 προτέραν
1758 1736 1924 1789 αὐτοῦ

2035 576 2333 631 sternatus,
2372 580 2439 620 ne
2462 565 2638 620 dicam
2670 567 2880 620 obitum
2930 566 3381 622 cliarissimorum
3413 583 3606 639 parum

2036 658 2373 725 suspicatum
2405 671 2568 709 omen
2598 656 2965 725 expeditionis
2988 656 3138 710 illius
3187 655 3373 722 fuisse,
3423 668 3604 713 tamen

2035 746 2209 800 nihilo
2237 746 2414 800 factus
2450 745 2669 799 mollior
2695 760 2873 813 neque
2908 746 2976 800 de
3037 746 3245 815 impetu
3304 747 3605 816 quidquam

2036 837 2248 889 remisit
2275 852 2450 905 neque
2482 834 2800 903 Byzantium
2836 835 3021 895 rediit.
3054 836 3271 905 integro
3314 837 3425 904 jam
3460 851 3605 890 anno

2036 926 2092 979 in
2120 926 2401 979 laboribus
2428 926 2533 979 illis
2561 926 2870 980 exhausto:
2925 925 3018 979 sed
3068 926 3123 981 in
3175 926 3280 996 52
3340 926 3604 981 Isauriam

2033 1015 2333 1085 profectus,
2362 1032 2429 1070 ac
2474 1017 2753 1085 provincia
2797 1016 3073 1081 ordinata,
3134 1018 3239 1070 iter
3289 1018 3341 1070 in
3393 1016 3604 1087 Syriam

2035 1106 2291 1169 intendit,
2319 1106 2569 1162 Manuele
2600 1107 2714 1161 lilie
2742 1117 2871 1162 natu
2904 1107 3131 1161 minimo
3191 1107 3511 1162 comitante.
3542 1108 3605 1163 Ei

2033 1196 2369 1265 expeditioni
2419 1198 2755 1266 pretexebat
2795 1198 2934 1251 velle
2960 1212 3020 1251 se
3046 1199 3363 1252 Armeniam
3397 1198 3606 1255 rectius

2036 1286 2399 1349 constituere,
2442 1295 2499 1340 et
2525 1288 2726 1357 Oppida
2754 1296 2809 1343 et
2832 1289 3052 1343 castella
3120 1292 3407 1359 superiore
3462 1292 3606 1347 bello

1998 1428 2001 1431 .
2032 1388 2190 1443 capta
2215 1378 2267 1429 in
2303 1376 2480 1431 oﬂlcio
2515 1387 2571 1431 et
2600 1378 2705 1433 ﬁde
2733 1380 3017 1434 continere
3048 1395 3112 1435 ac
3146 1381 3389 1435 firmare.
3424 1380 3603 1435 Caete-

2035 1480 2157 1517 rum
2187 1480 2317 1519 vera
2351 1481 2514 1520 causa
2547 1476 2686 1527 erat.
2718 1482 2840 1536 quae
2908 1468 2965 1522 in
2996 1470 3322 1525 “exercitum
3377 1473 3606 1528 minime

2032 1554 2391 1621 eﬂ'erebatur,
2420 1559 2513 1612 sed
2546 1559 2779 1613 maxime
2805 1558 3277 1626 dissimulabatur,
3308 1563 3457 1632 quod
3492 1564 3607 1618 An-

2032 1647 2295 1706 tiochiam
2332 1662 2456 1701 cum
2482 1648 2639 1718 Cpoli
2668 1651 3028 1720 conjungere,
3060 1660 3228 1721 atque
3290 1652 3419 1708 inde
3477 1655 3605 1709 reli-

2032 1736 2182 1805 giosa
2208 1738 2321 1791 loca
2351 1740 2531 1792 visere
2561 1746 2618 1793 et
2640 1740 2799 1793 vitale
2814 1739 3019 1795 Christi
3052 1743 3366 1811 sepulcrum
3399 1748 3605 1816 magni-

352 1834 616 1889 ἀνάϐασιν
636 1850 647 1863 ·
673 1835 706 1902 ή
726 1834 772 1884 δ’
798 1834 1092 1902 ἀνέκφορος
1118 1832 1252 1903 πρὸς
1276 1831 1337 1883 τὺ
1362 1832 1672 1898 στράτευμα
1695 1827 1926 1897 λαθραία
1954 1819 2001 1879 Β
2031 1829 2044 1881 Ι

1909 1846 1926 1880 ι
1954 1819 2001 1879 Β
2031 1827 2147 1883 ﬁcis
2176 1829 2336 1883 donis
2359 1846 2556 1883 ornare
2583 1846 2647 1884 ac
2708 1829 2969 1886 finitimos
2992 1830 3259 1888 Barbaros
3311 1836 3601 1906 proﬂigare

352 1941 414 1977 τε
447 1924 542 1976 καὶ
569 1925 866 1993 ἐνδόμυχος
904 1925 1000 1977 καὶ
1031 1926 1095 1976 ἐκ
1127 1922 1504 1993 περισκέψεως
1538 1920 1752 1989 κίνησις
1780 1920 1919 1990 αὕτη

351 2012 445 2087 ἦν.
493 2016 604 2069 Ἀεὶ
637 2016 703 2068 δι’
734 2016 936 2085 ἔρωτος
974 2011 1087 2084 εἶχε
1130 2014 1362 2081 συνάψαι
1396 2012 1494 2081 τὴν
1540 2013 1814 2081 Ἀντιόχου
1856 2016 1921 2081 τῇ

354 2110 791 2170 Κωνσταντίνου,
818 2109 928 2159 κάκ
950 2106 1100 2158 τοῦδε
1126 2106 1235 2167 τοῖς
1260 2102 1561 2155 θεοστιϐέσι
1592 2105 1774 2165 τόποις
1806 2104 1925 2153 ἐπει

353 2200 632 2269 φοιτῆσαι,
661 2199 758 2251 καὶ
783 2198 972 2267 δώροις
1002 2198 1099 2267 μὲν
1127 2196 1457 2263 καταστέψαι
1488 2196 1577 2248 τὸν
1598 2194 1689 2246 τοῦ
1720 2195 1922 2263 Κυρὲου

351 2293 523 2358 τάφον
544 2292 633 2343 τὸν
662 2291 1026 2360 ξωοπάροχον,
1051 2289 1111 2340 τὸ
1131 2288 1188 2340 δέ
1217 2286 1403 2357 κύκλῳ
1429 2285 1768 2356 βαρϐαρικὸν
1793 2286 1925 2337 ἀνα-

354 2381 615 2451 καθᾶραι.
670 2379 833 2439 ’Ϊυθεν
885 2380 977 2431 καὶ
1035 2379 1215 2430 πᾶσαν
1266 2373 1334 2447 ἧν
1388 2376 1591 2445 μετιὼν
1648 2376 1922 2445 μηχανὴν,

354 2470 409 2524 σε
436 2486 551 2532 πως
576 2469 904 2522 ὑπεκσταίεν
938 2468 1155 2529 ἐκόντες
1186 2466 1333 2533 αὐτῷ
1364 2466 1413 2517 οί
1440 2468 1661 2519 Λατῖνοι
1692 2467 1789 2533 τῆς
1822 2483 1921 2516 κυ-

355 2562 606 2633 ριαρχίας
644 2563 742 2629 τῆς
785 2559 1014 2629 λογίμης
1076 2557 1426 2627 ’Δντιοχείας,
1473 2558 1530 2627 ἢ,
1579 2558 1627 2609 εί
1678 2558 1752 2626 μὴ
1777 2549 1922 2609 οὗτοι

353 2653 627 2706 πείθοιντο
654 2652 939 2723 (ἠπίστατο
966 2651 1075 2720 γὰρ
1103 2653 1200 2719 τὴν
1231 2650 1531 2718 Λετινικὴν
1560 2646 1795 2717 κόρυζαν
1830 2647 1923 2701 καὶ

352 2743 413 2795 τὸ
459 2742 555 2794 τοῦ
596 2743 944 2811 φρονήματος
992 2738 1173 2793 αὐτῶν
1215 2739 1628 2803 ἀταπείνωτον),
1671 2736 1720 2787 οἱ
1763 2735 1817 2787 δέ
1858 2751 1919 2802 γε

354 2834 585 2895 Κίλικες
637 2834 732 2885 καὶ
782 2832 946 2901 Σῦροι
996 2828 1365 2899 προσρέψαιεν
1419 2828 1636 2897 ἐκείνῳ.
1691 2827 1919 2897 Γράφων

351 2926 535 2979 τοίνυν
572 2923 712 2975 κατὰ
740 2922 898 2991 τήνδε
934 2921 1033 2987 τὴν
1062 2919 1244 2973 ἄνοδον
1270 2921 1360 2971 καὶ
1390 2918 1488 2988 τὴν
1526 2917 1690 2970 αὐτοῦ
1720 2934 1921 2986 προση-

354 3018 564 3086 μαίνων
589 3018 699 3077 τοῖς
734 3013 1090 3082 ’Δντιοχεῦσιν
1116 3011 1297 3080 ἄφιξιν
1318 3010 1567 3078 οὐδαμῶς
1592 3009 1753 3073 ἀνίει,
1779 3009 1919 3061 ὥστε

351 3110 448 3161 καὶ
486 3110 651 3177 μήπω
680 3106 788 3159 τῶν
829 3108 994 3174 ὁρίων
1022 3103 1214 3165 ἐπιϐὰς
1255 3103 1351 3171 τῆς
1384 3102 1579 3169 Συρίας
1621 3100 1917 3166 πρεσϐείαν

351 3198 714 3267 ἐφειλκύσατο
741 3196 950 3248 ἐκεῖθεν
980 3194 1124 3265 μάλα
1154 3193 1363 3261 ἀγαθὰς
1394 3190 1543 3261 αὺτῷ
1573 3191 1667 3253 τὰς
1697 3191 1915 3253 ἐλπίδας

351 3294 451 3345 ἐπὶ
476 3293 596 3351 τοῖς
628 3289 910 3359 μέλλουσιν
943 3288 1371 3341 ὑποϐάλλονσαν.
1418 3286 1571 3338 Ἐπεὶ
1601 3285 1657 3337 δέ
1689 3288 1753 3354 τῇ
1801 3286 1918 3337 ’Δν-

350 3386 536 3451 τιόχου
583 3382 973 3450 προσήγγισεν,
1021 3379 1263 3439 ἀλλοίους
1312 3375 1511 3446 εὕρατο
1552 3377 1648 3439 τὰς
1695 3375 1915 3445 γνώμας

349 3476 479 3537 τοὺς
519 3473 754 3535 Ἰταλοὺς
775 3513 789 3535 ,
817 3472 916 3541 τῆς
950 3472 1137 3541 φήμης
1166 3470 1604 3539 προαγγειλάσης
1632 3469 1800 3520 ὁπόσα
1830 3469 1918 3519 ἐν·

350 3564 563 3633 δόμυχα
600 3567 691 3615 καὶ
718 3563 825 3614 τῶν
859 3562 1083 3631 χειλέων
1112 3560 1207 3613 τοῦ
1237 3560 1502 3630 βασιλέως
1539 3562 1795 3631 ἀπρόῖτα.
1827 3560 1917 3628 Μὴ

349 3655 486 3721 γοῦν
520 3654 709 3724 ῥᾳδίαν
730 3654 1008 3724 ἐὑρίσκων
1046 3654 1139 3705 καὶ
1181 3656 1246 3722 τῇ
1281 3653 1476 3723 γνώμῃ
1512 3653 1917 3718 συμϐαίνουσαν

347 3746 447 3816 τὴν
490 3749 546 3808 ἐς
580 3746 678 3814 τὴν
719 3746 990 3813 ’Δντιόχον
1039 3744 1292 3813 πάροδον,
1340 3745 1456 3795 ἀλλ’
1499 3747 1718 3814 ἔνορκον
1774 3744 1916 3812 ὀρῶν

349 3840 813 3907 συγχωρουμένην
856 3836 1005 3906 αὐτῴ
1044 3840 1144 3907 τὴν
1190 3836 1490 3889 εἰσέλευσιν
1541 3838 1636 3888 καὶ
1684 3836 1744 3887 τὸ
1794 3834 1915 3887 ὅλον

348 3932 663 3999 ἀπᾴδουσαν
704 3922 785 3989 οἷς
825 3927 1066 3996 ὥρμαινε
1106 3927 1246 3979 κατὰ
1276 3926 1477 3996 ψυχὴν,
1520 3926 1611 3977 καὶ
1649 3926 1722 3988 ὡς
1758 3928 1916 3994 εἴπερ

349 4022 713 4074 εἰσελεύσεται
738 4022 871 4089 πρὸς
900 4019 1106 4087 ἡμέρας
1131 4019 1611 4087 ἐνσκηνωσάμενος
1638 4017 1729 4069 καὶ
1753 4032 1919 4085 προσ-

350 4110 606 4179 κυνηθεὶς
641 4111 733 4162 καὶ
767 4112 1019 4179 τιμηθεὶς
1050 4109 1114 4161 τὰ
1143 4109 1330 4161 εἰκότα
1358 4108 1520 4161 πάλιν
1548 4106 1914 4172 ἐξελεύσεται,

354 4200 522 4270 μηδὲν
547 4216 601 4251 τι
632 4200 946 4268 νεοχμῶσας
980 4202 1072 4250 ἐπὶ
1100 4201 1209 4259 τοῖς
1240 4198 1359 4249 κατ’
1393 4198 1563 4265 αὐτὴν
1597 4198 1916 4267 πράγμασιν

350 4289 387 4359 ἡ
415 4305 469 4340 τι
499 4292 868 4357 μετακινήσας
898 4288 1005 4339 τῶν
1040 4284 1401 4337 καθεστώτων
1438 4283 1596 4347 ἐθῶν,
1633 4284 1916 4352 ἀχθεσθεὶς

350 4378 437 4445 ἐφ’
466 4388 544 4438 οις
575 4378 904 4448 cinnameo,
935 4378 1034 4444 τὴν
1066 4375 1162 4444 μὲν
1191 4374 1393 4426 εῐσοδον
1421 4373 1482 4425 οὐ
1508 4374 1624 4426 δέον
1655 4375 1915 4442 κέκρικεν

2031 1931 2297 1990 perpetuo
2321 1922 2599 1991 cupiebat.
2658 1923 2847 1993 Itaque
2879 1924 3016 1977 nihil
3055 1927 3380 1981 intentatum
3434 1932 3596 1984 relin-

2031 2013 2262 2082 quebat,
2292 2016 2334 2067 si
2372 2014 2647 2084 quomodo
2674 2014 2882 2069 Latinis
2907 2016 3239 2084 persuadere
3292 2030 3479 2089 posset
3542 2034 3602 2077 ut

2035 2103 2181 2157 ultro
2210 2102 2489 2157 dominatu
2547 2104 2759 2174 inclyta:
2810 2104 3114 2159 Antiochiae
3169 2109 3447 2174 cederent,
3506 2123 3602 2170 aut

2031 2197 2077 2250 si
2112 2196 2378 2249 iinollent
2422 2198 2544 2260 (nec
2571 2200 2719 2249 enim
2770 2196 2967 2250 fastum
3009 2198 3264 2254 Latinum
3325 2211 3379 2255 et
3424 2209 3602 2271 preli-

2029 2284 2223 2340 dentes
2307 2302 2498 2340 eorum
2567 2287 2780 2341 animos
2866 2289 3197 2357 ignorabat),
3261 2300 3317 2345 at
3400 2293 3600 2353 Cilices

2029 2384 2085 2429 et
2109 2374 2274 2445 Syros
2313 2376 2367 2429 in
2403 2392 2528 2431 suas
2560 2387 2740 2446 partes
2760 2380 3121 2447 pertraheret.
3147 2382 3259 2436 Nec
3319 2383 3371 2436 in
3420 2400 3485 2437 eo
3511 2384 3601 2437 ili-

2030 2482 2160 2521 nere
2193 2484 2430 2537 unquam
2465 2468 3051 2524 destititAntiochenis
3083 2472 3326 2527 scribere
3350 2484 3402 2528 et
3436 2489 3597 2529 suum

2028 2558 2322 2613 adventum
2388 2560 2785 2628 praenuntiare,
2839 2561 2977 2615 adeo
3014 2573 3073 2616 ut
3136 2568 3381 2618 nondum
3430 2565 3599 2637 Syriae

2030 2649 2164 2702 lines
2189 2650 2462 2719 ingressus
2493 2651 2819 2719 legationem
2870 2651 3001 2706 inde
3065 2656 3368 2721 attraxerit,
3396 2672 3500 2728 qua
3538 2658 3595 2713 in

2028 2741 2292 2811 Optimam
2334 2757 2487 2810 spem
2532 2758 2714 2795 rerum
2751 2744 3060 2796 futurarum
3092 2746 3427 2813 erigebatur.
3487 2749 3594 2804 Sed

2034 2847 2157 2886 cum
2186 2847 2355 2900 prope
2378 2832 2573 2885 urbem
2604 2834 2868 2897 venisset,
2899 2834 3037 2889 alios
3067 2834 3322 2890 Italorum
3379 2841 3594 2895 animos

2026 2925 2318 2990 comperit,
2348 2936 2471 2975 cum
2498 2924 2637 2975 fama
2674 2923 2785 2992 jam
2821 2934 2947 2975 ante
2976 2940 3202 2979 arcanas
3233 2928 3350 2995 ejus
3374 2937 3430 2980 et
3458 2933 3593 2984 taci-

2030 3020 2111 3063 tas
2160 3012 2598 3065 machinationes
2645 3012 3077 3082 vulgasset.Cum
3104 3017 3267 3085 ig'tur
3290 3018 3596 3074 Antiochia:

2027 3101 2233 3155 aditum
2272 3117 2379 3155 non
2410 3101 2514 3171 53
2545 3102 2780 3166 facilem,
2812 3119 2914 3158 nec
2946 3105 3103 3160 talem
3159 3108 3374 3176 qualem
3399 3127 3594 3180 ειερθ-

1945 3173 2197 3243 Cctarat
2222 3190 2512 3254 inveniret,
2541 3205 2641 3244 nec
2703 3191 2807 3245 nisi
2868 3194 3051 3263 jurato
3109 3173 3318 3265 ingredi
3378 3173 3589 3266 liceret,

2018 3280 2175 3350 longe
2212 3295 2400 3334 secum
2428 3297 2588 3349 quam
2623 3283 2805 3336 animo
2836 3283 3159 3347 destinarat,
3187 3302 3363 3359 eaque
3398 3290 3593 3343 condi-

2021 3372 2169 3424 tione
2199 3380 2257 3423 ut
2282 3370 2477 3425 diebus
2498 3372 2703 3441 aliquot
2733 3374 2804 3427 ibi
2859 3385 3230 3430 commoratus
3257 3388 3312 3432 et
3336 3381 3594 3435 adoratus

2019 3470 2179 3531 atque
2207 3463 2522 3527 honoratus,
2542 3464 2792 3527 utdecet,
2818 3464 3123 3522 discederet
3142 3469 3264 3523 sine
3292 3470 3397 3525 ulla
3422 3487 3589 3526 nova-

2024 3554 2173 3608 tione
2210 3563 2265 3608 et
2295 3554 2501 3623 recepti
2531 3557 2698 3610 moris
2721 3557 3044 3622 mutatione,
3106 3560 3272 3614 verba
3326 3562 3427 3614 sibi
3468 3563 3594 3617 data

2017 3658 2137 3697 esse
2162 3645 2386 3699 moleste
2414 3645 2613 3706 ferens,
2643 3647 2691 3700 vi
2714 3647 3131 3717 ingrediendum
3156 3651 3332 3717 duxit,
3365 3654 3510 3722 quod
3562 3670 3590 3708 ει

2020 3733 2165 3788 bello
2240 3733 2556 3789 Christiano
2633 3736 3012 3804 abhorrebat;
3074 3740 3169 3794 sed
3247 3742 3587 3807 suburbana,

2019 3824 2074 3876 in
2140 3825 2345 3893 quibus
2434 3826 2839 3891 diversabatur,
2911 3828 3178 3884 militibus
3257 3835 3587 3901 populanda,

2017 3925 2073 3969 ct
2118 3916 2416 3971 auferenda
2465 3919 2648 3972 omnia
2673 3933 2795 3987 qua:
2847 3921 3051 3989 corripi
3080 3924 3332 3978 manibus
3368 3938 3592 3994 possent

2016 4009 2307 4061 concessit.
2360 4009 2433 4061 ba
2486 4009 2852 4079 denuntiatio,
2906 4014 2994 4068 cui
3040 4016 3266 4083 penuria
3312 4032 3591 4073 commea-

2017 4104 2109 4149 tus
2130 4096 2553 4164 praetexebatur,
2616 4097 2799 4152 eﬂ'ecit
2857 4109 2917 4153 ut
2965 4118 3064 4156 nec
3085 4103 3381 4160 fructifera
3429 4107 3593 4161 arbo-

2021 4202 2110 4241 res
2196 4188 2472 4242 inviolatae
2558 4200 2861 4253 manerent,
2947 4194 3041 4246 sed
3106 4210 3184 4248 ea:
3242 4210 3461 4266 quoque
3521 4200 3587 4252 ad

2015 4278 2198 4331 cibum
2271 4281 2617 4348 coquendum
2694 4283 3129 4341 succiderentur.
3210 4286 3320 4341 Hac
3376 4288 3589 4345 ratione

2016 4370 2099 4424 sui
2155 4380 2527 4439 contemptum
2607 4372 3016 4429 dissimulanter
3079 4376 3227 4431 ultus
3314 4387 3381 4433 ad
3452 4379 3590 4436 ﬂnes

350 4469 743 4531 εἰσϐιάζεσθαι,
778 4468 869 4519 τὸν
906 4468 1044 4535 μετὰ
1071 4464 1413 4534 Χριστιανῶν
1440 4465 1675 4532 πόλεμον
1705 4464 1913 4517 παντά-
1946 4503 1990 4557 D
2016 4458 2042 4512 ί

1889 4492 1913 4504 -
1946 4458 2243 4557 DCilicum
2291 4461 2512 4514 deﬂexit
2565 4471 2648 4515 :et
2692 4464 2746 4515 in
2789 4466 3125 4533 amplissima
3197 4469 3444 4523 convalle
3493 4486 3581 4523 ca-

350 4578 515 4613 πασιν
570 4562 1005 4629 ἐκτρεπόμενος,
1046 4557 1466 4627 ἐναυλισάμενος
1522 4557 1576 4609 δὲ
1613 4558 1723 4619 τοῖς
1778 4574 1911 4628 προσ

348 4654 583 4715 αστείοις
601 4656 698 4720 τῆς
716 4653 919 4713 πόλεως
934 4651 1138 4721 κείρειν
1159 4650 1400 4701 ἐνδίδωσι
1418 4648 1585 4701 ταῦτα
1597 4652 1665 4719 τῇ
1686 4648 1913 4719 στρατιᾷ

349 4749 444 4800 καὶ
473 4749 710 4811 ἀπάγειν
737 4747 881 4799 ἅπαν
910 4744 973 4795 τὸ
1000 4746 1122 4805 ταῖς
1153 4744 1342 4812 χερσὶν
1375 4742 1769 4810 εὐμετάφορον.
1803 4742 1912 4794 Καὶ

346 4832 416 4907 ἦν
453 4838 517 4889 ἐκ
538 4835 730 4887 τούτου
755 4834 849 4888 τοῦ
878 4834 1356 4904 ¹ιιαραγγίλματος,
1384 4833 1658 4902 πρόφασιν
1682 4832 1777 4902 τὴν
1804 4832 1912 4883 τῶν

345 4925 658 4992 ἀναγκαίων
684 4925 1043 4977 ὑποσπᾶνισιν
1066 4923 1302 4990 ἔχοντος,
1331 4922 1461 4991 μηδὲ
1491 4923 1558 4973 τὰ
1581 4922 1907 4990 καρποφόρα

344 5015 454 5068 τῶν
480 5014 715 5086 δένδρων
746 5014 903 5083 ἀσινῆ
932 5013 1261 5083 παρεώμενα
1282 5047 1298 5074 ,
1329 5012 1464 5065 ἀλλὰ
1498 5013 1592 5062 καὶ
1626 5010 1799 5064 ταῦτα
1832 5012 1909 5080 τῷ

344 5108 481 5171 πυρὶ
516 5108 613 5174 τῆς
640 5106 846 5175 διαίτης
873 5105 1293 5173 παραδιδόμενα.
1327 5104 1477 5155 Κάπὶ
1510 5102 1715 5163 τούτοις
1745 5104 1909 5171 ἐκμε-

344 5202 549 5269 τρήσας
578 5197 875 5267 λεληθότως
899 5198 997 5264 τὴν
1020 5196 1232 5262 ἄμυναν
1265 5194 1400 5263 πρὸς
1435 5194 1503 5246 τὰ
1529 5195 1637 5246 τῶν
1669 5195 1906 5245 Κιλίκων

347 5289 737 5360 Μρενέκλινεν
763 5289 909 5361 ὅρια.
951 5288 1039 5339 Ἐν
1069 5286 1114 5339 δ’
1140 5284 1412 5355 εὐρυτάτη
1444 5285 1908 5354 στρατοπεδευσὰ-

2021 4554 2151 4606 stris
2190 4553 2401 4621 pusitis,
2463 4554 2517 4606 in
2568 4570 2673 4622 qua
2707 4554 2823 4608 bini
2872 4557 3111 4610 vertices
3136 4560 3403 4613 montium
3435 4561 3587 4616 altis-

2020 4641 2142 4696 simi
2195 4653 2506 4712 assurgunt,
2594 4659 2733 4712 quos
2779 4644 3080 4698 Corvorum
3157 4648 3317 4701 nidos
3398 4653 3584 4705 vocari

2023 4735 2337 4803 perhibent,
2368 4745 2624 4789 venatum
2658 4752 2913 4805 egressus
2958 4753 3089 4805 apro
3133 4739 3381 4793 solitario
3415 4755 3587 4795 vena-

2023 4827 2211 4880 bulum
2248 4829 2302 4880 in
2336 4838 2524 4896 peetus
2552 4827 2751 4896 adegit.
2778 4827 3024 4894 Quicum
3052 4831 3221 4884 ictum
3284 4842 3505 4901 urgeret
3525 4842 3584 4887 et

2020 4928 2191 4971 t0tum
2224 4918 2427 4972 ferrum
2464 4920 2517 4971 in
2546 4920 2755 4975 viscera
2787 4924 3105 4990 recepisset.
3131 4937 3327 4977 manus
3354 4923 3583 4993 impera-

2017 5010 2150 5065 toris
2183 5008 2463 5062 debilitata
2498 5018 2663 5077 atque
2686 5010 2888 5077 impetu
2911 5010 3037 5062 fere:
3053 5012 3250 5062 reﬂexa
3269 5010 3579 5078 pharetram

2016 5102 2083 5155 de
2113 5101 2279 5153 latere
2312 5100 2533 5169 oblique
2558 5098 2663 5170 55
2693 5114 3012 5167 suspensam
3044 5108 3097 5153 et
3125 5102 3407 5156 venenatis
3457 5103 3578 5156 telis

2015 5194 2269 5246 refertam
2297 5194 2536 5255 evertit;
2581 5194 2979 5261 perstrictaque
3035 5207 3141 5246 una
3189 5193 3384 5262 sagitta
3452 5205 3580 5247 cule

2015 5298 2134 5353 quae
2172 5284 2316 5337 inter
2344 5294 2617 5338 extremos
2637 5282 2838 5352 digitos
2859 5292 2966 5343 est.
2992 5297 3214 5337 veneno
3239 5294 3497 5353 serpente
3522 5295 3581 5339 et

1600 5440 1771 5499 Hier.
1817 5436 2020 5499 Wolﬁi
2064 5442 2252 5495 noue.

410 5588 527 5657 (35)
575 5584 1079 5657 ‘Aytloadgpnror.
1115 5584 1254 5657 Puto
1285 5584 1377 5637 hic
1404 5583 1513 5637 dici
1544 5582 1724 5657 potius
1753 5582 1901 5657 quod

2009 5591 2103 5636 aut
2146 5581 2504 5645 ineruditum,
2562 5581 2835 5636 sententia
2876 5595 2984 5635 non
3020 5581 3247 5650 patitur.
3286 5582 3467 5651 Quare
3497 5589 3581 5643 lu-

343 5651 701 5728 philosophiae
728 5651 1127 5728 consolationes
1160 5655 1555 5728 vincat,__quam_
1586 5654 1741 5728 cujus
1767 5652 1907 5704 ratio
2009 5664 2256 5708 cluosum
2297 5662 2390 5705 aut
2416 5651 2692 5706 funestum
2718 5652 3189 5720 interpretandum
3221 5658 3435 5712 censui.

344 5725 496 5781 reddi
531 5725 787 5795 nequeat.
836 5725 1166 5779 Litterarum
1200 5733 1255 5778 et
1287 5725 1647 5792 philosophiae
1677 5737 1895 5790 expers,
