4272 6356
760 378 864 440 θῦΊ

1998 380 2297 441 NICET/E
2332 381 2743 442 CHONIATEE

3910 391 4018 453 3C8

757 487 1105 541 discurrente
1134 496 1299 556 atque
1326 500 1499 557 usque
1533 487 1599 541 ad
1655 487 1841 543 vitalia
1899 505 2213 559 progresso,
2275 499 2331 545 et
2358 498 2406 555 Α
2439 510 2444 559 ι

2329 531 2331 540 .
2358 498 2406 555 Α
2439 508 2601 560 μενος
2634 491 2903 561 φάραγγι,
2938 492 3060 545 καθ’
3086 494 3151 564 ἢν
3178 495 3279 565 δρη
3307 494 3612 568 δικόρυμσα
3639 502 3731 555 ἐπὶ
3760 504 3894 557 πολὺ
3920 496 4016 559 τοῧ

756 576 1027 647 quidquid
1054 586 1375 647 occuparat,
1430 578 1696 648 paulatim
1743 580 2166 650 stupefaciente,
2223 597 2331 635 non

757 672 931 725 multo
986 678 1110 739 post
1177 684 1207 723 e
1277 670 1390 724 vita
1442 668 1717 726 discessit.
1763 671 1965 725 Tamen
2022 672 2075 725 id
2134 674 2336 728 vulnus

756 761 1028 831 principio
1110 760 1420 831 neglectum
1509 761 1841 817 membrana:
1921 763 2165 817 calcibus
2238 764 2336 818 de-

755 851 1343 920 tractmimpositione,
1408 864 1575 920 quam
1631 851 2060 906 excoriationem
2110 861 2331 916 vocant,

753 943 1058 997 medicatus
1086 951 1205 1007 est;
1239 956 1348 1012 qua
1378 942 1603 1012 ancipiti
1648 946 1859 998 ratione
1894 944 2102 998 saniem
2132 960 2335 999 cruen-

752 1044 860 1087 tam
926 1034 1173 1089 vulneris
1232 1034 1536 1103 reprimere
1604 1035 1933 1091 conabatur.
1990 1036 2222 1106 Vesperi
2272 1037 2331 1092 in

748 1137 931 1195 castra
955 1140 1205 1179 reversus
1226 1135 1281 1179 et
1339 1134 1585 1180 uenatus
1610 1134 1829 1180 noctem
1858 1129 1996 1181 citra
2022 1128 2328 1183 molestiam

748 1218 951 1288 exegit.
980 1218 1257 1273 Posuidie
1312 1234 1441 1273 vero
1506 1228 1851 1273 tumescente
1908 1228 1962 1274 et
2005 1220 2327 1276 ardescente

749 1311 1001 1376 vulnere,
1040 1326 1104 1364 ac
1139 1310 1390 1365 cruciatu
1424 1320 1682 1380 urgente,
1716 1312 1947 1367 medicis
1980 1328 2164 1366 casum
2198 1329 2326 1367 cum

747 1402 992 1469 exponit.
1027 1401 1130 1465 Qui
1170 1410 1382 1454 tumore
1405 1416 1601 1454 manus
1651 1403 1790 1464 viso,
1814 1410 1870 1455 et
1922 1402 2327 1458 medicamento

745 1508 855 1560 quo
887 1508 1022 1546 usus
1047 1503 1169 1546 erat
1202 1493 1531 1561 pcrquisito,
1565 1493 1618 1547 id
1647 1504 1903 1563 tanquam
1933 1502 2127 1550 contra
2153 1497 2326 1550 inedi-

743 1600 860 1638 cam
949 1586 1221 1638 rationem
1327 1585 1635 1638 adhibitum
1688 1585 2096 1654 repudiarunt;
2157 1595 2323 1656 atque

743 1677 848 1730 alia
875 1679 1203 1740 attulerunt,
1229 1692 1348 1744 qure
1390 1676 1648 1730 ardorem
1708 1677 1865 1731 illum
1900 1677 2157 1732 lenirent.
2216 1676 2321 1732 Sed

742 1785 866 1822 cum
896 1770 958 1823 iis
987 1769 1122 1822 nihil
1156 1768 1515 1837 proﬁcerent,
1543 1769 1608 1822 ad
1638 1770 1941 1823 sectionem
1968 1769 2223 1824 conversi
2250 1785 2318 1824 ne

2438 584 2595 653 ἀέρος
2619 583 2919 649 ἀνέϐαινον,
2944 584 3087 656 ἆπερ
3118 586 3275 654 λόγος
3310 589 3458 660 αἱρεῖ
3482 592 3751 663 Κοράκων
3790 599 4016 661 νοσσιάς

2439 672 2851 741 κικλήσκεσθαι,
2882 676 2963 737 εἰς
3008 677 3337 745 κυνηγέσιον
3375 679 3563 744 ἔξεισι.
3592 685 3701 737 Καὶ
3731 685 3822 738 συῒ
3849 705 4017 760 προσ-

2437 765 2758 834 υπαντήσας
2792 765 3067 836 μοναδικῷ
3096 770 3196 838 τὴν
3222 770 3322 839 μὲν
3352 773 3558 841 αἰχμὴν
3586 775 3661 845 τῷ
3691 778 3898 848 στέρνῳ
3924 779 4019 831 τοῦ

2436 855 2626 926 θηρίου
2669 858 2914 928 ἐνήρεισε
2937 874 2951 890 ο
2990 860 3202 914 πλείονι
3243 861 3300 914 δὲ
3333 862 3562 937 ὼἻσμῴ
3588 866 3680 919 τοῦ
3723 870 3847 932 συὸς
3882 889 4017 941 χρη-

2436 946 2672 1014 σαμένου
2729 949 2823 1000 καὶ
2878 947 2998 1001 ὅλον
3046 950 3139 1002 τὸν
3185 950 3406 1022 σίδηρον
3459 957 3846 1026 εἰτδεξαμένου
3903 965 4021 1023 τοῖς

2436 1036 2787 1107 σπλάγχνοις,
2821 1039 2855 1108 ή
2882 1040 3189 1109 κατέχουσα
3222 1044 3343 1113 χεὶρ
3373 1044 3432 1095 τὸ
3454 1046 3704 1098 ἀκόντιον
3732 1049 4021 1121 ὑποναρκᾷ

2430 1144 2491 1179 τε
2523 1128 2617 1181 καὶ
2642 1127 2962 1181 ὐπενδίδωσι
2990 1131 3126 1200 πρὸς
3147 1131 3207 1183 τὸ
3238 1132 3379 1199 ἀγαν
3409 1134 3508 1201 τῆς
3530 1134 3626 1189 τοῦ
3652 1136 3817 1207 θηρὸς
3843 1139 4018 1193 ἀντω-

2432 1218 2663 1287 θήσεως,
2694 1220 2992 1274 κάντεῦθεν
3020 1221 3113 1274 τοῦ
3146 1222 3233 1294 [Ρ.
3265 1224 3357 1296 27]
3391 1225 3579 1288 εὐθέος
3609 1230 4019 1299 παρενεχθεῖσα

2429 1311 2714 1380 ἐγχρίπτει
2753 1312 2831 1381 τῷ
2858 1314 3123 1385 γωρυτῷ,
3165 1314 3223 1377 ὃς
3264 1318 3415 1387 παρὰ
3456 1319 3691 1387 πλευρὸν
3720 1321 3816 1375 τοῦ
3853 1322 4017 1391 βασι-

2428 1401 2565 1464 λέως
2605 1404 2874 1473 ἐξήρτητο
2917 1404 3166 1472 πλάγιος,
3203 1406 3412 1475 στέγων
3455 1408 3660 1464 ἔσωθεν
3689 1411 3871 1465 ίοδόλα
3921 1413 4016 1481 βέο

2427 1489 2624 1561 λεμνα.
2665 1491 2830 1545 Ὅθεν
2878 1494 2977 1563 τῆς
3017 1495 3297 1565 φαρέτρας
3344 1499 3759 1568 ἀνατραπείσης
3792 1496 3872 1563 εἷς
3907 1503 4018 1555 τῶν

2425 1581 2817 1652 διεκχυθέντων
2845 1584 3132 1656 ἀτράκτων
3169 1586 3388 1656 πλήττει
3412 1588 3504 1641 τὸν
3530 1588 3755 1658 βασιλέα
3785 1594 3925 1644 κατὰ
3955 1594 4019 1646 τὸ

2430 1672 2661 1742 μεσεῦον
2705 1674 2879 1744 δέρμα
2920 1674 3028 1726 τῶν
3064 1676 3310 1728 ὑστάτων
3340 1677 3620 1731 δακτύλων
3666 1681 3762 1749 τῆς
3808 1682 4015 1751 χειρός.

2400 1782 2411 1788 ·
2438 1762 2555 1815 Ἀεὶ
2588 1763 2770 1816 τοίνυν
2795 1764 2887 1817 τοῦ
2922 1764 3219 1834 φαρμάκου
3263 1767 3564 1834 νεμομένου
3596 1767 3664 1819 τά
3696 1769 3884 1838 πρόσω
3922 1770 4020 1821 καὶ

745 1860 821 1915 sic
860 1861 1080 1928 quidem
1107 1833 1308 1915 adlicto
1363 1862 1623 1915 membro
1682 1861 1887 1931 aliquid
1947 1861 2067 1931 opis
2122 1833 2432 1917 attule-Bi

2351 1833 2399 1893 Β
2427 1855 2825 1925 διατρέχοντος,
2858 1857 2952 1908 καὶ
2975 1833 3104 1925 περὶ
3132 1855 3271 1909 αὐτὰ
3292 1857 3359 1907 τὰ
3388 1858 3575 1928 καίρια
3597 1833 4016 1927 ἐπενσκήπτον-

744 1960 875 2005 runt
903 1969 915 2017 ;
948 1968 1073 2006 nam
1106 1962 1290 2006 tumor
1322 1952 1558 2007 subinde
1595 1952 1922 2020 augebatur.
1965 1969 1994 2006 a
2045 1951 2218 2023 digito
2266 1953 2319 2006 in

744 2039 979 2109 digitum
1012 2055 1184 2106 usque
1215 2040 1283 2093 ad
1344 2042 1664 2111 juncturam
1718 2057 1915 2096 manus
1964 2052 2018 2095 ct
2073 2043 2319 2096 cubitum

741 2130 1034 2198 ipsumque
1063 2130 1349 2184 brachium
1376 2141 1670 2202 pervagato
1698 2133 1861 2188 malo.
1898 2132 2200 2203 Imperator
2226 2134 2328 2204 igi-

742 2232 833 2274 tur
858 2237 1011 2290 spem
1044 2222 1242 2277 salutis
1280 2224 1482 2293 abjecit
1518 2242 1532 2289 ;
1584 2233 1641 2278 et
1694 2226 1922 2280 medicis
1960 2227 2324 2281 aestuantibus

740 2327 965 2366 manum
990 2314 1113 2382 ejus
1144 2314 1317 2367 instar
1347 2313 1524 2369 virilis
1551 2313 1782 2369 femoris
1839 2315 2201 2370 tumefactum
2232 2332 2324 2371 re-

739 2418 929 2457 secare
961 2402 1067 2472 55
1097 2402 1274 2456 visum
1307 2412 1414 2464 est.
1440 2419 1563 2457 cum
1592 2420 1659 2458 ne
1691 2404 1771 2457 sic
1825 2404 2050 2473 quidem
2110 2404 2323 2460 aﬂ‘ecta:

737 2493 911 2563 partis
937 2494 1150 2547 sanatio
1198 2503 1346 2547 certa
1375 2502 1541 2548 esset.
1578 2495 1644 2548 At
1675 2495 1999 2564 imperator,
2024 2495 2118 2564 qui
2162 2498 2311 2565 prio-

740 2603 856 2641 rcm
920 2586 1086 2641 etiam
1135 2586 1436 2640 sectionem
1466 2586 1709 2640 universi
1751 2586 1877 2640 mali
1942 2602 2163 2641 causam
2204 2602 2325 2642 esse

741 2680 1107 2748 perspiceret,
1174 2679 1336 2732 dictis
1398 2694 1593 2732 eorum
1686 2695 1795 2731 non
1863 2679 2166 2742 annuebat,
2227 2679 2323 2733 sed

742 2778 987 2837 wgrotus
1046 2767 1415 2821 decumbebat
1479 2777 1662 2836 spreta
1738 2766 1965 2836 ancipiti
2017 2767 2324 2820 curatione.

739 2859 919 2926 Atque
942 2860 1312 2913 celeberrimo
1343 2858 1769 2912 resurrectionis
1783 2858 1988 2911 Christi
2021 2856 2110 2910 die
2139 2857 2325 2911 divina

741 2951 1002 3019 mysteria
1077 2950 1364 3019 percepit;
1401 2958 1455 3002 et
1490 2950 1542 3002 in
1588 2964 1740 3003 cmna
1765 2949 1902 3002 aulae
1931 2948 2146 3002 foribus
2170 2963 2331 3017 aper-

745 3041 833 3102 tis,
867 3041 1093 3110 quosvis
1116 3042 1325 3111 ingredi
1358 3048 1414 3095 et
1441 3050 1627 3109 petere
1662 3056 1783 3109 quae
1807 3040 2011 3092 vellent
2034 3040 2324 3108 permisit;

742 3132 997 3202 idemque
1015 3141 1070 3186 et
1092 3132 1356 3199 postridie
1378 3132 1588 3184 monitu
1605 3131 1828 3184 Joannis
1847 3130 2023 3199 magni
2042 3128 2327 3183 domestici

740 3222 894 3286 fecit,
917 3222 1099 3291 epulis
1130 3236 1251 3291 quae
1283 3220 1545 3290 apposita:
1580 3227 1740 3272 erant
1764 3220 1907 3273 inter
1946 3233 2042 3272 eos
2079 3218 2175 3286 qui
2232 3232 2321 3271 αε-

743 3315 932 3367 tabant
966 3314 1328 3377 distributis;
1355 3313 1695 3380 scmotisque
1731 3310 1956 3363 arbitris
1988 3309 2056 3363 de
2109 3308 2325 3378 imperii

743 3420 1063 3459 successore
1093 3405 1399 3457 deliberare
1429 3402 1693 3456 instituit.
1756 3401 2051 3455 Enimvero
2096 3400 2234 3454 valle
2266 3401 2323 3454 in

744 3512 851 3564 qua
891 3507 1071 3549 castra
1112 3494 1354 3549 habebat
1382 3494 1588 3562 ingenti
1620 3492 1801 3562 pluvia
1833 3492 2119 3555 inundata,
2151 3491 2319 3545 etiam

744 3587 981 3640 lectulus
1008 3587 1128 3655 ejus
1158 3587 1375 3654 impetu
1406 3584 1754 3637 decurrentis
1780 3597 1933 3651 aqua:
1954 3590 2038 3635 est
2071 3593 2316 3645 avemus,

742 3693 867 3731 cum
896 3679 1027 3731 illud
1064 3677 1346 3730 oraculum
1378 3713 1394 3740 ,
1438 3694 1455 3726 ι
1499 3673 1674 3729 Cades
1716 3674 1940 3743 aquosis
1998 3671 2328 3741 improvisus

746 3769 802 3821 in
836 3769 994 3833 locis,
1026 3786 1043 3817 ι
1090 3767 1325 3821 subinde
1358 3767 1411 3819 in
1439 3780 1534 3820 ore
1570 3765 1820 3819 haberet.
1877 3763 1979 3828 Qui
2004 3778 2134 3817 vero
2159 3763 2330 3831 impe-

745 3870 993 3913 ratorum
1036 3860 1417 3913 successiones
1440 3867 1496 3912 et
1552 3856 1885 3909 mutationes
1936 3854 2327 3924 pervestigant,

744 3950 878 4003 illud
896 3955 1061 4005 etiam
1084 3960 1285 4004 eventu
1306 3948 1723 4019 comprobatum
1743 3962 1861 4000 esse
1883 3946 2102 3999 ferunt:
2130 3965 2147 3995 ι
2178 3946 2326 3999 llcul

744 4043 929 4096 corvis
957 4057 1082 4096 esca
1142 4043 1256 4096 eris
1316 4042 1483 4094 miser
1515 4039 1806 4093 voracibus
1838 4039 1850 4090 ί
1893 4056 1910 4088 ›
1939 4037 1996 4091 ld
2048 4037 2329 4090 oraculum

744 4135 947 4202 partim
982 4134 1048 4187 ad
1099 4136 1253 4203 nigra
1280 4143 1336 4186 et
1391 4132 1681 4185 stridentia
1719 4129 2070 4191 ferramenta,
2132 4129 2331 4196 quibus

747 4241 943 4280 manus
979 4226 1099 4296 ejus
1132 4235 1249 4278 usta
1305 4233 1475 4289 esset,
1526 4221 1726 4292 partim
1771 4222 1837 4275 ad
1901 4229 2326 4289 cognomentum

754 4320 1028 4372 montium
1063 4318 1342 4387 pertinere
1365 4316 1766 4369 existimantes.

2423 1962 2536 2008 τος,
2591 1947 2685 1998 καὶ
2742 1946 2885 1999 κατά
2943 1947 3139 2016 μικρὸν
3192 1948 3628 2017 ἀπονεκροῦντος
3681 1948 3858 2001 ταῦτα
3917 1950 4019 2001 καὶ

2423 2036 2834 2106 ἀποψύχοντος,
2894 2037 3033 2107 μετά
3092 2037 3287 2107 μικρὸν
3344 2039 3440 2091 τοῦ
3497 2038 3611 2107 βίον
3665 2040 4013 2109 μεθίσταται.

2431 2127 2564 2179 Τότε
2596 2126 2640 2179 δ’
2671 2122 2765 2179 οὖν
2802 2127 2830 2179 ὁ
2864 2124 3117 2195 βασιλεὺς
3150 2127 3280 2196 παρ’
3309 2128 3464 2181 οὐδὲν
3494 2129 3719 2198 θέμενος
3752 2132 3812 2182 τὸ
3836 2130 4017 2200 ξέσμα

2425 2217 2523 2271 τοῦ
2567 2218 2836 2288 δέρματος
2876 2218 3074 2285 ὑμένος
3116 2219 3355 2288 ἠκέσατο
3398 2220 3693 2289 ἐπιθέματι
3734 2222 3801 2291 ἢν
3840 2239 4007 2289 φασιν

2423 2309 2662 2380 ἐκδοράν
2686 2350 2699 2375 ,
2737 2312 2802 2363 ἐκ
2830 2310 2923 2362 τοῦ
2954 2309 3062 2362 τῶν
3103 2310 3281 2363 ποδῶν
3320 2312 3690 2381 ἀποσυρέντος
3726 2312 4016 2382 καττύμα-

2424 2418 2513 2463 τος
2533 2402 2664 2471 (56),
2691 2400 2975 2469 σφαλερῶς
2999 2399 3252 2454 ἐντεῦθεν
3276 2400 3615 2471 πειρώμενος
3636 2402 3726 2455 τὸν
3748 2406 4015 2472 προϊόντα

2428 2494 2672 2562 ἐπισχεῖν
2696 2492 2936 2561 ὕφαιμον
2968 2492 3142 2562 ίχῶρα
3164 2492 3257 2546 τοῦ
3283 2493 3623 2563 τραύματος.
3660 2495 4010 2548 Ἐπανελθὼν

2427 2584 2518 2637 οὖν
2544 2585 2676 2654 πρὸς
2700 2585 2943 2655 ἑσπέραν
2975 2587 3069 2637 καὶ
3089 2586 3395 2656 ἀριστήσας
3417 2588 3517 2656 τὴν
3546 2587 3647 2650 μὲν
3669 2588 3839 2641 νύκτα
3870 2593 4011 2657 μετὰ

2431 2673 2713 2745 ῥᾳστώνης
2752 2676 3037 2745 διήνεγκε’
3069 2675 3169 2745 τὴν
3200 2676 3255 2728 δὲ
3287 2678 3423 2746 μετὰ
3449 2679 3654 2747 ταύτην
3681 2680 3893 2749 ἡμέραν
3930 2685 4013 2732 οἰ-

2431 2765 2632 2817 δαίνειν
2660 2765 2754 2816 καὶ
2780 2763 3004 2832 σφύζειν
3037 2765 3346 2835 ἀρξαμένου
3375 2766 3468 2817 τοῦ
3495 2767 3808 2836 τραύματος
3854 2786 4016 2837 περι-

2428 2854 2679 2925 ωδυνίαις
2702 2854 2975 2917 ἐϐάλλετο,
2998 2855 3093 2906 καὶ
3122 2854 3335 2927 τίθησιν
3366 2855 3638 2910 ἔκπυστον
3660 2864 3769 2921 τοῖς
3796 2861 4008 2929 ἰατροῖς

2428 2947 2488 2997 τὸ
2518 2945 2751 3015 συμϐάν.
2783 2947 2847 2999 ΟΞ
2873 2945 2929 2998 δὲ
2956 2946 3045 2998 τὸν
3070 2947 3168 3015 τῆς
3191 2949 3373 3017 χειρ³.ς
3401 2948 3564 3016 ὄγκον
3598 2951 3797 3013 ἰδόντες
3828 2950 3922 3004 καὶ
3952 2952 4015 3005 τὸ

2430 3037 2565 3108 πρὸς
2596 3038 2785 3091 ἄκεσιν
2805 3037 2959 3090 τεθὲν
2989 3043 3515 3109 περιεργασάμενοι,
3543 3043 3675 3095 αὐτὸ
3704 3044 3802 3111 μὲν
3831 3044 3903 3106 ὡς
3936 3045 4014 3112 μὴ

2432 3132 2572 3183 κατὰ
2618 3130 2853 3200 θεσμοὺς
2901 3132 3231 3202 νοσοκομίας
3284 3134 3644 3204 παραληφθὲν
3688 3137 4015 3207 ἀπήνεγκαν

2428 3224 2528 3292 τῆς
2588 3222 2793 3291 χειρὸς,
2847 3223 3162 3292 φαρμάκοις
3210 3223 3257 3275 δ’
3306 3225 3489 3288 ἄλλοις
3536 3227 3845 3295 ἐχρήσαντο
3910 3246 4016 3280 κα-

2428 3313 2733 3365 ταλεαίνειν
2772 3313 3090 3383 δυναμένοις
3127 3314 3197 3367 τά
3228 3315 3337 3367 τῶν
3361 3319 3695 3388 τραυμάτων
3735 3318 4015 3386 φλεγμαίο

2428 3422 2609 3459 νοντα.
2652 3406 2805 3458 Ἐπεὶ
2851 3406 2896 3458 δ’
2940 3408 3020 3469 είς
3065 3405 3222 3458 οὐδὲν
3268 3407 3535 3477 ἀνύσιμον
3572 3409 3909 3463 ἀπετελεύτα
3944 3411 4018 3463 τὰ

2431 3492 2920 3563 φαρμακεύματα,
2960 3494 3097 3564 πρὸς
3130 3496 3479 3566 χειρουργίαν
3517 3498 3565 3549 oi
3608 3498 4010 3566 Ἀσκληπιάδαι

2429 3582 2710 3653 βλέπουσι.
2749 3583 3066 3653 Τμηθέντος
3099 3584 3193 3637 οὖν
3227 3585 3322 3638 τοῦ
3362 3588 3689 3656 οἰδήματος,
3726 3589 3834 3641 οὐδ’
3869 3588 4015 3640 οὕτω

2428 3676 2736 3746 καταστολή
2768 3692 2851 3738 τις
2881 3677 2974 3728 καὶ
2995 3676 3334 3746 ὑποχάλασις
3361 3678 3455 3731 τοῦ
3482 3682 3781 3748 πάσχοντος
3808 3683 4015 3751 μέρους

2432 3768 2679 3836 ἐγίνετο,
2713 3767 2828 3819 ἀλλ’
2862 3768 2890 3819 ὅ
2918 3785 2974 3819 τε
3007 3768 3169 3836 δγκος
3203 3769 3291 3821 ἀεὶ
3329 3769 3423 3821 ἐπὶ
3463 3771 3646 3838 μεῖζον
3685 3771 3883 3840 ᾔρετο,
3922 3774 4019 3825 ἐπὶ

2430 3860 2682 3930 δακτύλῳ
2715 3878 2775 3913 τε
2805 3861 3071 3915 δάκτυλον
3101 3864 3197 3915 καὶ
3229 3864 3442 3931 καρπὸν
3474 3863 3567 3914 ἐπὶ
3598 3863 3848 3934 παλάμῃ,
3886 3861 4014 3916 εἶτα

2435 3950 2636 4019 πῆχυν,
2674 3950 2769 4001 ἐπὶ
2805 3950 2861 4001 δὲ
2893 3949 3067 4019 τούτῳ
3102 3950 3361 4020 βραχίονα
3389 3952 3687 4018 ἐπενέμετο
3720 3952 3777 4003 τὸ
3803 3952 3980 4004 δεινὸν
4000 3995 4014 4016 ,

2435 4044 2530 4093 καὶ
2582 4040 2834 4111 βασιλεὺς
2881 4041 2989 4094 τῶν
3041 4043 3431 4113 χρηστοτέρων
3470 4042 3702 4095 ἐλπίδων
3747 4044 4017 4111 ἀπήγετο.

2452 4132 2671 4202 Ἀμέλει
2703 4134 2794 4185 καὶ
2820 4134 2931 4196 τοῖς
2957 4133 3055 4203 μὲν
3090 4136 3293 4205 ἰατροῖς
3325 4137 3693 4205 ὴπορημένοις
3729 4137 4025 4189 παντάπα-

2440 4241 2524 4277 σιν
2569 4223 2742 4276 ἐδόκει
2784 4223 2884 4293 τὴν
2935 4229 3095 4295 χεῖρα
3147 4225 3243 4277 τοῦ
3293 4226 3560 4297 βασιλέως
3610 4228 3911 4294 ἀποτεμεῖν
3965 4228 4023 4288 ἐς

2438 4314 2612 4385 μήρδν
2646 4314 2889 4384 ἀνδρεῖον
2920 4316 3281 4385 άδρυνθεῖσαν
3309 4322 3375 4388 τῇ
3411 4318 3715 4387 φλεγμονῇ,
3750 4320 3873 4370 κατ’
3912 4320 4025 4385 ἀμ-

749 4413 1017 4479 φήρισιον
1069 4411 1256 4478 μέντοι
1306 4407 1400 4458 καὶ
1457 4406 1576 4456 τότε
1630 4402 1725 4454 τοῦ
1778 4402 2079 4470 πάσχοντος
2136 4398 2332 4469 μέλους
2376 4401 2555 4454 ἴασινο
2633 4402 2888 4471 βασιλεὺς
2924 4404 2979 4456 δὲ
3025 4405 3121 4458 καί
3150 4405 3249 4475 τὴν
3281 4408 3554 4477 προτέραν
3601 4410 3776 4476 τομὴν
3840 4407 4028 4461 αἰτίαν

747 4502 844 4555 τοῦ
885 4501 1200 4569 ξύμπαντος
1250 4496 1421 4550 κακοῦ
1470 4496 1848 4564 ξυνορώμενος
1892 4492 2002 4545 οὐδ’
2043 4492 2180 4554 ὅλως
2224 4495 2335 4555 τοῖς
2374 4493 2685 4563 λεγομένοις
2756 4496 3086 4563 ἐπένευσεν,
3129 4497 3245 4549 ἀλλ’
3312 4498 3493 4551 ἔκειτο
3532 4501 3755 4567 κάμνων
3780 4539 3795 4561 ,
3830 4500 3890 4551 τὸ
3925 4501 4027 4568 τῆς

751 4593 1051 4665 θεραπείας
1085 4590 1331 4662 παριδὼν
1364 4588 1694 4659 ἀμφίλογον.
1756 4584 2091 4653 Ἐπιστάσης
2155 4583 2212 4636 δὲ
2260 4586 2358 4654 τῆς
2398 4588 2753 4657 πανευσήμου
2807 4587 3019 4657 ἡμέρας
3053 4589 3151 4657 τῆς
3194 4587 3433 4658 Χριστοῦ
3510 4592 3862 4650 ἀναστάσεως
3912 4593 4026 4646 τῶν

750 4689 910 4745 θείων
979 4683 1295 4755 μυστηρίων
1355 4684 1412 4734 ὲν
1476 4679 1692 4749 μεθέξει
1749 4677 1983 4745 γίνεται,
2040 4678 2136 4731 καὶ
2190 4676 2327 4747 πρὸς
2368 4678 2429 4730 τὸ
2462 4678 2676 4733 δεῖπνον
2751 4677 3044 4733 ἀναπεσὼν
3081 4679 3249 4750 ἀνῆκε
3322 4680 3423 4750 τὴν
3472 4680 3702 4733 αὐλαίαν
3732 4683 3867 4733 πᾶσι
3906 4683 4022 4735 toi;

753 4782 981 4832 εἰσιέναι
1022 4778 1119 4829 καὶ
1165 4775 1424 4845 δεηθῆναι
1466 4772 1707 4824 θέλουσι.
1733 4771 1841 4823 Καὶ
1886 4773 1953 4841 τῇ
2024 4769 2152 4838 ἑξῆς
2222 4769 2414 4839 ήμέρᾳ
2450 4773 2541 4822 τὸν
2587 4770 2749 4823 αὑτὸν
2789 4769 3228 4840 διαπραξάμενος
3269 4771 3469 4841 τρόπον
3500 4771 3748 4841 ὑποθήκῃ
3798 4772 3889 4824 τοῦ
3926 4790 4028 4840 με-

756 4870 928 4937 γάλου
975 4865 1301 4935 δομεστίκου
1344 4865 1633 4929 Ἰωάννου,
1687 4862 1783 4915 καὶ
1837 4862 1907 4915 τά
1958 4860 2337 4931 παρατεθέντα
2378 4860 2642 4931 βρώματα
2688 4863 2801 4925 τοῖς
2872 4861 3190 4930 παρεστῶσι
3258 4860 3711 4930 διανειμάμενος,
3744 4863 3865 4915 καθ’
3897 4863 4026 4913 ἑαυ-

757 4968 849 5019 τὸν
881 4964 1069 5016 ἔκτοτε
1112 4959 1319 5019 ίδιάσας
1356 4957 1485 5028 περὶ
1515 4955 1611 5009 τοῦ
1646 4954 1893 5024 διαδόχου
1924 4954 2022 5023 τῆς
2058 4952 2335 5023 βασιλείας
2376 4952 2610 5019 ἐγνώκει
2682 4951 3034 5005 σκέπτεσθαι.
3114 4950 3308 5003 ’Υετοῦ
3337 4950 3393 5002 δὲ
3426 4950 3845 5021 κατενεχθέντος
3884 4954 4029 5021 ῥαγ-

756 5059 932 5118 δαίου,
960 5054 1179 5122 καὶτῆς
1206 5049 1454 5111 κοιλάδος
1498 5047 1847 5118 καταρῤύτου
1881 5046 2144 5116 φανείσης
2173 5044 2258 5113 ἐφ’
2325 5038 2393 5113 ἦς
2428 5042 2937 5112 ἐστρατοπεδεύετο,
2988 5044 3023 5112 ἦ
3065 5059 3126 5095 τε
3159 5040 3421 5112 βασιλέως
3488 5042 3645 5112 κλίνη
3692 5044 4028 5115 μετεφέρετο

757 5153 893 5223 πρὸς
940 5150 1002 5200 τὸ
1045 5145 1348 5215 καθαρεῦον
1397 5141 1587 5204 ὕδατος
1644 5140 1832 5210 μέρος,
1884 5141 1978 5193 καὶ
2029 5139 2191 5201 αὐτὸς
2246 5137 2341 5191 ἐπὶ
2376 5138 2645 5206 στόματος
2688 5131 2803 5206 εἶχε
2837 5137 2897 5190 τδ
2931 5137 3138 5204 φάσκον
3166 5133 3366 5189 οὕτωσ).
3398 5133 3779 5204 χρησμῲδημα
3808 5154 3822 5167 ·
3862 5156 3880 5189 ι
3919 5137 4030 5191 τό.

756 5261 874 5306 ποις
906 5242 950 5296 δ’
986 5242 1044 5292 ὲν
1069 5239 1253 5307 ὑγροῖς
1286 5236 1381 5289 καὶ
1412 5235 1542 5304 παρ’
1572 5234 1763 5287 ἐλπίδα
1793 5235 1987 5303 πέσῃς.
2024 5250 2042 5283 ι
2074 5234 2135 5283 Οἱ
2162 5231 2340 5292 δὲτὰς
2374 5229 2484 5282 τῶν
2546 5229 2813 5299 βασιλέων
2874 5228 3126 5297 διαδοχάς
3160 5228 3253 5280 καὶ
3290 5227 3606 5294 μεταθέσεις
3645 5227 4024 5297 φιλοκριιοςν-

756 5353 848 5397 τες
888 5335 982 5385 καὶ
1011 5330 1171 5385 τοῦτο
1198 5329 1371 5396 πέρας
1402 5325 1682 5395 είληφέναι
1713 5325 1894 5392 ελεγον
1916 5366 1930 5390 ,
1972 5343 1990 5374 ι
2029 5323 2091 5375 Ὢ
2120 5321 2234 5385 πῶς
2265 5322 2470 5392 γενήσῃ
2537 5320 2731 5391 βρῶμα
2788 5319 2976 5372 δεινῶν
3003 5318 3289 5388 κοράκωνί
3330 5336 3348 5369 ι
3379 5317 3457 5386 πῆ
3484 5318 3581 5386 μὲν
3608 5320 3663 5379 ἐς
3694 5317 3763 5371 τά
3818 5320 4030 5388 μέλανα

759 5427 852 5483 καὶ
909 5422 1125 5487 σίζοντα
1186 5417 1401 5487 σιδήρια
1448 5414 1510 5467 τὸ
1560 5415 1901 5482 παλαίφατον
1950 5413 2109 5466 τοῦτο
2159 5413 2337 5478 λόγιον
2370 5413 2581 5481 ἁφορᾷν
2625 5409 3050 5480 ἔσχυριζόμενοι,
3119 5408 3187 5462 δι’
3217 5403 3292 5461 ὧν
3360 5411 3387 5459 ὀ
3421 5407 3631 5477 καυτὴρ
3662 5412 3726 5478 τῇ
3755 5413 3903 5479 χειρὶ
3933 5411 4031 5464 τοῦ

759 5518 1032 5591 βασιλέως
1062 5516 1443 5585 ἐπενήνεκται,
1481 5512 1557 5579 πῆ
1591 5508 1718 5569 δ’ὲς
1742 5509 1801 5560 τὸ
1864 5507 1969 5559 τῶν
2036 5506 2240 5575 βουνῶν
2310 5504 2666 5576 προσωνυμον
2713 5507 2794 5572 ἐφ’
2842 5496 2916 5555 ὧν
2956 5503 3163 5560 ἐκεῖνος
3212 5502 3618 5572 κατεσκηνώκει
3696 5506 3759 5559 τὸ
3802 5506 4036 5574 προφοί.

760 5614 950 5686 δασμα
977 5608 1325 5670 ἀπολύοντες.

2033 5693 2204 5753 Hier.
2254 5691 2455 5753 Wolﬁi
2495 5695 2680 5775 notas.

832 5804 945 5875 (36)
979 5803 1277 5873 Κάττυμα.
1301 5798 1403 5856 Hic
1439 5812 1549 5853 non
1583 5805 1718 5867 puto
1746 5808 1847 5866 pro
1879 5793 2043 5849 soleis
2075 5792 2349 5863 usurpari,
2385 5789 2479 5850 sed
2513 5803 2614 5859 pro
2652 5794 2774 5843 cute
2804 5784 2931 5854 pedi
2962 5783 3231 5838 detracta.
