4284 6376
271 391 377 456 369

1495 403 1839 465 JOANNES
1880 407 2322 469 COMNENUS.

3410 419 3518 484 370

323 505 427 572 αβζ
493 505 884 575 Ἐκκλησάσας
935 509 982 563 δ’
1043 509 1232 566 ἔπειτα
1255 511 1312 564 τὸ
1349 515 1604 580 συγγενὲς
1637 516 1730 568 καὶ
1756 515 1843 583 φί-
1873 561 1904 614 Α

1801 515 1843 567 ί-
1873 561 1909 614 Α
2017 516 2124 587 56
2175 517 2262 572 1‘2.
2285 517 2492 574 Deinde
2523 521 2841 577 convocatis
2868 525 3143 594 cognatis,
3197 526 3393 582 amicis
3439 536 3522 583 ιι-

265 598 382 651 λιον
414 601 504 650 καὶ
535 601 731 651 ὁπόσον
781 602 838 652 ὲν
868 603 1164 674 ὑπεροχαῖς
1197 623 1253 658 τε
1284 606 1375 658 καὶ
1410 605 1718 676 ἀξιώμασιν
1750 605 1837 675 ἦν,

264 689 364 740 καὶ
418 693 912 761 παραστησάμενος
971 693 1064 748 τὸν
1125 697 1461 766 ὑστερογενῆ
1523 698 1694 749 παῖδα
1746 699 1838 750 τὸν

262 780 545 850 Μανουὴλ,
598 782 773 835 τοιάδε
805 783 988 848 ἔλεξεν
1012 802 1024 815 ο
1063 806 1081 838 ι
1115 788 1228 841 Οὐκ
1269 789 1356 841 ἐπ’
1390 790 1569 841 ἒλπίσι
1602 789 1700 858 μὲν
1724 792 1841 854 ταῖς

262 874 594 940 ὀρωμέναις,
641 875 837 944 ἄνδρες
913 877 1199 948 Ῥωμαῖοι,
1274 882 1473 951 Συρίαν
1518 880 1841 947 κατέλαϐον,

259 960 377 1014 ἀλλ’
401 961 563 1031 ᾤμην
588 964 696 1014 τῶν
728 968 1016 1036 προτέρων
1047 968 1408 1040 ιὺκλεέστερα
1445 970 1582 1038 ἔργα
1608 972 1844 1036 ἐνδείξα-

262 1050 409 1117 σθαι,
443 1055 538 1105 καὶ
567 1054 867 1110 λούσασθαι
900 1057 999 1126 μὲν
1023 1058 1339 1128 ἀδεέστερον
1363 1063 1420 1113 ὲν
1453 1063 1718 1133 Εὐφράτῃ
1749 1064 1842 1114 καὶ

258 1144 369 1196 τῶν
403 1144 596 1197 τούτου
636 1147 895 1216 ναμάτων
930 1148 1221 1222 πλησμίως
1262 1152 1588 1221 ἀρύσασθαι,
1637 1155 1842 1207 ἰδέσθαι

259 1235 317 1286 δὲ
357 1236 452 1287 καὶ
485 1237 718 1304 Τίγριδα
752 1241 994 1310 ποταμὸν
1024 1243 1117 1294 καὶ
1148 1243 1470 1313 διαθροῆσαι
1501 1249 1610 1307 τοῖς
1653 1246 1840 1309 ὅπλοις

256 1326 317 1377 τὸ
347 1326 446 1378 ἀνθ
477 1329 767 1398 στάμενον,
802 1333 926 1385 ὅσον
956 1351 1016 1385 τε
1055 1336 1360 1406 προσρέπει
1396 1340 1506 1400 τοῖς
1535 1338 1710 1403 Κίλιξι
1749 1342 1844 1394 καὶ

257 1415 384 1466 ὅτον
414 1420 530 1478 τοῖς
588 1419 652 1470 ὲκ
702 1421 802 1487 τῆς
834 1423 1016 1492 Ἀγαρ
1065 1425 1455 1493 προσνένευκε,
1506 1428 1841 1481 διαπτάσθαι

255 1507 312 1556 δὲ
364 1508 459 1560 καὶ
508 1509 583 1571 ὡς
641 1511 691 1562 οί
738 1510 980 1580 βασιλεῖς
1031 1515 1140 1566 τῶν
1173 1516 1424 1584 ὀρνίθων,
1459 1520 1508 1570 εί
1550 1522 1646 1572 καὶ
1697 1521 1842 1588 μέγα

256 1597 416 1648 τοῦτο
460 1599 635 1652 εἰπεῖν
683 1603 821 1666 ἐστι,
867 1605 1002 1674 πρὸς
1056 1607 1426 1678 Παλαιστίνην
1469 1609 1657 1680 αὐτὴν,
1706 1612 1838 1664 ὅπου

259 1687 323 1736 τι)
351 1687 454 1750 τῆς
503 1691 780 1761 ἡμετέρας
839 1694 1057 1760 φύσεως
1092 1698 1291 1768 πτῶμα
1344 1700 1526 1752 πεσὼν
1557 1701 1842 1772 ἀνήγειρεν

261 1776 290 1826 ὁ
321 1776 581 1843 Χριστὸς,
613 1781 704 1830 ἰπὶ
727 1781 965 1851 σταυροῦ
996 1784 1091 1846 τὰς
1111 1789 1298 1855 χεῖρας
1323 1787 1458 1851 διεὶς
1497 1791 1589 1844 καὶ
1618 1795 1842 1861 μικραῖς

1943 621 2050 674 que
2083 610 2446 677 magnatibus,
2498 613 2876 684 productoque
2939 615 3184 671 Manueie
3226 616 3340 672 (ilio
3389 628 3520 674 natu

1945 698 2194 764 minimo,
2227 701 2535 771 hujnsmodi
2566 707 2870 760 orationem
2915 706 3138 762 habuit:
3163 727 3182 761 ι
3211 710 3342 765 Non
3368 712 3527 782 equi.-

1945 787 2068 841 dem
2091 805 2152 844 ea
2189 806 2284 858 spe
2338 807 2502 860 quam
2554 795 2773 862 videtis,
2826 797 3080 867 quiritc's,
3134 799 3342 871 Syriam
3403 817 3525 857 sum

1946 879 2243 949 ingressus,
2267 884 2360 938 sed
2415 886 2669 940 virtutem
2698 892 2964 959 majorum
2997 907 3082 946 me
3128 907 3521 964 superaturum

1944 973 2303 1040 opinabar,et
2336 977 2585 1031 securius
2607 980 2660 1032 in
2687 981 2965 1050 Euphrate
2990 982 3301 1040 levaturum
3358 995 3414 1043 et
3457 990 3523 1043 ad

1946 1068 2257 1120 satietatem
2284 1069 2474 1124 latices
2493 1073 2614 1141 ejus
2632 1072 2956 1128 hausturum
2995 1091 3138 1140 esse,
3167 1077 3528 1149 visurumque

1945 1160 2108 1214 etiam
2141 1160 2344 1230 Tigrim
2379 1163 2628 1230 ﬂuvium,
2657 1175 2712 1221 et
2737 1183 2928 1223 omnes
2973 1172 3316 1228 adversarios
3361 1173 3530 1229 armis

1948 1251 2386 1321 proﬂigaturum,
2423 1257 2736 1326 quicunque
2785 1275 2979 1316 versus
3008 1261 3257 1317 Ciliciam
3295 1277 3528 1336 vergunt

1945 1348 1997 1393 et
2021 1341 2085 1393 ad
2137 1341 2418 1411 Agarenos
2481 1345 2822 1412 defecerunt,
2884 1359 3048 1420 atque
3115 1353 3311 1421 aquila:
3361 1356 3530 1411 instar

1947 1427 2234 1496 (quamvis
2257 1431 2362 1486 hoc
2388 1449 2644 1504 magnum
2706 1437 2856 1492 dictu
2905 1442 3191 1511 videatur)
3249 1444 3305 1498 in
3355 1444 3528 1514 ipsam

1945 1520 2293 1578 Palwstinatn
2333 1529 2822 1596 transvolaturum,
2857 1533 2948 1586 ubi
2995 1534 3248 1591 Christus
3289 1540 3532 1600 extensis

1947 1613 2002 1666 in
2027 1629 2190 1670 cruce
2217 1620 2468 1673 manibus
2493 1631 2700 1678 natura
2733 1635 2934 1680 nostra:
2990 1628 3208 1681 ruinam
3256 1645 3357 1684 suo
3398 1646 3529 1692 casu

1945 1706 2139 1769 erexit,
2173 1717 2226 1761 et
2255 1711 2436 1776 parvis
2487 1713 2655 1781 guttis
2689 1722 2863 1770 totum
2924 1719 3188 1773 mundum
3233 1722 3432 1786 univit,
3467 1736 3531 1776 ac

1949 1807 2188 1852 montem
2223 1802 2436 1855 Domini
2462 1819 2913 1873 conscensurum,
2956 1822 3015 1866 ut
3076 1811 3530 1883 Psalmographus

267 1866 451 1935 ῥανίσι
505 1870 711 1939 κόσμον
761 1873 881 1926 ὅλον
932 1877 1012 1936 είς
1065 1876 1262 1931 ἕνωσιν
1291 1880 1536 1948 ἀγαγὼν,
1573 1882 1844 1950 ἀναϐῆναι
1877 1897 1904 1950 ε

1801 1901 1844 1935 ιι
1877 1897 1917 1950 Β
1947 1890 2161 1955 scribit,
2189 1903 2352 1962 atque
2386 1896 2583 1950 inloco
2612 1899 2733 1968 ejus
2765 1910 2951 1955 sancto
2977 1911 3247 1957 staturum
3283 1919 3438 1968 esse;
3475 1911 3532 1959 et

262 1955 319 2006 δὲ
358 1956 452 2006 καὶ
499 1959 579 2020 είς
627 1960 688 2012 τὸ
725 1960 851 2031 ὅρος
888 1965 1095 2033 Κυρίου
1135 1972 1277 2020 κατά
1305 1969 1398 2021 τὸν
1427 1970 1698 2038 ψάλλοντα
1748 1973 1841 2025 καὶ

264 2044 463 2112 στῆναι
509 2050 568 2101 ὲν
598 2051 749 2121 τόπῳ
778 2054 920 2124 ἁγίῳ
959 2057 1148 2119 αὐτοῦ,
1207 2061 1484 2128 μετελθεῖν
1514 2063 1568 2114 δὲ
1601 2063 1839 2133 πολέμου

262 2135 416 2205 νόμῳ
470 2140 564 2190 καὶ
598 2141 660 2194 τὸ
701 2143 886 2213 κύκλῳ
942 2145 1225 2214 πολέμιον,
1258 2150 1396 2218 ὅπερ
1424 2151 1498 2213 ὠς
1525 2152 1624 2220 τὴν
1665 2153 1834 2206 πάλαι

269 2224 506 2280 κιϐωτὸν
552 2231 601 2282 οί
645 2233 952 2301 ἀλλόφυλοι,
1006 2237 1105 2307 τὴν
1138 2240 1231 2292 τοῦ
1265 2242 1471 2311 Κυρίου
1521 2245 1681 2313 σορὸν
1711 2247 1841 2298 πολ-

262 2316 423 2382 λάκις
477 2315 588 2373 εἷλε
641 2323 994 2395 δορύκτητον.
1061 2331 1214 2383 Ἐπεὶ
1267 2332 1325 2384 δὲ
1380 2329 1461 2396 οἷς
1513 2336 1734 2405 τρόποις
1779 2337 1842 2390 τὸ

259 2407 405 2461 θεῖον
431 2409 744 2477 ἑπίσταται,
775 2419 970 2471 οῠκουν
991 2420 1241 2476 δέδεκται
1282 2424 1457 2494 πέρας
1508 2427 1575 2480 τὰ
1615 2431 1838 2497 προσδο-

257 2499 506 2567 κώμενα,
559 2504 876 2576 ἀντιστῆναι
922 2510 1022 2576 μὲν
1054 2511 1190 2574 ὅλως
1239 2514 1340 2567 οὑκ
1380 2515 1549 2578 ἔστιν,
1593 2519 1704 2570 οὐδ’
1745 2521 1838 2572 ἐπὶ

253 2593 369 2652 τοῖς
420 2594 718 2662 ὁρωμένοις
782 2601 958 2666 χρεὼν
1019 2603 1316 2658 ἀντειπεῖν.
1383 2608 1476 2670 Τίς
1528 2609 1636 2680 γὰρ
1700 2612 1835 2665 Θεοῦ

257 2682 595 2754 σοφώτεροςς
624 2688 756 2757 ἢξτίς
784 2692 1164 2758 μετελεύσεται
1188 2697 1309 2751 νοῦν
1328 2700 1532 2768 Κυρίου
1557 2703 1651 2754 καὶ
1677 2720 1838 2768 μετα-

261 2772 449 2840 μείψει
488 2775 558 2826 τὰ
593 2778 786 2830 τούτου
813 2780 1077 2848 κρίματα,
1112 2785 1404 2854 ὑφελέσθαι
1441 2790 1472 2859 ἢ
1519 2794 1837 2860 προσθεῖναι

253 2861 466 2924 τούτοις
495 2864 882 2936 δεδυνημένοςς
915 2875 1192 2945 Σφαλεραὶ
1230 2879 1330 2945 μὲν
1359 2881 1468 2950 γὰρ
1500 2883 1556 2934 αἱ
1587 2885 1695 2936 τῶν
1740 2888 1835 2938 ἀν-

255 2949 494 3020 θρώπων
516 2956 772 3017 ἐπίνοιαι.
806 2962 837 3028 ἡ
871 2961 926 3014 δὲ
957 2964 1051 3016 τοῦ
1089 2967 1298 3035 Κυρίου
1327 2969 1489 3040 βουλὴ
1521 2975 1838 3043 ἁνεπιποίη-

259 3044 351 3105 τός
382 3061 442 3098 τε
478 3050 569 3099 καὶ
593 3051 1009 3117 ἀμετάπτωτος.
1057 3057 1144 3111 Ἐν
1175 3059 1390 3124 πολλοῖς
1421 3062 1465 3114 δ’
1495 3064 1642 3128 ὅσοις
1673 3067 1834 3136 εὐχά-

258 3151 442 3203 ριστος
467 3138 608 3207 ἔχων
631 3141 944 3198 δείκνυσθαι
976 3148 1051 3217 τῷ
1074 3151 1140 3201 τὰ
1169 3155 1290 3204 κατ’
1325 3154 1348 3203 ὲ
1359 3154 1425 3222 μὲ
1449 3157 1835 3226 συμφερόντως

255 3225 700 3299 οἰκονομήσαντι,
749 3234 785 3288 ἃ
841 3238 934 3289 καὶ
983 3240 1216 3310 ἀριθμὸν
1264 3225 1648 3314 ὑπερπέπαικε
1697 3246 1904 3318 σύμ-Ο

258 3337 464 3382 παντα,
495 3323 572 3391 τῷ
594 3325 730 3387 τέως
746 3328 1281 3402 ἀνθομολογούμενος
1311 3337 1399 3403 ἐφ’
1423 3333 1504 3399 οἷς
1531 3341 1833 3408 ὲμεγὲιλυνε

256 3410 350 3463 τοῦ
384 3413 612 3482 ποιῆσαι
649 3418 768 3483 μεθ’
821 3421 977 3488 ἡμῶν
1035 3423 1183 3484 ἔλεος
1224 3427 1309 3478 ἐπ’
1357 3429 1656 3498 ἀκροαταῖς
1701 3433 1830 3500 ὑμῖν

258 3502 356 3554 καὶ
383 3504 492 3556 τὼν
526 3505 834 3576 λεγομένων
867 3512 1118 3581 είδήμοπι
1141 3517 1266 3570 τάδε
1297 3521 1462 3588 φημί.
1507 3521 1600 3574 Ἐκ
1627 3524 1833 3592 πατρὸς

258 3593 523 3662 βασιλέως
554 3596 710 3664 ἔφυν,
743 3600 918 3671 ἀρχῆς
965 3608 1273 3675 γεγένημαι
1301 3611 1397 3678 τῆς
1421 3612 1631 3666 ἐκείνου
1659 3613 1831 3665 διάδο-

257 3702 375 3753 χος,
407 3687 560 3739 οὐδὲν
595 3690 957 3762 ἀπεδαλόμην
995 3688 1068 3746 ὧν
1099 3700 1178 3758 εἰς
1219 3702 1411 3770 χεῖράς
1469 3721 1559 3772 μοι
1592 3706 1832 3774 παραδέ-

256 3776 454 3831 δωκεν.
491 3779 552 3831 Εί
583 3781 639 3833 δὲ
664 3785 786 3834 κατ’
842 3785 1163 3855 εὐγνώμονα
1199 3793 1292 3843 καὶ
1332 3795 1514 3845 πιστὸν
1549 3796 1830 3867 ὑπηρέτην

257 3869 746 3942 ἐπεξειργασάμην
793 3878 852 3927 τὸ
883 3877 1359 3950 παρασχεθένμοι
1395 3883 1578 3938 θεόθεν
1607 3892 1703 3957 τῆς
1730 3889 1830 3960 βαι

258 3961 465 4016 σιλείας
497 3964 784 4030 τάλαντον,
810 3969 990 4033 ἄλλοις
1025 3978 1248 4025 σκοπεῖν
1274 3977 1366 4028 καὶ
1392 3977 1571 4045 λέγειν
1602 3981 1826 4052 ἀφίημι·

256 4053 352 4104 καὶ
374 4053 537 4116 αὑτὸς
565 4055 623 4108 δὲ
645 4057 962 4130 ἀνεπαχθῶς
979 4062 1348 4133 διηγησαίμην
1369 4069 1454 4134 ἂν,
1474 4071 1572 4121 οὑκ
1603 4073 1830 4141 ἐναϐρυ-

254 4141 505 4209 νόμενος,
550 4146 685 4199 ἀλλά
712 4149 779 4199 τὰ
810 4151 939 4219 περὶ
971 4153 1071 4220 ἐμὲ
1116 4155 1397 4224 θαυμάσια
1437 4159 1530 4212 τοῦ
1585 4162 1720 4215 Θεοῦ
1753 4166 1828 4217 δι-

252 4232 576 4300 ηγούμενος.
613 4238 758 4301 Ἕως
793 4257 857 4309 με
907 4246 1000 4296 καὶ
1046 4245 1226 4317 δυσμὴ
1265 4251 1568 4320 μαχόμενον
1613 4255 1825 4326 ἔϐλεψε,

251 4322 318 4372 τὰ
347 4325 484 4392 πρὸς
531 4326 698 4396 ἄμφω
745 4331 843 4394 τὰς
890 4333 1154 4404 ἠπείρους
1199 4341 1311 4409 (57)
1364 4343 1493 4412 έθνη
1542 4322 1824 4417 μετῆλθον.

265 4412 453 4482 Ὀλίγα
485 4422 600 4481 τοῖς
643 4423 966 4495 ἀνακτόροις
1037 4432 1395 4500 προσέμεινα·
1425 4440 1452 4491 ὁ
1479 4412 1593 4508 βίος
1639 4412 1827 4513 σχεδὸν

254 4521 347 4573 μοι
380 4507 526 4570 ἄπας
581 4512 674 4562 ἐπὶ
727 4519 955 4585 σκηνῆς,
1016 4524 1112 4578 καὶ
1155 4523 1217 4575 τὸ
1257 4507 1560 4596 αίθριάζειν
1597 4507 1702 4586 ἀεί*
1735 4553 1824 4604 μοι

250 4601 746 4665 περιεσποὺδαστο.
781 4605 845 4660 Ἦ
884 4613 952 4679 γῆ
977 4612 1117 4682 αὕτη
1150 4617 1247 4683 ἐφ’
1276 4613 1341 4687 ἦς
1380 4620 1474 4672 νῦν
1527 4601 1828 4695 στρατοπε-

248 4690 541 4759 δευόμεθα,
582 4695 664 4757 δίς
717 4715 782 4766 με
817 4701 916 4771 ἥδη
950 4707 1290 4777 προσέϐλεψε
1315 4728 1328 4741 ·
1366 4714 1457 4765 καὶ
1495 4716 1561 4786 ἢν
1598 4690 1830 4790 -μακρὸς

245 4782 305 4847 ἐξ
332 4779 392 4836 οὗ
422 4786 609 4853 χρόνος
627 4788 926 4860 ὀφθαλμοῖς
954 4797 1052 4848 οὑκ
1077 4795 1218 4853 εἶδον
1252 4779 1527 4872 στρατιὰν,
1541 4779 1830 4880 Ῥωμαίων

248 4873 457 4940 Πέρσαι
494 4880 586 4929 καὶ
622 4881 886 4951 Ἀραϐες.
916 4888 1123 4960 ταύτην
1157 4891 1387 4962 ἔτρεσαν
1417 4898 1541 4968 ἄρτι
1573 4873 1664 4970 ὲφξ
1695 4906 1827 4972 ἠγε-

249 4966 372 5030 μόνι
437 4966 556 5037 Θεῷ
580 4972 675 5023 καὶ
720 4974 1119 5050 ὑποστρατήγῳ
1162 4981 1244 5053 [Ρ.
1279 4985 1368 5059 29]
1400 4966 1543 5058 ἐμω,
1582 4966 1674 5048 καὶ
1693 4966 1824 5050 πολ·

245 5053 356 5105 λῶν
383 5058 591 5110 πολεων
637 5062 771 5130 ἡμῖν
804 5065 1204 5139 ὑπεξέστησαν,
1237 5069 1312 5127 ὧν
1350 5053 1614 5152 ’έςδεὺρο
1646 5087 1823 5156 κύριοι

245 5143 694 5215 καθεστήκαμεν,
721 5153 776 5205 αἲ
805 5156 898 5207 καὶ
929 5157 1065 5221 ζῶσι
1086 5164 1226 5216 κατὰ
1249 5165 1320 5218 τὰ
1356 5170 1514 5238 ἡμῶν
1545 5179 1826 5245 προστάγ-

248 5252 419 5300 ματα.
454 5240 560 5292 Καὶ
583 5241 697 5311 δοίη
729 5245 929 5316 Κύριος
982 5253 1009 5303 ὁ
1049 5253 1182 5317 Θεὸς
1205 5259 1331 5325 ἐμοὶ
1364 5263 1462 5328 μὲν
1497 5240 1820 5340 ὑπερμογη-

247 5343 404 5380 σαντι
434 5332 530 5384 τοῦ
556 5335 667 5388 τῶν
690 5337 1038 5407 Χριστιανῶν
1074 5347 1446 5419 πληρώματος
1474 5332 1676 5428 κλῆρον
1707 5332 1823 5418 ἐκεῖ

246 5420 343 5471 καὶ
369 5421 565 5491 μερίδα
593 5425 786 5493 ἀΐδιον,
823 5431 889 5500 ἢν
923 5434 973 5485 oi
1011 5439 1206 5504 πραεῖς
1224 5441 1319 5494 καὶ
1353 5420 1639 5515 εὐάρεστοι
1669 5451 1734 5503 αὑ

1946 1981 2132 2037 hostes
2167 1987 2260 2052 qui
2298 1985 2350 2038 in
2376 1988 2613 2042 circuitu
2645 2001 2777 2045 sunt
2805 1993 2932 2047 belli
2957 1994 3084 2062 jure
3120 1996 3526 2065 dggressurum,

1943 2074 2036 2143 qui
2073 2084 2130 2128 ut
2153 2077 2280 2128 olim
2308 2093 2488 2132 arcam
2517 2079 2768 2146 Barbari,
2807 2084 2886 2138 sic
2911 2085 3014 2154 ipsi
3038 2087 3279 2142 loculum
3312 2089 3526 2142 Domini

1941 2180 2084 2234 saepe
2109 2168 2220 2236 jam
2259 2170 2426 2224 armis
2452 2184 2817 2242 occuparunt.
2851 2175 2988 2243 Quia
3012 2193 3146 2234 vero
3193 2181 3530 2247 exspectatio

1943 2272 2063 2311 mea
2084 2273 2169 2312 me
2201 2258 2457 2316 frustrata
2483 2274 2562 2318 est
2608 2266 2752 2334 (qua
2799 2266 2867 2322 de
2916 2284 3081 2324 causa
3121 2270 3270 2325 Deus
3316 2272 3527 2342 novit).

1945 2348 2204 2404 resistere
2247 2353 2474 2407 omnino
2507 2355 2652 2409 haud
2706 2357 2854 2420 licet.
2885 2375 2986 2415 nec
3041 2361 3107 2416 iis
3152 2378 3275 2432 qua
3325 2379 3509 2418 coram

1942 2451 2250 2496 cernuntur
2302 2444 2583 2515 refragari.
2629 2447 2764 2514 Quis
2811 2450 2958 2504 enim
3015 2461 3096 2506 est
3156 2455 3274 2509 Deo
3315 2456 3533 2525 sapien-

1944 2535 2091 2587 tior?
2120 2546 2213 2590 aut
2252 2540 2376 2606 quis
2411 2540 2627 2593 Domini
2660 2543 2903 2597 animum
2937 2547 3265 2615 explorabit,
3299 2549 3529 2618 ejusque

1937 2625 2143 2696 judicia
2173 2630 2256 2683 vel
2299 2631 2554 2686 addendo
2583 2635 2669 2689 vel
2699 2636 3044 2692 detrahendo
3092 2639 3362 2694 mutabit?
3391 2641 3526 2696 Nam

1941 2717 2347 2790 hominum57
2375 2725 2598 2791 quidem
2659 2727 3021 2797 cogitationes
3095 2730 3324 2788 lubricas
3374 2741 3523 2796 sunt,

1941 2807 2032 2861 Dei
2063 2824 2190 2863 vero
2223 2813 2515 2867 consilium
2549 2831 2657 2870 non
2681 2827 2765 2873 est
2826 2821 3045 2875 irritum
3085 2838 3186 2879 nec
3241 2826 3527 2881 mutabile.

1938 2899 2074 2953 Cum
2105 2910 2288 2956 autem
2321 2907 2488 2960 multa
2514 2910 2622 2962 siut
2651 2909 2919 2966 divinitus
2946 2913 2999 2966 in
3030 2930 3117 2969 me
3146 2916 3340 2970 collata
3360 2917 3529 2974 bene-

1942 2990 2068 3044 ﬁcia
2105 3009 2167 3047 ac
2191 3011 2424 3050 numero
2458 3014 2597 3066 pene
2647 3003 2801 3056 nullo
2849 3007 3243 3074 comprehendi
3301 3020 3525 3078 queant,

1939 3085 2297 3140 audientibus
2327 3091 2504 3153 vobis,
2532 3092 2837 3164 iisdemque
2863 3098 3118 3164 testibus,
3137 3101 3377 3158 divinan.
3397 3118 3524 3174 erga

1941 3191 2027 3229 me
2058 3177 2475 3234 beneﬁcentiam
2510 3194 2660 3252 grata
2703 3203 2832 3242 voce
2868 3190 3198 3257 pr:cdicabo.
3231 3195 3388 3249 Patre
3421 3195 3525 3249 im-

1939 3277 2186 3336 peratore
2231 3279 2388 3326 natus
2418 3289 2557 3340 sum,
2596 3277 2668 3328 illi
2701 3279 2752 3331 in
2788 3282 3019 3350 imperio
3049 3287 3288 3340 successi
3320 3304 3332 3349 ;
3382 3289 3520 3343 nihil

1937 3373 2128 3410 eorum
2185 3375 2306 3429 qua:
2347 3378 2660 3432 acceperam
2688 3369 2862 3424 amisi.
2916 3373 2995 3426 An
3056 3392 3188 3429 vero
3236 3380 3522 3446 prudentis

1940 3457 1996 3502 et
2032 3449 2206 3504 ﬁdelis
2228 3454 2466 3509 ministri
2521 3456 2694 3512 instar
2737 3462 2998 3519 talentum
3061 3470 3211 3538 regni
3258 3471 3523 3528 divinitus

1939 3541 2074 3594 mihi
2133 3542 2408 3597 creditum
2460 3550 2728 3612 auxerim,
2773 3551 2892 3606 aliis
2953 3557 3412 3614 considerandum
3465 3575 3519 3615 et

1940 3634 2483 3689 commemorandum
2520 3639 2788 3709 relinquo,
2820 3647 3071 3712 quamvis
3105 3656 3159 3700 et
3221 3650 3334 3717 ipse
3382 3652 3517 3708 citra

1935 3724 2238 3776 molestiam
2256 3742 2318 3780 ea
2339 3729 2637 3795 praedicare
2659 3749 2876 3801 queam.
2904 3738 3161 3808 nullaque
3190 3756 3315 3795 cum
3332 3753 3519 3800 osten-

1933 3814 2271 3879 tatione,sed
2304 3818 2696 3889 miraculorum
2727 3825 2819 3880 Dei
2876 3829 3264 3886 celebratione.
3317 3833 3516 3892 Oriens

1931 3913 1980 3958 et
2011 3904 2250 3961 Occasus
2307 3912 2446 3964 bella
2503 3929 2587 3967 tne
2646 3925 2924 3985 gerentem
2987 3921 3278 3992 viderunt;
3325 3937 3514 3997 gentes

1930 4010 2049 4062 qua:
2081 3997 2133 4049 in
2159 4006 2387 4068 utraque
2426 4005 2740 4060 continente
2771 4009 3035 4076 habitant,
3061 4029 3178 4068 sum
3207 4031 3511 4087 aggressus.

1932 4088 2127 4142 Parum
2159 4091 2212 4144 in
2231 4093 2428 4160 palatio
2468 4100 2664 4158 mansi,
2704 4101 2868 4156 vitam
2905 4121 3042 4170 pene
3079 4108 3134 4161 in
3189 4110 3515 4168 tabernacu-

1929 4176 1996 4229 lis
2023 4180 2208 4248 exegi;
2250 4197 2466 4253 semper
2497 4189 2671 4243 utsub
2707 4192 2799 4246 dio
2829 4209 3068 4265 agerem,
3103 4214 3322 4269 operam
3361 4204 3509 4260 dedi.

1932 4267 2115 4323 Tellus
2152 4271 2360 4333 haec,in
2403 4293 2510 4346 qua
2559 4290 2737 4337 castra
2791 4285 3087 4364 habemus,
3131 4267 3214 4347 bis
3259 4311 3345 4350 me
3401 4297 3511 4364 jam

1931 4362 2159 4427 aspexit.
2217 4363 2446 4420 Multum
2530 4377 2793 4443 temporis
2851 4362 3238 4438 intercesserat
3288 4400 3352 4440 ex
3404 4404 3515 4457 quo

1931 4447 2107 4503 Persa!
2137 4465 2192 4506 et
2221 4456 2430 4512 Arabes
2498 4461 2806 4520 Romanum
2865 4474 3165 4528 exercitum
3218 4492 3326 4532 non
3361 4478 3514 4534 video

1861 4581 1905 4640 ο
1932 4553 2089 4597 rant:
2133 4546 2278 4601 hunc
2297 4548 2662 4610 formidnrunt
2686 4559 2792 4614 Deo
2813 4562 2953 4617 duce
2983 4581 3178 4634 meque
3235 4571 3512 4636 ministro,

1933 4632 2200 4704 nobisque
2240 4639 2428 4695 multis
2494 4645 2724 4700 urbibus
2772 4632 3099 4714 cesserunts
3132 4672 3270 4725 quas
3334 4659 3515 4717 adhuc

1930 4725 2243 4782 obtinemus
2274 4747 2507 4800 quaeque
2538 4739 2746 4794 nostris
2802 4743 3085 4813 imperatis
3113 4759 3325 4814 parent.
3359 4752 3514 4807 Faxit

1929 4817 2074 4873 Deus
2102 4831 2159 4874 ut
2194 4838 2316 4892 ego,
2352 4827 2444 4894 qui
2483 4844 2581 4897 pro
2616 4831 2938 4891 Christiano
2972 4842 3174 4908 populo
3208 4858 3360 4898 arma
3397 4847 3512 4900 cir-

1928 4913 2176 4975 cumtuli,
2207 4914 2314 4970 illic
2334 4928 2599 4974 aeternam
2626 4924 3002 4983 hmreditatem
3030 4933 3324 5002 adipiscar.
3343 4954 3508 5007 quam

1929 5003 2198 5056 mansueti
2253 5010 2575 5079 acceptique
2643 5014 2752 5068 Deo
2796 5031 3240 5090 consequentur;
3314 5033 3511 5083 vestris

1932 5107 2063 5147 vero
2089 5094 2197 5164 58
2251 5103 2504 5156 manibus
2559 5104 2729 5157 robur
2758 5116 2813 5160 et
2868 5110 3014 5165 vires
3072 5115 3237 5169 addat
3305 5131 3496 5176 contra

1929 5187 2161 5252 populos
2182 5189 2273 5256 qui
2295 5191 2450 5245 bellis
2470 5195 2710 5259 student,
2741 5201 2946 5270 quique
2978 5219 3387 5262 sacrosanctum
3411 5211 3504 5266 Dei

1930 5278 2102 5330 nostri
2137 5294 2334 5334 nomen
2376 5285 2777 5342 noninvocant.
2820 5290 2876 5343 Id
2927 5306 3108 5348 autem
3162 5299 3270 5361 liet,
3330 5300 3374 5354 si
3412 5317 3508 5357 vos

1930 5382 2218 5423 successus
2246 5375 2494 5429 adcxtra
2528 5377 2792 5432 Altissitni
2856 5391 2909 5435 et
2938 5387 3154 5439 excelso
3197 5389 3319 5457 ejus
3375 5391 3503 5446 bra-

1741 5453 1821 5519 τῷ
1922 5462 2055 5514 chio
2117 5465 2358 5532 pendere
2412 5473 2741 5536 statur-ritis,
2774 5481 2829 5528 ct
2881 5475 2990 5530 dux
3030 5479 3188 5535 vobis
3219 5483 3498 5540 divinitus

1520 5615 1671 5676 Hier
1743 5619 1945 5681 Wolﬁi
1991 5631 2179 5686 noue.

320 5749 429 5822 {‘57)
467 5751 574 5816 Τὰς
597 5754 906 5822 ἠπείρους.

243 5819 483 5890 ἑκάτερα
526 5822 623 5892 τῆς
653 5819 905 5895 ἠπείρου.

940 5758 1120 5816 Asiam
1161 5772 1213 5820 et
1282 5765 1558 5841 EurOpam
1617 5771 1888 5848 intelligo.
1927 5775 2155 5851 Legitur
2191 5793 2247 5839 et
2276 5788 2416 5854 apud
2451 5787 2749 5846 lsocratem
2781 5791 2951 5848 semel
2982 5800 3145 5863 atque
3184 5794 3492 5868 iterum-i1
