4284 6376
748 370 852 435 571

1983 382 2278 440 NICETIS
2319 381 2724 441 CUONIATJL'

3606 140 3615 143 -
3647 138 4043 149 .--Μ’-..ν-
4080 142 4117 151 ﬂ,
4136 144 4159 147 j

3874 384 3978 447 3"."2

744 484 1031 555 rontigerit
1053 501 1161 540 non
1191 487 1533 542 truculentus
1565 502 1775 559 suoque
1835 505 1943 545 non
1979 494 2318 561 respondens
2346 491 2393 549 Δ
2420 490 2436 542 ἐ

2290 504 2318 542 s
2346 491 2393 549 Α
2420 490 2815 561 ἀπολήψονται·
2873 491 3026 560 ὑμῶν
3057 493 3103 549 δ’
3145 492 3224 547 ἔτι
3271 491 3607 561 κραταιὼσαι
3659 492 3756 556 τὰς
3792 495 3980 564 χεῖρας

742 578 971 643 nomini,
1005 588 1100 633 aut
1130 580 1389 648 perplexo
1428 581 1665 651 ingenio,
1713 590 1770 637 et
1809 584 2013 638 ventris
2052 598 2118 637 ac
2166 581 2304 653 gulae

742 669 1096 737 mancipium,
1132 670 1280 739 quia
1305 672 1507 740 palatio
1541 689 1650 727 non
1677 676 1849 745 magis
1866 689 2024 743 quam
2048 674 2306 744 penicillo

741 768 791 810 et
822 759 1100 814 coloribus
1118 775 1387 831 expressa:
1424 763 1692 834 imagines
1739 766 2010 819 avellitur.
2058 764 2193 820 Nam
2247 772 2307 818 ut

741 849 1005 918 principis
1040 867 1218 906 mores
1241 862 1391 916 sunt,
1433 853 1505 908 ita
1532 870 1618 909 res
1667 856 1779 910 fere
1824 856 2301 919 administrantur,

741 950 927 1006 utpote
951 958 1109 1011 aquo
1139 944 1442 1010 pendeant:
1474 946 1569 1015 qui
1601 947 1644 1000 si
1674 948 1902 1015 ignavus
1922 948 2014 1010 sit,
2036 957 2208 1002 ruunt
2247 948 2304 1001 in

738 1030 803 1083 (iu
832 1039 999 1091 eritis.
1023 1035 1103 1088 sin
1137 1036 1312 1089 bonus
1332 1045 1418 1090 est
1441 1047 1495 1091 et
1524 1046 1798 1102 strenuus,
1822 1040 2111 1107 eriguntur
2139 1047 2195 1093 et
2211 1038 2308 1093 ﬂo—

742 1133 878 1176 rent.
907 1126 1115 1194 Quippe
1138 1128 1295 1189 Deus,
1326 1129 1782 1193 Davideauetore,
1804 1133 1971 1184 bonos
1991 1139 2047 1184 et
2068 1132 2309 1200 integros

739 1220 1008 1285 prmehit,
1052 1221 1306 1275 dis-tortos
1330 1238 1457 1276 vero
1501 1238 1627 1276 cum
1662 1224 1866 1292 iniquis
1891 1222 1943 1276 in
1990 1223 2306 1278 barathrum

739 1311 1218 1377 pra‘cipitat.Cum
1249 1326 1430 1368 autem
1448 1315 1515 1369 de
1556 1330 1874 1369 successore
1920 1314 2137 1383 imperii
2192 1324 2311 1383 post

738 1402 947 1453 obitum
974 1418 1174 1466 meum,
1206 1406 1430 1475 quijatn
1485 1407 1649 1461 instat
1713 1406 2063 1471 inevitabilis,
2119 1408 2310 1462 dicen-

740 1492 869 1543 dum
893 1494 985 1556 sit,
1021 1510 1117 1549 vos
1144 1498 1450 1552 auscultare
1499 1513 1715 1568 aequum
1764 1507 1868 1555 est.
1905 1500 2202 1569 Imperium
2254 1508 2315 1554 ut

743 1585 1133 1650 patrimonium
1163 1588 1228 1642 ad
1263 1604 1348 1643 me
1390 1576 1806 1655 venissefdictu
1837 1604 1945 1645 non
2002 1592 2173 1661 magis
2212 1606 2315 1644 ne-

741 1681 1040 1730 cessarium
1068 1689 1151 1734 est
1179 1696 1341 1749 quant
1372 1682 1669 1743 lucernam,
1699 1682 1846 1752 quod
1873 1683 2046 1749 aiunt,
2073 1683 2126 1737 in
2152 1683 2313 1737 meri-

742 1770 831 1819 die
858 1769 1179 1823 accendere.
1225 1772 1359 1825 Cum
1393 1782 1576 1826 autem
1625 1789 1725 1829 vos
1784 1784 2072 1844 paternum
2122 1774 2313 1851 inme

2410 584 2507 636 καὶ
2545 583 2825 653 ὲνισχύσαι
2852 584 2994 637 κατὰ
3045 584 3155 637 τῶν
3193 584 3319 648 τοὺς
3368 585 3641 656 πολέμους
3688 584 3981 637 ἐθελόντων

2414 672 2610 737 ἐθνῶν,
2641 675 2737 727 καὶ
2783 673 2916 744 παρ’
2946 670 3027 736 οἷς
3075 674 3325 746 οὐδαμῶς
3350 654 3703 746 ἐπικέκληται
3728 674 3789 727 τδ
3823 673 3981 741 άγιον

2408 765 2503 817 καὶ
2557 764 2700 836 ὑπὲρ
2751 768 2861 820 πᾶν
2901 766 3072 837 ὄνομα
3129 767 3224 820 τοῦ
3249 767 3386 818 Θεοῦ
3434 766 3614 837 ἡμῶν,
3658 766 3892 817 Ἐσεῖται
3921 764 3981 817 δὲ

2407 856 2597 921 ταῦτα,
2671 861 2722 911 εί
2796 858 2894 912 καὶ
2963 858 3120 929 ὑμεῖς
3191 859 3291 929 τῆς
3338 858 3517 925 δεξιᾶς
3580 855 3675 911 τοῦ
3725 857 3979 926 Ὑψίστου

2410 953 2505 1003 καὶ
2581 950 2673 1001 τοῦ
2729 950 2935 1021 ὑψηλοῦ
3004 951 3287 1023 βραχίονος
3344 951 3606 1020 ἑξαρτᾶτε
3663 948 3723 1002 τδ
3777 965 3981 1017 κατορ-

2411 1043 2693 1111 θούμενον,
2772 1046 2869 1098 καὶ
2903 1044 3129 1115 ἡγεμὼν
3197 1046 3326 1114 ὑμῖν
3410 1042 3594 1099 θεόθεν
3667 1040 3978 1109 δοθήσεται,

2415 1136 2489 1204 μὴ
2534 1135 2835 1207 δημοϐόρος
2867 1154 2950 1201 τις
2992 1138 3086 1190 καὶ
3112 1138 3211 1208 τὴν
3240 1136 3432 1205 κλῆσιν
3453 1134 3781 1203 ψευδόμενος
3834 1132 3868 1203 ἢ
3919 1132 3979 1184 τὸ

2411 1223 2541 1298 ἦθος
2603 1228 2892 1298 ἀνώμαλος
2942 1230 3035 1282 καὶ
3085 1230 3213 1297 περὶ
3264 1227 3546 1298 τράπεζαν
3591 1224 3843 1292 κεκυφὼς
3887 1223 3982 1275 καὶ

2413 1320 2552 1389 δχῶν
2579 1320 2668 1372 ἀεὶ
2696 1322 2807 1382 τοῖς
2825 1319 3107 1383 δακτύλοις
3134 1320 3225 1373 τδν
3254 1320 3457 1372 κύαθον
3492 1306 3584 1372 καὶ
3606 1318 3717 1369 τῶν
3753 1315 3985 1368 ἀνακτόο

2418 1429 2525 1481 ρων
2580 1410 2849 1480 μηδαμῶς
2890 1409 3311 1480 ἀποσπώμενος,
3363 1410 3466 1463 ὅσα
3516 1408 3610 1461 καὶ
3662 1408 3713 1459 oi
3761 1408 3819 1459 ὲν
3869 1408 3983 1469 τοῖς

2415 1500 2616 1570 τοίχοις
2647 1500 2735 1555 διὰ
2770 1501 3022 1570 ψηφίδων
3068 1502 3159 1555 καὶ
3209 1501 3518 1572 χρωμάτων
3562 1497 3984 1567 είκονιζὸμενοι,

2417 1595 2499 1647 ὅτι
2545 1594 2637 1646 καὶ
2672 1594 2820 1661 φιλεῖ
2863 1609 2980 1655 πως
3015 1595 3082 1663 τῇ
3144 1592 3287 1646 κατὰ
3333 1591 3427 1645 τὸν
3474 1590 3714 1661 ἄρχοντα
3744 1588 3986 1642 διαθέσει

2421 1686 2857 1739 συνδιατίθεσθαι
2878 1685 2948 1738 τὰ
2999 1686 3175 1738 πάντα
3201 1684 3297 1738 καὶ
3320 1683 3586 1737 ἔπεσθαι·
3628 1684 3726 1735 ἅτε
3765 1680 3874 1748 γὰρ
3919 1679 3986 1731 δι’

2422 1778 2585 1832 αὐτὸν
2640 1777 2879 1849 ἀρχῆθεν
2930 1776 3223 1846 γενόμενα,
3281 1773 3653 1845 κακυνομένου
3699 1772 3799 1842 μὲν
3833 1770 3989 1823 τοῦδε

743 1857 1063 1926 suffragium
1146 1866 1481 1931 approbasse
1534 1877 1589 1919 et
1642 1870 1695 1920 in
1728 1868 1868 1921 ﬁlios
1923 1882 2076 1923 meos
2123 1867 2316 1923 eodem
2346 1837 2435 1922 B:

2296 1882 2316 1919 rt
2346 1837 2394 1896 Β
2425 1870 2517 1922 καὶ
2565 1837 3182 1937 αύταημεταὸάλλεται,
3208 1837 3217 1843 ν
3249 1837 3659 1937 ἀγαθυνομένου
3700 1837 3767 1917 -δὲ
3826 1862 3988 1915 πάλιν

746 1949 969 2005 :il‘ectos
1002 1968 1120 2007 isse
1149 1955 1310 2008 modo
1378 1956 1611 2020 videam,
1652 1968 1709 2011 et
1756 1959 1847 2011 uni
1905 1974 1971 2013 ex
2015 1959 2151 2013 meis
2192 1959 2320 2014 ﬁliis

747 2043 1014 2110 (quorum
1046 2044 1349 2101 duoadbuc
1410 2049 1731 2117 superstites
1788 2058 1936 2115 sunt,
1992 2051 2227 2106 lsaacius
2264 2058 2320 2105 et

746 2132 996 2204 Maaucl)
1032 2135 1143 2207 59
1196 2138 1578 2209 obtemperare
1625 2143 1787 2206 velle,
1814 2158 1991 2213 neque
2044 2144 2317 2199 delectum

748 2221 895 2292 ipsus
916 2242 1200 2297 usurpare,
1221 2230 1315 2283 sed
1344 2246 1477 2285 mea:
1524 2249 1769 2288 censurae
1790 2236 2127 2303 permittere,
2158 2236 2316 2305 equi-

748 2315 872 2371 dem
908 2316 1083 2374 fateor
1122 2330 1371 2375 naturam
1428 2323 1793 2392 principatum
1849 2337 1977 2379 natu
2020 2326 2319 2395 majoribus

749 2407 964 2464 deferre
994 2411 1170 2465 solere
1201 2428 1215 2477 ;
1247 2413 1416 2467 Deum
1446 2430 1576 2468 vero
1602 2416 1657 2468 in
1698 2416 2050 2484 designandis
2099 2417 2319 2487 regibus

748 2502 906 2556 aliam
937 2505 1202 2561 rationem
1228 2506 1549 2577 plerumque
1594 2510 1745 2577 sequi
1793 2510 2187 2566 animadverto.
2216 2514 2319 2570 Co-

749 2594 915 2662 gitate
948 2596 1189 2650 lsaacum
1237 2607 1367 2652 natu
1431 2601 1695 2654 minorem
1756 2600 2003 2665 lsmaele,
2052 2604 2316 2661 Jacobum

754 2697 876 2755 post
907 2688 1106 2743 Esaum
1138 2702 1385 2744 materno
1413 2701 1568 2747 utero
1591 2693 1883 2758 exsiliisse,
1920 2693 2122 2748 Mosem
2146 2699 2320 2752 Aaro-

752 2795 820 2833 ne
852 2780 1150 2850 juniorem,
1186 2783 1445 2837 Davidem
1469 2794 1525 2837 et
1575 2796 1783 2839 statura
1846 2799 1901 2839 et
1944 2796 2104 2843 aetate
2153 2790 2318 2843 mini-

754 2886 901 2923 mum
935 2872 1100 2927 fuisse
1147 2874 1287 2927 inter
1307 2874 1523 2936 fratres.
1577 2877 1821 2946 aliosque
1866 2879 2165 2947 plurimos;
2218 2897 2319 2938 nec

753 2964 898 3017 enim
925 2964 1068 3018 Deus
1098 2965 1335 3020 humano
1374 2983 1522 3022 more
1553 2985 1797 3037 persona:
1828 2972 2094 3027 rationem
2130 2975 2315 3039 habet,

754 3070 855 3109 nec
880 3056 1051 3124 pretia
1077 3073 1259 3111 rerum
1299 3059 1452 3113 canis
1477 3071 1529 3114 ct
1560 3071 1719 3116 tetate
1749 3064 1995 3131 metitur,
2021 3065 2117 3120 sed
2154 3068 2317 3120 indo-

2439 1961 2575 2029 πρὸς
2611 1960 2709 2029 τὴν
2757 1960 3012 2014 ἐναντίαν
3058 1959 3230 2031 φορὰν
3284 1958 3591 2024 ἐπανίασιν,
3622 1956 3698 2015 ὡς
3730 1952 3825 2007 τοῦ
3851 1952 3989 2006 Θεοῦ

2422 2053 2563 2105 κατὰ
2597 2054 2685 2106 τὸν
2715 2053 2880 2105 Δαὸὶδ
2910 2055 3022 2116 τοῖς
3053 2052 3283 2121 ἀγαθοῖς
3320 2051 3415 2103 καὶ
3443 2048 3657 2103 εύθέσιν
3686 2044 3987 2114 ἀγαθύνον-

2418 2162 2530 2209 τος,
2563 2145 2691 2207 τοὺς
2730 2144 2788 2197 δὲ
2828 2144 3179 2207 ὲκκλίνοντας
3209 2144 3290 2206 είς
3321 2141 3418 2205 τὰς
3449 2137 3823 2211 στραγγαλιὰς
3849 2133 3989 2201 μετὰ

2420 2238 2528 2291 τῶν
2579 2235 2968 2307 ἐργαζομένων
3014 2236 3113 2305 τὴν
3145 2234 3414 2305 πονηρίαν
3457 2233 3784 2298 ἀπάγοντος.
3832 2226 3991 2280 Ἐπεὶ

2419 2332 2476 2384 δὲ
2510 2329 2607 2383 καὶ
2656 2330 2783 2399 περὶ
2831 2328 2924 2381 τοῦ
2954 2326 3337 2395 διαδεξομένου
3374 2341 3463 2395 μοι
3493 2325 3595 2391 τὴν
3627 2319 3801 2390 ἀρχὴν
3848 2318 3987 2386 μετὰ

2421 2424 2519 2492 τὴν
2543 2422 2681 2492 ἐμὴν
2706 2421 2984 2482 ὲκόίωσιν,
3003 2420 3125 2487 ἥτις
3152 2417 3216 2487 δὴ
3264 2416 3360 2469 καὶ
3420 2414 3720 2483 ἐφέστηκεν
3746 2410 3846 2480 ἢδη
3896 2411 3990 2461 άν-

2422 2511 2815 2578 υπεξάλυκτος,
2850 2512 3025 2563 εἰπεῖν
3043 2527 3094 2562 τι
3125 2507 3459 2579 προάγομαι,
3486 2502 3665 2575 χρεὼν
3701 2504 3814 2563 τοῖς
3848 2502 3991 2570 εἰρη-

2424 2604 2606 2673 μένοις
2632 2604 2948 2673 προσσχεῖν.
2982 2601 3107 2654 Ὀτι
3138 2599 3239 2668 μὲν
3262 2598 3371 2667 γὰρ
3392 2596 3467 2659 ὡς
3498 2593 3757 2665 πατρῷος
3788 2590 3992 2661 κλῆρος

2420 2697 2497 2750 ei;
2528 2696 2627 2764 ἐμὲ
2662 2695 2723 2746 τὸ
2758 2692 3065 2763 βασιλεύειν
3119 2688 3615 2757 ιπικατασέόηκεν,
3684 2684 3745 2738 ού
3794 2684 3992 2750 δέομαι

2422 2788 2625 2854 λέγειν,
2656 2787 2733 2849 ὡς
2767 2786 2889 2838 ούδέ
2920 2801 3005 2847 τις
3059 2783 3260 2853 ἔτερος·
3301 2780 3602 2851 λαμπτῆρα
3642 2778 3743 2847 τῆς
3778 2775 3994 2845 ἡμέρας

2420 2879 2739 2946 ἀπο-φαίνειν
2766 2877 2857 2929 τὸν
2883 2876 3035 2946 ἥλιον
3064 2880 3077 2893 ⁸
3123 2874 3267 2944 ὁρῶν
3313 2873 3371 2926 δὲ
3404 2871 3505 2940 τὴν
3534 2869 3621 2924 ἐπ’
3670 2869 3794 2937 ἐμοὶ
3817 2883 3991 2936 τηρη-

2423 2944 2607 3023 θεῖσαν
2637 2968 2770 3039 πρὸς
2798 2944 3000 3034 πατρὸς
3033 2965 3186 3030 τάξιν
3216 2966 3354 3020 κάπὶ
3401 2966 3530 3027 τοὺς
3562 2962 3620 3028 ἐξ
3648 2960 3849 3028 ὀσφύος
3889 2975 3990 3027 μου

2421 3061 2787 3132 προελθόντας
2834 3059 3089 3128 διαϐῆναι
3125 3057 3617 3129 προθυμουμένους
3665 3054 3829 3124 ὑμᾶς,
3894 3050 3992 3103 καὶ

753 3145 861 3199 lem
915 3148 1105 3212 animi,
1158 3152 1655 3218 mansuetudinem,
1720 3153 1999 3210 lenitatem
2054 3158 2316 3223 intuetur,
2347 3155 2445 3225 Ct:

2304 3201 2316 3223 ,
2347 3162 2390 3225 (ς
2425 3154 2515 3223 ὑφ’
2573 3153 2692 3217 ἑνὸς
2744 3151 2850 3205 τῶν
2880 3151 2959 3204 ἔτι
3015 3152 3321 3219 παριόντων
3350 3165 3440 3218 μοι
3491 3146 3570 3217 τῷ
3625 3144 3728 3216 βίῳ
3787 3142 3993 3195 παίδων

758 3238 1252 3308 mandatorumque
1279 3257 1503 3295 suorum
1527 3243 1987 3299 observationem.
2016 3246 2228 3313 Quibus
2257 3249 2325 3303 de

754 3329 938 3382 causis
961 3344 1060 3399 ego
1099 3347 1315 3401 qnuquc
1336 3337 1662 3403 eorruptrici
1691 3346 1899 3392 natura:
1928 3342 1981 3393 in
2014 3342 2198 3395 multis
2216 3358 2324 3397 non

758 3419 1056 3487 obsequor.
1077 3423 1170 3475 sed
1196 3425 1316 3491 ejus
1343 3425 1625 3489 institutis,
1650 3438 1705 3481 ut
1743 3431 1957 3497 pusillae
1991 3433 2325 3489 muliercula:

756 3512 1025 3573 consiliis,
1060 3512 1114 3566 in
1177 3514 1341 3568 rebus
1387 3518 1732 3585 gravioribus
1770 3522 2094 3589 repudiatis,
2154 3526 2322 3579 Deum

755 3603 941 3656 unmis
963 3619 1139 3672 pravae
1161 3606 1469 3663 aﬁ‘cctionis
1512 3621 1791 3679 expertem
1842 3625 2120 3671 auctorem
2169 3620 2322 3688 sequi

759 3692 924 3745 malo.
953 3694 1157 3759 Quodsi
1186 3697 1320 3752 citra
1348 3700 1510 3754 ullam
1564 3708 1995 3758 controversiam
2033 3709 2323 3777 imperium

765 3785 998 3850 lsaacio,
1063 3787 1173 3841 ﬁlio
1213 3801 1340 3844 natu
1423 3794 1725 3859 grandiori,
1778 3797 2101 3851 tradendum
2157 3812 2324 3867 esset,

765 3877 903 3929 nihil
940 3881 1122 3934 verbis
1144 3892 1288 3935 esset
1321 3898 1459 3952 opus
1485 3885 1551 3937 ad
1598 3884 1693 3938 ﬁlii
1719 3887 2007 3956 utriusque
2047 3890 2327 3947 declaran-

763 3968 890 4021 dum
924 3971 1229 4040 ingenium;
1262 3978 1355 4027 sed
1384 3990 1505 4029 cum
1535 3976 1600 4030 ad
1636 3988 1765 4031 natu
1818 3980 2082 4035 minorem
2105 3982 2325 4039 Manne-

760 4059 866 4117 letr.
902 4060 954 4114 id
986 4064 1227 4127 inclinet,
1262 4066 1328 4119 ad
1380 4068 1519 4136 vulgi
1564 4070 1734 4123 malas
1776 4073 2115 4141 suspiciones
2154 4076 2330 4131 decli-

760 4157 969 4211 nandas
997 4166 1049 4210 et
1084 4158 1395 4225 opinionem
1447 4173 1565 4211 eam
1604 4160 1934 4225 evitandam,
2005 4178 2073 4217 ne
2128 4165 2325 4221 aﬂectu

756 4248 939 4316 potius
970 4263 1131 4315 quant
1160 4249 1370 4318 judicio
1401 4249 1512 4318 60
1543 4250 1807 4305 minorem
1862 4255 2052 4323 majori
2101 4266 2328 4326 antepo-

758 4338 1140 4407 nam,a|iquid
1166 4338 1235 4393 de
1272 4342 1371 4391 bac
1408 4356 1465 4393 re
1517 4340 1625 4394 dici
1676 4358 1773 4410 par
1823 4353 1924 4405 est,
1973 4358 2136 4415 atque
2192 4348 2328 4403 adeo

758 4432 1147 4486 necessarium.
1176 4431 1547 4500 Cupiditatum
1578 4449 1683 4486 non
1732 4437 1902 4503 magis
1943 4452 2111 4490 unum
2156 4454 2328 4507 genus

2431 3246 2725 3315 (Ἰσαάκιος
2754 3238 2899 3298 οὗτοι
2919 3245 3016 3297 καὶ
3036 3242 3310 3311 Μανουὴλ)
3330 3238 3593 3310 ἄρχεσθαι
3616 3235 3992 3306 γλιχομένους,

2428 3338 2524 3391 καὶ
2575 3336 2695 3407 μηδ’
2746 3336 2914 3403 αὐτὴν
2949 3336 3046 3404 τὴν
3096 3333 3353 3402 ἐπιλογὴν
3402 3333 3640 3393 ἑαυτοῖς,
3691 3331 3754 3396 τῇ
3801 3326 3844 3377 δ’
3886 3326 3991 3394 ἐμῇ

2426 3429 2594 3498 ψήφῳ
2645 3426 3022 3488 ἁνλτιθέντας,
3075 3426 3217 3494 φημὶ
3276 3424 3340 3493 δὴ
3380 3423 3454 3486 ὠς
3483 3423 3514 3490 ή
3548 3420 3647 3489 μὲν
3679 3422 3840 3486 φύσις
3884 3420 3995 3475 τοῖς

2430 3520 2797 3591 πρωτοτόκοις
2830 3520 2990 3570 παισὶ
3023 3520 3090 3586 τῇ
3118 3517 3274 3582 τάξει
3300 3513 3621 3584 ἐμμένουσα
3648 3512 3715 3563 τὰ
3752 3510 3992 3577 πρωτεῖα

2432 3610 2914 3681 βραϐεύεινεῖωθε,
2941 3608 3090 3679 παρὰ
3115 3608 3173 3660 δὲ
3196 3606 3314 3675 Θεῷ
3342 3607 3438 3675 οὐχ
3466 3604 3637 3664 οὕτως
3658 3604 3713 3653 ἐν
3736 3601 3857 3660 ταῖς
3888 3598 3996 3648 τῶν

2429 3704 2785 3771 προῦλήσεων
2847 3700 3129 3768 μεγίσταις
3187 3698 3274 3751 ἀεί
3335 3713 3451 3757 πως
3523 3692 3667 3761 φιλεῖ
3720 3690 3989 3759 γίνεσθαι.

2442 3791 2863 3861 Ἀναλογίσασθε
2889 3793 2980 3843 τὴν
3023 3788 3331 3843 Ἰσαὰκτοῦ
3401 3784 3629 3857 Ἱσμαὴλ
3671 3783 3810 3836 κατὰ
3868 3781 3993 3847 γέν-

2429 3904 2585 3957 νησιν
2643 3883 3055 3953 δευτερεύοντα,
3101 3882 3194 3935 τὸν
3231 3880 3430 3935 Ἰακὼό
3496 3879 3635 3949 μετὰ
3678 3876 3769 3929 τὸν
3822 3871 3996 3925 Ἦσαῦ

2432 3975 2625 4043 νηδύος
2667 3974 2960 4042 ἐκθορόντα
3014 3973 3115 4041 τῆς
3150 3971 3448 4041 μητρικῆς,
3506 3970 3597 4021 τὸν
3625 3967 3865 4035 Μωῦτῆν
3901 3964 3997 4017 τοῦ

2442 4065 2657 4135 Ἀαρὼν
2714 4065 2962 4133 ὕστερον,
3011 4063 3103 4114 τὸν
3137 4061 3302 4115 Δαόὶδ
3328 4062 3491 4114 αὐτὸν
3522 4059 3718 4130 μικρὸν
3770 4058 3829 4109 ὲν
3882 4058 3995 4118 τοῖς

2433 4158 2685 4224 ἀδελφοῖς
2712 4158 2841 4208 ὄντα
2871 4156 2976 4208 κάν
3026 4154 3105 4223 τῷ
3135 4153 3391 4223 πατρικῷ
3421 4155 3554 4223 οἴκῳ
3582 4152 3865 4219 νεώτερον,
3903 4149 3996 4201 καὶ

2432 4249 2653 4318 ἐτέρους
2686 4248 2741 4300 δὲ
2777 4249 2851 4308 ὡς
2900 4247 3208 4310 πλείστους.
3237 4248 3311 4299 Οὐ
3341 4248 3450 4316 γαρ
3480 4248 3540 4298 τὸ
3573 4246 3713 4297 θεῖον
3750 4246 3806 4305 ἐς
3834 4244 3999 4313 πρόα-

2432 4357 2580 4393 ωπον
2644 4339 2763 4391 κατ’
2838 4339 3123 4408 ἄνθρωπον
3186 4340 3406 4409 ἀφορᾷ,
3463 4339 3557 4392 καὶ
3613 4336 3869 4406 βραϐεύει
3922 4334 4000 4402 τῷ

2432 4432 2605 4499 χρόνῳ
2643 4433 2713 4483 τὰ
2740 4431 2924 4498 τίμια,
2954 4432 3164 4492 πολιαῖς
3193 4432 3287 4483 καὶ
3316 4432 3557 4498 ἡλικίαις
3580 4429 3995 4499 προσκείμενον,

756 4541 817 4577 ac
853 4524 989 4583 ratio
1028 4537 1296 4593 estquam
1353 4524 1670 4582 formarum.
1735 4542 1875 4592 qum,
1926 4542 2049 4580 cum
2079 4544 2142 4581 ex
2173 4546 2329 4598 :equo
2364 4506 2406 4560 θ
2436 4540 2448 4573 ι

2306 4546 2329 4583 ο
2364 4506 2406 4560 θ
2436 4522 2551 4573 ἀλλ’
2590 4522 2839 4593 εὐγενείᾳ
2881 4525 3070 4591 χαῖρον
3113 4521 3294 4590 ψυχῆς
3323 4522 3417 4574 ἐπὶ
3440 4521 3534 4574 τὸν
3582 4522 3754 4589 πρᾶον
3813 4519 3998 4587 βλέπει

760 4616 1010 4669 homines
1039 4616 1209 4669 simus
1257 4631 1470 4679 omnes,
1528 4618 1817 4671 maximam
1864 4621 2179 4673 varietatem
2232 4622 2329 4675 ba-

758 4706 1015 4762 bent.Alii
1056 4707 1178 4760 aliis
1226 4710 1389 4760 rebus
1438 4706 1727 4769 allicimur,
1778 4724 1955 4777 neque
2024 4726 2215 4764 omnes
2264 4728 2331 4765 ex

762 4815 916 4867 aequo
948 4799 1139 4853 iisdem
1164 4799 1520 4853 delectamur.
1540 4800 1755 4866 Alioqui
1776 4814 1876 4854 nec
1898 4814 1927 4853 a
1954 4801 2061 4855 Deo
2089 4818 2207 4863 nos,
2229 4818 2332 4858 nec

763 4890 850 4941 alii
883 4890 951 4941 ab
1000 4890 1121 4943 aliis
1152 4903 1559 4948 accusaremur,
1599 4890 1801 4958 quippe
1841 4890 1933 4958 qui
1960 4890 2150 4945 iisdem
2182 4894 2334 4948 volu-

763 4978 1001 5045 ptatibus
1030 4979 1337 5032 necessario
1396 4994 1718 5047 caperemur
1778 4981 2079 5050 eademque
2102 4984 2330 5038 consilia

765 5069 1046 5122 iniremus.
1089 5070 1179 5123 Sic
1211 5069 1302 5122 ﬁlii
1349 5086 1571 5140 quoque
1626 5071 1755 5134 mei,
1819 5072 2070 5140 quamvis
2135 5074 2329 5129 eodem

764 5169 916 5228 patre
952 5159 1079 5223 nati,
1117 5169 1297 5215 tamen
1349 5161 1581 5214 diversis
1622 5160 1833 5229 prmditi
1874 5170 2002 5215 sunt
2060 5163 2325 5233 ingeniis:

762 5264 855 5315 qut
883 5247 985 5303 etsi
1014 5250 1173 5303 ambo
1225 5258 1281 5303 et
1339 5250 1553 5303 viribus
1616 5265 1908 5318 corporum
1965 5262 2021 5305 et
2067 5251 2330 5320 dignitate

762 5340 1015 5394 vultuum
1051 5350 1107 5395 et
1158 5342 1464 5396 animorum
1502 5342 1763 5413 gravitate
1786 5344 2121 5412 praecellunt,
2151 5354 2329 5399 tamen

763 5442 892 5485 natu
926 5433 1105 5487 minor
1144 5434 1357 5486 Manuel
1415 5434 1479 5486 ad
1533 5434 1746 5501 imperii
1799 5434 2329 5489 administrationem

764 5522 1092 5590 apliortniui
1127 5522 1366 5576 videtur.
1401 5523 1533 5576 Nam
1568 5524 1801 5577 lsaacius
1848 5524 2044 5592 sa'pius
2084 5528 2160 5579 ira
2206 5543 2331 5594 pcr-

764 5613 905 5665 citus
940 5613 1072 5666 mihi
1105 5615 1295 5679 astitit,
1350 5623 1404 5667 et
1435 5615 1629 5683 quavis
1659 5615 1726 5670 de
1760 5632 1920 5669 causa
1942 5618 2047 5670 bile
2102 5617 2332 5671 eﬂcrw-

765 5714 950 5757 sccnte
975 5706 1249 5759 moderari
1283 5708 1465 5760 animo
1490 5722 1593 5761 non
1627 5715 1825 5775 potest.
1866 5724 1986 5775 qua!
2013 5723 2099 5761 res
2154 5707 2331 5761 ini‘mi-

766 5796 985 5851 cissima
1009 5800 1237 5853 consilio
1270 5800 1539 5868 sapientes
1572 5798 1767 5868 perdit.
1804 5799 1951 5853 Alter
1980 5816 2103 5853 vero
2134 5810 2329 5868 praeter

2432 4614 2523 4666 καὶ
2552 4614 2760 4682 ἥμερον
2779 4611 2871 4666 καὶ
2896 4611 2987 4664 τὸν
3013 4612 3177 4665 αὑτοῦ
3208 4611 3543 4680 φυλάττοντα
3567 4610 3635 4663 τὰ
3665 4609 3996 4676 ἐντάλματα.

2434 4708 2591 4760 Κατὰ
2636 4704 2808 4758 ταῦτα
2839 4705 3132 4775 τοιγαροῦν
3168 4706 3264 4759 καὶ
3310 4706 3471 4768 αὐτὸς
3506 4705 3565 4757 ού
3598 4707 3662 4771 τῇ
3704 4700 4000 4768 δεκαστρία

2434 4795 2594 4863 φύσει
2645 4795 2715 4848 τὰ
2756 4796 2929 4848 πολλὰ
2989 4796 3368 4867 χαριζόμενος,
3416 4796 3548 4848 ἀλλὰ
3585 4797 3712 4855 τοὺς
3762 4791 3997 4859 θεσμοὺς

2432 4892 2599 4957 αὐτῆς
2647 4890 2749 4942 ὅσα
2786 4890 2881 4941 καὶ
2934 4888 3023 4952 [Ρ.
3052 4888 3143 4960 '50]
3191 4888 3449 4955 γυναικὸς
3512 4885 3995 4955 σμικρογνώμονος

2430 4981 2707 5035 διαόούλια
2730 4982 2786 5032 ὲν
2802 4984 2911 5043 τοῖς
2936 4982 3167 5049 καιρίοις
3187 4983 3665 5050 παρακρουόμενος
3683 4980 3991 5048 πράγμασι,

2437 5072 2721 5143 μιμεῖσθαι
2768 5072 2976 5140 μᾶλλον
3032 5073 3342 5141 προάγομαι
3394 5071 3486 5122 τὸν
3539 5069 3997 5140 προσωποληψὲας

2434 5164 2614 5233 πάσης
2648 5162 2918 5232 ἀνώτερον
2950 5163 3103 5215 Θεόν.
3141 5163 3202 5213 Ei
3236 5162 3335 5229 μὲν
3363 5160 3457 5213 οὖν
3492 5161 3633 5213 κατᾶ
3669 5159 3729 5210 τὸ
3755 5159 3998 5225 ἀναμφί-

2432 5255 2587 5320 λογον
2615 5255 2671 5314 ὲς
2715 5251 2807 5303 τὸν
2837 5252 2962 5303 καθ’
2992 5251 3210 5320 ⁴ίιλικίαν
3246 5251 3556 5319 προήκοντα
3586 5249 3745 5301 παῖῖά
3786 5265 3876 5315 μοι
3906 5247 3995 5299 τὸν

2445 5345 2711 5397 Ἰααάκιον
2746 5341 3061 5411 μετέϐαινεν
3089 5342 3121 5407 ἠ
3156 5342 3318 5409 ἁρχὴ,
3352 5340 3470 5391 κατ’
3504 5339 3655 5391 οὐδὲν
3683 5338 3747 5391 ἄν
3786 5355 3874 5407 μοι
3906 5339 3996 5389 λό-

2435 5452 2546 5500 γων
2596 5434 2814 5503 ὲδέησεν
2859 5434 2937 5493 εἰς
2984 5431 3323 5501 παράστασιν
3372 5430 3469 5498 τῆς
3500 5431 3701 5497 ἀμφοῖν
3745 5445 3833 5496 μοι
3883 5431 3995 5479 τοῖν

2435 5526 2643 5577 παίδοιν
2674 5524 2887 5591 φύσεως
2908 5537 2925 5554 ⁶
2958 5523 3079 5575 ἐπεὶ
3107 5521 3161 5573 δὲ
3198 5537 3331 5588 προς
3364 5523 3453 5572 τὸν
3490 5520 3839 5590 ύστερὸτοκον
3880 5520 3997 5571 Μα-

2434 5617 2592 5684 νουὴλ
2627 5618 2658 5684 ἡ
2702 5613 2946 5683 βασιλεία
2978 5612 3177 5682 μᾶλλον
3210 5612 3622 5681 προσ-κίνευκεν,
3654 5610 3913 5663 ἐκκλίνων
3940 5612 3997 5661 το

2436 5710 2783 5778 καχύποπτον
2812 5706 2919 5760 τῶν
2946 5705 3153 5757 πολλῶν
3189 5706 3279 5755 καὶ
3309 5706 3367 5756 1i.
3389 5704 3533 5767 δόξαι
3567 5704 3715 5770 παρά
3744 5718 3883 5754 τισιν
3922 5701 3997 5762 ὡς

2436 5802 2643 5885 φίλτρῳ
2700 5799 2900 5868 μᾶλλον
2951 5800 3040 5849 καὶ
3084 5796 3180 5848 οὐκ
3226 5797 3393 5863 ἁρετῇ
3426 5793 3849 5868 προστιθέμενος
3902 5791 3993 5842 τοῦ
