4272 6356
218 363 330 427 3Ἱ3

1459 350 1808 414 JOANNES
1846 347 1996 409 (ἶοΜ
2011 345 2295 409 NENUS.

3384 326 3490 394 375

221 477 487 546 προτέρου
552 471 740 535 παιδὸς
808 471 900 524 τὸν
975 467 1334 538 ὑστερότοκον
1396 466 1802 536 προτετίμηκα,
1837 466 1878 521 Α

1837 466 1878 521 Α
1909 463 2138 517 aliarum
2177 463 2442 515 virtutum
2483 453 2712 510 chorum
2757 465 2784 504 a
2829 447 3034 519 quibus
3093 459 3198 502 nec
3251 444 3491 500 lsaacius

219 563 529 631 ἀναγκαίως
559 560 628 613 ca
650 560 836 614 εἰκότα
870 557 1184 629 ῥηθήσεται.
1219 556 1293 610 Ού
1328 556 1424 626 μία
1457 554 1537 619 τίς
1564 556 1683 607 ἐστι
1722 553 1798 623 τῷ

220 658 358 723 γένει
388 655 497 705 τῶν
544 648 852 720 ἐπιθυμιῶν
894 649 1033 711 ὁδὶς,
1079 647 1193 702 ἀλλ’
1225 647 1304 709 είς
1340 647 1621 716 ἀτραποὺς
1647 661 1798 714 παμ-

223 746 423 808 πόλλας
471 743 808 812 διέσχισται,
873 739 1065 808 ὥσπερ
1100 738 1195 792 καὶ⁵
1245 737 1314 791 τὰ
1365 755 1474 791 των
1530 737 1802 806 σωμάτων

224 836 605 908 μορφώμαια,
658 835 705 886 εί
738 832 833 884 καὶ
873 831 966 900 τὴν
996 832 1165 901 αὐτὴν
1203 830 1486 900 ἄνθρωποι
1514 829 1676 896 φύσιν
1709 832 1806 883 έκ-

218 925 654 996 κληρωσάμεθα.
685 914 941 986 "mm
993 923 1101 991 γὰρ
1149 922 1396 993 ὀρέξεσιν
1446 922 1594 975 ἄλλοι
1635 938 1805 992 προσ-

222 1021 529 1086 πάσχομεν,
561 1015 681 1068 οὐδὲ
727 1016 991 1085 χαίρομεν
1037 1014 1277 1077 ἅπαντες
1306 1015 1651 1083 ὁμοθυμαδὸν
1683 1015 1804 1076 ταῖς

221 1110 430 1170 αὐταῖς.
466 1109 529 1159 Εἰ
562 1106 670 1173 γὰρ
702 1105 859 1158 τοῦτο
894 1100 982 1174 ἦν,
1024 1105 1244 1174 είχομεν
1276 1104 1340 1156 ἂν
1374 1107 1465 1157 καὶ
1506 1105 1639 1171 πρδς
1669 1101 1804 1157 Θεοῦ

221 1200 312 1250 καὶ
352 1197 491 1266 πρὸς
531 1195 775 1265 ἀλλήλων
821 1195 881 1248 τὸ
917 1196 1321 1264 ἀνεπέγκλητον
1360 1197 1430 1258 ὡς
1465 1199 1582 1258 ταῖς
1614 1198 1806 1256 αὑταῖς

223 1290 442 1357 ἡδοναῖς
472 1306 531 1341 τε
563 1289 656 1340 καὶ
709 1288 957 1357 γνώμαις
1009 1289 1366 1355 ἀναγκαστῶς
1409 1291 1805 1358 ἐπιχαίνοντες.

224 1386 333 1436 Καὶ
361 1384 474 1436 τῶν
504 1383 666 1435 υἱέων
701 1399 792 1451 μοι
825 1381 956 1448 γοῦν
993 1381 1202 1450 ήδυάς,
1241 1382 1289 1433 εί
1347 1382 1436 1434 καὶ
1483 1383 1546 1434 ὲκ
1600 1384 1809 1451 πατρὸς

227 1479 343 1535 ἑνὸς
375 1475 768 1546 προελήλυθεν,
821 1476 899 1537 είς
930 1473 1152 1542 γνώμας
1181 1475 1574 1543 ἀπομερίζεται
1626 1474 1810 1541 διαφό-

230 1585 381 1637 ρους.
414 1565 584 1618 Καλοὶ
617 1567 715 1630 μὲν
745 1566 854 1635 γὰρ
883 1566 977 1617 καὶ
1008 1566 1333 1634 ἀμφότεροι,
1370 1568 1462 1618 καὶ
1493 1565 1652 1636 ῥώμῃ
1707 1565 1812 1617 σώ-

227 1678 398 1729 ματος
459 1661 553 1712 καὶ
600 1658 774 1721 εἴδους
802 1659 1094 1727 σεμνότητι
1141 1658 1238 1710 καὶ
1295 1657 1509 1727 φρενῶν
1547 1656 1810 1726 βαθύτητι

223 1752 652 1820 διαπρέποντεςο
704 1748 936 1801 καλλίων
984 1749 1041 1801 δέ
1107 1766 1196 1818 μοι
1239 1748 1316 1810 ὠς
1348 1748 1584 1816 μάλιστα
1617 1747 1812 1800 διαδεί-

225 1859 421 1895 κνυται
465 1841 594 1910 περὶ
626 1839 723 1910 τὴν
750 1843 848 1909 τῆς
879 1839 1054 1909 ἀρχῆς
1090 1839 1420 1907 κυδέρνησιν
1462 1839 1490 1890 ὀ
1517 1839 1811 1908 ὑστερογε-

227 1937 321 2004 vi];
384 1934 669 2002 Μανουήλ.
732 1933 793 1986 '0
858 1934 956 2002 μὲν
1015 1934 1123 2002 γάρ
1191 1932 1462 1994 Ίσαάκιος
1517 1931 1812 2000 ἀκράχολος

228 2025 495 2082 πολλάκις
524 2025 774 2094 παρέστη
805 2040 918 2094 μοι,
951 2025 1046 2077 καὶ
1081 2024 1174 2091 ἀφ’
1199 2019 1266 2094 ἦς
1293 2023 1452 2092 ἔτυχε
1487 2023 1814 2092 προφάσεως

229 2117 676 2187 παροξυνόμενος
735 2119 793 2168 ιν
842 2115 922 2186 τῷ
967 2118 1145 2169 νοσεῖν
1205 2116 1475 2187 ἀμετρίαν
1512 2114 1711 2184 θυμοῦ,
1755 2114 1814 2175 δς

227 2212 500 2263 ἀπόλλυσι
552 2210 646 2261 καὶ
694 2210 890 2273 σοφοὺς
933 2209 1027 2260 καὶ
1066 2207 1133 2260 δι’
1187 2207 1244 2260 ὃν
1302 2209 1418 2276 μετ’
1476 2205 1734 2269 ἀϐουλίας
1765 2205 1814 2256 ol

229 2302 478 2353 πλεῖστοι
517 2299 883 2366 πράσσουσιν·
923 2299 952 2352 ὁ
986 2299 1043 2351 δὲ
1071 2298 1167 2351 σὺν
1197 2298 1274 2366 τῷ
1308 2298 1481 2366 λοιπῷ
1525 2296 1636 2349 τῶν
1688 2296 1815 2364 ἀρεο

229 2394 340 2446 τῶν
371 2393 624 2464 ὁρμαθῷ,
677 2388 752 2446 ὧν
804 2392 918 2446 οὐδ’
977 2394 1250 2455 Ἰσαάκιος
1287 2392 1655 2456 ἀπεξένωται,
1695 2391 1815 2443 οὐδὲ

227 2484 324 2536 τοῦ
351 2483 521 2536 καλοῦ
554 2486 835 2554 χρήματος
883 2484 1201 2556 ἀπῴκισται
1235 2485 1334 2553 τῆς
1363 2484 1691 2555 πραότητος.
1723 2482 1815 2533 εὑ-

231 2577 428 2645 μαρῶς
487 2577 721 2639 ἐνδιδοὺς
775 2576 913 2645 πρὸς
958 2577 1020 2628 τὸ
1069 2578 1342 2646 χρήσιμον
1400 2577 1492 2629 καὶ
1537 2574 1811 2642 πειθήνιος

231 2669 380 2736 λόγῳ
434 2667 804 2737 δεικνύμενος.
871 2669 1090 2738 Ἐπειδὴ
1147 2670 1327 2721 τοίνυν
1373 2669 1579 2736 ἀκακία
1615 2667 1816 2736 μᾶλλον

230 2757 486 2825 καρδίας,
630 2760 724 2811 καὶ
775 2759 1001 2812 Δασὶδό
1053 2759 1310 2827 βασιλεὺς
1383 2760 1477 2811 καὶ
1529 2759 1817 2828 προφήτης

232 2850 529 2911 ἐκέκαστο,
579 2850 609 2918 ἢ
660 2852 804 2918 χειρὶ
851 2849 1163 2921 ψηλαφώση
1214 2850 1274 2902 τὸ
1306 2849 1458 2918 ξίφος
1494 2853 1590 2904 καὶ
1625 2851 1818 2920 γνώμη

233 2941 652 3010 λεπτουργούσῃ
704 2943 774 2993 τὰ
828 2941 937 2994 τῶν
979 2943 1302 3012 ἀρχομένων
1363 2944 1818 3012 πλημμελήματα

233 3031 502 3099 φιλοῦμεν
532 3033 836 3098 ὑπάγεσθαι
872 3033 1181 3103 ἄνθρωπον,
1222 3034 1312 3087 τὸν
1342 3035 1599 3102 Μανουὴλ
1633 3037 1688 3096 ἐς
1720 3034 1818 3102 βα·

1903 553 2116 608 alienus
2140 563 2242 613 est,
2281 563 2384 602 nec
2415 561 2443 600 a
2490 541 2779 600 clementia
2838 539 3086 610 quidem,
3157 551 3214 592 re
3260 534 3490 606 pracla-

1905 645 2141 706 rissima,
2179 642 2466 700 abhorret.
2498 635 2591 690 sed
2621 634 2676 688 in
2706 633 2828 688 loco
2889 629 3085 685 ccdcre
3135 637 3191 682 et
3222 627 3492 682 obsecun.

1905 741 2035 796 dare
2060 737 2210 792 novit
2236 744 2292 789 et
2323 729 2554 787 rationis
2593 725 2884 796 imperium
2924 719 3195 790 sequitur.
3221 716 3492 784 Quoniam

1907 832 2075 902 igitur
2105 825 2272 881 animi
2297 821 2544 884 candori,
2571 834 2683 890 quo
2742 825 2798 872 et
2862 813 3032 870 David
3086 827 3183 866 rex
3231 810 3490 879 idemque

1909 923 2171 994 propheta
2207 927 2430 972 ornatus
2469 915 2593 978 fuit,
2623 925 2788 980 quam
2823 907 3077 964 ensiferas
3112 904 3301 959 manui
3323 904 3491 974 θιει

1910 1014 2129 1084 ingenio
2150 1012 2204 1065 in
2227 1008 2503 1064 subtiliter
2518 1001 2877 1074 exquirendis
2902 999 3251 1054 subditorum
3274 994 3495 1050 delictis

1910 1109 2122 1163 intento
2153 1118 2348 1174 parere
2367 1101 2638 1155 malumus
2669 1095 2943 1152 homines.
2981 1090 3284 1146 Manuelem
3322 1090 3504 1157 impe-

1912 1209 2148 1254 ratorem
2181 1192 2476 1249 creandum
2509 1204 2628 1244 esse
2655 1186 2809 1242 duxi.
2845 1183 3026 1249 Quare
3083 1180 3494 1234 adolescentem

1910 1291 2175 1359 suscipite
2204 1296 2264 1341 ut
2305 1285 2690 1352 imperatorem
2738 1275 3005 1332 divinitus
3060 1271 3406 1340 designatum
3440 1277 3501 1323 et

1912 1397 2035 1436 meo
2054 1377 2312 1446 suﬂragio
2337 1372 2630 1443 imperium
2696 1374 3130 1438 capescentem:
3190 1378 3255 1416 ac
3307 1377 3433 1417 eum
3471 1375 3500 1413 a

1915 1478 2026 1531 Deo
2056 1473 2336 1542 prazlatum
2370 1477 2425 1521 et
2449 1461 2902 1536 praedestinatum
2935 1471 3055 1511 esse
3083 1455 3150 1510 ad
3179 1453 3497 1522 imperiunm.

1915 1541 2238 1632 argumento
2262 1556 2418 1610 vobis
2456 1557 2570 1609 sint
2589 1551 2774 1605 multa:
2800 1545 3185 1617 praedictiones
3209 1552 3265 1596 et
3292 1541 3504 1595 divino-

1916 1672 2037 1711 rum
2102 1652 2384 1707 hominum
2463 1645 2743 1716 pmsagia,
2797 1655 2919 1710 qua:
2968 1636 3152 1691 omnia
3195 1631 3500 1687 Manuelem

1919 1752 2288 1804 Romanorum
2315 1743 2701 1809 imperatorem
2727 1734 2844 1787 fore
2888 1728 3352 1800 praenuntiatum.
3381 1724 3498 1778 Jam

1914 1840 2061 1912 quod
2094 1838 2188 1893 lilii
2237 1835 2343 1890 mei
2375 1841 2501 1887 ante
2530 1827 2762 1898 imperio
2815 1823 3073 1878 destinati
3127 1820 3411 1880 obierunt,
3447 1821 3503 1868 et

1917 1904 1964 1988 is
1996 1933 2151 1986 abest
2176 1928 2262 1984 cui
2293 1927 2344 1980 id
2368 1932 2491 1995 post
2523 1922 2646 1976 illos
2684 1930 2894 1973 naturae
2945 1915 3062 1982 lege
3093 1911 3345 1970 debetur,
3373 1904 3502 1975 quis

1915 2027 2074 2080 aliter
2091 2022 2324 2091 accipiat
2341 2018 2448 2072 nisi
2474 2031 2537 2071 ea
2555 2026 2774 2085 quoque
2789 2013 3112 2078 argumenta
3129 2016 3251 2057 esse
3269 1999 3500 2055 eviden-

1918 2116 2150 2175 tissima,
2179 2115 2351 2166 Deum
2371 2122 2481 2161 non
2537 2104 2676 2158 velle
2705 2101 2874 2155 alium
2903 2096 3009 2151 nisi
3045 2091 3349 2148 Mauuelem
3381 2102 3504 2144 sce-

1915 2209 2054 2279 ptris
2087 2207 2455 2260 Romanorum
2486 2195 2691 2268 potiri?
2719 2191 2872 2259 Quod
2906 2189 2952 2244 si
2977 2189 3103 2258 quis
3162 2181 3499 2242 consideret,

1917 2315 2003 2353 me
2031 2313 2140 2352 non
2167 2293 2391 2349 omnino
2438 2286 2607 2360 gratis
2659 2283 2772 2338 tilio
2831 2279 3134 2335 conciliare
3206 2269 3502 2340 imperium

1917 2402 2079 2459 atque
2101 2390 2152 2442 in
2168 2389 2288 2458 ejus
2306 2379 2711 2438 successionem
2737 2371 3108 2444 prOpendere.
3126 2366 3221 2420 sed
3241 2365 3501 2418 virtutem

1918 2453 2036 2552 ejus
2078 2453 2612 2544 hac'designatione
2665 2460 3006 2520 remunerari
3094 2453 3498 2526 deprehendet.

1918 2549 2083 2628 Scitis
2135 2568 2311 2632 enim,
2361 2563 2515 2620 scitis
2557 2573 2682 2628 qua
2721 2555 2786 2610 ad
2841 2549 3238 2608 Neocasariam
3303 2553 3502 2617 preter

1918 2675 2134 2720 :ctatem
2169 2661 2409 2714 facinora
2471 2653 2731 2713 ediderit,
2774 2656 2831 2702 et
2863 2646 2920 2698 in
2949 2643 3153 2700 illustri
3175 2641 3268 2694 illa
3302 2645 3512 2693 contra-

1920 2757 2113 2811 Persas
2141 2748 2520 2821 impressione.
2557 2745 2628 2797 ob
2659 2757 2824 2812 quam
2847 2749 3027 2809 utego
3047 2743 3202 2805 pater
3234 2728 3507 2800 sollicitus

1919 2848 2054 2901 etin
2103 2844 2339 2899 maximo
2369 2842 2437 2895 de
2494 2837 2831 2892 charissimo
2899 2833 3012 2886 ﬁlio
3066 2836 3218 2882 metu
3277 2823 3379 2888 fui,
3428 2821 3502 2874 ita

1919 2939 2111 2993 eadem
2163 2951 2253 2989 res
2333 2935 2577 2987 Romana
2599 2930 2707 3000 62
2775 2924 3102 2980 conﬁrmata
3161 2927 3312 2973 est.»
3375 2912 3503 2967 Haec

1920 3032 2130 3086 Joanne
2155 3028 2359 3084 locuto.
2393 3021 2685 3078 consilium
2723 3033 2848 3072 cum
2899 3015 3108 3085 ejulatu
3148 3007 3338 3063 verbis
3380 3004 3502 3074 eius

235 3123 398 3175 σιλέα
456 3123 598 3174 κατὰ
639 3125 758 3177 τόδε
812 3125 1177 3195 προκέκρικα.
1219 3124 1451 3190 Δέξασθε
1501 3126 1680 3177 τοίνυν
1729 3121 1891 3178 τὸνϐ

1811 3121 1891 3178 ιϐ
1925 3138 2206 3179 assensum
2235 3119 2542 3175 Manuelem
2595 3123 2853 3182 tanquam
2908 3117 3059 3162 sorte
3110 3100 3373 3170 sutlragio
3415 3097 3498 3150 le-

239 3216 484 3282 μείρακα
511 3215 605 3267 καὶ
635 3214 709 3276 ὡς
740 3215 1054 3283 θεόχριστον
1091 3217 1301 3268 ἄνακτα
1333 3217 1428 3267 καὶ
1463 3217 1536 3276 ὡς
1592 3216 1661 3267 δι’
1695 3217 1818 3268 ὲπι-

235 3305 529 3372 ψηφίσεως
562 3306 700 3374 ἐμῆς
731 3307 1106 3375 βασιλεύοντα.
1144 3307 1266 3358 Ὀτι
1291 3307 1346 3360 δὲ
1371 3310 1466 3360 καὶ
1505 3307 1633 3369 Θεὸς
1660 3307 1819 3361 αὐτὸν

239 3397 316 3455 εἰς
357 3393 586 3462 βασιλέα
615 3397 952 3464 προκέκρικε
986 3399 1080 3449 καὶ
1110 3397 1409 3466 προώρισε,
1437 3398 1735 3467 τεκμήριον
1765 3400 1818 3450 αἱ

241 3485 438 3537 πολλαὶ
493 3487 832 3556 προρρήσεις
889 3490 981 3541 καὶ
1029 3489 1097 3542 τὰ
1147 3489 1258 3542 τῶν
1308 3489 1571 3557 θεοφιλῶν
1612 3489 1820 3558 ἀνδρῶν

239 3578 732 3647 προθεσπίσματα,
784 3579 819 3633 ἃ
855 3582 1033 3632 πάντα
1096 3580 1323 3650 βασιλέα
1391 3581 1674 3648 Ῥωμαίων
1730 3583 1820 3634 τὸν

237 3669 501 3738 Μανουὴλ
557 3671 1063 3739 προκατήγγελλον.
1130 3674 1205 3726 Τδ
1258 3673 1317 3726 δὲ
1382 3675 1634 3734 καὶτοὺς
1689 3672 1820 3742 παρ’

239 3759 377 3828 ἐμοῦ
409 3762 810 3832 προκριθέντας
840 3763 1105 3833 πρότερον
1135 3765 1214 3826 είς
1243 3766 1302 3816 τὸ
1328 3764 1516 3835 ἄρχειν
1550 3766 1700 3826 υἱέας
1733 3783 1821 3833 μοι

239 3853 595 3921 τεθνηκέναι,
642 3856 863 3907 ἀπεῖναι
912 3855 966 3907 δὲ
995 3857 1089 3908 καὶ
1117 3857 1206 3909 τὸν
1247 3859 1388 3908 κατὰ
1434 3857 1646 3924 γένεσιν
1701 3858 1822 3924 μετ’

241 3944 491 4003 ἐκείνους
531 3947 608 4005 είς
667 3947 767 4015 τὴν
821 3945 1101 4014 βασιλείαν
1151 3947 1488 4015 καλούμενον
1530 3947 1820 4014 Ἰσαάκιον,

248 4035 355 4087 ποῦ
393 4035 548 4104 θήσει
574 4052 692 4099 τις;
721 4038 793 4089 ἸΙ
823 4038 1037 4098 πάντως
1065 4037 1160 4090 καὶ
1185 4037 1356 4090 ταῦτα
1375 4037 1618 4105 σύμϐολα
1645 4039 1821 4090 είποι⁹

247 4140 349 4190 μεν
394 4122 458 4174 ἂν
491 4124 862 4192 ἐναργέστατα
884 4125 980 4177 τοῦ
1013 4125 1103 4177 τὸν
1132 4125 1266 4178 Θεὸν
1296 4126 1394 4194 οὐχ
1420 4127 1604 4195 ἕτερον
1641 4125 1825 4193 βούλε-

246 4214 396 4275 σθαι,
427 4217 519 4265 τὸν
546 4215 601 4266 δὲ
635 4216 893 4284 Μανουήλ
923 4217 989 4269 τα
1021 4220 1276 4287 σκῆπτρα
1319 4216 1621 4286 Ῥωμαίων
1661 4218 1827 4288 χειρί-

246 4303 442 4366 ζεσθαι
463 4319 479 4334 ο
503 4306 550 4355 εἰ
573 4304 629 4356 δέ
661 4304 744 4375 [Ρ.
765 4305 859 4377 51]
890 4325 973 4369 τις
993 4307 1166 4360 ἐθέλει
1195 4310 1439 4369 σκοπεῖν,
1465 4308 1572 4360 οὐδ’
1606 4308 1704 4376 ἐμὲ
1733 4309 1824 4361 τὸν

249 4393 468 4462 πατέρα
523 4397 786 4464 ἐπόψεται
839 4398 1017 4468 δῶρον
1075 4401 1393 4452 παντάπασι
1438 4398 1516 4468 τῷ
1555 4399 1706 4451 παιδὶ
1725 4398 1822 4468 τὴν

1924 3232 2070 3274 ctum
2104 3215 2302 3285 cupide
2334 3213 2718 3278 imperatorem
2748 3203 2980 3270 accepit.
3006 3195 3213 3252 Deinde
3237 3192 3302 3246 ad
3328 3189 3499 3244 tilium

1922 3321 2221 3362 conversus
2276 3310 2451 3372 pater,
2505 3305 2630 3367 post
2685 3295 2852 3348 utiles
2903 3285 3324 3344 admonitiones.
3371 3297 3500 3337 eum

1923 3396 2279 3468 imperatorio
2311 3392 2617 3447 diademate
2642 3393 2802 3440 ornat
2825 3391 2880 3437 et
2901 3377 3188 3448 chlamyde
3237 3382 3500 3445 praetexta

1921 3490 2119 3544 induit.
2147 3487 2241 3541 His
2291 3483 2552 3553 peractis,
2587 3479 2844 3531 Romanae
2908 3472 3151 3539 legiones
3187 3472 3503 3521 convocata

1923 3581 2225 3636 Manuelem
2280 3579 2651 3630 Romanorum
2717 3568 3106 3635 imperatorem
3171 3558 3499 3618 salutarunt,

1924 3684 2254 3738 unoquoque
2285 3677 2573 3736 procerum
2629 3675 2753 3712 cum
2819 3671 2917 3708 sua
2976 3652 3206 3706 cohorte
3271 3645 3501 3704 seorsim

1925 3768 2421 3823 stantc,etnovum
2466 3755 2853 3821 imperatorem
2878 3746 3021 3799 clara
3073 3755 3208 3796 voce
3248 3736 3498 3793 consalu'

1927 3863 2095 3906 tante.
2153 3849 2360 3904 Deinde
2418 3844 2648 3913 prolatis
2706 3839 2910 3895 divinis
2971 3834 3210 3888 oraculis
3255 3830 3502 3886 studium

1924 3945 2157 4012 quisque
2215 3952 2373 3993 suum
2406 3945 2460 3989 et
2492 3933 2652 3987 ﬁdem
2702 3929 3011 3986 confirmat.
3059 3927 3261 3982 Harum
3315 3935 3501 3978 rerum

1925 4036 2170 4087 omnium
2197 4031 2308 4085 dux
2329 4037 2386 4082 et
2425 4034 2619 4080 auctor
2645 4024 2749 4078 fuit
2783 4035 3012 4091 magnus
3059 4015 3413 4077 domesticus,
3437 4025 3502 4065 eo

1924 4126 2155 4182 consilio
2195 4130 2254 4176 ut
2307 4119 2725 4174 ambitiosorum
2784 4113 3068 4166 hominum
3112 4109 3410 4162 vanitatem
3448 4112 3504 4156 et

1926 4227 2108 4273 motus
2173 4222 2231 4269 et
2292 4213 2657 4280 plurimorum
2718 4219 3048 4261 concursum
3123 4201 3190 4254 ad
3235 4197 3502 4268 quosdam

1927 4305 2293 4379 regiigeneris
2327 4305 2577 4356 homines
2628 4297 2884 4361 sedaret;
2947 4295 3040 4363 qui
3087 4289 3501 4360 praerogativam

1928 4401 2104 4455 astatis
2158 4406 2216 4449 ut
2243 4408 2499 4464 magnum
2530 4390 2750 4460 quidam
2780 4397 2836 4441 et
2891 4381 3205 4439 venerabile
3267 4386 3504 4448 praten-

247 4486 534 4554 βασιλείαν
565 4488 901 4558 βραϐεύοντα
935 4492 1029 4543 καὶ
1050 4494 1116 4562 τῇ
1144 4491 1363 4561 διαδοχῇ
1397 4490 1488 4543 τοῦ
1544 4491 1733 4558 γένους
1761 4489 1821 4542 τὸ
1855 4472 1901 4529 θ
1927 4512 1934 4542 4

1814 4509 1821 4541 ι
1855 4472 1901 4529 θ
1927 4491 2142 4554 dentes,
2165 4498 2222 4542 et
2245 4483 2656 4554 imperatoriam
2693 4479 3010 4534 aﬂinitatem
3085 4479 3501 4543 exaggerantes.

242 4578 366 4631 ὅλον
399 4596 794 4650 προσρεποντα,
824 4580 959 4634 ἀλλά
985 4583 1080 4635 καὶ
1119 4578 1280 4634 ἆθλον
1310 4582 1511 4652 ἀρετῆς
1549 4580 1646 4651 τὴν
1677 4597 1814 4650 προ·

1916 4595 1975 4635 se
1995 4577 2226 4648 imperio
2255 4575 2536 4644 digniores
2572 4571 3006 4626 arbitrabantur.

245 4674 486 4745 χείρισιν
508 4676 658 4746 αὺτῷ
680 4679 1072 4748 παρεχόμενον.
1105 4677 1246 4730 Ἵστε
1279 4651 1408 4746 γὰρ,
1453 4677 1567 4729 ῐστε
1634 4677 1735 4729 ὅσα
1808 4675 1904 4728 καὶ
1943 4675 2072 4744 παρ’
2132 4673 2349 4741 ἡλικίαν
2376 4671 2433 4720 ὲν
2485 4663 2888 4735 Νεοκαισαρείᾳ
2930 4661 3243 4731 ἠρίστευσε,
3286 4654 3379 4706 καὶ
3404 4651 3505 4715 τὴν

249 4768 396 4820 κατά
440 4743 667 4835 Περσῶν
715 4743 936 4838 ὲκείνην
995 4767 1253 4835 γενναίαν
1292 4743 1568 4836 -ἔμὸολὴν,
1609 4767 1774 4844 διἐήν
1835 4766 1862 4817 ὁ
1905 4764 2002 4835 μὲν
2030 4743 2212 4828 πατὴρ
2276 4759 2450 4826 ἔγωγε
2491 4755 2762 4823 ἠγωνίων,
2797 4754 2926 4823 περὶ
2962 4750 3036 4821 τῷ
3065 4747 3304 4819 φιλτάτῳ
3354 4743 3504 4796 παιδὶ

247 4863 318 4913 τὰ
342 4834 579 4928 μέγιστα
594 4859 803 4922 δεδιὼς,
825 4834 969 4913 τάνδὲ
1001 4834 1291 4928 Ῥωμαίων
1309 4834 1632 4929 ἀνερρὦθη
1671 4834 2015 4924 ’πράγματα
2065 4870 2082 4903 ι
2155 4847 2340 4901 Ταῦτα
2401 4848 2429 4898 ὁ
2463 4846 2563 4915 μὲν
2601 4845 2850 4915 βασιλεὺς
2885 4843 3139 4909 Ἰωάννης
3157 4834 3462 4906 ἐφθέγξατο
3485 4847 3500 4863 ⁸

248 4955 282 5021 ἠ
341 4952 388 5004 δ’
447 4952 718 5021 ἐκκλησία
771 4924 1170 5004 ἑπικωκύσασα
1221 4952 1333 5013 τοῖς
1381 4924 1692 5020 είρημένοις
1737 4946 1828 4999 τὸν
1867 4943 2124 5010 Μανουὴλ
2181 4941 2313 4994 ὡσεὶ
2374 4938 2652 5008 κληρωτὸν
2679 4936 2786 4988 εἴτε
2813 4935 2904 4987 καὶ
2934 4928 3311 5004 χειροτονητδν
3334 4924 3505 4993 ἀσμέο

255 5061 363 5105 νως
391 5045 472 5106 είς
517 5043 798 5111 βασιλείαν
837 5044 1078 5106 ἐδέξατο.
1113 5041 1350 5094 Ἔπειτα
1382 5042 1474 5093 τὸν
1497 5042 1655 5107 λόγον
1713 5037 1848 5108 πρὸς
1887 5036 1976 5088 τὸν
2045 5033 2226 5100 ’παῖδαι
2264 5030 2604 5101 μετενεγκὼν
2642 5033 2668 5083 ὁ
2701 5028 2908 5100 πατὴρ,
2973 5027 3070 5081 καὶ
3102 5025 3272 5093 τούτῳ
3304 5037 3504 5090 παραι-

251 5139 416 5196 νέσας
457 5109 530 5186 τά
570 5135 852 5204 σύμφορα,
886 5134 1067 5202 ταινίᾳ
1123 5133 1292 5186 διαδεῖ
1340 5135 1406 5202 τῇ
1452 5132 1704 5200 βασιλικῇ
1745 5129 1840 5182 καὶ
1878 5127 1974 5196 τὴν
2047 5121 2292 5193 χλαμύδα
2333 5121 2581 5175 έπενδύει
2648 5120 2743 5189 τὴν
2797 5117 3225 5186 περιπόρφυρον.
3290 5111 3416 5165 Ἐπὶ
3444 5109 3503 5163 δὲ

252 5229 470 5288 τούτοις
512 5226 969 5295 συναθροισθέντα
1025 5225 1167 5278 κατὰ
1234 5223 1568 5296 πρόσκλησιν
1624 5223 1692 5275 τὰ
1737 5218 2126 5291 στρατεύματα
2199 5213 2425 5281 βασιλέα
2479 5211 2768 5281 Ῥωμαίων
2807 5211 3026 5263 ἀνεῖπον
3086 5207 3178 5259 τὸν
3227 5204 3501 5274 Μανουὴλ,

253 5326 490 5379 ἑκάστου
534 5322 646 5375 τῶν
676 5321 1023 5390 μεγιστάνων
1078 5322 1218 5390 μετὰ
1246 5321 1344 5389 τῆς
1387 5319 1594 5379 οἰκείας
1629 5317 1835 5379 τάξεως
1871 5311 2146 5388 διακριδὸν
2219 5309 2587 5377 ἐφισταμένου
2648 5309 2741 5361 καὶ
2764 5304 3178 5375 διατρανηῦντος
3207 5302 3307 5372 τὴν
3338 5300 3506 5369 εὐφη-

259 5419 391 5488 μίαν
439 5416 518 5485 τῷ
571 5415 677 5484 νέῳ
722 5414 937 5468 ἄνακτι.
1007 5412 1238 5482 Ἐφεξῆς
1285 5412 1342 5465 δὲ
1408 5413 1501 5464 καὶ
1551 5411 1659 5463 τῶν
1709 5409 1870 5462 θείων
1953 5407 2325 5478 προτεθέντων
2373 5401 2589 5470 λογίων,
2636 5402 2723 5453 ἐπ’
2766 5399 2943 5454 αὐτῶν
3015 5396 3375 5468 ἐμπεδοῦνται
3426 5395 3506 5465 τῷ

254 5510 517 5578 Μανουὴλ
544 5509 609 5561 τά
658 5507 757 5576 τῆς
791 5508 1008 5570 εὐνοίας
1034 5509 1127 5560 καὶ
1152 5507 1388 5570 πίστεως
1419 5507 1556 5577 πρὸς
1603 5504 1826 5568 παντός.
1866 5499 1975 5557 Ἦν
2001 5504 2056 5557 δὲ
2087 5503 2115 5553 ὁ
2170 5501 2277 5554 τῶν
2303 5499 2595 5570 δρωμένων
2617 5497 2822 5551 τούτων
2848 5496 3143 5567 εἰσηγητής
3170 5511 3229 5548 τε
3258 5495 3374 5561 ἅμα
3410 5493 3506 5545 καὶ

258 5603 592 5671 τελετάρχης
623 5601 650 5652 ὁ
688 5599 862 5668 μέγας
914 5599 1257 5668 δομέστικος,
1323 5599 1549 5652 ἐκλῦσαι
1590 5596 1992 5666 διανοούμενος
2059 5592 2311 5647 ἐντεῦθεν
2369 5593 2462 5644 καὶ
2494 5590 2815 5661 διαχαλάσαι
2864 5589 2958 5642 τοῦ
3000 5583 3378 5659 μετεωρισμοῦ
3410 5586 3499 5639 καὶ

259 5699 358 5762 τῆς
399 5694 644 5755 στάσεως
681 5692 776 5754 τὰς
823 5692 930 5744 τῶν
992 5691 1273 5761 φιλάρχων
1334 5692 1550 5760 ἐφέσεις
1594 5694 1686 5746 καὶ
1710 5691 1806 5753 τὰς
1845 5691 1953 5745 τῶν
2017 5687 2286 5742 πλείστων
2354 5682 2628 5753 ἀμϐλῦναι
2671 5685 2974 5756 συνδρομάς
3011 5684 3145 5751 πρὸς
3181 5682 3354 5741 ένίους
3383 5677 3492 5729 τῶν
