4272 6356
721 401 824 466 383

1937 399 2237 461 ΝἹΟΕΤᾸΞ
2275 398 2678 461 ΟΗΟΝΙΑΤΕ

3850 401 3963 464 384

723 527 925 582 cupare
968 513 1298 576 studerent,
1358 522 1416 567 et
1472 512 1528 566 in
1582 510 1873 565 Thraciam
1934 512 2293 580 impressione
2326 524 2366 577 Α

2399 529 2457 562 το
2509 512 2817 581 Δημήτριος
2854 511 2882 561 ό
2918 511 3149 581 Βρανᾶς.
3208 510 3426 581 ’Δμέλει
3484 511 3579 565 καὶ
3630 512 3739 566 τῶν
3783 514 3973 577 κακῶς

723 602 864 657 facta
899 604 1059 657 obvia
1085 603 1268 657 omnia
1327 603 1734 672 praedarentur,
1791 602 2066 671 praeterita
2126 600 2300 670 Lydia

726 693 893 747 urbes
926 694 1171 763 Phrygiw
1205 704 1261 747 et
1294 694 1361 747 ad
1396 692 1729 747 Maeandrum
1776 691 1978 744 ﬂumen
2026 691 2160 745 sitas
2199 692 2301 743 im-

729 784 1074 838 minentibus
1098 786 1361 853 periculis
1383 784 1609 856 eripuit,
1637 793 1691 837 et
1745 784 1937 837 Persas
1979 780 2303 848 perterritos

727 873 953 942 fugavit.
992 875 1071 928 Ad
1104 873 1489 928 Philomellum
1530 890 1654 928 cum
1714 873 1911 927 Turcis
1941 887 2294 943 congressus,

725 981 850 1018 cum
887 966 1041 1021 hasta
1078 968 1295 1021 Persam
1326 967 1619 1037 quemdam
1673 966 2078 1035 prostravisset,
2108 966 2175 1017 ab
2204 979 2305 1018 σοι

726 1058 850 1109 dem
884 1064 1113 1112 cadente
1139 1059 1191 1111 in
1220 1061 1403 1127 planta
1435 1061 1630 1128 sagitta
1654 1060 1796 1112 ictus
1813 1066 1918 1112 est.
1951 1057 2088 1112 Cum
2114 1066 2299 1111 autem

726 1154 782 1199 et
815 1145 869 1199 in
903 1147 1068 1201 rebus
1097 1148 1352 1218 gerendis
1384 1151 1489 1219 72
1512 1165 1636 1203 acer
1667 1158 1831 1218 atque
1861 1148 2041 1202 audax
2064 1156 2118 1202 et
2148 1155 2305 1216 patre

726 1237 937 1291 Joanne
988 1238 1305 1294 bellicosior
1347 1241 1602 1295 hostibus
1662 1241 1946 1293 videretur
1977 1280 1991 1305 ,
2040 1237 2305 1292 recedere

731 1328 950 1392 noluit;
982 1345 1162 1398 neque
1202 1334 1383 1397 paruit
1415 1331 1482 1384 iis
1516 1330 1611 1400 qui
1642 1331 1943 1384 monebant
1974 1339 2033 1383 ut
2074 1327 2295 1380 tandem

729 1416 954 1470 domum
979 1429 1374 1484 reverteretur,
1395 1434 1464 1474 ne
1480 1421 1661 1474 Persae
1681 1436 1748 1475 ex
1765 1419 2143 1488 desperatione
2163 1418 2309 1471 saluo

735 1509 805 1560 tis
833 1509 1218 1576 conspirantes
1236 1511 1537 1566 exercitum
1557 1514 1671 1581 ejus
1690 1512 1827 1565 male
1854 1518 2184 1564 tractarent:
2209 1509 2307 1564 sed

733 1607 893 1650 aucta
925 1598 1108 1666 potius
1137 1600 1423 1654 alacritate
1452 1601 1629 1670 ipsum
1660 1600 1908 1654 Iconium
1940 1599 2120 1669 petiit.
2149 1598 2304 1653 Unde

733 1688 978 1742 Masutus
1012 1689 1289 1758 digressus
1324 1690 1553 1745 Taxaris
1576 1700 1751 1746 castra
1781 1691 1982 1759 posuit,
2020 1706 2140 1759 qua:
2179 1689 2307 1742 olim

735 1778 964 1833 Colonia
996 1780 1318 1835 vocabatur.
1353 1782 1471 1837 Una
1506 1799 1637 1837 vero
1661 1800 1728 1837 ex
1754 1784 1967 1836 filiabus
2003 1783 2142 1851 ejus,
2186 1796 2309 1850 qua:

735 1868 930 1922 J0anni
957 1867 1237 1924 Comneno
1270 1872 1458 1927 lsaicii
1487 1873 1940 1927 sebastocratoris
1970 1872 2105 1935 ﬁlio,
2140 1873 2311 1939 impe-
2342 1853 2387 1912 Β

738 1961 935 2013 ratoiis
964 1964 1218 2029 patrueli,
1250 1972 1419 2031 nupta
1468 1979 1590 2017 esse
1620 1963 1920 2025 ferebatur,
1949 1964 2043 2030 qui
2096 1977 2161 2015 ex
2205 1960 2309 2014 levi

737 2051 945 2107 oﬂensa
977 2068 1004 2105 a
1044 2063 1241 2122 patruo
1269 2063 1326 2107 et
1364 2055 1700 2123 imperatore
1719 2054 1924 2109 Joanne
1950 2054 2016 2106 ad
2041 2054 2311 2106 Masutum

739 2142 1032 2206 defecerat,
1064 2158 1094 2196 e
1139 2142 1413 2197 mcenibus
1437 2152 1792 2212 prospectans
1833 2143 1888 2196 in
1936 2141 2311 2197 defensionem

742 2232 915 2300 patris
943 2233 1169 2296 sultani,
1198 2236 1501 2290 orationem
1548 2235 1690 2288 haud
1729 2236 1968 2303 ineptam
2004 2234 2212 2287 habuit.
2246 2233 2315 2288 At

742 2322 1041 2392 imperator
1061 2325 1149 2379 ubi
1171 2326 1235 2379 ad
1261 2326 1427 2381 lconii
1448 2328 1645 2380 mmnia
1664 2326 1947 2381 successit.
1968 2340 2141 2393 eaque
2161 2338 2319 2378 exer-

743 2415 856 2467 citu
903 2415 1286 2480 circumdedit,
1320 2425 1376 2468 et
1398 2416 1672 2485 juventuli
1708 2431 1866 2469 arcus
1892 2423 2081 2469 contra
2113 2429 2317 2483 propu~

746 2504 972 2571 gnacula
1001 2505 1285 2558 intendere
1316 2508 1607 2568 concessit,
1639 2505 1912 2574 prohibita
1938 2505 2314 2573 sepulcrorum

747 2594 1063 2657 violatione,
1100 2597 1184 2649 vix
1232 2598 1356 2650 inde
1393 2598 1661 2651 discessit.
1698 2595 1803 2650 Sed
1830 2595 1957 2664 quia
1997 2596 2049 2649 in
2076 2594 2321 2648 discessu

748 2685 938 2740 hostes
987 2689 1262 2757 angustias
1292 2687 1506 2743 insidiis
1538 2698 2115 2757 occuparant,.pugn:n
2158 2700 2323 2754 supe-

748 2778 995 2831 rioribus
1034 2781 1268 2850 majores
1301 2790 1640 2849 eruperunt;
1677 2782 1879 2849 quibus
1912 2796 2021 2833 non
2052 2780 2171 2833 sine
2210 2779 2327 2832 dis-

749 2873 980 2928 crimine
1028 2874 1312 2941 confectis,
1348 2877 1401 2929 in
1444 2876 1636 2931 urbem
1683 2876 2083 2944 imperatricem
2133 2873 2325 2928 rediit.

2406 604 2585 654 ἐκεῖσε
2646 603 2970 671 πασχόντων
3011 602 3292 672 φρουρίων
3344 606 3440 657 καὶ
3500 604 3713 657 πόλεων
3746 604 3973 673 δεούσης

2404 692 2724 761 ἐπικουρίας
2748 694 3148 761 τετυχηκότων,
3171 695 3315 748 κατά
3336 694 3563 766 Περσῶν
3587 696 3978 766 ἐκστρατεύειν

2406 783 2669 852 προέθετο
2688 800 2699 812 ·
2733 784 2832 852 ἤδη
2859 783 2966 855 γὰρ
2991 777 3138 838 οὗτοι
3177 784 3244 837 τὰ
3271 786 3399 855 περὶ
3422 786 3513 839 τὸν
3538 785 3787 856 Πιθηκᾶν
3845 786 3976 855 ἐρύ-

2408 890 2555 943 ματα
2586 873 2973 941 ὑπαγαγέσθαι
3011 875 3333 939 σπεύδοντες
3381 876 3471 929 καὶ
3502 877 3579 946 τῷ
3613 875 3812 946 θέματι
3863 875 3975 927 τῶν

2404 964 2733 1036 Θρᾳκησίων
2794 966 3157 1035 ἐμϐάλλοντες
3211 966 3280 1020 τὰ
3330 969 3389 1020 ἐν
3454 967 3613 1019 ποσὶν
3672 967 3978 1036 ἐληΐζοντο.

2417 1058 2698 1129 ’Υπερϐἐις
2722 1060 2905 1113 τοίνυν
2937 1058 3136 1113 Λυδίαν
3163 1059 3260 1112 καὶ
3290 1061 3411 1122 ταῖς
3441 1060 3583 1113 κατά
3610 1058 3853 1128 Φρυγίαν
3881 1059 3981 1112 καὶ

2405 1152 2719 1222 Μαίανδρον
2751 1153 2998 1223 ποταμὸν
3030 1153 3258 1215 ἐπιστὰς
3290 1154 3535 1221 πόλεσιν,
3574 1155 3747 1218 αὐτάς
3780 1171 3839 1207 τε
3868 1154 3980 1205 τῶν

2408 1244 2813 1313 ἐπηρτημένων
2855 1242 3118 1296 κινδύνων
3153 1242 3433 1312 ἀπήλλαξε
3478 1245 3572 1295 καὶ
3608 1244 3735 1305 τοὺς
3764 1243 3983 1312 Πέρσας
4043 1268 4049 1273 -

2410 1332 2654 1402 φοϐήσας
2688 1331 2894 1398 ἐδῖωξε.
2941 1333 3241 1402 Γενόμενος
3271 1332 3328 1385 δὲ
3378 1322 3521 1387 κατά
3553 1333 3613 1385 τὸ
3669 1333 3985 1403 Φιλομίλιον

2410 1422 2638 1474 κάκεῖσε
2699 1424 2810 1486 τοῖς
2861 1421 3130 1492 τούρκοις
3175 1422 3544 1492 προσέμιξεν·
3596 1422 3724 1476 ἔνθα
3754 1424 3849 1475 καὶ
3888 1424 3986 1474 τὸν

2408 1512 2500 1565 τοῦ
2531 1511 2690 1573 ποδὸς
2740 1511 2997 1583 ἐτοξεύθη
3043 1511 3245 1581 ταρσὸν
3298 1510 3452 1581 παρὰ
3501 1513 3715 1582 Πέρσου
3762 1509 3852 1577 ῘΡ.
3888 1507 3984 1582 37]

2408 1599 2551 1662 τινὸς
2579 1599 3016 1669 καταϐληθέντος
3074 1602 3174 1670 μὲν
3207 1601 3312 1655 ὑπὸ
3341 1602 3605 1671 βασιλέως
3660 1602 3740 1667 τῷ
3773 1600 3986 1671 δόρατι,

2411 1692 2468 1743 ἐν
2518 1690 2574 1743 δὲ
2621 1690 2699 1759 τῷ
2750 1691 3131 1760 ἀνατραπῆναι
3166 1692 3226 1743 τὸ
3261 1691 3412 1760 βέλος
3470 1689 3775 1763 ἐπαφέντος
3831 1690 3980 1744 κατὰ

2412 1782 2507 1834 τοῦ
2539 1782 2837 1849 πέλματος.
2876 1783 3041 1845 Δόξας
3071 1783 3127 1835 δὲ
3161 1782 3290 1853 παρ’
3335 1784 3518 1844 αὐτοῖς
3565 1784 3795 1854 φοϐερὸς
3840 1782 3985 1836 εἶναι

2419 1871 2517 1933 τὰς
2552 1872 2779 1940 πράξεις
2816 1872 2911 1923 καὶ
2949 1871 3209 1940 εὖτολμος
3238 1871 3451 1924 καὶτοῦ
3486 1874 3689 1942 πατρὶς
3737 1874 3989 1926 Ἰωάννου

2420 1962 2817 2032 φιλοκινδυνότε
2827 1980 2942 2033 ρος,
2962 1964 3057 2032 οὐχ
3074 1963 3257 2033 ᾑρεῖτο
3286 1963 3539 2030 γενέσθαι
3562 1964 3990 2034 παλίνστροφος,

2421 2053 2532 2107 οὐδ’
2561 2053 2815 2107 ἐπείθετό
2859 2056 2908 2106 οί
2946 2057 3056 2117 τοῖς
3090 2053 3521 2125 συμϐουλεύουσι
3555 2056 3859 2126 μνησθῆναι
3897 2056 4009 2119 καλ.Δ

2421 2147 2612 2199 νόστου
2640 2126 2823 2210 ποτὲ,
2886 2147 3083 2215 μήπως
3137 2146 3528 2209 ἐπισυστάντες
3578 2147 3627 2198 ol
3674 2148 3881 2216 Πέρσαι
3916 2145 3997 2209 ὡς

2421 2239 2523 2310 ἤδη
2556 2238 2686 2308 περὶ
2718 2239 2827 2290 τῶν
2853 2237 2989 2290 ὅλων
3042 2236 3516 2304 ἀπογινώσκοντες
3546 2237 3733 2300 κακῶς
3761 2237 3821 2290 τὸ
3872 2237 3998 2291 κατ’

2425 2330 2591 2384 αὐτὸν
2622 2328 2915 2383 διάθωνται
2948 2329 3288 2399 στράτευμα.
3334 2328 3554 2399 Ἀμέλει
3587 2330 3679 2381 καὶ
3707 2330 3768 2381 τὸ
3797 2329 4000 2399 πρόθυ-

2429 2436 2529 2491 μον
2583 2418 2859 2481 ἐπιτείνας
2890 2420 2948 2481 ἐς
2978 2418 3109 2472 αὐτὸ
3142 2418 3201 2471 τὸ
3275 2418 3499 2472 Ἰκόνιον
3545 2419 3770 2489 ἤλασεν.
3824 2420 4000 2481 Αὐτὸς

2430 2512 2531 2581 μὲν
2580 2511 2673 2563 οὖν
2707 2511 2734 2564 δ
2768 2510 2995 2565 Macci»:
3054 2509 3495 2579 μεταναστεύσας
3548 2510 3755 2562 ἐκεῖθεν
3793 2527 4003 2579 παρεν-

2437 2602 2631 2656 έϐαλεν
2662 2604 2741 2664 είς
2771 2602 2839 2655 τά
2898 2601 3143 2671 Τάξαρα,
3182 2601 3217 2654 ἆ
3248 2603 3394 2655 ἐστιν
3428 2602 3462 2670 ἡ
3515 2601 3684 2654 πάλαι
3725 2603 4001 2673 λεγομένη

2439 2690 2717 2744 Κολὼνεια
2744 2707 2758 2722 ’
2794 2690 2902 2742 τῶν
2944 2689 3002 2743 δὲ
3042 2689 3360 2759 θυγατέρων
3390 2688 3560 2742 αὐτοῦ
3601 2690 3697 2759 μία
3727 2690 3838 2742 τῶν
3878 2708 4004 2741 τει-

2432 2784 2543 2851 χῶν
2582 2781 2789 2836 ἄνωθεν
2842 2780 3265 2843 διεκκύπτουσα,
3311 2780 3437 2850 ἥτις
3466 2781 3562 2833 καὶ
3612 2782 3997 2851 συνῳκηκένιαι

2433 2873 2652 2940 ἐλέγετο
2680 2872 2757 2941 τῷ
2787 2871 3061 2939 ἐξαδέλφῳ
3091 2870 3184 2923 τοῦ
3214 2870 3475 2941 βασιλέως
3519 2872 3741 2944 Ἰωάννῃ
3782 2875 3859 2941 τῷ
3890 2875 4008 2927 Κο-

755 2970 962 3039 μνηνῷ,
1024 2971 1082 3022 ὃν
1133 2973 1158 3024 ό
1208 2972 1664 3042 σεϐαστοκράτωρ
1721 2971 1969 3037 ἐγείνατο
2041 2971 2332 3029 Ἰσαάκιος.
2365 2954 2509 3021 κατά
2572 2969 2629 3022 δέ
2675 2968 3038 3037 μικρολυπίαν
3063 2965 3158 3018 τοῦ
3186 2965 3329 3018 θείου
3352 2964 3445 3017 καὶ
3477 2964 3741 3033 βασιλέως
3818 2967 4010 3018 Ἰωὰν-

753 3075 845 3111 νον
881 3063 973 3114 τοῦ
1013 3052 1576 3134 Κομνηνοῦλὰποδρὰς
1606 3064 1684 3133 τῷ
1715 3065 1942 3118 Macrob:
1980 3062 2316 3133 προσερῥύη,
2367 3062 2507 3130 ὑπὲρ
2541 3062 2635 3113 τοῦ
2696 3059 2902 3126 πατρδς
2968 3060 3062 3110 καὶ
3098 3056 3387 3109 σουλτάνου
3418 3056 3643 3109 πιθανὸν
3670 3056 3880 3108 ἐτίθετο
3911 3057 4012 3107 τὸν

753 3153 1039 3221 ἀπόλογον.
1098 3156 1356 3220 Βασιλεὺς
1404 3158 1461 3209 δὲ
1519 3156 1691 3226 ἀγχοῦ
1760 3158 1870 3209 τῶν
1918 3153 2220 3225 περιϐόλων
2288 3153 2382 3206 τοῦ
2432 3152 2654 3206 Ἰκονίου
2709 3150 2999 3219 γενόμενος
3049 3151 3145 3201 καὶ
3200 3147 3269 3200 τά
3327 3148 3481 3217 τείχη
3530 3147 3606 3216 τῷ
3633 3147 3851 3217 στρατῷ
3884 3149 4008 3200 δια-

756 3246 960 3311 ζώσας,
995 3251 1123 3314 τόξα
1154 3267 1211 3301 τε
1246 3252 1441 3303 τείνειν
1471 3251 1562 3301 ἐπὶ
1588 3251 1685 3313 τάς
1721 3248 1972 3315 ἐπάὶξεις
2034 3251 2097 3317 τῇ
2170 3246 2388 3316 νεολαίᾳ
2428 3245 2611 3308 ἐνδοὺς
2674 3244 2767 3296 καὶ
2825 3244 2937 3303 τοῖς
2992 3240 3333 3311 νεκροδόχοις
3396 3242 3637 3309 σήμασιν
3687 3238 4011 3309 ἐνυϐρίζειν

758 3338 833 3407 μὴ
867 3340 1185 3410 συγχωρῶν,
1222 3341 1392 3402 οὓτως
1438 3343 1646 3395 ἐκεῖθεν
1680 3342 1829 3411 μόλις
1883 3340 2169 3411 ἐξώρμησε
2224 3341 2322 3392 καὶ
2363 3339 2677 3407 παλίμπους
2728 3336 2976 3406 ἐφέρετο.
3057 3335 3144 3387 Ἑν
3173 3334 3229 3387 δὲ
3258 3337 3323 3403 τῇ
3357 3334 3596 3404 ἀπάρσει
3639 3331 3827 3400 λόχους
3866 3334 4007 3385 ὑπο-ι

758 3433 1103 3486 καθισάντων
1137 3434 1244 3486 τῶν
1279 3436 1555 3505 πολεμίων
1591 3438 1685 3489 καὶ
1717 3436 1786 3487 τὰ
1821 3435 2112 3505 ἀμφιλαφῆ
2147 3435 2321 3505 χωρία
2362 3433 2769 3505 προειληφότων
2843 3432 3063 3499 μείζους
3134 3430 3243 3482 τῶν
3288 3428 3571 3497 προτέρων
3621 3425 4012 3497 ἀνερράγησαν

760 3523 1011 3592 πόλεμοι.
1084 3524 1425 3593 Ἐναγωνίως
1475 3527 1533 3580 δὲ
1585 3526 1681 3580 καὶ
1742 3525 1945 3578 τούτων
1975 3524 2331 3594 διῳκημένων
2370 3526 2427 3587 ἐς
2457 3525 2554 3593 τὴν
2592 3521 2981 3594 βασιλεύουσαν
3014 3520 3166 3572 πόλιν
3204 3517 3514 3583 ἀνέζευξεν.

815 3616 1053 3670 Uxorem
1088 3615 1239 3670 ducit
1274 3617 1649 3680 Alamannam,
1683 3632 1752 3670 ex
1791 3615 1989 3669 illustri
2016 3614 2327 3684 principum
2356 3622 2398 3677 c

757 3707 964 3762 familia
991 3715 1211 3771 natam;
1243 3708 1347 3777 73
1375 3724 1496 3777 quae
1522 3724 1630 3763 non
1666 3718 1776 3763 tam
1814 3707 2046 3762 formam
2081 3710 2332 3778 corporis

757 3799 987 3853 curabat
1021 3812 1185 3868 quam
1236 3798 1404 3851 animi
1444 3798 1935 3867 pulchritudinem.
1975 3799 2164 3867 Itaque
2211 3814 2332 3852 om-

757 3890 923 3943 nibus
955 3889 1093 3943 fucis
1111 3899 1166 3944 et
1190 3888 1447 3944 accititiis
1491 3889 1831 3943 ornamentis
1860 3888 2163 3958 repudiatis
2197 3929 2210 3948 .
2269 3898 2330 3943 ut

760 3996 883 4049 quae
912 3980 1179 4034 vecordes
1204 3979 1561 4033 mulierculas
1580 3978 2103 4044 decerent,naturali
2136 3979 2335 4032 rubore

759 4081 1019 4126 contenta
1054 4072 1322 4125 virtutum
1349 4071 1693 4125 ornamentis
1718 4070 1982 4139 fulgebat,
2021 4071 2334 4126 constantia

759 4173 815 4218 et
837 4166 1107 4234 gravitate
1137 4165 1305 4218 animi
1335 4164 1605 4234 gentilitia
1634 4163 1880 4233 przedita.
1915 4163 2035 4230 Quo
2064 4162 2227 4217 [lebat
2277 4172 2336 4217 ut

762 4255 1087 4320 imperator,
1120 4255 1223 4309 etsi
1256 4253 1307 4307 ei
1338 4254 1538 4308 solium
1592 4254 1920 4307 altissimum
1953 4295 1967 4318 ,
2023 4254 2289 4308 satellites
2316 4294 2330 4315 ,

762 4344 1031 4398 honorem
1060 4355 1115 4399 et
1144 4345 1494 4413 splendorem
1544 4347 1751 4415 regium
1802 4346 2027 4399 minime
2081 4345 2334 4415 negabat,

764 4445 947 4488 tamen
982 4449 1173 4503 parum
1200 4449 1318 4487 eam
1343 4433 1619 4501 diligeret,
1658 4448 1834 4502 neque
1882 4431 2045 4487 ﬁdem
2097 4433 2335 4502 conjugii

768 4534 1103 4587 scrvaret,ut
1121 4525 1287 4579 homo
1313 4525 1662 4588 adolescens,
1694 4524 2336 4586 libidinosus,dissolut:e

768 4624 825 4669 et
850 4614 1098 4669 delicata:
1129 4617 1256 4669 vita:
1288 4615 1532 4681 deditus,
1561 4616 1885 4684 ueterisque
1913 4616 2078 4670 rebus
2109 4632 2247 4687 quas
2274 4632 2336 4671 ea

764 4717 897 4762 artas
916 4717 971 4762 et
995 4709 1203 4763 amoris
1234 4709 1512 4764 illecebrae
1542 4708 1749 4763 ferunt.
1783 4708 1927 4764 Usus
1957 4719 2042 4762 est
2074 4716 2130 4761 et
2153 4707 2336 4775 neptis

766 4814 878 4851 sua:
925 4800 1371 4863 consuetudine,
1424 4815 1534 4854 non
1590 4799 1709 4854 sine
1761 4798 1911 4869 gravi
1965 4799 2235 4853 dedecore
2282 4805 2339 4852 et

768 4890 1061 4975 labe;.qua
1098 4892 1240 4946 fama
1282 4891 1425 4960 ejus,
1456 4891 1937 4946 utformosissima
1968 4890 2137 4944 facies
2188 4888 2335 4958 turpi

768 4996 945 5046 naevo,
981 4980 1280 5036 deformata
1308 4990 1414 5036 est.

2514 3616 2782 3681 Ἠγάγετο
2821 3612 2877 3665 δέ
2913 3614 3153 3679 γυναῖκα
3180 3610 3207 3661 ό
3242 3608 3496 3680 βασιλεὺς
3542 3600 3695 3658 οὗτος
3724 3606 3781 3673 ἐξ
3850 3608 4015 3661 Ἀλλ-

2439 3701 2645 3770 μανῶν,
2677 3701 2868 3766 γένους
2897 3699 3006 3750 τῶν
3042 3697 3134 3748 ἐπὶ
3193 3698 3351 3765 δόξης
3387 3698 3479 3748 καὶ
3530 3695 3737 3761 θρόνων
3767 3696 3875 3747 τῶν
3910 3699 4012 3767 ἀρ-

2435 3789 2629 3860 χικῶν.
2689 3788 2837 3858 Αὕτη
2890 3789 3075 3856 μέντοι
3130 3788 3189 3840 ού
3233 3786 3487 3840 τοσοῦτον
3537 3786 3629 3839 τοῦ
3685 3790 4011 3857 σωματικοῧ

2436 3881 2668 3944 κάλλους
2698 3878 3019 3950 ἐφρόντιζεν
3053 3880 3175 3932 ὅσον
3201 3878 3294 3932 τοῦ
3343 3879 3493 3931 ἔνδον
3523 3880 3614 3932 καὶ
3666 3883 3797 3950 περὶ¹
3827 3880 4011 3949 ψυχὴν

2438 3971 2757 4040 ἐπεμέλετο.
2790 3970 3004 4024 Οὐκοῦν
3036 3971 3380 4040 ἐξομνυμένη
3430 3971 3497 4023 τά
3530 3972 3594 4023 ἐκ
3642 3970 3748 4023 τῶν
3806 3972 4017 4026 κόνεων

2440 4062 2821 4132 ἐπιτρίμματα
2853 4062 2947 4115 καὶ
2978 4062 3101 4125 τοὺς
3132 4061 3240 4114 τῶν
3272 4060 3565 4131 ὀφθαλμῶν
3601 4062 4008 4131 ὑπογραμμςίις

2439 4157 2533 4208 καὶ
2564 4157 2655 4208 τὸν
2692 4156 2938 4223 πλάστην
2986 4153 3077 4207 τὸν
3122 4154 3370 4207 κάτωθεν
3403 4154 3497 4207 καὶ
3528 4154 3587 4206 τδ
3613 4154 3858 4222 τεχνικὸν
3882 4157 4006 4207 ἀλλ’

2439 4248 2500 4301 οὐ
2531 4246 2759 4316 φυσικὸν
2787 4246 3031 4317 ἔρευθος,
3062 4246 3155 4299 καὶ
3188 4247 3308 4309 ταῖς
3334 4246 3533 4315 ἄφροσι
3575 4244 3682 4297 τῶν
3716 4247 4000 4313 γυναικῶν

2440 4341 2580 4393 αὐτὰ
2632 4340 3054 4411 ἐπιρῤίπτουσα,
3109 4339 3230 4400 ταῖς
3264 4322 3492 4407 ἀρεταῖς
3524 4338 3852 4406 προσανεῖχε
3914 4340 4015 4389 καὶ

2440 4431 2726 4501 ὡραΐζετο.
2766 4427 2888 4500 Εἶχε
2920 4432 2976 4484 δὲ
3034 4430 3094 4483 to
3145 4428 3220 4500 μὴ
3280 4428 3555 4489 ἐπικλινὲς
3605 4426 3838 4489 ἐθνικδν,
3912 4429 4012 4479 καὶ

2440 4522 2501 4572 τὸ
2539 4521 2639 4589 τῆς
2669 4519 2896 4590 γνώμης
2942 4520 3205 4587 ἐκέκτητο
3238 4515 3656 4585 δυσμετάθετον.
3706 4514 3872 4566 Ὅθεν
3902 4514 4019 4565 οὐδ’

2439 4616 2467 4665 ὁ
2502 4611 2754 4682 βασιλεὺς
2805 4612 3098 4680 προσεῖχεν
3152 4608 3288 4678 αὐτῇ
3342 4606 3414 4659 τὰ
3448 4606 3636 4666 πολλὰ,
3678 4604 3818 4657 ἀλλὰ
3852 4605 4023 4673 τιμῆς

2446 4707 2544 4777 μὲν
2570 4708 2661 4759 καὶ
2692 4705 2901 4776 θρόνων
2933 4706 3076 4758 πάνυ
3117 4701 3410 4775 λαμπρῶν,
3432 4701 3526 4753 καὶ
3553 4699 3884 4769 δορυφορίας
3921 4701 4024 4750 καὶ

2440 4799 2539 4867 τῆς
2581 4796 2776 4867 λοιπῆς
2830 4794 3250 4866 λαμπροφορίας
3281 4791 3711 4863 βασιλικωτάτης
3762 4791 4012 4858 μετεῖχε,

2441 4890 2508 4942 τὰ
2541 4889 2585 4941 δ’
2646 4890 2703 4949 ἐς
2738 4888 2924 4958 κοίτην
2965 4887 3208 4956 ἠδίκητο.
3237 4884 3375 4946 Νέος
3430 4881 3651 4953 γὰρ’ὣν
3699 4881 3727 4932 ό
3760 4880 4029 4948 Μανουὴλ

2369 4974 2419 5033 D
2443 4982 2539 5034 καὶ
2580 4980 2845 5050 ἐρωτικὸς
2874 4978 2954 5049 τῷ
2980 4996 3040 5055 τε
3071 4977 3342 5047 ἀνειμένῳ
3377 4974 3475 5045 βίῳ
3503 4975 3598 5027 καὶ
3626 4972 3748 5033 ταῖς
3776 4972 4027 5041 τρυφαῖς

770 5074 1187 5142 προσανέκειτο,
1220 5075 1313 5127 καὶ
1343 5073 1638 5127 συσσιτίων
1674 5074 1769 5126 καὶ
1816 5072 2019 5141 κώμων
2068 5071 2333 5140 ἐξείλετο,
2376 5071 2471 5125 καὶ
2529 5072 2630 5124 ὅσα
2695 5070 2758 5123 τὸ
2796 5070 3074 5138 νεοτήσιον
3120 5068 3281 5130 ἄνθος
3331 5062 3607 5118 ὑπέϐαλλε
3666 5062 3761 5115 καὶ
3823 5060 4031 5130 ἐμύουν

771 5166 822 5217 οἱ
872 5164 1146 5232 πάνδημον.
1174 5163 1372 5231 ἔρωτες
1402 5162 1785 5231 διεπράττετο.

840 5255 895 5309 3.
928 5254 1306 5308 Nihilominus
1338 5264 1521 5308 tamen
1552 5254 1871 5322 reipublicae
1903 5269 2092 5307 curam
2157 5267 2345 5305 susce-

776 5345 879 5415 pit.
911 5345 1266 5399 Publicorum
1301 5344 1650 5414 vectigalium
1684 5351 1993 5396 curatorem
2020 5352 2074 5396 ct
2108 5352 2350 5411 qnzcsto-

779 5454 898 5493 rem
931 5452 1249 5507 supremum
1282 5437 1551 5492 Joannem
1586 5434 1889 5496 Puzenum,
1920 5442 1981 5486 ut
2030 5442 2084 5486 et
2147 5441 2300 5501 pater
2327 5471 2344 5495 ,

779 5530 1105 5599 designavit,
1131 5545 1255 5583 cum
1288 5529 1443 5599 prius
1480 5527 1658 5581 dromi
1707 5524 2125 5595 protonotarius
2178 5533 2347 5577 esset.

780 5622 1044 5677 Joannem
1074 5620 1182 5692 74
1215 5619 1756 5692 llagiotheodoritem
1812 5632 2034 5671 suarum
2075 5616 2345 5669 constitu-

783 5717 997 5768 tionum
1045 5724 1392 5785 sequestrum
1433 5724 1489 5768 et
1523 5712 1833 5766 ministrum
1887 5708 2182 5763 ordinavit.
2217 5708 2266 5762 ls
2293 5709 2346 5760 in

784 5815 1078 5875 conspectu
1137 5804 1484 5876 imperatoris
1534 5818 1751 5872 semper
1828 5800 2077 5864 astabat,
2125 5800 2352 5870 ejusque

2524 5247 2591 5316 γ’.
2638 5247 2901 5317 Ἐμέλησε
2929 5246 2985 5299 δὲ
3010 5245 3103 5297 καὶ
3133 5243 3245 5297 τῶν
3278 5241 3475 5294 κοινῶν
3538 5238 3613 5308 τῷ
3646 5236 3859 5307 βασιλεῖ
3888 5236 4029 5305 τῷδε

2456 5338 2724 5407 πράξεων,
2755 5337 2849 5389 καὶ
2881 5336 2987 5389 τῶν
3014 5334 3111 5403 μὲν
3135 5331 3409 5403 δημοσίων
3463 5327 3733 5396 είσφορῶν
3787 5342 4023 5396 φροντι-

2456 5429 2587 5499 στῆν
2621 5430 2713 5481 καὶ
2744 5427 3003 5493 λογιστὴν
3048 5424 3304 5494 μέγιστον
3335 5421 3426 5473 τὸν
3453 5421 3517 5471 ἐκ
3554 5417 3800 5486 Πούτζης
3839 5417 4033 5469 Ἰωάν-

2454 5537 2552 5589 νην
2590 5517 2958 5587 προϐαλλεται
2986 5515 3079 5565 καὶ
3110 5511 3290 5574 αὐτὸς,
3318 5510 3506 5578 ὥσπερ
3533 5511 3562 5561 ό
3591 5506 3773 5575 πατὴρ
3828 5504 4032 5575 ἐκείνῳ

2456 5615 2550 5665 καὶ
2587 5610 2863 5679 βασιλεὺς,
2904 5607 3171 5676 πρότερον
3202 5604 3332 5657 ὄντα
3368 5604 3463 5656 καὶ
3494 5601 3588 5654 τοῦ
3616 5601 3821 5671 δρόμου
3861 5615 4017 5668 πρω-

2456 5703 2786 5771 τονοτάριον,
2845 5696 3141 5767 μελεδωνὸν
3173 5696 3230 5748 δὲ
3278 5694 3611 5765 μεσεύονταο
3633 5693 3727 5745 καὶ
3774 5690 3902 5756 τῶνέ
3937 5692 4023 5742 oi-

2462 5795 2626 5848 κείων
2660 5788 3044 5861 ὑποδρηστῆρα
3073 5786 3457 5858 διαταγμάτων
3488 5784 3579 5838 τὸν
3613 5781 4033 5854 Ἀγιοθεοδωρίο
