4284 6376
223 413 335 477 385

1263 418 1358 479 DE
1408 415 1773 478 MANUELE
1812 411 2175 474 COMNEN'O
2219 411 2367 471 LIB.
2415 410 2466 472 Ι.

3348 404 3462 470 388

218 543 325 593 την
367 524 580 593 τίθησιν
630 524 901 595 Ἰωάννην.
940 527 1049 581 Καὶ
1102 522 1167 597 ἦν
1193 530 1219 581 δ
1266 529 1362 599 μὲν
1392 528 1470 598 τῷ
1519 525 1797 596 προσώπῳ
1826 529 1869 583 Α
1902 539 1910 575 1

1775 529 1869 595 pA
1902 523 2159 577 mandata
2214 532 2471 591 tanquam
2534 520 2756 575 oracula
2805 519 3150 589 ensipiebat:
3200 518 3467 575 ministris

224 615 320 672 τοῦ
352 614 616 683 βασιλέως
649 613 735 686 [Ρ.
791 615 882 687 38]
922 617 1008 670 del.
1038 620 1404 688 ὀπτανόμενος
1436 619 1528 671 καὶ
1559 620 1627 671 τά
1662 617 1786 670 τού-

220 720 319 756 του
371 705 684 774 ἐντάλματα
739 708 840 760 ὅσα
896 709 993 761 καὶ
1060 710 1330 778 ἐμφάσεις
1382 712 1445 761 ὲκ
1481 708 1792 773 κρείττονος

227 797 430 867 μοίρας
480 798 791 869 δεχόμενος,
847 800 1142 871 ὑπουργοϊς
1183 803 1239 854 δὲ
1288 801 1388 854 οὐκ
1440 801 1647 870 ὀλίγοις
1687 800 1794 853 τῶν

220 892 589 957 γραφομένων
619 891 711 943 καλ⁸
737 891 1047 960 λεγομένων
1071 892 1337 961 ικέχρητο
1364 892 1565 960 λογίοις
1600 891 1796 961 ἀνδρά-

226 994 337 1042 σιν,
379 980 522 1042 ὅσοις
553 982 586 1050 ὴ
622 981 759 1052 αὐλὴ
790 982 1070 1050 ὲνέόριθεν
1099 984 1131 1052 ἠ
1172 983 1467 1053 βασίλειος,
1517 983 1621 1048 πρὸ
1652 982 1791 1035 πάν-

224 1087 334 1122 των
365 1071 422 1122 δὲ
453 1071 530 1141 τῷ
567 1072 930 1143 Στυππειὼτῃ
980 1074 1266 1145 Θεοδώρῳ,
1302 1075 1432 1145 περὶ
1470 1067 1531 1127 οὗ
1559 1073 1797 1143 δηλώσο-

230 1179 329 1229 μεν
360 1162 471 1230 (42)
498 1164 555 1214 ἑν
588 1165 700 1226 τοῖς
726 1164 944 1233 ἑφεξῆς.
972 1162 1082 1218 Ἦν
1111 1166 1167 1218 δὲ
1195 1167 1223 1217 ὀ
1246 1167 1308 1217 ὲκ
1340 1163 1585 1234 Πούτζης
1618 1164 1799 1216 Ίωάν-

227 1268 327 1318 νης
356 1252 661 1315 δεινότατος
690 1252 760 1304 τά
796 1252 1054 1322 δημόσια,
1097 1256 1418 1325 φορολογίας
1461 1253 1796 1323 παιπάλημα

229 1342 323 1394 καὶ
363 1342 692 1411 ὲπίτριμμα,
728 1343 963 1397 καὶτῶν
992 1345 1093 1411 μὲν
1142 1345 1313 1398 ὅντων
1366 1345 1799 1413 δασμοφορημά-

224 1450 337 1485 των
378 1434 688 1503 συζητητῆς
746 1434 1166 1504 ἀκριϐέστατος,
1218 1435 1328 1489 τῶν
1380 1436 1437 1488 δὲ
1474 1436 1572 1486 οὺκ
1630 1434 1800 1487 ὄντων

226 1524 457 1594 εὑρετὴς
513 1524 913 1593 ἁπαράμιλλος.
950 1525 1247 1597 Ἐξήσκητο
1304 1527 1362 1580 δὲ
1416 1528 1509 1579 καὶ
1561 1524 1621 1577 τὸ
1670 1520 1803 1594 ἦθος

226 1616 371 1682 ὑπὲρ
399 1614 608 1677 πάντας
640 1615 998 1686 ἀδυσώπητον
1033 1617 1129 1669 καὶ
1160 1616 1480 1683 ἀμείλικτον
1507 1632 1520 1646 ’
1552 1616 1803 1668 εὐκοπώ-

226 1722 387 1773 τιρον
430 1710 537 1774 γὰρ
592 1706 656 1759 ἀν
705 1724 790 1769 τις
834 1707 1031 1777 ἀμειδῆ
1080 1709 1175 1760 καὶ
1232 1708 1529 1775 ἀγέλαστον
1594 1709 1803 1776 πέτραν

1894 631 2029 670 vero
2060 632 2253 672 eorum
2286 633 2407 686 quae
2436 615 2670 670 dicenda
2715 615 3114 682 scribendaque
3150 622 3314 669 erant
3352 628 3464 667 non

1895 708 2082 775 paucis
2108 708 2341 762 eruditis
2366 706 2501 760 viris
2527 705 2803 768 utebatur,
2830 703 3085 771 qualibus
3114 702 3232 755 aula
3263 700 3468 756 referta

1894 806 2035 860 erat,
2071 796 2366 851 Theodoro
2396 795 2679 865 Styppiota
2743 794 3070 861 pra-sertim,
3097 792 3166 846 de
3208 806 3319 860 quo
3364 805 3469 847 suo

1897 886 2021 940 loco
2056 888 2326 940 dicemus.
2363 886 2489 939 Erat
2520 885 2758 940 Joannes
2795 883 3049 938 Puzenus
3075 882 3143 937 ad
3202 896 3317 935 rem
3364 896 3468 950 pu-

1898 975 2096 1031 blicam
2136 975 2429 1045 gerendam
2463 976 2870 1037 callidissimus,
2924 971 3275 1039 vectigalium
3319 985 3469 1023 vete-

1904 1082 2025 1119 rum
2085 1074 2311 1120 exactor
2354 1065 2704 1128 acerrimus,
2767 1076 3147 1129 novorumque
3216 1061 3471 1113 inventor

1900 1157 2295 1211 solertissimus
2322 1175 2334 1211 :
2374 1155 2623 1209 moribus
2646 1155 2713 1208 ad
2746 1154 3095 1207 severitatem
3121 1160 3177 1206 et
3232 1151 3469 1218 rigorem

1903 1250 1974 1301 ita
2006 1248 2350 1317 compositis,
2380 1258 2439 1301 ut
2472 1248 2776 1318 asperrima
2811 1259 2976 1313 rupes
3000 1244 3216 1298 facilius
3235 1239 3472 1296 emolliri

1903 1346 2087 1402 posset
2121 1351 2282 1403 quam
2334 1336 2421 1389 ille
2457 1351 2487 1389 a
2519 1336 2791 1392 sententia
2823 1333 3056 1398 deduci,
3096 1340 3153 1386 et
3189 1330 3337 1400 quod
3364 1345 3471 1383 mt-

1906 1426 2139 1479 rabilius
2157 1434 2262 1490 est,
2296 1442 2406 1480 non
2431 1428 2592 1481 modo
2620 1427 2878 1496 lacrymis
2926 1440 3037 1479 non
3095 1422 3427 1476 movebatur
3451 1458 3467 1481 ,

1904 1518 2135 1585 supplici
2157 1527 2308 1587 gestu
2332 1533 2439 1571 non
2462 1517 2805 1580 ﬂectebatur,
2832 1517 3037 1584 argenti
3062 1513 3330 1569 machinis
3356 1525 3466 1565 non

1906 1611 2347 1673 concutiebatur,
2391 1611 2509 1665 auri
2543 1608 2840 1679 praestigiis
2865 1623 2974 1661 non
3006 1605 3350 1674 capiebatur,
3371 1600 3469 1657 sed

1907 1711 1962 1755 et
1998 1701 2064 1755 ad
2104 1702 2571 1756 inhumanitatem
2607 1716 2778 1769 usque
2812 1699 3060 1753 odiosam
3101 1713 3129 1750 a
3160 1694 3470 1763 congressi-

232 1798 540 1866 ἐμάλθαξεν
582 1801 615 1868 ἢ
650 1799 942 1853 ἐκεῖνον’ὲν
971 1803 1082 1863 τοῖς
1114 1801 1431 1870 ἀϐουλήτοις
1488 1801 1799 1853 ὑπέκλινεν.
1837 1862 1868 1870 __
1908 1794 1924 1845 Ι

1774 1819 1799 1853 ν.
1837 1862 1868 1870 ᾗ
1908 1794 2010 1847 bus
2040 1792 2391 1859 abhorrebat,
2444 1806 2620 1861 neque
2652 1793 2763 1845 fere
2815 1790 2981 1859 (quod
3017 1787 3466 1842 molestissimum

237 1862 304 1943 ’ὸ
339 1892 394 1943 δὲ
421 1862 615 1944 τούτου
662 1891 1132 1961 θαυμασιώτερον,
1167 1893 1226 1945 οὐ
1266 1862 1427 1960 μ’όνον
1459 1892 1559 1944 οὐκ
1606 1888 1673 1961 ἧν
1703 1892 1795 1943 δα-
1836 1862 1873 1913 Β
1905 1899 1929 1937 ε

1777 1919 1795 1931 .
1836 1862 1873 1913 Β
1905 1893 2024 1937 erat
2060 1884 2379 1938 hominibus
2413 1894 2469 1937 et
2497 1899 2635 1952 pene
2685 1882 3055 1949 intolerabile)
3094 1881 3162 1935 iis
3201 1895 3229 1933 a
3260 1880 3469 1950 quibus

234 1979 426 2049 κρύοις
453 1980 737 2046 ἄτεγκτος,
783 1982 1027 2050 σχήμασι
1054 1980 1361 2050 δεητηρίοις
1407 1981 1795 2049 ἀπροσκλινὴς,

232 2071 500 2141 ἀργυρίου
539 2072 829 2135 ἀτίνακτος
882 2072 1164 2124 ἑλεπόλεσι
1218 2074 1309 2124 καὶ
1352 2071 1576 2141 χρυσίου
1632 2071 1798 2141 άγοή-

230 2182 419 2227 τεντος
448 2164 935 2234 φαρμακεύμασιν,
967 2164 1086 2217 ἀλλ’
1138 2159 1250 2234 εἷχε
1288 2168 1378 2217 καὶ
1425 2165 1484 2216 τὸ
1514 2165 1799 2216 δυσέντευ-

237 2275 365 2309 κτον
388 2257 465 2318 ὡς
493 2257 883 2325 ἀπάνθρωπον.
928 2256 1001 2308 Τὸ
1056 2256 1111 2308 δὲ
1140 2260 1251 2318 τοῖς
1296 2257 1419 2308 τότε
1452 2255 1564 2325 (45)
1591 2255 1801 2325 θυμαλ-

234 2348 332 2415 γὲς
364 2350 458 2399 καὶ
507 2349 887 2410 δυσύποιστον,
918 2348 1026 2401 οὐδ’
1058 2349 1324 2415 ἀπίλογος
1354 2342 1423 2418 ἦν
1482 2346 1613 2411 παρ’
1645 2347 1794 2415 αὑτῷ

234 2439 495 2509 καθαρῶς
529 2441 615 2508 ἐφ’
646 2436 725 2503 οἷς
760 2441 788 2493 ὁ
821 2438 1067 2509 προσιὼν
1097 2440 1437 2508 προετίθετο,
1498 2439 1632 2492 ἀλλά
1684 2439 1804 2509 χαί-

233 2548 347 2599 ρων
372 2531 441 2582 τά
468 2531 692 2584 πλεῖστα
721 2534 788 2601 τῇ
820 2532 1028 2601 ἀφασίᾳ
1058 2529 1273 2600 ἐνιαχοῦ
1300 2530 1391 2583 καὶ
1422 2531 1802 2600 ἀπροσήγορον

231 2620 440 2691 παρῄει
473 2624 562 2675 τὸν
600 2622 1038 2691 παραδάλλοντα.
1065 2622 1346 2691 Τοσαύτην
1375 2622 1420 2674 δ’
1444 2624 1507 2674 ὲκ
1538 2621 1802 2690 βασιλέως

234 2712 393 2780 ἰσχύν
425 2730 482 2763 τε
515 2714 606 2765 καὶ
632 2712 883 2775 ἐξουσίαν
909 2713 1311 2783 περιεζώννυτο
1339 2714 1411 2776 ὡς
1436 2713 1472 2766 ἃ
1511 2715 1610 2783 μὲν
1633 2714 1799 2781 ἠϐού-

231 2805 356 2857 λετο
404 2804 513 2855 τῶν
576 2802 871 2872 βασιλικῶν
921 2804 1308 2871 θεσπισμάτων
1370 2805 1800 2869 ἀποπέμπεσθαι

232 2897 331 2949 καὶ
369 2894 775 2965 διαρρηγνύειν,
814 2896 927 2947 ἔνια
972 2895 1028 2946 δὲ
1074 2895 1169 2945 καὶ
1202 2897 1316 2954 τοῖς
1368 2895 1651 2962 δημοσίοις
1712 2898 1802 2960 ὲγ-

230 2985 470 3055 γράφειν
501 2984 737 3047 κώδιξιν.
799 2982 1081 3053 ’Υποθήκῃ
1131 2984 1186 3035 δὲ
1235 2984 1328 3036 τοῦ
1385 2984 1579 3054 ἀνδρὸς
1611 2984 1801 3036 τούτου

230 3075 425 3144 χρῆμά
450 3092 500 3125 τι
523 3073 854 3142 κοινωφελὲς
886 3077 981 3127 καὶ
1014 3078 1136 3137 ταῖς
1174 3077 1357 3143 νήσοις
1386 3076 1589 3137 πάσαις
1626 3076 1803 3144 σωτή-

1908 1976 2159 2031 adibatur
2187 1976 2575 2046 respondebat,
2600 1977 2694 2029 sed
2716 1975 2941 2029 silentio
2965 1974 3254 2042 plerosque
3269 1982 3471 2027 taettus

1905 2068 2235 2137 praeteribat.
2270 2067 2505 2120 Tantum
2531 2077 2713 2121 autem
2745 2066 2856 2136 75
2889 2065 3232 2119 auctoritatis
3265 2073 3323 2118 et
3366 2078 3472 2131 pou

1904 2164 2090 2216 tentia:
2134 2161 2389 2225 habebat,
2437 2169 2497 2212 ut
2529 2159 2881 2229 imperatoria
2915 2158 3094 2213 edicta
3140 2172 3261 2226 quae
3307 2155 3473 2209 vellet

1904 2252 2216 2322 repudiaret
2239 2259 2294 2304 et
2315 2252 2601 2314 laceraret,
2629 2251 2874 2320 quaedam
2904 2250 2955 2304 in
2982 2250 3231 2319 publicos
3248 2246 3471 2303 codices

1906 2343 2160 2396 referret.
2197 2341 2453 2411 Ejusdem
2494 2341 2703 2394 monitu
2735 2354 2821 2393 res
2858 2339 3150 2393 utilissima
3183 2348 3239 2391 et
3283 2337 3465 2390 omni-

1904 2435 2008 2488 bus
2036 2433 2228 2486 insulis
2267 2431 2547 2495 salutaris,
2578 2439 2675 2483 eta
2702 2430 3085 2499 superioribus
3112 2426 3467 2497 imperatori-

1904 2524 2008 2578 bus
2041 2532 2359 2578 constanter
2390 2524 2699 2585 observata,
2735 2522 3283 2590 inutiliterabrogata
3326 2519 3451 2573 fuit.

1905 2615 2041 2669 Nam
2077 2615 2363 2683 vectigalia
2419 2615 2640 2667 nautica
2688 2614 2817 2666 olim
2851 2613 2905 2666 in
2949 2612 3177 2665 classem
3231 2609 3469 2663 conferri

1906 2706 2067 2759 solita
2098 2704 2187 2757 hic
2211 2704 2262 2756 in
2298 2703 2489 2757 ﬁscum
2515 2702 2805 2755 referenda
2839 2700 3073 2763 curavit,
3102 2715 3167 2753 ac
3193 2700 3472 2762 triremes,

1904 2810 2024 2863 quae
2051 2809 2117 2847 ex
2148 2794 2329 2847 edicto
2352 2795 2421 2846 ab
2454 2794 2647 2847 insulis
2696 2792 3100 2861 praebebantur,
3161 2805 3298 2860 pene
3344 2806 3471 2844 cum

1907 2884 2037 2953 ipsis
2087 2886 2403 2938 vectoribus
2438 2885 2492 2937 in
2551 2884 2685 2936 mari
2746 2884 3028 2947 demersit,
3091 2899 3215 2936 cum
3265 2884 3472 2936 dicere:

1908 2975 2158 3028 triremes
2218 2990 2324 3027 non
2418 2989 2638 3043 semper
2713 2974 3027 3042 reipublicae
3086 2988 3207 3027 esse
3273 2974 3471 3035 utiles,

1906 3078 2160 3136 sumptus
2200 3084 2329 3120 vero
2365 3069 2457 3137 qui
2484 3070 2537 3121 in
2563 3084 2658 3122 eas
2695 3066 2911 3134 ﬁerent,
2939 3078 2995 3121 et
3022 3082 3239 3121 annuos
3268 3082 3387 3121 esse
3412 3074 3471 3121 et

233 3183 350 3235 ριον
384 3166 478 3219 καὶ
506 3169 619 3228 τοῖς
662 3167 852 3236 πρώην
885 3167 1163 3236 βασιλεῦσι
1199 3167 1539 3236 συντηρηθὲν
1576 3167 1795 3236 ἀπαρά-
1827 3180 1873 3242 c
1907 3156 1919 3208 Ῐ

1765 3198 1795 3216 ,-
1827 3180 1873 3242 c
1907 3156 2221 3209 immensos.
2262 3157 2549 3225 Eosigitur
2575 3159 2626 3210 in
2661 3158 2852 3212 ﬁscum
2891 3158 3232 3217 referendos.
3263 3173 3457 3213 neces-

230 3259 396 3309 ϐατον
432 3260 457 3309 ὁ
488 3257 743 3326 βασιλεὺς
791 3258 1042 3325 Ἰωάννης
1101 3258 1431 3328 ἀξυμφὸρως
1459 3259 1798 3327 κατήργησε.

229 3348 313 3401 Τὰ
342 3348 449 3417 γὰρ
480 3350 543 3400 ὲκ
566 3348 674 3400 τῶν
707 3348 1046 3400 πλευστικῶν
1087 3348 1197 3417 (Η)
1234 3348 1595 3417 ὲρανιζόμενα
1632 3366 1800 3418 στραο

230 3436 417 3500 τειῶν,
450 3436 798 3504 διαδιδόμενα
842 3436 1010 3490 πάλαι
1068 3437 1147 3506 τῷ
1196 3438 1460 3507 ναυτικῷ,
1496 3441 1577 3501 εις
1608 3440 1671 3491 τὸ
1702 3455 1798 3491 τα-

234 3528 406 3594 μιεῖον
436 3520 591 3589 οὗτος
644 3528 1053 3597 παρειπάμενος
1107 3530 1498 3597 μετωχέτευσε,
1558 3531 1652 3582 καὶ
1703 3531 1799 3593 τάς

230 3619 340 3669 ἀπὸ
366 3618 474 3669 τῶν
502 3619 679 3685 νήσων
720 3621 784 3670 ἐκ
811 3618 980 3671 τύπου
1018 3621 1403 3689 παρεχομένας
1432 3622 1671 3688 τριήρεις
1699 3623 1801 3673 αὺ-

233 3706 495 3775 τάνδρους
531 3704 731 3773 μικροῦ
765 3707 1126 3758 κατεπόντισε
1162 3708 1581 3775 παραφάιμενος.
1626 3707 1801 3759 ’Υπο-

235 3798 467 3866 θέμενος
516 3799 627 3867 γὰρ
664 3799 740 3860 ὡς
791 3800 849 3850 τὸ
886 3800 985 3867 μὲν
1018 3800 1125 3850 τῶν
1177 3801 1449 3867 τριηρέων
1481 3800 1668 3868 χρῆμα
1703 3800 1803 3852 οὐκ

232 3891 323 3940 ἀεὶ
358 3892 424 3958 τῇ
457 3889 707 3958 πολιτείᾳ
742 3890 836 3941 καὶ
858 3888 936 3958 τῷ
963 3888 1124 3957 κοινῷ
1146 3891 1471 3957 ἐπιτήδειον,
1498 3889 1562 3941 τὰ
1592 3889 1633 3940 δ’
1664 3889 1802 3959 ὑπὲρ

233 3978 444 4030 τούτων
482 3966 816 4047 ἀναλώματα
850 3980 953 4031 οὐκ
981 3979 1261 4046 εὐάγκαλα
1285 3979 1396 4047 (45)
1428 3980 1522 4031 καὶ
1554 3980 1799 4043 ἐπέτεια,

234 4070 332 4121 καὶ
358 4071 467 4122 δεῖν
494 4072 635 4123 αὐτὰ
665 4070 764 4139 μὲν
793 4071 854 4122 τὸ
876 4073 1121 4137 ταμιεῖον
1146 4071 1585 4137 ὲγκολπίζεσθαι,
1615 4073 1797 4138 χρείας

230 4160 277 4212 δ’
320 4162 680 4230 ἐνισταμένης
738 4163 801 4213 ὲκ
853 4161 959 4213 τῶν
1006 4160 1297 4229 βασιλικῶν
1343 4162 1694 4231 θησαυρισμά
1730 4180 1804 4214 ων

230 4253 325 4303 τὸν
372 4253 717 4322 ὀψωνιασμὸν
772 4252 848 4323 τῷ
900 4254 1139 4322 ναυτικῷ
1197 4253 1564 4322 παρέχεσθαι,
1628 4255 1683 4305 ἓδ
1718 4256 1803 4317 ξεν

230 4337 378 4394 εἶναι
410 4341 617 4411 ἀνδρῶν
645 4344 673 4394 ὁ
701 4341 975 4409 βέλτιστος
1000 4343 1093 4394 καὶ
1114 4344 1211 4412 τὴν
1234 4345 1397 4409 φύσιν
1422 4345 1528 4396 τῶν
1547 4347 1802 4412 πραγμά-

230 4449 345 4483 των
386 4434 714 4502 ἠκριϐωκὼς
746 4438 772 4486 ὁ
808 4434 1239 4487 καταποντιστοῦ
1303 4437 1528 4503 σκέμμα
1560 4439 1799 4501 εἰσενεγ-

1903 3248 2061 3300 s‘tate
2116 3263 2246 3300 vero
2303 3251 2612 3317 postulante
2666 3264 2732 3303 ex
2798 3249 3145 3317 imperatoris
3193 3247 3467 3302 thesauris

1902 3339 2171 3406 stipendia
2200 3341 2499 3407 promenda
2526 3356 2667 3394 esse.
2726 3340 2856 3406 Qua:
2879 3356 3002 3394 cum
3064 3340 3331 3404 dixisset,
3380 3340 3469 3394 vir

1901 3432 2145 3502 optimus
2196 3439 2253 3483 et
2306 3446 2488 3484 rerum
2544 3431 2907 3502 gerendarum
2957 3432 3325 3502 peritissimus
3383 3441 3469 3486 est

1904 3524 2146 3585 habitus,
2177 3536 2305 3575 cum
2344 3536 2535 3574 revera
2569 3523 2896 3577 sententiam
2940 3523 3327 3577 crudelissimo
3381 3522 3469 3591 pi-

1903 3627 2019 3670 rata
2045 3617 2261 3685 dignam
2287 3615 2530 3670 dixisset.
2556 3616 2943 3684 lmperatorem
2974 3615 3121 3669 enim
3151 3624 3469 3684 sumptuum

1908 3706 2283 3776 magnitudine
2310 3705 2532 3773 decepit
2563 3715 2619 3758 et
2643 3707 2913 3774 parvitate
2946 3707 3318 3773 impensarum
3340 3720 3470 3758 rur-

1903 3816 1998 3855 sus
2033 3799 2380 3853 exliilaravit.
2416 3800 2530 3863 Qua
2560 3799 2675 3852 sive
2701 3801 3009 3853 temeritate
3029 3798 3143 3851 sive
3175 3796 3469 3850 tenacitate

1905 3893 2107 3945 factum
2146 3899 2230 3943 est
2288 3901 2344 3942 ut
2402 3890 2592 3957 pirata:
2635 3889 2977 3956 optatissima
3032 3887 3321 3941 occasione
3361 3885 3473 3955 76

1906 3999 2054 4036 mare
2097 3991 2320 4036 teneant
2374 3989 2430 4035 et
2472 3980 2758 4033 maritimae
2810 3979 3108 4047 provinciae
3164 3978 3481 4030 latrociniis.

1904 4086 2198 4126 vexentur.
2231 4072 2387 4137 Quod
2425 4071 2471 4124 si
2519 4072 2723 4139 spicam
2752 4070 2827 4127 eia
2860 4068 2954 4137 qui
2997 4067 3135 4122 sevit
3187 4076 3469 4135 acceptam

1904 4165 2156 4227 ferimus,
2189 4172 2244 4215 et
2274 4178 2396 4215 eum
2436 4176 2655 4230 quoque
2688 4174 3016 4214 accusamus
3054 4159 3148 4227 qui
3174 4174 3280 4211 non
3315 4172 3467 4211 rese-

1905 4256 2039 4320 cuit,
2073 4270 2173 4308 nec
2219 4252 2533 4307 incendium
2591 4252 2640 4305 ei
2687 4250 2951 4304 duntaxat
3005 4250 3307 4319 imputatur
3373 4249 3471 4317 qui.

1908 4348 2087 4413 ignem
2116 4346 2322 4415 injecit,
2358 4343 2453 4397 sed
2485 4344 2533 4396 ei
2565 4346 2733 4396 etiam
2770 4343 2864 4411 qui
2897 4343 2949 4395 id
2974 4344 3315 4408 restinguere
3342 4355 3471 4393 cum

1908 4445 2090 4505 posset
2122 4436 2379 4501 noluit,et
2400 4435 2569 4503 magis
2587 4432 3041 4502 reprehendimus
3057 4447 3181 4485 eum
3208 4432 3301 4500 qui
3321 4434 3468 4499 quod

232 4523 496 4591 κάμενος,
536 4522 662 4585 Τοῖς
704 4527 811 4593 γὰρ
837 4525 1021 4594 ἀδροῖς
1051 4526 1141 4577 τὸν
1167 4526 1391 4594 βασιλέα
1430 4530 1487 4578 ἐν
1516 4526 1594 4595 τῷ
1624 4528 1796 4579 ταυτα
1829 4503 1877 4561 D

1778 4544 1796 4576 ι
1829 4503 1877 4561 D
1909 4503 2113 4581 bonum
2136 4542 2258 4581 esse
2291 4536 2450 4580 norat
2476 4542 2585 4579 non
2646 4526 2801 4585 fecit.
2854 4524 2985 4593 quid
3010 4534 3095 4577 est
3126 4523 3419 4577 dicendum
3446 4522 3470 4575 ἓ

229 4615 635 4681 εἰσηγήσασθαι
672 4618 1091 4685 παρακέκρ-ιυκε
1124 4616 1499 4684 δαπανήμασι,
1528 4618 1619 4667 καὶ
1646 4613 1801 4679 αὖθις

230 4703 311 4768 τῷ
352 4704 559 4771 μετρίῳ
590 4704 686 4771 τῆς
736 4704 1041 4772 καταδολῆς
1097 4704 1413 4771 διακὲχυκε.
1466 4706 1572 4756 Καὶ
1616 4705 1707 4755 νῦν
1738 4706 1801 4757 ἐκ

232 4794 335 4860 τῆς
394 4792 753 4855 κακοδουλξας
812 4794 1016 4863 ταύτης
1070 4794 1170 4845 εἴτ’
1205 4792 1295 4846 οὖν
1328 4798 1801 4866 σμικροπρεπείας

239 4879 779 4948 θαλασσοκρατοῦσιν
828 4884 875 4932 οί
909 4882 1188 4951 πειραταὶ,
1227 4885 1319 4934 καὶ
1352 4884 1539 4945 κακῶς
1590 4886 1803 4954 πεπρά-

231 4990 364 5039 γασι
408 4974 526 5034 ταῖς
567 4972 853 5044 λῃστρίσιν
884 4975 937 5025 αἱ
973 4974 1455 5042 παραθαλαττίδιοι
1513 4977 1799 5045 Ῥωμαίων

230 5060 432 5128 χῶραι,
494 5061 589 5113 κει)⁸
652 5062 728 5124 ὠς
784 5062 849 5115 ἂν
904 5064 1256 5129 κατεύξιιντο
1304 5067 1353 5116 οί
1412 5066 1679 5135 διάφοροι.
1737 5068 1797 5119 Εἰ

1909 4620 2146 4673 Joannes
2177 4618 2343 4686 igitur
2374 4618 2504 4670 dum
2567 4617 2781 4684 integra
2832 4616 3165 4668 auctoritate
3218 4629 3316 4682 pro
3370 4628 3468 4666 sua

1906 4712 2130 4763 libidine
2152 4712 2404 4764 versabat
2441 4710 2645 4772 omnia,
2668 4708 2990 4762 versabatur
3024 4708 3079 4761 in
3114 4707 3352 4776 publico.
3374 4720 3467 4759 ac-

1906 4816 2130 4855 curatus
2158 4811 2419 4869 quaestor,
2476 4814 2677 4868 parcus
2732 4799 3084 4867 dispensator
3116 4840 3130 4863 ,
3190 4797 3468 4851 fenerator

1902 4901 2064 4957 atque
2105 4901 2327 4943 exactor
2356 4890 2622 4943 acerbus:
2659 4890 2753 4943 sed
2808 4890 2900 4942 ubi
2961 4889 3258 4958 potentiam
3311 4903 3464 4941 suam

1903 4980 2147 5049 infringi.
2202 4981 2585 5033 auctoritatem
2666 4981 2984 5033 decrescere
3055 4978 3468 5047 potentiamque

1901 5072 2253 5141 languesct-re
2284 5071 2443 5131 vidit.
2489 5070 2633 5139 quod
2671 5071 2762 5122 alii
2797 5085 3020 5139 quoque
3049 5069 3191 5138 apud
3235 5070 3466 5137 impera-

1490 5178 1658 5238 Hier.
1710 5182 1909 5243 Wolﬁi
1961 5191 2144 5244 nota).

302 5295 415 5366 (42)
443 5295 577 5361 Περὶ
605 5290 677 5349 οὗ
717 5295 1096 5366 δηλώσομεν.
1130 5300 1265 5366 Περὶ
1281 5293 1342 5349 οἶ)
1367 5300 1423 5348 ἐν
1450 5300 1559 5359 τοῖς
1587 5298 1797 5365 ἐμπρο.

230 5364 360 5419 σθεν
388 5366 657 5436 ελέξαμεν
691 5364 807 5436 s_ive
838 5364 1079 5433 λέξομεν.
1118 5364 1399 5436 Scriptura
1430 5370 1577 5421 enim
1604 5364 1795 5435 parum

231 5434 522 5506 perspicua
555 5444 652 5487 est.
690 5433 956 5507 Fortassis
986 5439 1046 5488 τὸ
1078 5433 1386 5507 ἔμπροσθεν
1419 5453 1516 5505 pro
1543 5433 1618 5490 eo
1645 5440 1798 5504 ponit

232 5504 376 5575 quod
407 5514 534 5575 ante
575 5519 674 5556 nos
697 5514 802 5565 est,
840 5504 890 5557 id
919 5516 1021 5568 est,
1053 5508 1117 5560 ad
1144 5504 1288 5575 quod
1328 5504 1571 5560 nondum
1604 5522 1795 5574 perve-

232 5572 433 5628 tianus.
485 5572 772 5625 Barbaries
809 5576 955 5627 enim
1003 5592 1111 5630 non
1149 5572 1309 5631 modo
1357 5592 1497 5630 nova
1530 5572 1792 5630 vocabula

232 5646 424 5715 gignit,
458 5644 553 5715 sed
589 5649 750 5715 etiam
785 5653 1033 5715 veterum
1067 5648 1496 5715 signincationes
1524 5657 1715 5700 mutat.

300 5713 414 5782 με)
450 5714 577 5777 Τοῖς
600 5714 749 5773 τότε,
777 5714 839 5767 iis
863 5716 951 5782 qui
973 5726 1081 5768 tum
1103 5713 1272 5777 erant,
1304 5717 1453 5770 illius
1486 5716 1661 5769 aetatis
1692 5717 1789 5767 ho-

230 5783 494 5839 minibus.
534 5783 630 5838 Est
653 5784 1036 5853 περισσο).ογία
1065 5786 1270 5850 Graeca,
1300 5802 1420 5855 quae
1456 5787 1589 5840 citra
1620 5788 1788 5840 mole-

1902 5306 2062 5357 SIiam
2094 5304 2286 5357 Latine.
2322 5310 2405 5357 vix
2434 5302 2664 5370 exprimi
2705 5308 2915 5370 potest,
2933 5314 3110 5370 neque
3134 5297 3315 5350 debet.

1970 5376 2079 5440 .44)
2107 5375 2261 5427 Alter
2298 5376 2464 5427 codex
2498 5365 2595 5439 pro
2622 5365 2957 5440 πλευστικῷν
2986 5365 3158 5440 habet
3186 5365 3462 5440 προπεπλε-

1898 5435 2085 5495 όντωνζ
2125 5444 2355 5497 Verbum
2396 5435 2691 5510 στρατειῶν
2717 5438 3019 5510 redundare
3046 5435 3303 5489 arbitrer.
3342 5435 3455 5510 Ne-

1898 5528 2003 5579 que
2032 5514 2176 5565 enim
2208 5514 2440 5566 militare
2465 5505 2548 5565 est
2582 5510 2847 5578 pendere,
2876 5507 2972 5560 sed
3003 5517 3330 5579 estorquere
3367 5505 3467 5557 tri-

1901 5576 2114 5645 butum,
2146 5593 2205 5635 et
2242 5576 2643 5649 προσπλέοντας
2682 5588 3019 5649 mercatores
3049 5576 3315 5642 intelligo.

1971 5652 2080 5719 (55)
2104 5641 2500 5721 Ἐὺὰᾖχαλον.
2524 5641 2701 5721 Quod
2723 5648 2868 5700 ulnis
2900 5645 3055 5721 facile
3100 5641 3467 5721 conlprehen‘

1899 5714 2128 5777 dit'ur'et
2159 5714 2395 5788 tenetur,
2421 5731 2475 5777 et
2514 5714 2738 5789 [irainde
2771 5732 2877 5771 non
2900 5718 3047 5787 justo
3083 5714 3278 5782 majus.
