4272 6356
763 388 865 446 395

1988 384 2283 445 NlCET.i§
2327 381 2736 442 ΕΠΟΧΙᾹΤΕ

3886 389 3993 454 εθῦ

3889 431 3916 450 υ

3889 431 3916 450 υ

761 504 993 566 inissent,
1023 516 1116 554 rex
1167 514 1263 568 per
1305 498 1494 552 urbem
1546 496 1777 552 ulterius
1806 498 2064 565 perrexit.
2100 495 2329 562 Quidam
2361 496 2405 550 Λ
2437 494 2448 543 ἐ

2315 510 2329 546 ι
2361 496 2405 550 Λ
2437 493 2702 560 ἐφιεμένη
2734 490 2932 561 μικροῦ
2967 491 3077 543 δεῖν
3107 491 3391 563 ἐστήριξεν
3426 491 3490 548 ἂν
3543 493 3604 547 τὸ
3649 496 3794 567 κάρη
3819 501 3876 561 ἐς
3903 503 4002 554 ού-

758 608 891 646 vcro
941 607 1009 646 ex
1059 593 1178 661 ejus
1223 590 1469 659 cognatis
1505 598 1742 659 aegrotus
1794 591 1844 640 in
1924 589 2058 642 urbe
2109 587 2326 648 mansit;

757 699 920 752 quem
953 683 1181 736 Romani
1214 681 1464 750 quidam,
1503 681 1757 735 homines
1793 677 2028 747 improbi
2057 718 2070 739 ,
2097 680 2189 747 qui
2221 695 2329 730 ma-

759 789 863 828 nus
891 790 999 827 non
1031 772 1096 825 ad
1131 788 1305 836 arma,
1330 773 1422 826 sed
1444 771 1510 824 ad
1539 773 1760 838 rapinas
1782 770 2006 822 cdoctas
2031 770 2328 834 habebam,

759 881 865 919 una
889 881 1012 918 eum
1036 864 1343 918 diversorio
1366 875 1419 916 et
1451 863 1516 916 iis
1540 877 1661 930 quae
1694 862 1841 915 intus
1872 870 2025 915 erant
2059 871 2325 915 cremant.

754 957 873 1022 Quo
904 955 1188 1010 Conradus
1217 956 1433 1024 eugnito
1463 954 1536 1022 (id
1555 954 1700 1007 enim
1728 955 1836 1022 regi
1870 952 2219 1016 nomenerat)
2248 956 2331 1006 u'-

756 1049 958 1102 tionem
988 1047 1266 1101 Friderico
1288 1046 1472 1115 nepoti
1495 1046 1737 1099 mandat.
1767 1046 1892 1110 Qui,
1927 1055 1982 1098 ut
2016 1044 2125 1114 85
2163 1044 2329 1098 homo

765 1144 814 1192 3t
846 1145 1041 1190 natura
1073 1136 1222 1189 l'erox
1254 1143 1310 1189 et
1346 1143 1461 1187 tum
1499 1136 1578 1188 ira
1619 1144 1857 1187 :estuans
1881 1173 1894 1196 ,
1933 1135 2325 1187 monasterium

757 1229 812 1281 in
850 1243 958 1295 quo
989 1227 1287 1281 diverterat
1315 1236 1551 1296 aegrotus
1585 1226 1826 1278 incendit
1852 1267 1865 1289 ,
1901 1226 2327 1294 comprehensos

751 1318 945 1388 capitis
980 1318 1290 1379 damnavit,
1316 1327 1370 1370 et
1396 1316 1664 1385 perditam
1691 1315 1979 1384 pecuniam
2018 1314 2322 1383 inquisivit.

752 1411 886 1476 Qua!
920 1426 1011 1464 res
1043 1426 1236 1479 pugna:
1282 1423 1444 1462 causa
1479 1407 1581 1460 fuit
1614 1426 1625 1460 :
1663 1408 1756 1461 sed
1786 1424 1910 1460 eum
1944 1407 2173 1459 aliorum
2210 1416 2323 1459 tum

751 1502 1020 1557 Prusuclii
1055 1501 1238 1555 studio
1271 1515 1375 1568 pax
1407 1500 1550 1553 facta
1585 1510 1687 1554 est.
1726 1502 1776 1552 ls
1809 1501 1955 1552 enim
1990 1499 2164 1554 tribus
2218 1498 2320 1550 llu-

753 1596 899 1658 viis,
949 1594 1040 1661 qui
1095 1609 1192 1662 per
1240 1601 1459 1661 pontem
1492 1591 1767 1659 lapideum
1805 1600 2122 1653 transeunt,
2182 1604 2325 1657 equo

751 1685 1024 1754 superatis
1047 1725 1060 1745 ,
1100 1683 1442 1740 Friderieum
1480 1684 1676 1735 iratum
1712 1681 1998 1743 convenit,
2031 1680 2262 1749 mitigat,
2292 1695 2321 1732 a

749 1776 1031 1845 proposito
1059 1773 1306 1828 abducit.
1334 1774 1544 1826 Rursus
1576 1773 1740 1839 igitur
1789 1779 1976 1839 pacate
2031 1770 2321 1837 tranquille

747 1867 1111 1936 expediteque
1141 1865 1462 1934 procedunt.
1491 1863 1615 1916 Post
1641 1863 1758 1915 dics
1778 1862 1988 1930 aliquot
2010 1861 2063 1915 lo
2093 1861 2320 1915 Cinere-

750 1959 1049 2011 baelzorum
1103 1956 1384 2021 planitiem
1429 1955 1800 2023 perveniunt,
1860 1962 2037 2008 castra
2087 1953 2316 2006 locant:

748 2051 841 2103 sed
879 2050 1100 2110 vallum,
1134 2057 1193 2101 ut
1226 2063 1328 2102 nec
1358 2049 1410 2100 in
1439 2045 1653 2115 reliquo
1681 2056 1795 2100 toto
1829 2045 2046 2103 itinere,
2083 2059 2192 2096 non
2225 2043 2323 2096 ob-

744 2143 974 2204 ducunt,
1003 2142 1246 2195 Romana
1278 2141 1379 2194 ﬁde
1410 2149 1466 2193 ct
1494 2139 1744 2206 pactione
1769 2136 1912 2188 freti.
1943 2137 2177 2203 Campos
2200 2135 2322 2187 illos

746 2233 944 2284 lluvius
967 2229 1129 2283 Melas
1151 2229 1390 2298 perﬂuit,
1415 2243 1592 2295 neque
1623 2227 1764 2280 latus
1790 2240 1965 2294 neque
1995 2224 2318 2293 profundus;

745 2325 840 2390 qui
902 2331 1089 2376 aestate
1141 2336 1398 2374 arescens
1433 2320 1486 2372 in
1521 2318 1833 2387 voraginem
1890 2318 2140 2370 limosam
2190 2317 2320 2370 coit.

744 2417 887 2481 Ager
922 2413 1069 2464 enim
1108 2425 1272 2478 quem
1323 2408 1558 2470 transit,
1611 2423 1720 2460 non
1766 2421 2034 2458 arenosus
2086 2415 2171 2458 est
2227 2405 2322 2458 sed

752 2503 1017 2556 lt‘t‘lllldus
1039 2545 1051 2565 ,
1090 2511 1146 2554 et
1175 2501 1229 2553 in
1262 2501 1404 2554 altos
1458 2501 1639 2553 sulcos
1673 2507 1855 2551 aratro
1911 2497 2282 2566 proscinditur
2305 2538 2320 2560 ,

736 2597 857 2665 ,εδ
885 2595 1062 2647 liieme
1099 2608 1234 2645 vero
1269 2601 1364 2644 aut
1399 2591 1611 2660 rapidis
1644 2590 1916 2643 imbribus
1949 2606 2014 2643 ex
2052 2604 2217 2657 parvo
2264 2593 2324 2641 tit

749 2689 1012 2738 maximus
1041 2692 1096 2737 et
1135 2683 1438 2736 vorticosus
1463 2721 1476 2744 ,
1515 2690 1576 2736 ut
1625 2696 1773 2736 mare
1807 2682 1987 2750 potius
2020 2697 2180 2750 quam
2217 2682 2321 2734 llu-

752 2793 875 2829 incn
905 2776 1177 2838 videatur;
1206 2791 1304 2827 nec
1329 2776 1437 2843 jam
1463 2774 1620 2836 vado,
1647 2775 1740 2827 sed
1765 2775 1997 2829 navibus
2028 2773 2318 2842 trajicitur,

748 2879 800 2920 «ιι
837 2879 1121 2920 ventorum
1155 2867 1410 2934 procellis
1437 2867 1741 2934 exagitatus
1769 2867 1943 2918 vicina
1970 2881 2092 2916 rura
2119 2873 2316 2925 vastat,

750 2962 988 3012 viatores
1019 2967 1286 3019 moratur,
1317 2957 1553 3025 denique
1580 2973 1772 3010 noxam
1802 2956 2092 3025 quamdam
2119 2971 2319 3024 reprae-

750 3063 947 3106 sentat.
989 3052 1037 3104 Is
1075 3053 1238 3121 igEtur
1271 3063 1484 3105 torrens
1540 3063 1652 3104 tum
1701 3052 1970 3104 imbribus
2020 3061 2214 3104 auctus
2265 3059 2320 3104 et

2439 587 2620 652 ρανδν,
2656 585 3029 652 χαμαιϐἀμων
3059 582 3193 637 οὖσα
3237 589 3304 640 τὰ
3341 586 3532 656 πρῶτα
3561 589 3657 640 καὶ
3682 590 3913 657 χθόνιος,
3950 594 4001 644 εί

2436 676 2511 745 μὴ
2544 678 2573 728 ό
2605 676 2792 744 ῥηθεὶς
2834 675 3161 744 προφθάσας
3208 679 3501 748 ἀρχιερεὺς
3538 681 3628 732 τὸν
3669 683 3812 751 ρἦα
3852 687 4003 750 γινό-

2435 783 2596 834 μενον
2618 768 2718 835 ἤδη
2751 766 3151 836 παλίνστροςρον
3180 769 3274 822 καὶ
3317 770 3555 838 πόλεμον
3612 773 3845 824 πνέοντα
3889 779 4005 839 τοῖς

2429 859 2653 919 οἰκείοις
2688 858 3034 928 θελκτηρίοις
3065 859 3339 928 ἐμάλθαξε
3367 861 3464 912 καὶ
3484 863 3717 932 ἠρεμεῖν
3743 865 4001 918 ἀνέπεισε

2432 948 2580 1016 παρὰ
2612 950 2792 1014 δόξαν,
2832 951 2932 1003 ὅσα
2967 951 3060 1003 καὶ
3089 950 3235 1019 θῆρα
3274 951 3576 1021 βασιλικὸν,
3628 947 3672 1020 ᾧ
3710 956 3807 1024 οὐχ
3831 957 4003 1009 ἕωλον

2430 1040 2488 1091 τὸ
2523 1040 2780 1108 ἐστίαμα,
2807 1043 2873 1110 τῇ
2906 1041 3108 1109 άλκαίᾳ
3158 1042 3603 1112 ύπονυσσόμενον
3641 1044 3729 1115 [Ρ.
3760 1046 3854 1118 43]
3900 1049 4000 1100 καὶ

2430 1134 2565 1202 πρὸς
2595 1130 2815 1199 ἅλματα
2843 1131 3299 1201 διερεθιζόμενον.
3345 1134 3498 1187 Ἐπεὶ
3539 1136 3597 1187 δέ
3634 1137 3725 1187 καὶ
3757 1140 3898 1191 κατὰ
3938 1138 4000 1190 ca

2429 1223 2657 1294 εὐερκὲς
2690 1223 2978 1294 Ἀδριανοῦ
3030 1227 3272 1294 πόλισμα
3316 1225 3386 1278 τὰ
3431 1229 3819 1298 στρατεύματα
3853 1233 4004 1294 ξυνε-

2429 1317 2684 1387 λέγησαν,
2715 1319 2742 1370 ὁ
2770 1317 2873 1383 μέν
2905 1317 3004 1388 ρὴξ
3026 1317 3116 1370 διὰ
3147 1321 3246 1388 τῆς
3272 1318 3480 1380 πόλεως
3516 1321 3713 1383 ἐλάσας
3734 1322 3831 1391 τῆς
3856 1338 3999 1390 πραι-

2428 1410 2688 1479 κειμένης
2715 1410 2917 1478 εἴχετο,
2974 1409 3230 1478 νοσηλείᾳ
3279 1411 3336 1462 δέ
3385 1429 3469 1472 τις
3507 1412 3760 1480 σώματος
3795 1414 3902 1467 τῶν
3936 1416 3997 1482 ἐξ

2425 1502 2660 1570 αἵματος
2715 1503 2910 1571 ἐκείνῳ
2974 1502 3292 1572 περιπεσὼν
3358 1505 3499 1558 κατὰ
3554 1505 3652 1572 τὴν
3707 1507 3996 1577 ’Δδριανοῦ

2427 1593 2762 1665 ἐνηυλίζετο.
2813 1594 3100 1664 Ῥωμαίων
3151 1595 3209 1647 δέ
3263 1611 3405 1657 τινες
3451 1597 3722 1668 ἀνάρσιοι,
3753 1601 3848 1650 καὶ
3896 1601 3996 1661 τὲς

2427 1691 2614 1756 χεῖρας
2666 1687 2767 1738 οὒκ
2807 1689 2889 1748 εἰς
2935 1685 3222 1754 ὁπλισμὸν,
3269 1685 3654 1755 λημματισμόν
3703 1689 3760 1741 δέ
3794 1691 3998 1758 μᾶλλον

2425 1778 2820 1847 δεδιδαγμένοι,
2862 1777 3056 1840 νυκτὸς
3091 1776 3408 1844 ἐπιθέμενοι
3437 1782 3501 1847 τῇ
3544 1786 3838 1850 καταγωγῇ
3881 1783 3997 1852 πῦρ

2425 1889 2481 1923 τε
2517 1872 2825 1939 ὑφάπτουσι
2859 1870 2953 1921 καὶ
2989 1869 3078 1921 τὸν
3116 1868 3284 1938 ἄνδρα
3318 1873 3432 1933 τοῖς
3467 1871 3650 1923 ἐνοῦσι
3701 1889 3991 1939 συγκατα-

2423 1963 2711 2030 φλέγουσι.
2745 1962 2917 2014 Τοῦτο
2971 1961 3157 2028 μαθὼν
3212 1960 3241 2012 ὁ
3289 1962 3569 2031 Κορῤάδος
3620 1962 3783 2030 (οὕτω
3823 1967 3932 2032 γάρ
3966 1965 3995 2015 ὀ

2425 2055 2526 2126 ρὴξ
2557 2053 2892 2123 ὠνομάζετο)
2925 2053 3215 2118 ἐπιτρέπει
3248 2054 3313 2104 τα
3339 2052 3442 2120 τῆς
3475 2053 3691 2123 ἀμύνης
3727 2053 3803 2123 τῷ
3831 2055 3998 2107 ἀδελ-

2425 2148 2563 2217 φιδῷ
2593 2147 2705 2217 (59)
2740 2146 3073 2217 Φρεδερίχῳ.
3115 2146 3178 2200 Ὀ
3218 2146 3397 2199 δὲκαὶ
3440 2145 3620 2208 ἄλλως
3654 2146 3730 2198 ὢν
3781 2163 3997 2216 φρονη-

2427 2238 2651 2307 ματίας,
2682 2239 2804 2290 τότε
2833 2238 2890 2290 δὲ
2925 2240 3019 2291 καὶ
3047 2238 3126 2308 τῷ
3155 2238 3318 2290 πάθει
3360 2239 3739 2306 νενικημένος,
3780 2241 3994 2291 ἐπανα-

2425 2331 2684 2401 στραφεὶς
2710 2331 2768 2383 τό
2797 2346 2854 2382 τε
2898 2331 3042 2399 ίερδν
3079 2331 3325 2399 σεμνεῖον
3353 2330 3536 2399 τίθησι
3579 2331 3753 2398 πνρδς
3784 2349 3999 2400 παραν-

2424 2424 2651 2492 άλωμα,
2681 2425 2738 2474 ἐν
2793 2416 2836 2488 ᾧ
2872 2423 3127 2475 κατέλυεν
3161 2425 3187 2474 ὁ
3211 2421 3512 2490 Ἀλαμανὺς
3547 2421 3681 2492 (60).
3725 2425 3816 2475 καὶ
3868 2426 3999 2487 tot;

2426 2515 2860 2585 συλλαὸομένους
2887 2513 2982 2566 τού
3009 2515 3170 2582 ἔργου
3201 2512 3494 2576 ύπεδὶκαζε
3522 2514 3760 2584 θανάτῳ,
3806 2514 4000 2579 ἐξέτα-

2427 2627 2510 2662 σιν
2541 2609 2669 2679 περὶ
2721 2609 2828 2660 τῶν
2871 2605 3228 2659 ἀπολωλότων
3280 2606 3580 2674 χρημάτων
3647 2607 3995 2676 ποιούμενος.

2424 2702 2532 2752 Καὶ
2562 2699 2720 2752 τοῦτο
2753 2699 2930 2768 μάχης
2953 2698 3243 2767 παραίτιον
3272 2696 3502 2761 γίνεται.
3528 2695 3666 2747 Ἀλλ’
3692 2698 3998 2763 ἐπεγέλασε

2423 2792 2516 2844 καὶ
2556 2791 2722 2844 πάλιν
2749 2793 3119 2858 κουροτρόφος
3143 2787 3333 2857 εἰρήνη
3365 2803 3470 2848 τις,
3527 2791 3621 2840 καὶ
3677 2789 3852 2842 ἄλλων
3895 2791 3998 2857 μὲν

2424 2887 2487 2935 ὲκ
2519 2883 2626 2946 τῶν
2656 2884 2712 2933 ἐν
2740 2880 2883 2932 τέλει
2928 2879 3214 2947 Ῥωμαίων
3263 2877 3723 2931 κατασὸεσάντων
3767 2881 3860 2932 τὸν
3893 2881 3997 2932 πό-

2424 2975 2610 3041 λεμον,
2650 2971 2887 3039 μάλιστα
2913 2969 2968 3020 δὲ
2993 2969 3086 3020 τοῦ
3110 2969 3395 3036 Προυσοὺχ
3423 2968 3743 3036 ἐξηνυκότος
3779 2971 3838 3019 τὸ
3863 2974 3996 3022 πᾶν,

2424 3057 2594 3125 Οὗτος
2623 3065 2730 3133 γὰρ
2755 3065 2864 3124 τοῖς
2899 3064 3164 3128 ποταμοῖς
3195 3062 3285 3111 τὸν
3319 3062 3486 3112 ἵππον
3520 3061 3680 3128 ἀφεὶς
3797 3061 3998 3130 ἔποχος

753 3159 915 3200 noctu
967 3163 1030 3200 cx
1084 3148 1378 3214 improviso
1452 3146 1561 3199 late
1644 3146 1783 3199 ultra
1858 3147 2002 3214 ripas
2062 3146 2268 3199 ellusus
2305 3185 2318 3206 ,
2350 3153 2440 3228 οἳ

2312 3185 2318 3206 ›
2350 3174 2391 3228 C
2427 3153 2516 3226 ἧν,
2542 3157 2592 3207 οἳ
2626 3157 2875 3225 σύντρεις
2898 3154 2986 3206 διὰ
3007 3155 3104 3222 τῆς
3136 3156 3313 3205 ἐκεῖσε
3341 3153 3550 3221 λιθίνης
3573 3154 3815 3221 γεφύρας
3843 3154 3999 3205 διαυ-

753 3254 858 3292 non
890 3253 1050 3291 secus
1078 3255 1140 3290 ac
1175 3237 1216 3289 si
1250 3236 1370 3290 cosli
1405 3246 1693 3290 cataracta:
1729 3247 1935 3304 aperue
1969 3245 2152 3289 essent
2186 3279 2199 3299 ,
2255 3250 2323 3288 ex

751 3338 949 3382 castris
1005 3330 1436 3381 Alcmaonorum
1499 3344 1606 3380 non
1671 3328 1832 3380 modo
1893 3345 2075 3387 arma,
2131 3327 2318 3395 phale-

749 3436 840 3472 ras
891 3435 1159 3488 equorum
1191 3458 1204 3480 ,
1263 3428 1443 3472 vestes
1491 3429 1546 3472 et
1597 3420 1639 3471 si
1695 3433 1802 3487 qua
1840 3418 1942 3472 alia
1985 3435 2012 3470 a
2058 3419 2323 3487 jumeutis

748 3513 1115 3572 vehebantur,
1159 3509 1255 3563 scd
1298 3511 1463 3562 etiam
1500 3526 1694 3578 equos,
1735 3511 1913 3564 mulos
1943 3519 1992 3563 et
2031 3510 2178 3562 viros
2227 3525 2322 3562 ar-

752 3613 928 3656 matos
963 3603 1203 3671 abripuit
1251 3619 1262 3653 :
1303 3603 1673 3669 spectaculum
1727 3617 1858 3656 sane
1910 3602 2219 3654 miserabile
2269 3609 2325 3654 et

751 3698 1140 3764 Iacrymosum.
1169 3693 1385 3746 Cadunt
1418 3693 1534 3746 sine
1566 3693 1732 3755 bello,
1770 3693 2057 3747 cazduntur
2102 3694 2322 3746 nemine

751 3786 1014 3838 tut-dente.
1055 3784 1174 3837 Non
1233 3793 1457 3837 statura:
1538 3784 1843 3852 proceritas
1878 3823 1891 3844 ,
1949 3799 2057 3836 non
2120 3784 2321 3835 invicta

751 3878 894 3931 bello
930 3876 1152 3929 dextera
1192 3876 1487 3944 quidquam
1520 3877 1639 3943 opis
1673 3876 1814 3928 Iulit.
1870 3875 2107 3929 Pereunt
2155 3875 2326 3927 instar

752 3968 883 4020 [mni
923 4004 937 4028 ,
996 3965 1168 4018 instar
1225 3967 1506 4034 palearum
1559 3966 1899 4034 dissipantur
1929 4005 1942 4028 ,
1987 3980 2111 4020 cum
2149 3965 2322 4018 atroci

748 4060 856 4130 37
894 4069 949 4112 et
983 4057 1204 4110 immani
1237 4057 1482 4122 ululatu;
1519 4065 1576 4109 ut
1611 4058 1704 4126 qui
1733 4073 1853 4111 eam
1887 4073 2001 4111 rem
2043 4057 2320 4119 viderunt,

751 4152 992 4204 numinis
1022 4152 1158 4203 iram
1207 4161 1385 4205 castra
1422 4151 1849 4205 Alemannorum
1897 4151 2161 4205 invasisse
2202 4165 2322 4204 crc-

750 4245 969 4305 tler'ent,
1033 4243 1106 4296 ita
1170 4243 1351 4295 subita
1393 4243 1752 4296 inundatione
1801 4256 2064 4310 Oppressa
2109 4250 2169 4294 ut
2219 4255 2320 4295 nec

747 4335 916 4388 vitam
958 4350 1108 4387 suam
1140 4335 1279 4387 tueri
1316 4344 1560 4402 possent.
1595 4334 1723 4403 Ejus
1755 4335 1920 4403 igitur
1955 4335 2135 4388 noctis
2178 4350 2323 4387 som—

750 4441 857 4478 nus
887 4425 1010 4477 aliis
1043 4425 1348 4489 interitum,
1385 4425 1508 4478 aliis
1543 4426 1812 4494 jacturam
1844 4440 2028 4478 rerum
2071 4425 2318 4477 omnium

2426 3247 2764 3310 λωνίζονται,
2803 3245 2877 3306 ὼς
2911 3247 3002 3296 τὸν
3033 3244 3360 3314 Φρεδερίχον
3412 3245 3862 3312 παραγενόμενος
3903 3244 3999 3312 ὀρ·

2424 3341 2590 3406 γίλως
2619 3356 2675 3390 τε
2701 3338 2892 3389 τοῦτον
2931 3339 3124 3405 ἔχοντα
3159 3337 3510 3404 κατεπράϋνε
3560 3335 3650 3386 καὶ
3699 3333 3798 3401 τῆς
3854 3337 4003 3400 γνώ-

2431 3449 2536 3500 μης
2567 3431 2869 3500 μετακινεῖ.
2906 3429 3077 3480 Πάλιν
3137 3426 3230 3479 οὖν
3284 3427 3518 3496 σταθμοί
3568 3443 3625 3477 τε
3657 3421 3799 3495 ἦσαν
3844 3429 4002 3495 εἰρη-

2423 3525 2561 3576 ναῖοι
2585 3522 2678 3574 καὶ
2711 3520 3065 3589 παρασάγγαι
3096 3519 3405 3588 ιριλήσυχοι,
3437 3518 3533 3570 καὶ
3560 3521 3592 3586 ἡ
3620 3519 3676 3580 ἐς
3707 3520 3774 3572 τα
3807 3519 4004 3586 πρόσω

2424 3612 2594 3673 δίοδος
2626 3609 2965 3670 εύδιάὸατος.
3021 3605 3145 3677 Εἶχε
3176 3609 3353 3660 τοίνυν
3407 3608 3525 3676 μεθ’
3549 3608 3762 3678 ἡμέρας
3795 3610 3998 3670 αὐτοὺς

2425 3707 2456 3771 ἡ
2515 3702 2619 3754 τῶν
2675 3700 3067 3769 Χοιροεάκχων
3117 3700 3266 3750 πᾶσα
3330 3700 3635 3767 ἱππήλατος
3687 3700 4002 3767 πηγνύντας

2428 3793 2816 3865 στρατόπεδον,
2850 3793 2908 3843 ού
2946 3792 3051 3859 μὴν
3083 3792 3176 3843 καὶ
3236 3789 3532 3858 βάλλοντας
3556 3791 3774 3859 χάρακα
3794 3803 3808 3817 ⁸
3837 3789 4000 3842 τοῦτο

2427 3885 2534 3952 γάρ
2555 3884 2621 3936 δι’
2649 3884 2784 3935 ὅλων
2815 3876 2885 3950 ἦν
2915 3881 3097 3940 αὐτοῖς
3143 3881 3250 3932 τῶν
3285 3879 3545 3949 σταθμῶν
3597 3880 3845 3943 πισύνοις
3876 3876 4000 3932 οὖσι

2424 3980 2538 4039 τοῖς
2573 3977 2724 4045 παρὰ
2778 3974 3075 4041 Ῥωμαίων
3125 3971 3311 4039 ὅρκοις
3358 3973 3452 4025 καὶ
3502 3973 3622 4033 ταῖς
3665 3972 3996 4038 ξυμϐάσεσι.

2427 4066 2712 4134 Παραρρεῖ
2734 4063 2788 4114 δὲ
2820 4062 2940 4122 ταῖς
2977 4061 3156 4112 ἐκεῖσε
3187 4059 3401 4111 πεδιάσι
3431 4060 3674 4127 ποταμὸς
3697 4062 3758 4111 ού
3787 4061 4000 4122 πλατὺς

2424 4161 2484 4212 τὸ
2535 4157 2770 4228 ῥεῖθρον,
2825 4155 2885 4205 ού
2939 4152 3106 4221 βαθὺς
3149 4152 3246 4220 τὴν
3280 4152 3605 4219 περαίωσιν,
3641 4151 3826 4212 Μέλας
3876 4151 4004 4203 τοῦ-

2424 4265 2584 4318 νομα.
2627 4241 2792 4308 οὗτος
2821 4244 2999 4297 τοίνυν
3028 4243 3220 4310 θέρους
3257 4241 3353 4310 μέν
3385 4241 3687 4310 λειψυδρὼν
3735 4243 3791 4302 ἐς
3823 4244 4002 4309 χαρά.

2424 4343 2556 4412 δραν
2584 4339 2878 4404 συνάγεται
2907 4333 3210 4403 τεναγώδη.
3241 4335 3323 4385 ὅτι
3355 4334 3490 4401 μηδὲ
3540 4333 3627 4384 διὰ
3661 4333 4000 4402 ψαμμώδους

2427 4432 2641 4500 πρόεισι
2663 4428 2789 4497 γῆς,
2807 4427 2920 4480 ἀλλ’
2947 4425 3285 4496 ἐριϐώλακος
3305 4425 3522 4492 ἁπάσης
3538 4425 3648 4492 ,καὶ
3670 4425 3747 4486 είς
3773 4425 4002 4493 βαθεῖαν

747 4518 955 4570 attulit.
996 4521 1063 4568 At
1109 4533 1200 4569 rex
1246 4533 1312 4570 eo
1357 4533 1486 4570 casu
1540 4526 1945 4581 consternatus,
2006 4515 2321 4584 ferociaque
2355 4504 2434 4571 Di

2312 4504 2397 4569 BD
2430 4522 2758 4592 σχιζομένης
2809 4520 3035 4588 ἀρόταις
3087 4517 3272 4585 βουσῖν
3330 4514 3578 4568 αὔλακα·
3627 4514 3899 4581 χειμῶνος
3955 4515 3999 4564 δ’

749 4609 1001 4662 nonnihil
1054 4610 1307 4671 remissa,
1359 4609 1636 4661 admirans
1690 4608 1952 4662 Romanis
1994 4608 2158 4663 etiam
2209 4610 2325 4664 ele-

748 4711 934 4755 menta
959 4703 1170 4754 servire
1198 4711 1253 4753 et
1279 4701 1406 4752 anni
1437 4707 1704 4767 tempora,
1737 4715 1860 4752 cum
1887 4714 2027 4768 Opus
2058 4701 2147 4765 sit,
2174 4702 2320 4754 vices

749 4809 877 4846 suas
910 4803 1248 4860 permutare,
1284 4791 1410 4845 inde
1441 4791 1716 4846 discessit.
1762 4790 1898 4844 Cum
1930 4801 2111 4845 autem
2154 4807 2320 4860 prope

752 4887 945 4938 urbem
1000 4885 1408 4952 impcratricem
1455 4885 1714 4945 venisset,
1757 4884 2088 4936 evcercitum
2137 4883 2320 4936 statim

750 4977 1003 5044 trajicere
1067 4984 1293 5028 coactus
1343 4984 1445 5038 est,
1508 4975 1757 5043 quamvis
1820 4975 1949 5027 dum
2005 4975 2060 5029 in
2112 4974 2318 5036 Peraea,

749 5084 870 5137 qua“:
903 5067 1124 5120 l’icridii
1182 5068 1509 5136 appellatur,
1548 5077 1725 5120 castra
1762 5066 2012 5129 haberet,
2049 5068 2320 5136 principio

750 5167 1034 5221 renueret,
1060 5173 1124 5213 ac
1159 5173 1328 5226 penes
1374 5173 1434 5212 se
1476 5173 1618 5220 esse,
1654 5171 1836 5210 utrum
1874 5157 2124 5227 trajicere
2157 5158 2321 5210 vellet

751 5266 949 5314 necne,
976 5249 1192 5318 stupide
1237 5250 1492 5318 jactarct.
1521 5249 1708 5317 Itaque
1732 5250 1941 5302 nullum
1974 5265 2080 5303 non
2117 5249 2318 5317 navigii

747 5358 922 5412 genus
951 5344 1006 5396 in
1041 5341 1478 5410 tranSportandis
1507 5341 1822 5396 Alemannis
1842 5340 1945 5394 luit
1973 5352 2318 5410 occupatum.

2424 4615 2728 4682 ἐφεστῶτος
2779 4611 2812 4680 ἢ
2878 4609 3154 4680 ραγδαίων
3203 4596 3376 4662 ὑετῶν
3443 4607 3880 4674 κατενεχθέντων
3937 4607 3999 4656 ἐκ

2428 4703 2626 4775 μικροῦ
2655 4705 2913 4771 μέγιστος
2945 4701 3172 4767 γίνεται,
3209 4699 3303 4751 καὶ
3349 4698 3561 4765 προσας
3594 4700 3650 4758 ἐς
3701 4695 4000 4764 βαθυδίνην

2427 4801 2492 4848 ἐκ
2533 4793 2772 4862 πονηροῦ
2805 4793 2898 4845 καὶ
2923 4791 3190 4843 λακκαίου
3230 4789 3594 4840 άνοιδαίνεται
3638 4788 3854 4847 ὓδατος,
3893 4789 3988 4838 καὶ⁵

2426 4883 2730 4942 θαλάσσαις
2775 4880 2949 4933 θέλων
2985 4875 3439 4940 συνεξετάζεσθαι
3469 4875 3561 4926 καὶ
3594 4875 3841 4940 ποταμὸς
3867 4875 4000 4924 οὐκ·

2429 4978 2503 5030 ἐτ’
2557 4975 2882 5044 ἀνεχόμενος
2935 4966 3074 5024 εἶναι
3106 4972 3187 5033 εις
3238 4967 3492 5035 φλοῖσϐον
3539 4964 3869 5034 τραχύνεται
3906 4965 3999 5016 καὶ

2431 5068 2642 5129 πλωτὸς
2671 5068 2735 5116 ἐκ
2768 5061 2930 5134 βατοῦ
2962 5061 3174 5129 γίνεται
3207 5059 3301 5112 καὶ
3329 5059 3626 5125 διεκχεῖται
3659 5058 3736 5116 εἰς
3765 5055 3994 5116 πλάτος.

2429 5161 2647 5228 Ἀμέλει
2679 5157 2772 5209 καὶ
2833 5153 3312 5224 διαρῤιπιζόμδνος
3367 5150 3672 5217 πνεύμασιν
3721 5149 3803 5209 εἰς
3844 5147 3997 5214 κῦμα

2433 5250 2847 5319 μετεωρίζεται,
2901 5244 3195 5298 κάντεῦθεν
3247 5243 3420 5310 ἄχνην
3467 5242 3764 5290 ἀποπτυων
3808 5237 3900 5288 καὶ
3934 5241 3994 5311 τῇ

2430 5342 2629 5410 γείτονι
2659 5341 2839 5410 χέρσῳ
2867 5336 3125 5409 ὑϐριστὴς
3162 5331 3563 5403 προσαράσσων
3599 5329 3794 5390 πίνους
3823 5345 3996 5395 παρ,-

2020 5501 2192 5562 Hier.
2243 5499 2442 5561 Wollii
2489 5506 2677 5559 notia.

823 5661 934 5732 ('59)
992 5657 1076 5724 Τῷ
1109 5654 1432 5732 ᾀᾷελφιδῷ.
1484 5652 1701 5732 Πέμπει
1734 5649 1825 5732 τζιν
1872 5647 2119 5732 άδελφδν.
2150 5644 2317 5732 αὐτοῦ

751 5717 1088 5798 Φρὶδέρῖχον.
1127 5717 1476 5798 Υτοόὶιπὶευῐη
1512 5717 1651 5778 alter
1685 5720 1856 5775 codex
1886 5717 2145 5783 Conradi,
2187 5717 2322 5768 alter

748 5797 933 5856 fratris
960 5803 1080 5868 ejus
1111 5799 1280 5850 lilium
1322 5797 1470 5848 lacit.

2504 5646 2614 5712 (60)
2646 5641 2784 5710 Quid
2813 5638 2977 5710 χαοῦν
3007 5639 3118 5712 sit,
3161 5636 3266 5694 nisi
3300 5637 3376 5702 εἰς
3413 5633 3542 5704 χαις
3583 5627 3856 5694 ἀναλύειν,
3896 5627 3994 5683 huc

2430 5729 2514 5771 est
2544 5707 2848 5782 ἀφανίζειν,
2887 5724 2993 5764 non
3025 5707 3207 5765 video.
