4272 6356
230 359 331 424 ιοι

1274 364 1371 423 ΒΕ
1414 362 1789 423 MANUELE
1834 364 2199 424 COI‘JNENO
2245 366 2387 424 LIB.
2436 364 2487 423 Ι.

3378 356 3483 417 402

230 469 364 545 ὖχθῃ
405 475 745 546 παρέτειναν,
784 477 879 529 καὶ
906 477 966 529 τὸ
1004 476 1231 530 ἱππικὸν
1273 478 1348 542 ὡς
1402 481 1584 543 αὑτοῖς
1634 479 1809 532 ἐδόκει
1837 474 1917 533 Al

1795 499 1809 531 ι
1837 474 1887 533 Δ
1913 479 2051 542 cliti,
2092 479 2310 543 divites,
2340 476 2529 532 multis
2552 472 2809 545 gentibus
2840 472 3196 541 imperantes,
3223 470 3482 524 thoraces

231 568 700 635 παρεσκευάζετο,
758 569 852 622 καὶ
887 572 983 621 τοῦ
1045 570 1447 640 ἁκροὸολισμοῦ
1502 574 1728 642 εἴχοντο,
1762 573 1813 625 εἴ

229 673 358 709 ποτε
389 658 749 727 προύχώρουν
782 661 831 712 οἱ
873 660 1064 713 Ἰταλοὶ
1094 662 1235 714 κατὰ
1265 662 1359 715 τὸν
1407 665 1651 731 ποταμόν
1673 680 1686 694 ο
1721 665 1807 716 ὅτε

228 749 319 800 καὶ
336 751 430 801 th:
463 751 643 814 τάξεις
674 750 983 822 ἐπιπαριὼν
1014 754 1041 803 ὀ
1068 752 1168 821 ρὴξ
1190 756 1283 805 καὶ
1303 756 1679 824 παρακλήσεις
1698 758 1810 817 τοῖς

229 842 519 907 σςετέροις
574 841 890 909 ποιούμενος
952 846 1128 898 τοιάδε
1170 844 1445 913 ἔφασκεν·
1485 866 1503 897 ι
1538 849 1659 901 Ὅτι
1689 848 1806 915 μὲν,

227 928 270 985 ὦ
306 933 734 1001 συστρατιῶται,
777 936 809 1003 ἡ
839 936 1085 1006 ἡμετέρα
1131 935 1269 1006 α’ὑτη
1304 937 1515 1005 κίνησις
1550 939 1639 992 διὰ
1672 940 1806 1008 Χρι·

231 1023 377 1085 στὸν,
429 1024 527 1074 καὶ
560 1023 633 1085 ὡς
674 1024 933 1093 εἱλόμῖθα
966 1026 1064 1095 τὴν
1114 1029 1484 1097 προκειμένην
1520 1031 1594 1098 μὴ
1630 1031 1728 1098 τὴν
1753 1030 1808 1095 ἐξ

230 1114 535 1182 ἀνθρςῦπων
599 1115 716 1167 ἀλλ’
767 1117 829 1167 ὲκ
897 1116 1031 1168 Θεοῦ
1081 1117 1241 1182 δόξαν
1280 1118 1610 1189 θηρώμενοι,
1662 1108 1808 1189 ῖσησι

228 1204 498 1272 δήπουθεν
550 1206 644 1257 καὶ
703 1206 857 1275 ὑμῶν
915 1206 1060 1269 ἄπας
1124 1209 1354 1275 σαιρῶς·
1406 1210 1527 1272 πῶς
1563 1212 1670 1281 γὰρ
1699 1212 1806 1278 οὓς

229 1296 277 1348 οἳ
305 1295 500 1348 τούτου
528 1296 691 1351 ἓνεκα
717 1301 827 1358 τοῖς
859 1299 958 1367 μὲν
990 1299 1072 1350 ἐπ’
1106 1300 1260 1351 οἴκου
1302 1301 1623 1353 ὲνευπαθεῖν
1650 1304 1809 1355 ἀπει-

234 1387 480 1457 πάμεθα,
512 1389 604 1439 καὶ
623 1389 731 1441 τῶν
764 1390 980 1442 οἰκείων
1013 1390 1244 1453 ἐχόντως
1270 1391 1684 1462 ἀπεξενὼμεθα,
1718 1396 1812 1448 καὶ

231 1478 319 1534 διὰ
349 1481 451 1547 τῆς
489 1481 587 1549 οὑχ
614 1482 907 1551 ἡμεδαπῆς
945 1482 1344 1552 παροδεύοντες
1385 1484 1595 1553 θλίψεσι
1642 1503 1801 1555 προσ-

232 1570 560 1641 ομιλοῦμεν,
605 1573 870 1635 κινδύνοις
917 1573 1379 1643 παραϐαλλόμεθα
1406 1617 1424 1640 ,
1453 1575 1599 1644 λιμῷ
1646 1578 1810 1644 τηκό-

241 1660 404 1729 μεθα,
443 1662 604 1730 κρύει
633 1662 984 1732 πηγνὺ;,ιεθα,
1008 1663 1273 1733 θαλπωρῇ
1294 1665 1623 1734 ὲκλυόμεθα,
1658 1667 1810 1719 κλιν-

235 1753 378 1821 τῆρα
415 1752 634 1819 ἔχοντες
664 1754 759 1823 τὴν
792 1754 916 1823 γῆν,
956 1754 1156 1823 στέγην
1207 1755 1295 1806 τὶν
1331 1757 1587 1824 οὐρανὸν,
1620 1760 1669 1809 οἱ
1723 1761 1809 1812 εξ.-

238 1846 445 1909 τενεῖς,
481 1847 529 1896 οἱ
591 1845 921 1913 εὑπάρυιροι,
965 1846 1015 1897 οἱ
1080 1847 1171 1896 ἐπὶ
1219 1846 1374 1915 δόξης
1425 1848 1519 1900 καὶ
1558 1850 1810 1915 πλούτου,

239 1932 333 1986 κιὶ
366 1933 579 1988 πολλῶν
608 1935 776 1987 ἐθνῶν
827 1934 1194 2007 κυριεύοντες.
1247 1937 1356 1999 Τὰς
1388 1937 1442 1990 δὲ
1513 1938 1816 2009 πολεμικὰς

240 2024 442 2088 σκευὰς
462 2028 518 2089 ἐς
533 2027 618 2078 ἀεὶ
638 2027 1002 2096 περικείμεθα
1024 2027 1214 2097 ὥσπερ
1239 2029 1469 2082 ἀκούσια
1494 2031 1691 2100 δεσμὰ,
1722 2035 1817 2087 καὶ

240 2117 529 2186 κὰμνομεν
562 2118 731 2180 αὑτὰς
763 2119 1050 2188 ἀνέχοντες
1079 2120 1153 2182 ὡς
1181 2121 1209 2172 ὁ
1250 2121 1359 2174 τῶν
1396 2122 1625 2189 ,ὀπαδῶν
1678 2126 1815 2195 Χριο

244 2206 371 2258 στοῦ
424 2205 682 2275 μέγιστος
726 2208 934 2278 Πέτρος
988 2210 1154 2263 παλαι
1182 2213 1404 2267 ἁλύσεσι
1450 2216 1659 2281 διτταῖς
1716 2237 1816 2271 κα-

244 2296 613 2367 κουχούμενος
662 2297 760 2350 καὶ
815 2299 1079 2370 τέσσαρσι
1140 2306 1491 2373 στρατιωτῶν
1515 2308 1817 2377 τετραδίοις

241 2389 679 2458 φρουρούμενος.
732 2389 852 2442 Ὅτι
880 2391 934 2444 δὲ
970 2392 1064 2444 καὶ
1087 2394 1133 2445 οἱ
1169 2393 1242 2457 ὡς
1283 2398 1339 2447 ὲν
1378 2385 1694 2469 μεταιχμίῳ
1741 2401 1817 2468 τῷ

243 2481 480 2550 πορθμῷ
504 2481 678 2549 τούτῳ
703 2481 1144 2553 ἁποδιιστάμενοι
1165 2486 1326 2555 ἡμῶν
1351 2488 1617 2560 βάρίαροι
1634 2491 1816 2560 ἐχθροί

243 2575 351 2626 εἱσι
380 2572 478 2625 τοῦ
509 2573 741 2642 σταυροῦ
766 2573 858 2625 τοῦ
883 2576 1141 2643 Χριστοῦ,
1174 2572 1255 2640 οἷς
1290 2579 1458 2632 πάλαι
1487 2581 1636 2652 νόμῳ
1660 2584 1817 2637 πολέ-

245 2682 348 2733 μου
382 2664 683 2736 συμϐαλεῖν
702 2666 1029 2736 ὲγλιχόμεθα
1057 2670 1150 2721 καὶ
1174 2663 1249 2722 ὧν
1264 2674 1372 2733 τοῖς
1398 2673 1594 2739 αἵμασι
1612 2674 1782 2728 δαυῖδι
1801 2706 1815 2715 -

242 2756 355 2817 κῶς
381 2755 837 2826 ὲπηγτελλὸμεθα
864 2756 1148 2825 νίψασθαι,
1184 2760 1305 2813 οὑδὲ
1364 2762 1525 2813 τοῦτο
1572 2764 1816 2834 φιλοκρι-

241 2850 357 2900 νεῖν
419 2848 767 2914 θελήσειτις,
818 2850 866 2901 εἰ
921 2850 995 2919 μὴ
1050 2850 1333 2920 προδήλως
1381 2856 1724 2923 παρακοπεὶς
1756 2858 1815 2908 τὸ

242 2939 467 3007 φρονεῖν
495 2938 638 3007 ὁρῶν
665 2942 923 3007 ἄντικρυς
947 2942 1042 3008 οὐχ
1077 2942 1178 3010 ὁρᾷ
1204 2942 1299 2993 καὶ
1324 2943 1541 2995 ἀκούων
1569 2946 1817 3015 οὑδαμῶς

245 3029 584 3090 ὲνωτῐςεται.
615 3026 786 3096 Εἴπερ
826 3023 918 3080 οὖν
966 3028 1061 3095 τῆς
1094 3028 1222 3080 εὑθὺ
1260 3029 1369 3081 τῶν
1399 3030 1683 3083 ἀθανάτων
1716 3050 1816 3100 μο-

1911 586 2129 639 semper
2165 580 2421 640 tanquam
2452 566 2669 621 vincula
2694 564 3004 619 necessaria
3048 570 3344 633 gestamus,
3384 560 3481 614 iis.

1911 678 2016 729 que
2078 660 2388 729 fatigamur,
2438 656 2899 727 quemadmodum
2951 653 3229 709 maximus
3278 652 3483 708 Christi

1910 768 2103 806 servus
2160 752 2356 805 Petrus
2404 749 2621 803 duabus
2673 747 2897 801 eatenis'
2923 760 3223 815 oppressus
3256 754 3312 797 et
3345 760 3484 813 qua-

1912 855 2035 898 tuor
2072 843 2306 896 militum
2338 838 2801 909 quaternionibus
2830 836 3162 892 custoditus.
3202 833 3482 889 Barbaros

1910 946 2118 997 autem,
2164 934 2258 1004 qui
2316 930 2543 988 flumine
2602 946 2633 986 a
2688 930 2847 984 nobis
2901 927 3253 990 dividuntur,
3295 924 3483 980 erucis

1912 1028 2118 1083 Christi
2151 1042 2271 1081 esse
2295 1027 2504 1089 hostes,
2529 1038 2669 1093 quos
2694 1022 2838 1077 bello
2856 1019 3075 1091 aggredi
3104 1018 3236 1072 olim
3261 1015 3478 1085 cupivi-

1916 1134 2057 1183 mus,
2084 1118 2139 1172 in
2174 1133 2404 1186 quorum
2430 1114 2718 1184 sanguine,
2750 1119 2811 1164 ut
2857 1110 3023 1164 David
3074 1109 3341 1179 loquitur,
3380 1121 3493 1161 nos

1914 1212 2124 1265 loturos
2155 1225 2275 1264 esse
2308 1207 2685 1278 promisimus,
2726 1202 2852 1273 quis
2882 1209 2964 1256 est
2997 1201 3089 1270 qui
3115 1200 3346 1263 nesciat,
3374 1197 3482 1252 nisi

1916 1300 2076 1369 plane
2102 1314 2296 1353 vecors
2332 1312 2433 1351 nec
2462 1295 2664 1365 apertis
2699 1293 2878 1348 oculis
2903 1290 3093 1345 videre
3116 1304 3217 1344 nec
3241 1288 3484 1358 patenti-

1884 1390 2016 1465 bus
2048 1390 2276 1443 auribus
2316 1388 2427 1457 92
2476 1385 2671 1439 audire
2730 1383 2897 1438 velit?
2953 1380 3160 1447 Quodsi
3217 1388 3367 1433 recta
3425 1378 3480 1432 in

1911 1484 2110 1537 caelum
2137 1480 2435 1536 ascendere
2465 1477 2753 1532 studemus
2793 1474 2995 1545 (neque
3040 1472 3189 1528 enim
3247 1470 3489 1541 injustus

1911 1585 1997 1627 est
2049 1574 2217 1635 Deus,
2264 1581 2324 1626 ut
2370 1571 2535 1640 hujus
2567 1569 2667 1622 viae
2698 1580 2917 1622 causam
2963 1566 3199 1632 ignoret,
3252 1571 3349 1617 aut
3380 1562 3484 1615 im—

1912 1662 2161 1718 mortalia
2213 1669 2365 1729 prata
2405 1671 2461 1713 et
2504 1658 2763 1711 umbrosa
2810 1654 3001 1709 Edemi
3053 1651 3331 1705 domicilia
3363 1665 3474 1704 non

1918 1753 2189 1807 retribuat
2218 1751 2396 1812 nobis,
2425 1747 2521 1817 qui
2548 1744 2755 1799 relictis
2787 1743 3000 1799 aedibus
3045 1756 3145 1811 pro
3190 1741 3310 1810 ipso
3339 1753 3486 1793 mor-

1922 1858 2027 1900 tem
2061 1853 2321 1913 Oppetere
2350 1854 2512 1909 quam
2544 1837 2729 1890 vivere
2759 1831 3105 1902 maluimus),
3141 1831 3186 1886 si
3221 1829 3486 1886 memoria

1920 1937 2169 2007 repetitis
2214 1949 2336 2003 quae
2393 1930 2711 2001 quibusque
2775 1925 3122 1995 temporibus
3180 1923 3272 1978 isti
3318 1922 3487 1979 corde

1920 2025 2289 2083 ineireumcisi
2343 2024 2397 2077 in
2444 2020 2737 2091 populares
2790 2026 3009 2070 nostros
3046 2015 3368 2078 admittant,
3429 2023 3487 2067 et

1917 2136 2056 2191 quas
2078 2120 2161 2173 eis
2185 2117 2370 2185 alapas
2412 2111 2716 2182 impingant
2753 2106 3144 2172 recordamini,
3173 2113 3230 2161 et
3272 2104 3490 2174 sangui-

1920 2213 2006 2266 nis
2032 2212 2359 2264 innocenter
2384 2204 2545 2260 eﬂ‘usi
2569 2203 2753 2271 aliqua
2775 2197 3153 2254 misericordia
3179 2195 3486 2267 tangimini,

1919 2311 2056 2356 state
2091 2303 2201 2370 jam
2242 2298 2482 2360 fortiter,
2517 2304 2573 2349 et
2599 2302 2824 2348 strenue
2850 2299 3110 2359 pugnate,
3140 2302 3319 2356 neque
3346 2286 3490 2341 ullus

1918 2410 2016 2447 vos
2050 2402 2229 2445 terror
2277 2396 2495 2442 moveat
2543 2382 2843 2455 quominus
2892 2380 3148 2434 alacriter
3192 2376 3484 2432 resistatis.

1918 2485 2259 2552 Cognoscant
2312 2477 2563 2540 Barbari,
2619 2482 2891 2544 quantum
2934 2469 3190 2525 Christus
3232 2466 3489 2536 magister

1919 2580 2108 2627 noster
2177 2580 2232 2623 et
2290 2576 2599 2638 praeceptor
2648 2562 3000 2618 seductorem
3059 2557 3381 2628 prephetam
3435 2567 3492 2609 et

1920 2665 2100 2732 impia:
2159 2659 2442 2730 religionis
2494 2655 2797 2711 antistitem
2852 2659 3095 2722 superat,
3131 2657 3280 2703 tanto
3306 2654 3363 2702 et
3392 2661 3491 2702 nos

1921 2755 2084 2808 rebus
2118 2755 2373 2807 omnibus
2422 2749 2735 2817 superiores
2762 2759 2903 2799 esse.
2935 2742 3071 2797 Cum
3104 2741 3271 2810 igitur
3312 2749 3492 2792 castra

1919 2857 2106 2900 sancta
2148 2843 2319 2897 simus
2348 2849 2403 2895 et
2433 2838 2701 2893 divinitus
2749 2835 3014 2891 collectus
3065 2829 3373 2889 exercitus,
3423 2842 3492 2882 ne

1922 2940 2151 3005 turpiter
2193 2936 2357 2989 vitam
2399 2944 2667 2993 amemus,
2696 2944 2795 2983 nec
2823 2927 3033 2982 obitum
3082 2918 3493 2977 memorabilem

1922 3046 2020 3101 pro
2047 3028 2249 3084 Christi
2296 3025 2563 3080 cltaritate
2602 3019 3041 3077 reformidemus.
3080 3016 3137 3070 Si
3163 3015 3309 3069 enim
3337 3011 3497 3068 Chri-

245 3117 353 3168 νῶν
411 3115 641 3186 πορείας
673 3117 832 3184 μέλον
868 3116 993 3185 ὑμῖν
1025 3118 1167 3184 (οὑδὲ
1222 3119 1329 3186 γὰρ
1358 3119 1539 3181 ἄδικος
1585 3123 1612 3172 ὀ
1660 3122 1812 3184 Θεὸς,
1845 3142 1886 3199 C
1920 3138 1932 3174 ε

1810 3164 1812 3179 .
1845 3142 1886 3199 C
1920 3134 2037 3174 stus
2071 3136 2169 3189 pro
2199 3118 2357 3172 nobis
2393 3123 2642 3168 mortuus
2667 3122 2771 3177 est,
2808 3118 3013 3180 quanto
3039 3106 3244 3179 justius
3268 3117 3369 3159 nos
3399 3116 3497 3170 pro

243 3206 320 3269 ὡς
352 3206 429 3274 μὴ
458 3207 517 3259 τὸ
542 3207 642 3275 τῆς
672 3206 791 3259 ὀδοῦ
841 3206 1045 3276 ταύτης
1098 3210 1231 3277 ὁρᾷν
1291 3209 1641 3278 αἰτιώμενον,
1697 3211 1819 3280 μηδ’

244 3294 548 3362 ἀκηράτων
579 3296 919 3361 μεταδιδόναι
944 3297 1226 3365 λειμώνων
1258 3298 1350 3350 καὶ
1380 3297 1623 3369 σκιερῶν
1650 3301 1706 3351 ὲν
1749 3303 1816 3371 τῇ

263 3384 433 3452 Ἐδὲμ
464 3384 887 3449 καταπαύσεων,
921 3386 971 3439 οἳ
1004 3386 1070 3439 τὰ
1101 3386 1241 3439 οἴκοι
1277 3387 1665 3451 καταλιπῧντες
1690 3388 1818 3441 ἀνθ-

254 3476 513 3547 ειλὸμεθα
557 3476 653 3529 τοῦ
700 3478 799 3547 ζῇν
843 3478 902 3531 τὸ
960 3478 1102 3547 ὑπὲρ
1145 3478 1312 3531 αὑτοῦ
1358 3478 1558 3549 θαν,εῖν)
1586 3519 1599 3543 ,
1638 3481 1729 3532 καὶ
1775 3483 1822 3533 ει

254 3571 450 3638 μνήμη
480 3568 534 3620 δέ
605 3586 687 3630 τις
740 3569 885 3639 ὑμᾶς
928 3569 1313 3639 ὑπεισέρχεται
1362 3568 1397 3623 ἃ
1428 3569 1721 3641 καθ’ὦραν
1773 3572 1824 3623 οἱ

250 3661 623 3730 ἀπερίτμητοι
679 3653 827 3713 οὑτοι
897 3660 995 3729 τὴν
1058 3661 1284 3730 καρδίαν
1336 3662 1415 3724 εἰς
1452 3662 1579 3724 τοὺς
1624 3664 1687 3714 ἐκ
1730 3662 1823 3715 τοῦ

252 3753 445 3819 γένους
473 3751 828 3818 παροινοῦσιν
854 3751 1029 3821 ἡμῶν,
1089 3754 1184 3805 καὶ
1238 3751 1331 3814 οὓς
1365 3752 1551 3815 αὑτοῖς
1611 3753 1825 3823 ἐπιτρῖ-

252 3845 410 3896 6ουσι
464 3844 753 3905 κονδύλους
800 3846 922 3906 ταῖς
977 3845 1175 3913 φρεσὶν
1227 3844 1551 3914 ἀναφέρετε,
1606 3846 1698 3896 καὶ
1728 3845 1822 3897 τοῦ

253 3935 630 4003 ἐκκεχυμένον
663 3934 966 3998 ἀνευθύνως
983 3936 1214 4004 αἵματος
1245 3937 1512 4003 μαλάσσει
1541 3954 1625 3998 τις
1653 3935 1822 4000 ἕλεος,

255 4032 423 4096 στῆτε
455 4027 721 4094 γενναίως
753 4026 877 4096 ἄρτι
914 4029 1006 4080 καὶ
1034 4027 1366 4097 ἐρρωμένως
1408 4027 1822 4093 διαγωνίσασθε.

252 4119 408 4186 Μηδέ
447 4135 498 4168 τι
535 4118 651 4179 δέος
682 4118 989 4186 ἐκπλῆσσον
1016 4116 1327 4185 ἐκκρουὲτω
1351 4115 1443 4168 τοῦ
1478 4117 1826 4186 καθηκόντως

253 4207 594 4277 ἀμύνασθαι,
645 4207 782 4259 ἀλλὰ
824 4206 1125 4274 γνώτωσαν
1184 4206 1403 4275 ἀληθῶς
1441 4209 1489 4260 οἱ
1539 4207 1827 4274 ἀλλόφυλοι

251 4298 330 4361 ὡς
376 4300 500 4351 ὅσον
531 4298 764 4365 Χριστὸς
800 4299 827 4349 ὁ
863 4297 1186 4366 καθηγητὴς
1228 4297 1387 4365 ἡμῶν
1413 4296 1508 4348 καὶ
1558 4297 1820 4351 διδασκα-

252 4390 347 4450 λος
402 4390 728 4456 ὑπέρκειται
759 4390 1041 4458 προφήτου
1067 4387 1369 4440 λαοπλάνου
1421 4389 1512 4440 καὶ
1559 4390 1824 4457 μυοῦντος

1926 3211 2023 3264 illo
2066 3206 2426 3278 Oppetemus?
2476 3206 2720 3257 honestae
2771 3199 2901 3253 huic
2947 3195 3283 3266 expeditioni
3331 3191 3496 3246 etiam

1926 3301 2049 3355 linis
2085 3302 2347 3353 honestus
2379 3296 2692 3364 imponatur
2718 3311 2732 3347 :
2758 3290 2979 3347 Christo
3009 3289 3132 3343 freti
3171 3297 3498 3357 pugnemus.

1924 3407 2049 3445 cum
2097 3398 2243 3443 certa
2295 3401 2389 3457 spe
2436 3383 2677 3438 victoi-ia:
2709 3381 2816 3451 93
2864 3395 2973 3434 non
3002 3378 3258 3443 dimcilis.
3309 3374 3499 3443 Neque

1923 3484 2069 3536 enim
2097 3480 2348 3551 quisque,
2382 3486 2441 3531 ut
2466 3475 2813 3537 confidimus,
2847 3472 3108 3540 impetum
3144 3478 3392 3523 nostrum
3419 3476 3498 3520 to-

1926 3576 2143 3639 lerabit,
2174 3574 2268 3628 sed
2299 3586 2489 3626 omnes
2523 3569 2713 3639 primae
2761 3564 3097 3635 aggressioni
3134 3561 3352 3615 cedent.
3403 3558 3497 3612 Sin

1930 3668 2093 3737 (quod
2127 3667 2289 3735 absit)
2322 3661 2767 3724 occubuerimns,
2802 3658 3027 3711 honesta
3062 3655 3340 3723 sepultura
3368 3651 3497 3711 erit,

1930 3756 2239 3823 ubicunque
2278 3768 2377 3822 pro
2420 3750 2642 3804 Christo
2691 3743 3137 3801 occubuerimus.
3169 3741 3252 3795 Mc
3283 3740 3503 3810 sagitta-

1930 3848 2043 3901 rius
2086 3847 2246 3900 Persa
2283 3858 2379 3913 pro
2412 3841 2633 3895 Christo
2681 3838 2879 3892 feriat:
2912 3848 3036 3887 cum
3068 3848 3162 3903 spe
3195 3832 3335 3885 bona
3385 3846 3502 3883 mo-

1930 3933 2058 3995 riar,
2090 3945 2264 3998 caque
2316 3928 2511 3996 sagitta
2564 3938 2821 3995 tauquam
2868 3922 3123 3976 vehiculo
3155 3920 3219 3973 ad
3253 3919 3498 3989 requiem

1931 4025 2074 4077 illam
2123 4020 2474 4091 perveniam;
2528 4017 2671 4087 quod
2721 4016 2850 4069 mihi
2901 4015 3083 4081 potius
3125 4011 3230 4065 erit
3262 4025 3425 4080 quam
3455 4010 3499 4061 si

1932 4125 2106 4169 morte
2155 4113 2383 4183 ingloria
2432 4112 2484 4164 in
2535 4109 2771 4179 peccatis
2816 4106 3184 4174 Opprimerer.
3229 4102 3345 4156 Jam
3384 4111 3502 4155 tan-

1929 4208 2052 4263 dem
2107 4205 2436 4260 ulciscantur
2482 4218 2578 4256 eos
2622 4213 2855 4270 quorum
2922 4195 3153 4264 impuris
3197 4192 3501 4249 conculcati

1932 4299 2164 4369 pedibus
2189 4306 2243 4350 et
2273 4291 2662 4363 consanguinei
2698 4288 2871 4343 nostri
2904 4296 2959 4341 et
2983 4285 3276 4340 Christiani
3310 4285 3505 4336 fratres

1936 4388 1989 4442 in
2030 4399 2372 4441 communem
2422 4383 2572 4435 illum
2623 4393 2836 4435 sacrum
2888 4377 3064 4429 locum
3110 4374 3401 4434 abierunt,
3448 4374 3500 4425 in

256 4484 400 4549 σφᾶς
432 4483 498 4534 τὰ
527 4482 829 4552 ἀπόϐλητα,
863 4481 1116 4534 τοσοῦτον
1150 4482 1241 4533 καὶ
1271 4483 1431 4550 ἡμεῖς
1461 4483 1642 4534 αὑτῶν
1686 4484 1826 4534 κατὰ
1864 4470 1906 4525 Ῑ)
1935 4499 1943 4532 t

1815 4500 1826 4533 l.
1864 4470 1906 4525 Ι)
1935 4494 2043 4548 quo
2072 4477 2450 4531 defunctorum
2486 4470 2893 4527 contubernalis
2925 4467 3100 4521 factus
3121 4474 3206 4519 est
3230 4463 3502 4524 Christus,

255 4573 420 4626 πάνθ’
484 4573 887 4642 ὑπερφέρομεν.
951 4571 1104 4624 Ἐπεὶ
1155 4566 1247 4624 οὖν
1306 4572 1630 4639 παρεμϐολὴ
1699 4574 1831 4639 ἁγία

256 4663 424 4729 ἡμεῖς
463 4660 561 4712 καὶ
592 4661 827 4728 στρατὸς
870 4660 1173 4724 θεόλεκτος,
1236 4660 1310 4729 μὴ
1368 4661 1829 4731 φιλοψυχήσωμεν

256 4751 503 4816 ἀγεννῶς
537 4751 673 4820 πρὸς
706 4751 1054 4820 φιλόχριστον
1080 4752 1175 4803 καὶ
1192 4751 1523 4820 ἀείμνηστον
1549 4752 1826 4821 τελευτήν.

256 4840 325 4893 Εἰ
360 4841 601 4909 Χριστὸς
633 4841 774 4909 ὑπὲρ
823 4840 981 4910 ἡμῶν
1037 4841 1305 4904 ἀπέθανε,
1340 4841 1494 4910 πόσῳ
1534 4843 1695 4910 ἡμεῖς
1743 4860 1832 4894 τε·

256 4934 451 4985 θνάναι
493 4932 563 4984 δι’
603 4933 765 4986 αὑτόν
800 4934 969 5001 ὲσμεν
996 4931 1365 5001 δικαιότεροι;
1422 4932 1633 5003 ἀγαθῆς
1698 4951 1832 4987 ταυ-

254 5026 385 5091 τησὶ
420 5023 645 5093 πορείας
670 5024 876 5091 ἀγαθὸν
932 5024 1075 5077 ἔστω
1107 5024 1201 5086 καὶ
1256 5024 1410 5087 τέλος
1460 5025 1830 5095 ὲφομαρτοῦν.

258 5114 651 5184 Μαχεσὼμεθα
681 5116 820 5184 μετὰ
850 5117 947 5183 τῆς
984 5118 1040 5167 ιν
1072 5114 1297 5184 Χριστῷ
1326 5116 1707 5182 πεποιθήσεως
1734 5119 1830 5170 καὶ

257 5206 356 5259 τοῦ
407 5201 466 5259 εὖ
517 5206 718 5259 εἰδέναι
750 5206 827 5268 ὡς
851 5210 978 5268 τοὺς
1010 5206 1238 5275 ἐχθροὺς
1262 5208 1690 5275 τροπωτὸμεθα,
1743 5209 1825 5260 ὅτι

265 5298 401 5369 μηδὲ
435 5297 706 5365 δυσχερὴς
742 5295 831 5367 [Ρ.
862 5293 956 5366 4³7]
988 5296 1021 5365 ἠ
1054 5297 1182 5365 νίκη
1218 5298 1431 5364 γένοιτο
1474 5292 1563 5350 οἶα
1592 5298 1835 5367 μηδένων

260 5390 725 5458 ὑποστησομένων
756 5388 854 5459 τὴν
868 5388 1196 5458 προσϐολὴν,
1222 5389 1295 5451 ὠς
1315 5389 1676 5460 πεποίθαμεν,
1699 5391 1837 5444 ἀλλὰ

263 5481 485 5531 πάντων
514 5478 851 5531 ἐνδωσόντων
888 5478 983 5531 καὶ
1012 5479 1151 5546 πρὸς
1194 5478 1291 5547 τὴν
1351 5476 1577 5546 πρώτην
1629 5480 1829 5547 ὁρμήν.

264 5573 328 5624 ΕΞ
368 5571 438 5635 δ’,
462 5573 600 5641 ὅπερ
630 5572 824 5639 ἀπείη.
890 5569 1233 5638 πεσούμεθα,
1281 5570 1445 5622 καλὸν
1490 5572 1742 5636 ὲντᾶιτιον
1774 5571 1834 5621 τὸ

266 5662 411 5730 ὑπὲρ
438 5662 679 5731 Χριστοῦ
710 5662 994 5732 τελευτᾷν.
1030 5660 1251 5714 Βαλέτω
1294 5677 1360 5729 με
1415 5661 1639 5729 τοξότης
1697 5661 1835 5729 Πέρ-

268 5771 370 5826 σης
396 5756 536 5827 ὑπὲρ
561 5756 797 5827 Χριστθῦ
820 5772 833 5785 ·
871 5753 1225 5825 ἀφυπνωτέον
1287 5755 1404 5825 μετ’
1439 5754 1669 5809 ἐλπίδων
1699 5771 1834 5824 χρη·

1935 4569 2079 4623 l’atri
2117 4568 2341 4636 aequalis
2366 4576 2421 4619 et
2448 4578 2710 4619 assessor.
2747 4562 2857 4615 Nos
2888 4574 3077 4613 sumus
3122 4563 3376 4626 potentes
3405 4554 3503 4617 illi,

1936 4676 2037 4714 nos
2068 4673 2259 4713 omnes
2298 4656 2507 4728 gladios
2538 4655 2882 4715 strinximus,
2914 4652 3007 4718 qui
3034 4648 3195 4701 vitale
3228 4646 3504 4700 divinum-

1934 4767 2041 4819 que
2080 4750 2390 4818 sepulcrum
2424 4758 2679 4816 tanquam
2727 4743 3033 4799 Salomonis
3062 4740 3241 4794 cubile
3268 4738 3504 4791 circum-

1934 4843 2198 4896 sistimus.
2250 4841 2527 4909 Agarenos
2578 4836 2746 4906 igitur
2790 4833 2999 4887 ancillae
3035 4831 3174 4883 filios
3213 4842 3313 4881 nos
3343 4825 3504 4880 liberi

1939 4935 2190 4989 tollamus
2219 4948 2248 4984 e
2277 4931 2481 4991 medio,
2509 4938 2564 4983 et
2598 4938 2854 4995 tanquam
2888 4923 3095 4991 lapides
3123 4917 3442 4974 offensionis
3474 4931 3505 4969 e

1936 5026 2021 5077 via
2051 5021 2253 5077 Christi
2309 5034 2721 5081 removeamus;
2770 5030 2907 5085 quos
2938 5012 3083 5067 haud
3128 5010 3243 5064 scio
3268 5024 3369 5063 cur
3397 5008 3505 5060 Ro-

1937 5116 2082 5168 mani
2122 5122 2378 5181 tanquam
2421 5112 2578 5179 lupos
2608 5110 2660 5162 in
2693 5123 2845 5163 suam
2892 5105 3094 5160 caedem
3138 5102 3291 5155 alunt
3316 5109 3372 5153 et
3410 5113 3507 5167 per

1938 5207 2175 5260 dedecus
2202 5220 2303 5258 suo
2330 5218 2524 5259 eruere
2550 5202 2822 5271 saginant,
2853 5212 2976 5251 eum
3008 5193 3258 5250 excitatis
3284 5190 3503 5250 animis,

1938 5309 1994 5353 et
2034 5297 2361 5366 cogitatione
2418 5294 2642 5349 cordato
2692 5293 2811 5345 viro
2863 5290 3023 5359 digna
3068 5293 3342 5353 suscepta,
3389 5291 3507 5334 tan-

1939 5404 2099 5457 quam
2129 5387 2299 5441 feraea
2320 5384 2596 5453 gregibus,
2636 5383 2715 5436 sic
2745 5382 2819 5435 illi
2845 5380 2912 5434 ab
2936 5380 3176 5447 ipsorum
3206 5371 3505 5443 provinciis

1940 5490 2101 5548 atque
2140 5479 2369 5532 urbibus
2422 5475 2657 5545 pellendi
2707 5483 2911 5529 essent.
2944 5468 3054 5540 94
3082 5468 3198 5523 Jant
3234 5468 3357 5535 qu‘a
3402 5462 3505 5515 ﬂu-

1942 5576 2063 5626 vius
2099 5571 2206 5636 hic,
2243 5581 2299 5625 ut
2325 5571 2587 5632 cernitur,
2626 5566 2843 5622 nonnisi
2877 5578 3016 5618 nova
3051 5561 3260 5617 ratione
3289 5553 3506 5610 transiri

1940 5674 2137 5733 potest,
2192 5680 2294 5733 ego
2340 5662 2456 5730 ipse
2502 5662 2667 5731 hujus
2716 5657 2950 5726 exempli
2998 5659 3332 5708 monstrator
3381 5659 3503 5705 ero,

1941 5752 2230 5825 meumque
2283 5741 2569 5810 consilium
2618 5752 2821 5822 primus
2864 5761 3149 5818 exsequar.
3202 5743 3328 5797 Acie
3373 5752 3507 5809 con-
