4284 6376
777 390 883 456 415

2020 395 2314 457 ΝΚῈἸἏΕ
2353 397 2758 460 ΟἩΟΝῙΑΤΆΕ

3923 392 4028 457 416

778 508 1028 571 radians,
1063 508 1144 563 sic
1184 507 1297 576 ipsa
1350 506 1496 563 inter
1526 508 1759 564 virtutes
1809 509 2046 580 reliquas
2075 512 2350 578 elucebat,
2381 515 2427 570 Α
2462 532 2470 543 ·

2339 552 2350 578 ,
2381 515 2427 570 Α
2462 514 2571 565 τῶν
2597 514 2809 583 ἀρετῶν
2830 511 3072 583 ὁρμαθοῦ
3105 509 3267 564 πλέον
3295 508 3454 582 ηὖχει
3489 509 3851 582 τούπίσημον.
3908 512 4031 565 Μα-

780 597 921 653 adeo
956 608 1015 653 ut
1042 597 1337 667 aliquando
1385 599 1607 668 pallium
1652 610 1709 654 et
1762 601 2000 655 tunicam
2037 611 2091 657 et
2145 603 2346 658 lineam

782 690 1079 760 calyptram
1116 692 1312 758 capitis
1359 689 1696 758 pauperibus
1750 692 2124 746 misericordia
2168 702 2352 749 motus

782 779 1165 845 distribueret,
1224 794 1326 833 nec
1380 779 1448 835 de.
1499 796 1600 835 suo
1632 790 1840 835 tantum
1890 783 2206 853 largiretur,
2253 785 2349 840 scd

783 872 919 924 alios
941 872 1105 925 etiam
1130 882 1189 925 ut
1220 887 1523 941 pauperum
1545 872 1742 938 inopiae
1770 859 2129 931 subvenirent
2156 877 2352 946 impel-

780 962 940 1016 leret.
979 962 1074 1016 His
1115 962 1183 1017 de
1211 965 1391 1017 causis
1424 964 1513 1017 ille
1548 967 1633 1020 vir
1660 965 1917 1023 onmibus
1960 976 2080 1021 erat
2124 985 2355 1024 venera-

780 1052 930 1107 bilis.
959 1054 1196 1107 lsaacius
1231 1069 1361 1108 vero
1408 1055 1674 1112 Manuelis
1721 1057 1888 1113 frater
1943 1058 2356 1115 sebastocrator

780 1142 831 1196 ei
862 1149 1073 1196 tantum
1102 1158 1211 1195 non
1244 1143 1586 1211 immolabat,
1617 1147 1668 1201 id
1695 1149 1805 1201 Deo
1823 1158 2037 1217 gratum
2067 1159 2123 1203 et
2147 1149 2359 1205 facien-

783 1231 916 1286 dum
961 1232 1239 1303 judicans,
1290 1238 1436 1304 quod
1480 1238 1785 1305 patriarcha
1833 1238 2115 1301 monebat.
2168 1251 2357 1296 contra

782 1338 915 1378 vero
942 1324 1179 1378 invisum
1214 1326 1326 1381 Deo
1363 1337 1418 1382 ct
1445 1328 1895 1395 abominandum,
1933 1332 2079 1399 quod
2124 1333 2169 1386 is
2209 1340 2359 1387 veta-

784 1413 898 1467 bat.
950 1416 1019 1469 At
1073 1415 1237 1469 factio
1287 1416 1608 1486 pontificum
1663 1419 1882 1475 virtutis
1914 1422 2258 1475 inimicorum
2306 1434 2363 1477 et

786 1503 915 1557 huic
951 1507 1283 1561 sanctissimi
1332 1507 1435 1561 viri
1481 1510 1735 1563 instituto
1782 1512 2189 1566 adversantium
2236 1530 2362 1569 eum

787 1596 931 1665 apud
992 1600 1371 1665 imperatorem
1435 1600 1706 1664 deferunt,
1734 1605 1891 1671 quasi
1947 1604 2154 1659 lsaacio
2210 1605 2363 1661 fratri

790 1701 1015 1755 regnum
1069 1688 1373 1743 eoucil7are
1468 1691 1725 1746 studeret.
1810 1693 2125 1749 manifestos
2223 1697 2367 1751 illius

798 1776 953 1845 107
982 1778 1035 1830 in
1079 1794 1292 1832 sacrum
1345 1781 1608 1848 palatium
1654 1783 1928 1852 ingressus
1964 1793 2020 1837 ut
2065 1785 2363 1841 clandesti-

792 1882 916 1933 nos,
953 1876 1007 1920 et
1033 1885 1155 1936 qua:
1183 1871 1360 1938 palam
1393 1874 1873 1942 colloquebantur,
1906 1878 2363 1944 tanquamoccul-
2398 1848 2436 1900 Β

798 1970 881 2013 tas
908 1963 1351 2031 conspirationes
1379 1965 1808 2019 calumniantur.
1840 1966 2051 2022 Manuel
2086 1969 2271 2039 igitur,
2306 1981 2365 2024 ut

793 2052 1127 2107 ambitiosus
1179 2054 1518 2121 adulescens,
1584 2058 1669 2110 cui
1729 2058 1888 2113 facile
1942 2075 1972 2113 a
2043 2063 2366 2131 patriarcha:

793 2144 1213 2196 accusatoribus
1237 2146 1676 2212 persuadebatur
1705 2149 1929 2203 fratrem
1962 2167 2188 2222 regnum
2236 2155 2365 2208 affe—

794 2248 824 2287 c
851 2249 963 2296 are,
994 2234 1140 2289 hunc
1158 2235 1356 2291 throno
1387 2236 1679 2293 deturbare
1698 2241 1974 2309 cupiebat.
1999 2243 2058 2297 Et
2084 2246 2208 2313 quia
2230 2246 2367 2299 nihil

797 2333 907 2377 tam
940 2335 1190 2379 sanctum
1230 2336 1316 2381 est
1363 2329 1510 2396 quod
1552 2330 1823 2385 calumnia
1869 2343 2079 2387 tentare
2117 2350 2225 2389 non
2269 2351 2369 2389 au-

795 2413 941 2475 deat.
971 2426 1026 2468 et
1061 2431 1253 2472 outnes
1275 2418 1343 2471 ad
1370 2420 1678 2475 nocendum
1704 2423 2064 2490 proelii-iores
2088 2440 2211 2480 esse
2237 2441 2340 2481 cun
2360 2457 2373 2467 -

797 2514 927 2569 stat,
962 2506 1033 2560 ‘dc
1083 2524 1400 2564 successore
1451 2512 1502 2565 ei
1547 2510 1730 2567 dando
1768 2514 1968 2583 agitur,
2003 2532 2099 2585 per
2150 2533 2369 2573 causam

796 2598 942 2666 quod
991 2612 1114 2651 cum
1166 2599 1429 2669 Nephoue
1487 2604 1723 2672 quodam
1764 2607 2032 2661 monacho
2084 2624 2368 2677 perperam

800 2690 1054 2743 sentiret.
1089 2690 1217 2745 Erat
1243 2692 1289 2746 is
1334 2694 1637 2749 monachus
1668 2695 1718 2749 ei
1775 2695 2085 2762 familiaris,
2137 2709 2192 2752 et
2228 2714 2370 2769 saepe

799 2796 991 2834 mensa
1045 2783 1165 2852 ejus
1209 2783 1513 2853 iisdemque
1568 2787 1780 2842 adibus
1818 2788 2092 2843 utebatur.
2142 2789 2368 2845 Crimini

800 2882 984 2926 autent
1015 2874 1063 2927 ei
1095 2874 1332 2929 dabatur
1363 2890 1536 2946 prava
1562 2878 1775 2946 opinio,
1803 2889 1860 2933 et
1882 2889 2149 2963 rasa.erat
2177 2881 2229 2935 iu
2255 2884 2373 2936 lon-

802 2981 929 3034 gum
957 2965 1198 3033 maxilla,
1227 2974 1283 3021 et
1318 2983 1347 3021 a
1390 2968 1701 3037 patriarcha
1731 2970 1993 3027 Michacle
2016 2973 2070 3026 in
2096 2988 2371 3030 carcerem

805 3060 1091 3128 eonjectus
1122 3059 1319 3114 fuerat.
1356 3061 1545 3131 Itaque
1576 3064 1803 3119 Cosmas
1836 3067 2002 3119 etiam
2039 3076 2099 3120 ut
2136 3076 2375 3123 sectator

2455 605 2619 658 λιστα
2650 605 2706 657 δὲ
2732 604 2807 673 τῷ
2831 603 3011 674 πολλῷ
3036 604 3135 673 τῆς
3166 604 3541 674 ὲλεημοσύνης
3572 602 3841 655 ἐκέκαστο
3860 642 3874 667 ,
3905 603 4031 671 ἥτις

2454 696 2528 758 ῶς
2559 697 2618 747 ὲν
2651 695 3018 765 περιδερῤαίῳ
3066 694 3256 762 κόσμῳ
3288 692 3570 746 πολυτελεῖ
3598 695 4032 763 προσπεπηγυῖιι

2454 789 2519 855 τῇ
2545 786 2783 855 ποικιλίᾳ
2802 787 2907 838 τῶν
2927 784 3137 853 ἀρετῶν
3161 784 3315 854 δίκην
3339 782 3661 845 ἀκτινὼδους
3678 783 3827 835 λίθου
3851 784 4036 851 ὲπάμ-

2456 893 2649 942 φαινεν
2683 891 2697 907 ·
2732 876 2880 929 οὕτω
2914 878 3023 946 γὰρ
3057 876 3150 928 τὸν
3184 876 3265 935 είς
3290 874 3617 943 ἀνθρώπους
3641 873 3792 927 ἔλεον
3818 873 4035 942 ἔρρωτο

2455 968 2530 1029 ὡς
2558 970 2651 1021 καὶ
2677 969 2768 1021 τὸν
2798 968 3097 1038 ἐπενδύτην
3124 965 3286 1021 αὑτὸν
3316 967 3411 1020 καὶ
3444 968 3537 1020 τὸν
3588 966 3793 1035 χιτῶνα
3834 966 4034 1019 ἑαυτοῦ

2458 1059 2551 1111 τοῦ
2604 1059 2853 1130 σώματος
2897 1059 2994 1113 καὶ
3041 1059 3137 1127 τὴν
3184 1058 3523 1126 ὁθονοσκεπῆ
3579 1058 3901 1127 καλύπτραν
3931 1057 4037 1125 τῆς

2461 1152 2703 1221 κεφαλῆς
2731 1151 3020 1204 διαδιδόναι
3053 1151 3270 1221 πένησι,
3299 1152 3392 1204 καὶ
3429 1150 3735 1220 πράγματα
3768 1149 4038 1218 παρέχειν

2460 1244 2573 1303 τοῖς
2626 1242 2719 1309 ἀφ’
2764 1242 2949 1303 ἑστίας
2998 1242 3072 1308 μὴ
3106 1240 3301 1309 διφῶσι
3347 1244 3507 1309 μόνον
3553 1241 3721 1304 αὐτὰ,
3756 1238 3896 1291 ἀλλά
3938 1238 4038 1291 καὶ

2464 1332 2601 1401 πρὸς
2660 1332 2925 1403 εὐπορίαν
2984 1332 3161 1384 ἄλλων
3204 1331 3659 1403 τυρῆαζομένοις.
3708 1330 3805 1382 Διά
3859 1328 4040 1382 ταῦτα

2466 1422 2561 1473 καὶ
2596 1422 2744 1491 παρά
2779 1423 2911 1473 πᾶσι
2947 1421 3045 1488 μὲν
3086 1417 3154 1491 ἦν
3183 1421 3462 1489 αἰδέσιμος
3493 1421 3521 1472 6
3558 1421 3696 1490 ἀνήρ
3723 1435 3737 1450 ⁸
3772 1422 3801 1473 6
3830 1419 3887 1472 δὲ
3944 1436 4039 1470 σε-

2469 1513 2868 1583 ϐαστοκράτωρ
2920 1512 3193 1575 ’Ῑσαάκιος
3249 1513 3277 1564 6
3320 1511 3413 1563 τοῦ
3465 1510 3733 1580 βασιλέως
3781 1509 4040 1579 Μανουὴλ

2467 1603 2765 1670 αὐτόαιμος
2798 1605 2958 1672 μόνον
2990 1604 3088 1657 οὐκ
3110 1603 3340 1656 ἐπέθυεν
3368 1605 3442 1664 ὠς
3469 1601 3612 1671 Θεῷ,
3649 1603 3825 1655 έκεῖνο
3856 1602 4045 1670 θεοφι-

2468 1694 2558 1757 λὲς
2596 1697 2692 1748 καὶ
2733 1695 3005 1764 πρακτέον
3050 1696 3297 1763 οίόμενος
3346 1695 3484 1763 ὅπερ
3518 1690 3584 1763 ἦν
3625 1697 3653 1746 6
3689 1695 4041 1764 πατριάρχης

2469 1786 2881 1853 ὑποτιθέμενος,
2909 1786 3132 1839 κάκεῖνο
3164 1785 3319 1849 αὖθις
3350 1786 3601 1855 θεομισὲς
3630 1786 3723 1838 καὶ
3744 1785 4043 1852 ἀπώμοτον

2467 1878 2605 1946 ὅπερ
2635 1876 2819 1929 οὐτοσὶ
2867 1876 3233 1944 ἀπηγόρευεν.
3280 1875 3342 1929 Ἡ
3379 1876 3510 1944 γοῦν
3545 1876 3749 1946 φατρία
3780 1876 3891 1943 (72)
3928 1874 4042 1927 τῶν

2465 1966 2588 2019 τότε
2617 1966 2907 2030 ἀντιδόξων
2937 1966 3035 2035 τῆς
3070 1966 3274 2036 ἀρετῆς
3298 1967 3599 2036 ἀρχιερέων
3629 1968 3720 2019 καὶ
3746 1966 3838 2019 τοῦ
3876 1968 4037 2036 ἱερω-

2467 2058 2631 2109 τάτου
2679 2055 2871 2108 τούτου
2933 2055 3209 2117 ἀντίθετος
3268 2059 3428 2126 μοῖρα
3480 2055 3891 2109 ἐιδιαϐἀλλονσι
3947 2057 4040 2110 τὸν

2469 2146 2638 2215 ἄνδρα
2671 2146 2745 2217 τῷ
2772 2146 2982 2216 βασιλεῖ
3011 2146 3086 2207 ῶς
3110 2146 3187 2215 τῷ
3218 2146 3433 2217 ἀδελφῷ
3470 2146 3724 2217 Ἰσαακίῳ
3754 2146 3852 2219 τὴν
3884 2147 4045 2217 βασι-

2468 2236 2617 2290 λείαν
2675 2236 2979 2305 μνώμενον,
3026 2234 3292 2305 λαθραίας
3351 2236 3449 2298 τὰς
3505 2237 3811 2305 προοπτους
3866 2238 3945 2300 είς
3980 2236 4045 2289 τὸ

2473 2326 2617 2398 ἱερὸν
2651 2328 2871 2395 ἀρχεῖον
2897 2326 3121 2388 ἀνόδους
3155 2324 3247 2378 τοῦ
3284 2326 3791 2397 σεϐαστοκράτορος
3834 2329 4045 2399 ὀνομά-

2471 2418 2679 2483 ζοντες,
2727 2418 2822 2469 καὶ
2853 2417 3178 2487 κρυφιώδεις
3225 2418 3497 2481 συσκενὰς
3541 2420 3609 2471 τά
3640 2419 3739 2471 οὐκ
3775 2421 3833 2472 ὲν
3884 2420 4044 2491 μυχῷ

2470 2512 2576 2578 γῆς
2630 2511 2722 2561 καὶ
2753 2509 3111 2578 παραϐύστῳ,
3157 2509 3271 2561 ἀλλ’
3319 2509 3405 2578 ἐφ’
3444 2509 3579 2580 ἡλίῳ
3628 2510 4044 2580 συλλαλούμενα

2475 2600 2731 2671 μάρτυρι.
2766 2601 2826 2652 Ὀ
2857 2598 3035 2653 τοίνυν
3082 2600 3343 2671 Μανουὴλ
3374 2601 3493 2664 νέος
3526 2599 3601 2653 ῶν
3628 2601 3708 2654 ἔτι
3734 2604 3826 2655 καλ⁵
3867 2604 4046 2657 αύτά-

2474 2708 2689 2761 ρεσκος,
2724 2692 2819 2745 καὶ
2850 2690 3025 2754 ἄλλως
3067 2690 3472 2747 ύποϐλέπεσθαι
3512 2694 3603 2745 τὸν
3656 2694 3887 2763 ἀδελφὸν
3932 2696 4045 2749 ὑπὸ

2472 2785 2580 2835 τῶν
2626 2783 2718 2836 τοῦ
2774 2784 3114 2854 πατριάρχου
3173 2784 3501 2856 κατηγόρων
3552 2784 3625 2849 ῶς
3678 2785 4045 2854 βασιλειῶντα

2475 2877 2826 2945 ἐναγὸμενος,
2872 2878 3184 2948 ἀνατρέψαι
3232 2877 3423 2931 τοῦτον
3472 2877 3566 2931 τοῦ
3603 2877 3795 2947 θρόνου
3833 2880 4043 2950 ἐζήτει.

2476 2969 2725 3037 Κάπειδὴ
2784 2969 3027 3031 ἅπτεται,
3073 2970 3264 3038 μῶμος
3322 2971 3418 3022 καὶ
3457 2968 3566 3021 τῶν
3607 2969 3919 3038 ἀψαύστων,
3968 2972 4048 3034 ὡς

2475 3060 2719 3129 οἴδαμεν,
2773 3060 2865 3113 καὶ
2921 3060 3087 3121 ἄπας,
3135 3059 3211 3121 ὼς
3248 3058 3539 3113 καὶτοῦτο
3614 3060 3797 3129 ἴσμεν,
3857 3061 3937 3123 είς
3986 3062 4051 3115 τὸ

805 3150 923 3215 ejus
943 3158 999 3203 et
1027 3150 1359 3221 suffragator
1381 3155 1434 3207 in
1462 3154 1670 3210 crimen
1701 3167 1947 3213 venerat.
1975 3158 2091 3225 Qua
2126 3162 2372 3230 speciosa
2398 3189 2441 3249 ρ
2478 3168 2497 3203 ⁷

2360 3177 2372 3215 ι
2398 3189 2441 3249 C
2478 3151 2645 3203 κακόν
2670 3169 2720 3204 τι
2751 3149 2883 3221 δρᾷν
2912 3150 3418 3221 προσκλινέστερος,
3447 3150 3772 3219 καθαιρέσει
3803 3150 4052 3249 καθυσπο-

808 3243 1076 3296 calumnia
1109 3244 1230 3297 freti
1263 3247 1560 3301 adversarii
1586 3248 1957 3317 patriarcham
1979 3266 2167 3320 aperte
2188 3253 2373 3306 incur-

808 3334 1021 3399 sabant,
1054 3344 1109 3389 et
1140 3336 1188 3388 vi
1222 3351 1485 3405 superare
1520 3354 1583 3391 ac
1617 3340 1670 3392 in
1695 3340 1943 3394 ordinem
1977 3357 2169 3411 cogere
2196 3344 2375 3397 mani-

808 3424 964 3479 festis
1016 3426 1291 3496 sutl‘ragiis
1336 3428 1672 3483 nitebantur.
1726 3430 1963 3486 Proinde
2011 3434 2064 3486 in
2108 3434 2375 3503 judicium

808 3513 1099 3579 adductus,
1131 3531 1193 3570 ac
1217 3517 1398 3585 potius
1444 3520 1760 3590 przejudieio
1790 3522 2206 3588 condemnatus,
2250 3540 2373 3578 cum

808 3621 872 3658 ca
916 3618 1196 3675 rogaretur
1227 3625 1347 3677 quae
1392 3611 1696 3681 ignorabat,
1735 3613 1806 3667 ob
1849 3630 2021 3684 caque
2059 3632 2155 3684 per
2198 3626 2377 3671 ostra-

811 3694 1042 3749 cismum
1085 3698 1376 3765 quemdam
1412 3702 1732 3769 pelleretur,
1773 3704 2148 3773 indignatione
2184 3707 2377 3776 plenus

810 3786 1177 3853 imperatricis
1221 3798 1436 3843 uterum
1474 3802 1817 3856 exsecratur,
1865 3810 1931 3847 ne
1971 3811 2149 3850 mares
2176 3798 2382 3852 liberos

810 3878 1005 3945 pariat.
1033 3879 1192 3948 108
1230 3892 1285 3934 et
1328 3896 1396 3934 ex
1448 3884 1770 3951 proceribus
1829 3888 2093 3953 quosdam
2147 3903 2380 3942 censura

810 3969 1183 4023 ecclesiastica
1208 3982 1395 4038 notat;
1438 3984 1493 4028 et
1526 3975 1822 4029 concilium
1860 3976 2110 4046 ejiciendi
2140 3980 2222 4031 sui
2251 3995 2381 4034 cau-

810 4072 869 4111 sa
909 4058 1171 4110 indictum
1207 4099 1224 4123 ,
1254 4071 1311 4113 ut
1335 4061 1481 4130 quod
1515 4064 1699 4131 palatii
1752 4064 1900 4118 fures
1929 4064 2295 4135 frequentaret
2327 4078 2382 4122 et

811 4164 1170 4218 personarum
1200 4154 1468 4207 rationem
1498 4155 1746 4216 haberet.
1781 4172 1948 4225 seque
1978 4175 2074 4227 per
2126 4159 2378 4229 injuriam

812 4254 867 4293 et
897 4252 1087 4296 contra
1118 4243 1367 4298 instituta
1397 4248 1662 4315 majorum
1694 4248 1827 4302 sede
1860 4260 1915 4302 et
1940 4266 2101 4320 grege
2126 4254 2379 4318 pelleret,

815 4332 1117 4397 insectatus
1136 4342 1241 4386 est.
1277 4332 1757 4405 Cuntostephanus
1779 4348 1987 4403 autem,
2032 4354 2173 4391 unus
2203 4353 2268 4391 ex
2315 4340 2384 4393 iis

811 4425 905 4492 qui
943 4425 1128 4477 sellam
1160 4425 1504 4494 imperatoris
1535 4429 1944 4485 circumsistunt
1974 4441 2027 4485 et
2056 4432 2381 4485 familiarius

2476 3242 2728 3294 ϐάλλεται
2758 3240 2831 3303 ὡς
2866 3239 3255 3311 συναιρετίξων
3286 3241 3505 3310 μοναχῷ
3532 3259 3640 3294 τινι
3680 3236 4049 3309 ΝήφωνιῘΗν

2473 3335 2529 3389 δὲ
2562 3338 2588 3387 6
2620 3335 2826 3404 Νήιρων
2859 3335 3103 3404 συνήθης
3141 3334 3241 3402 μὲν
3271 3333 3349 3402 τῷ
3383 3335 3699 3404 πατριάρχῃ
3724 3334 3815 3385 καὶ
3851 3333 4048 3385 πολλὰ·

2477 3445 2563 3487 κις
2599 3429 2661 3479 ὲκ
2691 3425 2793 3495 τῆς
2841 3426 3007 3478 αὑτοῦ
3056 3424 3340 3495 τραπέζης
3387 3426 3659 3488 ἑστιαθεὶς
3709 3426 3802 3477 καὶ
3847 3426 4053 3495 στέγης

2476 3519 2677 3588 ὁμοίως
2711 3516 3070 3587 μετειληχὼς,
3098 3516 3413 3587 διεϐέϐλητο
3445 3516 3501 3568 δὲ
3536 3518 3611 3580 ῶς
3642 3518 3741 3570 οὐκ
3773 3517 3930 3587 ὀρθὸς
3962 3520 4050 3587 εἴη

2477 3612 2543 3661 τὰ
2607 3611 2664 3671 ἐς
2711 3608 2894 3661 πίστιν
2917 3648 2936 3674 ,
2976 3610 3072 3661 καὶ
3101 3608 3199 3677 τὴν
3233 3610 3540 3679 σχοινοτενῆ
3588 3609 3747 3675 γένυν
3783 3608 4055 3679 ἑκέκαρτο

2478 3702 2575 3756 καλ⁸
2620 3702 2987 3773 δεσμωτηρίῳ
3035 3702 3291 3771 ὲνείρχθη
3342 3701 3496 3771 παρά
3552 3701 3647 3754 τοῦ
3704 3704 4052 3771 πατριάρχου

2480 3792 2723 3861 Μιχαὴλ.
2751 3787 2857 3845 ἾΙν
2883 3789 2975 3845 οὖν
3018 3793 3046 3844 6
3095 3793 3321 3856 Κοσμᾶς
3354 3792 3421 3844 δι’
3448 3792 3612 3846 αὐτὸν
3639 3792 3731 3844 ὑπ’
3762 3792 3945 3845 αἰτίαν
3975 3792 4055 3855 ὡς

2478 3882 2739 3952 ὁμόφρων
2799 3900 2858 3935 τε
2914 3883 3007 3936 καὶ
3064 3882 3341 3952 ὁμόδοξος,
3397 3884 3491 3937 καὶ
3548 3885 3599 3936 oi
3648 3885 3912 3950 ἀντίδοξοι
3973 3886 4055 3955 τῷ

2481 3974 2677 4042 Κοσμᾷ
2707 3972 3065 4042 εὐπροσώπου
3097 3973 3298 4042 ταύτης
3328 3972 3583 4042 ἀφορμῆς
3603 3972 4055 4042 λαϐόμενοικατ-

2483 4064 2703 4133 έτρεχον
2760 4062 2865 4134 ἤδη
2915 4066 3011 4117 καὶ
3042 4064 3306 4133 λαμπρῶς
3334 4064 3635 4127 ἐπέκειντο,
3673 4065 3813 4116 κατά
3846 4063 4054 4132 κράτος

2483 4159 2731 4225 αἱρήσειν
2766 4157 2861 4208 καὶ
2905 4156 3058 4219 ὅλαις
3106 4156 3357 4209 καθελεῖν
3400 4156 3605 4227 ψήφοις
3634 4158 3798 4208 αὑτὸν
3828 4158 4055 4221 ἐπειγὲ-

2486 4264 2663 4315 μενοι.
2700 4247 3031 4315 Κρινόμενος
3064 4242 3179 4310 οὖν,
3236 4247 3266 4315 ἦ
3300 4246 3500 4315 μᾶλλον
3544 4248 4009 4316 κατακρινόμενος
4038 4286 4054 4309 ,

2484 4339 2581 4391 καὶ
2604 4336 2639 4391 ἃ
2665 4339 2763 4390 οὐκ
2794 4338 3092 4404 ἐγίνωσκεν
3124 4338 3496 4408 ἐρωτώμενος,
3524 4338 3617 4389 καὶ
3649 4338 3738 4390 διὰ
3760 4337 3935 4389 ταῦτα
3958 4338 4053 4389 τοῦ

2486 4431 2677 4500 θρόνου
2711 4430 3247 4498 ὲξοστρακιζὸμενος,
3291 4430 3451 4498 ζήλου
3492 4429 3828 4498 πίμπλαται,
3871 4431 3967 4481 καὶ
3991 4430 4054 4481 τ),

813 4530 939 4569 cum
992 4530 1059 4567 eo
1096 4517 1504 4585 colloquuntur,
1554 4522 1838 4589 egerrime
1880 4522 2024 4576 ferre
2074 4538 2131 4577 se
2194 4523 2385 4578 herilis
2418 4520 2505 4573 Dc

2362 4538 2385 4578 s
2418 4520 2460 4573 Β
2491 4519 2762 4589 συνέδριον
2794 4521 2970 4570 έκεῖνο
2996 4518 3475 4587 περισκεψάμενος
3501 4520 3563 4588 τῇ
3602 4519 3702 4587 μὲν
3742 4520 3928 4589 μήτρα
3954 4524 4054 4589 τῆς

816 4606 957 4661 uteri
986 4609 1417 4663 exsecrationem
1438 4613 1796 4679 ostendebat;
1825 4623 1880 4667 et
1902 4614 2151 4669 simulata
2180 4615 2381 4682 ingenti

816 4704 928 4769 pra:
952 4700 1164 4752 cat-teris
1195 4700 1450 4755 omnibus
1488 4702 1883 4773 indignatione,
1917 4706 1995 4760 ira
2015 4717 2254 4761 aestuans
2286 4723 2383 4776 pa-

817 4793 1107 4846 lriarcham
1160 4794 1474 4863 aggreditur
1529 4796 1682 4863 quasi
1747 4795 1956 4865 alapam
2025 4797 2381 4866 impacturus,

814 4898 1144 4951 quamquam
1178 4883 1247 4935 ab
1273 4898 1339 4935 eo
1368 4882 1470 4936 sibi
1504 4886 1847 4953 temperavit.
1868 4886 1922 4938 lii
1943 4902 2043 4941 nec
2067 4890 2383 4957 imperatori

815 4973 1023 5027 cordati
1059 4973 1299 5027 hominis
1350 4974 1553 5027 factum
1603 4990 1727 5029 esse
1769 4976 1981 5028 visum:
2028 4979 2172 5044 quod
2225 4995 2382 5033 suum

810 5064 1077 5136 judicium
1108 5065 1385 5119 iracundia
1422 5065 1744 5119 declaravit:
1782 5077 1835 5121 et
1860 5069 2246 5137 consanguinei
2285 5070 2384 5123 im-

816 5156 1073 5226 pt‘ratorii
1103 5165 1157 5209 et
1190 5175 1230 5208 δι
1252 5164 1409 5211 natus
1429 5155 1857 5227 Contostephani
1889 5158 2101 5213 facinus
2119 5160 2385 5215 nefarium

818 5248 1308 5316 reprehenderunt,
1344 5249 1435 5317 qui
1479 5248 1728 5303 tellurem
1768 5260 1917 5303 vasto
1954 5266 2049 5304 ore
2073 5251 2389 5307 hominibus

818 5339 956 5393 adeo
1004 5340 1206 5410 iniquis
1260 5340 1354 5395 inh
1379 5349 1559 5395 antem
1597 5356 1705 5393 non
1762 5340 2034 5394 horreret.
2078 5342 2197 5411 Ipse
2256 5360 2388 5397 vero

2494 4610 2763 4681 βασιλίδος
2792 4610 3024 4678 ἐπιτιμᾷ
3049 4609 3123 4678 μὴ
3156 4610 3318 4662 παῖδα
3337 4610 3518 4663 τεκεῖν
3544 4610 3773 4680 ἄρρενα,
3799 4611 4056 4681 ἀςρορίζει

2489 4703 2545 4754 δὲ
2582 4703 2675 4753 καὶ
2729 4702 2837 4752 τῶν
2889 4702 3021 4769 περὶ
3074 4703 3165 4752 τὸν
3210 4701 3437 4769 βασιλέα
3470 4702 3619 4763 τινάς
3657 4702 3751 4753 καὶ
3783 4703 3883 4770 τὴν
3932 4705 4055 4754 τότε

2489 4788 2849 4841 συνελθοῦσαν
2886 4789 2966 4850 είς
2991 4789 3156 4840 αὐτοῦ
3193 4788 3508 4857 καθαίρεσιν
3544 4789 3758 4841 σύνοδον
3794 4790 3868 4851 ῶς
3902 4789 4058 4858 βασι-

2486 4881 2663 4942 λιίους
2708 4879 2880 4948 θύρας
2910 4878 3268 4949 ἑκτρίϐουσαν
3310 4880 3402 4931 καὶ
3435 4870 3699 4945 πρόσωπα
3734 4879 4054 4947 λαμϐανου-

2488 4988 2585 5022 σαν
2606 5012 2619 5032 ,
2650 4970 2758 5022 κάκ
2793 4970 2985 5021 τούτου
3028 4968 3102 5038 μὴ
3146 4968 3474 5032 κανονικῶς,
3511 4968 3626 5020 ἀλλ’
3653 4969 3910 5037 ἀθέσμοις
3959 4972 4056 5022 καὶ

2487 5064 2680 5132 θρόνου
2713 5060 2808 5113 καὶ
2836 5062 3073 5129 ποίμνης
3105 5060 3270 5111 αὐτὸν
3298 5057 3730 5113 ἀπελαύνουσαν.
3763 5060 3897 5111 Τότε
3938 5062 4056 5112 τοί-

2487 5172 2578 5207 νυν
2604 5155 2631 5205 6
2667 5152 3112 5218 Κοντοστέφανος
3145 5144 3225 5212 εἷς
3250 5148 3325 5203 ὢν
3352 5150 3460 5202 τῶν
3496 5150 3839 5203 κυκλούντων
3862 5151 4054 5221 θρόνον

2494 5248 2584 5299 τὸν
2630 5244 3010 5313 ἀνακτορικον,
3060 5242 3170 5294 τῶν
3220 5243 3544 5310 ἐγγιζόντων
3591 5260 3648 5295 τε
3702 5243 3914 5312 βασιλεῖ
3961 5247 4055 5297 καὶ

2495 5335 3048 5410 προσδιαλεγομένων
3094 5333 3571 5406 θαρραλεώτερον,
3602 5334 3749 5388 δεινά
3788 5334 4055 5406 πάσχοντι

2089 5478 2256 5537 Hier.
2306 5478 2508 5541 \‘l’olﬁi
2558 5484 2745 5537 notae.

892 5599 1004 5662 (‘72)
1051 5594 1114 5648 ΊΙ
1156 5594 1286 5663 γοῦν
1332 5595 1545 5663 πληθὺς
1590 5594 1700 5645 τῶν
1753 5593 2025 5647 κακίστων
2067 5594 2389 5663 ἀρχιερέων,

822 5668 928 5718 τῶν
956 5671 1028 5733 μὴ
1057 5664 1153 5736 τὴν
1176 5664 1341 5718 αὐτοῦ
1372 5666 1571 5734 ἀρετὴν
1592 5663 2025 5736 ἀποδεχομένων,
2045 5665 2388 5736 διαϐάλλουσι

824 5739 912 5789 τἰν
959 5733 1426 5805 πατριάρχηιμτ‹ξ)
1463 5734 1691 5802 βασιλεῖ,
1725 5733 1799 5795 ὡς
1832 5733 1922 5783 τὸν
1957 5734 2121 5785 αὑτοῦ
2160 5735 2386 5805 ἀδελφὸν

824 5809 914 5859 ἐπὶ
948 5810 1005 5858 τὸ
1038 5803 1286 5869 omne;
1313 5803 1589 5868 βασιλείας
1614 5807 1640 5857 6
1676 5804 2016 5872 πατριάρχης
2059 5804 2385 5857 ἀναϐιϐάσαι

2500 5597 2769 5672 βούλεται.
2802 5595 3020 5672 ,Λόγους
3040 5592 3409 5672 γάρζὸμιλοῦσι
3446 5593 3581 5672 κατὰ
3609 5592 3776 5672 μόνας
3810 5595 4057 5672 specu.

2498 5662 2603 5736 ραι,
2634 5666 2724 5717 καὶ
2755 5664 2955 5725 νύκτας
2976 5665 3102 5724 ὅλας
3133 5664 3457 5745 ἀγρύπνους.
3474 5662 3917 5743 διατελοῦσιηὲν*
3935 5672 4054 5730 ταῖς

2496 5733 2807 5803 συντυχίαις
2858 5733 3035 5787 αὐτῶν
3086 5735 3178 5785 καὶ
3236 5734 3500 5795 σνσκευάς
3554 5738 3692 5785 κατα
3750 5734 3839 5787 σοῦ
3891 5740 4057 5805 ἐργα-

2492 5806 2695 5872 (ornt.
