4272 6356
209 387 316 451 έΖἸ

1199 386 1303 448 DE
1333 384 1708 446 MANUELE
1741 382 2106 444 COMN'ENO
2146 382 2218 442 LI
2233 384 2292 442 Β.
2346 381 2431 441 ll.

3359 378 3464 443 418

207 495 372 566 ἐῴκει
400 493 491 549 διὰ
524 511 619 566 την
660 497 761 567 τῆς
805 496 1162 564 δεσποινικῆς
1196 491 1390 562 νηδύος
1439 490 1788 558 ίπιτίμησιν,

1898 486 2208 555 patriarcha
2238 487 2346 541 leni
2391 498 2524 540 voce
2547 481 2720 540 dixit:
2764 506 2780 537 t
2834 485 3008 542 Sinite
3044 485 3204 542 istum
3246 488 3469 557 jamjatn

207 589 300 641 καὶ
329 587 422 640 τὸν
452 586 704 658 ζηλωτὴν
741 588 832 640 hi
862 587 1072 648 τούτοις
1105 585 1246 655 ὑπὲρ
1274 586 1402 646 τοὺς
1429 581 1790 652 παρεστῶτας

212 677 428 740 πάντας
456 676 850 747 παρακαιρίως
895 676 1338 746 ὑποκρινάμενος
1374 673 1666 741 ἐφίσταται
1711 669 1790 739 τῷ

210 765 528 834 πατριάρχῃ
556 763 804 832 βράττειν
830 763 988 834 θυμῷ
1043 767 1140 818 καὶ
1189 763 1298 828 πὺξ
1332 759 1568 825 πατάξαι
1599 759 1789 813 τοῦτον

209 855 620 924 διανοούμενος,
650 855 756 908 κάν
785 856 1018 925 ὲπέσχεν
1046 854 1241 908 ἑαυτὸν
1269 851 1372 921 τῆς
1398 851 1599 921 ὁρμῆς.
1619 849 1792 903 Τοῦτο

210 947 266 999 δι
299 943 429 998 οὔτε
457 943 534 1014 τῷ
564 945 778 1015 βασιλεῖ
803 946 1104 1015 ἐχέφρονος
1132 943 1293 1014 εργον
1319 941 1490 1007 εδοξε,
1535 943 1629 994 καὶ
1654 940 1789 993 εδει-

213 1035 323 1100 ξεν,
359 1030 443 1100 οἷς
474 1037 854 1107 ⁴ίγγανιίιιτησε,
882 1035 1096 1107 βαρέως
1124 1032 1366 1101 ένεγκὼν
1384 1033 1448 1086 τὸ
1469 1031 1784 1101 γενόμενον·

212 1129 310 1182 καὶ
328 1129 380 1181 οί
414 1127 539 1182 καθ’
568 1123 710 1198 αἷμα
745 1128 804 1180 ει
847 1127 926 1196 τῷ
979 1126 1194 1196 βασιλεῖ
1245 1123 1648 1192 συναπτόμενοι
1695 1123 1792 1174 καὶ

212 1222 276 1276 τὸ
325 1217 736 1292 ξυμπαρεστὼς
784 1218 1072 1290 γερούσιον
1104 1217 1182 1280 ὡς
1228 1217 1422 1270 ἀνόσια
1465 1213 1666 1284 δρῶντι
1715 1211 1794 1282 τῷ

218 1313 659 1382 Κοντσστεφάνῳ
710 1311 1086 1378 ίπέπληττον,
1152 1309 1294 1378 μήτε
1341 1307 1451 1377 μὴν
1497 1304 1794 1374 πεφρικότι

154 1432 159 1440 -
212 1405 318 1472 τὴν
346 1405 480 1473 εὐρὺ
521 1405 668 1475 μάλα
711 1405 917 1464 τοῖςτά
952 1404 1176 1456 τοιαῦτα
1217 1396 1631 1465 παρανομοῦσιν
1673 1398 1796 1447 trti-

217 1496 518 1565 χαίνουσαν
551 1495 680 1563 γῆν.
733 1495 904 1556 Δύτδς
929 1494 986 1546 δδ
1017 1495 1044 1545 6
1088 1490 1436 1559 πατριάρχης
1468 1484 1673 1556 πραείᾳ
1700 1486 1793 1537 ού-

215 1587 350 1641 τωσί
380 1603 499 1650 τως
520 1586 690 1656 έφησε
710 1590 776 1657 τῇ
803 1588 977 1654 φωνῇ·
1013 1584 1248 1649 ι’Δφετε
1279 1579 1462 1641 αὑτὸν,
1494 1577 1614 1629 ὅσον
1642 1576 1795 1628 οῠπω

1895 590 2051 631 suatn
2098 577 2356 631 Petraeam
2404 585 2784 644 accepturum.
2821 595 2838 627 ι
2880 577 3090 642 Quibus
3137 579 3320 632 verbis
3375 595 3472 649 per

1894 666 2155 734 ambages
2186 667 2454 722 innuebat
2475 685 2588 738 quo
2620 668 2814 722 mortis
2833 682 3031 735 genere
3061 669 3343 736 periturus
3383 684 3476 722 es-

1893 766 2000 814 set.
2035 759 2118 812 An
2170 772 2304 812 vero
2347 759 2700 828 imperatoris
2744 759 2944 827 conjux
2998 759 3070 812 ob
3107 759 3266 813 istam
3302 760 3477 830 patris

1892 853 2328 907 exsecutionem
2390 868 2570 907 mares
2612 869 2720 908 non
2772 855 3072 924 pepererit,
3104 853 3218 908 Deo
3252 869 3474 908 servum

1895 955 2055 996 suum
2084 942 2392 998 bonorante
2422 952 2589 1012 atque
2608 945 2882 1000 ediciente
2910 957 2970 1000 ut
2997 946 3085 1000 illa
3115 961 3211 1015 per
3256 961 3474 1000 omnem

1887 1041 2105 1086 etatem
2160 1043 2372 1088 tantum
2423 1037 2635 1104 puellas
2683 1038 3010 1100 eniteretur,
3051 1037 3311 1106 equidem
3361 1052 3474 1092 non

1890 1123 2026 1178 satis
2055 1123 2193 1178 scio.
2255 1129 2558 1193 imperator
2614 1135 2800 1182 autem
2853 1138 2999 1183 recte
3048 1129 3253 1184 sentire
3303 1130 3473 1186 visus.

1889 1229 2016 1269 cum
2042 1229 2074 1268 a
2103 1230 2200 1270 sua
2241 1217 2580 1273 conscientia
2631 1229 2980 1290 argueretur,
3008 1222 3076 1274 ob
3103 1224 3282 1276 virum
3319 1221 3480 1291 109

1902 1308 2137 1377 justum,
2175 1310 2496 1378 religiosum
2537 1322 2592 1366 et
2628 1314 2878 1367 criminis
2928 1321 3209 1382 expertem
3266 1315 3480 1383 istaque

1901 1396 2205 1464 ignominia
2232 1401 2459 1456 minime
2487 1401 2712 1472 dignum
2750 1404 2891 1458 solio
2917 1404 3297 1467 deturbatum,
3341 1406 3482 1459 hanc

1902 1495 1960 1540 et
1992 1501 2102 1541 non
2136 1490 2301 1545 aliam
2337 1507 2560 1547 causam
2591 1509 2718 1551 esse
2765 1497 2982 1550 censuit
3010 1512 3112 1552 cur
3133 1497 3320 1552 nullos
3340 1497 3484 1552 illius

1903 1589 2247 1647 procrearet.

194 1683 316 1756 ’τὴν
350 1688 563 1740 οἰκείαν
589 1683 861 1754 πετραίαν
885 1679 1214 1748 ληψόμενον,
1247 1695 1266 1728 ι
1308 1678 1402 1729 τδν
1431 1677 1646 1730 ἐκείνου
1719 1676 1890 1745 μόρον
1965 1679 2074 1749 ὅτῳ
2145 1679 2386 1749 ξυμσαίη
2442 1685 2630 1752 τρόπῳ
2660 1683 3006 1755 γριφολογῶν
3034 1678 3135 1738 ὧδε
3181 1683 3484 1765 stabulm:-

213 1779 463 1848 τόμενος.
508 1780 570 1833 El
611 1779 668 1832 δι
711 1775 864 1844 καὶὴ
925 1772 1139 1842 βασιλὶς
1165 1771 1254 1824 διά
1307 1772 1540 1839 ταυτηνὶ
1605 1770 1705 1838 τὴν
1768 1769 2090 1839 ἐπιτίμησιν
2160 1775 2255 1826 τοῦ
2305 1777 2510 1843 πατρδς
2557 1778 2659 1830 οὐκ
2693 1778 2894 1848 ἢκουσε
2936 1779 3128 1840 παιδὸς
3173 1777 3358 1847 μήτηρ
3390 1778 3485 1846 ἀῤ·

217 1879 400 1942 ῥενος,
438 1875 532 1928 τοῦ
563 1872 702 1926 Θεοῦ
736 1870 1006 1940 τιμῶντος
1037 1869 1128 1920 τὸν
1158 1866 1325 1920 αὐτοῦ
1350 1865 1661 1935 θεράποντα
1728 1866 1822 1916 καὶ
1863 1863 2274 1932 θηλυτεκοῦσαν
2328 1869 2684 1935 έκτελοῦντος

2772 1872 2897 1926 καθ’
2953 1873 3076 1924 ὅλον
3127 1873 3225 1925 τὸν
3272 1871 3481 1939 ταύτης

218 1971 423 2040 βίοτον,
459 1968 626 2030 αὐτὸς
664 1967 764 2036 μὲν
802 1962 990 2032 σαφῶς
1021 1961 1123 2013 οὐκ
1153 1961 1318 2028 ίσημι
1345 1974 1359 1990 ·
1417 1959 1513 2025 ὅγε
1589 1954 1695 2025 μὴν
1763 1955 2019 2024 βασιλεὺς
2073 1959 2459 2030 ιὺγνιυμονῶν,
2523 1966 2600 2028 ὼς
2674 1964 2866 2029 ἔδειξε,
2933 1966 3030 2017 καὶ
3070 1963 3147 2035 τῷ
3187 1965 3339 2019 ἔνδον
3392 1957 3487 2020 καὶ

215 2061 406 2129 οἰκείῳ
459 2060 733 2129 κριτηρίῳ
779 2055 1175 2125 πληττόμενος.
1229 2046 1308 2113 οἷς
1360 2048 1531 2118 ἀνδρα
1577 2047 1787 2100 δίκαιον
1823 2046 2054 2119 θεοσεσῆ
2125 2067 2185 2104 τε
2221 2055 2314 2105 καὶ
2377 2055 2669 2124 ἄμεμπτον
2692 2061 2789 2110 καὶ
2820 2057 2990 2127 μηδέν
3017 2074 3068 2109 τι
3103 2055 3487 2130 καθαιρέσεως

216 2157 369 2219 ἀξιον
425 2151 870 2223 διαπραξάμενον
915 2145 1194 2218 παρέλυσε
1227 2147 1325 2216 τῆς
1380 2141 1580 2212 ἀρχῆς,
1649 2140 1831 2195 αἰτίαν
1869 2141 2095 2214 ταύτην,
2151 2148 2250 2216 οὐχ
2299 2147 2496 2218 έτέραν
2545 2149 2644 2217 τὴν
2713 2150 2810 2218 τῆς
2864 2147 3137 2212 υίοτοκίας
3198 2149 3488 2204 διετείνετο

218 2247 504 2315 στέρησιν.

285 2341 360 2392 Δ’.
390 2336 657 2397 Ιιεσόντος
687 2332 766 2396 δὲ,
798 2331 874 2394 ὡς
891 2331 1125 2400 ἔφημεν,
1149 2327 1243 2380 τοῦ
1270 2326 1740 2394 Κοντοστεφᾶντυ,
1769 2325 1798 2376 6

1867 2340 1872 2378 ι
1986 2323 2072 2378 ιν.
2116 2323 2220 2378 Sed
2247 2324 2716 2396 Contostepbano,
2755 2334 2814 2380 ut
2847 2327 3105 2387 diximus,
3152 2327 3335 2382 occiso
3374 2341 3490 2381 ma'

222 2430 398 2500 μέγας
444 2428 770 2494 δομέστικος
813 2424 1070 2490 Ἰωάννης
1105 2420 1206 2489 τῆς
1255 2417 1627 2488 τριηραρχίας
1673 2418 1796 2468 ἑπι-

218 2521 584 2589 λαμσάνεται,
616 2517 717 2585 οὐχ
746 2515 884 2568 ὥστε
922 2513 1016 2566 καὶ
1047 2513 1220 2581 μέγας
1255 2509 1382 2575 δοὺξ
1408 2508 1794 2579 ὀνομάζεσθαι,

218 2613 334 2667 ἀλλ’
363 2615 491 2665 ὅσον
521 2609 615 2663 τοῦ
656 2609 846 2662 στόλου
877 2603 1189 2676 ἐξηγεῖσθαι
1215 2604 1309 2657 καὶ
1338 2605 1448 2667 τοῖς
1490 2604 1798 2671 γινομένοις

222 2705 544 2756 ἐπιστατεῖν
579 2702 654 2763 ὡς
689 2700 998 2768 στρατηγίᾳ
1023 2697 1350 2765 διαπρέπων
1367 2696 1505 2765 ἀνὴρ
1531 2696 1626 2746 καὶ
1658 2694 1800 2746 κατά

159 2859 162 2862 ,
220 2799 380 2865 χεῖρα
423 2795 676 2860 γενναῖος
715 2794 804 2844 καὶ
837 2789 962 2841 νοῦν
995 2788 1292 2857 ἡγεμονίας
1342 2786 1588 2839 πλουτῶν
1633 2785 1802 2848 ἀξιώ-

220 2904 415 2946 τατον,
478 2887 538 2938 Ὀ
569 2884 626 2936 δὲ
679 2881 936 2952 βασιλεὺς
985 2878 1345 2946 κατατρίϐειν
1396 2879 1659 2936 ἐπιεικητις
1713 2876 1804 2927 τὸν

223 2953 416 3040 καιρὸν
443 2979 567 3044 είκῇ
599 2976 659 3027 ἑν
687 2973 846 3040 δεινῷ
871 2971 1160 3039 τιθέμενος
1181 3012 1195 3036 ,
1229 2970 1324 3022 καί⁵
1349 2969 1449 3030 τάς
1478 2970 1694 3039 ἡμέρας
1725 2970 1804 3029 εἰς

221 3067 376 3121 οὐδὲν
418 3066 736 3118 ἀναλίσκειν
789 3061 988 3115 οὔκουν
1029 3060 1397 3130 βουλόμενος,
1439 3060 1514 3121 ὡς
1545 3061 1572 3111 6
1614 3061 1803 3127 Κεφα-

185 3159 404 3227 ίληνων
467 3156 722 3226 βασιλεὺς
798 3154 1089 3215 Ὀδυσσεὺς
1151 3152 1250 3214 τάς
1315 3151 1470 3222 ἡλίου
1539 3151 1805 3220 πρότερον

228 3247 379 3318 βοῦς,
437 3249 516 3309 είς
564 3245 669 3314 νῆα
705 3244 866 3311 ἐνέϐη
925 3245 1026 3312 τὴν
1067 3244 1407 3314 στρατηγίδα
1433 3282 1447 3304 ,
1491 3243 1586 3295 καὶ
1619 3241 1807 3312 κύκλῳ

227 3341 326 3410 τὴν
365 3337 733 3408 Κερκυραίων
767 3337 949 3388 πᾶσαν
987 3333 1419 3397 κατωπτευκὼς,
1509 3335 1806 3404 προσϐάλοι

229 3426 510 3496 έπιμελῶς
561 3423 992 3478 κατεσκέπτετο.
1037 3423 1124 3485 Ἐς
1174 3423 1285 3490 γὰρ
1341 3425 1519 3492 μῆνας
1566 3427 1716 3492 τρεῖς
1773 3425 1806 3494 ἡ

229 3519 528 3588 πολιορκία
560 3517 1002 3588 παρεξετείνετο.
1037 3516 1120 3570 ὅτι
1155 3514 1278 3584 μηδ’
1311 3513 1428 3586 εἶχε
1459 3515 1560 3588 τὴν
1597 3516 1808 3568 Ὄσσαν

227 3611 481 3682 ἁνασπᾷν
511 3609 544 3676 ἢ
574 3609 666 3662 τὸν
699 3607 882 3660 Ἀθων
912 3607 1284 3662 ἐπικυλίνδειν
1305 3648 1320 3671 ,
1358 3608 1454 3660 καὶ
1493 3607 1808 3661 ἀνατιθέναι

227 3704 295 3756 τὰ
329 3703 435 3773 δρη
462 3700 768 3770 munia,
796 3699 893 3753 καὶ
922 3700 1023 3770 τὴν
1053 3701 1233 3770 ἄκραν
1267 3698 1413 3753 οὓτω
1450 3702 1628 3754 ποιεῖν
1667 3702 1808 3754 ἀλώ-

229 3812 415 3866 σιμον.
439 3793 629 3848 Ταῦτα
647 3793 758 3861 γὰρ
777 3790 1153 3862 μεγαλουργία
1175 3790 1379 3861 μυθικὴ
1403 3793 1496 3846 καὶ
1517 3791 1805 3856 ἀπίθανος.

238 3887 327 3949 Ὦς
363 3886 422 3938 δὲ
461 3882 730 3939 πάντοθεν
753 3877 823 3952 ἦν
868 3879 1270 3952 ἀπορούμενος,
1307 3880 1454 3945 εδοξε
1493 3884 1638 3937 κατά
1685 3901 1808 3938 τινα

230 3975 501 4046 φάραγγα
536 3972 769 4041 εὐέφοδα
800 3971 899 4024 καὶ
938 3971 1176 4041 προσιτά
1213 3970 1455 4025 τιθεῖσαν
1486 3975 1555 4027 τὰ
1595 3974 1810 4028 ἔνδοθεν

230 4062 492 4133 βαλέσθαι
553 4061 772 4130 ξυλίνην
807 4060 1053 4132 κλίμακα
1083 4099 1098 4124 ,
1134 4061 1191 4124 ις
1243 4061 1434 4132 σχῆμα
1473 4064 1684 4134 πύργου
1720 4083 1807 4118 τε-

234 4152 596 4220 κτονηθεῖσαν
643 4151 924 4204 κυκλόθεν.
975 4150 1343 4220 Ἥρμόττοντο
1390 4149 1482 4206 οὖν
1529 4158 1811 4226 ναυπηγήο

229 4261 367 4316 σιμα
407 4243 567 4311 ξύλα,
608 4242 706 4295 καὶ
732 4243 868 4294 ἱστοὶ
912 4241 1172 4312 μεγάλων
1207 4242 1346 4296 νεῶν
1381 4248 1806 4313 συνεπήγνυντο,

227 4339 326 4392 καὶ
350 4339 404 4390 oi
437 4337 515 4406 μὴ
542 4333 918 4404 έξικνούμενοι
953 4333 1048 4388 τοῦ
1083 4333 1254 4404 ὕψους
1287 4335 1498 4407 βλῆτρα
1543 4339 1808 4409 ἐδέχοντο.

236 4431 327 4492 Ὠς
383 4428 442 4482 δι
499 4427 615 4482 ιδει
671 4426 822 4481 ποτε
860 4429 1096 4500 ἀρθῆναι
1153 4429 1248 4484 καὶ
1287 4431 1439 4498 παρά
1481 4431 1581 4502 τὴν
1635 4434 1810 4503 ἀκραν

226 4521 456 4591 τεθῆναι
513 4521 616 4588 τὴν
671 4521 972 4590 πυργοειδῆ
1022 4522 1232 4593 ταύτην
1296 4522 1569 4592 κλίμακα,
1615 4525 1648 4594 ἡ
1710 4525 1809 4594 μὲν

228 4609 451 4680 κορυφὴ
475 4609 650 4679 αὐτῆς
681 4609 850 4679 ῥαχίᾳ
875 4611 1082 4680 πέτρας
1118 4610 1214 4664 καὶ
1243 4610 1405 4681 πάγῳ
1437 4613 1810 4681 προσήγγιζεν

226 4701 523 4772 ὀκριόεντι,
565 4700 689 4753 ὅθεν
739 4701 770 4752 6
806 4701 908 4771 τῆς
939 4701 1153 4765 πόλεως
1183 4701 1468 4771 τειχισμδς
1506 4704 1810 4773 ἀρχόμενος

230 4795 393 4864 βάσιν
431 4791 680 4845 ἑνεδίδου
734 4794 850 4856 τοῖς
891 4793 1220 4846 ἀποϐαίνειν
1269 4795 1334 4846 έκ
1384 4795 1485 4864 τῆς
1538 4798 1810 4864 κλίμακος

231 4883 494 4953 μέλλουσι
525 4884 623 4932 καὶ
657 4880 793 4949 πρὸς
826 4884 955 4944 τοὺς
987 4881 1084 4934 ἀπὶ
1127 4881 1226 4934 τοῦ
1277 4882 1491 4952 τείχους
1521 4884 1810 4955 ἀντιφέρε-

1899 2429 2040 2484 gnus
2076 2413 2412 2468 domesticus
2438 2414 2674 2470 Joannes
2721 2415 3100 2491 praefecturam
3135 2413 3342 2470 classis.
3367 2427 3488 2468 sine

1906 2515 2088 2561 tamen
2151 2507 2332 2576 magni
2383 2507 2541 2562 ducis
2580 2518 2962 2577 cognomento,
3021 2509 3272 2578 suscipit,
3321 2517 3501 2576 atque.

1904 2599 2088 2652 omnia
2117 2598 2466 2653 administrat
2501 2608 2559 2653 ut
2590 2600 2754 2654 homo
2805 2604 2881 2653 rei
2918 2599 3170 2655 militaris
3215 2601 3488 2669 peritissi-

1909 2706 2050 2753 mus,
2080 2700 2135 2745 et
2164 2707 2328 2744 manu
2370 2703 2657 2762 promptus
2682 2702 2739 2746 et
2764 2694 2986 2761 ingenio
3018 2694 3083 2746 ad
3115 2693 3486 2762 principatum

1905 2783 2213 2852 aptissimo.
2251 2783 2552 2852 Imperator
2574 2800 2706 2838 vero
2735 2785 2936 2839 frustra
2960 2800 3017 2839 se
3049 2795 3266 2852 tempus
3304 2794 3485 2840 terere

1889 2888 2052 2942 a‘gre
2100 2872 2304 2936 ferens,
2360 2883 2416 2927 et
2467 2873 2607 2937 dies,
2668 2885 2728 2926 ut
2787 2875 2917 2927 olim
2961 2873 3336 2943 Cephalenum
3392 2888 3488 2927 rex

1911 2963 2130 3034 Ulysses
2183 2965 2316 3018 solis
2355 2964 2548 3029 boves,
2623 2964 2826 3018 frustra
2882 2979 3208 3019 consumere
3269 2966 3488 3027 nolens,

1909 3055 2036 3108 navi
2071 3069 2376 3108 conscensa
2410 3065 2467 3108 et
2495 3053 2740 3125 Corcyra
2775 3054 3018 3124 undique
3056 3056 3385 3124 perlustrata
3405 3057 3490 3112 di-

1908 3143 2146 3209 ligenter
2186 3145 2502 3198 considerat
2549 3160 2656 3213 qua
2713 3145 2868 3213 parte
2922 3146 3230 3215 oppugnari
3282 3159 3490 3216 posset.

1908 3235 2043 3289 Nam
2069 3235 2284 3290 obsidio
2325 3238 2546 3291 tertium
2575 3251 2816 3292 mensem
2857 3238 2968 3308 jam
3016 3238 3274 3294 durabat.
3303 3239 3492 3310 Neque

1910 3326 2058 3380 enim
2087 3323 2276 3380 Ossam
2311 3328 2576 3383 revellere
2605 3339 2700 3383 aut
2727 3329 2911 3383 Athon
2929 3329 3225 3385 advolvere
3245 3340 3303 3385 et
3336 3347 3493 3386 mon-

1913 3427 1994 3471 tes
2025 3419 2307 3472 montibus
2340 3418 2626 3488 imponere
2659 3429 2897 3488 poterat,
2928 3436 3037 3489 quo
3060 3436 3242 3476 arcem
3270 3422 3495 3478 facilius

1909 3521 2270 3579 expugnaret.
2320 3518 2380 3564 ut
2411 3510 2626 3580 poetica
2674 3510 3145 3582 magniloquentia
3188 3513 3490 3571 fabulatur.

1913 3599 1981 3656 Ut
2013 3615 2144 3655 vero
2191 3602 2343 3655 omni
2375 3601 2608 3656 consilio
2644 3602 3072 3669 destituebatur,
3105 3606 3282 3660 visum
3312 3615 3398 3661 est
3437 3608 3495 3662 in

1911 3693 2068 3756 valle,
2114 3709 2219 3762 qua
2269 3693 2336 3747 ad
2393 3695 2658 3750 interiora
2689 3696 2866 3750 facilis
2915 3696 3140 3766 patebat
3185 3696 3390 3762 aditus,
3422 3699 3496 3752 li-

1911 3800 2104 3856 gneam
2139 3788 2344 3841 scalam
2378 3789 2551 3842 turris
2595 3787 2770 3842 forma
2819 3790 2873 3843 in
2911 3791 3103 3844 orbem
3138 3790 3495 3847 fabrefactam

1911 3877 2189 3930 mmnibus
2249 3876 2568 3932 admovere.
2627 3878 2863 3934 Proinde
2923 3880 3109 3936 trabes
3160 3883 3399 3937 nautica:
3438 3893 3498 3937 et

1911 3969 2094 4038 magni
2127 3969 2255 4022 mali
2288 3979 2776 4040 coagmentantur;
2810 3981 2865 4026 et
2886 3974 2981 4043 qui
3019 3982 3181 4029 tanta
3212 3974 3493 4030 altitudini

1915 4060 2073 4130 ιιο
2102 4070 2260 4116 erant
2311 4061 2573 4132 impares,
2619 4065 3001 4120 commissuris
3049 4066 3282 4121 aliorum
3319 4067 3498 4137 ligno-

1914 4170 2031 4206 rum
2067 4162 2360 4222 azquantur
2388 4155 2624 4210 exteris.
2651 4155 2726 4210 Ea
2764 4157 2908 4210 scala
2941 4172 3064 4211 cum
3091 4159 3312 4214 tandem
3336 4161 3498 4215 at'ol-

1913 4246 2122 4298 leretur
2180 4255 2236 4298 et
2271 4243 2336 4298 ad
2387 4259 2572 4299 arcem
2609 4245 3004 4314 applicaretur,
3054 4247 3329 4318 fastigium
3375 4251 3497 4320 ejus

1912 4351 2161 4404 asperam
2212 4344 2431 4391 cautem
2484 4337 2810 4406 attingebat,
2865 4338 2920 4390 in
2969 4354 3078 4408 qua
3110 4342 3310 4396 mmnia
3342 4343 3498 4397 urbis

1916 4425 2229 4496 incipientia
2257 4425 2468 4480 aditum
2494 4441 2525 4481 e
2572 4427 2718 4481 scala
2769 4426 3126 4486 deseensuris
3158 4432 3495 4500 prebebant,

1914 4520 2006 4573 ubi
2037 4518 2263 4588 vestigia
2294 4517 2459 4587 figere
2493 4525 2551 4572 et
2586 4518 2778 4574 hostes
2812 4521 3032 4590 aggredi
3060 4534 3305 4591 possent.
3344 4525 3499 4580 Basis

1911 4627 2045 4666 vero
2067 4611 2225 4666 scala:
2253 4615 2421 4681 probe
2445 4622 2751 4681 compacta.
2775 4613 2959 4682 itaque
2977 4615 3154 4670 defixa
3187 4627 3245 4671 ut
3269 4618 3496 4672 niinin-e

1913 4705 2237 4774 agitaretur,
2263 4704 2500 4774 navigiis
2523 4705 2899 4759 incumbebat.
2948 4707 3276 4778 Deliguntur
3315 4712 3499 4764 tortis:-

1913 4797 2039 4852 simi
2065 4798 2270 4866 quique
2287 4807 2344 4851 et
2370 4797 2531 4852 bellis
2559 4799 2938 4865 celeberrimi;
2971 4811 3026 4854 et
3052 4803 3170 4870 ipse
3193 4802 3496 4872 imperator

1913 4891 2262 4960 proclamat:
2297 4908 2314 4939 ι
2355 4888 2460 4954 Qui
2501 4890 2891 4961 imperatorem
2922 4893 3104 4964 diligit
3150 4903 3208 4950 et
3254 4898 3498 4966 pericuia

229 4972 384 5034 σθαι,
414 4971 447 5040 ἡ
473 4968 519 5020 δ’
546 4969 831 5040 ὑποσάθρα
879 4971 1090 5034 πλοίοις
1127 4972 1451 5026 ίπανέκειτο
1480 4970 1540 5027 εὖ
1571 4974 1801 5046 ἀραρυῖα

1867 5016 1887 5068 )
1917 4996 2027 5034 non
2059 4979 2406 5044 reformidat,
2446 4982 2727 5035 ascendat.
2772 5000 2791 5032 ι
2827 4981 2938 5036 Nec
2967 4992 3150 5038 tamen
3190 5001 3258 5040 eo
3293 5001 3496 5055 pra‘eo-

227 5065 324 5116 καὶ
372 5061 663 5129 πεπηγυῖα
705 5061 846 5131 πρὸς
903 5061 962 5114 τὸ
1013 5061 1250 5132 ἔμπεδον
1303 5065 1398 5116 καὶ
1446 5065 1806 5136 ἀκράδαντον.

239 5155 565 5224 ἐπιλέγδην
611 5151 707 5208 οὖν
734 5157 784 5206 οἱ
825 5154 915 5207 ἐπ’
941 5155 1112 5223 αὐτῆς
1145 5155 1810 5231 ἀναϐησόμενοινὲπεκρί-

225 5263 424 5309 νοντο,
462 5247 562 5299 καὶ
607 5247 656 5298 οί
717 5246 976 5300 ἁπάντων
1024 5247 1198 5318 ίξοχοι
1250 5248 1428 5304 ἀλλων
1459 5254 1554 5306 καὶ
1587 5254 1811 5323 ἄλκιμοι

227 5339 370 5392 κατά
395 5336 656 5408 πόλεμον,
687 5337 771 5391 ὃτι
802 5339 918 5402 καὶ,
968 5355 988 5390 ε
1029 5336 1090 5392 '0
1123 5339 1217 5392 τὸν
1248 5339 1473 5410 βασιλέα
1514 5340 1684 5411 φιλῶν
1721 5351 1812 5398 καὶ

227 5433 516 5501 φιλότιμος
560 5436 619 5484 έν
663 5431 857 5494 δεινοῖς
905 5431 1270 5498 ἀναδαινέτω,
1309 5434 1615 5505 »βασιλεὺς
1649 5439 1812 5502 αὐτὸς

229 5528 666 5597 προεκήρυττεν.
739 5524 948 5579 Οὐδένα
1006 5524 1108 5595 μὲν
1163 5523 1260 5581 οὖν
1337 5531 1671 5601 συνηγηόχει
1754 5533 1816 5586 τὸ

225 5615 473 5671 τοιοῦτον
499 5617 948 5689 διακηρύκευμα,
972 5617 1131 5672 ἀλλά.
1150 5621 1354 5685 πάντες
1382 5624 1636 5677 ἀνένευον
1676 5628 1815 5696 πρὶς

227 5709 328 5779 τὴν
358 5703 568 5774 ἄνοδον,
605 5711 666 5764 τὸ
695 5710 792 5764 τοῦ
828 5711 1080 5766 κινδύνου
1110 5712 1345 5780 μέγεθος
1389 5715 1809 5788 εὐλαϐούμενοι,

228 5803 331 5866 ἓως
359 5802 730 5874 Πετραλείοραί
759 5821 904 5868 τινες
933 5805 1255 5875 αὑτάδελφοι
1289 5809 1579 5880 τέσσαρες,
1611 5812 1674 5864 ὲκ
1713 5812 1810 5866 τοῦ

1917 5074 2012 5126 nio
2041 5075 2334 5141 quisquam
2370 5073 2729 5135 evocabatur,
2751 5075 2846 5128 sed
2866 5076 3096 5144 periculi
3122 5078 3500 5148 magnitudine

1920 5167 2097 5222 territi
2151 5181 2442 5221 ascensum
2472 5165 2857 5222 detrectabant
2893 5183 3107 5235 omnes,
3150 5171 3328 5226 donec
3363 5188 3500 5240 qua-

1921 5270 2046 5314 tuor
2077 5258 2278 5313 fratres
2311 5259 2655 5328 Petralipbze,
2688 5274 2756 5314 ex
2786 5260 3050 5316 Francica
3076 5271 3237 5333 gente
3254 5248 3500 5329 oriundi,

1917 5353 2010 5420 qui
2066 5350 2470 5421 Didymomeehi
2538 5350 2878 5416 habitabant,
2942 5351 3094 5407 dicto
3150 5353 3501 5424 imperatoris

1917 5441 2208 5497 audientes
2260 5442 2418 5512 primi
2475 5442 2681 5497 scalam
2743 5443 3209 5499 conscenderunt.
3252 5444 3500 5510 Quorum

1909 5536 2136 5589 audacia
2167 5535 2376 5589 incitati
2406 5534 2498 5588 alii
2526 5550 2635 5590 non
2669 5535 2934 5605 pauci,ae
2963 5545 3092 5591 ante
3114 5551 3214 5592 eos
3231 5536 3499 5606 Pupaces,

1911 5629 2094 5697 magni
2159 5627 2447 5681 domestici
2497 5627 2741 5690 satelles,
2792 5628 2951 5696 quasi
3004 5629 3234 5684 numine
3286 5629 3501 5685 adlatus

1911 5719 2226 5787 prosiliens,
2262 5720 2549 5774 consecuti
2580 5729 2729 5774 sunt.
2766 5719 2982 5786 Quibus
3024 5721 3287 5776 omnibus
3321 5722 3499 5791 impe-

1867 5832 1875 5839 ·
1911 5825 2064 5869 rator
2099 5814 2170 5868 ob
2203 5813 2543 5870 alacritatem
2563 5813 2915 5884 collaudatis,
2939 5817 3269 5888 selectisque
3301 5819 3368 5873 ad
3395 5817 3499 5872 400
