4272 6356
254 378 352 444 Ωὶ

1268 374 1370 436 DE
1408 372 1783 437 MANUELE
1826 371 2188 435 COMNENU
2224 376 2368 435 LIB.
2415 375 2473 436 ii

3395 380 3504 446 £22

247 495 375 553 τοὺς
406 490 825 562 ἀνατραπέντες
857 488 920 541 ἐκ
955 486 1050 557 τῆς
1078 486 1369 557 κλίμακος.
1401 489 1705 558 ἀπέσχοντο
1762 484 1858 539 τοῦ
1898 486 2030 556 δρᾷν
2063 486 2268 540 οὑτωσὶ
2292 528 2305 552 ,
2369 487 2495 551 τοὺς
2528 486 2726 559 ἄνδρας
2756 490 3094 556 αἰδεσθέντες
3124 489 3227 561 τῆς
3258 496 3501 561 γενναιό-

246 603 431 657 τητος.

317 680 390 733 E’.
451 678 590 731 Ἀλλ’
636 675 791 731 οὔπω
823 676 1068 747 ἀκριϐῶς
1105 677 1165 730 τὸ
1194 675 1456 745 ἀτύχημα
1486 672 1646 728 τοῦτο
1690 675 1823 727 Ῥω

1882 678 1905 733 i
2003 674 2065 727 V.
2104 670 2235 742 Ejus
2265 671 2434 725 cladis
2460 671 2608 725 luctu
2640 673 2864 728 vixdum
2888 673 3043 730 (inito
3061 686 3118 733 et
3153 678 3505 750 imperatoris

249 772 435 839 μαίοις
480 768 809 839 διεθρηνήθη
848 770 941 820 καὶ
973 769 1070 839 τὴν
1106 768 1194 819 ἐπ’
1242 767 1392 838 αὐτῷ
1434 766 1529 819 τοῦ
1560 765 1823 836 βασιλέως

244 861 426 930 λύπην
450 862 478 913 δ
509 862 688 915 πάντα
719 862 1001 929 μαραίνων
1030 862 1220 931 χρόνος
1253 859 1591 928 διαφορήσας
1612 860 1820 925 ἐλέανε,

245 957 339 1007 καὶ
374 955 509 1024 ἄλλη
559 971 642 1016 τις
693 953 1168 1022 ἐπισυμπλέκεται
1197 952 1451 1023 συμφορά
1492 954 1691 1021 χείρων
1725 952 1823 1017 τῆς

245 1046 475 1115 πρώτης
553 1047 647 1098 καὶ
720 1047 893 1097 κακον
958 1044 1370 1114 ἐπεισκωμάξει
1435 1044 1822 1112 ἀξιοπένθητον

244 1138 457 1206 ἕτερον.
510 1135 1007 1198 Διαστασιάζονται
1062 1136 1325 1205 Ῥωμαῖοι
1391 1136 1485 1189 καὶ
1541 1134 1819 1187 Βενέτικοι

243 1230 383 1281 κατά
419 1227 595 1296 μέσην
620 1227 962 1294 τὴνξάγορᾶν,
980 1227 1076 1279 καὶ
1105 1228 1137 1293 ὴ
1172 1226 1357 1288 στάσι(⁵
1384 1227 1485 1278 οὐκ
1513 1224 1819 1294 ἐρεσχελίαι

242 1319 376 1388 παρ’
424 1318 709 1386 ἑκατέρων
761 1318 1065 1369 πίπτουσαι
1114 1315 1223 1369 τῶν
1270 1316 1471 1385 γενῶν,
1523 1316 1633 1368 οὐδ’
1689 1318 1819 1380 ἔπος

244 1410 498 1478 αἰσχρὸν,
550 1410 733 1473 ὁποῖον
787 1408 1034 1478 ἐρρέθη,
1079 1406 1325 1460 τοιοῦτον
1375 1409 1847 1477 επακουόμενον,

240 1496 351 1548 οὐδ’
380 1494 862 1564 ἐϐωμολοχεύοντο
906 1494 1041 1563 πρὸς
1076 1494 1400 1565 ἀλλήλουςῆ
1434 1499 1722 1565 κερτόμοις
1768 1496 1818 1547 οι

240 1590 568 1641 στασιασταὶ
639 1584 889 1655 ῥήμασιν
942 1588 1393 1656 ἐκομψεύοντο,-
1424 1588 1533 1639 οὐδ’
1591 1588 1817 1640 ἐόαλλον

238 1679 432 1749 ὕὸρεσι
484 1678 579 1731 καὶ
628 1676 922 1730 ἐπλὺνοντο
982 1678 1330 1747 σκώμμασιν,
1368 1678 1483 1731 ἀλλ’
1524 1681 1580 1731 ai
1636 1682 1816 1747 χεῖρες

238 1768 381 1841 εἶχον
415 1775 482 1825 τά
526 1772 669 1823 ὅπλα
712 1771 806 1822 καὶ
854 1772 886 1840 ἠ
936 1771 1084 1841 μάχη
1122 1769 1450 1840 ἀγχώμαλος
1499 1771 1811 1840 ἐκορθύετο.

237 1867 432 1934 Συχνοὶ
464 1860 559 1915 οὖν
593 1866 641 1916 oi
689 1864 829 1915 κατά
874 1867 1065 1931 φήμην
1112 1864 1204 1914 τοῦ
1248 1863 1421 1916 κακοῦ
1474 1861 1594 1931 μεθ’
1635 1863 1815 1916 ὃπλων

237 1956 589 2026 ἑκατέρωθεν
626 1954 1007 2023 ἐπεισρέοντες
1034 1957 1125 2007 καὶ
1157 1957 1269 2018 τοῖς
1316 1955 1637 2023 ὁμογενέσιν
1676 1955 1815 2023 ἀρή-

1928 764 2120 819 dolore
2152 764 2421 833 temporis
2442 765 2620 832 spatio
2646 777 2843 821 cuncta
2874 772 3256 826 consumentis.
3302 780 3503 827 utcun-

1924 870 2033 923 que
2064 856 2257 917 lenito,
2295 855 2402 908 alia
2438 853 2722 908 calamitas
2755 858 2959 926 ingruit
3008 860 3293 928 superiore
3320 864 3499 932 pejor,

1924 956 1976 999 et
2004 946 2206 1000 malum
2255 946 2534 998 funestum
2582 944 2887 1001 suboritur.
2930 949 3081 1003 inter
3132 950 3409 1008 Romanos
3448 965 3506 1008 et

1925 1036 2163 1091 Venetos
2196 1036 2249 1087 in
2288 1035 2472 1087 medio
2494 1034 2614 1088 foro
2637 1036 2839 1091 seditio
2877 1039 3086 1103 oritur,
3124 1056 3227 1095 nec
3257 1040 3505 1099 dicteriis

1922 1140 1977 1182 et
2001 1124 2269 1181 conviciis
2296 1135 2561 1185 certatur.
2605 1124 2703 1179 sed
2748 1127 3001 1182 manibus
3029 1140 3086 1183 et
3118 1131 3307 1205 armis.
3356 1135 3505 1186 Con.

1921 1218 2123 1280 ﬂuunt,
2177 1232 2240 1271 ea
2290 1218 2499 1282 audita,
2538 1218 2798 1285 utrinque
2832 1221 3030 1273 armati
3063 1221 3130 1274 ad
3184 1238 3343 1291 opem
3387 1225 3506 1282 suis

1922 1309 2282 1380 popularibus
2313 1309 2632 1371 ferendam;
2669 1326 2950 1365 accessere
2992 1313 3121 1366 item
3154 1316 3309 1369 multi
3352 1318 3503 1372 iner-

1920 1413 2060 1461 mes,
2108 1401 2257 1469 regio
2298 1413 2501 1467 genere
2532 1398 2664 1451 clari
2716 1407 2773 1453 et
2824 1400 3185 1467 dignitatibus
3235 1404 3500 1460 illustres.

1921 1490 2284 1545 Advenerunt
2322 1498 2379 1542 et
2421 1489 2757 1544 Venetorum
2795 1492 3071 1560 primores
3106 1486 3321 1548 motutn'
3347 1497 3500 1551 illum

1919 1583 2161 1637 scdaturi
2188 1591 2245 1635 et
2276 1596 2462 1649 pacem
2486 1582 2855 1637 conciliaturi.
2881 1584 2986 1638 Sed
3010 1586 3193 1639 verbis
3220 1587 3288 1641 iis
3312 1603 3507 1647 move-,

1919 1675 2082 1729 batur
2131 1688 2333 1726 nemo:
2394 1688 2559 1727 nemo
2612 1676 2910 1729 concilium
2960 1676 3095 1728 illud
3133 1680 3499 1736 maximorum

1915 1766 2163 1819 virorum
2211 1764 2461 1818 curabat.
2514 1765 2654 1818 Mars
2708 1766 2855 1819 enim
2887 1768 3148 1821 atrociter
3187 1770 3417 1825 saeviens
3443 1780 3500 1825 et

1916 1856 2202 1925 sanguinis
2229 1854 2549 1910 etfundendi
2588 1856 2825 1925 cupidus
2868 1859 3050 1927 gravis
3075 1869 3367 1914 armatura:
3392 1862 3502 1914 mi-

1918 1949 2060 2010 lites.
2127 1963 2335 2017 eosque
2396 1948 2746 2015 potissimum
2800 1948 3021 2003 Venet-ta
3068 1951 3364 2016 factionis,
3422 1953 3501 2007 ita

238 2066 431 2117 γοντες
459 2088 472 2109 .
511 2047 699 2099 πολλοὶ
728 2046 787 2099 δὲ
826 2049 917 2099 καὶ
946 2048 997 2099 οἳ
1030 2049 1206 2099 ἐκεῖσε
1244 2047 1321 2117 μὴ
1364 2047 1813 2110 ὁπλενδυτοῦντες
1844 2064 1847 2075 λ

1882 2031 1885 2068 ⁵
1914 2040 2232 2095 concitabat
2268 2046 2328 2091 ut
2373 2038 2522 2092 nulla
2555 2055 2612 2092 re
2634 2040 2880 2094 coerceri
2914 2055 3163 2109 possent.
3210 2043 3345 2098 Nam
3387 2060 3500 2114 quo

235 2140 632 2211 παρενέϐαλον,
653 2139 800 2205 γένει
821 2139 1079 2208 βασιλείῳ
1106 2140 1430 2206 διαπρεπεῖς
1458 2142 1551 2193 καὶ
1573 2140 1817 2210 λαμπροὶ

236 2234 357 2287 κατ’
416 2231 666 2295 ἀξίωσιν.
716 2232 829 2283 Καὶ
881 2229 990 2283 τῶν
1020 2228 1321 2284 Βενετὶκων
1367 2231 1423 2283 δὲ
1469 2230 1730 2299 ἀφίκοντο
1764 2233 1815 2284 οι

236 2326 557 2396 γεραίτατοι
589 2323 666 2384 ὡς
692 2321 979 2383 σῦἐοοντες
1016 2324 1075 2374 τὸ
1102 2323 1275 2375 κακὸν
1302 2323 1395 2375 καὶ
1424 2321 1816 2393 διαλλακτῆρες

235 2419 513 2484 ἐσόμενοι.
560 2414 702 2467 Ἀλλ’
744 2414 847 2466 οὐκ
880 2410 949 2481 ἦν
988 2415 1097 2466 τῶν
1140 2414 1456 2484 λεγομένων
1488 2415 1811 2486 ἐπιστροφὴ,

232 2508 353 2561 οὲδέ
405 2522 491 2566 τις
540 2503 715 2573 εἰσῄει
765 2504 991 2566 τούτους
1023 2504 1186 2567 αίδὼς
1230 2504 1340 2558 τῶν
1384 2505 1815 2574 συνειλεγμένων

236 2598 515 2668 μεγίστων
544 2596 755 2664 ἀνδρῶν
786 2609 801 2624 ⁸
828 2596 857 2646 ὸ
890 2595 998 2664 γὰρ
1030 2596 1202 2665 ’Λρης
1225 2597 1514 2664 ἐκπάγλως
1537 2598 1812 2664 ἐμαίνετο,

232 2692 327 2741 καὶ
382 2689 711 2757 προχύσεως
761 2687 1014 2755 αἱμάτων
1046 2688 1188 2755 ἐρὼν
1224 2688 1545 2755 ἐπισυνίστη
1581 2688 1815 2755 μάλιστα

228 2784 354 2843 τοὺς
396 2781 653 2839 ὁπλίτας.
711 2780 806 2829 καὶ
855 2778 1079 2840 τούτους
1122 2780 1187 2832 ἐκ
1218 2778 1312 2831 τοῦ
1357 2779 1471 2831 τῶν
1512 2780 1813 2833 Βενετίκων

228 2875 396 2923 πλέον
452 2869 986 2940 στρατολογήματος,
1036 2868 1130 2922 καὶ
1189 2872 1448 2939 κατεῖχεν
1487 2870 1643 2924 οὐδὲν
1701 2874 1810 2925 οὐδ’

230 2964 598 3031 ἐπέστρεφεν.
640 2959 806 3015 Ὀσον
849 2960 957 3030 γὰρ
1000 2964 1027 3013 ὀ
1078 2961 1255 3030 μέγας
1307 2961 1633 3030 δομέστικος
1685 2966 1811 3028 τοὺς

238 3053 552 3122 Ῥωμαίους
597 3054 865 3106 ἀνέκοπτε
916 3053 1015 3121 τῆς
1082 3056 1259 3124 ὁρμῆς
1315 3056 1408 3107 καὶ
1452 3056 1551 3117 τὰς
1606 3058 1812 3109 τούτων

231 3147 649 3216 ἐπισυνδρομάς
703 3146 1009 3215 ἐπετείχιζε
1041 3188 1057 3213 ,
1111 3145 1368 3200 τοσοῦτον
1425 3146 1811 3217 ἐδαρυμηνίων

226 3238 517 3292 Βένέτικοι
546 3236 625 3295 τῷ
663 3237 820 3307 θυμῴ
855 3236 1221 3305 σφαδάζοντες
1256 3238 1364 3289 κάκ
1403 3236 1512 3289 τῶν
1539 3239 1810 3308 τριηρέων

229 3331 537 3399 ἐξεχέοντο.
601 3328 752 3380 Ἰδὼν
800 3331 982 3380 τοίνυν
1029 3330 1057 3381 6
1102 3328 1242 3399 ἀνὴρ
1286 3327 1361 3390 ὡς
1410 3329 1561 3381 οὐδὲν
1611 3330 1812 3396 ὼᾳελεῖ

234 3422 536 3487 διαλλαγάς
587 3419 790 3489 μετιὼν
839 3420 935 3472 καὶ
976 3417 1050 3480 ὡς
1094 3420 1216 3486 ἄγει
1266 3419 1542 3487 ἀναγκαία
1574 3421 1686 3491 (73)
1739 3422 1806 3473 τά

231 3515 363 3581 γένη
403 3513 557 3579 μάχῃ
589 3509 970 3578 διακριθῆναι,
1007 3511 1133 3573 τοὺς
1175 3510 1338 3573 ἰδίους
1381 3512 1806 3580 μεταπέμπεται

229 3604 573 3675 δορυφόρους
595 3641 611 3665 ,
652 3601 746 3664 οὓς
781 3603 875 3655 ἐπὶ
904 3602 1099 3668 καιρὸν
1133 3602 1314 3669 μάχης
1355 3598 1470 3669 εἶχε
1499 3603 1806 3670 χρησίμους

226 3696 407 3763 ἐαυτῷ
437 3700 532 3751 καὶ
561 3693 809 3753 ὁπλίταις
840 3692 1064 3759 ἀγαθοῖς
1094 3693 1363 3761 ἐκέχρητο
1384 3731 1398 3755 ,
1432 3693 1529 3743 καὶ
1560 3692 1807 3760 διαφίησι

226 3788 335 3847 τοῖς
374 3783 708 3844 Βενετίκοις.
751 3779 969 3849 Ἐξάγει
996 3780 1053 3833 δέ
1080 3781 1175 3833 καὶ
1208 3781 1376 3850 μέρος
1403 3782 1501 3846 τῆς
1528 3783 1805 3851 στρατιᾶς.

239 3874 358 3927 Ἐπ’
391 3874 572 3940 ὀλίγον
600 3871 694 3925 οὖν
736 3867 882 3925 οὗτοι
927 3871 1296 3941 ἀντισχόντες,
1350 3874 1419 3924 τά
1453 3872 1599 3924 νῶτα
1640 3888 1808 3940 μετα-

226 3971 491 4031 εαλόντες
539 3966 928 4037 προτροπάδην
984 3966 1249 4032 φεύγουσι
1304 3966 1401 4018 καὶ
1442 3967 1564 4026 ταῖς
1617 3964 1807 4016 ναυσὶν

224 4065 463 4120 ἄκοντες
495 4057 902 4123 συνωθοῦνται,
937 4054 1263 4126 βαλλόμενοί
1309 4072 1368 4108 τε
1412 4056 1504 4109 καὶ
1553 4054 1809 4125 ἀναιρού-

227 4172 410 4225 μενοι.
449 4152 600 4220 Πλὴν
631 4150 745 4205 οὐδ’
785 4146 933 4203 οὕτω
958 4149 1057 4216 τῆς
1092 4148 1373 4219 βαρόἀρου
1407 4148 1631 4217 γνώμης
1673 4147 1808 4217 ἠρέ-

226 4264 418 4318 μησαν
446 4246 480 4315 ἦ
514 4246 583 4296 τὰ
614 4243 755 4297 ὅπλα
803 4243 945 4314 μετά
980 4242 1077 4313 τὴν
1106 4236 1280 4314 ⁴ἧτταν
1311 4240 1624 4305 κατέθεντο,
1674 4240 1808 4293 ἀλλὰ

224 4341 372 4393 κατά
400 4343 471 4389 τά
501 4335 815 4390 δυσθάνατα
848 4334 956 4388 τῶν
996 4333 1207 4404 θηρίων
1236 4332 1597 4400 ἐφαλλὸμενοί
1627 4348 1685 4384 τε
1717 4332 1811 4384 καὶ

225 4430 635 4501 προαλλόμενοι
684 4428 743 4479 ἐν
795 4424 955 4494 δεινῴ
996 4425 1239 4478 τίθενται
1281 4425 1362 4476 ὅτι
1406 4423 1484 4492 μὴ
1523 4422 1811 4491 Ῥωμαίων

224 4522 412 4577 αὐτῶν
455 4518 857 4589 ὐπερίσχυσαν.
913 4518 1129 4587 ’Δμέλει
1159 4520 1254 4569 καὶ
1286 4516 1429 4568 κατὰ
1465 4516 1661 4586 χέρσον
1704 4532 1809 4584 μη-

226 4616 349 4667 κέτι
385 4612 684 4680 δυνάμενοι
717 4609 990 4680 μάχεσθαι
1010 4607 1412 4662 ἀποσαλεύουσι
1439 4608 1536 4668 τὰς
1558 4610 1692 4677 νῆας
1721 4609 1811 4661 καὶ

1917 2129 2090 2198 magis
2140 2144 2369 2197 magnus
2424 2128 2760 2184 domesticus
2806 2131 3178 2186 Romanorum
3233 2134 3498 2204 impetum

1922 2221 2278 2289 reprimebat,
2312 2234 2379 2273 eo
2408 2220 2581 2288 magis
2628 2220 2822 2275 Veneti
2864 2225 2941 2275 ira
2972 2224 3162 2292 perciti
3198 2240 3229 2278 e
3255 2226 3499 2281 triremi-

1917 2313 2022 2367 bus
2048 2311 2439 2379 erumpebant.
2483 2310 2643 2381 ιιῶ
2666 2310 2803 2366 Cum
2835 2313 3002 2380 igitur
3022 2314 3237 2369 videret
3266 2331 3326 2370 se
3351 2319 3502 2386 paci-

1918 2405 2135 2459 ﬁcando
2172 2402 2309 2456 nihil
2347 2406 2619 2472 prolicere
2642 2416 2696 2457 et
2721 2405 2951 2473 populos
2975 2406 3165 2475 praelia
3195 2408 3382 2461 dirimi
3403 2425 3501 2463 ne-

1916 2512 2070 2552 cesse
2100 2512 2250 2560 esse,
2284 2513 2413 2551 suos
2462 2498 2729 2553 satellites
2772 2503 3030 2563 accersit,
3069 2516 3304 2570 quorum
3351 2502 3500 2557 tidell

1916 2604 2083 2659 opera
2115 2590 2170 2642 in
2204 2590 2319 2643 acie
2350 2591 2629 2653 utebatur,
2672 2605 2881 2659 eosque
2916 2592 2969 2644 in
3010 2592 3251 2647 Venetos
3295 2595 3500 2649 immit-

1918 2683 2006 2735 tit.
2038 2681 2238 2735 Educit
2269 2689 2326 2734 et
2343 2681 2625 2749 copiarum
2655 2692 2887 2751 partem.
2914 2683 2994 2737 llli
3027 2685 3192 2753 igitur
3208 2700 3333 2739 cum
3356 2701 3498 2755 pauo

1913 2772 2083 2840 lisper
2136 2770 2490 2836 restitissent,
2545 2781 2763 2842 arrepta
2810 2772 2938 2842 fuga
2988 2774 3145 2829 inviti
3198 2777 3395 2846 jaculis
3440 2784 3498 2832 ιι

1914 2865 2160 2919 caedibus
2191 2864 2243 2917 in
2278 2879 2446 2918 naves
2477 2866 2905 2932 compelluntur.
2939 2867 3141 2922 Verum
3159 2884 3230 2923 ne
3260 2870 3341 2925 sic
3375 2872 3499 2939 qui-

1912 2952 2041 3009 dem
2107 2952 2311 3008 ferocia
2362 2954 2628 3022 mitigata,
2680 2970 2829 3008 arma
2886 2971 2991 3011 nec
3043 2968 3165 3025 post
3213 2969 3494 3029 acceptam

1914 3048 2123 3103 cladem
2156 3053 2481 3115 posuerunt,
2513 3046 2610 3101 sed
2651 3045 2825 3100 instar
2864 3048 3172 3103 belluarum
3202 3066 3344 3121 aegre
3375 3068 3498 3105 tno‘

1913 3142 2171 3195 rientium
2208 3139 2513 3194 insilientes
2551 3148 2607 3193 et
2649 3139 2997 3208 prosilicntes
3050 3140 3316 3211 indignati
3368 3150 3499 3199 suit

1914 3245 1973 3283 se
2015 3228 2149 3297 ipsis
2184 3226 2450 3281 Romanis
2496 3242 2605 3280 non
2661 3226 2830 3281 fuisse
2880 3230 3215 3295 superiores.
3265 3229 3331 3284 Et
3369 3246 3496 3284 cum

1914 3334 2025 3371 non
2056 3317 2297 3385 amplius
2332 3326 2474 3369 terra
2510 3332 2758 3384 pugnare
2805 3330 3053 3386 possent,
3103 3320 3157 3373 in
3198 3322 3494 3389 quamdam

1914 3408 2149 3462 insulam
2188 3408 2456 3477 provecti,
2481 3407 2791 3461 Asteridem
2828 3411 3048 3477 opinor,
3081 3426 3246 3479 quam
3277 3423 3496 3467 veteres

1908 3500 2054 3554 inter
2083 3499 2323 3553 Ithacam
2353 3508 2410 3553 ct
2428 3497 2804 3567 Cephalenum
2834 3502 3148 3569 tetrapolitu
3178 3502 3338 3556 sitam
3372 3518 3495 3557 esse

1912 3594 2158 3647 tradttut.
2203 3592 2457 3646 hostilem
2493 3595 2544 3643 in
2588 3594 2807 3645 tnodum
2839 3591 3117 3648 Romanas
3158 3610 3327 3649 naves
3371 3596 3497 3649 illac

1911 3692 2258 3737 transeuntes
2290 3680 2572 3736 invadunt.
2603 3679 2683 3734 Ac
2715 3681 2855 3734 male
2888 3690 3120 3737 tractata
3145 3685 3341 3748 classe,
3382 3684 3499 3738 Eu-

1910 3774 2068 3829 boica
2103 3773 2427 3843 praesertim.
2447 3772 2686 3842 denique
2720 3773 2864 3842 ipsas
2898 3788 3065 3827 naves
3089 3784 3495 3829 cremaverunt.

1906 3868 2095 3937 Neque
2136 3866 2243 3920 hoc
2275 3866 2418 3919 malo
2444 3868 2684 3921 contenti
2715 3866 2861 3920 alLud
2901 3866 3122 3934 gravius
3142 3867 3448 3938 adjungunt
3479 3885 3494 3922 :

1907 3960 2311 4030 imperatoriam
2341 3975 2533 4015 navem
2556 3959 2698 4013 suﬂu
2709 3961 2829 4021 rati,
2846 3961 3081 4028 primum
3100 3961 3375 4013 conclavia
3395 3961 3499 4013 im-

1908 4052 2189 4124 peratoria
2211 4050 2367 4122 115
2384 4052 2552 4122 peplis
2575 4052 2783 4105 auratis
2809 4060 2862 4105 et
2895 4051 3190 4120 purpureis
3222 4052 3497 4121 tapetibus

1908 4158 2202 4212 exornant,
2234 4146 2437 4201 deinde
2466 4146 2895 4200 homuncionem
2932 4145 3233 4213 perditum,
3276 4145 3495 4213 nigrum

1910 4240 2205 4309 quemdam
2230 4238 2574 4309 Ethiopem,
2604 4238 2659 4292 in
2694 4254 2815 4293 eam
2839 4238 3212 4294 introductum
3232 4252 3289 4295 et
3309 4240 3496 4307 srlen-

1882 4330 2039 4387 .dida
2072 4344 2276 4386 corona
2316 4344 2645 4385 exornatum
2685 4339 2744 4385 ut
2778 4330 3154 4385 Romanorum
3192 4330 3495 4401 imperato-

1915 4435 2031 4476 rem
2059 4434 2184 4475 cum
2227 4418 2521 4489 magnifico
2564 4420 2831 4473 comitatu
2874 4436 2971 4490 per
3002 4420 3303 4475 ludibrium
3348 4420 3500 4476 cele-

1914 4511 2167 4573 brarunt,
2197 4510 2487 4565 deridendi
2519 4510 2785 4565 Manuelis
2815 4526 3000 4570 causa.
3034 4512 3128 4576 qui
3156 4527 3264 4565 non
3299 4512 3491 4565 ﬂavam

1914 4619 2126 4660 comam
2161 4604 2392 4658 haberet
2423 4613 2484 4659 ut
2514 4613 2744 4656 matura:
2781 4612 3019 4672 segetes.
3048 4603 3143 4656 sed
3176 4602 3366 4656 luscus
3407 4619 3496 4657 es-

226 4706 501 4771 ἐξόρμους
540 4700 753 4752 τιθέασι
781 4716 797 4731 ·
830 4701 926 4751 καὶ
953 4701 1097 4753 κατά
1135 4714 1257 4750 τινα
1290 4699 1452 4768 νῆσον
1486 4700 1809 4767 ἀναχθέντες
1845 4708 1847 4756 ἶ

1882 4723 1886 4747 ι
1914 4705 1998 4750 set
2032 4696 2206 4749 instar
2230 4709 2444 4763 sponsa:
2480 4694 2628 4748 illius
2653 4694 2707 4747 in
2733 4693 2998 4757 Canticis,
3022 4708 3143 4762 qua:
3183 4708 3243 4747 se
3272 4694 3486 4763 nigrant

227 4795 583 4863 ἀμφίρρυτον
614 4792 670 4860 (ἡ
705 4792 952 4858 Ἀστερὶς
982 4790 1123 4859 αὕτη
1151 4787 1309 4859 οἶμαί
1340 4794 1507 4857 ἐστιν,
1546 4792 1611 4861 ἤν
1642 4808 1808 4860 φασιν

225 4885 274 4936 οἱ
308 4881 484 4934 πάλαι
516 4877 730 4931 κεῖσθαι
765 4882 931 4949 μέσον
977 4877 1193 4949 Ἰθάκης
1223 4881 1318 4933 καὶ
1358 4883 1454 4951 τῆς
1482 4880 1589 4932 τῶν
1622 4882 1809 4949 Κεφα-

224 4972 410 5041 λήνων
452 4968 860 5037 τετραπόλεω,)
908 4968 1246 5021 ἐπιτίθενται
1282 4969 1356 5031 ὡς
1412 4969 1658 5039 πολέμιοι
1695 4973 1808 5031 τοῖς

225 5065 412 5114 ἐκεῖσε
443 5058 505 5122 ἐξ
540 5059 773 5121 Εὐϐοίας
819 5060 1147 5130 παρορμῶσι
1210 5059 1411 5122 πλοίοις
1458 5062 1803 5130 Ῥωμαϊκοῖς,

226 5152 326 5205 καὶ
368 5152 432 5202 το
463 5150 724 5202 ναυτικὸν
755 5149 943 5212 κακῶς
979 5149 1326 5219 διαθέμενοι,
1367 5149 1395 5201 ὃ
1431 5151 1804 5217 συνεπλήρουν

226 5246 274 5296 οἱ
327 5239 558 5302 Εὐϐοεῖς
604 5241 866 5309 μάλιστα,
906 5240 1058 5305 τέλος
1087 5243 1181 5295 καὶ
1208 5242 1345 5294 αὑτά
1372 5243 1439 5294 τά
1476 5244 1658 5312 σκάφη
1693 5243 1805 5309 πῖαρ

226 5333 567 5401 ἐμϐαλόντες
612 5331 922 5404 ῂθάλωσαν.
960 5334 1051 5403 Τῷ
1095 5332 1251 5399 κακῷ
1288 5332 1345 5385 δὲ
1393 5334 1569 5404 τούτῳ
1617 5334 1805 5401 ἓτερον

226 5425 583 5493 ἀτοπώτερον
613 5426 970 5495 ἐπιφέροντες
999 5425 1098 5496 τὴν
1129 5425 1377 5494 βασιλίδα
1406 5426 1509 5493 νῆα
1538 5426 1805 5491 κλοποφο·

232 5516 414 5585 point,
458 5522 551 5567 και
592 5516 721 5586 παρ’
766 5517 977 5579 ἑαυτοῖς
1034 5518 1254 5586 θέμενοι
1300 5517 1489 5587 πρῶτα
1548 5519 1645 5584 μὲν
1702 5519 1800 5578 τὰς

1912 4783 2006 4837 sed
2039 4783 2334 4838 formosam
2362 4795 2484 4835 esse
2512 4781 2609 4845 ait,
2646 4792 2757 4834 uta
2789 4781 2904 4835 sole
2936 4781 3185 4833 nonninil
3211 4781 3487 4834 adustam.

1910 4874 2171 4941 Quamvis
2210 4881 2392 4926 autem
2444 4873 2745 4942 imperator
2790 4871 3061 4926 Barbaros
3107 4874 3292 4927 statim
3341 4876 3491 4943 justo

1909 4962 2178 5032 supplicio
2206 4958 2424 5016 aliieere
2452 4975 2655 5030 posset,
2680 4971 2860 5014 tamen
2885 4972 3096 5015 veritus
3126 4976 3194 5013 ne
3226 4960 3489 5013 intestino

1909 5055 2054 5109 bello
2074 5062 2351 5109 commoto
2383 5054 2542 5123 plura
2574 5052 2920 5107 incommoda
2939 5062 3327 5122 sequerentur,
3359 5056 3487 5106 mis—

1910 5147 2033 5202 sise
2061 5162 2163 5200 suo
2179 5145 2387 5201 familia
2406 5145 2736 5214 quibusdam
2767 5145 2995 5200 Venetis
3025 5146 3349 5214 iniuriarum
3378 5157 3486 5196 tam

1909 5239 2011 5293 sibi
2064 5254 2230 5307 quam
2291 5237 2555 5293 Romanis
2616 5235 2891 5291 hostiliter
2949 5237 3224 5290 illatarutu
3271 5237 3486 5290 veniam

1909 5329 2223 5400 pollicetur,
2270 5344 2395 5385 cum
2432 5329 2727 5389 ultionem,
2764 5329 2890 5383 aliis
2935 5330 3099 5382 rebus
3142 5329 3485 5398 urgentibus,

1910 5422 2372 5490 itntempestivam
2429 5435 2551 5474 esse
2626 5429 2901 5475 cerneret.
2972 5419 3343 5473 Nihilominus
3404 5417 3485 5471 ira

1909 5514 2114 5577 animo,
2150 5523 2405 5584 tauquam
2440 5514 2564 5585 igne
2614 5515 2717 5570 sub
2762 5515 3063 5580 cineribus,
3100 5530 3286 5586 pressa
3318 5524 3483 5585 atque

1505 5659 1679 5719 Hier.
1724 5656 1927 5720 Wolﬁi
1978 5666 2164 5721 notm.

300 5770 411 5839 (73:
448 5769 585 5823 Puto
611 5772 885 5840 ἀναγκαία
917 5788 1019 5844 pro
1053 5774 1268 5847 ἀνάγκη
1304 5793 1422 5833 esse
1466 5780 1728 5848 positum,
1763 5788 1821 5833 ut

1882 5779 2192 5834 (σλλιόπεια
2227 5794 2324 5851 pro
2357 5780 2505 5834 Καὶ).
2530 5781 2655 5850 ὀηη.
