4272 6356
690 419 796 482 ίῖἳῗὶ

1944 398 2255 462 ΝΙΟΕΤίΕ
2299 399 2706 460 CIIONIATrE

3837 393 3944 457 [2’4

693 546 859 601 atque
912 531 968 583 in
1029 524 1316 598 prresentia
1391 519 1731 577 dissimulata
1763 554 1778 580 ,
1823 524 1936 566 tum
1990 528 2086 567 cos
2136 516 2282 568 ultus
2314 521 2352 576 Α

2269 521 2352 576 ιΑ
2386 514 2442 564 ἐν
2491 513 2629 582 αὐτῇ
2684 509 2966 582 βασιλικὰς
3017 508 3319 580 διαιτήσεις
3391 507 3656 578 κοσμοῦσι
3729 509 3956 570 πέπλοις

697 630 784 674 est
818 634 943 674 cum
1008 633 1098 672 res
1148 612 1520 684 patiebantur,
1573 619 1632 662 ut
1694 619 1794 661 suo
1861 604 1982 657 loco
2045 619 2285 672 expone-

693 729 840 768 IIIUS.

2401 604 2734 673 χρυσοῦφέσι
2768 604 2861 655 καὶ
2924 601 3211 671 ἁλουργοῖς
3241 603 3479 670 τάπησιν
3498 641 3510 664 ,
3544 601 3733 654 ἔπειτα
3753 602 3956 670 δἀὐτῇ

2403 695 2801 766 ἐμϐιϐάσαντες
2828 694 3116 762 ἁνδράριον
3147 693 3500 762 ἐπίτριπτον,
3546 691 3960 761 κελαινοχρῶτά

692 822 814 859 τινα
877 797 1454 868 Λίθίοπα,εὖφήμουνι
1484 790 1558 853 ὼς
1597 787 1821 858 βασιλέα
1859 784 2167 854 Ῥωμαίων,
2249 786 2600 854 περιάγοντες
2672 783 2812 852 μετὰ
2883 783 3142 852 λαμπρᾶς
3189 783 3632 852 στεφανηφορίας
3684 783 3780 833 καὶ
3821 799 3959 850 προ-

695 900 942 967 πομπῆς,
975 897 1046 947 τὰ
1089 896 1190 964 τῆς
1239 888 1516 961 βασιλείας
1550 884 1722 954 σεμνὰ
1751 879 2148 942 διαπαίζοντες,
2207 877 2301 931 καὶ
2341 878 2818 948 καταμωκώμενοι
2867 879 2959 929 τοῦ
3002 877 3238 938 ἄνακτος
3288 876 3545 944 Μανουὴλ
3577 877 3652 938 ὡς
3716 875 3791 946 μὴ
3829 877 3960 940 ξαν-

696 995 934 1057 οίζοντος
967 991 1064 1059 τὴν
1095 989 1270 1055 κόμην
1292 983 1366 1042 ὡς
1397 981 1575 1049 Θέρος,
1607 975 1725 1030 ἀλλ’
1793 973 2298 1040 ὑπομελαινομένου
2338 971 2440 1041 τὴν
2509 974 2725 1042 μορφὴν
2787 972 2928 1024 κατὰ
2978 974 3078 1039 τὴν
3128 969 3224 1022 τοῦ
3275 970 3519 1038 ᾄσματος
3569 971 3791 1039 νύμφην
3845 973 3946 1038 τὴν

693 1092 983 1156 ὶέγουσανο
1028 1104 1046 1135 ι
1077 1080 1324 1136 Μέλαινα
1366 1077 1482 1145 εἰμι
1527 1075 1621 1127 καὶ
1653 1070 1813 1138 καλὴ,
1857 1070 1939 1122 δτι
1969 1067 2282 1137 παρέὸλεψὲ
2322 1083 2389 1135 με
2457 1067 2486 1116 ὁ
2529 1066 2700 1135 ἥλιος.
2735 1085 2753 1117 ι
2800 1065 2939 1118 Ἀλλ’
2987 1061 3100 1132 εἶχε
3139 1065 3238 1133 μὲν
3269 1064 3429 1127 ἀξίαν
3461 1062 3734 1116 ἐπιθεῖναι
3791 1065 3949 1135 δίκην

694 1185 808 1245 τοῖς
870 1178 1169 1250 βαρϐάροις
1230 1176 1294 1225 ἐκ
1385 1169 1480 1222 τοῦ
1553 1167 1870 1235 παραυτίκα
1927 1163 1955 1214 ὁ
2013 1161 2309 1231 βασιλεὺςο
2350 1158 2534 1221 δείσας
2588 1159 2643 1212 δὲ
2697 1158 2772 1230 μὴ
2833 1159 3096 1227 ἐμφυλίου
3163 1161 3479 1230 κινηθέντος
3567 1158 3807 1226 πολέμου
3879 1162 3963 1221 εἰς

697 1277 882 1328 πλεῖον
918 1268 1272 1340 προχωρήσει
1295 1263 1362 1316 τὰ
1385 1262 1583 1322 ἄτοποι,
1613 1257 1832 1325 πέμψας
1855 1254 1965 1306 τῶν
1994 1252 2053 1317 ἐξ
2073 1253 2277 1305 οἰκείου
2319 1253 2511 1320 γένους
2554 1251 2707 1312 τινας
2759 1251 3065 1322 ἀμνηστίαν
3092 1251 3277 1304 δίδωσι
3309 1256 3420 1315 τοῖς
3451 1253 3758 1312 Βενετίκοις
3791 1244 3864 1302 ὧν
3899 1268 3962 1303 τε

697 1372 777 1430 εἰς
820 1365 983 1417 αὑτὸν
1022 1361 1338 1426 ἡνομήκασι
1375 1353 1470 1406 καὶ
1507 1345 1579 1402 ὧν
1603 1350 1682 1410 εἰς
1724 1347 2028 1416 Ῥωμαίους
2094 1343 2168 1405 ὠς
2215 1344 2503 1413 δυσμενεῖς
2590 1343 3047 1413 ἐκακούργησαν,
3083 1345 3206 1396 ἐπεὶ
3271 1343 3338 1396 τά
3407 1348 3505 1414 τῆς
3552 1345 3766 1413 apem;
3807 1343 3963 1413 ἐώρα

699 1476 817 1520 πως
859 1456 962 1510 οὐκ
1008 1452 1306 1509 ἀκίνδυνα,
1364 1445 1500 1516 πρὸς
1529 1443 1664 1495 ἄλλα
1698 1441 1793 1492 τοῦ
1833 1437 2025 1508 καιροῦ
2085 1437 2270 1506 ῥέπειν
2309 1437 2644 1505 ἐπείγοντος.
2716 1437 2860 1504 Πλὴν
2928 1437 2976 1486 εί
3026 1437 3120 1487 καὶ
3164 1435 3254 1488 τὸν
3295 1434 3449 1504 χόλον
3482 1437 3745 1508 αὐτῆμαρ
3796 1438 3966 1492 κατέ-

701 1547 898 1616 πεφεν,
949 1541 1164 1601 ἀλλ’ὡς
1203 1539 1262 1589 ἐν
1316 1535 1511 1602 σποδιᾷ
1583 1532 1833 1597 ἑναυσμα
1913 1528 2004 1580 τὶν
2049 1529 2207 1578 κότον
2279 1525 2547 1578 ἐνέθαλπε
2600 1529 2666 1596 τῇ
2713 1525 2858 1596 ψυχῇ
2908 1525 3015 1587 ἓως
3064 1525 3172 1577 τῶν
3255 1528 3598 1596 πραγμάτων
3649 1528 3967 1582 ἐνδιδόντων

702 1645 867 1700 αὐτὸν
917 1635 1344 1703 ἐξεπύρσευσεν,
1393 1626 1465 1688 ὡς
1517 1624 1657 1678 κατὰ
1707 1621 1900 1691 καερὸν
1943 1619 2034 1672 τὸν
2075 1619 2276 1671 οἰκεῖον
2318 1616 2639 1686 ῥηθήσεται,

776 1739 917 1794 Tum
951 1739 1134 1786 autem
1167 1721 1538 1780 reconciliatis
1553 1716 1891 1774 exercitibus
1907 1715 1972 1767 ad
2005 1726 2285 1782 oppugna—
2321 1719 2361 1772 Β
2459 1711 2463 1730 ¹

2277 1719 2361 1772 -Β
2459 1711 2596 1765 Τότε
2648 1711 2692 1763 δ’
2749 1710 2842 1764 οὖν
2892 1711 3265 1778 φιλιωοέντων
3294 1710 3449 1775 αὖθις
3481 1714 3807 1785 ἀμφοτέρων
3853 1719 3964 1771 τῶν

705 1829 914 1884 tionem
949 1819 1131 1876 educit
1163 1815 1441 1887 legiones;
1480 1821 1537 1864 et
1567 1809 1725 1870 urbe,
1760 1820 1867 1875 qua
1915 1817 2006 1857 res
2052 1801 2285 1863 ferebat,

705 1920 846 1975 mari
878 1918 1258 1971 circumsessa.
1285 1903 1418 1959 nihil
1452 1903 1780 1954 intentatum
1812 1892 2096 1961 relinquit.
2125 1890 2282 1958 quasi

708 2024 897 2066 secum
933 2008 1048 2073 ipse
1073 2008 1398 2060 certans,an
1430 2007 1549 2047 eam
1571 1989 1654 2044 vel
1675 1988 1741 2042 ad
1767 1986 2104 2042 deditionem
2128 1982 2288 2051 116

709 2096 1043 2168 compellere
1077 2090 1160 2144 vel
1190 2103 1285 2158 per
1326 2087 1432 2140 vim
1480 2079 1804 2136 exscindere
1861 2081 2066 2146 posset.
2119 2073 2290 2142 lgitur

710 2210 778 2248 ex
803 2167 1076 2246 machinis
1107 2179 1333 2252 grandia
1383 2191 1511 2230 saxa
1539 2172 1736 2227 crebro
1767 2167 2188 2237 torquebantur,
2236 2173 2290 2218 et

711 2278 980 2353 sagittarii
1010 2287 1224 2330 summa
1259 2265 1619 2324 contentione
1659 2261 1889 2331 sagittas
1928 2257 2179 2311 hibernis
2208 2257 2291 2307 ni-

711 2347 878 2430 vibus
917 2367 1230 2425 crebriores
1280 2362 1336 2415 in
1380 2357 1581 2414 mania
1627 2351 2008 2423 conjiciebant.
2058 2347 2289 2414 Quidam

713 2471 882 2523 etiam
951 2465 1004 2516 in
1062 2456 1252 2512 multis
1311 2449 1636 2506 munitionis
1681 2444 1933 2516 partibus
1976 2458 2073 2511 per
2127 2439 2296 2493 valles

717 2561 892 2614 instar
921 2565 1242 2623 caprearum
1277 2548 1649 2611 arrepscrant.
1696 2537 1802 2592 Sed
1849 2535 1900 2588 id
1933 2548 2100 2587 unum
2131 2534 2296 2600 profi-

717 2621 1080 2708 ciebatttr,—ne
1117 2641 1348 2710 ignavus
1376 2641 1524 2688 esset
1553 2628 1851 2684 exercitus.
1895 2625 2051 2678 Nam.
2085 2621 2296 2676 obsessi

719 2750 774 2794 et
806 2736 908 2806 ipsi
942 2733 1158 2788 fortiter
1192 2743 1249 2782 se
1275 2721 1686 2780 defendebant:
1719 2728 1776 2770 at
1837 2715 1890 2768 in
1921 2727 2176 2782 campum
2202 2712 2299 2764 de-

725 2827 1100 2888 scendendum
1129 2833 1185 2878 et
1208 2821 1460 2876 cominus
1492 2829 1616 2869 cum
1641 2810 1901 2866 Romanis
1949 2811 2298 2876 pugnandum

724 2923 955 2979 tniuime
987 2915 1309 2974 censebant,
1339 2910 1434 2965 sed
1467 2908 1535 2961 de
1569 2903 1846 2959 moenibus
1869 2901 1977 2953 vim
2014 2896 2299 2967 propulsa-

719 3015 879 3075 bant,
929 3017 987 3065 et
1047 3009 1196 3063 sax‘s
1244 3002 1505 3069 omnique
1577 2997 1810 3051 telorum
1863 3005 2062 3061 genere
2113 2987 2300 3040 hostes

724 3103 1059 3162 obruebant.
1093 3100 1161 3154 Ut
1204 3086 1857 3167 igituranimadvertitea
1887 3097 1944 3138 se
1969 3080 2155 3135 conari
2181 3093 2304 3146 qua:

727 3201 798 3254 ad
828 3197 1036 3252 exitum
1069 3188 1376 3262 perducere
1407 3199 1516 3236 non
1552 3189 1753 3250 posset,
1786 3174 1912 3228 inde
1963 3173 2218 3225 recedere
2251 3177 2308 3220 ct

729 3283 1072 3347 obsidionem
1110 3283 1362 3336 affectam
1397 3276 1707 3341 relinquere
1749 3267 1946 3324 noluit,
1979 3262 2310 3332 ignominio-

730 3397 852 3438 sum
891 3378 998 3434 sibi
1041 3377 1156 3430 fore
1207 3382 1380 3432 ratus,
1428 3366 1472 3418 si
1519 3371 1641 3432 post
1677 3359 1879 3412 multos
1917 3356 2152 3414 labores,
2207 3363 2309 3402 nec

731 3471 924 3543 paucis
949 3464 1274 3523 cohortibus
1297 3457 1533 3516 amissis.
1570 3467 1740 3508 unum
1781 3447 2097 3508 castellum,
2144 3444 2308 3511 idque

732 3542 842 3620 non
898 3564 973 3615 ita
1026 3557 1238 3629 pridem
1293 3547 1556 3608 Romanis
1614 3542 1949 3602 obnoxium,
1996 3549 2309 3605 expugnare

735 3666 846 3705 non
901 3625 1106 3717 posset,
1147 3652 1312 3712 atque
1367 3639 1420 3692 in
1454 3652 1552 3690 sua
1591 3633 1799 3687 ditione
1837 3628 1984 3682 mille
2025 3625 2311 3695 praedones

736 3743 931 3804 aleret,
955 3739 1196 3806 Corcyra
1225 3732 1442 3793 relicta,
1478 3742 1599 3796 quae
1629 3723 1834 3779 Siculis
1865 3721 2184 3773 triremibus
2214 3732 2312 3770 na-

736 3835 859 3885 vale
906 3845 970 3881 ac
1013 3805 1294 3893 receptum
1353 3817 1642 3889 prasbcret.
1711 3811 2068 3866 Obsidionem
2123 3805 2311 3876 igitur,

742 3920 1004 3990 quoniam
1060 3914 1208 3969 nulla
1243 3925 1368 3980 spes
1420 3907 1615 3962 melior
1650 3901 1966 3971 aﬂulgebat,
2004 3898 2309 3952 ducendam

743 4028 867 4068 esse
903 4007 1118 4071 statuit,
1149 4014 1207 4059 et
1229 3999 1596 4058 diuturnitate
1637 3993 1899 4064 temporis
1949 3991 2315 4061 pra-sidiarios

742 4107 807 4159 ad
836 4101 1178 4158 deditionem
1209 4091 1636 4162 compcllendos.
1671 4087 1781 4140 Nec
1817 4101 1943 4140 eum
1983 4083 2176 4136 fefellit
2203 4082 2317 4135 haec

743 4195 954 4266 opinio,
981 4207 1156 4260 neque
1184 4203 1310 4258 spes
1329 4184 1590 4239 frustrata‘
1609 4190 1714 4234 est.
1735 4180 1928 4232 Hostes
1957 4178 2126 4234 enim,
2159 4173 2315 4242 117

745 4288 956 4355 aliquot
1003 4283 1199 4334 diebus
1248 4286 1390 4344 post,
1443 4288 1538 4343 per
1573 4273 1781 4340 legatos
1831 4276 2027 4338 petunt
2079 4276 2316 4334 spatium

2391 1802 2819 1871 στρατευμάτων
2843 1804 2922 1864 εἰς
2947 1801 3270 1870 πολιορκίαν
3301 1801 3487 1869 ἐξάγει
3519 1806 3617 1867 τας
3652 1804 3965 1873 φάλαγγας,

2392 1896 2491 1947 καὶ
2525 1896 2664 1946 κατὰ
2700 1893 3011 1957 Θάλασσαν,
3064 1897 3122 1948 ἐν
3169 1891 3252 1960 οἷς
3294 1895 3576 1964 παρείκοι,
3618 1899 3678 1950 τὸ
3725 1900 3970 1966 πόλισμα

2389 1988 2817 2056 κυκλωσάμενος
2841 1990 3099 2050 παντοῖος
3129 1988 3362 2053 ἐγίνετο,
3396 1989 3584 2060 ῶσπερ
3611 1992 3748 2061 πρὸς
3772 1993 3968 2045 ἑαυτὸν

2387 2079 2770 2148 ἁμιλλώμενος
2803 2081 3152 2152 ἐνεργότερος
3188 2079 3526 2147 δείκνυσθαι,
3557 2084 3607 2134 εί
3635 2100 3751 2140 πως
3784 2101 3971 2152 παρα-

2395 2173 2698 2242 στήσασθαι
2747 2174 3004 2244 δυνηθείη
3057 2174 3216 2227 τοῦτο
3246 2175 3342 2228 καὶ
3376 2174 3596 2237 ἐξελεῖν.
3638 2175 3740 2228 Ἕκ
3773 2194 3834 2228 τε
3870 2178 3971 2230 οῦν

2392 2265 2499 2316 τῶν
2531 2264 2878 2334 πετροϐόλων
2903 2266 3151 2335 ὁργάνων
3179 2267 3242 2319 τὰ
3271 2266 3413 2334 βάρη
3443 2264 3552 2317 τῶν
3579 2265 3743 2318 λίίων
3774 2270 3974 2337 ἠφίετο

2394 2357 2783 2424 συνεχέστερά,
2837 2358 2932 2409 καὶ
2963 2359 3014 2409 οί
3042 2357 3255 2420 τοξόται
3302 2361 3454 2426 παρὰ
3487 2357 3657 2423 μαζὸν
3687 2359 3770 2408 ἀεὶ
3797 2359 3972 2411 πελά-

2396 2443 2580 2508 ζοντες
2613 2446 2713 2508 τὰς
2745 2445 2945 2515 νευρὰς
2980 2447 3075 2496 καὶ
3127 2446 3231 2507 ἕως
3269 2447 3378 2499 τῶν
3418 2446 3691 2514 γλυφίδων
3721 2446 3976 2509 ἕλκοντες

2397 2535 2715 2602 νιφάδεσσιν
2770 2537 2995 2589 ἐοικότα
3043 2535 3358 2605 χειμερίῃσι
3409 2537 3550 2587 κατὰ
3609 2536 3716 2586 τῶν
3748 2537 3840 2588 ἐπὶ
3874 2534 3976 2587 τοῦ

2397 2628 2614 2695 τείχους
2648 2627 2717 2678 τὰ
2761 2625 2892 2695 βέλη
2924 2621 3195 2694 ἔπεμπον.
3256 2623 3437 2677 Ἦσαν
3489 2623 3544 2677 δὲ
3607 2626 3748 2678 κατὰ
3801 2626 3978 2677 πολλὰ

2403 2723 2546 2789 μέρη
2609 2719 2706 2772 τοῦ
2757 2719 3035 2788 ἐρύματος
3091 2716 3184 2770 καὶ
3245 2718 3296 2769 οῖ
3358 2716 3448 2770 διὰ
3512 2719 3619 2768 τίκν
3670 2718 3981 2786 φαράγγων

2405 2815 2560 2883 δίκην
2602 2815 2922 2883 αίγάγγρων
2982 2809 3448 2881 ἐκρημνοδάτουν.
3517 2811 3870 2880 Ἐπεραίνετο
3920 2811 3982 2862 δέ

2397 2906 2572 2977 οὖδέν,
2604 2906 2719 2958 ἀλλ’
2747 2906 2778 2972 ἢ
2813 2907 2937 2958 ὅσον
2970 2904 3044 2974 μὴ
3074 2903 3276 2971 ἀεργὸν
3306 2903 3535 2970 ὁρᾶσθαι
3566 2901 3663 2970 τὴν
3690 2903 3979 2969 στρατιάν.

2327 3032 2369 3085 C
2403 2999 2467 3049 Οἱ
2515 2997 2624 3066 γὰρ
2689 2997 2840 3049 ἐνδον
2895 2996 2992 3049 καὶ
3042 2996 3200 3046 αὐτοὶ
3256 2991 3524 3060 γενναίως
3581 2989 3982 3059 ἀπεμάχοντο,

2408 3089 2770 3141 ὑποκατιέναι
2799 3086 2904 3156 μὲν
2939 3087 3035 3138 καὶ
3068 3084 3341 3154 συστάδην
3376 3081 3802 3135 ἀντιπλέκεσθαι
3841 3081 3989 3131 Ῥω-

2410 3185 2593 3249 μαίοις
2632 3178 2901 3247 οὐμενοῦν
2931 3177 3185 3246 οὐδαμῶς
3203 3173 3629 3244 δοκιμάζοντες,
3663 3172 3772 3225 ἀπο
3791 3171 3848 3223 δέ
3874 3172 3988 3223 τῶν

2405 3271 2605 3339 τειχῶν
2637 3269 2998 3330 παντοδαπῶς
3026 3268 3384 3336 ἀμυνόμενοι,
3417 3267 3512 3318 καὶ
3541 3265 3722 3332 βέλεσι
3753 3261 3849 3315 καὶ
3902 3260 3989 3312 λί-

2408 3364 2517 3414 Θων
2549 3361 2780 3428 ἀφέσεσι
2815 3357 3094 3419 παντοίοις
3140 3356 3438 3418 κακοῦντες
3473 3357 3534 3407 τὸ
3563 3352 3989 3420 ἀνθιστάμενον.

2420 3452 2507 3514 Ὠς
2550 3452 2691 3519 ἔγνω
2737 3453 2918 3504 τοίνυν
2960 3451 2989 3501 ὁ
3039 3448 3296 3518 βασιλεὺς
3346 3445 3632 3505 ἀδυνάτοις
3664 3441 3989 3511 ἐπιχειρῶν,

2414 3539 2852 3610 μεταναστεῦσαι
2908 3541 3009 3607 μὲν
3063 3538 3279 3592 ἐκεῖθεν
3339 3539 3436 3591 καὶ
3497 3537 3598 3604 τὴν
3665 3532 3994 3602 πολιορκίαν

2409 3634 2698 3699 ἀφεικέναι
2749 3631 3037 3684 ἀτέλεστον
3079 3630 3181 3682 οὐκ
3222 3629 3406 3698 ἔκρινε
3462 3627 3594 3690 δεῖν,
3642 3628 3735 3678 καὶ
3770 3625 3995 3690 ἀδοξίας

2412 3725 2587 3787 ἄλλως
2617 3722 2796 3792 ἐαυτῷ
2822 3723 3112 3792 παραίτιον
3137 3719 3499 3786 ὑπετόπαζεν,
3523 3719 3571 3770 εί
3602 3716 3770 3768 πολλὰ
3793 3717 3995 3784 καμὼν

2416 3815 2510 3868 καὶ
2547 3815 2646 3867 οὐκ
2678 3815 2862 3881 ὀλίγας
2892 3816 3011 3876 ῐλας
3045 3809 3410 3872 ἀπολωλεκὼς
3461 3807 3860 3879 στρατιώτιδας
3889 3806 3994 3876 οὐχ

2415 3907 2526 3973 ἕξει
2581 3907 2842 3977 φρούριον
2921 3905 2980 3956 ἓν
3033 3903 3268 3967 ἐξελεῖν,
3339 3905 3432 3954 καὶ
3500 3900 3660 3952 τοῦτο
3717 3897 3999 3968 πρότριτα

2427 3999 2722 4069 Ῥωμαίοις
2767 3998 3066 4064 ὑπὸφορον,
3113 3995 3300 4064 βόσκοι
3328 3993 3383 4045 δέ
3413 3992 3507 4044 καὶ
3538 3993 3628 4043 ἐπὶ
3657 3992 3754 4056 τῆς
3783 3991 3997 4053 οἰκείας

2417 4091 2626 4162 χιλίους
2665 4089 2874 4160 λῃστάς
2898 4127 2914 4152 ,
2947 4089 3288 4156 ὁρμητήριον
3339 4084 3536 4148 παρεὶς
3577 4083 3672 4135 καὶ
3701 4081 4001 4136 νεώσοικον

2418 4184 2538 4245 ταῖς
2587 4180 2954 4239 ,Σικελιώτισι
3034 4178 3286 4247 τριήρεσι
3347 4176 3487 4227 κατὰ
3557 4174 3850 4242 Ῥωμαίων
3930 4173 4003 4224 τὰ

2421 4273 2683 4344 Κέρκυρα
2725 4271 2859 4342 (74).
2897 4270 3229 4323 Ἐπεδάλετο
3255 4268 3438 4318 τοίνυν
3470 4265 3846 4336 χρονοτριῦεῖν
3907 4264 4004 4318 ἄλ-

745 4379 853 4432 slbi
888 4374 1008 4428 dari
1034 4388 1159 4427 cum
1186 4369 1354 4423 armis
1401 4364 1726 4432 ueterisque
1762 4359 1927 4413 rebus
1971 4358 2086 4411 suis
2134 4357 2312 4409 disce-
2349 4366 2392 4422 ι)
2423 4366 2432 4416 ;

2349 4366 2392 4422 D
2423 4366 2488 4435 λη
2523 4366 2632 4434 γάρ
2663 4363 2892 4432 οὐδεμία
2925 4378 3008 4421 τις
3042 4360 3198 4421 ἐλπὶς
3237 4358 3564 4411 ὑπελείπετο
3610 4361 3721 4420 τοῖς
3767 4375 4001 4427 χρηστο-

748 4467 938 4521 dendi.
975 4464 1043 4519 Ut
1089 4461 1237 4517 enim
1289 4457 1552 4512 videbant
1588 4469 1646 4508 se
1680 4467 1775 4521 per
1821 4453 2206 4519 imperatorem
2253 4447 2326 4500 ibi

750 4574 978 4614 manere
1025 4572 1132 4609 non
1170 4567 1328 4624 posse
1377 4559 1540 4618 atque
1571 4546 1718 4600 inani
1770 4561 1866 4614 spe
1913 4541 2145 4597 subsidii
2192 4542 2328 4609 regii

751 4651 973 4711 lactari,
1007 4647 1170 4701 fatuis
1189 4642 1492 4714 praesertim
1513 4638 1758 4709 periculo
1783 4635 2044 4705 paulatim
2066 4635 2325 4699 instante,

754 4743 809 4797 id
839 4740 1060 4794 consilii
1113 4741 1402 4806 ceperunt,
1449 4729 1726 4784 Theodori
1778 4728 2052 4796 Capellani
2109 4728 2330 4796 potissi-

757 4849 907 4887 mum
941 4831 1205 4898 impulsu,
1241 4821 1483 4894 prasidii
1523 4818 1785 4890 praefecti,
1817 4818 1920 4870 viri
1965 4833 2074 4870 non
2109 4819 2332 4885 sangui-

759 4923 926 4984 narii,
968 4919 1064 4974 sed
1098 4934 1196 4987 pro
1227 4931 1390 4986 grege
1427 4911 1635 4967 Christi
1679 4909 1933 4973 solliciti;
1959 4909 2046 4962 cui
2083 4923 2185 4977 pax
2217 4910 2330 4961 dis-

757 5015 1014 5067 sensione
1074 5007 1357 5076 antiquior
1402 5013 1459 5058 et
1513 5001 1745 5055 Romani
1821 4999 1972 5053 chari
2005 5008 2206 5063 erant,
2271 5005 2332 5051 ut

762 5112 950 5173 postea
985 5096 1406 5154 demonstravit.
1443 5095 1744 5163 Imperator
1786 5091 1954 5159 igitur
1983 5092 2211 5144 arrectis
2235 5104 2334 5142 au-

765 5198 920 5249 ribus
967 5209 1035 5249 eo
1092 5192 1292 5246 nuntio
1342 5189 1531 5244 audito
1587 5188 1770 5240 statim
1811 5185 1974 5238 etiam
2012 5184 2088 5238 rei
2123 5185 2332 5236 exitum

763 5289 954 5341 ridere
981 5284 1242 5355 cupiebat
1266 5299 1280 5334 :
1301 5282 1396 5336 sed
1426 5281 1746 5350 priusquam
1777 5277 1960 5330 laetum
2009 5289 2332 5344 responsum

764 5379 943 5443 daret,
971 5378 1322 5446 asperitatem
1347 5373 1570 5428 simulat
1593 5381 1648 5424 et
1697 5368 1884 5423 nescio
1910 5366 2039 5436 quid
2070 5368 2334 5431 minatur,

766 5470 870 5524 nisi
895 5484 959 5524 ea
986 5468 1230 5522 facerent
1249 5479 1372 5536 quae
1393 5462 1557 5532 legati
1591 5460 2003 5530 pollicerentur.
2051 5457 2119 5512 Ut
2163 5457 2337 5526 igitur

771 5562 989 5616 tandem
1017 5558 1374 5621 accedebant,
1411 5570 1478 5610 ac
1521 5569 1588 5608 ne
1625 5564 1738 5606 tum
1790 5552 2014 5622 quidem
2070 5548 2337 5610 universi,

2424 4455 2608 4524 τέροις
2644 4453 2807 4505 αὑτὸν
2839 4450 3246 4509 ὑποσαίνουσα,
3290 4448 3377 4500 διὰ
3407 4449 3463 4499 δὲ
3503 4450 3599 4515 τῆς
3651 4445 4003 4514 πολυημέρου

2425 4547 2756 4618 προσεδρίας
2806 4543 3128 4612 συμπείσειν
3178 4541 3412 4600 ἄκοντας
3441 4537 3580 4606 ᾤετο
3627 4539 3755 4600 τοὺς
3778 4538 3874 4588 ἐπὶ
3904 4539 4005 4606 τῆς

2426 4641 2674 4710 φρουρᾶς
2716 4631 3158 4704 καταπροδοῦναί
3207 4634 3255 4683 οἱ
3303 4631 3364 4682 τὸ
3409 4629 3672 4700 φρούριον
3722 4629 3820 4681 καὶ
3860 4631 4005 4697 σφᾶς

2427 4726 2869 4797 προσαναθήσειν
2921 4719 3112 4791 αὐτῷ·
3162 4719 3286 4771 ὅθεν
3344 4719 3465 4770 οὐδέ
3515 4716 3609 4769 τοῦ
3683 4718 3850 4769 κα.λοῦ
3903 4719 4006 4784 τῆς

2427 4817 2753 4888 προσδοκίας
2775 4812 2977 4881 ταύτης
3006 4810 3390 4873 ἐκπέπτωκεν,
3427 4807 3548 4859 οὐδὲ
3590 4807 3697 4876 μὴν
3731 4807 4008 4876 διήμαρτε

2429 4908 2523 4961 τοῦ
2571 4905 2798 4960 σκοποῦ.
2867 4903 3110 4973 Ἡμέρας
3141 4903 3251 4969 γὰρ
3301 4899 3639 4962 διαλιπόντες
3676 4901 3828 4962 τινὰς
3882 4901 4008 4952 δια-

2433 4997 2828 5066 πρεσϐεύονται
2859 4997 2906 5048 οἱ
2943 4995 3214 5063 πολέμιοι,
3243 4991 3336 5044 καὶ
3360 4991 3574 5043 δέονται
3600 5006 3730 5059 καιρ
3752 5007 3792 5041 .ν
3823 4992 4010 5053 αὐτοῖς

2434 5094 2839 5162 ὑποχωρήσεως
2889 5089 3190 5156 ἐπιδοθῆναι,
3227 5087 3302 5148 ώς
3327 5088 3506 5140 ὃπλων
3539 5087 3634 5140 καὶ
3685 5084 3793 5137 τῶν
3834 5085 4013 5138 ἄλλων

2435 5182 2574 5256 ἦσαν
2605 5183 2843 5254 ἔχοντες.
2894 5181 2981 5242 Ὠς
3025 5179 3134 5249 γὰρ
3177 5179 3366 5248 ἐώρων
3398 5177 3623 5244 βασιλέα
3655 5179 3757 5246 μὲν
3799 5179 3902 5229 οὐκ
3945 5177 4016 5228 ἂν

2440 5276 2637 5337 αὐτοὺς
2679 5274 2771 5325 ἐπὶ
2816 5271 3003 5343 χώρας
3041 5272 3222 5342 μένειν
3258 5272 3555 5342 ἁνήσοντα,
3585 5269 3682 5331 τὰς
3711 5268 3757 5320 δ’
3786 5269 4014 5330 ἐλπίδας

2443 5365 2748 5439 σχαζούσας
2805 5365 2887 5426 εἰς
2933 5363 3092 5416 κενὸν
3148 5357 3237 5424 αἶς
3284 5361 3676 5415 ἐϐουκολοῦντο
3709 5357 4014 5429 καθ’ῶραν

2439 5462 2538 5529 τὴν
2566 5457 2674 5511 ἀπὸ
2699 5455 2795 5510 τοῦ
2832 5454 2998 5526 ρηγὺς
3037 5451 3360 5523 ἐπικουρίαν
3411 5450 3860 5522 προσδεχόμενοι,
3897 5448 4012 5518 ἅμα

2442 5551 2499 5603 δὲ
2546 5550 2644 5602 καὶ⁵
2695 5549 2789 5599 τὸν
2844 5546 3002 5616 λιμὸν
3067 5544 3265 5608 αὐτοὺς
3322 5543 3504 5614 ἠρέμα
3566 5540 4018 5609 ἐπιϐισκὸμενον,

2054 5691 2227 5752 Hier.
2271 5687 2476 5749 Woll‘ti
2520 5695 2705 5748 noue.

848 5826 959 5892 (74}
989 5823 1065 5878 Ta
1099 5822 1386 5893 Κέρκινα.
1415 5819 1665 5877 Fortasse
1693 5819 1903 5876 librarii
1931 5831 2087 5873 error
2119 5825 2202 5872 est
2239 5829 2340 5886 pro
2375 5815 2473 5884 τὴν
2504 5814 2535 5867 ις

1128 5822 1386 5893 (spuma.
1415 5819 1665 5877 Fortasse
1693 5819 1903 5876 librarii
1931 5831 2087 5873 error
2119 5825 2202 5872 est
2239 5829 2340 5886 pro
2375 5815 2473 5884 τὴν
2504 5813 2815 5884 Κέρκυραν.
