4270 6374
202 404 311 472 829

1190 416 1287 478 DE
1330 410 1701 478 MANUELE
1741 409 2103 473 COMNENO
2140 412 2288 475 LIB.
2331 410 2413 475 ll.

3349 418 3455 482 4:10

210 524 435 591 πληγάς
463 525 590 589 τοὺς
623 524 918 590 δακτύλους
947 527 1055 580 τῶν
1085 527 1281 597 χειρῶν
1304 526 1625 589 ἀπεϐάλετο,
1662 523 1788 576 πολ-
1817 526 1864 583 A
1894 542 1896 572 ι

1775 552 1788 563 -
1817 526 1864 583 Α
1894 523 2191 587 amitteret,
2225 540 2254 577 a
2284 524 2598 578 Serviorum
2654 522 3001 581 multitudine
3032 525 3461 585 circumventus.

212 613 325 666 λῶν
386 614 789 686 ἐπιϐρισάντων
821 618 1011 689 ἐκείνῳ
1050 618 1287 689 Σέρϐων.
1321 619 1431 673 Καὶ
1455 617 1707 688 βασιλείις
1733 615 1788 668 δὲ

211 706 380 765 αὐτὸς
427 708 569 759 κατὰ
630 711 969 778 μονομαχίαν
999 710 1076 779 τῷ
1108 709 1497 779 ἀρχιζουπάνῳ
1532 708 1785 778 Βακχίνῳ

207 796 569 867 προσέμιξεν,
597 800 830 869 ἡρωϊκὸν
855 802 1203 872 πριφαίνοντι
1237 803 1397 871 σῶμα
1419 799 1514 853 καὶ
1553 801 1783 865 αὐτουρ-

204 886 341 951 τοὺς
375 889 565 955 χεῖρας
596 889 654 954 ἐξ
674 888 840 954 ὤμων
863 892 1051 958 φύοντι
1074 908 1089 922 ⁸
1114 895 1201 944 καὶ
1235 896 1261 946 ό
1294 894 1391 961 μὲν
1416 893 1555 945 κατὰ
1589 891 1672 965 [Ρ.
1698 890 1790 963 ϋὶ]

200 978 319 1028 τῶν
351 978 661 1047 προσώπων
688 981 911 1051 πλήττει
934 984 1025 1035 τὸν
1056 985 1280 1053 βασιλέα
1308 986 1401 1037 καὶ
1426 985 1615 1054 διαθλᾷ
1636 988 1695 1037 τὸ
1726 988 1787 1037 ἐκ

198 1068 297 1121 τοῦ
336 1072 574 1140 κράνους
608 1077 1049 1144 κατακεχυμένον
1072 1077 1177 1130 τῶν
1208 1078 1383 1147 ὄψεων
1408 1078 1618 1131 ἐκείνου
1648 1079 1787 1147 σιδή-

204 1178 332 1231 ρεον
364 1165 806 1237 παραπέτασμαο
839 1169 867 1220 ό
894 1168 951 1221 δὲ
982 1170 1083 1239 τὴν
1116 1172 1269 1240 χεῖρα
1297 1171 1491 1223 τούτου
1521 1170 1597 1241 τῷ
1641 1171 1787 1238 ξίφει

198 1256 427 1324 διήλασε
459 1258 556 1309 καὶ
597 1259 874 1327 ἀπόλεμον
908 1261 1077 1326 ἔδειξε
1111 1262 1207 1315 καὶ
1241 1260 1482 1333 ξωγρίαν
1514 1266 1578 1316 ὲκ
1629 1263 1781 1315 τοῦδε

200 1348 551 1414 συνείληφεν.
599 1348 682 1410 Ὡς
706 1350 759 1401 δὲ
790 1353 886 1403 καὶ
912 1351 1055 1404 οὕτω
1087 1352 1386 1419 Ῥωμαίοις
1416 1353 1602 1421 αἰθρία
1627 1352 1784 1421 νίκης

194 1440 514 1506 ἐπέλαμψε,
545 1441 653 1491 τῶν
685 1438 981 1510 βαρϐάρων
1011 1442 1372 1496 διαλυθέντων
1401 1444 1558 1511 δίκην
1582 1443 1780 1510 νεφῶν,

198 1530 315 1580 κάκ
344 1530 454 1580 τῶν
481 1531 864 1600 ἐπαριστερῶν
892 1532 1075 1601 ἀρχῶν
1109 1534 1188 1595 είς
1222 1534 1376 1595 τέλος
1408 1534 1725 1601 ἀπήντησεν
1752 1534 1780 1585 ό

198 1620 443 1688 πόλεμος
468 1621 813 1685 δεξιώτατον,
866 1625 1007 1677 κατὰ
1052 1625 1161 1677 τῶν
1186 1624 1453 1694 Οῦγγρων
1492 1627 1555 1677 ἐκ
1586 1626 1778 1677 τούτου

193 1712 371 1780 ὁρμᾷ,
404 1714 569 1779 μήπω
598 1714 701 1781 τὴν
731 1714 830 1779 τῆς
857 1717 1038 1785 μάχης
1064 1717 1213 1769 κόνιν
1244 1718 1307 1769 ὲκ
1332 1716 1440 1768 τῶν
1466 1717 1779 1786 προσώπων

194 1804 683 1871 ἀπομορξάμενος,
714 1807 828 1859 ἀλλ’
859 1808 940 1860 ἔτι
963 1808 1184 1877 θερμοῖς
1214 1808 1400 1878 ἱδρῶσι
1425 1808 1777 1877 σταζόμενος,

1893 614 2015 683 Ipse
2038 629 2256 684 quoque
2287 616 2589 684 imperator
2610 631 2732 669 eum
2782 617 3164 687 Archiwpano
3224 619 3465 675 Baehino

1892 706 2152 775 singulari
2178 706 2479 760 certamine
2513 707 2886 776 congreditur,
2921 710 3040 763 viro
3092 709 3310 766 heroica
3354 723 3457 766 sta-

1896 805 2016 850 tura
2062 804 2118 850 et
2171 796 2486 862 laeertoso;
2545 799 2638 867 qui
2694 814 2819 852 eum
2870 800 3062 855 faciem
3120 802 3466 872 imperatoris

1896 889 2259 956 percussisset
2305 897 2361 941 et
2382 888 2619 943 ferreum
2650 891 2768 961 ejus
2796 892 3039 945 velamen
3080 909 3108 947 e
3136 896 3285 962 galea
3313 897 3465 966 deje-

1894 980 2077 1041 eisset.
2107 981 2225 1049 ipse
2258 979 2500 1033 vicissim
2528 996 2689 1034 manu
2724 998 2856 1037 ense
2884 985 3107 1052 trajecta
3147 987 3465 1041 debilitatus

1893 1072 2052 1123 vivus
2090 1072 2146 1124 in
2178 1071 2525 1139 imperatoris
2549 1081 2869 1139 potestatem
2894 1075 3061 1127 venit.
3101 1076 3463 1145 l‘oswaquatn

1896 1159 1971 1213 ibi
2032 1175 2253 1229 quoque
2303 1160 2565 1213 Romanis
2623 1161 2864 1213 victoriae
2906 1165 3177 1218 serenitas
3234 1165 3460 1223 :ttfulsnt.

1891 1250 2149 1306 Barbaris
2186 1250 2357 1305 instar
2400 1251 2628 1305 nubium
2659 1249 2959 1319 dissipatis.
3016 1263 3073 1306 et
3102 1252 3303 1307 malum
3360 1268 3464 1323 pu-

1891 1359 2011 1411 gna:
2046 1342 2376 1411 principium
2414 1340 2538 1395 finis
2574 1341 3052 1410 auspicatissimus
3106 1352 3189 1398 est
3218 1355 3463 1405 secutus,

1875 1432 2165 1502 Hungaris
2198 1434 2360 1486 missa
2393 1432 2603 1485 Serviis
2631 1432 2829 1486 auxilia
2871 1442 3152 1496 causatus,
3216 1435 3467 1504 superiu-

1889 1522 1968 1577 ris
1994 1524 2164 1593 praelii
2185 1523 2411 1592 pulvere
2440 1522 2683 1576 nondum
2707 1526 2940 1586 deterso,
2972 1524 3066 1578 sed
3086 1524 3264 1578 calido
3282 1526 3465 1580 adhuc

1889 1614 2092 1669 sudore
2124 1627 2376 1675 manans,
2405 1623 2620 1681 captata
2645 1613 2961 1669 defensoris
2989 1617 3239 1671 absentia
3256 1618 3461 1673 bellqu

1889 1706 2077 1760 infert.
2106 1705 2492 1773 llungarorum
2519 1704 2665 1756 enim
2708 1719 2799 1758 rex
2834 1721 3062 1775 peregre
3088 1707 3316 1771 aberat,
3337 1725 3462 1762 eum

1892 1796 2141 1849 finitimis
2156 1797 2355 1849 .Rossis
2389 1796 2728 1864 dcpuguans.
2757 1795 2943 1865 Itaque
2979 1797 3120 1852 Savo
3144 1798 3311 1853 ﬂuvio
3330 1815 3464 1869 ευμι

195 1893 483 1961 ἐπίκλημα
536 1896 717 1964 φέρων
744 1896 840 1965 τὴν
886 1896 997 1949 τῶν
1044 1896 1262 1966 Σέρϐιον
1300 1898 1644 1966 ἐπικουρίαν,
1685 1900 1778 1948 καὶ
1813 1886 1854 1943 Β

1775 1938 1778 1946 .
1813 1886 1854 1943 Β
1885 1898 2003 1941 rato
2021 1888 2269 1955 factaque
2290 1887 2343 1939 in
2370 1886 2832 1941 Francochorium
2858 1888 3220 1957 impressione
3245 1899 3330 1961 (ea
3355 1908 3461 1945 non

192 1986 298 2048 τὴν
321 1984 591 2038 ἀπουσίαν
622 1986 887 2054 ἁρπάζων
913 1987 1008 2039 τοῦ
1039 1988 1410 2058 ἑπαρήξοντος
1434 2004 1447 2018 ·
1489 1989 1516 2040 ό
1539 1990 1646 2057 γὰρ
1668 1989 1776 2042 τῶν

195 2072 471 2145 Οὖγγρων
514 2076 615 2146 ρηξ
659 2079 759 2130 οὐκ
802 2076 870 2149 ἦν
908 2081 1047 2133 κατὰ
1092 2081 1303 2150 χώραν,
1355 2084 1466 2142 τοῖς
1501 2082 1776 2147 γειτνιῶσι

205 2168 347 2231 Ῥὼς
389 2170 871 2238 συμπλεκόμενος.
922 2173 1033 2226 Καὶ
1061 2174 1126 2243 δὴ
1165 2173 1256 2226 τὸν
1300 2172 1539 2225 Σάουϐον
1583 2172 1775 2236 διαϐὰς

193 2264 446 2330 ποταμὸν
470 2263 565 2315 καὶ
589 2264 665 2333 τῷ
686 2265 1105 2335 Φραγγοχωρίῳ
1128 2264 1385 2335 ἐμϐαλὼν
1412 2266 1549 2334 (ἐστι
1572 2266 1628 2318 δὲ
1660 2265 1777 2318 τόδε

194 2349 392 2417 τμῆμα
426 2353 523 2419 τῆς
573 2353 851 2422 Οὑγγρίας
900 2354 959 2405 οὐ
999 2354 1059 2404 τὸ
1095 2354 1401 2423 ἐλάχιστον,
1430 2356 1546 2406 ἀλλ’
1578 2354 1778 2418 ἱκανῶς

195 2438 652 2508 πολυάνθρωπον,
710 2444 914 2511 μεταξὺ
966 2445 1181 2513 Ἴστρου
1233 2447 1326 2498 καὶ
1379 2446 1620 2497 Σαούϐου
1668 2445 1781 2497 τῶν

191 2532 462 2600 ποταμῶν
494 2534 975 2603 ἀναπεπταμένον,
1006 2537 1128 2588 καθ’
1152 2536 1179 2589 ὃ
1221 2537 1317 2589 καὶ
1353 2537 1614 2605 φρούριον
1650 2539 1777 2606 ἐρυ-

196 2623 469 2691 μνότατον
505 2624 777 2689 ἔκτισται,
812 2626 839 2678 δ
880 2628 1185 2697 Ζεύγμινον
1222 2628 1602 2698 ἐπικέκληται.
1640 2631 1777 2701 ὅπερ

192 2716 289 2767 νῦν
347 2716 571 2783 λέγεται
616 2720 868 2789 Σίρμιον)
921 2722 1211 2791 χειρίστους
1245 2720 1313 2773 τὰ
1373 2708 1492 2774 ἐκεῖ
1542 2722 1774 2777 διέθετο.

190 2805 330 2857 Τότε
373 2807 467 2858 καί
496 2822 581 2868 τις
616 2806 803 2859 Παίων
856 2808 1076 2877 μεγέθει
1110 2806 1368 2878 μέγιστος
1413 2810 1507 2862 καὶ
1532 2810 1776 2881 ἀνδρεῖον

194 2897 525 2965 προφαίνων
571 2898 753 2967 ψυχῆς
785 2901 1149 2970 παράστημα,
1182 2900 1292 2952 τῶν
1337 2900 1515 2953 ἄλλων
1547 2900 1774 2954 ἀποδια-

193 2987 428 3052 στὰ,,ὲς
460 2988 621 3039 αὑτὸν
672 2989 764 3041 τὸν
810 2988 1036 3057 βασιλέα
1081 2990 1240 3060 θυμῷ
1301 2992 1549 3059 φέρεται.
1600 2993 1659 3044 Ὀ
1718 2993 1775 3046 δὲ

192 3078 387 3130 τοῦτον
418 3080 660 3143 ὑποστὰς
687 3083 744 3144 ἐς
775 3082 834 3134 τὸ
867 3082 1032 3152 μέσον
1061 3082 1170 3135 τῶν
1205 3083 1503 3153 ὀφθαλμῶν
1532 3083 1594 3137 τὸ
1621 3085 1775 3152 ξίφος

188 3170 346 3241 διελᾷ
382 3173 476 3225 καὶ
509 3175 771 3244 ἀφίστησι
803 3176 900 3243 τῆς
956 3175 1123 3244 ζωῆς.
1157 3176 1392 3238 Πολλοὺς
1450 3176 1632 3228 τοίνυν
1665 3174 1771 3239 ζω-

190 3354 479 3422 ὲγκρατὴς
506 3356 640 3421 πρὸς
664 3357 764 3424 τὴν
794 3356 1045 3425 βασιλίδα
1080 3358 1238 3410 πόλιν
1271 3359 1576 3413 ἐπάνεισιν.
1622 3360 1708 3422 Ἐς
1728 3359 1774 3411 δ’

189 3448 318 3499 ὅσον
354 3450 608 3500 πλεῖστον
665 3450 1027 3518 ὰπομηκύνας
1052 3455 1145 3503 τον
1179 3450 1469 3520 θρίαμϐον,
1522 3452 1774 3521 λαμπρό-

188 3554 333 3589 τατα
376 3537 449 3599 ὡς
488 3539 617 3606 ἐνῆν
662 3538 751 3591 δια
797 3539 904 3591 τῶν
935 3540 1034 3609 της
1070 3540 1277 3603 πόλεως
1309 3541 1567 3611 ἀμφόδων
1598 3544 1771 3611 ἑπόμ-

191 3639 423 3681 πευσεν.
479 3628 858 3699 Ύπερεξῆραν
890 3630 945 3684 δὲ
975 3631 1074 3701 τὴν
1106 3633 1411 3702 τηνικαῦτα
1449 3633 1771 3702 κομψότητα

188 3723 288 3789 τῆς
322 3721 549 3789 πομπῆς
573 3722 682 3773 τῶν
705 3722 971 3791 Οὗγγρων
988 3725 1037 3775 οἱ
1065 3726 1271 3785 νεαλεῖς
1296 3725 1388 3778 καὶ
1410 3727 1519 3778 τῶν
1546 3728 1772 3796 Σέρϐων

190 3813 241 3864 oi
288 3812 644 3881 δορυαλωτοι,
704 3815 897 3878 στολὰς
934 3818 1300 3889 ὲνησθημένοι
1356 3819 1615 3888 λαμπρὰς
1675 3822 1771 3871 καὶ

192 3904 336 3973 ὑπὲρ
381 3905 549 3974 τύχην
580 3907 863 3976 ὁρωμένας
895 3908 1260 3976 αἰχμάλωτον,
1300 3910 1566 3979 βασιλέως
1597 3910 1766 3970 αὐτὰς

1890 1980 2118 2033 minima
2150 1976 2437 2045 Hungatia:
2468 1992 2596 2045 pars
2644 1986 2749 2039 est,
2798 1979 2892 2032 sed
2925 1979 3331 2036 habitatoribus
3354 1982 3468 2037 fre-

1886 2085 2083 2141 quens,
2119 2071 2262 2123 inter
2291 2070 2491 2123 Istrum
2538 2080 2595 2122 et
2658 2068 2859 2123 Savum
2914 2069 3111 2125 ﬂuvios
3138 2083 3349 2141 patens,
3409 2074 3461 2128 in

1886 2178 1993 2233 qua
2026 2163 2311 2217 castellum
2369 2162 2798 2217 munitissimum
2869 2164 3254 2233 Zeugminum.
3314 2173 3461 2237 quod

1887 2268 2035 2307 nunc
2069 2251 2333 2305 Sirmium
2367 2261 2581 2314 vocant,
2617 2254 2783 2305 situm
2801 2258 2908 2322 est)
2939 2256 3095 2325 123
3127 2258 3461 2325 provinciam

1889 2346 2033 2398 illam
2076 2344 2311 2413 pessime
2346 2352 2560 2397 tractat.
2601 2344 2738 2398 Tum
2776 2346 2937 2400 Paeon
2977 2348 3197 2416 quidam
3250 2351 3455 2421 ingenti

1890 2445 2220 2504 eorpore.et
2247 2436 2489 2489 animum
2527 2436 2887 2491 fortissimum
2926 2455 3035 2508 prae
3059 2455 3117 2494 se
3144 2440 3349 2502 ferens.
3380 2460 3493 2513 re-_

1887 2528 2033 2581 lictis
2062 2529 2277 2581 eazteris
2306 2528 2357 2581 in
2388 2528 2565 2597 ipsum
2595 2530 2985 2599 imperatorem
3020 2532 3224 2600 impetu
3263 2534 3457 2589 fenur.

1884 2621 1937 2675 ls
1960 2636 2091 2675 vero
2115 2622 2296 2690 gladio
2324 2622 2465 2675 inter
2492 2632 2787 2691 utrumque
2815 2624 3035 2678 oculum
3062 2628 3292 2696 trajecto
3323 2631 3453 2681 bar-

1885 2713 2076 2767 barum
2112 2713 2316 2767 occidit
2348 2730 2362 2779 ;
2394 2714 2688 2783 multisque
2717 2716 2911 2784 captis,
2962 2726 3018 2772 et
3076 2720 3275 2787 opibus
3342 2736 3451 2775 nun

1885 2808 2076 2876 paucis
2098 2806 2326 2875 potitus.
2368 2807 2421 2860 in
2451 2808 2643 2861 urbem
2670 2808 3073 2877 imperatrieem
3100 2812 3406 2881 regreditur
3438 2832 3452 2875 ;

1884 2913 1948 2953 ac
1970 2898 2248 2968 triumpho
2270 2914 2433 2967 quam
2452 2898 2684 2953 maxime
2708 2908 2931 2955 extento
2953 2903 3452 2971 Splendidissimam

1882 3004 2136 3057 pompam
2160 3004 2254 3056 per
2274 2988 2427 3042 urbis
2446 2988 2713 3043 circuitus
2742 2990 2916 3056 duxit,
2942 2994 3101 3063 cujus
3126 2995 3450 3065 elegantiam

1881 3080 2265 3149 Hungarorum
2295 3089 2351 3134 et
2383 3078 2703 3133 Serviorum
2729 3082 2929 3150 captivi
2952 3083 3322 3153 illustrarunt,
3347 3105 3441 3141 vc-

1879 3172 2058 3225 stibus
2105 3171 2576 3239 Splendidioribus
2638 3187 2801 3241 quam
2839 3189 2939 3243 pro
2993 3190 3090 3229 sua
3130 3178 3447 3234 conditione

90 3270 99 3279 ‘
190 3264 359 3333 γρίας
391 3263 572 3317 λαϐὼν
607 3266 703 3317 καὶ
732 3267 1077 3336 πραγμάτων
1100 3268 1198 3319 οὐκ
1239 3267 1436 3334 ὀλίγων
1478 3270 1770 3337 γενόμενος

1760 3286 1770 3330 ;
1801 3256 1845 3311 (1
1878 3264 1947 3317 ab
1978 3263 2096 3331 ipso
2125 3263 2395 3324 exornati,
2424 3272 2484 3315 ut
2510 3278 2574 3317 ea
2608 3278 2827 3332 quoque
2859 3279 2917 3318 re
2973 3266 3200 3321 victoria
3248 3269 3446 3339 glorio-

1873 3355 1987 3409 sior
2014 3362 2069 3407 et
2106 3353 2317 3407 civibus
2368 3363 2536 3422 atque
2583 3355 2787 3407 exteris
2841 3356 3220 3412 admirabilior
3275 3374 3439 3421 esset,

1870 3446 2263 3516 quippecaptis
2294 3445 2430 3497 viris
2450 3461 2517 3498 eo
2544 3444 2688 3498 bel!o
2746 3446 3026 3501 nobilibus
3079 3456 3136 3501 et
3190 3460 3438 3519 spectatn

1870 3538 2070 3607 dignis.
2096 3536 2234 3590 ltlud
2264 3535 2427 3590 etiam
2450 3551 2659 3605 pompae
2685 3538 2803 3607 ejus
2829 3539 3247 3593 admirationem
3266 3543 3436 3601 auxit.

1876 3629 2025 3698 quod
2053 3628 2252 3697 captivi
2281 3642 2384 3679 non
2420 3643 2613 3681 omnes
2671 3643 2775 3681 una
2811 3628 2985 3691 ibant,
3012 3630 3106 3684 sed
3158 3633 3208 3683 in
3237 3632 3440 3685 classe.-

1875 3721 2156 3775 distributi
2189 3728 2354 3788 atque
2380 3718 2685 3773 intervallis
2740 3720 3007 3784 distincti,
3070 3731 3128 3774 ut
3190 3735 3440 3792 spectan-

1876 3815 2010 3867 tium
2037 3812 2183 3866 oculi
2246 3812 2459 3880 decepti
2508 3811 2766 3881 majorem
2793 3827 2912 3866 esse
2969 3830 3256 3868 numerum
3298 3826 3441 3867 artu-

1876 3914 2178 3960 trarentur.

190 4007 647 4073 παρασχομένου,
683 4002 759 4065 ὡς
782 4006 847 4058 ἂν
874 4007 961 4074 είη
994 4004 1088 4057 καὶ
1123 4004 1376 4058 ἐντεῦθεν
1405 4006 1585 4072 ηνεκη
1653 4000 1936 4072 περίδοξος
1985 4001 2081 4053 καὶ
2153 4002 2264 4061 τοῖς
2315 3998 2559 4060 πολίταις
2606 3998 2787 4061 αὐτοῖς
2834 3998 2921 4051 διὰ
3006 3999 3281 4069 θαύματος
3347 4000 3438 4052 mi.

189 4096 309 4149 ὅσοι
368 4100 444 4167 μη
490 4099 731 4161 ἐνδαποὶ,
783 4101 857 4161 ὡς
893 4100 1102 4169 ἀνδρῶν
1161 4098 1579 4166 κεχειρωμένων
1630 4095 1771 4147 κατὰ
1808 4095 1901 4146 τὸν
1971 4092 2210 4159 πόλεμον
2266 4092 2373 4144 τῶν
2406 4093 2469 4143 ὲκ
2496 4091 2687 4156 γένους
2718 4094 2990 4161 ἐπισήμου
3026 4094 3118 4146 καὶ
3150 4092 3316 4158 ἀξίων
3345 4096 3437 4146 το)

190 4188 657 4255 περιϐλέπεσθαι.
680 4191 1017 4260 Θαυμαστὴν
1052 4190 1096 4241 δ’
1130 4191 1301 4241 ἐποίει
1328 4190 1427 4259 τὴν
1462 4189 1585 4240 τότε
1620 4186 1908 4255 πομπαίαν
1974 4186 2284 4254 πανήγυριν
2346 4182 2442 4235 καὶ
2510 4183 2570 4235 τὸ
2599 4182 2674 4252 μὴ
2718 4184 2973 4252 παριέναι
3043 4183 3273 4251 ἀθρόους
3316 4194 3436 4237 τους

189 4280 767 4349 αίχμαλώτους,ἁλλὰ
794 4283 934 4334 κατά
995 4281 1307 4349 συμμορίας
1368 4281 1464 4333 καὶ
1533 4281 1596 4332 ὲκ
1660 4278 2073 4348 δ.αλειμμάτων
2124 4275 2451 4343 ἀφεστῶτας
2508 4274 2774 4344 ἀλλήλων,
2829 4272 3287 4336 ὡςκλέπτεσθαι
3346 4276 3440 4345 τὴ)

190 4371 316 4439 δψιν
363 4370 613 4424 ἐντεῦθεν
647 4374 755 4424 τῶν
788 4372 1079 4440 θεωμένων
1131 4375 1225 4425 καὶ
1255 4371 1394 4443 ὑπὲρ
1435 4372 1558 4433 τοὺς
1604 4371 1766 4435 δντας
1804 4374 1929 4433 τοὺς
1962 4370 2257 4438 παριόντας
2285 4364 2671 4435 φαντάζεσθαι.

278 4464 370 4514 Ἐν
400 4464 574 4532 τούτῳ
602 4464 655 4516 δὲ
687 4466 783 4516 καὶ
811 4465 1032 4516 Σκυθῶν
1060 4467 1148 4516 τὶν
1189 4464 1398 4535 Ἴστρον
1432 4464 1762 4535 διαπεραιω·

192 4559 451 4622 σαμένων
486 4554 579 4606 καί¹
609 4552 677 4606 τὰ
703 4556 831 4625 περὶ
870 4557 960 4607 τὸν
993 4557 1239 4625 ποταμὸν
1270 4555 1456 4609 τοῦτον
1512 4556 1762 4625 ληϊζομέ-

190 4663 300 4698 νων
339 4645 627 4714 Ῥωμαϊκὰ
657 4647 915 4717 φρούρια,
974 4648 1250 4701 στέλλεται
1283 4650 1402 4701 κατ’
1432 4650 1611 4702 αὐτῶν
1661 4650 1773 4700 Κα-

189 4736 434 4804 λαμὰνος
459 4752 561 4798 τις.
603 4736 744 4788 Ἀλλ’
771 4732 948 4800 οὗτος,
976 4738 1049 4805 μὴ
1078 4736 1269 4800 δεξιῶς
1288 4736 1773 4807 διαστρατηγήσας

188 4828 284 4879 τὸν
304 4829 447 4880 κατά
474 4826 693 4879 Σκυθῶν
722 4829 974 4894 πόλεμον,
999 4827 1207 4897 ἡττήθη
1234 4844 1293 4879 τε
1316 4827 1407 4878 ὑπ’
1430 4828 1609 4879 αὐτῶν
1634 4828 1774 4879 κατὰ

190 4920 418 4987 κράτος,
447 4914 521 4977 ὡς
550 4919 606 4967 αἰ
652 4915 833 4979 τάξεις
860 4914 1201 4985 ὲρρὠεσαν,
1251 4915 1345 4967 καὶ
1404 4914 1598 4983 ἄνδρας
1634 4915 1777 4979 ἀγα-

190 5010 322 5070 θοϋς
358 5008 682 5073 ἀηϐάλετο,
720 5008 815 5061 καὶ
846 5008 1008 5070 αυτὸς
1042 5008 1099 5059 δὲ
1146 5007 1367 5076 καιρίας
1420 5008 1476 5067 ἐς
1510 5006 1568 5057 τὸ
1614 5004 1773 5072 σῶμα

189 5102 489 5169 δεξάμενος
522 5100 584 5151 τὸ
623 5100 722 5170 ζῇν
763 5098 1118 5168 μετήλλαξεν.
1154 5100 1217 5151 Οί
1265 5098 1320 5151 δὲ
1384 5096 1585 5150 Σκύθαι
1632 5097 1775 5149 κατὰ

188 5193 499 5255 τὸναὺτοίς
532 5192 759 5244 εἰωθότα
791 5192 992 5261 τρόπον
1020 5190 1171 5243 λείαν
1198 5194 1266 5243 τὰ
1304 5192 1361 5241 ὲν
1395 5190 1521 5243 ποσὶ
1553 5188 1773 5258 θέμενοι

192 5288 290 5338 καὶ
342 5283 668 5353 ἀναθέμενοι
707 5285 821 5344 τοῖς
878 5282 1065 5344 ἵπποις
1116 5283 1185 5333 τὰ
1224 5281 1443 5351 λάφυρα
1484 5282 1671 5332 νόστου
1719 5280 1773 5331 ὲ-

192 5378 501 5447 μνήσαντο.
536 5375 713 5444 Ῥᾁων
736 5374 791 5427 δὲ
821 5375 1004 5436 αὐτοῖς
1034 5375 1181 5444 ὴτοῦ
1211 5375 1424 5444 Ἴστρου
1455 5374 1772 5441 περαίωσις,

189 5468 561 5537 εὐχερεστέρα
589 5467 647 5520 δὲ
676 5467 771 5520 καὶ
798 5469 831 5536 ὴ
865 5468 1007 5519 κατὰ
1035 5466 1314 5537 προνομὴν
1360 5465 1663 5529 ἐπελευσις,
1709 5465 1770 5515 οὐ

190 5559 415 5630 κοπηρά
441 5575 499 5611 τε
557 5560 652 5612 καὶ
701 5559 945 5629 ἐργώδης
979 5560 1011 5629 ἠ
1051 5558 1415 5628 ἀναχώρησις.
1477 5557 1769 5626 Ὀπλισμὸς

188 5657 297 5725 γὰρ
329 5654 515 5716 αὐτοῖς
550 5654 793 5724 γωρυτὸς
822 5655 911 5706 ἐπὶ
942 5652 1041 5722 τῆς
1072 5652 1215 5717 ίξύος
1246 5652 1612 5721 ἐξηρτημένος
1636 5652 1773 5705 πλά-

188 5756 309 5809 γιος
351 5747 442 5795 καὶ
478 5744 741 5811 καμπύλα
770 5744 900 5808 τόξα
933 5747 1027 5797 καὶ
1060 5742 1343 5813 ἄτρακτοι.
1377 5743 1495 5794 Etet
1526 5741 1570 5793 δ’
1597 5742 1646 5793 οἳ
1676 5745 1770 5795 καὶ

193 5834 424 5903 δοράτια
468 5834 819 5903 κραδαίνουσι
849 5833 1249 5905 περιελίσσουσί
1274 5828 1333 5886 τε
1363 5834 1503 5887 κατὰ
1539 5834 1626 5885 τὸν
1668 5835 1765 5887 πό-

1941 4462 2151 4517 lnterea
2178 4460 2396 4531 Scythis
2419 4460 2614 4513 Istrum
2636 4459 2985 4528 transgressis
3001 4468 3054 4515 et
3072 4460 3441 4517 Romanorum

1806 4538 1847 4590 D
1877 4557 2099 4610 castella
2151 4554 2389 4624 ripensia
2422 4554 2833 4623 populantibus.
2861 4554 3188 4609 Calamanus
3218 4557 3439 4625 quidam

1876 4658 2070 4703 contra
2128 4661 2224 4702 eos
2273 4647 2495 4710 missus,
2548 4661 2671 4699 eum
2706 4646 2907 4699 bellum
2943 4646 3315 4715 imprudenter
3347 4652 3437 4702 atl-

1884 4740 2241 4802 ministraret,
2274 4738 2391 4791 acie
2442 4738 2639 4797 vietus.
2690 4737 2989 4806 multisque
3046 4737 3177 4792 viris
3210 4738 3445 4795 fortibus

1878 4831 2116 4892 amissis,
2154 4828 2312 4900 125
2338 4831 2452 4899 ipse
2484 4844 2704 4898 quoque
2734 4846 2800 4882 ex
2833 4830 3157 4883 vulneribus
3185 4830 3440 4885 decessit.

1880 4922 2093 4993 Scytha
2124 4937 2254 4974 vero
2283 4920 2351 4974 de
2383 4936 2535 4974 more
2566 4936 2666 4972 suo
2696 4919 2856 4972 obvia
2906 4936 3135 4990 quaeque
3194 4922 3439 4990 prauiati.

1879 5022 1936 5067 et
1983 5011 2172 5081 spoliis
2214 5011 2269 5065 in
2318 5027 2490 5081 equos
2540 5011 2811 5080 impositis
2874 5010 3099 5065 domum
3136 5013 3440 5067 redierunt.

1880 5105 2059 5159 Facile
2090 5113 2273 5157 autem
2306 5103 2503 5158 Istrum
2538 5101 2815 5171 trajiciunt
2845 5116 2945 5155 nec
2979 5100 3269 5156 diﬂiculter
3305 5121 3443 5172 pra--

1878 5197 2063 5251 datum
2146 5205 2391 5257 exeunt,
2443 5194 2692 5262 citraque
2748 5192 2989 5249 laborem
3040 5204 3093 5246 et
3140 5194 3441 5267 molestiam

1875 5288 2098 5342 domum
2128 5295 2497 5339 revertuntur.
2529 5286 2691 5339 Arma
2722 5286 2802 5338 eis
2831 5292 2959 5337 sunt
2990 5286 3245 5353 pharetra
3272 5284 3437 5354 sagit.

1879 5381 1947 5433 tis
1976 5379 2134 5447 plena
2170 5378 2236 5430 de
2269 5378 2515 5430 humeris
2566 5392 2828 5445 suSpensa
2878 5385 2933 5430 et
2986 5392 3147 5431 arcus
3172 5394 3185 5442 ;
3215 5388 3342 5431 sunt
3385 5390 3443 5432 et

1875 5471 1968 5540 qui
2002 5470 2220 5524 hastilia
2254 5471 2472 5521 vibrent
2500 5477 2556 5521 et
2591 5469 2643 5521 in
2670 5484 2848 5538 pugna
2873 5468 3268 5538 eircumagant.
3294 5469 3439 5523 Idem

1874 5578 2003 5617 vero
2028 5578 2203 5632 equus
2236 5562 2487 5631 Scytham
2512 5573 2567 5616 et
2598 5562 2649 5614 in
2682 5562 2881 5614 bellum
2914 5561 3017 5614 fert
3046 5572 3100 5615 et
3129 5572 3274 5617 secta
3305 5576 3440 5614 vena

1872 5653 1972 5706 alit
2002 5664 2077 5716 et,
2131 5664 2189 5706 ut
2218 5654 2392 5716 aiunt,
2430 5652 2474 5706 si
2508 5651 2758 5706 feminini
2793 5667 2957 5705 sexus
2990 5661 3105 5714 est,
3138 5652 3438 5713 bellninatu

1872 5743 1991 5813 ejus
2024 5743 2304 5796 labi.!inetn
2337 5742 2540 5810 explet.
2573 5741 2797 5794 Flumen
2845 5749 3129 5793 transeunt
3164 5741 3313 5795 cerio
3343 5757 3439 5795 su—

1879 5836 2009 5891 bere
2041 5837 2278 5899 expleto,
2314 5835 2497 5897 itaque
2529 5846 2816 5891 compacto
2856 5843 2914 5887 ut
2944 5849 3043 5887 nec
3067 5834 3288 5887 minima
3312 5844 3435 5903 gut-
