4272 6356
196 422 296 485 857

1190 413 1289 476 DE
1331 409 1701 475 MANUELE
1743 406 2113 470 COMNENO
2158 405 2307 466 LIB.
2354 404 2469 467 Ill.

3356 395 3467 456 658

189 532 360 603 μαίων
411 530 503 585 ἀεὶ
544 528 688 583 κατὰ
737 517 996 599 λῃστὲίαν
1036 524 1098 578 τὸ
1132 527 1413 594 γειτονοῦν
1444 525 1784 595 ἐκτρίϐοντα.
1819 530 1862 586 Α

1819 530 1862 586 Α
1894 523 2015 592 pitii
2047 530 2130 577 est
2190 518 2553 575 exhilaratus.
2600 516 2734 571 Nam
2781 527 2931 582 spem
2988 511 3191 603 bonam
3232 507 3471 603 habebat

186 622 474 685 Πιποιθὼς
528 622 712 674 τοίνυν
778 606 1217 687 Ἶαγουπασάνης
1285 617 1365 688 τῷ
1408 617 1777 687 αὐτοκράτορι

186 720 408 788 ικφὲρει
436 716 579 770 κατὰ
613 714 710 768 τοῦ
743 713 975 766 σουλτὰν
1000 713 1261 779 πόλεμον,
1313 712 1411 765 καὶ
1441 705 1595 773 οὗτος
1620 710 1778 773 αὖθις

185 807 613 872 ἀντέξεισικατ⁹
665 803 860 867 αὐτοῦ,
920 804 1015 856 καὶ
1079 802 1451 874 συρραγέντες
1516 802 1781 862 πολλάκις

185 903 476 972 ἐμάχοντο.
518 898 647 968 Ὀψὲ
686 896 744 950 δὲ
793 898 890 949 καὶ
944 895 1067 965 μεθ’
1122 897 1336 965 αἵματα
1384 896 1444 960 ἐξ
1495 896 1779 963 ἑκατέρων

188 995 464 1064 ῥεύσαντα
495 991 605 1044 τῶν
637 988 891 1059 στρατῶν
920 988 1058 1056 πρὸς
1101 985 1544 1054 ἰαγουπασάνην
1575 986 1771 1052 ἔϐλεψε

184 1087 243 1136 τὸ
274 1086 459 1155 νικᾷν.
504 1082 615 1135 Καὶ
647 1081 783 1149 πρὸς
816 1079 1009 1148 καιρὸν
1062 1076 1131 1130 τὰ
1193 1077 1349 1130 ὅπλα
1386 1076 1774 1145 καταθέμενοι,

186 1176 214 1226 ὁ
244 1174 343 1241 μὲν
374 1173 616 1241 ἐπέμενε
646 1172 789 1222 κατὰ
818 1168 1029 1238 χώραν,
1064 1168 1091 1219 ό
1116 1167 1172 1219 δὲ
1221 1166 1452 1219 σουλτὰν
1486 1166 1566 1235 τῷ
1620 1169 1777 1234 βασι-

186 1266 267 1318 λεῖ
306 1266 596 1334 πρόσεισιν
641 1263 769 1331 ἄρτι
820 1262 958 1330 πρὸς
983 1263 1083 1330 τὴν
1131 1261 1289 1312 πόλιν
1318 1261 1419 1331 τὴν
1460 1258 1779 1329 βασιλεύου-

190 1376 288 1414 σαν
320 1363 388 1413 ὲκ
418 1362 529 1412 τῶν
578 1357 865 1426 δυσμικῶν
896 1356 1183 1409 ἐπανιόντι
1234 1358 1444 1426 μερῶν,
1501 1357 1594 1408 καὶ
1630 1358 1782 1424 φιλο-

192 1452 413 1520 φρόνως
455 1450 818 1521 προσδεχθεὶς
866 1450 964 1501 καὶ
1018 1449 1256 1517 ἐντίμως
1318 1448 1419 1517 οὐχ
1477 1442 1644 1518 ἦττον
1691 1447 1781 1500 ἐπ’

190 1543 343 1613 αὐτῷ
390 1544 483 1595 τὸν
525 1542 753 1611 βασιλέα
782 1540 1113 1611 διαχυθῆναι
1150 1540 1460 1609 πεποίηκεν
1505 1543 1649 1611 ἥπερ
1680 1541 1779 1593 αὑ-

188 1632 279 1695 τὸς
310 1633 410 1685 ἐπὶ
455 1631 534 1701 τῷ
560 1631 660 1699 τῆς
708 1630 889 1694 ξενίας
921 1630 1263 1701 ὲνευιρράνθη
1312 1630 1624 1698 ὰπροσδεεῖ.
1663 1631 1779 1683 Οὐκ

189 1725 375 1778 ἐλπίσι
400 1725 513 1792 γὰρ
543 1726 701 1792 μόνον
721 1723 1120 1793 χρηστοτέραις
1147 1722 1474 1774 ὑπεσαίνετο
1495 1722 1775 1791 Μανουὴλ,

189 1816 267 1881 ὡς
305 1812 369 1868 εὖ
405 1816 473 1867 τὰ
502 1816 646 1867 κατὰ
678 1814 778 1884 τὴν
803 1813 879 1866 ἒω
909 1813 1145 1867 διάθοιτο
1173 1812 1263 1865 διὰ
1294 1813 1392 1881 τῆς
1421 1813 1516 1865 τοῦ
1548 1811 1775 1865 σουλτά-
1811 1872 1847 1884 _‘

1884 614 2098 667 Manuel
2142 628 2200 667 se
2251 612 2323 666 ob
2352 610 2554 666 sultani
2587 608 2935 678 praesentiam
2980 618 3091 658 non
3124 601 3281 674 155
3308 601 3472 655 modo

1887 706 2054 759 rebus
2113 703 2360 759 Orientis
2435 701 2818 756 consulturum
2894 707 2953 751 et
3002 710 3170 749 avaro
3234 694 3473 748 barbaro

1886 798 2109 867 hospitii
2152 797 2484 852 liberalitate
2528 794 2715 848 fucum
2757 806 2881 848 esse
2940 789 3238 853 facturum,
3265 786 3361 842 sed
3403 801 3472 840 ex

1883 906 1950 945 eo
1976 906 2104 943 casu
2140 889 2367 959 gloriam
2416 903 2638 957 quoque
2702 885 2982 955 sperabat.
3037 883 3249 953 Cpolim
3306 881 3473 952 igitur

1885 997 1994 1035 una
2044 998 2168 1036 cum
2232 982 2325 1035 illo
2383 983 2661 1051 ingressus
2690 978 3029 1047 triumphum
3087 976 3306 1031 indicit.
3367 973 3471 1040 Qui

1884 1088 2008 1128 cum
2037 1074 2318 1142 eleganter
2382 1074 2688 1127 instructus
2720 1072 2978 1141 pretiosis
3031 1070 3281 1125 vestibus
3306 1080 3363 1124 et
3382 1084 3473 1123 orn

1887 1174 2274 1217 namentorum
2311 1164 2576 1219 varietate
2622 1165 2947 1225 colluceret,
2980 1169 3143 1230 atque
3173 1161 3475 1231 imperator

1885 1272 2008 1311 cum
2050 1257 2315 1325 applausu
2364 1267 2419 1311 et
2444 1255 2934 1311 acclamationibus
2980 1253 3203 1317 civium,
3236 1254 3474 1309 adducto

1886 1365 1991 1402 una
2039 1351 2275 1407 sultano,
2320 1350 2411 1416 qui
2442 1350 2588 1403 inter
2633 1359 2861 1403 caeteros
2909 1362 3167 1418 proceres
3202 1346 3474 1401 festivita-

1883 1450 1993 1495 teni
2017 1439 2163 1493 illam
2211 1440 2568 1493 celebriorem
2606 1440 2880 1502 redderet,
2929 1439 3256 1508 proditurus
3303 1446 3473 1501 esset,

1885 1532 2029 1584 Deus
2087 1531 2373 1584 illiusdiei
2435 1530 2787 1599 splendorem
2847 1529 2975 1583 fecit
3041 1529 3284 1583 irritum.
3339 1527 3475 1582 Nam

1886 1632 2047 1677 terrae
2072 1632 2222 1675 tnotu
2256 1623 2439 1676 multae
2459 1624 2924 1693 splendidissima:
2951 1621 3095 1675 aedes
3113 1631 3473 1685 corruerunt;

1882 1722 1939 1768 et
1965 1716 2108 1769 aeris
2162 1714 2520 1783 intemperies
2578 1730 2641 1769 ac
2680 1716 2855 1784 caligo
2889 1724 2945 1768 et
2974 1714 3065 1768 alii
3099 1713 3330 1783 quidam
3358 1722 3473 1767 ter-

1883 1821 2037 1860 rores
2059 1814 2355 1860 aestuantes
2377 1806 2660 1859 hominum
2713 1808 2925 1860 animos
2948 1822 2977 1860 a
3005 1806 3302 1875 triumphis
3333 1807 3386 1859 in
3417 1821 3475 1861 se

188 1879 280 1961 νου
328 1910 647 1977 παρουσίας
685 1879 917 1961 καὶτοῦ
974 1879 1381 1975 κεχαρισμένου
1428 1905 1525 1970 τῆς
1574 1904 1775 1968 ξενίας,
1811 1879 1854 1934 Β

1811 1879 2309 1953 Bconvertebant.
2372 1899 2608 1953 Aiebant
2660 1908 2719 1952 et
2784 1914 2953 1953 sacrae
3007 1899 3141 1953 tedis
3199 1896 3492 1953 antistites

192 1999 504 2069 δυναμένου
537 1999 839 2069 γοητεῦσαι
864 1998 1278 2067 φιλοχρήματον
1306 1997 1581 2066 βάρϐαρον
1601 2014 1613 2027 ·
1646 1998 1781 2049 ἀλλὰ

192 2091 495 2150 καὶδόξαν
550 2090 703 2157 αὐτῷ
759 2092 859 2159 τῆς
914 2090 1203 2157 βασιλείας
1248 2088 1310 2138 τὸ
1347 2089 1563 2156 συμϐὰν
1624 2087 1781 2157 ᾤετο.

191 2187 397 2240 Είσιὼν
428 2186 609 2239 τοίνυν
640 2186 759 2253 ἅμα
803 2183 881 2253 τῷ
916 2184 1191 2250 σουλτάνῳ
1221 2181 1319 2251 τὴν
1368 2182 1782 2234 Κωνσταντίνου

190 2279 459 2345 κηρύττει
496 2276 790 2349 θρίαμϐον.
826 2276 932 2328 Καὶ
982 2271 1052 2344 ἦν
1082 2273 1364 2343 εὐπρεπὴς
1410 2276 1439 2326 ό
1487 2273 1782 2343 θρίαμϐος,

189 2370 509 2430 καλλίστοις
562 2370 660 2419 καὶ
715 2367 949 2435 τιμήεσι
1003 2365 1231 2426 πέπλοις
1292 2365 1630 2431 παμφαίνων
1690 2366 1786 2416 καὶ

196 2460 276 2528 τῷ
313 2460 415 2512 τοῦ
464 2460 676 2525 κόσμου
739 2457 1013 2509 πολυειδεῖ
1062 2456 1350 2517 δαίδαλος·
1424 2455 1521 2506 καλ⁵
1576 2454 1780 2524 ἤμελλε

189 2550 451 2619 βασιλεὺς
485 2551 572 2602 διὰ
599 2548 692 2601 τοῦ
718 2549 991 2620 θριάμϐου
1020 2548 1270 2615 προϊέναι
1298 2547 1437 2617 πρὸς
1462 2547 1641 2599 αὐτῶν
1672 2547 1781 2599 τῶν

193 2644 383 2696 ἀστῶν
414 2644 807 2712 κροτούμενος,
839 2644 934 2693 καὶ
976 2642 1142 2709 μέρος
1170 2636 1312 2693 εἶναι
1336 2639 1436 2709 τῆς
1465 2643 1588 2691 τότε
1614 2640 1780 2713 δορυ-

188 2735 391 2805 φορίας
446 2752 505 2785 τε
562 2736 659 2785 καὶ
690 2732 1080 2801 λαμπρότητος
1127 2729 1223 2782 atati.
1270 2729 1381 2781 τῶν
1435 2729 1782 2798 κυδρούντων

189 2829 285 2878 τὸν
320 2825 714 2893 αὐτοκράτορα
746 2824 843 2875 καὶ
874 2822 1165 2883 σουλτάνος
1215 2819 1380 2881 αὐτὸς
1440 2819 1778 2889 ἐπιπαριὼν.

188 2915 323 2977 Θεὸς
354 2916 403 2967 δ’
428 2913 688 2983 ἠκύρωσε
720 2912 788 2963 τὰ
814 2911 913 2981 τῆς
939 2910 1158 2980 ἡμέρας
1189 2909 1409 2977 ἐκείνης
1442 2908 1675 2979 λαμπρά
1698 2925 1710 2939 ’
1744 2910 1778 2978 ἥ

185 3025 244 3059 τε
277 3011 395 3076 γὰρ
430 3008 501 3075 γῆ
560 3006 889 3074 κλονηθεῐσα
944 3003 1148 3065 πολλὰς
1206 3001 1610 3070 κατεϐεϐλήκει
1645 3002 1784 3071 λαμ-

184 3102 470 3168 προτάτας
499 3098 770 3168 οἰκήσεις,
804 3098 897 3149 καὶ
928 3097 957 3148 ό
986 3097 1097 3164 ἀὴρ
1124 3093 1452 3164 ταραχώδης
1500 3088 1568 3162 ἦν
1604 3094 1778 3145 Emet-

190 3192 299 3252 κῶς
333 3193 431 3242 καὶ
489 3188 800 3259 ἀνώμαλος,
862 3190 955 3240 καὶ
1007 3186 1154 3256 ἕτερ’
1208 3186 1349 3238 ἄττα
1398 3185 1779 3254 ἐπισυμϐἁντα
1807 3218 1849 3273 c

191 3283 431 3351 δείματα
452 3282 708 3342 ἐκείνοις,
735 3280 795 3332 οὐ
828 3278 1120 3348 θριάμϐοις
1152 3278 1459 3347 ἠναγκάκει
1485 3278 1778 3347 προσέχειν

192 3374 284 3424 τὸν
324 3372 477 3435 νοῦν,
532 3374 627 3424 καὶ
661 3372 721 3423 τὸ
758 3371 858 3440 τῆς
888 3369 1072 3439 ψυχῆς
1102 3370 1370 3438 ὲκύμαινε
1403 3369 1777 3439 λογιζόμενον.

194 3463 484 3529 Ἐφασκον
520 3462 578 3514 δὲ
615 3462 713 3513 καὶ
761 3464 810 3514 ot
848 3462 942 3515 τοῦ
984 3461 1131 3513 θείου
1160 3460 1267 3513 νεὼ
1319 3464 1413 3514 καὶ
1455 3462 1549 3514 τοῦ
1602 3461 1779 3532 βήμα-

190 3569 281 3615 τος
314 3552 577 3622 εντροφοι
618 3553 712 3605 καὶ
742 3553 907 3616 αὐτὸς
949 3552 1227 3622 βασιλεὺς,
1262 3555 1364 3607 οὐκ
1397 3554 1607 3621 ἀγαθὰς
1644 3556 1777 3628 κλῃ-

188 3642 349 3706 δόνας
380 3642 672 3711 δεχόμενος
703 3644 770 3695 τὰ
814 3644 1113 3711 λεγόμενα,
1154 3643 1369 3712 μηνίειν
1408 3647 1471 3696 τὸ
1511 3647 1655 3698 θεῖον
1679 3647 1777 3698 καὶ

189 3728 316 3797 μηδ’
343 3729 485 3790 ὅλως
532 3729 825 3797 ἀνέχεσθαι
876 3729 1186 3799 προκύψειν
1244 3736 1325 3792 εἰς
1377 3730 1650 3802 θρίαμϐον
1699 3736 1776 3804 μὴ

188 3818 508 3882 θεοσεϐείας
530 3820 701 3890 ἄνδρα
730 3822 1133 3890 μετεσχηκότα,
1161 3821 1221 3873 ὂν
1241 3822 1545 3891 κοσμοῦσιν
1566 3824 1777 3877 ἔπιπλα

190 3909 416 3978 παναγῆ
453 3912 549 3961 καὶ
581 3910 753 3977 ἁγίων
776 3911 992 3963 ἔκτυπα
1013 3910 1330 3981 διειλήφασι
1361 3920 1453 3965 καὶ
1482 3916 1776 3984 χαρακτὴρ

192 4004 527 4069 καθαγιάζει
580 4003 849 4073 Χριστοῦ.
908 4005 1019 4058 Καὶ
1082 4003 1228 4057 οὕτω
1288 4006 1388 4073 μὲν
1465 4007 1692 4070 είκαίως
1748 4010 1775 4061 ό

189 4096 462 4167 θρίαμϐος
484 4098 823 4167 ὲσχεδίαστο,
854 4097 1123 4167 μηδαμῶς
1154 4098 1303 4166 αὐτῷ
1332 4101 1777 4169 προσεσχηκότος

186 4189 280 4239 τοῦ
316 4189 752 4257 αὐτοκράτορος,
781 4188 893 4240 οὐδ’
932 4190 991 4250 ἐς
1026 4188 1151 4239 ὅσον
1184 4189 1244 4239 τὸ
1293 4189 1415 4251 έθος
1461 4191 1775 4256 ἀφοσιώσα-

188 4284 347 4333 σθαιο
375 4284 454 4343 εἰς
493 4285 682 4335 ἱκανὸν
724 4282 781 4334 δὲ
814 4285 841 4334 ό
885 4283 1175 4347 σουλτάνος
1215 4283 1293 4351 τῷ
1330 4283 1540 4353 βασιλεί
1571 4287 1773 4339 συνδιέ-

188 4376 357 4442 τριψε
413 4374 630 4441 χρόνον,
686 4374 781 4425 καὶ
817 4374 1003 4425 ἵππων
1058 4375 1463 4444 σταδιοδρόμων
1519 4377 1775 4446 ἁμίλλαις

189 4467 281 4515 τὸν
316 4465 601 4533 ὀφθαλμὸν
636 4465 1050 4532 καθειστίακεν,
1097 4468 1187 4519 ὅτε
1233 4467 1325 4520 καί
1368 4485 1454 4531 τις
1495 4470 1637 4541 ἀνὴρ
1674 4472 1771 4541 τῆς

1886 1990 2010 2060 (nec
2074 1993 2189 2059 ipse
2228 1993 2526 2059 imperator
2582 1990 2742 2045 aliter
2802 2006 2865 2043 ea
2917 1992 3099 2043 omina
3145 1990 3471 2059 accipiebat)

1884 2082 2046 2136 irasci
2087 2083 2257 2135 Deum
2313 2098 2493 2151 neque
2545 2083 2683 2135 velle
2744 2091 2805 2135 ut
2856 2082 3021 2135 homo
3083 2081 3286 2150 impius
3341 2097 3474 2135 eum

1884 2174 2225 2242 triumphum
2255 2175 2586 2236 intneietur,
2642 2187 2804 2240 quem
2865 2174 3229 2224 instrumenta
3288 2185 3478 2225 saera-

1888 2267 2097 2320 tissima
2129 2277 2186 2319 et
2243 2266 2494 2319 divorum
2548 2266 2812 2333 imagines
2871 2274 3138 2318 ornarent
3183 2273 3237 2318 ct
3264 2264 3473 2320 Christi

1881 2357 2097 2425 signum
2175 2366 2547 2411 consecraret.
2631 2356 2723 2410 Sic
2775 2356 3090 2425 triumphus
3132 2356 3335 2411 frustra
3389 2368 3478 2412 cst

1883 2449 2210 2511 instructus,
2248 2459 2304 2505 et
2337 2451 2405 2504 ab
2433 2450 2552 2519 ipso
2595 2451 2933 2519 imperatore
2985 2451 3058 2504 ita
3112 2451 3397 2521 neglectus
3417 2461 3479 2506 ut

1884 2554 1988 2593 nec
2047 2550 2279 2610 receptae
2338 2541 2733 2595 consuetudini
2803 2542 3163 2596 satisfaceret.
3216 2543 3476 2600 Sullanus

1885 2646 2014 2684 vero
2046 2625 2156 2685 non
2191 2647 2361 2702 parvo
2396 2645 2784 2702 temporecum
2814 2649 2881 2687 eo
2908 2643 3281 2689 commoratus
3314 2635 3477 2707 [56

1881 2725 2211 2791 spectaculis
2264 2726 2611 2781 circensibus
2644 2736 2731 2781 est
2775 2727 3102 2783 oblectatus.
3156 2730 3294 2785 Tum
3336 2733 3479 2803 Aga-

1885 2830 2056 2869 renus
2089 2816 2336 2884 quidam,
2393 2818 2666 2887 principio
2716 2820 3084 2890 praestigiator
3113 2820 3360 2887 habitus,
3413 2831 3474 2877 ut

1884 2920 2016 2961 vero
2045 2918 2169 2976 post
2192 2908 2514 2973 declaravit,
2569 2912 2815 2965 omnium
2870 2914 3185 2968 mortalium
3228 2915 3478 2970 miserri-

1884 3013 2030 3062 mus,
2060 3015 2158 3053 sua
2194 3010 2391 3069 sponte
2424 3000 2783 3071 Hippodromi
2826 3006 2964 3059 turri
3014 3020 3339 3071 conscensa,
3367 3008 3473 3063 snh

1884 3104 1991 3157 qua
2049 3104 2303 3147 carceres
2360 3103 2488 3147 sunt
2551 3095 2695 3149 unde
2744 3096 3075 3150 emittuntur
3098 3099 3250 3168 equi,
3304 3114 3472 3170 supra

1885 3196 2019 3234 vero
2062 3194 2299 3251 quatuor
2361 3186 2486 3254 equi
2553 3187 2730 3241 aurati
2784 3198 2950 3252 stant,
2984 3189 3143 3243 collis
3201 3190 3470 3250 incurvis.

1882 3272 2108 3327 obversi
2155 3276 2261 3329 sibi
2308 3276 2567 3339 invicem,
2614 3279 2915 3334 alacritatis
2944 3280 3011 3334 ad
3042 3296 3265 3336 cursum
3298 3282 3469 3351 pleni,

1883 3381 1942 3420 se
1978 3366 2217 3421 stadium
2251 3351 2721 3423 transvolaturum
2747 3372 2937 3441 jactat.
2979 3372 3167 3426 Stabat
3218 3373 3384 3443 igitur
3415 3375 3470 3429 in

1882 3458 2023 3511 turri
2071 3469 2330 3528 tanquam
2362 3461 2415 3514 in
2455 3461 2795 3525 carceribus,
2857 3463 3036 3533 ampla
3086 3474 3142 3518 et
3202 3468 3469 3533 promissa

1880 3549 2178 3605 admodum
2232 3559 2383 3605 veste
2432 3554 2663 3607 candida
2690 3552 2941 3619 indutus,
2975 3572 3099 3625 quae
3152 3557 3389 3613 vinculis
3413 3559 3469 3613 in

1878 3643 2073 3697 orbem
2140 3645 2421 3699 succincta
2500 3645 2724 3701 sinuosa
2803 3648 3162 3703 elliciebatur.
3238 3652 3471 3707 Putabat

1878 3735 2027 3788 enim
2053 3749 2113 3789 se
2158 3736 2327 3789 veluti
2361 3738 2481 3791 velo
2527 3754 2745 3801 navem,
2809 3740 2881 3794 ita
2926 3741 3140 3797 laciniis
3163 3744 3311 3799 illius
3340 3757 3469 3801 aere

1878 3826 2111 3895 expletis
2140 3826 2209 3880 ad
2261 3826 2502 3881 volatum
2536 3828 2868 3884 instructum
2895 3831 3033 3886 fore.
3078 3832 3336 3889 Omnium
3356 3835 3463 3906 igi-

1878 3926 1968 3971 tur
2002 3918 2147 3971 oculi
2182 3918 2237 3971 in
2263 3933 2389 3972 eum
2436 3929 2857 3986 convertuntur,
2892 3921 3075 3978 rident
3102 3934 3462 3993 spectatores.

1878 4025 1941 4064 ac
2016 4011 2255 4065 subinde
2345 4013 2625 4067 clamant:
2694 4014 2952 4079 «Volato,
3023 4016 3293 4082 volate“
3369 4027 3462 4074 et:

1883 4118 1901 4151 ‹
1936 4101 2111 4165 Quam
2176 4102 2271 4157 diu
2332 4119 2433 4158 nos
2474 4120 2772 4175 suspensos
2822 4115 2998 4172 tenes,
3065 4108 3359 4176 Saracene,
3408 4123 3467 4167 et

1876 4206 2057 4247 aerem
2092 4207 2160 4248 ex
2188 4196 2326 4249 turri
2353 4197 2558 4251 libras?
2587 4216 2605 4248 ι
2630 4198 2965 4267 lmperatore
2998 4202 3279 4258 hominem
3306 4205 3376 4259 ab
3397 4221 3466 4259 eo

1880 4294 2083 4340 conatu
2139 4286 2476 4354 deterrente,
2512 4289 2628 4359 ipso
2653 4306 2785 4367 vero
2807 4294 3025 4349 sultano
3056 4296 3201 4350 inter
3230 4312 3382 4366 spem
3406 4308 3465 4354 et

1878 4386 2087 4431 metum
2123 4393 2411 4447 suspenso,
2463 4398 2530 4436 ne
2585 4384 2715 4452 quid
2758 4386 3007 4453 p0pulari
3040 4402 3140 4440 suo
3163 4389 3465 4446 accideret;

1880 4467 1928 4523 ls
1954 4485 2083 4523 vero
2113 4486 2294 4524 aerem
2320 4473 2555 4526 subinde
2581 4485 2808 4543 captans
2839 4485 2895 4529 et
2920 4487 3141 4532 ventum
3171 4482 3466 4549 explorans

197 4559 390 4624 Ἀγαρ
437 4558 727 4623 ἀπόγονος,
758 4558 835 4621 ὡς
877 4558 979 4628 μὲν
1009 4559 1183 4612 ἐδόκει
1215 4561 1281 4613 τὰ
1315 4561 1512 4630 πρῶτα
1557 4562 1772 4628 θαυμα-
1804 4566 1850 4622 ι)
1878 4578 1884 4614 t

1804 4566 1850 4622 ι)
1878 4571 2248 4631 spectatorum
2286 4579 2436 4632 spent
2466 4565 2746 4631 eludebat,
2770 4584 2833 4622 ac
2861 4569 3019 4640 157
3040 4573 3294 4627 manibus
3318 4590 3464 4643 saepe

191 4650 434 4714 τοποιὸς,
467 4650 544 4711 ὠς
597 4650 644 4701 δ’
685 4649 913 4719 ὕστερον
953 4651 1146 4717 ἔδειξε,
1182 4654 1520 4718 ταλάντατος
1553 4657 1773 4726 ἀνθρώ-

193 4758 315 4794 πων
371 4742 466 4793 καὶ
519 4743 819 4811 αὑτοέντης
864 4744 1148 4813 ἄντικρυς,
1200 4747 1294 4797 ἐπὶ
1355 4746 1445 4799 τὸν
1506 4750 1652 4802 κατὰ
1712 4752 1774 4803 τὸ

188 4834 421 4905 θέατρον
452 4836 664 4905 πύργον
717 4837 1080 4904 ἁναλάμενος,
1134 4840 1197 4889 οὐ
1253 4838 1500 4892 κάτωθεν
1559 4841 1660 4911 μὲν
1717 4842 1771 4893 at

181 4923 293 4971 τῶν
345 4923 440 4972 ἐπὶ
494 4922 712 4972 σταδίου
774 4923 1007 4975 θεόντων
1080 4925 1381 4995 ἁφετηρίαι
1449 4930 1530 4989 είς
1577 4929 1773 4996 eatea;

186 5011 576 5081 παραλλήλους
610 5017 932 5081 κεχήνασιν,
965 5013 1177 5067 ἄνωθεν
1208 5017 1253 5069 δῗ
1299 5017 1456 5071 ἵπποι
1501 5020 1774 5089 χαλκήλα-

187 5117 272 5152 τοι
330 5102 621 5168 πεπήγασι
686 5102 916 5171 πίσυρες
972 5102 1163 5175 χρυσῷ
1221 5106 1568 5175 ἡλειμμένοι,
1643 5112 1770 5172 τοὺς

184 5193 426 5261 αὐχένας
490 5194 785 5262 ὑπόγυροι,
856 5196 1275 5261 ἁντιϐλέποντες
1352 5200 1605 5269 ἀλληλοις
1673 5204 1769 5255 καὶ

180 5282 383 5352 δρόμον
416 5283 749 5352 καμπτῆρος
797 5285 1076 5353 πνέοντες,
1111 5286 1407 5357 διαπτῆναι
1440 5291 1501 5342 τὸ
1548 5291 1767 5344 στάδιον

182 5372 584 5442 ἐπηγγέλλετο.
629 5375 885 5446 Είστήκει
926 5376 1021 5432 οὗν
1053 5379 1129 5441 ὡς
1164 5380 1251 5449 ἐφ’
1308 5381 1622 5453 ὕσπληγγος
1671 5387 1766 5439 τοῦ

181 5465 422 5533 πύργου,
458 5467 836 5535 ἠμφιεσμένος
878 5469 1286 5539 ποδηρέστατον
1329 5475 1499 5545 εὐρέα
1529 5477 1764 5545 χιτῶνα.

178 5556 399 5617 Λευκὸς
426 5555 484 5607 δὲ
535 5551 604 5625 ἦν
629 5559 657 5608 ό
703 5557 890 5626 χιτὼν,
940 5557 1100 5626 λύγοι
1130 5561 1185 5613 δὲ
1217 5564 1295 5625 εἰς
1327 5565 1528 5618 κύκλον
1574 5585 1766 5637 περια-

176 5647 405 5719 χθέντες
430 5648 652 5700 ἐποίουν
676 5650 955 5714 κολπῶδες
972 5652 1034 5704 τὸ
1059 5651 1312 5723 ὕφασμα.
1343 5652 1449 5708 Ἦν
1474 5658 1529 5711 δὲ
1563 5661 1763 5722 σκοπὸς

174 5739 254 5807 τῷ
302 5739 592 5809 ’Δγαρηνῷ
653 5740 848 5812 ῶσπερ
883 5743 1039 5814 ίστίῳ
1089 5746 1223 5810 ναῦς
1272 5750 1622 5821 πτερωθῆναι
1684 5754 1762 5825 τῷ

177 5833 391 5902 πέπλῳ,
410 5835 532 5894 ταῖς
558 5834 750 5886 τούτου
779 5836 1058 5905 κοιλότησι
1084 5838 1179 5891 τοῦ
1229 5841 1540 5912 πνεύματος
1567 5845 1758 5916 ἐμφω-

420 5926 702 5989 ΡΑτιιοι..
740 5933 856 5993 Gn.
890 5933 1237 5996 CXXXIX.

1877 4655 2087 4708 alarum
2118 4657 2291 4709 instar
2344 4658 2684 4722 advolatuin
2739 4664 2997 4730 expansis
3026 4674 3082 4716 et
3141 4665 3357 4719 libratis
3403 4676 3466 4721 ut

1877 4745 2002 4812 plus
2032 4746 2179 4799 venti
2245 4747 2547 4818 colligeret,
2570 4766 2695 4803 cum
2742 4752 2788 4805 is
2811 4754 3029 4807 tandem
3069 4763 3230 4824 aptus
3266 4768 3320 4812 et
3376 4774 3464 4814 se-

1877 4838 2093 4891 cundus
2138 4840 2384 4906 aspirare
2435 4842 2742 4908 videretur,
2809 4845 2982 4898 instar
3044 4847 3287 4902 volucris
3340 4864 3463 4904 sese

1875 4929 2061 4998 agitat,
2117 4938 2174 4984 et
2198 4931 2329 4985 dum
2398 4948 2495 5002 per
2544 4949 2725 4990 aerem
2788 4936 3043 4992 incedere
3079 4938 3463 5005 nititur,lcaro

1876 5022 2248 5077 miserabilius
2308 5025 2362 5079 in
2392 5028 2533 5079 cmlo
2561 5029 2770 5083 volitat.
2808 5030 2996 5099 Neque
3032 5032 3180 5086 enim
3210 5036 3462 5104 corporis

1873 5114 2109 5181 gravitas
2139 5115 2367 5170 humum
2410 5120 2688 5174 tendentis
2712 5122 2818 5173 alta
2847 5140 2974 5175 eum
3003 5136 3191 5179 tenere
3219 5128 3457 5192 sinebat,

1873 5206 2049 5260 donec
2104 5218 2417 5275 prostratus
2462 5214 2784 5281 exspiravit,
2825 5217 3097 5281 manibus,
3144 5219 3377 5287 pedibus
3401 5228 3460 5275 et

1872 5297 2128 5353 omnibus
2180 5304 2400 5356 ossibus
2448 5308 2762 5362 confractis.
2820 5311 2867 5363 Is
2925 5312 3136 5365 volatus
3168 5328 3293 5366 cum
3336 5315 3454 5370 risu

1870 5402 1925 5444 et
1958 5391 2143 5449 derisu
2209 5396 2749 5456 Turcorum'sultani
2788 5406 3053 5457 comitum
3099 5407 3243 5476 vulgi
3270 5408 3456 5465 fabula

1868 5494 2009 5547 erat,
2040 5488 2177 5543 adeo
2214 5501 2273 5545 ut
2321 5492 2502 5546 forum
2534 5497 2771 5549 transire
2804 5497 3031 5551 inderisi
3066 5515 3174 5551 non
3205 5507 3453 5569 pesscnt,

1869 5574 2037 5631 fabris
2089 5584 2415 5648 argentariis
2479 5584 2813 5641 ferramenta
2879 5604 3191 5643 mensarum
3249 5606 3454 5646 concu-

1869 5671 2152 5725 tientibus.
2201 5671 2320 5738 Quo
2390 5675 2689 5745 imperator
2736 5680 2926 5734 audito
2973 5681 3185 5739 ridebat
3216 5682 3449 5749 scilicet,

1865 5775 1975 5813 non
2029 5761 2254 5833 ignarus
2290 5766 2544 5835 jocnrum
2610 5782 2665 5823 et
2721 5772 3118 5827 saliumlurba:
3179 5774 3446 5829 trivialis:

1864 5851 1961 5907 sed
1995 5853 2049 5907 in
2074 5855 2276 5910 sultani
2303 5861 2559 5928 gratiam,
2585 5878 2748 5931 quem
2781 5866 2879 5920 ista
2923 5866 3159 5921 ludibria
3186 5868 3449 5937 paulatim

3038 5958 3111 6020 15
