4272 6356
754 427 866 489 450
2002 430 2300 489 ΝΠΣΕΤιΈ
2341 431 2437 489 CH

2341 428 2756 531 CHONi/iTE
3891 440 4005 503 160

754 542 1105 609 mordebant,
1155 558 1213 599 se
1272 544 1489 599 illorum
1547 546 1822 600 licentiam
1870 559 2126 601 coercere
2159 547 2441 611 simu-A1

2323 577 2330 587 -
2358 562 2403 611 Α
2436 547 2712 609 λεύοντος.
2747 549 2858 611 Πᾶς
2889 544 2984 603 οὖν
3024 550 3373 621 ἐπέστραπτο
3425 554 3565 624 πρὸς
3596 553 3758 607 αὑτὸν
3800 555 4010 625 ὀφθαλ-

752 635 923 686 labat.
1680 692 1691 705 κ
2444 640 2564 707 μδς,
2597 641 2691 691 καὶ
2717 640 2932 707 ἐμειδία
2957 641 3018 693 τὸ
3038 641 3293 711 θέατρον,
3321 646 3416 697 καὶ
3444 647 3625 698 πυκνά
3656 646 4009 717 ἐκραύγαζον

754 729 803 778 οἱ
862 728 1149 798 θεώμενοι.
1194 748 1212 781 ι
1236 728 1498 787 Πέτασον,
1535 727 1822 788 πέτασον,ι
1872 728 1985 788 καὶ,
2022 728 2200 790 «Ἕως
2222 728 2367 792 τίνος
2402 729 2600 800 αἴρεις,
2637 732 2943 801 Σαρακηνὲ.
2976 733 3074 795 τάς
3105 732 3284 803 ψυχὰς
3322 735 3502 805 ἡμῶν,
3549 737 3894 792 ταλαντεύων
3941 740 4010 792 ἐκ

751 819 848 870 τοῦ
904 820 1119 891 πύργου
1186 820 1280 871 τὸν
1334 820 1573 887 ᾶνεμονς
1605 838 1622 869 ι
1691 817 1952 881 Βασιλεὺς
2000 820 2055 872 δὲ
2111 818 2335 888 πέμψας
2374 817 2669 872 διεκώλυεν
2697 822 2860 874 αὐτὸν
2923 814 3429 895 τοίἱοδρμήματος.⁸
3463 827 3674 899 Θεατὴς
3703 831 3751 883 δ’
3795 828 3872 884 ὣν
3895 830 4011 883 τῶν

747 910 1043 979 δρωμένων
1098 912 1195 965 καὶ
1247 911 1539 972 σουλτάνος
1594 910 1759 971 αὐτὸς
1816 910 1905 961 ἐπ’
1936 910 2226 979 ἀμφιόόλῳ
2251 909 2329 979 τῷ
2367 910 2772 983 ἀποτελέσματι
2828 915 3090 986 ἀνεκήκιέ
3154 934 3215 970 τε
3268 920 3363 971 καὶ
3417 925 3693 994 ἐσεσήρει,
3729 926 4011 997 μετέωρος

746 1002 835 1097 ὢν
855 1005 956 1097 την
994 1003 1228 1072 γνώμην
1258 1005 1353 1056 καὶ
1379 1003 1568 1065 δεδιὼς
1598 1005 1728 1073 περὶ
1759 1004 1837 1068 τῷ
1868 1005 2143 1070 ὀμογενεῖ.
2174 1002 2236 1055 ’0
2276 1004 2359 1065 δὲ,
2396 1006 2754 1074 περιχάσκων
2813 1009 2905 1060 τὴν
2929 1009 3069 1077 ἀέρα
3103 1012 3298 1081 συχνὰ,
3324 1015 3421 1067 καὶ,
3457 1016 3519 1068 τδ
3544 1027 3766 1087 πνευμα
3792 1018 4001 1090 διακρι.

747 1095 1037 1166 ϐούμενος,
1072 1100 1170 1159 τὰς
1202 1098 1309 1147 τῶν
1342 1096 1552 1148 θεατῶν
1580 1095 1803 1157 ἐλπίδας
1831 1095 2162 1146 ὑπέκλεπτε.
2220 1095 2326 1147 Καὶ
2367 1095 2629 1156 πολλάκις
2693 1096 2889 1169 διάρας
2921 1099 3017 1161 τὰς
3078 1103 3267 1169 χεῖρας
3307 1106 3400 1156 καὶ
3430 1107 3776 1173 σχηματίσας
3804 1108 4011 1169 ταύτας

691 1264 693 1266 η
746 1194 821 1255 ὼς
842 1194 1124 1263 πτέρυγας
1158 1193 1237 1253 εἰς
1277 1192 1495 1260 κίνησιν
1540 1192 1793 1259 πτήσεως
1847 1188 2227 1252 ὑπεστείλατο,
2262 1189 2322 1240 τὸ
2364 1189 2584 1257 πνεῦμα
2650 1193 3173 1263 μεταπεμπόμενος.
3229 1196 3385 1251 Ἐπεὶ
3412 1199 3467 1251 δέ
3503 1216 3634 1253 ποτε
3663 1204 3831 1272 φορὸν
3866 1219 4010 1273 παρ·

747 1291 885 1341 εἶναι
915 1290 1010 1340 καὶ
1048 1284 1231 1357 οὔριον
1260 1285 1500 1349 δέδοκτο,
1532 1284 1936 1338 διατινάσσεται
1956 1282 2163 1352 πτηνοῦ
2187 1282 2366 1351 δίκην,
2408 1285 2729 1354 ἁεροόατείν
2786 1287 3017 1356 οἰηθείς.
3065 1290 3206 1342 Ἀλλ’
3243 1286 3311 1360 ἦν
3353 1287 3757 1367 οὐρανοδρόμος
3790 1298 4009 1367 Ἰκάρου

748 1381 1135 1448 ἐλεεινότερος.
1168 1379 1279 1432 Καὶ
1302 1378 1379 1440 ὼς
1406 1378 1567 1445 σῶμα
1598 1375 1965 1445 κεντροϐαρές
1995 1374 2366 1445 χαμαιριφὴς,
2397 1376 2496 1445 οὐχ
2526 1377 2599 1437 ὡς
2650 1376 2852 1445 κοῦφος
2875 1378 3202 1449 ῑπτάμενος,
3234 1384 3330 1436 καὶ
3370 1385 3523 1450 τέλος
3575 1388 3632 1441 δέ
3672 1394 4012 1455 καταπεσὼν

745 1473 999 1543 διέρρηξε
1023 1473 1123 1540 τὴν
1152 1471 1356 1541 ψυχὴν,
1387 1469 1874 1537 γαστροκνημῶας
1903 1472 1996 1520 καὶ
2014 1469 2208 1537 χεῖρας
2242 1468 2337 1521 καὶ
2362 1510 2365 1513 ς
2392 1468 2493 1519 ὅσα
2545 1469 2639 1521 τοῦ
2689 1471 2942 1540 σώματος
2983 1472 3195 1544 ὀστώδη
3243 1476 3584 1549 διαθρυδείς.
3628 1480 3740 1536 Ἦν
3772 1488 3951 1539 τοὶνυν
3980 1482 4013 1536 6

747 1561 1101 1630 ἐκπετασμδς
1132 1553 1291 1621 οὗτος
1322 1559 1402 1620 είς
1434 1558 1649 1627 μωκίαν
1681 1559 1777 1610 καὶ
1812 1557 2028 1623 γέλωτα
2055 1556 2164 1609 τῶν
2201 1557 2342 1626 μετά
2372 1558 2467 1610 τοῦ
2495 1558 2792 1612 σουλτάνου
2832 1561 3100 1631 Τούρκων
3130 1568 3243 1629 τοῖς
3267 1567 3657 1636 ἀστυπολίταις
3684 1573 4011 1643 διαθρυλού-

750 1668 933 1721 μενος,
966 1646 1171 1720 οὐδ’-ἧν
1206 1647 1295 1701 ἐπ’
1318 1648 1527 1717 ἀγορᾶς
1558 1647 2043 1713 ἀκαταγελάστους
2077 1647 2276 1708 αὐτοὺς
2306 1648 2586 1715 παριέναι,
2615 1649 2725 1700 τῶν
2757 1650 3156 1720 ἀργυροκόπων
3179 1658 3461 1727 ἀγοραίων
3489 1662 3558 1713 τὰ
3584 1660 3694 1714 τῶν
3715 1663 4011 1733 τραπεζῶν

747 1744 1159 1814 διαψοφούντων
1193 1742 1436 1813 σιδήρια.
1474 1740 1563 1803 Ὠς
1595 1740 1640 1792 δ’
1672 1739 1970 1807 ὴνωτίζετυ
2000 1739 2174 1792 ταῦτα
2199 1741 2228 1792 ὁ
2260 1740 2536 1809 βασιλεὺς,
2560 1741 2791 1810 διεχεῖτο
2820 1744 2939 1810 μὲν,
2967 1744 3043 1806 ὡς
3076 1747 3244 1810 εἰκὸς,
3268 1749 3329 1801 τὸ
3357 1753 3643 1821 στωμύλον
3676 1754 3758 1828 [Ρ.
3793 1754 3885 1829 79]
3914 1757 4010 1811 καὶ

750 1840 1122 1907 φιλοπαῖγμον
1146 1835 1371 1888 τῶνέπὶ
1400 1834 1511 1887 τῶν
1539 1833 1769 1903 τριόδων
1800 1832 1986 1895 είδὼς,
2015 1832 2293 1901 σουλτάνῳ
2314 1832 2372 1885 δὲ
2409 1834 2776 1903 χαριζόμενος
2812 1836 2976 1904 (κατά
3026 1837 3205 1908 βραχὺ
3261 1839 3373 1911 γὰρ
3417 1844 3519 1911 τὴν
3570 1847 3666 1898 τοῦ
3726 1847 4009 1920 βαρϐάρου

746 1927 926 2001 ψυχὴν
966 1932 1407 2000 ὑπεισερχόμενα
1465 1927 1656 1979 ἔδακνε
1707 1928 1776 1980 τὰ
1813 1925 2321 1997 βωμολοχεύματα)
2368 1927 2669 1982 ἐπλάττετο
2701 1931 2790 1984 τὸν
2836 1932 2897 1985 τὸ
2934 1933 3163 1987 ἐκείνων
3228 1934 3688 2010 ἐλευθερόστομον
3747 1943 4012 1997 ἀναστέλ-

747 2026 932 2079 λοντα.

815 2121 869 2175 6.
910 2120 1199 2175 Enimvero
1226 2120 1623 2174 Clizasthlanos
1668 2131 1791 2189 post
1831 2119 2138 2175 mirabilem
2168 2120 2323 2173 beni-
2357 2126 2400 2182 Β

2321 2150 2323 2158 ι
2357 2126 2400 2182 Β
2502 2119 2577 2183 ς’.
2626 2119 2782 2174 Μετὰ
2818 2121 2875 2174 δὲ
2924 2122 3024 2189 τὴν
3066 2122 3399 2191 ἀξιάγαστον
3433 2127 3835 2200 φιλοφροσύνην
3857 2132 4008 2203 δῶρα

747 2215 1007 2283 gnitateni
1035 2222 1089 2266 et
1118 2212 1283 2265 multa
1331 2213 1727 2280 splendidaque
1770 2227 1997 2265 munera
2042 2227 2109 2265 ex
2147 2212 2319 2275 impe-

748 2305 968 2358 ratoriis
1000 2305 1275 2358 thesauris
1325 2304 1612 2366 exhausta,
1660 2302 1864 2371 quibus
1904 2303 2319 2371 obstupefactus

746 2395 1033 2449 dubitabat
1079 2404 1263 2445 utrum
1317 2393 1656 2445 tantumdem
1704 2392 1805 2445 sibi
1857 2393 2052 2460 reliqui
2102 2391 2321 2445 fecisset

744 2490 1064 2557 imperator,
1131 2487 1290 2538 lit-tus
1348 2494 1512 2553 atque
1563 2484 1760 2553 opibus
1816 2495 2049 2539 onustus
2096 2486 2320 2538 domum

745 2579 1058 2635 revertitur.
1095 2576 1308 2629 Manuel
1353 2578 1498 2630 enim
1531 2591 1654 2628 cum
1702 2576 1870 2631 sciret
1906 2580 2158 2645 quemvis
2195 2577 2325 2629 Bar-

743 2675 935 2727 barum
984 2686 1207 2724 avarum
1262 2685 1403 2731 esse,
1454 2680 1510 2722 et
1556 2670 1929 2723 Romanorum
1977 2668 2319 2737 opulentiam

748 2753 908 2834 15's
934 2770 1210 2815 ostentare
1241 2762 1425 2821 vellet,
1462 2760 1729 2829 quidquid
1761 2758 2115 2814 Clizastlilani
2157 2758 2320 2813 datu-

749 2872 841 2908 rus
890 2864 1029 2913 erat,
1082 2852 1136 2905 in
1188 2852 1493 2921 splendidis
1513 2854 1636 2905 iimt‘l
1671 2852 1910 2920 quodam
1964 2850 2149 2919 palatii
2188 2864 2320 2903 eon-

743 2949 881 2999 clavi
958 2945 1153 2999 ordine
1210 2944 1484 3013 exposuit.
1551 2944 1624 2996 Ea
1684 2944 1836 2997 fuere
1886 2953 2103 2996 moneta
2155 2957 2322 2996 aurea

742 3051 904 3108 atque
952 3046 1231 3107 argentea,
1280 3037 1533 3090 delicatae
1578 3047 1772 3097 vestes,
1829 3045 2085 3104 argentea
2129 3036 2323 3104 pocula

741 3140 799 3183 et
845 3128 1130 3182 Tlicriclea
1191 3141 1357 3179 aurea
1413 3135 1470 3179 et
1530 3127 1633 3179 tela
1687 3127 2047 3180 subtilissima
2102 3126 2323 3193 aliaque

740 3230 1063 3275 ornamenta
1097 3219 1316 3276 eximia.
1356 3219 1621 3271 Romanis
1659 3230 1853 3286 paratu
1898 3218 2184 3277 facillima,
2221 3217 2317 3269 sed

743 3328 861 3364 rara
887 3312 1028 3380 apud
1066 3310 1337 3362 Barbaros
1371 3318 1424 3361 et
1471 3309 1733 3376 pleraque
1769 3322 2049 3374 nunquam
2091 3307 2225 3359 visa.
2260 3305 2319 3358 ιιι

744 3406 907 3474 igitur
939 3403 1199 3455 conclave
1245 3400 1528 3461 ingressus
1561 3400 1837 3451 sultanum
1870 3399 2127 3460 accersit,
2182 3413 2323 3450 nun-

2432 2212 2603 2264 πολλά
2633 2214 2728 2264 καὶ
2757 2212 2985 2284 λαμπρά
3032 2216 3095 2267 ἐκ
3126 2216 3235 2268 τῶν
3288 2217 3586 2286 βασιλικῶν
3633 2221 3928 2291 χρυσὼνων
3980 2227 4011 2277 δ

2428 2303 2722 2366 σουλτάνος
2779 2291 3243 2376 ἀπαρυσάμενος,
3303 2308 3390 2377 ἐφ’
3440 2307 3521 2370 οἷς
3578 2314 3673 2364 καὶ
3727 2313 4012 2385 ἐκθαμὸος

2424 2395 2716 2464 ἐγεγένητο
2749 2395 2846 2447 καὶ
2881 2396 3310 2465 διαπορούμενος
3355 2395 3423 2469 ἦν
3453 2403 3501 2452 εί
3541 2403 3637 2455 καὶ
3666 2403 3869 2473 ἑτέρων
3920 2423 4011 2459 τοο

2425 2486 2629 2540 σούτων
2654 2489 2713 2539 τὸ
2742 2486 2943 2556 πλῆθος
2964 2491 3054 2541 καὶ
3077 2490 3415 2559 τηλικούτων
3445 2493 3506 2545 τὸ
3527 2495 3756 2561 μέγεθος
3783 2496 4014 2567 εὐπορεῖ

2427 2577 2713 2647 βασιλεὺς,
2768 2581 2979 2649 χαίρων
3034 2582 3397 2647 ἐπανέζευξεν
3453 2584 3746 2655 ἔμφορτος.
3790 2588 3851 2641 Ὀ
3897 2590 4012 2659 γὰρ

2424 2670 2803 2739 αὐτοκράτωρ,
2822 2669 2981 2733 εἰδὼς
3010 2673 3109 2739 μὲν
3132 2673 3214 2727 ὅτι
3241 2674 3516 2745 βάρϐαρος
3538 2676 3684 2740 ἅπας
3705 2680 4012 2749 λημμάτων

2421 2762 2678 2831 ἥττηται,
2712 2764 3168 2848 λαμπρυνόμενος
3216 2766 3273 2819 δὲ
3329 2769 3564 2835 μάλιστα
3610 2771 3701 2823 καὶ
3736 2772 4011 2840 ἐκπλῆξαι

2423 2848 2595 2902 θέλων
2639 2851 2731 2901 τὸν
2789 2851 3241 2922 Κλιτζασθλάνην
3285 2858 3377 2909 ἐπὶ
3425 2861 3541 2919 τοῖς
3583 2860 4011 2925 πολυταλάντοις

2421 2939 2531 3017 τῶν
2584 2940 2876 3008 θησαυρῶν
2908 2937 2989 3004 οἷς
3039 2945 3071 3011 ἡ
3130 2943 3377 3013 βασιλεία
3433 2947 3726 3017 Ῥωμαίων
3778 2956 4009 3022 περιερ-

2434 3032 2607 3100 ρἑτο,
2644 3034 2701 3082 ἐν
2750 3032 2831 3083 ἐνὶ
2872 3032 2983 3084 τῶν
3040 3034 3181 3086 κατὰ
3233 3036 3295 3088 τὸ
3346 3038 3563 3106 ἀρχεῖον
3609 3041 4011 3111 λαμπροτάτων

2424 3122 2714 3191 ἀνδρώνων
2758 3124 2883 3191 ἑξῆς
2912 3124 3246 3193 διατέθεικεν
3293 3128 3394 3182 ὃσα
3421 3130 3593 3201 τούτῳ
3627 3136 4011 3203 παρασχέσθαι

2423 3210 2573 3281 δῶρα
2602 3212 2885 3280 προέθετο.
2914 3209 3021 3266 Ἦν
3048 3215 3101 3267 δέ
3130 3216 3301 3269 ταῦτα
3328 3221 3529 3287 χρυσός
3556 3238 3612 3273 τε
3646 3226 3739 3275 καὶ
3765 3226 4011 3294 ἄργυρτς

2424 3305 2770 3371 κεκομμένος
2818 3306 2901 3367 είς
2942 3308 3211 3376 νόμισμα,
3261 3312 3356 3361 καὶ
3388 3312 3646 3379 τρυφῶσα
3680 3315 3863 3386 ἐσθὴς,
3905 3319 4010 3385 ἀρ-

2425 3396 2600 3464 γύρεά
2646 3411 2705 3446 τε
2753 3397 3059 3463 ἐκπώματα
3114 3399 3210 3451 καὶ
3254 3399 3552 3469 Θηρίκλεια
3614 3405 3855 3473 χρύσεα,
3914 3409 4013 3461 καὶ

740 3464 871 3564 ὧήὸ
907 3510 973 3547 ex
1007 3508 1073 3545 eo
1107 3493 1361 3545 thesauro
1415 3490 1607 3543 donari
1660 3490 1764 3543 sibi
1810 3490 1942 3541 Vt'iil
1991 3498 2164 3558 rogat.
2217 3488 2324 3543 Re-
2350 3464 2427 3523 Ci

2323 3464 2394 3526 ac
2426 3486 2607 3538 ὀθόναι
2652 3486 2759 3539 τῶν
2815 3488 2873 3552 ἐξ
2914 3489 3267 3559 ὑπερηφάνου
3320 3464 3487 3561 ύφῆς,
3518 3464 3666 3547 ἀλ).ξὶ
3705 3512 3763 3547 τε
3811 3464 4010 3565 κόσμοι

744 3582 1047 3651 spondente.
1102 3581 1196 3634 illo
1246 3580 1297 3633 id
1350 3579 1453 3633 sibi
1490 3578 1607 3631 fore
1660 3588 1942 3646 acceptum
1996 3580 2140 3646 quod
2202 3578 2319 3647 ipse

742 3674 1002 3732 dedisset,
1065 3689 1258 3726 rursus
1311 3670 1711 3739 interrogabat,
1763 3668 1808 3723 si
1855 3684 1978 3722 eam
2033 3669 2320 3737 pecuniam

744 3766 799 3817 in
857 3764 1084 3816 militem
1145 3762 1508 3815 domesticum
1562 3768 1620 3812 et
1683 3767 1973 3812 externum
2028 3768 2314 3827 erogaret,

746 3872 875 3909 num
913 3857 1037 3923 quis
1067 3854 1305 3907 hostium
1340 3867 1501 3904 suum
1525 3852 1787 3920 impetum
1814 3849 2087 3903 sustinere
2112 3857 2317 3917 posset.

738 3946 876 4000 Cum
914 3962 1044 3999 vero
1094 3946 1185 3999 ille
1221 3960 1329 3997 non
1379 3945 1500 3997 sine
1548 3942 1913 3995 admiratione
1960 3940 2199 3993 dixisset
2238 3954 2319 4005 se,

744 4041 789 4091 si
850 4048 1060 4091 tantum
1122 4036 1369 4105 pecuniae
1428 4033 1734 4093 habuisset,
1790 4032 1903 4099 jam
1951 4031 2080 4083 olim
2135 4031 2322 4085 hostes

741 4144 935 4181 omnes
963 4128 1324 4181 subacturum
1367 4125 1579 4178 fuisse:
1621 4141 1639 4173 ι
1677 4122 1822 4182 Hice.
1864 4122 2047 4190 inquit
2083 4162 2098 4185 ,
2135 4121 2319 4175 omnia

744 4220 840 4273 tibi
893 4219 1061 4282 dono,
1114 4227 1174 4270 ut
1220 4226 1277 4269 et
1332 4214 1763 4269 munificentiam
1818 4228 1993 4267 meam
2048 4214 2219 4277 noris,
2266 4221 2322 4265 et

741 4311 965 4379 quantis
1012 4308 1212 4376 opibus
1258 4306 1462 4377 polleat
1501 4306 1547 4359 is
1583 4305 1677 4374 qui
1729 4305 1823 4358 uni
1869 4311 2083 4357 tantum
2128 4304 2319 4367 donat,

740 4401 1022 4469 oonjicias.
1038 4418 1056 4449 ι
1082 4399 1131 4452 Is
1159 4414 1289 4452 vero
1305 4408 1361 4451 et
1391 4398 1605 4451 laetatus
1623 4404 1680 4451 et
1707 4396 2121 4464 obstupefactus
2142 4403 2199 4448 et
2225 4408 2321 4463 pe.

739 4492 917 4544 cuniaa
938 4490 1236 4557 cupiditate
1258 4504 1435 4542 crocus
1455 4503 1512 4541 se
1528 4488 1843 4556 imperatori
1874 4486 2175 4541 Sebastiam
2195 4500 2319 4539 cum

739 4576 1059 4629 suburbano
1086 4592 1216 4644 agro
1258 4575 1602 4628 redditurum
1629 4576 1941 4643 pollicetur.
1975 4576 2091 4641 Qua
2120 4592 2177 4629 re
2210 4575 2318 4628 Ma-

746 4667 873 4719 nuel
895 4667 1094 4736 cupide
1124 4666 1283 4735 159
1302 4675 1548 4734 accepta,
1570 4681 1629 4720 se
1656 4667 1734 4719 illi
1757 4667 1878 4737 plus
1895 4666 2141 4735 pecunia:
2158 4667 2318 4721 datu-

742 4773 860 4809 rum
922 4759 1195 4825 promisit,
1224 4757 1312 4809 ubi
1344 4757 1505 4810 verba
1529 4757 1597 4811 ad
1626 4773 1742 4812 rem
1774 4759 2125 4813 contulisset.
2152 4758 2221 4813 Et
2259 4770 2319 4814 ut

746 4846 967 4898 Barbari
1005 4847 1428 4900 inconstantiam
1463 4856 1837 4902 anteverteret
1871 4857 1929 4901 et
1968 4849 2172 4902 ferrum
2207 4849 2320 4903 fer-

739 4957 876 4995 vens
914 4939 1094 4992 adhuc
1137 4954 1237 4991 suo
1290 4939 1559 4993 arbitratu
1604 4947 1851 4993 versaret
1895 4938 2133 4994 Gabram
2170 4939 2316 4994 Con-

740 5033 1041 5083 suintinnni
1083 5044 1206 5082 cum
1260 5029 1447 5081 multis
1490 5028 1614 5081 aliis
1658 5029 1978 5084 muneribus
2026 5040 2083 5085 et
2137 5030 2323 5084 omnis

743 5125 964 5191 generis
1002 5124 1171 5176 armis
1242 5122 1307 5174 ad
1352 5136 1478 5174 eum
1521 5121 1688 5174 misit.
1737 5119 1843 5175 Sed
1882 5121 2047 5176 homo
2078 5121 2237 5175 fallax
2268 5132 2325 5176 et

741 5214 867 5266 fidei
900 5209 1184 5265 servandae
1210 5210 1452 5277 ignarus,
1494 5224 1554 5263 ut
1589 5209 1833 5263 Iconium
1878 5212 2061 5274 rediit,
2093 5212 2323 5265 foederis

740 5302 943 5353 oblitus
1001 5298 1247 5353 Sebasua
1293 5308 1500 5351 vastata
1562 5308 1619 5350 et
1667 5298 1864 5353 vicinia
1919 5300 2038 5369 ejus
2094 5301 2321 5355 subacta

742 5406 1010 5444 summam
1046 5404 1227 5442 rerum
1264 5387 1330 5439 ad
1360 5404 1417 5441 se
1449 5389 1751 5452 transtulit,
1784 5399 1839 5443 et
1880 5390 2104 5444 Dadune
2142 5392 2322 5460 ejecto

742 5480 1097 5545 Caesareaque
1138 5484 1404 5544 occupata
1443 5476 1608 5529 etiam
1672 5476 1944 5545 reliquum
2002 5477 2320 5544 popularem

740 5565 1310 5636 suumJagupasanem
1333 5575 1579 5620 evertere.
1593 5578 1756 5635 atque
1776 5567 2026 5621 occidere
2044 5568 2321 5635 cupiebat.

740 5661 988 5724 Quicum
1021 5667 1073 5711 et
1104 5659 1216 5726 ipse
1247 5657 1486 5710 vicissim
1519 5658 1703 5724 copias
1731 5673 1860 5709 suas
1896 5668 2116 5725 cogeret
2146 5673 2316 5727 seque

744 5765 799 5813 ut
826 5762 1015 5805 contra
1046 5749 1425 5803 adversarium
1452 5750 1561 5817 jam
1602 5749 1804 5817 majore
1838 5748 2083 5817 potentia
2112 5750 2281 5817 prendi
2309 5782 2313 5785 λ

746 5857 859 5901 tum
888 5844 1207 5905 instrtteret,
1239 5841 1291 5894 in
1323 5842 1440 5910 ipso
1471 5840 1597 5893 belli
1632 5851 1896 5912 apparatu
1929 5842 2316 5910 exstinguitur.

2425 3575 2725 3644 ἐξαίρετοι,
2790 3575 3078 3644 Ῥωμαίοις
3140 3578 3238 3646 μὲν
3302 3583 3397 3631 καὶ
3454 3582 3599 3634 πάνυ
3660 3583 4000 3652 εὖπόριστοι.

2428 3668 2651 3720 σπάνιοι
2700 3666 2757 3718 δὲ
2814 3669 2962 3735 παρά
2996 3668 3302 3739 Βαρὸἀροις
3352 3672 3536 3736 αὐτοῖς
3579 3679 3674 3727 καὶ
3725 3663 4011 3731 τίπολλὰ

2427 3760 2565 3829 μηδέ
2619 3759 2823 3813 θεατοί.
2865 3759 3066 3812 Είσιὼν
3101 3758 3195 3813 οὖν
3241 3765 3270 3815 δ
3300 3763 3555 3832 βασιλεὺς
3598 3766 3687 3818 τὸν
3718 3767 4007 3835 ἀνδρῶνα,

2424 3854 2516 3902 καὶ
2570 3852 2664 3903 τὸν
2713 3850 3001 3903 σουλτάνον
3041 3853 3223 3905 ἐκεῖσε
3288 3855 3810 3925 μεταπεμψάμενος,
3844 3858 4015 3929 ἡρετο

2424 3942 2472 3993 εί
2522 3940 2834 4012 δωρηθῆναί
2885 3944 2934 3994 oi
2977 3943 3075 3995 τοῦ
3112 3946 3382 4014 παρόντος
3428 3946 3670 4015 βούλοιτο
3702 3948 4007 4021 θησαυροῦ.

2424 4034 2529 4085 Τοῦ
2554 4034 2612 4085 δὲ
2637 4034 2881 4095 εἰπόντος
2938 4034 3014 4095 ὡς
3042 4035 3275 4103 αἱρεῖται
3325 4038 3468 4099 ὅσοις
3494 4038 3658 4090 αὑτὸν
3689 4040 4011 4109 δωρήσηται

2426 4123 2702 4193 βασιλεὺς,
2726 4124 2879 4185 αὖθις
2905 4125 3185 4194 ἐπήγαγεν
3208 4127 3260 4176 εῐ
3280 4143 3365 4189 τις
3386 4128 3493 4178 τῶν
3520 4126 3832 4180 ἀντιπάλων
3869 4128 4011 4182 Ῥω-

2426 4217 2630 4287 μαίοις,
2659 4214 2828 4268 αὑτοῦ
2853 4215 3023 4268 ταῦτα
3052 4216 3438 4283 κενωσαμένου
3462 4218 3540 4278 εις
3564 4216 3772 4280 ξενικὸν
3798 4218 3892 4269 καὶ
3921 4218 4014 4270 ἔνο

2423 4302 2593 4355 δαπδν
2624 4303 2963 4371 στράτευμα,
2993 4303 3289 4370 ύπενέγκοι
3324 4304 3391 4356 ἂν
3418 4304 3557 4367 ὅλως
3585 4305 3683 4373 τὴν
3708 4307 3831 4357 κατ’
3856 4307 4013 4361 ἐκεί·

2423 4408 2513 4445 νου
2546 4393 2654 4444 τῶν
2702 4393 2991 4461 Ῥωμαίων
3035 4395 3235 4463 ὁρμήν.
3268 4393 3374 4446 Τοῦ
3427 4396 3486 4447 δὲ
3514 4396 3866 4463 ἀγασαμένου
3912 4397 4014 4450 καὶ

2422 4484 2670 4545 εἰπόντος
2713 4483 2812 4547 ὡς,
2844 4486 2891 4536 εί
2939 4484 3213 4547 δεσπόζων
3259 4480 3328 4555 ἦν
3358 4490 3630 4539 τοσούτων
3679 4489 4007 4557 χρημάτων,

2421 4573 2567 4645 εἶχεν
2608 4576 2672 4628 ἂν
2702 4577 2873 4627 παλαι
2902 4576 2960 4635 τὸ
2983 4574 3169 4644 κύκλῳ
3201 4576 3460 4644 πολέμιον
3488 4579 3565 4637 εἰς
3595 4577 3836 4643 ὑπήκοον
3858 4578 4011 4647 αὐτῷ

2424 4666 2815 4737 μεταθέμενος,
2869 4664 3302 4735 ιΦιλοτιμοῦμαί
3352 4683 3414 4719 σε
3471 4669 3584 4728 τοῖς
3634 4668 3766 4718 πᾶσι
3794 4705 3812 4729 ,
3868 4670 4011 4737 φησι

2424 4755 2698 4825 βασιλεὺς,
2735 4754 2820 4806 ἴνα
2864 4754 2956 4805 καὶ
2995 4754 3197 4822 τούμὸν
3241 4752 3439 4823 εἰδείης
3469 4753 3762 4824 φιλόδωρόν
3790 4771 3847 4806 τε
3886 4756 4009 4822 ἃμα

2425 4846 2518 4898 καὶ
2552 4844 2953 4913 μεγαλόδωρον,
2991 4843 3146 4901 ἀλλάἓ
3173 4845 3263 4895 καὶ
3301 4845 3442 4896 ὅσων
3481 4847 3599 4896 ἐστὶ
3648 4848 3837 4913 κύριος
3866 4862 4010 4915 χρη-

2423 4939 2615 5005 μάτων
2645 4938 2673 4987 ὁ
2704 4935 2971 4998 τοιούτοις
3011 4937 3105 4986 καὶ
3132 4935 3411 4997 τοσούτοις
3436 4936 3531 4988 ἕνα
3568 4936 3931 5006 δωρούμενος.
3983 4957 4006 4990 ι

2432 5023 2491 5079 '0
2509 5024 2564 5075 δὲ
2600 5023 2744 5093 ἥσθη
2778 5039 2836 5074 τε
2870 5023 2965 5075 καὶ
2997 5021 3188 5092 ἐξέστη
3213 5026 3280 5093 τῇ
3316 5023 3707 5092 ἀπομαγδαλιᾷ
3731 5024 3839 5075 τῶν
3869 5041 4013 5094 χρη-

2430 5113 2639 5182 μάτων,
2684 5112 3012 5178 τυφλώττων
3057 5114 3194 5182 πρὸς
3244 5113 3467 5182 κέρδος,
3510 5119 3603 5165 καὶ
3661 5113 3872 5182 βασιλεί
3909 5116 4011 5185 τὴν

2424 5204 2748 5258 Σεϐαστειαν
2772 5205 2864 5257 καὶ
2895 5205 2991 5274 τὴν
3021 5204 3223 5272 ταύτης
3253 5204 3439 5275 χώραν
3468 5208 3843 5276 παρασχέσθαι
3872 5227 4011 5261 κατ-

2430 5294 2818 5362 επηγγείλατο.
2869 5291 2926 5345 Ὀ
2956 5293 3216 5361 Μανουὴλ
3256 5293 3333 5357 δὲ,
3362 5292 3458 5361 τὴν
3482 5292 3776 5361 ὑπόσχεσιν
3803 5295 4012 5363 ταύτην

2425 5384 2684 5451 ἀσμένως
2740 5382 3070 5450 δεξάμενος,
3130 5384 3227 5433 καὶ
3290 5380 3452 5451 ἕτερα
3509 5381 3702 5433 δώσειν
3752 5383 4013 5447 ξυνέθετο

2424 5475 2704 5543 χρήματα,
2747 5476 2796 5526 εί
2842 5475 2967 5535 τοὺς
3016 5474 3205 5539 λόγους
3252 5474 3367 5533 τοῖς
3405 5472 3589 5541 ἔργοις
3638 5474 4007 5542 πιστώσηται.

2425 5568 2531 5617 Καὶ
2560 5567 2719 5628 αὐτὸς
2753 5567 2851 5633 μὲν
2883 5568 2981 5635 τὴν
3011 5564 3104 5617 τοῦ
3143 5563 3423 5634 βαρϐάρου
3460 5564 3789 5633 προφθάνων
3813 5564 4011 5634 ῥοπὴν,

2424 5660 2519 5710 καὶ
2545 5657 2646 5723 ἕως
2684 5658 2765 5707 ἔτι
2807 5657 2835 5707 ὁ
2871 5655 3087 5726 σίδηρος
3120 5656 3176 5705 ἐν
3223 5657 3412 5724 ἀκμῇ,
3450 5656 3655 5725 ἐνεργῷ
3695 5657 4010 5726 χρήσασθαι

2424 5751 2600 5820 τούτῳ
2657 5750 3002 5820 βουλόμενος,
3051 5749 3413 5817 διεπεπράχει
3460 5750 3537 5811 ὡς
3591 5753 3803 5818 εἰρηκει
3870 5753 4015 5817 μετὰ

2426 5844 2615 5912 καιρόν
2644 5860 2654 5870 ·
2701 5842 2915 5903 στείλας
2942 5841 3050 5912 γὰρ
3090 5842 3182 5893 τὸν
3223 5840 3442 5911 Γαϐρᾶν
3472 5842 3887 5897 Κωνσταντῖνον
3922 5844 4013 5906 ἐξ·
