4270 6374
196 418 303 479 £61

1191 412 1289 473 DE
1324 410 1690 474 MANUELE
1726 409 2086 474 COMNENO
2120 412 2269 474 LIB.
2316 413 2429 476 lli.

3338 413 3443 479 46!

201 529 459 597 ἐπεμψεν
505 526 654 597 αὐτῷ
698 526 1109 597 φιλοτιμήματα
1139 524 1273 580 ἄλλα
1306 525 1440 579 ἄττα
1469 525 1637 593 συχνὰ
1686 522 1778 576 καὶ
1809 532 1851 586 Α
1883 524 1887 576 1

1756 522 1778 573 ἱ
1809 532 1851 586 Α
1883 523 2135 578 Dadnnes
2193 537 2324 577 vero
2376 524 2604 578 Amasitc
2660 526 2951 594 satrapiam
3015 533 3074 580 ut
3129 540 3441 594 possessore

194 622 580 682 παντοδαποὺς
608 618 926 688 ὁπλισμούς.
967 619 1027 672 '0
1054 617 1109 671 δὲ
1137 610 1395 670 ἆπατεὼν
1420 614 1497 668 ὣν
1529 616 1621 668 καὶ
1656 615 1775 684 μηδ’

192 712 335 777 ὅλως
390 712 644 782 ἀλήθειαν
698 710 949 779 ἐγνωκώς
1005 726 1168 772 ποτε,
1227 708 1334 761 τῶν
1388 725 1444 760 τε
1494 707 1777 777 συνθηκῶν

196 806 500 859 ἐπελάθετο
528 804 780 859 ἀπελθὼν
802 807 882 864 είς
926 800 1166 865 Ἰκόνιον,
1193 802 1285 852 καὶ
1315 801 1412 869 τὴν
1451 801 1777 852 Σεεάστειαν

196 897 552 966 ἐκπορθήσας
583 897 675 949 καὶ
710 896 777 948 τὰ
808 894 901 947 ὑπ’
943 894 1113 961 αὐτὴν
1151 892 1558 961 χειρωσάμενος
1588 891 1777 955 γέγο.ε

192 991 310 1041 τῶν
343 989 481 1041 ὅλων
523 988 682 1048 αὐτὸς
714 986 1007 1056 ἐγκρατής.
1057 983 1275 1049 Ἐπειδὴ
1317 982 1373 1034 δὲ
1412 983 1507 1033 καὶ
1550 980 1641 1031 τὸν
1668 983 1776 1031 A1-

197 1080 399 1147 δούνην
435 1080 536 1147 τῆς
575 1078 785 1141 οἰκείας
836 1076 1015 1146 ἀρχῆς
1047 1073 1379 1143 παρέλυσεν,
1431 1074 1637 1124 ἐκεῖνον
1680 1070 1776 1140 μιν

197 1172 483 1239 δραπέτην
526 1171 621 1223 καὶ
665 1170 948 1238 πλανήτην
992 1166 1305 1236 εἰργάσατο,
1338 1164 1435 1229 τῆς
1474 1162 1530 1215 δὲ
1565 1164 1775 1213 Καισα-

200 1264 358 1332 ρείας
408 1262 569 1323 αὐτὸς
630 1260 928 1328 λαϐόμενος
974 1258 1067 1311 καὶ
1118 1258 1209 1310 τὸν
1256 1255 1441 1307 λοιπὸν
1478 1256 1777 1322 μετήρχττο

201 1353 501 1421 ξύμφυλον,
542 1352 634 1403 τὸν
680 1350 1105 1419 Ίαγουττασάνην
1145 1347 1309 1415 φημὶ,
1359 1348 1591 1413 νοσήσας
1641 1344 1776 1393 κάπὶ

196 1447 267 1513 τῇ
301 1444 497 1493 τούτου
528 1442 702 1511 ἔρωτα
729 1441 882 1511 χώρᾳ
909 1441 1001 1491 καὶ
1024 1438 1116 1490 τὸν
1144 1438 1311 1506 ἄνδρα
1341 1435 1508 1503 διψῶν
1544 1433 1752 1485 ἀνελεῖν

230 1537 272 1586 0
305 1535 364 1585 δὲ
400 1534 491 1584 καὶ
521 1533 680 1593 αὐτὸς
729 1534 791 1583 τὸ
821 1532 1024 1582 οίκεῐον
1056 1527 1372 1598 συγκροτῶν
1406 1526 1462 1577 ἐν
1496 1524 1571 1593 τῷ
1619 1525 1775 1592 μέρει

204 1628 592 1695 στρατόπεδον,
641 1625 731 1696 [Ρ.
763 1622 854 1695 80]
910 1624 1003 1676 καὶ
1037 1622 1112 1684 ὡς
1164 1621 1299 1689 πρὸς
1369 1617 1774 1683 ἀνταγωνιστὴν

202 1719 308 1786 ἤδη
364 1717 583 1785 μείζονα
634 1715 1098 1783 περιὸαλλόμενον
1152 1711 1382 1778 δύναμιν
1437 1706 1773 1777 παραταττό·

206 1827 406 1879 μενος,
455 1810 646 1877 φθάνει
692 1808 907 1875 θανάτῳ
962 1806 1061 1873 τὴν
1118 1801 1428 1872 προθυμίαν
1474 1799 1772 1860 διακοπείς.

200 1904 477 1971 Δαδούνης
506 1903 560 1954 δὲ
588 1902 661 1964 ὡς
686 1902 764 1963 εἰς
796 1901 1010 1968 ὲρήμην
1035 1897 1296 1949 δυνάστου
1319 1895 1415 1961 τὴν
1448 1891 1555 1943 τῶν
1590 1891 1773 1958 ’Δμα-

205 2000 347 2051 σέων
384 1996 723 2065 σατραπείαν
749 1989 1047 2061 παρεισιὼν
1073 1988 1281 2040 ἐκεῖθέν
1304 2002 1361 2038 τε
1384 1983 1771 2050 ἀποκρούεται,

208 2092 303 2142 καὶ
334 2092 403 2158 τῇ
433 2086 905 2157 μεταπεμψαμένη
934 2083 1119 2135 τοῦτον
1143 2082 1209 2149 τῇ
1238 2078 1330 2130 τοῦ
1375 2075 1771 2143 Ἰαγουττασάνη

206 2182 449 2248 συνεύνῳ
490 2180 719 2231 Θανάτου
771 2178 939 2236 αίτιος
979 2174 1221 2240 γίνεται·
1250 2171 1297 2223 οξ
1349 2172 1455 2236 γαρ
1514 2168 1775 2235 ’Δμασείς

206 2273 610 2333 ἐπαναστάντες
646 2272 814 2337 αὐτήν
855 2285 915 2319 τε
951 2266 1025 2328 ὡς
1054 2263 1229 2333 λάθρα
1256 2262 1334 2331 τῷ
1358 2260 1593 2330 Δαδούνῃ
1638 2276 1775 2327 μνη-

207 2366 508 2416 στεύουοαν
555 2365 651 2432 τὴν
690 2363 863 2431 ἀρχὴν
910 2358 1188 2427 ἠμύναντο
1240 2354 1500 2421 τελευτῇ,
1540 2354 1635 2404 καὶ
1669 2356 1743 2403 Δα

204 2460 399 2527 δούνην
450 2457 803 2523 άδοξήσαντες
859 2453 1093 2520 ἄρχοντα
1162 2445 1380 2515 μακρὰν
1430 2443 1775 2498 ἀπεώσαντο.

220 2550 364 2603 Ἀλλ’
393 2550 514 2615 οὐχὶ
550 2550 643 2598 καὶ
688 2545 778 2596 τοῦ
814 2540 1191 2603 Κλιτζασθλᾶν
1219 2538 1508 2605 γεγόνασιν
1560 2537 1779 2605 ίσχυρό-

205 2652 377 2712 τεροι,
405 2639 518 2692 ἀλλ’
543 2632 694 2699 οὗτος
720 2634 901 2688 αὐτῶν
928 2634 1113 2699 φανεὶς
1140 2630 1526 2698 δυνατώτερος,
1560 2630 1631 2688 ὡς
1664 2625 1775 2695 εἷχε

206 2736 405 2803 πρώην
447 2727 861 2787 Καππαδοκίαν,
910 2723 1052 2774 οὕτω
1083 2722 1178 2774 καὶ
1231 2721 1526 2788 Ἀμάσείαν
1556 2720 1777 2786 εἴληφεν

208 2825 459 2891 ὕστερον,
488 2820 635 2887 ὀξείᾳ
664 2816 757 2867 καὶ
785 2814 1031 2881 ἐπιτυχεῖ
1057 2812 1193 2878 τύχῃ
1222 2810 1357 2878 πρὸς
1381 2809 1447 2859 τὰ
1478 2808 1777 2875 πράγματα

205 2916 509 2987 χρώμενος,
562 2911 847 2980 ἄνθρωπος
895 2909 994 2957 οὐκ
1030 2905 1233 2972 εὐφυὴς
1276 2903 1373 2968 τὴν
1411 2902 1656 2969 διαρτίαν
1684 2900 1776 2950 τοῦ

208 3006 488 3072 σώματος,
521 3001 632 3054 ἀλλ’
664 2996 1185 3067 ὴκρωτηριασμένος
1220 2995 1277 3043 ἐν
1310 2992 1407 3042 οὐκ
1437 2990 1636 3055 ὀλίγοις
1669 2989 1778 3038 τῶν

210 3098 441 3167 καιρίων
488 3093 683 3164 μελῶν.
729 3092 933 3143 Αὐτίκα
973 3090 1080 3154 γάρ
1116 3086 1171 3137 αί
1204 3086 1382 3154 χεῖρες
1412 3082 1583 3149 τούτῳ
1617 3080 1766 3147 ἐξήρ-

211 3190 422 3258 θρωντο
452 3187 541 3237 καὶ⁵
557 3183 633 3236 τὼ
660 3184 783 3235 πόδε
817 3180 1181 3240 ὑποσκάζοντε
1206 3174 1366 3245 ἦσαν,
1389 3174 1485 3227 καὶ
1508 3176 1575 3224 τά
1607 3172 1778 3225 πολλα

210 3283 297 3347 ἐφ’
342 3278 673 3349 ἁρμαμάξης
729 3277 825 3343 τὴν
859 3273 1080 3342 πορείαν
1125 3269 1407 3337 πεποίητο.
1468 3265 1631 3318 Ὅθεν
1680 3267 1773 3315 καὶ

207 3373 309 3428 τας
363 3373 536 3437 ἀρχας
587 3369 693 3418 τῶν
735 3364 855 3417 κατ’
900 3362 1062 3415 αὑτοῦ
1112 3361 1461 3428 σκωμμάτων
1508 3355 1567 3420 ἐξ
1609 3355 1773 3407 αὑτοῦ

207 3464 276 3531 δὴ
341 3458 675 3530 Ἀνδρόνικος
705 3457 954 3507 ἐσέπειτα
1004 3452 1357 3521 ποριζόμενος
1395 3444 1776 3507 Κουτζασθλάο

208 3570 308 3621 νην
349 3553 462 3622 (δὲ)
516 3551 702 3601 τοῦτον
752 3548 1003 3614 ὠνόμαζε
1029 3585 1044 3607 ,
1084 3542 1450 3611 φιλολοίδορος
1503 3538 1577 3588 ὢν
1620 3542 1774 3605 ειπερ

207 3659 296 3705 τις
342 3641 530 3703 ἄλλος,
580 3639 672 3690 καὶ
719 3634 1063 3702 καθάψασθαι
1106 3631 1408 3699 ανθρώπων
1451 3626 1773 3688 δεινότατος,

210 3734 305 3783 καὶ
346 3733 522 3795 λόγοι,
564 3728 881 3796 Κερκώπων
920 3724 1143 3783 ἁπαλοῖς
1187 3723 1298 3781 τοῖς
1343 3720 1404 3771 οὑ
1452 3718 1632 3779 καλῶς
1682 3732 1779 3767 πε-

210 3822 550 3894 πραγμένοις
579 3820 685 3871 τῶν
724 3818 900 3886 ἔργων
952 3815 984 3885 ἢ
1020 3818 1129 3876 τοίς
1157 3812 1335 3881 αὴδῶς
1375 3809 1469 3862 τοῦ
1528 3809 1779 3875 σώματος

211 3914 396 3983 ἔχουσι
455 3911 641 3979 μῶμον
688 3906 1124 3977 προστρίψασθαι
1185 3902 1535 3963 ἱκανώτατος.
1588 3900 1646 3952 Ὀ
1679 3902 1778 3970 μὲν

210 4004 308 4057 οὖν
342 4006 522 4062 ὁποῖος
549 4002 613 4053 ἂν
669 4000 762 4052 καὶ
806 3994 872 4066 ἧν
922 3996 1018 4065 τὴν
1049 3996 1246 4046 πλάσιν
1268 3993 1359 4045 τοῦ
1406 3992 1678 4059 σώματος,
1708 4020 1780 4031 ——

212 4094 325 4165 εἶχε
357 4097 413 4148 δὲ
439 4095 513 4158 ὡς
555 4094 737 4155 αὑτὸν,
774 4087 950 4158 οἶμαι,
1004 4090 1038 4157 ἡ
1078 4087 1349 4155 πλάστρια
1379 4084 1538 4153 φύσις
1576 4084 1781 4137 ὲπαλαο

215 4191 430 4258 μήσατο
451 4226 465 4248 ,
496 4215 565 4227 ——
597 4184 843 4252 μεγάλην
887 4180 1060 4249 ἀρχὴν
1114 4176 1343 4245 εἰληχὼς
1385 4180 1477 4228 καὶ
1510 4176 1780 4237 τοσαύτας

211 4282 472 4348 δυνάμεις
514 4274 941 4346 περιϐαλόμενος
974 4273 1071 4341 οὐχ
1111 4270 1282 4320 εἷλε-ο
1324 4265 1567 4319 ἐντεῦθεν
1603 4265 1780 4334 βίοτον

210 4373 445 4441 ἧρεμον,
498 4368 632 4421 άλλά
664 4365 823 4433 φύσει
865 4361 1183 4431 ταραχώδης
1222 4357 1297 4410 ὢν
1340 4360 1435 4410 καὶ
1477 4358 1783 4411 διαταστό.

215 4479 406 4532 ρεστος
465 4458 653 4526 ὥσπερ
705 4474 787 4517 τις
845 4456 1040 4514 κόλπος
1101 4453 1415 4512 θαλάττιος,
1481 4448 1778 4516 Ῥωμαίοις

1879 630 2102 668 vacuam
2152 616 2288 669 clam
2340 616 2653 685 ingressus,
2706 627 2762 672 et
2816 633 3008 672 rursus
3056 618 3183 673 inde
3212 620 3442 684 eiectus,

1876 706 2235 775 Jagtlpasanis
2287 709 2466 772 uwri,
2496 723 2549 766 ,a
2587 724 2693 778 qua
2750 696 3055 764 accersitus
3098 720 3237 775 erat,
3280 726 3445 766 causa

1880 798 2073 851 mortis
2118 798 2344 851 exstitit.
2387 798 2638 852 Amaseni
2682 800 2828 853 enim
2888 816 3009 855 eam
3047 809 3107 853 ut
3148 801 3440 870 imperium

1884 888 2041 957 160
2080 888 2288 942 Daduni
2329 890 2466 942 clam
2507 890 2923 943 conciliaturam
2972 906 3069 960 per
3115 891 3441 945 seditionem

1878 982 2197 1033 occiderunt
2228 998 2241 1045 ;
2278 991 2331 1033 et
2359 982 2659 1046 Dadunem,
2692 999 2854 1052 quem
2887 985 3191 1055 principem
3228 1002 3450 1040 aversa-

1879 1074 2100 1130 bantur.
2142 1072 2299 1141 longe
2342 1073 2643 1140 ejecerunt.
2687 1074 2793 1128 Sed
2823 1074 3211 1143 Clizasthlanis
3245 1077 3446 1145 opibus

1881 1162 2136 1215 resistere
2159 1178 2265 1215 non
2301 1174 2620 1231 potuerunt,
2648 1167 2803 1235 quin,
2830 1175 2889 1219 ut
2909 1167 3020 1234 jam
3046 1167 3441 1236 Cappadociam

1881 1256 2121 1317 tenebat,
2165 1256 2243 1309 sic
2287 1255 2486 1310 deinde
2536 1260 2803 1312 Amasiam
2861 1273 3079 1327 quoque
3126 1268 3442 1329 occuparet,

1879 1342 2042 1395 homo
2084 1358 2355 1413 prosperae
2400 1344 2634 1397 fortuna:
2681 1346 2810 1400 flatu
2858 1348 2913 1400 in
2972 1347 3139 1401 rebus
3183 1349 3445 1403 celeriter

1878 1434 2232 1491 conﬁciendis
2269 1443 2445 1500 utens,
2484 1437 2735 1503 quamvis
2758 1452 2988 1507 corpore
3013 1452 3207 1507 parum
3235 1438 3449 1509 integro

1876 1532 1932 1577 et
1963 1522 2210 1589 pluribus
2260 1525 2549 1591 praecipuis
2592 1526 2854 1579 membris
2899 1524 3147 1581 mutilato
3176 1547 3188 1581 :
3222 1544 3349 1581 nam
3391 1538 3450 1583 et

1876 1607 2093 1660 articuli
2123 1623 2379 1661 manuum
2412 1610 2533 1663 elisi
2558 1621 2717 1664 erant
2757 1622 2813 1666 ct
2845 1613 3013 1681 pedes
3038 1616 3445 1680 claudicabant,

1877 1708 1931 1751 et
1950 1708 2143 1753 cetera
2166 1700 2247 1754 sic
2263 1702 2491 1755 allectus
2514 1712 2633 1757 erat
2665 1711 2724 1757 ut
2759 1705 3261 1775 plerumqueeurru
3279 1707 3450 1770 vehe-

1877 1798 2047 1843 retur.
2089 1790 2300 1857 Quibus
2344 1792 2411 1847 de
2441 1794 2622 1848 causis
2666 1795 3047 1857 Andronicus,
3087 1798 3249 1851 homo
3300 1798 3450 1852 dica-

1882 1882 2133 1936 cissimus
2154 1894 2209 1938 et
2239 1885 2531 1938 cavillandi
2567 1886 2649 1939 vel
2688 1888 2854 1941 animi
2914 1890 2997 1942 vel
3036 1890 3280 1958 corporis
3321 1890 3449 1947 vitia

1881 1977 2267 2045 peritissimus.
2289 1978 2708 2036 Cuzasthlanem
2734 1983 2888 2036 illum
2906 1985 3235 2053 appellabat.
3255 1985 3451 2051 Quam-

1881 2070 1963 2123 vis
1990 2081 2171 2123 autem
2205 2071 2297 2124 tali
2333 2087 2562 2141 corpore
2593 2090 2621 2127 a
2652 2084 2844 2129 natura
2871 2077 3230 2141 deformatus,
3266 2087 3448 2135 tamen

1881 2175 2135 2227 magnum
2202 2163 2432 2228 adeptus
2494 2164 2782 2232 imperium
2853 2168 3130 2237 tantisque
3202 2170 3450 2223 munitus

1882 2254 2056 2323 copiis
2090 2256 2205 2307 otio
2236 2265 2439 2323 spreto,
2484 2258 2687 2325 quippe
2724 2258 3039 2312 turbulento
3062 2270 3118 2315 et
3148 2260 3446 2315 insatiabili

1881 2348 2141 2417 pragditus
2201 2348 2455 2419 ingenio,
2525 2350 2798 2403 Romanos
2866 2351 2960 2404 ubi
3043 2362 3275 2420 poterat,
3339 2369 3448 2411 non

1884 2440 2089 2494 indicto
2139 2440 2304 2506 bello,
2345 2440 2489 2493 nulla
2524 2441 2591 2494 de
2635 2457 2797 2495 causa
2839 2441 3040 2495 violato
3073 2443 3301 2507 findere,
3354 2446 3450 2499 sed

1886 2541 2091 2585 tantum
2117 2534 2246 2601 quia
2286 2533 2357 2586 ita
2388 2532 2604 2585 libitum
2647 2542 2788 2596 erat,
2826 2535 3059 2588 vexabat
3091 2546 3255 2606 atque
3277 2554 3453 2606 oppu—

1882 2625 2099 2693 gnabat.
2144 2625 2252 2677 Nec
2286 2626 2398 2693 ipsa
2430 2624 2675 2679 Melitina
2714 2625 3019 2680 abstinuit:
3061 2629 3155 2682 sed
3196 2629 3453 2685 facultate

1886 2717 2029 2769 illius
2063 2718 2373 2770 evertenda:
2405 2728 2707 2785 perspecta,
2738 2733 2861 2771 eum
2904 2720 3109 2773 nullam
3142 2720 3211 2773 ab
3255 2722 3450 2776 Amera

1883 2810 2136 2877 iniuriam
2164 2810 2483 2877 accepisset,
2524 2824 2745 2863 causam
2791 2811 3140 2879 impudenter
3166 2828 3452 2867 commcn-

1886 2907 1971 2950 tus
2022 2898 2173 2967 161
2222 2900 2370 2951 illum
2393 2914 2634 2967 quoque,
2674 2901 2808 2953 nihil
2850 2901 3097 2954 callidem
3134 2903 3450 2972 religionem

1886 2991 2110 3053 veritus,
2138 3006 2300 3057 regno
2327 2992 2554 3057 expulit.
2571 2991 2776 3044 Deinde
2807 2991 3025 3045 fratrem
3053 3010 3270 3064 quoque
3293 3011 3452 3051 suum

1885 3079 2075 3133 fraude
2124 3082 2557 3135 circumventum
2618 3084 2672 3135 in
2732 3084 2988 3137 exsilium
3048 3086 3179 3153 egit.
3226 3086 3451 3143 Exsules

1808 3202 1847 3255 ε
1884 3188 2076 3226 omnes
2110 3174 2175 3226 ad
2226 3173 2608 3241 imperatorem
2661 3189 2718 3226 se
2764 3177 3069 3228 contulere.
3108 3179 3289 3247 Atque
3338 3179 3453 3235 haec

1882 3266 2156 3333 posterius
2224 3264 2566 3317 acciderunt.
2632 3264 2738 3316 Sed
2807 3273 2923 3317 tum
2983 3275 3141 3319 aucta
3203 3271 3448 3335 potentia

1879 3356 2262 3409 verecundiam
2303 3354 2649 3423 imperatoris
2693 3356 2948 3424 deposuit
2981 3374 2995 3421 ;
3039 3368 3093 3411 et
3125 3373 3230 3427 qua
3261 3360 3455 3416 obser-

1880 3450 2060 3498 vantia
2110 3461 2235 3498 eum
2275 3448 2613 3515 temporibus
2664 3448 2939 3502 adductus
2983 3450 3249 3514 coluerat,
3297 3468 3448 3507 3.1m-

1879 3538 2002 3589 dem
2048 3537 2118 3589 ab
2166 3539 2493 3605 imperatore
2548 3540 2883 3607 postulabat,
2942 3540 3230 3596 barbarica
3290 3544 3451 3612 plane

1883 3627 2267 3681 inconstantia.
2324 3629 2456 3682 Nam
2519 3638 2579 3683 ut
2632 3633 2964 3685 necessitate
3020 3645 3248 3702 urgente
3311 3636 3457 3691 ultra

1880 3718 2142 3773 decorum
2170 3735 2227 3774 se
2265 3720 2581 3782 demiserat,
2619 3724 2690 3776 ita
2742 3727 2910 3776 rebus
2938 3727 3196 3778 secundis
3246 3727 3455 3781 insole-

1881 3812 2087 3873 scebat,
2132 3812 2316 3864 animo
2340 3827 2445 3865 una
2475 3828 2599 3866 eum
2620 3812 2837 3865 fortuna
2861 3823 3089 3866 mutato.
3115 3814 3320 3868 Tamen
3347 3816 3453 3869 ali-

1882 3902 2101 3971 quando
2126 3902 2505 3971 imperatorem
2527 3904 2921 3971 venerabatur;
2952 3914 3008 3959 et
3046 3921 3170 3961 cum
3215 3908 3453 3964 belluatn

1883 3997 2066 4063 potius
2086 4005 2268 4064 ageret
2303 4012 2465 4067 quam
2502 3996 2695 4062 lilium,
2728 4002 2901 4065 patris
2943 3998 3018 4052 εΙΙί
3058 4000 3320 4052 honorem
3361 4001 3459 4053 tri-

1882 4085 2084 4138 buebat
2123 4095 2178 4139 et
2224 4086 2318 4138 filii
2361 4086 2602 4155 adoptivi
2663 4101 3083 4157 cognomentum
3134 4089 3362 4143 ferebat.
3397 4089 3459 4145 In

1884 4177 2086 4231 litteris
2118 4177 2339 4245 quidem
2372 4188 2525 4245 pater
2554 4178 2870 4246 imperator,
2905 4189 2965 4233 et
3011 4181 3263 4236 snltanus
3311 4181 3458 4235 filius

1882 4269 2294 4325 scribebantur.
2316 4269 2425 4323 Nec
2458 4278 2635 4323 tamen
2662 4271 2743 4323 hae
2760 4272 3154 4338 appellationes
3186 4273 3456 4326 sinceram

1884 4363 2027 4417 inter
2056 4377 2151 4416 eos
2186 4361 2480 4415 amicitiam
2505 4362 2871 4415 conciliabant
2896 4371 2990 4415 aut
3035 4372 3189 4430 pacta
3231 4373 3288 4417 et
3319 4377 3458 4417 con-

1884 4462 2042 4505 venta
2066 4452 2433 4506 stabiliebant.
2462 4452 2594 4505 Nam
2637 4451 2727 4505 ille
2750 4452 2937 4506 instar
2985 4454 3313 4508 exundantis
3346 4461 3462 4508 tor-

215 4555 315 4624 μὲν
374 4554 434 4602 ἐν
479 4545 559 4612 οἷς
613 4544 728 4616 εἶχε
776 4547 970 4597 λυπεῖν
1022 4541 1299 4610 ἀκηρυκτὶ
1358 4540 1637 4609 διεφέρετο
1683 4540 1782 4591 καὶ
1812 4533 1901 4594 Dr

1773 4556 1782 4591 ι
1812 4533 1858 4589 D
1888 4545 2059 4599 rentis
2086 4555 2179 4598 aut
2201 4545 2459 4599 draconis
2483 4560 2692 4597 veneno
2724 4546 2989 4613 turgentis
3008 4586 3024 4611 ,
3049 4548 3204 4600 obvia
3228 4562 3459 4618 queque

212 4641 548 4710 ἀνέγκλητον
576 4639 831 4699 πολλάκις
870 4636 1041 4704 ἐπῆγε
1069 4636 1159 4685 τὸν
1196 4634 1450 4702 πόλεμον,
1480 4633 1577 4683 σὺν
1606 4632 1781 4683 οὐδενί⁵

212 4735 361 4801 λόγῳ
390 4736 567 4799 θεσμά
596 4730 977 4797 παρατρέχων,
1008 4727 1100 4777 καὶ
1128 4725 1372 4793 συγχέων
1402 4724 1501 4793 μὲν
1529 4724 1780 4786 σπονδάς,

212 4827 279 4893 τῇ
321 4823 498 4890 οἰκεία
536 4822 580 4873 δ’
620 4823 801 4889 ἐφέσει
843 4817 1182 4870 ταλαντεύων
1219 4818 1280 4867 τὸ
1310 4814 1779 4886 πραχθησόμενον.

216 4916 345 4968 Οὐδ’
372 4914 543 4982 αὐτῆς
572 4909 662 4965 οὖν
708 4912 978 4979 ἀπέσχετο
1010 4908 1107 4976 τῆς
1146 4908 1475 4977 Μελιτηνῆς,
1515 4907 1647 4958 ἀλλά
1689 4907 1784 4957 καὶ

214 5007 306 5057 τὸν
334 5004 536 5070 ταύτης
570 5006 703 5073 ἔχων
735 4996 981 5053 καθελεῖν
1012 5000 1256 5068 ἁμηρᾶν,
1287 5000 1421 5067 μηδὲ
1446 5000 1505 5049 τὸ
1529 4998 1623 5065 τῆς
1654 4997 1785 5068 θρη-

218 5098 405 5159 σκείας
437 5096 633 5147 ταυτὸν
656 5094 1007 5161 ὑπειδόμενος
1036 5092 1068 5161 ἢ
1093 5092 1151 5142 τὸ
1184 5090 1349 5160 μηδὲν
1370 5090 1513 5160 ἔχειν
1545 5090 1783 5155 ἐπεγκαο

214 5192 330 5240 ὶεῐν
361 5187 609 5253 ἀλγεινὸν
643 5188 720 5253 τῷ
765 5185 1074 5254 ἀνθρώπῳ,
1124 5184 1282 5244 αὐτὸς
1331 5180 1784 5244 ἀνεπικαλύπτως

217 5282 401 5332 αἰτίαν
459 5278 802 5347 πλασάμενος
851 5281 943 5329 καὶ
990 5273 1339 5344 γραψάμενος
1367 5272 1575 5325 ικείθεν
1626 5274 1792 5325 αὑτὸν

216 5372 505 5439 ἐξήλασεν.
552 5371 780 5423 Ἔπειτα
823 5370 917 5421 καὶ
962 5368 1053 5421 τὸν
1093 5370 1292 5420 οἰκεῖον
1329 5365 1589 5435 ὑφέρπων
1638 5365 1794 5415 κασί-

216 5479 416 5529 ⁸ένητον
455 5465 797 5532 μετανάστην
828 5463 1078 5517 κάκεῖνον
1125 5459 1295 5511 ἔθετο.
1338 5457 1403 5509 Ol
1450 5455 1507 5508 δὲ
1557 5454 1793 5522 φυγάδες

1891 4638 2167 4690 inficiehat
2208 4644 2262 4690 et
2298 4636 2628 4705 abripiebat,
2678 4638 2953 4705 multaque
3023 4648 3209 4693 nostra
3260 4639 3460 4709 oppida

1892 4728 2207 4789 devorabat,
2233 4729 2599 4795 improbitatis
2632 4742 2743 4781 sua:
2766 4729 2917 4782 virus
2952 4730 3462 4799 expuendoJmpe-

1893 4829 2050 4872 rator
2078 4835 2205 4872 vero
2233 4820 2347 4872 vias
2382 4819 2457 4872 illi
2500 4820 2634 4873 alias
2670 4820 2889 4874 invictis
2942 4821 3299 4885 exercitibus,
3324 4822 3460 4876 alias

1891 4926 2027 4964 auro
2051 4911 2393 4975 obstruebat,
2427 4912 2584 4982 162
2618 4921 2672 4965 et
2705 4913 2983 4965 incitatam
3022 4913 3262 4967 hominis
3301 4915 3461 4983 cupi-

1890 5003 2114 5056 ditatem
2138 5003 2203 5055 ad
2238 5018 2423 5070 pacem
2445 5004 2714 5057 ﬂectebat.
2738 5003 3046 5071 Aliquando
3061 5004 3227 5057 etiam
3250 5002 3461 5057 'l‘urcos

1892 5094 1946 5147 in
1978 5093 2346 5146 Romanorum
2380 5092 2515 5146 lines
2561 5091 2767 5147 eﬂ'usos
2801 5108 3155 5160 repressurus
3193 5093 3462 5161 Pentapo-

1890 5184 2091 5238 litanos
2144 5183 2483 5246 invadit;ac
2529 5182 2712 5236 Persis
2757 5196 2859 5235 nec
2912 5181 2978 5234 ad
3027 5195 3223 5235 manus
3268 5182 3462 5236 venire

1894 5274 2063 5336 ausis,
2106 5273 2289 5325 multis
2328 5273 2577 5340 captivis,
2620 5273 2804 5325 multis
2850 5272 3145 5341 pecoribus
3186 5272 3458 5336 abductis,

1896 5363 2241 5431 triumphans
2264 5365 2456 5416 urbem
2482 5362 2806 5431 ingreditur.
2835 5363 2913 5416 Eo
2937 5374 3184 5432 tempore
3212 5361 3463 5431 Solymas

1913 5468 2202 5521 procerum
2264 5454 2463 5507 sultani
2532 5456 2827 5524 princeps,
2893 5454 3057 5508 homo
3116 5453 3349 5508 callidus
3404 5458 3462 5507 et

1506 5621 1677 5681 Hier.
1723 5617 1928 5680 Wolfii
1973 5624 2162 5679 notas.

290 5757 402 5821 (32)
450 5752 963 5818 Κονντζασθλάνην.
996 5749 1276 5820 Signiﬁcat
1302 5750 1446 5804 hami
1488 5748 1658 5821 dubie
1686 5762 1790 5821 vox
1830 5744 1943 5799 hare
1973 5766 1976 5795 ρ

1781 5763 1790 5799 t
1830 5744 1943 5799 hare
1973 5743 2202 5812 aliquid,
2229 5753 2286 5797 nt
2309 5753 2363 5795 et
2399 5740 2800 5811 μούρτζουφ).ος
2824 5758 2837 5772 ·
2866 5741 2961 5795 sed
3022 5740 3258 5811 scriptor
3322 5741 3467 5798 hanc

220 5832 340 5880 aliis
379 5818 535 5895 inque
566 5841 627 5878 ac
659 5824 759 5877 sibi
785 5833 967 5876 notam
996 5818 1120 5876 esse
1152 5828 1302 5875 ratus
1333 5836 1439 5874 non
1469 5818 1787 5873 declaravit.
