4272 6356
1234 395 1330 452 DE
1373 398 1745 458 MANUELE
1782 400 2149 465 COMNENO
2194 408 2343 470 LIB.
2390 410 2488 471 IV.

3409 414 3518 480 ιτι

243 491 452 545 πλάνου
475 490 668 547 τοῦτον
691 494 1131 563 ἐναγκαλίζεται,
1166 508 1285 553 καθ’
1307 504 1381 555 ὃν.
1418 516 1491 564 ως
1522 510 1680 576 ἔφην,
1708 529 1822 563 και·
1850 546 1863 572 Α

1871 518 1895 571 λ
1926 515 2122 571 Istrum
2181 522 2493 588 provincias
2530 522 2953 591 populabantur,
2987 524 3248 579 Micliaele
3279 536 3518 596 utroque

242 588 337 657 ρον
364 589 415 642 οί
450 591 683 652 Παίονες
714 592 813 667 τὰς
843 593 1078 655 σπονδὰς
1118 595 1283 663 ἁθετή
1298 617 1485 654 παντες
1527 602 1619 671 τὴν
1660 608 1825 674 παρί-

150 748 151 751 η
242 696 430 749 στριον
479 682 767 753 Ῥωμαίων
803 687 1136 759 κατέτρεχον
1166 696 1543 763 ἐπικράτειαν.
1599 697 1821 764 Συμϐαο

240 770 428 835 λόντες
464 772 523 826 δὲ
564 775 793 839 καὶτοῖς
820 785 1153 851 στρατηγοῖς
1182 786 1260 851 τις)
1292 803 1348 836 τε
1380 787 1568 855 Γαϐρᾴ
1606 788 1827 855 Μιχαὴλ

241 865 443 933 καὶτῷ
472 865 655 936 Βρανᾷ
678 870 921 939 Μιχαὴλ,
971 877 1115 926 κατὰ
1160 877 1361 942 κράτος
1408 881 1633 939 τούτους
1668 880 1824 947 ἐτρέ-

239 956 418 1025 ψαντο
446 961 542 1012 καὶ
592 961 745 1015 λείαν
779 964 859 1016 ὃτι
894 966 1156 1036 πλείστην
1188 969 1415 1036 ἠλασαν.
1450 966 1557 1022 'llv
1588 974 1642 1023 δὲ
1675 976 1701 1023 ό
1726 974 1827 1025 Γαα

241 1045 385 1114 ϐρᾶς
416 1041 574 1112 οὗτος
630 1053 827 1107 νεωστὶ
875 1054 1047 1117 Θύσας
1081 1059 1150 1110 τά
1179 1061 1514 1127 γαμοδαίσια
1560 1063 1698 1129 μετὰ
1731 1062 1829 1128 τῆς

239 1137 544 1207 Κομνηνῆς
580 1140 863 1207 Εὑδοκίας,
981 1145 1327 1215 Ἀνδρόνικος
1362 1150 1722 1219 ἐπλησίαζεν,
1751 1153 1826 1213 ὠς

239 1230 342 1300 ἠδη
418 1231 726 1299 φθάσαντες
814 1236 1188 1306 ἐδηλώσαμεν.
1253 1242 1461 1293 Οὐκοῦν
1549 1245 1642 1295 καὶ
1720 1244 1831 1295 τῶν

240 1328 567 1393 κροσγενῶν
622 1329 883 1392 Εὐδοκίας
917 1336 1180 1401 συνιστᾷν
1213 1335 1375 1385 αὐτὸν
1437 1336 1701 1387 θελόντων
1750 1338 1830 1407 τῷ

241 1420 641 1489 αὐτοκράτορι.
679 1423 846 1486 πολὺς
874 1419 942 1493 ἦν
970 1425 1065 1478 ἐπὶ
1102 1425 1370 1494 βασιλέως
1398 1431 1425 1479 ὁ
1455 1428 1645 1480 τούτου
1703 1433 1831 1496 κρό-

237 1528 331 1572 τος
370 1513 467 1565 καὶ
499 1513 744 1575 ἔπαινος,
781 1516 875 1568 καὶ
903 1519 1235 1586 ἐρρωμένως
1282 1522 1444 1573 αὑτὸν
1493 1524 1547 1572 iv
1581 1527 1643 1589 τῆ
1686 1526 1830 1576 κατά

239 1603 354 1655 τῶν
399 1604 618 1657 Οῦννων
656 1607 809 1677 μάχῃ
839 1607 1272 1677 διαγωνίσασθαι
1325 1613 1687 1681 ἰσχυρίζοντο,
1737 1616 1831 1665 καὶ

242 1700 503 1767 παρῆγον
532 1698 642 1751 τῶν
670 1702 984 1768 λεγομένων
1012 1701 1267 1771 μάρτυρα
1299 1705 1393 1755 τον
1445 1707 1829 1772 συστράτηγον

241 1789 395 1858 αὐτῷ
424 1791 647 1860 Μιχαὴλ
687 1793 780 1844 τὸν
812 1792 1047 1862 Βρανᾶν.
1098 1794 1159 1847 Ὀ
1179 1796 1237 1847 δὲ
1268 1796 1405 1863 πρὸς
1436 1798 1531 1848 τοῦ
1564 1798 1831 1866 βασιλέως

241 1882 591 1950 ἐπιταχθεὶς,
620 1885 781 1953 ὅρκον
800 1884 899 1951 τὴν
923 1886 1131 1939 οἰκείαν
1161 1887 1407 1955 κεφαλὴν
1430 1889 1822 1956 ἐπαγαγόντος,
1864 1866 1906 1919 Β

242 1972 472 2041 ἀληθῶς
502 1975 676 2026 είπείν
716 1975 746 2027 ὃ
787 1976 916 2045 περὶ
951 1975 1047 2028 τοῦ
1082 1978 1271 2048 Γαϐρά
1296 1982 1546 2046 γενναῖον
1580 1980 1825 2033 σύνοιδεν

240 2064 428 2133 ἔργον,
464 2068 524 2119 τὺ
554 2068 694 2131 τέως
734 2070 833 2139 μὲν
884 2072 1187 2140 ὑπερέθετο
1224 2075 1319 2125 τὸν
1356 2075 1651 2143 ἀπόλογον,
1692 2077 1827 2146 πρὸς

242 2156 298 2209 δὲ
326 2158 423 2209 τὸν
482 2158 701 2229 Γαϐρᾶν
759 2164 1025 2232 στραφεὶς
1082 2166 1249 2235 ἡρετο
1286 2166 1476 2220 τοῦτον
1507 2171 1554 2221 ει
1589 2169 1683 2222 καὶ
1732 2171 1829 2221 αὐ-

242 2250 335 2311 τὸς
370 2250 623 2321 ἀνδρεῖόν
660 2270 714 2307 τι
741 2256 834 2307 καὶ
887 2256 1038 2320 ἀξιον
1074 2258 1300 2310 ἐπαίνου
1356 2260 1680 2326 ἐνεδείξατο,
1719 2260 1830 2312 εἴτε

249 2343 359 2411 μὴν
392 2343 466 2404 ὡς
504 2347 809 2415 στρατηγὸς
844 2348 913 2399 τὰ
942 2347 1122 2418 λῴονα
1158 2348 1510 2417 διεπράξατο,
1570 2351 1659 2403 ὅτε
1694 2366 1831 2417 συμο

247 2434 512 2496 πεσόντες
549 2437 688 2505 μετὰ
714 2438 820 2489 τῶν
854 2437 1120 2508 Οὖγγρων
1146 2442 1426 2492 Διονυσίου
1462 2445 1832 2510 στρατηγοῦν-

243 2544 336 2588 τος
378 2528 670 2595 ἐμάχοντο.
730 2530 823 2599 Τῷ
872 2547 953 2583 τοι
1006 2533 1101 2585 καὶ
1150 2533 1631 2600 καθομολογοῦντα
1686 2535 1831 2602 σχὼν

245 2619 336 2668 τὸν
380 2617 621 2688 Γαϐρὶν,
679 2620 772 2674 καὶ
802 2621 877 2683 ὡς
908 2622 1009 2674 ούκ
1034 2623 1194 2675 ἄλλον
1220 2623 1387 2686 ὄντως
1418 2624 1479 2676 τὸ
1513 2624 1633 2676 τότε
1669 2624 1832 2677 αὐτὸν

247 2710 613 2775 ἀνδρίσασθαι
665 2713 1073 2781 μαρτυροῦντα,
1132 2715 1520 2784 ἐπήγαγεν·ὼς
1554 2717 1654 2769 οὐκ
1694 2717 1833 2785 ἔχων

250 2803 524 2871 βασιλέως
566 2804 796 2857 ἐνώπιον
847 2808 1358 2875 παρανοσφίςεσθαι
1408 2810 1507 2875 τὴν
1542 2810 1830 2879 ἀλήθειαν,

247 2898 333 2957 εἰς
369 2897 471 2962 τὴν
509 2896 717 2947 οίκείαν
767 2898 1010 2967 κεφαλὴν
1054 2900 1215 2951 αὑτὸν
1250 2900 1649 2968 ἐξορκίζοντος,
1699 2906 1837 2971 φησὶ

257 2986 529 3055 μηδαμῶς
566 2988 865 3058 ὑποστῆναι
893 2990 990 3058 τὴν
1031 2990 1140 3042 τῶν
1172 2993 1433 3043 ἐναντίων
1468 2992 1705 3063 ἐμϐολὴν
1743 2996 1835 3045 τὸν

248 3080 499 3149 Γαϐρᾶν,
529 3081 645 3134 ἀλλ’
674 3085 737 3135 ἐκ
776 3082 999 3153 πρώτης
1032 3084 1342 3154 προσϐολῆς
1375 3085 1835 3140 ἀποδειλιάσαντα

1929 605 2108 661 Gabra
2130 618 2185 662 et
2213 611 2387 665 Brana
2419 613 2538 667 acie
2569 614 2715 667 victo
2746 625 2801 668 et
2833 614 3016 683 praeda
3047 616 3256 685 ingenti
3288 617 3505 672 abacta.

1930 697 1979 750 ls
2005 698 2212 755 Gabras
2241 717 2416 770 nuper
2443 704 2737 758 admodum
2770 721 2897 759 cum
2930 706 3175 761 Eudocia
3207 706 3513 764 Comnenia

1928 790 2226 844 Andronici
2279 795 2472 855 amica,
2504 798 2664 865 cujus
2708 810 2833 851 ante
2866 801 3244 863 meminimus,
3291 802 3516 868 nuptias

1930 886 2253 965 celebrarat,
2291 905 2452 957 quem
2505 892 2763 946 Eudocize
2818 895 3032 963 cognati
3079 903 3138 946 ut
3192 896 3513 963 imperatori

1930 979 2399 1042 commendarent,
2431 998 2626 1051 magno
2657 986 2921 1053 applausu
2945 994 3000 1039 et
3036 986 3297 1041 laudibus
3322 1005 3515 1056 prose-

1930 1070 2263 1137 quebantur,
2310 1082 2366 1125 et
2401 1074 2454 1125 in
2497 1089 2675 1143 pugna
2720 1076 2971 1129 llunnica
3016 1077 3236 1131 fortiter
3282 1093 3341 1132 se
3388 1094 3514 1147 ges-

1932 1160 2071 1214 sisse
2116 1161 2479 1217 afﬁrmabant.
2521 1165 2676 1230 Quod
2716 1176 2774 1219 ut
2825 1168 3149 1222 credibilius
3198 1178 3366 1233 esset,
3416 1170 3515 1223 Mi-

1929 1252 2172 1306 chaclem
2233 1254 2463 1309 Branam
2520 1257 2781 1325 collegam
2835 1260 2956 1329 ejus
2997 1267 3191 1312 testem
3246 1262 3510 1315 citabant.

1930 1340 2031 1405 Qui
2067 1358 2188 1394 cum
2228 1344 2279 1395 in
2308 1343 2657 1411 imperatoris
2693 1354 2861 1413 caput
2904 1347 3094 1413 jurare
3124 1346 3414 1415 juberetur
3441 1361 3513 1398 an

1932 1431 2150 1497 aliquod
2200 1431 2341 1485 forte
2395 1434 2586 1486 Galirai
2636 1434 2848 1487 facinus
2887 1436 3155 1495 vidisset,
3206 1434 3378 1487 dilato
3430 1449 3517 1487 re-

1931 1538 2135 1591 sponso
2166 1524 2401 1579 Gabram
2454 1526 2606 1593 prius
2655 1527 2959 1594 interrogat
3004 1544 3069 1580 an
3132 1528 3248 1593 ipse
3294 1542 3518 1596 quoque

1932 1617 2138 1684 aliquid
2198 1618 2359 1670 laude
2405 1618 2629 1687 dignum
2693 1619 2913 1673 fecisset
2959 1633 3024 1672 ac
3055 1619 3185 1671 boni
3210 1630 3269 1672 et
3298 1602 3518 1671 strenui

1932 1707 2085 1761 duris
2117 1707 2311 1761 oﬂiciis
2363 1710 2417 1762 in
2457 1726 2635 1779 pugna
2664 1726 2788 1763 cum
2835 1710 3099 1779 Dionysio
3130 1708 3516 1777 llungarorum

1933 1802 2073 1854 duce
2121 1803 2342 1855 functus
2383 1813 2550 1855 esset.
2594 1802 2753 1873 ι,Ίῇ
2802 1802 2979 1857 Gabra
3022 1817 3156 1855 vero
3210 1800 3517 1855 afﬁrmante

1936 1895 2230 1949 fortissime
2280 1911 2337 1949 se
2384 1897 2438 1949 in
2502 1896 2595 1949 illo
2645 1896 2832 1964 praalio
2878 1896 3138 1965 gessisse.
3188 1894 3414 1963 sutijicit
3462 1908 3521 1947 se

1934 2005 2113 2044 coram
2139 1991 2490 2059 imperatore,
2514 1990 2568 2043 in
2586 1992 2743 2059 cujus
2766 2001 2932 2057 caput
2951 1990 3136 2058 jurare
3164 1990 3233 2043 sit
3265 2000 3516 2053 coactus,

1934 2082 2216 2135 veritatem
2252 2082 2601 2136 dissimulare
2637 2098 2744 2135 non
2775 2096 2935 2150 posse
2961 2098 2975 2135 :
2999 2080 3236 2135 Gabram
3272 2081 3515 2134 hostium

1936 2174 2199 2241 impetum
2235 2188 2577 2242 nequaquam
2608 2172 2891 2237 tolerasse,
2924 2171 3019 2225 sed
3048 2171 3229 2239 primo
3258 2183 3522 2238 congres-

1935 2281 1998 2319 su
2064 2265 2337 2326 territum,
2393 2265 2572 2333 fugam
2628 2263 2861 2333 cepisse,
2920 2261 3172 2331 quamvis
3221 2260 3337 2328 ipse
3393 2273 3522 2313 eum

1934 2357 2133 2424 srepius
2182 2366 2514 2416 revocasset,
2546 2364 2603 2408 et
2655 2368 2848 2423 magna
2902 2367 3037 2406 voce
3090 2352 3346 2404 hortatus
3373 2357 3522 2404 esset

1936 2456 1996 2500 ut
2048 2448 2351 2500 resisteret.
2386 2445 2656 2501 Caeterum
2714 2446 3014 2513 imperator
3048 2442 3336 2513 Zeugmini
3367 2456 3527 2495 recu-

1935 2539 2168 2607 perandi
2196 2546 2251 2590 et
2284 2540 2431 2592 necis
2454 2538 2713 2607 Stephani
2747 2537 3074 2592 ulciscendze
3098 2534 3335 2605 cupidus
3364 2548 3525 2587 exer-

1938 2632 2107 2685 citum
2135 2631 2186 2683 in
2223 2632 2342 2685 illas
2389 2640 2572 2700 partes
2604 2631 2855 2683 adduxit.
2904 2628 3013 2684 Sed
3056 2628 3282 2682 Barbari
3316 2625 3435 2680 acie
3464 2625 3524 2679 in

1940 2722 2059 2776 lstri
2123 2723 2257 2784 ripis
2309 2724 2600 2785 instructa,
2632 2724 2782 2775 omni
2833 2722 3069 2775 telorum
3118 2734 3324 2790 genere
3365 2717 3524 2788 traji-

1940 2830 2064 2867 cere
2105 2824 2323 2866 nostros
2372 2813 2760 2882 prohibebant,
2798 2812 2949 2887 aditu
2992 2812 3141 2864 omni
3194 2808 3520 2862 intercluso.

1941 2907 2047 2959 Sed
2109 2906 2343 2968 frustra;
2406 2904 2635 2959 ltomani
2690 2903 2838 2957 enim
2905 2901 3171 2972 sagittarii
3234 2907 3290 2954 et
3343 2897 3527 2969 gravis

1943 3010 2217 3052 armatura
2253 3000 2382 3065 ripis
2409 3016 2506 3050 eos
2551 2999 2887 3064 depulerunt
2926 3012 2941 3061 ;
2974 3004 3030 3048 et
3068 2995 3367 3061 imperator
3397 3005 3526 3044 cum

1943 3089 2198 3143 omnibus
2254 3088 2563 3158 legionibus
2612 3088 2676 3140 ad
2729 3087 3093 3155 Zeugminum
3140 3095 3319 3137 castra
3360 3083 3522 3137 locat.

247 3174 504 3241 οἴχεσθαι
534 3173 833 3242 φεύγοντα,
867 3179 963 3228 καὶ
996 3177 1169 3228 ταῦτα
1204 3177 1371 3229 αὐτοῦ
1406 3178 1673 3241 πολλάκις
1701 3181 1832 3233 ἀνα-

1871 3201 1910 3259 c
1943 3180 2001 3234 ld
2047 3181 2308 3247 Oppidum
2359 3180 2469 3231 alto
2530 3178 2739 3231 tumqu
2798 3177 3141 3245 impositum,
3178 3183 3234 3228 et
3292 3182 3525 3242 prater-

248 3266 593 3336 καλουμένου
636 3266 822 3321 τοῦτον
866 3268 983 3329 καὶ,
1020 3288 1036 3318 r
1068 3268 1254 3337 Στῆοι,
1289 3263 1332 3320 ὦ
1378 3269 1552 3338 φίλος,
1595 3290 1611 3320 ι
1651 3271 1836 3325 εἰπόν-

246 3375 340 3421 τος
375 3358 495 3427 μετ’
523 3358 854 3429 ἐκϐοήσεως.
900 3360 1066 3428 Ἀτὰρ
1107 3362 1203 3413 καὶ
1248 3361 1491 3414 σπεύδων
1521 3366 1549 3416 ό
1581 3364 1836 3432 βασιλεὺς

248 3450 387 3502 αὑτό
432 3450 584 3503 τετὸ
640 3452 944 3521 Ζεύγμινον
1013 3453 1310 3522 Ῥωμαίοις
1374 3454 1835 3508 ἐπανασώσασθαι

248 3544 347 3595 καὶ
379 3542 537 3606 δίκας
591 3548 718 3607 τοὺς
754 3544 997 3607 Οῦννους
1038 3545 1443 3615 εἰσπράξασθαι
1490 3542 1566 3600 ὧν
1603 3548 1680 3609 είς
1708 3549 1837 3600 Στέ-

248 3650 423 3701 φανον
481 3638 942 3705 πεπαρῳνήκασι,
980 3640 1092 3697 τοῖς
1122 3639 1305 3688 ἐκεῖσε
1360 3638 1699 3707 παρενέϐαλε
1736 3639 1835 3706 μέ-

252 3742 427 3795 ρεσιν.
499 3728 563 3779 Οί
590 3728 646 3779 δὲ
701 3728 969 3799 βάρϐαροι
996 3728 1146 3797 παρὰ
1172 3731 1268 3789 τὰς
1296 3728 1462 3798 ὄχθας
1486 3729 1580 3781 τοῦ
1605 3730 1826 3799 Ἴστρου

249 3818 509 3889 ποταμοῦ
562 3820 636 3881 ὼς
668 3824 744 3882 εἰς
790 3822 1028 3890 πόλεμον
1086 3820 1474 3888 διαταξάμενοι
1531 3821 1829 3875 διεκώλυον

247 3914 349 3979 τῆς
400 3913 660 3980 στρατιᾶς
712 3912 811 3979 τὴν
846 3913 1185 3979 περαίωσιν,
1240 3915 1469 3964 παντοῖα
1522 3911 1651 3981 βέλη
1696 3915 1834 3965 ἐπα-

248 4005 471 4070 φιέντες
514 4006 605 4055 καὶ
640 4006 739 4065 τὰς
772 4004 1008 4071 ἐμϐολὰς
1036 4003 1691 4073 προκαταλαμϐάνοντες,
1730 4006 1833 4056 κᾶν

246 4096 392 4168 ἦσαν
418 4097 573 4148 οὐδὲν
603 4096 953 4166 περαίνοντες
980 4112 993 4126 ·
1043 4096 1095 4147 οἱ
1129 4096 1237 4165 γὰρ
1265 4095 1521 4164 ὲκηϐόλοι
1569 4096 1830 4165 Ῥωμαῖοι

246 4190 347 4243 καὶ
383 4189 443 4239 τὸ
471 4188 601 4240 ἄλλο
632 4188 779 4240 ᾶπαν
809 4185 1094 4239 ὁπλιτικὸν
1142 4186 1422 4254 ὠσάμενοι
1454 4184 1681 4247 τούτους
1710 4184 1830 4249 ἐξέ-

248 4298 493 4357 κρουσαν
546 4281 651 4331 τῶν
700 4279 1017 4347 παρακτίων
1053 4278 1261 4347 μερῶν.
1331 4276 1593 4339 Βασιλεὺς
1640 4276 1697 4329 δὲ
1734 4278 1831 4329 σὺν

248 4376 417 4428 παντὶ
464 4372 541 4441 τῷ
572 4372 943 4441 στρατεύματι
976 4371 1121 4423 κατὰ
1169 4371 1229 4421 τὸ
1280 4369 1582 4438 Ζεύγμινον
1639 4369 1835 4437 ἀφικό-

250 4481 416 4534 μενος
446 4464 565 4513 ἐκεῖ
594 4478 696 4513 που
726 4461 1055 4532 στρατήγιον
1083 4461 1357 4530 βάλλεται.
1400 4462 1555 4511 Ἐστι
1587 4460 1642 4512 δὲ
1671 4459 1831 4511 τοῦτο

250 4557 400 4610 κατὰ
455 4555 805 4624 μεσημϐρίαν
862 4554 1211 4623 ἀπρόσϐατον
1261 4554 1486 4622 γηλόφῳ
1524 4554 1832 4621 παρήκοντι

251 4649 351 4700 καὶ
391 4647 643 4715 ποταμίῳ
671 4645 1047 4714 τειχιζόμενον
1082 4645 1343 4714 ῥεύματι.
1380 4648 1539 4714 ᾬετο
1589 4645 1690 4713 μὲν
1739 4640 1832 4697 οὖν

249 4739 506 4794 αὐτοϐοεὶ
557 4739 809 4806 αἱρήσειν
862 4737 921 4788 τὸ
968 4739 1211 4806 πόλισμα
1246 4732 1333 4789 οἷα
1374 4738 1482 4790 τῶν
1535 4739 1683 4790 ἔνδον
1731 4737 1829 4790 καὶ

251 4835 392 4904 πρὸς
420 4834 521 4903 τὴν
546 4832 769 4901 πρώτην
821 4830 986 4883 αὑτοῦ
1044 4832 1172 4884 θέαν
1233 4833 1699 4897 καταπλαγέντων
1734 4833 1828 4883 καὶ

249 4928 350 4986 τάς
382 4924 555 4986 πύλας
595 4924 1007 4976 άνακλινάντων
1046 4925 1138 4977 καὶ
1187 4924 1500 4992 δεξαμένων
1538 4924 1706 4976 αὑτὸν
1743 4922 1830 4975 ἐν·

249 5018 404 5072 δοθιο
458 5016 533 5078 ὡς
566 5016 609 5068 δ’
660 5009 807 5067 οῦτοι
854 5015 951 5077 τὰς
990 5016 1231 5077 εἰσόδους
1291 5017 1636 5068 παντάπασιν
1684 5013 1834 5081 αὑτῷ

254 5109 640 5173 ἐπεζύγωσαν,
667 5107 735 5161 τά
764 5124 820 5158 τε
848 5107 1001 5175 τείχη
1032 5106 1311 5168 παντοίοις
1342 5109 1529 5170 ὅπλοις
1554 5108 1648 5159 καὶ
1687 5108 1827 5173 ἀφε-

252 5200 469 5269 τηρίοις
507 5199 763 5266 ὀργάνοις
812 5198 1149 5265 ἐκράτυναν,
1190 5198 1328 5252 ἀλλὰ
1368 5202 1465 5251 καὶ
1508 5199 1832 5267 φαινόμενοι

250 5292 463 5344 ἄνωθεν
501 5292 599 5352 τὰς
635 5291 891 5357 γλώσσας
929 5291 1127 5357 ἔθηγον
1174 5290 1307 5343 ὡσεὶ
1342 5292 1542 5357 ὄφεως,
1592 5292 1693 5342 οὑκ
1725 5290 1834 5343 άπὸ

249 5383 457 5455 χειρῶν
494 5384 656 5453 μόνον
705 5384 959 5451 ἀφιέντες
996 5384 1126 5453 βέλη
1183 5383 1486 5449 θανάσιμα,
1543 5383 1679 5435 ἀλλὰ
1724 5384 1833 5435 κάκ

248 5474 349 5531 τοῦ
381 5474 493 5526 τῶν
526 5474 759 5526 ὀδόντων
791 5474 987 5545 ἕρκους
1019 5476 1565 5545 αἱσχρορρημοσύνας
1587 5474 1834 5539 τοξεύον-

247 5586 342 5631 τες
379 5568 443 5637 Et?)
508 5567 753 5620 ἀσπίδων
792 5568 870 5636 τῷ
900 5569 1004 5620 ὑπο
1036 5569 1103 5621 τὰ
1152 5570 1305 5637 χείλη
1340 5568 1681 5639 χρισοείσας,
1719 5558 1829 5621 ούδί

246 5660 297 5713 oi
329 5659 592 5727 Ῥωμαῖοι
622 5659 681 5708 το
707 5659 815 5709 ἀπὸ
839 5658 989 5710 τοῦδε
1028 5659 1186 5728 χερσὶ
1217 5662 1401 5720 κεναῖς
1433 5660 1615 5721 αὐτοῖς
1652 5676 1828 5729 προσ-

246 5750 529 5819 εφέροντο,
587 5750 720 5801 ἀλλὰ
767 5749 859 5802 τοῦ
916 5752 1354 5821 κακορρημονείν
1429 5751 1505 5813 ὡς
1557 5752 1823 5819 ἀγεννοῦς

250 5842 418 5897 ὅπλον
458 5843 546 5894 καὶ
578 5844 890 5910 γυναικεῐου
918 5844 1281 5915 ἀφιστάμενοι
1335 5845 1541 5915 σιδήρῳ
1594 5846 1828 5916 μάλιστα

1942 3274 2145 3327 ﬂuente
2205 3274 2341 3325 infra
2393 3272 2613 3325 flumine
2674 3270 2972 3331 munitum,
3024 3284 3054 3322 a
3100 3268 3330 3321 meridie
3364 3266 3524 3323 adiri

1940 3382 2047 3417 non
2103 3375 2298 3421 potest.
2357 3364 2601 3416 Rebatnr
2653 3372 2836 3414 autem
2885 3376 2945 3414 se
2983 3360 3037 3413 id
3087 3360 3266 3429 primo
3317 3359 3525 3427 impetu

1939 3466 2254 3523 captiuum,
2293 3453 2683 3507 defensoribus
2718 3454 2836 3506 solo
2864 3459 3160 3517 conspectu
3193 3453 3276 3504 sui
3315 3451 3525 3505 territis

1939 3558 1995 3602 et
2044 3560 2229 3616 portas
2260 3546 2657 3616 aperientibus.
2690 3546 2795 3599 Sed
2826 3561 2949 3599 cum
2978 3544 3126 3598 omni
3158 3544 3309 3599 aditu
3341 3544 3526 3597 exclu-

1939 3639 2151 3693 dcrctui
2213 3650 2266 3691 «ιι
2298 3640 2496 3693 inmitia
2526 3639 2674 3691 omni
2711 3653 2994 3691 armorum
3026 3645 3081 3690 et
3116 3644 3525 3689 tormentorum

1940 3748 2138 3799 genere
2175 3732 2331 3800 175
2357 3731 2743 3789 ﬁrmarentur,
2795 3738 2850 3782 et
2883 3730 3071 3782 hostes
3105 3730 3172 3782 de
3212 3727 3526 3796 pinnaculis

1940 3840 2047 3876 non
2084 3826 2245 3875 modo
2284 3825 2505 3874 letltalia
2539 3823 2667 3882 tela,
2699 3820 2793 3873 sed
2826 3830 2881 3873 et
2916 3822 3177 3874 oliscmna
3208 3819 3437 3873 dicteria
3467 3826 3526 3872 et

1940 3922 2202 3966 venenata
2233 3915 2431 3978 probra
2461 3912 2857 3979 jac-ularentnr,
2881 3912 3110 3965 Romani
3148 3925 3256 3962 non
3288 3909 3525 3977 amplius

1935 4005 2123 4058 vacuis
2150 4012 2399 4055 manibus
2421 4004 2775 4064 accedebant,
2808 4002 2903 4054 sed
2932 4002 3153 4054 omissis
3188 3999 3519 4064 maledictis,

1934 4096 2139 4166 quibus
2196 4096 2422 4159 feminas,
2452 4110 2692 4161 pugnare
2744 4093 2946 4154 solent,
2996 4091 3145 4144 ferro
3196 4105 3311 4143 rem
3360 4104 3524 4159 gere-

1937 4188 2090 4241 bant.
2142 4190 2208 4240 Ιεὶι
2257 4188 2553 4255 imperator
2614 4193 2671 4236 ut
2741 4184 2823 4235 sui
2891 4181 3248 4236 aemulatione
3312 4180 3523 4235 milites

1936 4283 2295 4340 accenderet,
2360 4282 2571 4346 primus
2648 4293 2792 4346 equo
2870 4276 3122 4330 invectus
3185 4276 3401 4327 hastam
3465 4274 3522 4327 in

1936 4373 2115 4427 media
2182 4382 2335 4439 porta
2412 4370 2623 4440 deﬁgit.
2691 4371 2923 4431 Deinde,
3005 4370 3134 4435 quia
3212 4382 3342 4420 saxa
3408 4381 3519 4418 non

1936 4462 2323 4530 suppetebant,
2364 4459 2509 4513 fossa
2568 4460 2737 4512 humo
2785 4470 2839 4513 et
2893 4460 3151 4513 sordibus
3207 4457 3425 4525 impleta
3466 4462 3523 4509 et

1871 4542 1911 4595 ἰ)
1942 4564 2175 4620 quatuor
2236 4552 2525 4603 tormentis
2571 4550 2625 4602 in
2676 4550 2909 4604 circuitu
2968 4550 3270 4609 collocatis,
3320 4547 3520 4603 mmnia

1938 4655 2211 4711 prosterni
2238 4643 2421 4713 jussit.
2466 4645 2594 4708 Quae
2630 4658 2756 4695 cum
2793 4644 2845 4695 in
2894 4641 3074 4695 oliicio
3117 4648 3302 4695 essent
3335 4640 3521 4695 omnia

1937 4745 1993 4789 et
2049 4752 2176 4789 saxa
2236 4737 2427 4787 talenti
2484 4734 2729 4802 pondere
2781 4735 3178 4803 jacularentur,
3250 4732 3519 4785 mtenium

1937 4840 2252 4894 compagem
2314 4826 2739 4884 labefactaliant,
2772 4840 2942 4877 unum
3010 4824 3384 4893 potissimum,
3446 4825 3518 4878 ab

1939 4918 2059 4983 ipso
2090 4917 2404 4970 Andronico
2458 4920 2528 4969 ita
2578 4918 2847 4971 directura
2901 4928 2957 4968 ut
2993 4930 3185 4969 nmrns
3211 4915 3352 4969 inter
3381 4916 3521 4971 duas

1941 5018 2118 5063 turres
2144 5019 2540 5077 conquassatus
2562 5018 2617 5061 et
2644 5010 2892 5063 vectibus
2928 5008 3197 5062 suﬂossus
3234 5008 3517 5075 penderet,

1939 5104 2154 5156 ruinam
2207 5103 2487 5157 minitans.
2535 5103 2777 5168 Quadam
2840 5110 3025 5155 autem
3095 5110 3256 5154 nocte
3309 5101 3523 5168 aliquot

1938 5195 2233 5264 llungarici
2272 5210 2529 5265 proceres
2560 5196 2783 5263 podium
2824 5208 2853 5247 e
2890 5193 3139 5246 trabibus
3168 5202 3513 5256 contextum,

1942 5289 2102 5359 176
2131 5288 2277 5341 foras
2316 5288 2656 5356 prominens,
2695 5287 2924 5355 ingressi
2969 5295 3026 5338 et
3071 5284 3279 5339 strictis
3317 5284 3518 5352 gladiis

1936 5396 2116 5435 aerem
2146 5380 2583 5443 diverberantes,
2619 5380 2883 5434 Romanis
2913 5378 3254 5432 atrocissima
3284 5392 3517 5446 quaeque

1936 5489 2062 5529 cum
2114 5474 2319 5543 ingenti
2359 5474 2598 5527 clamore
2652 5473 3069 5527 minitabantur.
3122 5469 3231 5525 Sed
3267 5469 3515 5525 vindicta

1934 5582 2031 5621 eos
2080 5583 2110 5621 e
2158 5566 2390 5636 vestigio
2442 5575 2737 5620 consecuta
2785 5573 2870 5620 est
2917 5582 2929 5617 :
2986 5579 3111 5618 nam
3160 5562 3514 5617 Andronicus

1937 5667 2210 5713 tormento
2280 5661 2513 5714 solerter
2587 5659 2801 5713 directo
2856 5657 3222 5711 munitionem
3291 5657 3343 5709 in
3403 5671 3511 5724 qua

1934 5755 2149 5808 stabant
2176 5753 2249 5807 ita
2282 5753 2535 5823 perculit,
2561 5762 2622 5807 ut
2653 5760 2926 5822 prostrata
2960 5751 3085 5805 illos
3118 5748 3511 5803 miserabiliter

1934 5847 2287 5917 opprimeret.
2344 5846 2454 5904 Nec
2498 5846 2671 5902 multo
2730 5853 2853 5903 post
2903 5843 3023 5915 ipso
3078 5855 3298 5917 quoque
3347 5856 3506 5899 muro
