4272 6356
804 390 910 452 473

2039 393 2342 454 NiCET/E
2380 389 2785 453 (ΙΗΟΝΙΑΤᾸΞ

3957 384 4068 449 480

806 504 1054 570 ξυνοίσον
1102 503 1242 562 εἶναι
1293 507 1622 579 πληρώματι
1670 508 1763 562 τὸν
1825 508 1890 562 ὲκ
1961 507 2230 576 φυταλιᾶς
2300 501 2627 570 ἑτεροφύλου
2692 504 2978 575 ράδαμνον
3030 503 3109 569 είς
3176 502 3520 556 καλλιέλαιον
3584 501 4068 572 μετεγκεντρίζειν

808 600 1063 652 πιότατον
1094 601 1186 652 καὶ
1249 602 1387 668 πρὸς
1422 602 1484 652 τὸ
1510 600 1899 665 ἀναξὼσασθαι
1928 600 1988 651 τὸ
2019 600 2219 670 κράτος
2265 593 2383 646 τῶν
2412 592 2551 648 ὅλων
2578 597 2952 665 προτίθεσθαι.
3321 646 3323 648 .

957 691 1110 744 Nunc
1137 692 1282 744 aliud
1316 692 1759 760 subjungendum
1790 701 1894 753 est,
1924 690 2207 760 indignum
2234 686 2381 757 quod

2460 734 2462 740 ,
2555 694 2615 741 ε’.
2664 686 2721 739 '0
2742 688 2797 741 δὲ
2834 687 2993 754 λόγος
3018 688 3315 758 προσθήσει
3335 689 3402 757 τῇ
3427 686 3638 757 ἱστορίᾳ
3667 686 3759 740 καί
3788 703 3842 738 τι
3874 684 4066 753 ἕτερον

809 780 1031 833 silentio
1060 790 1435 848 praetereatur.
1471 782 1601 835 Erat
1640 782 1940 850 imperator
1973 780 2039 833 de
2070 780 2303 832 urbibus
2332 784 2387 829 et

808 868 1045 923 castellis
1111 869 1353 933 Ciliciae,
1418 871 1575 938 cujus
1627 871 1947 940 metropolis
2007 871 2214 924 Tarsus
2257 876 2381 928 est,

807 959 1104 1013 admodum
1139 962 1428 1015 sollicitus.
1478 962 1596 1027 Quo
1624 979 1748 1016 cum
1796 963 1949 1016 multi
2005 961 2219 1015 nobiles
2247 974 2389 1029 pra!-

806 1045 934 1099 lecti
968 1049 1118 1102 missi
1144 1060 1348 1109 essent.
1396 1051 1613 1103 tandem
1658 1068 1721 1105 ea
1778 1052 2058 1120 provincia
2104 1050 2390 1105 Comneno

807 1137 1125 1192 Andronico
1183 1149 1241 1193 ut
1294 1141 1498 1195 illustri
1536 1159 1734 1213 genere
1771 1152 1893 1195 orto
1916 1149 2251 1211 etsliectataa
2282 1140 2391 1193 vir-

810 1229 948 1282 tutis
983 1232 1097 1283 \‘it‘O
1148 1233 1367 1285 decreta
1401 1245 1484 1287 est
1516 1253 1528 1288 :
1568 1236 1839 1305 adjectum
1868 1235 2033 1301 etiam
2068 1233 2237 1301 Cypri
2295 1231 2389 1285 tri-

746 1324 749 1327 ’
810 1318 1001 1371 bulum
1046 1320 1111 1372 ad
1142 1332 1394 1391 sumptus
1442 1324 1654 1377 facilius
1703 1324 2037 1378 tolerandos.
2081 1324 2161 1377 Eo
2205 1323 2390 1392 profe-

754 1468 759 1474 ,
808 1419 929 1461 ctus
954 1425 1077 1464 cum
1103 1411 1313 1467 Toruse
1333 1415 1554 1467 inimico
1579 1430 1720 1483 saipe
1739 1416 2032 1469 infeliciter
2054 1400 2340 1468 dimicavit
2370 1430 2383 1463 :

810 1500 1032 1554 tandem
1073 1503 1237 1556 etiam
1293 1505 1526 1573 turpiter
1568 1507 1747 1560 vietus
1778 1507 2205 1560 audacissimum
2254 1507 2391 1561 faci-

810 1606 1093 1646 nusausus
1108 1602 1209 1647 cst.
1235 1595 1456 1650 Utenim
1480 1605 1710 1667 uterque
1729 1614 1857 1653 suas
1876 1600 2061 1668 copias
2082 1601 2237 1669 181
2258 1601 2390 1654 edu-

811 1693 1029 1747 xerunt,
1098 1687 1447 1741 Andronicus
1508 1691 1827 1744 universum
1877 1693 2181 1745 exercitum
2228 1707 2388 1745 suum

809 1775 885 1827 ita
916 1774 1198 1840 instruxit,
1242 1788 1298 1830 ut
1347 1780 1645 1833 animantis
1679 1781 1852 1834 instar
1884 1781 2060 1849 capite
2110 1791 2166 1835 et
2218 1782 2389 1836 cauda

810 1864 1137 1934 caaterisque
1170 1868 1419 1935 partibus
1448 1879 1749 1924 constaret.
1791 1871 2033 1925 Toruses
2063 1883 2253 1926 contra
2276 1874 2393 1928 suis

810 1953 867 2005 in
900 1956 1104 2010 multos
1134 1958 1446 2027 manipulos
1480 1966 1536 2013 et
1568 1960 1826 2013 cohortes
1856 1961 2166 2015 distributis
2201 1979 2392 2017 rursus

812 2043 1083 2101 illustrem
1140 2049 1427 2102 victoriam
1476 2059 1561 2103 est
1607 2054 1841 2120 adeptus
1873 2069 1887 2104 :
1921 2067 2046 2105 nam
2084 2053 2389 2107 Andronici

814 2136 1110 2207 phalanges
1152 2140 1220 2192 iis
1269 2140 1362 2207 qui
1411 2141 1646 2195 subinde
1676 2157 1740 2195 ex
1779 2143 1995 2197 insidiis
2025 2144 2219 2214 integri
2258 2146 2393 2199 viri-
2435 2132 2438 2135 V

813 2228 918 2281 lius
935 2228 1620 2296 prosiliebant,cesserunt
1642 2248 1705 2286 ac
1736 2233 1883 2302 turpi
1913 2233 2053 2302 fuga:
2076 2250 2134 2288 se
2163 2234 2392 2288 manda-

817 2328 964 2372 runt.
995 2323 1111 2386 Qua
1145 2321 1213 2375 de
1242 2337 1405 2376 causa
1443 2323 1794 2378 Andronicus
1823 2324 2008 2379 animo
2051 2342 2196 2396 aeger
2227 2338 2391 2396 atque

815 2410 977 2479 inops
1017 2412 1258 2476 Consilii,
1307 2430 1417 2480 quo
1472 2424 1630 2482 pacto
1682 2417 1848 2471 rebus
1898 2417 2111 2472 amictis
2161 2434 2391 2472 succur-

816 2503 1044 2555 rendum
1078 2516 1226 2558 esset
1258 2516 1354 2559 aut
1410 2507 1711 2561 ulciscendi
1772 2510 1958 2563 hostes
2004 2512 2115 2580 jam
2158 2527 2259 2579 pro
2307 2512 2392 2563 vi-

814 2598 987 2649 ctoria
1028 2597 1133 2650 diis
1161 2599 1527 2664 immolantes,
1575 2616 1689 2655 rem
1730 2603 2043 2671 aggreditur
2092 2604 2393 2657 incredibi-

814 2686 945 2740 lem.
1003 2688 1139 2742 Cum
1189 2692 1333 2743 enim
1384 2692 1652 2746 Torusem
1707 2710 1831 2747 cum
1892 2696 2220 2750 satellitibus
2249 2712 2393 2764 equo

819 2780 1149 2834 insidentem
1194 2792 1250 2835 et
1294 2783 1531 2836 militum
1586 2800 1650 2836 ex
1704 2785 1946 2839 hostium
2008 2788 2393 2855 persecutione

816 2874 1051 2929 reditum
1078 2887 1489 2945 exspectantem
1512 2880 1906 2946 conspexisst-t.
1930 2895 2074 2949 equo
2095 2882 2391 2945 concitato,

817 2968 971 3020 hasta
998 2968 1205 3022 directa
1250 2984 1624 3039 percussaque
1654 2981 1811 3024 scuto
1846 2987 1989 3040 equo
2015 2988 2142 3026 eum
2166 2972 2390 3043 dejicit;

816 3069 873 3113 et
906 3076 1004 3128 per
1037 3076 1254 3115 onnicm
1293 3064 1409 3132 ejus
1435 3063 1754 3117 comitatum
1784 3064 1954 3117 instar
1977 3065 2218 3119 volucris
2236 3066 2396 3135 equi-

819 3151 889 3205 tis
938 3163 1030 3206 aut
1078 3153 1307 3207 lubrica:
1357 3155 1610 3224 anguillze
1666 3156 1921 3208 elabitur.
1970 3155 2157 3225 Neque
2213 3165 2393 3211 tamen

820 3242 1039 3308 Torusi,
1072 3245 1310 3314 oblongo
1371 3255 1528 3299 scuto
1567 3256 1623 3300 et
1670 3247 1849 3301 ferreo
1883 3247 2105 3302 thorace
2158 3249 2391 3315 munito,

818 3336 1117 3405 quidquam
1143 3353 1343 3391 nocere
1377 3338 1579 3407 potuit.

2489 773 2583 827 τοῦ
2634 775 2819 828 λαθεῖν
2873 777 3175 847 ὑπέρτερον
3206 777 3285 830 δν.
3311 777 3401 847 Τῷ
3436 777 3647 848 βασιλεῖ
3671 777 3847 844 τούτῳ
3892 774 4067 843 πολλή

2488 882 2571 928 τις
2596 862 2723 937 ἦνή
2761 866 2998 936 μελεδὼν
3043 867 3153 921 τῶν
3200 860 3355 921 κατά
3396 868 3655 921 Κιλικίαν
3721 866 3931 919 πόλεων
3969 864 4070 916 καὶ
4110 881 4115 885 ·

2491 959 2788 1028 φρουρίων,
2806 951 2880 1011 ὧν
2903 955 2970 1026 ἦν
2998 962 3031 1028 ή
3057 960 3287 1029 λαμπρὰ
3303 960 3399 1012 καὶ
3423 957 3729 1027 περιφανὴς
3755 956 3966 1025 Ταρσὸς
3991 955 4071 1015 ὡς

2494 1051 2833 1119 μητρόπολις
2876 1049 3297 1119 προκαθέζεται.
3364 1050 3529 1104 Ὅθεν
3583 1050 3793 1103 πολλῶν
3819 1051 3929 1101 τῶν
3975 1048 4072 1099 ἐπὶ

2490 1142 2648 1209 δόξης
2690 1138 2783 1194 καὶ
2815 1143 2914 1211 τῆς
2960 1144 3238 1212 ἐπισήμου
3273 1144 3507 1210 αἵματος
3560 1142 3850 1212 ήγεμόνων
3883 1144 4070 1193 ἐκεῖσε

2491 1234 2860 1302 ἀφικομένων,
2919 1233 3119 1302 ἑφεξῆς
3148 1238 3193 1305 ,ή
3227 1235 3406 1303 ψῆφος
3438 1235 3832 1305 περιελήλυθεν
3891 1237 3944 1295 ἐς
3977 1233 4071 1284 τὸν

2493 1322 2779 1390 Κομνηνὺν
2814 1323 3151 1391 Ἀνδρόνικον
3179 1326 3270 1375 καὶ
3295 1324 3371 1386 ὡς
3400 1323 3550 1390 γένει
3579 1325 3753 1393 μέγαν
3776 1324 3866 1375 καὶ
3899 1323 3985 1384 ὡς’
4012 1324 4074 1372 ὲν

2493 1412 2746 1480 ἀνδράσιν
2784 1412 3119 1476 ἀξιοθέατον.
3148 1412 3238 1480 Τῷ
3271 1430 3357 1464 τοι
3403 1413 3709 1480 ἀφιγμένος
3739 1414 3918 1463 ἐκεῖσε
3972 1411 4071 1463 καὶ

2490 1502 2593 1569 τὴν
2620 1504 2717 1572 τῆς
2757 1502 2851 1554 τοῦ
2900 1504 3129 1573 Κύπρου
3159 1503 3527 1572 δασμολογίαν
3554 1502 3959 1572 προσειληφὼς,
3991 1502 4073 1562 ὼς

2492 1593 2605 1661 ἔχοι
2635 1595 2730 1655 τὰς
2761 1593 3005 1657 δαπάνας
3037 1595 3250 1647 ἐκεῖθεν
3283 1594 3520 1658 ἀντλεῖν,
3559 1594 3822 1656 πολλάκις
3858 1593 3959 1663 μὲν
3989 1591 4074 1659 τῷ

2494 1684 2742 1757 Τορούσῃ
2812 1684 2949 1748 πρὸς
3035 1685 3221 1754 μάχην
3276 1687 3637 1754 ἀντικατέστη
3709 1686 3801 1737 καὶ
3869 1685 4075 1750 ἀνεκή-

2497 1776 2623 1846 ρυξε
2662 1776 2917 1845 πόλεμον,
2987 1776 3160 1846 ὶχθρά
3179 1778 3229 1829 oi
3250 1775 3385 1830 νοῶν
3443 1779 3541 1831 καὶ
3570 1778 3892 1830 ὑπ’ἐκείνου
3958 1777 4075 1828 πά-

2494 1869 2576 1921 λιν
2640 1870 3157 1936 ἀποστυγούμενος,
3213 1867 3363 1922 οὐδὲν
3415 1868 3472 1921 δέ
3520 1885 3572 1920 τι
3640 1868 3886 1935 γενναῖον
3934 1880 4077 1917 κατι

2495 1957 2716 2028 ώρῦωσε
2762 1957 3004 2022 πώποτε,
3036 1958 3145 2012 οὐδ’
3183 1955 3251 2031 ἦς
3277 1958 3469 2027 ἔτρεφε
3496 1958 3841 2028 πολυτρόπου
3874 1956 4077 2026 πείρας

2494 2052 2624 2121 περὶ
2684 2052 2958 2120 πολέμους
3019 2051 3113 2104 καὶ
3174 2052 3515 2121 πανουργίας
3566 2052 3861 2120 εἰργάσατο
3895 2049 4076 2113 ἄξιον.

2495 2145 2815 2197 Τελευταῖον
2842 2144 2898 2197 δὲ
2923 2144 3221 2214 ήττηκότος
3255 2144 3416 2196 αὐτὸν
3434 2143 3685 2213 ςαίσχρῶς
3704 2143 3799 2194 τοῦ
3820 2141 4074 2210 Τορούση

2494 2236 2588 2287 καὶ
2614 2236 2877 2304 τρόπαιον
2930 2236 3255 2302 στήσαντος,
3321 2235 3637 2304 βουλεύεται
3670 2245 3721 2285 τι
3756 2232 4080 2302 παραϐολῶν

2493 2326 2932 2390 τατον,όποῖονό
2981 2325 3140 2393 λόγος
3206 2326 3375 2389 λέξων
3419 2324 3663 2393 ἔρχεται.
3713 2325 3803 2386 Ὠς
3824 2324 4078 2392 γὰρητάς

2493 2418 2700 2479 οἰκείας
2726 2416 2985 2482 δυνάμεις
3014 2415 3275 2484 ἑκάτερος
3308 2415 3428 2467 κατ’
3463 2414 3709 2483 ἀλλήλων
3743 2413 4077 2484 ἐξήνεγκαν,

2508 2510 2845 2581 Ἀνδρόνικος
2872 2509 2974 2577 μὲν
3001 2509 3100 2561 ὃσα
3149 2509 3243 2560 καὶ
3274 2506 3415 2571 ζῶον
3443 2506 3544 2575 τὴν
3574 2506 3836 2576 στρατιὰν
3868 2506 3950 2567 είς
3976 2521 4080 2557 κε-

2495 2604 2673 2675 φαλὴν
2707 2603 2802 2656 καὶ
2834 2603 3001 2672 μέρος
3057 2601 3118 2654 τὸ
3152 2600 3383 2653 κατόπιν
3412 2599 3504 2651 καὶ
3545 2598 3679 2667 μέλη
3706 2597 3942 2665 ἀνάλογα
3995 2594 4082 2665 τῷ

2496 2697 2662 2750 παντὶ
2695 2694 3113 2761 συνδιαθέμενος
3145 2687 3311 2760 εἶχεν,
3343 2691 3373 2742 ό
3401 2690 3457 2742 δὲ
3482 2689 3761 2758 Τορούσης
3790 2691 3870 2750 είς
3899 2686 4081 2740 πολλά

2496 2788 2798 2842 καταδιεῖλε
2851 2788 3115 2855 τμήματα
3141 2785 3233 2837 καὶ
3280 2783 3607 2851 διασπείρας
3631 2778 3700 2850 ἦν
3725 2782 3805 2842 είς
3838 2780 4082 2849 σπείρας

2496 2884 2591 2941 καὶ
2620 2881 2809 2949 λόχους
2864 2880 2925 2931 τὸ
2949 2879 3150 2930 οίκεῖον
3176 2875 3559 2945 στρατόπεδον.
3605 2874 3758 2926 Ἐπεὶ
3776 2874 3833 2927 δὲ
3856 2891 3920 2925 συ
3930 2875 4080 2943 μ6α-

2495 2973 2679 3035 λόντες
2738 2971 3027 3041 ἐμάχοντο,
3065 2971 3098 3037 ἡ
3129 2971 3252 3037 νίκη
3302 2968 3400 3020 καὶ
3460 2966 3626 3019 πάλιν
3675 2966 3942 3033 ἐπεφοίτα
3993 2968 4079 3035 τῷ

2496 3065 2742 3136 Τορούσῃ
2766 3063 3016 3133 λαμπρὼ
3050 3063 3163 3123 τοῖς
3187 3060 3300 3129 γάρ
3331 3061 3418 3111 ἀεὶ
3449 3058 3832 3128 ἐπιϐοηθοῦσιν
3859 3060 4081 3127 ἀκμῆσι

2496 3160 2591 3210 καὶ
2614 3160 2726 3219 τοῖς
2758 3158 2820 3208 ὲκ
2853 3154 2961 3207 τῶν
2990 3153 3161 3220 λόχων
3210 3150 3479 3221 λαθρηδδν
3520 3150 3833 3220 ἐκπηδῶσιν
3876 3150 4081 3218 Ἀρμε-

2498 3251 2632 3312 νίοις
2657 3250 2714 3300 αἱ
2744 3246 2837 3300 τοῦ
2867 3245 2956 3316 [Ρ.
2982 3243 3072 3315 91]
3114 3244 3452 3314 Ἀνδρονίκου
3480 3243 3747 3296 ἐνέδωκαν
3785 3244 4075 3310 φάλαγγες

2420 3340 2462 3398 C
2496 3342 2593 3396 καὶ
2614 3342 2695 3402 είς
2724 3338 2931 3409 τροπὴν
2984 3336 3265 3388 ἐνέκλιναν
3313 3334 3576 3404 ἄκοσμον.
3624 3334 3723 3387 Διιά
3774 3333 3950 3387 ταῦτα
4002 3335 4079 3403 ’τῇ

818 3426 962 3499 λύπῃ
992 3430 1321 3491 καταποθεὶς
1360 3430 1716 3500 ’Δνδρόνικος,
1776 3431 1872 3485 καὶ
1898 3432 1972 3502 μὴ
2006 3432 2146 3500 ἔχων
2169 3434 2318 3499 ὅπως
2349 3438 2381 3508 ἢ
2422 3438 2526 3508 τὴν
2595 3430 2761 3507 ἧτταν
2828 3428 3290 3500 ἀναμαχέσαιτοῆ
3322 3428 3453 3495 γοῦν
3488 3428 3545 3495 ἐξ
3575 3427 3833 3495 ὑπογυίου
3855 3425 4082 3496 δράσειέ

815 3533 869 3569 τι
898 3521 1143 3584 γενναῖον
1192 3519 1335 3572 κατά
1379 3522 1488 3572 τῶν
1551 3520 1788 3573 θυόντων
1828 3522 1929 3590 ήδη
1982 3522 2261 3591 πολεμίων
2314 3527 2382 3577 τὰ
2422 3527 2739 3596 νικητήρια,
2780 3526 2893 3584 τοῖς
2964 3522 3132 3587 ἐγγὺς
3189 3519 3498 3586 ἀνεφίκτων
3564 3521 3852 3587 ἐπιχειρεῖ.
3889 3521 4078 3572 Κατο-

819 3610 1057 3671 πτεύσας
1090 3610 1198 3679 γὰρ
1221 3610 1309 3661 τὸν
1332 3610 1610 3681 Τορούσην
1647 3612 1784 3680 μετὰ
1814 3611 1924 3663 τῶν
1952 3612 2396 3683 δορυφορούντων
2437 3616 2600 3671 αὑτὸν
2663 3616 2743 3667 ἔτι
2806 3630 2909 3665 που
2943 3614 3230 3680 ἱστάμενον
3258 3611 3517 3677 ἔφιππον,
3555 3607 3652 3672 τὴν
3685 3608 3794 3660 τῶν
3854 3609 4081 3678 ταγμά-

817 3719 924 3754 των
952 3703 1214 3775 συλλογὴν
1241 3705 1581 3773 ἀναμένοντα
1610 3706 1667 3770 ἐξ
1699 3700 1765 3775 ἧς
1796 3705 2005 3775 εἴχοντο
2072 3708 2424 3773 ὲπιδιώξεως,
2467 3710 2572 3778 ὅλῳ
2646 3711 2841 3779 ῥυτῆρι
2911 3707 3004 3759 τὸν
3058 3708 3225 3760 ἵππον
3285 3708 3433 3768 ἀνεὶς
3464 3704 3658 3756 ἐνσείει
3707 3701 3828 3754 κατ’
3862 3703 4082 3753 ἐκείνου

817 3796 877 3848 τὸ
905 3796 1058 3865 δόρυ,
1112 3799 1204 3849 καὶ
1226 3797 1290 3865 δὴ
1318 3798 1458 3849 κατὰ
1489 3798 1585 3849 τού
1632 3797 1829 3867 θυρεοῦ
1863 3797 2045 3865 βαλὼν
2093 3799 2394 3869 ἀνατρέπει
2425 3800 2615 3851 τοῦτον
2687 3797 2782 3851 τοῦ
2834 3800 3027 3860 ἵππου,
3091 3799 3187 3851 καὶ
3243 3795 3567 3858 ,διεκπαίσας
3620 3795 3685 3848 ,τὺ
3712 3795 3840 3865 περὶ
3865 3796 4082 3846 ἐκεῖνον

819 3890 1120 3955 ὲκίλεκτον,
1150 3891 1225 3955 ὡς
1252 3892 1451 3961 πτηνὸς
1482 3893 1717 3960 ἱππότης
1752 3893 1784 3963 ἦ
1814 3894 2082 3963 ὀλισθηρά
2119 3912 2203 3957 τις
2268 3894 2521 3963 ἔγχελυς,
2591 3895 2692 3958 τὰς
2741 3895 2849 3947 τῶν
2895 3894 3153 3947 ἀπάντων
3201 3894 3391 3962 χεῖρας
3432 3892 3704 3961 έξήλυξεν.
3763 3890 3904 3944 Ἀλλ’
3971 3890 4083 3960 ἕως

818 3980 1009 4034 τούτου
1052 3983 1248 4051 σεμνὸν
1273 3986 1333 4035 τὸ
1360 3984 1453 4037 τοῦ
1496 3985 1834 4051 Ἀνδρονίκου
1890 3986 2223 4055 κατόρθωμα
2257 4003 2271 4016 ·
2326 3987 2386 4040 τὸ
2424 3988 2481 4039 δὲ
2547 3988 2738 4040 παθεῖν
2790 3987 2881 4040 τὸν
2943 3986 3221 4056 Τορούσην
3278 3985 3464 4047 κακῶς
3528 3984 3891 4039 ἀπεκώλυσαν
3933 3985 3990 4036 οἵ
4018 4000 4080 4038 τε

823 4074 1061 4144 σιδήρεοι
1100 4077 1325 4146 χιτῶνες
1355 4077 1449 4142 οὒς
1512 4078 1809 4143 ἐνεδέδυτο,
1873 4082 1967 4134 καὶ
2018 4080 2211 4148 θυρεὸς
2265 4081 2548 4150 ἐπιμήκης
2615 4081 2768 4151 παρά
2822 4080 3055 4150 πλευρὸν
3142 4079 3497 4132 καταϐαίνων
3535 4077 3630 4131 τοῦ
3699 4079 3869 4131 ἵππου
3933 4077 4082 4131 πλά-

821 4181 960 4233 γιος.

895 4263 1092 4318 Paucis
1127 4264 1321 4321 diebus
1365 4275 1510 4336 post,
1549 4267 1801 4337 sepositis
1834 4267 2047 4323 bellicis
2080 4268 2397 4338 occupatio-

2577 4261 2651 4315 Οὐ
2703 4258 2892 4312 πολλαὶ
2947 4259 2990 4311 δ’
3026 4261 3227 4330 ὴμεραι
3259 4259 3370 4329 (86)
3427 4257 3774 4330 παρήλθοσαν
3824 4257 4078 4325 ὕστερον,

2099 4437 2275 4496 Hier.
2320 4426 2524 4490 Wolﬁi
2571 4433 2761 4486 notua.

898 4548 1009 4617 (86)
1036 4553 1133 4622 770i;
1174 4550 1397 4603 πολλαὶ
1435 4550 1504 4603 δὲ
1532 4550 1765 4619 ἡμέραι.
1809 4554 1945 4619 Quia
1975 4558 2203 4611 nimium
2233 4558 2393 4611 lasci-

2460 4570 2468 4605 l
2498 4572 2554 4607 re
2619 4556 2975 4622 inﬂammato.

826 4618 943 4693 vire
975 4620 1107 4673 mihi
1142 4631 1224 4693 est
1259 4622 1409 4693 visus
1436 4631 1505 4693 et
1538 4618 1678 4690 pene
1714 4618 1854 4677 ultra
1897 4629 2123 4693 poetica:
2157 4630 2391 4680 licentite

828 4688 963 4765 lines
998 4692 1224 4765 evagari,
1278 4691 1391 4743 sive
1450 4688 1748 4745 Ciloniales
1830 4688 1945 4749 sive
2008 4699 2436 4765 paraphrastes.

826 4758 1100 4825 quispiam
1140 4761 1430 4832 cjus_(.nam
1461 4771 1708 4832 vetustus
1732 4765 1923 4825 codex,
1962 4758 2054 4832 qui
2091 4758 2154 4818 ei
2200 4767 2393 4819 arche-

830 4838 957 4897 typo
991 4829 1559 4903 auctorisdescriptus
1585 4831 1823 4903 videtur,
1854 4829 2009 4901 longe
2040 4836 2395 4903 paucioribus

831 4913 945 4949 rem
978 4898 1260 4972 absolvit),
1292 4915 1561 4972 summam
1606 4901 1870 4972 duntaxat
1912 4898 2073 4972 hujus
2118 4905 2397 4959 amatoria

830 4969 1253 5021 narratiunculae
1303 4971 1551 5034 exposui.
1602 4970 1678 5023 Ne
1724 4981 1901 5027 tamen
1934 4969 2183 5027 curiosus
2224 4974 2396 5027 lector

831 5035 1129 5104 quidquam
1165 5038 1459 5109 desideret.
1494 5039 1671 5108 etiam.
1693 5040 1805 5094 lucc.
1838 5044 2188 5109 interpretari
2222 5043 2395 5104 volui,

832 5110 1185 5179 quantumvis
1218 5108 1400 5175 inepta
1433 5125 1446 5170 ;
1490 5125 1611 5177 quin
1647 5111 1722 5178 (si
1766 5108 2114 5179 typograpliis
2148 5115 2219 5165 ita
2249 5114 2399 5164 vide-

834 5173 1003 5247 bitur)
1040 5173 1436 5247 incontex’tuln
1474 5173 1714 5232 historia:
1743 5173 1929 5247 reponi
1965 5173 2253 5247 poterunt:
2279 5180 2399 5233 Non

834 5244 1015 5297 multis
1058 5246 1233 5299 diebus

780 5378 781 5381 η
835 5314 937 5385 ptis
970 5316 1215 5378 aedibus,
1245 5319 1452 5385 pugnis,
1495 5318 1662 5379 bellis,
1704 5314 1956 5380 classicis,
1991 5330 2208 5379 terrore.
2238 5330 2402 5382 metu,

838 5382 1013 5435 Marte
1040 5382 1389 5454 sanguinaria
1424 5398 1470 5438 et
1504 5388 1698 5439 bellicis
1722 5391 1982 5454 operibus,
2014 5389 2221 5442 Veneris
2251 5406 2404 5442 sacra

840 5455 983 5507 colit.
1019 5453 1147 5517 Qua:
1180 5473 1283 5507 non
1321 5456 1576 5509 Helenam
1608 5461 1652 5511 ci
1676 5459 1883 5526 subjicit
1915 5468 2007 5509 aut
2032 5458 2168 5510 velut
2204 5461 2255 5511 in
2281 5474 2407 5511 con—

836 5532 1070 5589 :j‘ectum
1101 5527 1331 5590 adducit,
1373 5530 1425 5579 in
1457 5526 1656 5579 Gracia
1695 5537 1742 5579 et
1778 5527 1958 5597 mediis
1985 5529 2133 5597 Argis
2162 5531 2410 5582 habitan-

842 5600 965 5657 tem,
993 5602 1041 5645 et
1066 5596 1235 5661 [arma
1271 5599 1383 5663 ejus
1424 5598 1776 5649 exhilaratum
1816 5596 1996 5663 furore
2034 5596 2410 5657 concitat;ncc

842 5681 1029 5735 navem
1060 5664 1306 5729 cedi/ient,
1330 5684 1489 5735 quam
1526 5666 1803 5720 l’hereclus
1835 5669 2081 5735 gubernet
2114 5683 2130 5721 :
2163 5669 2252 5721 sed
2283 5668 2410 5721 Plii-

845 5734 1001 5803 lippa:
1022 5737 1075 5788 in
1111 5737 1300 5790 vicinia
1338 5738 1618 5789 habitantis
1649 5734 1872 5804 formam
1901 5737 2130 5806 depingit
2180 5748 2227 5791 et
2274 5737 2416 5791 leno-

847 5806 981 5860 cinio
1001 5806 1246 5861 conciliat
1272 5809 1502 5863 amatori
1527 5807 1844 5878 Andronico,
1869 5822 1931 5862 ex
1951 5809 2062 5862 sola
2089 5808 2230 5876 fatua
2257 5824 2408 5863 amo-

1268 5255 1383 5314 post
1423 5249 2049 5318 Andronicus,neglectis
2091 5262 2137 5303 et
2173 5260 2402 5303 contem-
2435 5248 2457 5273 ·’

3053 4547 3229 4616 Igitur
3283 4548 3483 4615 objecta
3547 4545 3727 4614 clypeo
3792 4554 3840 4597 et
3892 4546 4077 4612 galea,

2496 4617 2771 4691 repudiata
2800 4618 3256 4691 spretaqueomni
3281 4618 3491 4679 militia,
3522 4617 3590 4667 ad
3620 4618 3845 4691 amicam
3882 4618 4077 4691 Antio-

2497 4686 2619 4747 chia:
2653 4686 2919 4759 degentem
2953 4690 3168 4759 tle/trita
3196 4689 3310 4750 Quo
3358 4703 3475 4739 cum
3526 4686 3743 4737 venisset
3785 4692 3833 4754 et
3877 4688 4079 4739 amoris

2496 4757 2749 4819 illecebris
2777 4762 3025 4814 Martium
3050 4757 3281 4811 habitum
3305 4763 3691 4811 commutasset.
3727 4763 3935 4805 tantum
3972 4772 4075 4808 non

2500 4834 2681 4887 lanam
2717 4832 3097 4893 tractabat‘aut
3119 4826 3278 4879 telam
3315 4826 3517 4877 texebat
3547 4832 3595 4893 et
3624 4823 3795 4875 colum
3837 4825 4067 4886 tenebat,

2498 4912 2553 4955 ut
2578 4901 2701 4955 olim
2731 4900 2980 4952 Hercule:
2998 4892 3295 4963 Omphala’,
3314 4896 3389 4947 sic
3418 4897 3526 4958 ipse
3548 4892 3802 4958 Philippa!
3815 4894 4072 4947 serviens.

2501 4973 2632 5027 Erat
2670 4989 2729 5023 ea
2770 4970 3000 5022 Petebini
3032 4970 3166 5035 ﬁlia,
3191 4981 3339 5017 soror
3362 4967 3472 5033 ejus
3495 4979 3610 5031 qua:
3637 4980 3741 5035 non
3771 4966 3843 5013 ita
3872 4964 4076 5029 pridem

2490 5041 2745 5095 Manueli
2777 5032 3108 5109 imperatori,
3165 5032 3451 5109 Andronici
3497 5032 3744 5109 patrueli.
3795 5045 4073 5100 nupserat.

2472 5113 2792 5165 Antiochiae
2851 5104 3040 5176 degens
3093 5105 3299 5158 deliciis
3341 5104 3602 5176 inhiabat,
3638 5110 4076 5153 ornamentorum

2500 5198 2629 5250 pene
2683 5181 2752 5241 ad
2801 5173 3067 5250 insaniam
3113 5173 3682 5250 studiosusssatellites
3727 5187 3819 5237 per
3865 5176 4077 5237 plateas

2502 5244 2921 5303 circumducebat
2970 5248 3231 5316 argenteis
3274 5244 3849 5316 arcubusiustructos.‘
3887 5257 4077 5316 proce-

2505 5336 2609 5383 ros,
2635 5323 2807 5389 prima
2838 5310 3088 5386 lanugine
3114 5319 3461 5391 ﬂorescentes.
3491 5313 3640 5382 [laris
3665 5310 3875 5391 capillis
3904 5313 4075 5391 niten-

2504 5397 2577 5442 tes
2612 5386 2818 5457 {eaque
2844 5390 3049 5439 ratione
3072 5386 3358 5459 scitabatur
3388 5399 3502 5459 eam
3544 5399 3573 5432 a
3611 5396 3714 5445 qua
3746 5386 3854 5447 ipse
3889 5390 4077 5459 captus

2505 5468 2618 5512 erat
2650 5470 2696 5511 et
2727 5454 3001 5510 amatoriis
3034 5454 3530 5508 vinculis..'~retilus.
3565 5460 3613 5502 et
3662 5465 3760 5515 par
3803 5454 3922 5517 pari
3956 5464 4076 5501 cum

2494 5529 2699 5597 [amore
2726 5528 3001 5594 referebat,
3028 5542 3145 5597 cum
3176 5523 3376 5597 alioqui
3407 5519 3723 5597 admiranda
3746 5519 4077 5597 formamn-

2504 5590 2734 5667 spicuus,
2783 5590 2894 5650 tum
2940 5595 3161 5649 vestibus
3212 5590 3423 5667 subinde
3468 5591 3686 5667 mutatis
3728 5590 3977 5667 insig‘nis‘.
4014 5590 4077 5639 iis

2504 5657 2795 5737 praesertim
2822 5683 2938 5736 qua:
2971 5667 3113 5739 ultra
3142 5672 3359 5739 nates_et
3382 5664 3579 5731 [ειη-να
3601 5660 3837 5739 demissa
3855 5657 4043 5739 ﬁndun

2508 5728 2594 5791 tur
2622 5747 2671 5791 et
2716 5740 2789 5791 ita
2831 5728 3135 5806 corporibus
3178 5728 3515 5807 applicantur
3595 5738 3613 5782 t
3651 5728 3809 5807 veluti
3859 5733 4076 5807 altealte

2504 5808 2587 5871 illi
2614 5825 2723 5863 esse
2747 5800 3022 5863 videantur
3054 5824 3068 5868 ;
3101 5800 3257 5875 cujus
3280 5802 3472 5857 inrcuti
3503 5809 3684 5855 auctor
3716 5800 3822 5868 ipse
3844 5800 4070 5862 exstitit,
