4270 6374
138 390 261 453 435

1144 383 1242 444 DE
1289 374 1661 441 MANUELE
1705 364 2067 431 COMNENO
2106 366 2249 425 LIB.
2298 364 2397 423 ιν.

3308 351 3417 413 ιεϐ

218 508 304 566 ς’.
343 501 506 554 Ἀλλὰ
533 499 653 553 τίνα
682 498 746 551 τά
797 494 951 565 παρά
1008 493 1217 557 πόδαςς
1252 488 1431 561 χρεὼν
1459 486 1571 555 γὰρ
1602 480 1743 554 μηδὲ
1773 483 1820 541 Α

1733 497 1743 531 ι
1773 483 1820 541 Α
1919 475 1973 530 6.
2013 474 2126 529 Hoc
2162 475 2284 527 loco
2319 467 2453 525 illud
2494 464 2938 537 pretereundum
2966 477 3077 519 non
3106 471 3210 519 est.
3244 464 3419 519 Pieri-

138 596 364 647 τούτων
392 592 713 659 ἀφέξεσθαι.
750 588 1028 659 Περιδεεῖς
1051 587 1100 638 οι
1132 583 1317 638 πολλοὶ
1338 581 1450 633 τῶν
1472 576 1740 649 κρατούν-

143 703 270 738 των
298 686 403 737 sici
434 684 531 736 καὶ
580 680 949 750 καχύποπτοι,
980 677 1078 730 καὶ
1130 676 1383 745 χαίρουσι
1412 668 1743 738 διαπραττό-
1783 701 1787 705 -

146 792 311 828 ιιενοι
342 777 446 827 ὅσα
476 774 704 836 θάνατος
728 774 827 825 καὶ
855 772 999 831 Χάος
1030 772 1126 824 καὶ
1162 766 1393 838 Ἔρεϐος
1428 767 1487 817 ἐν
1516 762 1593 831 τῷ
1615 760 1741 823 τοὺς

143 868 491 935 εει-πατρίδας
514 865 843 933 ἀκροτομεῖν
874 866 967 916 καὶ
1022 860 1269 915 ἐκποδὼν
1307 857 1523 911 τιθέναι
1559 853 1741 907 πάντα

143 958 363 1025 ὑψηλδν
395 959 487 1010 καὶ
520 956 818 1026 μετέωρον,
867 955 963 1008 καὶ
1014 954 1260 1007 ἐοίκασιν
1290 949 1530 1019 ἀτεχνῶς
1558 947 1742 1016 ὑψιτε-
1778 984 1783 997 .

144 1050 273 1101 via:
327 1048 423 1100 καὶ
481 1048 814 1116 ἀκροκόμοις
860 1046 1104 1098 πίτυσιν.
1148 1046 1237 1105 Ὠς
1292 1044 1400 1111 γὰρ
1455 1036 1613 1094 αὗται
1650 1038 1742 1091 καὶ

147 1142 450 1211 βραχείαις
508 1141 731 1210 ἀνίμων
764 1139 957 1200 πνοαῖς
986 1136 1087 1198 τὰς
1119 1136 1228 1207 τῶν
1268 1133 1481 1187 κλάδων
1511 1132 1737 1201 βελόνας

143 1232 636 1299 δια-τινασσόμεναι
670 1227 1069 1298 ψιθυρίζουσιν,
1098 1227 1242 1279 οὑτω
1260 1227 1321 1295 δὴ
1342 1228 1436 1278 καὶ
1465 1217 1613 1277 οὗτοι
1646 1224 1742 1299 καὶ

144 1325 249 1376 τὸν
312 1298 534 1392 πλούτῳ
584 1321 851 1389 κομῶντα
903 1318 1304 1371 ὑποϐλέπονται
1367 1318 1461 1369 καὶ
1498 1317 1590 1369 τὸν
1643 1298 1743 1367 ἐπ’

146 1415 353 1484 ἀνδρίᾳ
404 1415 510 1465 τῶν
548 1411 759 1465 πολλῶν
801 1411 1129 1481 διαφέροντα
1181 1410 1586 1476 κατεπτήχασι.
1623 1406 1741 1459 Κάν

146 1508 243 1575 εἴη
266 1523 354 1568 τις
382 1507 443 1557 τὸ
476 1504 670 1564 κάλλος
709 1502 1078 1571 ἀγαλματίας,
1114 1504 1206 1553 καὶ
1257 1501 1356 1567 τὴν
1390 1498 1634 1566 γλῶτταν
1666 1497 1741 1559 ὠς

146 1599 308 1665 ὅρνις
376 1596 720 1665 μουσηγέτης
765 1594 1064 1663 ἐστόμωτο,
1126 1591 1230 1644 κάν
1286 1591 1345 1643 τὸ
1401 1585 1531 1658 ἦθος
1565 1588 1742 1656 ὁρξλτο

149 1690 519 1759 εὐτράπελος,
580 1688 680 1740 οὐκ
733 1690 797 1759 ἑᾷ
826 1686 1113 1740 καθεύδειν
1141 1685 1231 1737 τὸν
1264 1685 1355 1736 ἐπὶ
1376 1683 1471 1735 τοῦ
1507 1682 1741 1748 στέφου;

149 1778 268 1830 οὐδ’
306 1779 553 1849 ἠρεμεῖν,
574 1778 708 1831 ἀλλὰ
730 1776 1135 1846 γίνεταιτούτῳ
1157 1776 1265 1828 τῶν
1291 1774 1477 1826 ὕπνων
1506 1773 1734 1841 ἐκκοπὴ,

146 1872 254 1939 τῆς
279 1869 494 1937 τρυφῆς
520 1870 820 1939 ἀνατροπὴ,
853 1867 1048 1939 ἡδονῆς
1090 1868 1398 1935 ὑφαίρεσις,
1429 1865 1727 1935 φροντίδων

150 1961 446 2025 ἀπόθεσις⁸
480 1962 573 2013 καὶ
602 1962 699 2030 τὴν
725 1960 889 2029 φύσιν
948 1961 1258 2029 μέμφονται
1289 1958 1385 2027 τὴν
1418 1958 1742 2025 πλάστριλν,

151 2055 239 2105 ὃτι
265 2055 363 2105 καὶ
389 2054 613 2122 ἑτέρους
662 2054 743 2115 είς
775 2053 835 2104 τὸ
891 2051 1081 2122 ἄρχειν
1139 2048 1416 2112 ὲπιδὸξους
1450 2048 1743 2117 ἐπαλαμή-

154 2162 321 2207 σατο,
353 2146 448 2198 καὶ
513 2146 587 2214 μὴ
652 2144 903 2211 πρώτους
966 2143 1167 2205 αὐτοὺς
1196 2144 1289 2195 καὶ
1323 2141 1587 2201 ὑστάτους
1615 2141 1744 2191 κτλ-

152 2239 377 2299 >.ίστους
428 2236 736 2305 ἀνθρώπων
790 2236 1112 2305 ἐφύτευσεν.
1178 2234 1390 2287 Οὐκοῦν
1436 2233 1529 2283 καὶ
1594 2231 1745 2282 ἀντι-

154 2328 554 2399 στρατεύονται
578 2330 646 2379 τὰ
680 2327 851 2379 πολλὰ
875 2330 940 2397 τῇ
967 2326 1194 2397 προνοίᾳ
1212 2326 1306 2377 καὶ
1329 2324 1404 2392 τῷ
1426 2325 1554 2394 θείῳ
1577 2323 1748 2391 ὑπέρ-

154 2423 321 2475 οπλοι
381 2423 655 2489 γίνονται,
740 2421 922 2473 πάντα
982 2417 1163 2485 ἀγαθά
1215 2419 1280 2468 ὲκ
1328 2414 1423 2468 τοῦ
1500 2413 1748 2473 πλείονος

156 2511 587 2582 ἑκχορδεὺοντες
641 2512 739 2563 καὶ
789 2508 865 2570 ὡς
929 2508 1146 2577 θύματα
1209 2506 1629 2575 σφαγιάζοντες,
1674 2502 1749 2565 ὡς

157 2606 341 2674 ἔχοιεν
395 2604 480 2670 ἐφ’
528 2602 759 2673 ἡσυχίας
806 2600 1077 2671 δήπουθεν
1104 2593 1249 2653 οὗτοι
1300 2598 1515 2666 σπαθᾷν
1543 2596 1637 2649 καὶ
1672 2596 1746 2656 ὡς

159 2696 422 2766 πατρῷον
449 2694 651 2763 κλῆρον
688 2693 1098 2763 καθηδυπαθεῖν
1137 2689 1445 2761 μονώτατοι
1476 2692 1543 2741 τά
1582 2689 1748 2757 δημό-

160 2805 257 2840 σια
285 2786 384 2839 καί
408 2786 481 2848 ὡς
508 2786 867 2857 ἀνδραπόδοις
891 2783 1133 2854 χρῆσθαι
1164 2785 1275 2845 τοῖς
1304 2779 1617 2849 ἐλευθέροις
1657 2779 1751 2830 καὶ

156 2882 234 2944 ὼς
264 2880 500 2950 ὠνητοῖς
521 2882 636 2942 τοῖς
661 2879 983 2947 ἀξιωτέροις
1011 2876 1183 2927 ἐνίοτε
1215 2878 1409 2942 ἄρχειν
1439 2872 1751 2942 προσφέρει

163 2973 318 3036 σθαι,
344 2972 533 3033 κακῶς
567 2971 772 3033 τίδότες
793 2971 889 3021 καὶ
910 2969 971 3021 τὸ
1000 2969 1216 3036 φρονεῖν
1247 2969 1350 3018 ὑπὸ
1374 2966 1473 3033 τῆς
1503 2964 1746 3027 ἐξουσίας

160 3064 517 3135 ἀφῃρημένοι
550 3062 644 3115 καὶ
692 3060 1040 3121 κακοδούλως
1094 3059 1201 3111 τῶν
1236 3056 1507 3127 πρότριῖα
1553 3056 1747 3108 λανθα-

1845 582 1953 638 que
2016 565 2296 635 principes
2350 558 2695 616 formidolosi
2752 566 2881 612 sunt
2932 557 3267 626 suspicaees,
3317 574 3422 613 nec

1845 660 2061 715 inferno
2084 666 2139 712 et
2176 664 2352 710 morte
2399 651 2788 708 clementiores
2827 650 2881 703 in
2910 652 3042 705 viris
3061 649 3345 705 nobilibus
3365 659 3422 705 ct

1843 750 2129 822 generosis
2183 763 2213 801 e
2268 745 2449 799 medio
2503 743 2795 807 tollendis;
2852 750 2910 795 et
2960 750 3020 795 ut
3066 741 3187 796 alta;
3250 739 3421 810 picea:

1844 844 2151 900 levissimo.
2177 849 2344 894 vento
2400 830 2649 906 impulsae
2703 848 2983 889 ramorum
3036 832 3241 887 aculeis
3278 835 3423 885 inter

1844 954 1903 992 se
1936 934 2143 990 collisis
2170 933 2435 995 stridunt,
2466 931 2549 984 sic
2583 929 2689 1010 ipsi
2726 938 2781 981 et.
2829 928 3057 981 divitem
3105 934 3439 995 suspectum

1846 1030 2053 1084 habent
2083 1036 2137 1083 et
2178 1026 2502 1081 fortitudine
2534 1007 2804 1091 insignem
2830 1007 3142 1075 formidant.
3179 1018 3289 1072 Nec
3311 1021 3425 1072 for-

1847 1139 1935 1177 ma
1959 1137 2062 1177 nec
2098 1120 2351 1175 facundia
2381 1133 2481 1172 nec
2515 1130 2730 1170 morum
2768 1114 2997 1167 comitas
3020 1112 3250 1181 insignis
3271 1112 3435 1179 quie-’

1847 1224 1929 1270 tos
1968 1228 2064 1268 eos
2102 1226 2226 1265 esse
2267 1211 2573 1280 patiuntur,
2606 1207 2701 1261 sed
2729 1204 2877 1259 omni
2911 1219 3048 1273 pene
3075 1203 3201 1256 vita:
3235 1200 3423 1254 suavi-

1843 1315 1953 1361 tate
2018 1304 2262 1374 privaut,
2324 1301 2461 1353 adeo
2529 1308 2588 1353 ut
2643 1306 2895 1352 naturam
2948 1295 3118 1365 ipsam
3163 1300 3428 1346 accusent

1845 1397 1991 1467 quod
2039 1395 2177 1448 alios
2226 1393 2391 1447 etiam
2448 1390 2678 1444 idoneos
2738 1386 2973 1457 imperio
3028 1385 3279 1439 formarit
3324 1396 3427 1436 nec

1846 1489 1993 1557 ipsos
2020 1485 2225 1555 primos
2258 1492 2313 1537 et
2343 1479 2926 1550 postremosomnium
2954 1475 3268 1529 mortalium
3303 1472 3428 1541 pul-

1846 1579 2155 1631 cherrimos
2203 1574 2443 1639 finxerit,
2496 1573 2806 1640 divinaeque
2842 1569 3209 1624 Providentiae
3260 1580 3429 1635 repu-

1846 1676 2031 1733 gnent,
2053 1675 2104 1719 et
2128 1665 2397 1732 optimum
2417 1676 2692 1731 quemque
2723 1660 2957 1713 tollaute
2981 1658 3161 1711 medio
3177 1665 3234 1710 et
3256 1655 3430 1708 instar

1847 1756 2147 1809 hostiarum
2181 1750 2521 1814 sacrificent,
2567 1750 2725 1818 187
2776 1759 2833 1801 tit
2864 1748 2964 1816 ipsi
3000 1756 3178 1799 metus
3202 1737 3433 1811 et‘peri-

1847 1846 1955 1901 culi
1988 1853 2243 1912 expertes
2270 1844 2487 1912 publica
2538 1842 2823 1910 vectigalia
2854 1851 3111 1908 tanquam
3152 1837 3431 1907 privatum

1848 1937 2242 2006 patrimonium
2267 1951 2365 2004 pro
2388 1951 2484 1989 sua
2513 1934 2742 1988 libidine
2769 1932 3055 1986 effundere
3086 1941 3141 1984 et
3164 1924 3434 1999 ingenuos

1850 2030 2101 2083 homines
2160 2045 2259 2098 pro
2304 2029 2593 2096 mancipiis
2634 2038 2868 2081 tractare
2920 2025 3155 2090 possint,
3201 2022 3295 2091 qui
3326 2020 3431 2075 ali-

1847 2122 2067 2190 quando
2102 2120 2238 2189 ipsis
2266 2128 2395 2172 sunt
2432 2120 2664 2188 imperio
2695 2118 2993 2187 digniores.
3047 2115 3123 2169 lta
3170 2114 3429 2183 potentia

1850 2213 2128 2275 fastigium
2179 2210 2529 2279 prudentiam
2575 2211 2656 2263 eis
2689 2211 2903 2272 adimit,
2936 2218 2991 2263 et
3023 2208 3263 2276 pristinae
3297 2221 3431 2260 con-

1849 2303 2078 2357 ditionis
2111 2303 2334 2356 stultam
2359 2301 2694 2354 oblivioncm
2722 2301 2844 2353 allen
2863 2309 2903 2353 t.
2941 2301 3032 2354 Sic
3055 2298 3267 2351 Manuel
3291 2310 3434 2365 quo-

1852 2412 1961 2465 que
1992 2408 2114 2447 cum
2170 2393 2239 2447 ab
2290 2394 2481 2447 Alexio
2539 2401 2935 2461 protostratore
2981 2390 3128 2444 nulla
3177 2404 3237 2443 re
3286 2397 3435 2441 esset

1852 2489 2120 2551 olTensus,
2161 2502 2260 2539 uec
2283 2486 2404 2556 ejus
2430 2486 2591 2538 fidem
2637 2493 2693 2538 et
2721 2483 3163 2538 benevolentiam
3209 2480 3433 2535 deside-

1855 2599 1978 2635 rare
2033 2591 2238 2650 posset,
2275 2594 2338 2631 ac
2368 2586 2588 2631 tenuem
2622 2593 2720 2645 pro
2751 2577 2963 2630 meritis
2996 2576 3047 2629 ei
3080 2576 3309 2645 gratiam
3342 2587 3434 2627 re-

1853 2676 2089 2735 tulisset,
2135 2673 2247 2725 sola
2282 2671 2594 2739 δυειιίοἱοιιε
2630 2669 2902 2723 adductus
2950 2677 3003 2721 et
3056 2667 3433 2736 improborum

1859 2766 2145 2818 hominum
2180 2763 2470 2815 calumniis
2501 2760 2791 2828 impulsus,
2820 2760 2949 2827 quia
2978 2774 3106 2813 eum
3164 2767 3219 2811 et
3274 2755 3433 2810 duci-

1849 2860 1952 2912 bus
1981 2868 2036 2909 et
2072 2854 2338 2907 militibus
2366 2868 2485 2906 esse
2518 2853 2746 2905 charum
2774 2851 2989 2903 videbat
3022 2849 3425 2903 etliberalitate

1851 2965 1981 3018 erga
2016 2962 2209 3000 onmcs
2236 2946 2338 3009 uti,
2376 2960 2691 3013 quanquam
2723 2943 2975 2997 fortassis
2998 2943 3162 2996 etiam
3212 2942 3436 2997 divitias

1852 3044 1971 3112 ejus
2004 3041 2141 3094 clam
2167 3038 2481 3107 appetebat,
2518 3037 2755 3092 Serdicae
2777 3051 2944 3106 agens
2987 3036 3267 3089 hominem
3302 3042 3431 3088 ante

416 3158 549 3225 (90).
602 3158 708 3208 Καὶ
748 3157 777 3207 δ
805 3155 1067 3224 Μανουὴλ
1140 3154 1321 3206 τοίνυν
1370 3154 1523 3206 οὐδὲν
1581 3152 1746 3221 ἄχαρι
1775 3168 1817 3225 c

1775 3168 1817 3225 ο
1854 3136 2031 3189 lucem
2069 3150 2191 3187 cum
2221 3148 2391 3187 uxore
2422 3146 2517 3185 sua
2569 3130 2861 3183 cubantem
2908 3127 3348 3196 comprehendit,
3380 3135 3436 3179 et

162 3218 311 3318 ἔχων
332 3218 662 3313 ἐπεγκαλεῖν
719 3245 945 3313 Ἀλεξίῳ
999 3218 1077 3312 τῷ
1112 3244 1591 3314 πρωτοστράτορι,
1696 3218 1748 3296 ⁷ὃ
1782 3218 1816 3225 ν

1782 3218 1816 3225 ⁷
1852 3228 2114 3281 omnibus
2144 3226 2342 3295 opibus
2378 3223 2667 3277 multatum
2719 3223 2773 3275 in
2807 3221 3202 3275 monasterium
3256 3218 3437 3287 quod-

163 3358 216 3393 τι
260 3341 403 3403 ὅλως
459 3338 923 3407 παραλελὺπηκεν
973 3336 1007 3405 ἡ
1063 3336 1505 3405 παρηνώχλησεν
1569 3336 1601 3406 ἢ
1650 3336 1749 3403 τῆς

160 3433 527 3502 ὀφειλομένης
558 3432 771 3494 εὐνοίας
802 3431 896 3484 καὶ
918 3431 1157 3494 πίστεως
1180 3432 1466 3501 καθυφῆκε
1491 3431 1663 3501 βραχύ
1697 3450 1749 3485 τι

163 3525 252 3596 [Ρ.
321 3524 414 3595 94]
494 3523 625 3590 γοῦν
678 3524 989 3595 ἀντίρροπα
1032 3524 1242 3593 δράσας
1301 3519 1376 3577 ὧν
1436 3524 1525 3575 ὑπ’
1580 3523 1747 3577 αὑτοῦ

162 3617 439 3672 πέπονθεν
464 3613 546 3678 εὖ,
598 3617 693 3669 καὶ
749 3617 823 3677 ὡς
848 3617 940 3668 ἐπὶ
972 3615 1141 3682 ζυγοῦ
1194 3616 1293 3685 τὴν
1327 3616 1524 3683 ἑτέραν
1565 3616 1749 3685 παρή-

161 3725 362 3777 νεγκεν
385 3708 718 3775 πλάστιγγα,
749 3706 809 3771 ἐξ
832 3706 1086 3768 ὑπονοίας
1113 3706 1172 3758 δὲ
1203 3706 1373 3775 μόνης
1401 3704 1747 3775 ὁρμώμενος,

162 3801 524 3868 κακοσχόλων
569 3798 754 3862 τινῶν,
785 3799 861 3858 ὡς
894 3796 1205 3867 ἄνθρωπος,
1236 3796 1500 3865 ὑπαχθεὶς
1536 3796 1750 3864 ὑφηγή-

164 3908 342 3953 σεσιν,
380 3893 447 3943 ὲκ
495 3889 589 3943 τοῦ
648 3891 739 3942 τὸν
792 3888 963 3958 ἄνδρα
1007 3888 1144 3958 ὁρᾷν
1179 3888 1273 3939 καὶ
1299 3890 1625 3957 στρατηγοῖς
1657 3885 1751 3937 καὶ

166 3984 539 4055 στρατιώταις
599 3982 876 4051 ἐρώμενον
946 3982 1039 4033 καὶ
1091 3980 1362 4050 φιλοτίμῳ
1412 3978 1609 4049 γνώμῃ
1659 3974 1751 4030 καὶ

164 4075 315 4143 χειρὶ
343 4070 623 4142 φιλοδώρῳ
669 4071 809 4141 πρὸς
864 4071 1114 4132 ἅπαντας
1168 4070 1477 4140 χρώμενον,
1531 4070 1660 4131 ίσως
1687 4068 1744 4121 δὲ

165 4167 264 4221 καὶ
292 4164 388 4219 τοῦ
433 4164 731 4233 προσόντος
756 4161 905 4232 αὐτῷ
933 4161 1171 4213 πλούτου
1207 4159 1501 4227 ὑποτὺφων
1531 4160 1744 4225 ἔφεσιν,

167 4256 547 4326 συλλαμϐάνει
576 4254 767 4307 τοῦτον
797 4254 1002 4321 διάγων
1028 4254 1088 4304 ὲν
1115 4252 1383 4323 Σαρδικῇ,
1420 4253 1590 4320 μήπω
1624 4256 1753 4303 ἐπι-

170 4350 531 4419 φαυσκούσης
558 4348 797 4418 ἡμέρας,
822 4350 887 4416 τῇ
916 4348 1094 4417 οἰκείᾳ
1135 4346 1213 4398 ἔτι
1246 4345 1754 4413 συγκατακείμενον

162 4442 497 4513 ὀμευνέτιδι,
528 4442 624 4494 καὶ
674 4441 736 4493 οὐ
774 4441 935 4510 μόνον
986 4440 1098 4492 τῶν
1118 4439 1291 4492 ὄντων
1326 4439 1585 4491 ἀπάντων
1611 4440 1753 4489 duo.

1852 3321 1977 3374 dum
2024 3318 2244 3387 Papycii
2281 3317 2482 3369 montis
2524 3315 2769 3383 conjicit.
2804 3312 2885 3367 Ne.
2926 3322 3110 3366 autem
3143 3311 3193 3364 id
3228 3310 3441 3365 facinus

1853 3411 2155 3464 manifesta}
2187 3409 2400 3478 injuria:
2442 3408 2819 3467 damnaretur,
2839 3403 3208 3474 sycophanta
3238 3410 3439 3471 praesto

1849 3511 2026 3566 erant,
2054 3502 2147 3567 qui
2182 3501 2401 3556 crimini
2458 3500 2655 3555 darent
2691 3514 2817 3553 eum
2870 3497 3100 3566 magicis
3142 3496 3438 3566 praestigiis

1854 3596 2238 3663 imperatorem
2288 3602 2509 3661 petere;
2543 3605 2663 3660 qua:
2693 3590 2837 3643 haud
2894 3589 3008 3643 scio
3053 3604 3121 3642 an
3155 3590 3226 3641 ita
3254 3587 3436 3642 effica-

1853 3702 1945 3742 ces
1971 3686 2082 3740 sint
2113 3686 2283 3755 (sana:
2332 3682 2553 3752 quidem
2607 3696 2772 3734 aures
2816 3680 2885 3735 ab
2918 3680 3233 3733 istiusmodi
3284 3694 3439 3733 com-

1852 3777 2052 3831 mentis
2090 3774 2252 3843 188
2280 3772 2603 3840 abhorrent}
2637 3780 2694 3825 ut
2718 3771 2995 3825 hominem
3025 3770 3259 3824 elliciant
3286 3770 3438 3824 volu-

1852 3867 2225 3934 crem,itaque
2257 3864 2625 3935 perstringam
2660 3863 2852 3917 oculos
2880 3871 2940 3915 ut
2972 3862 3163 3916 stricto
3198 3876 3329 3915 ense
3362 3860 3441 3914 ir-

1853 3974 2017 4014 ruens
2048 3974 2157 4012 nun
2212 3956 2604 4024 conspiciatur.
2640 3954 2795 4021 Quod
2821 3970 2995 4024 genus
3024 3954 3113 4008 illa
3157 3964 3286 4009 sunt
3316 3970 3440 4024 quas

1853 4050 2027 4107 Graeci
2054 4050 2181 4105 olim
2210 4050 2277 4104 de
2300 4050 2499 4102 Perseo
2521 4048 2857 4102 fabulantur.
2895 4046 3099 4100 Eorum
3134 4045 3437 4100 calumnia-

1855 4154 2035 4199 torum
2079 4142 2335 4211 princeps
2353 4155 2483 4193 esse
2518 4138 2795 4192 ferebatur
2821 4139 3001 4191 Aaron
3037 4136 3271 4190 lsaacius
3296 4176 3310 4199 ,
3341 4134 3439 4205 qui

1857 4233 2121 4289 Corintho
2149 4247 2273 4286 cum
2315 4232 2529 4285 caeteris
2560 4231 2617 4284 iu
2663 4230 2909 4285 Siciliam
2941 4229 3213 4282 abductus
3246 4228 3434 4295 ibique

1855 4326 2102 4381 Latinam
2153 4325 2394 4392 linguam
2423 4321 2696 4390 exquisite
2739 4320 2971 4373 edoctus
3002 4318 3321 4372 Latinorum
3356 4320 3440 4371 in-

1857 4426 2155 4486 terpretem
2182 4416 2377 4485 agebat
2426 4413 2569 4483 apud
2618 4413 3027 4481 imperatorem.
3079 4408 3251 4463 Alexii
3303 4424 3437 4463 vero

163 4499 389 4605 γυμνοῖ,
446 4499 584 4586 ἀλλά
615 4533 712 4584 καὶ⁵
742 4499 823 4594 είς
860 4536 1105 4601 μοναχὸν
1133 4532 1434 4599 ἀποκείρας
1452 4530 1509 4581 ὲν
1537 4530 1618 4581 ἑνὶ
1642 4529 1752 4579 τῶν
1782 4500 1830 4559 D

1750 4546 1752 4563 .
1782 4500 1830 4559 Β
1857 4525 2014 4571 uxor,
2040 4508 2217 4563 Alexii
2252 4506 2604 4576 primogeniti
2646 4504 2834 4559 fratris
2859 4501 3128 4557 Hanuelis
3156 4502 3287 4564 lilia,
3317 4499 3436 4570 pie-

164 4627 313 4680 κατὰ
335 4627 400 4679 τὸ
430 4624 710 4677 Παπύκιον
726 4624 854 4694 ὅρος
885 4624 1324 4696 φροντιστηρῐων
1346 4624 1745 4693 παραρῤιπτεῖ.

168 4715 289 4768 Ἰνα
314 4714 372 4766 δὲ
417 4712 492 4783 μὴ
525 4707 645 4784 ᾗτδ
674 4711 920 4783 πραχθὲν
974 4711 1386 4780 ἀπροφάσιστον
1442 4710 1536 4761 καὶ
1584 4707 1753 4777 προῦ-

166 4822 306 4860 πτον
335 4804 428 4856 διὰ
459 4802 620 4856 τοῦτο
649 4803 711 4855 τὸ
745 4802 1026 4871 βασιλικὸν
1071 4801 1323 4870 ἀδίκημά
1355 4816 1414 4853 τε
1442 4801 1536 4853 καὶ
1582 4802 1755 4869 ἀσχη-

170 4897 421 4965 μόνημα,
457 4895 507 4947 οί
568 4896 910 4962 συκοφάνται
946 4892 1205 4962 παρῆσαν
1252 4893 1424 4959 ἐγγὺς
1470 4892 1753 4959 ὑφειμένοι

164 4987 302 5057 παρ’
334 4982 410 5038 ὦν
438 4984 850 5054 ὑπεϐλήθησαν,
911 4983 1010 5037 καὶ
1039 4984 1287 5053 γοητεῖαι
1314 4982 1458 5036 κατά
1485 4982 1749 5052 βασιλέως

165 5081 233 5133 τὰ
268 5080 575 5148 αίτιάματα
600 5076 754 5131 οὑπω
777 5077 921 5130 πάνυ
955 5094 1007 5129 τι
1037 5075 1261 5129 πιθαναὶ
1291 5076 1385 5128 καὶ
1430 5076 1750 5145 δραστήριοι

164 5173 242 5235 ὡς
265 5173 447 5223 ποιεῖν
476 5170 567 5222 τὸν
589 5172 935 5240 κεχρημένον
993 5169 1297 5239 πετόμενον
1328 5168 1424 5220 καὶ
1454 5167 1579 5237 μηδ’
1609 5169 1749 5229 ὅλως

165 5265 448 5332 θεώμενον
487 5262 613 5315 καθ’
647 5256 722 5315 ὧν
780 5263 849 5314 ἂν
873 5262 1235 5315 ἐπεισπέσθαι
1290 5261 1587 5331 ξιφηφόρος
1625 5261 1749 5329 βούο

166 5356 336 5419 λοιτο,
367 5353 463 5406 καὶ
493 5353 635 5422 ἕτερ’
671 5352 809 5405 ἄττα
861 5351 1153 5422 βωμολόχα
1180 5358 1277 5405 καὶ
1309 5353 1499 5412 ἀκοαῖς
1560 5352 1746 5417 ὑγιαι-

167 5442 389 5504 νούσαις
419 5443 521 5494 οὑκ
552 5441 961 5511 εὐπαράδεκτα,
992 5443 1154 5494 ὁποῖα
1185 5440 1349 5495 πάλαι
1370 5438 1465 5492 τοῦ
1495 5441 1747 5508 Περσέως

1857 4614 1969 4660 tate
2000 4606 2055 4660 in
2085 4605 2342 4659 maritum
2389 4613 2444 4656 et
2506 4601 2768 4671 pudicitia
2820 4600 3052 4667 insignis
3115 4607 3173 4649 et
3221 4596 3436 4649 illustre

1856 4699 2141 4753 muliebris
2163 4711 2326 4750 sexus
2360 4702 2772 4756 ornamentum,
2825 4690 3029 4744 frustra
3054 4689 3159 4743 sibi
3185 4688 3284 4757 ipsi
3326 4702 3439 4741 ma-

1857 4805 1963 4844 nus
1993 4788 2189 4841 all‘erre
2227 4796 2444 4847 conata,
2487 4784 2554 4837 ad
2587 4783 2765 4852 patrui
2801 4783 2969 4851 pedes
2998 4782 3231 4850 supplex
3261 4779 3437 4833 advo-

1857 4884 1974 4939 luta
1998 4895 2320 4949 summoque
2369 4893 2495 4932 cum
2528 4878 2681 4930 luctu
2731 4885 2791 4931 et
2827 4876 3177 4931 sanctissimo
3225 4874 3440 4943 jureju-

1856 4976 2031 5032 rando
2084 4974 2263 5027 mariti
2311 4971 2680 5026 innocentiam
2749 4978 2806 5023 et
2866 4983 2994 5037 erga
3047 4967 3436 5035 imperatorem

1856 5072 2017 5125 fidem
2064 5079 2229 5136 atque
2276 5063 2682 5119 observantiam
2740 5060 3050 5123 testificata,
3111 5073 3435 5126 permovere

1857 5174 2039 5216 tamen
2071 5162 2193 5227 ejus
2242 5158 2487 5211 animum
2551 5155 2617 5207 ad
2673 5152 3138 5213 misericordiam,
3183 5150 3437 5219 quamvis

1854 5252 2145 5308 miserabili
2174 5251 2385 5314 habitu,
2409 5262 2507 5301 nec
2524 5263 2553 5299 a
2576 5244 2849 5300 sententia
2875 5242 3035 5312 189
3055 5243 3324 5296 deducere
3345 5256 3433 5309 po-

1856 5345 1979 5398 tuit.
2005 5343 2191 5409 Itaque
2210 5356 2273 5393 ex
2292 5346 2556 5410 perpetuo
2576 5350 2813 5391 mcerore
2834 5334 3150 5389 solitudinis
3176 5342 3226 5385 et
3256 5333 3429 5394 luctu,

1856 5447 2019 5490 castae
2049 5436 2281 5487 tttrturis
2321 5435 2511 5494 instar,
2543 5431 2746 5485 mentis
2773 5443 2964 5484 errore
2997 5441 3170 5495 usque
3201 5425 3269 5479 ad
3309 5427 3433 5479 obi-

1427 5581 1598 5642 llier.
1642 5582 1841 5643 Wolfii
1886 5588 2073 5639 nota).

242 5715 356 5781 (90)
399 5710 524 5767 Τῶν
546 5713 829 5780 πρότριτα
848 5711 1307 5780 λανθανόμενοι.
1335 5708 1549 5771 Referri
1573 5718 1751 5779 potest

172 5787 277 5840 hoc
312 5784 398 5839 vel
435 5783 503 5838 ad
535 5782 859 5838 meritorum
892 5793 949 5837 et
979 5797 1163 5837 rerum
1188 5792 1467 5851 gestarum
1514 5782 1750 5834 oblivio-

1861 5722 2008 5770 ut-m,
2062 5704 2145 5758 vel
2209 5703 2273 5755 ad
2331 5700 2676 5756 insolentiam
2728 5697 2973 5769 pristina:
3020 5697 3184 5751 sortis
3235 5696 3428 5751 imme-

1862 5792 2089 5830 morem.
