4270 6374
762 396 868 459 499
1985 419 2062 477 Nl
2075 421 2279 479 ;’;ΕΤ;Ε
2331 422 2530 481 Clle
2543 426 2559 481 l
2573 423 2736 481 AT:E
3893 433 4003 497 .500

752 529 918 614 τεκνα
973 514 1067 569 καὶ
1113 518 1473 590 συλλὲκτρους
1530 524 1693 595 ἴδητε.
1736 528 1947 595 Ἀράτω
1996 531 2092 593 τας
2130 534 2314 597 φωνάς
2354 534 2461 586 τῶν
2515 537 2817 607 Βαρϐάρων
2856 539 2882 590 ό
2964 539 3255 609 βαθυδίνης
3297 541 3478 593 οὑτοτὶ
3544 543 3754 611 Ἴστρος
3788 547 3997 614 ἐπιτρι-

752 607 997 674 ὕομένων
1024 610 1116 663 καὶ
1144 615 1264 675 ταῖς
1309 614 1483 679 δίναις
1550 618 2000 687 ἐναποῷυχόντων
2026 636 2040 650 ·
2106 622 2247 676 ἀλλά
2297 628 2392 675 καὶ
2430 625 2744 697 αἱματώδης
2782 607 3067 699 προρρεων
3104 629 3172 683 δι’
3203 623 3278 683 ὧν
3314 632 3506 700 χωρῶν
3555 607 3697 699 ὁ).κῷ
3744 607 4000 704 σύρεται,

750 702 1124 770 διατρανούτω
1170 704 1413 769 Παίονας
1473 708 1812 777 ἡττημένους
1866 713 1959 764 καὶ
2012 712 2318 782 Ῥωμαίους
2355 716 2784 785 ἀνακηρυττέτω
2827 718 3115 783 νικῶντας,
3186 721 3417 783 ὲξιστῶν
3467 722 3594 782 τοὺς
3682 702 3997 790 θεωμένους

750 792 825 859 τῷ
857 793 1013 861 ἀήθει
1043 794 1141 863 τῆς
1170 798 1425 868 προχοῆς.
1464 799 1655 868 Χρεὼν
1688 801 1741 853 δὲ
1808 802 1943 870 πρὸς
2019 803 2230 861 τούτοις
2296 808 2517 858 σκοπεῖν
2564 807 2641 871 ὡς
2691 807 2721 860 ό
2774 791 3063 878 ἐκπέμψας
3110 815 3256 879 ἡμᾶς
3295 814 3352 874 ἐς
3415 815 3563 867 τόνδε
3617 815 3709 868 τὸν
3764 818 4001 885 ιεὲλεμον

749 888 899 981 ἅπας
944 888 1099 958 ἡμῶν
1132 892 1451 963 ἐξήρτηται,
1488 898 1583 948 καὶ
1627 901 1890 967 χρησταῖς
1955 897 2171 952 ἐλπίσιν
2247 901 2696 972 ὑποθαλπόμενος
2748 904 2835 973 ἐφ’
2896 899 2978 968 οἷς
3037 907 3188 976 αὐτῷ
3247 908 3341 960 καὶ¹
3415 909 3556 976 ὑπὲρ
3628 911 3785 980 ἰσχὺν
3817 912 3999 981 ἀνδρί-

753 978 950 1033 σασθαι
985 982 1343 1053 συνεθέμεθα,
1378 988 1577 1056 μικροῦ
1625 988 1748 1049 τοὺς
1813 989 2058 1060 ζωγρίας
2123 991 2388 1044 ἀναπολεῖ
2429 993 2522 1046 καὶ
2568 994 2630 1047 τὸ
2681 995 2783 1064 τῆς
2827 994 2986 1064 νίκης
3021 997 3357 1064 φαντάζεται
3392 999 3646 1067 μέγεθος.
3684 978 3780 1068 hii]
3818 978 4001 1053 τοίνυν

749 1075 1003 1130 κάκεῖνον
1029 1080 1377 1149 αἰσχύνωμεν
1407 1084 1503 1136 καὶ
1542 1085 1687 1153 ἡμᾶς
1740 1084 1941 1146 αὐτοὺς
1972 1086 2159 1148 κακῶς
2230 1086 2549 1158 διαθὼμθα
2609 1090 2745 1160 πρός
2803 1090 2895 1142 τὸν
2946 1092 3004 1143 ἐν
3063 1091 3183 1160 ὄψει
3227 1092 3654 1160 μαλακισθέντες
3721 1095 3994 1156 κίνδυνον,

749 1168 904 1223 οὐδὲν
955 1170 1037 1222 ὅτι
1096 1171 1171 1242 μὴ
1235 1171 1468 1227 θάνατον
1516 1174 1579 1227 τὸ
1625 1177 1800 1247 πέρας
1861 1179 2076 1248 ἔχοντα.
2150 1179 2215 1232 Al
2280 1179 2389 1251 γὰρ
2427 1181 2603 1248 ἀκμαὶ
2638 1181 2747 1236 τῶν
2773 1182 2961 1237 κακῶν
2989 1184 3049 1236 οὐ
3078 1182 3321 1253 φιλοῦσιν
3350 1185 3629 1249 ἀνάδυσιν,
3656 1187 3747 1239 καὶ
3778 1186 3837 1239 τὸ
3870 1185 4000 1256 βρα·

749 1263 889 1330 χέως
922 1264 980 1315 ἐν
1038 1263 1248 1327 τούτοις
1295 1265 1723 1322 καθυπενδοῦναι
1778 1270 2209 1341 καταπροδοῦναι
2254 1272 2315 1324 τὸ
2354 1273 2462 1325 πᾶν
2490 1275 2625 1326 ἐστι.
2669 1292 2689 1326 ι

820 1357 872 1409 5.
907 1354 1277 1412 Haeclocutus
1311 1374 1437 1413 suas
1461 1360 1645 1428 cupias
1676 1360 1728 1414 in
1759 1369 2038 1430 patentem
2063 1377 2317 1432 campum
2349 1364 2394 1421 Α
2492 1382 2506 1429 1

2311 1364 2394 1421 ιΑ
2492 1370 2564 1431 γ’.
2618 1364 2837 1419 Τοιαῦτ¹
2890 1365 3061 1420 εἰπὼν
3126 1367 3219 1420 ἐπὶ
3285 1367 3466 1421 πεδίου
3536 1369 3997 1438 ἀναπεπταμένου

751 1446 958 1501 educit.
996 1445 1141 1501 Idem
1172 1458 1359 1502 contra
1394 1458 1450 1503 et
1486 1449 1779 1520 Dionysius
1800 1450 1951 1513 facit,
1973 1450 2135 1505 hilari
2164 1450 2317 1503 vultu

751 1552 874 1593 cum
913 1537 1103 1607 plausu
1131 1549 1186 1593 et
1224 1539 1431 1601 lmtitia,
1470 1542 1624 1608 quasi
1659 1541 1725 1595 ad
1766 1541 1960 1596 ludum
2000 1544 2123 1597 iret.
2157 1540 2316 1596 Unde

751 1628 881 1698 quid
923 1627 1192 1698 agendum
1239 1638 1386 1683 esset
1440 1628 1496 1685 in
1549 1632 1839 1700 ptaesentia
1897 1634 2139 1701 ignarus,
2190 1647 2318 1686 suas

753 1720 937 1789 copias
960 1736 1140 1790 neque
1171 1720 1225 1775 in
1251 1721 1509 1776 dextrum
1548 1723 1902 1778 sinistrumve
1928 1738 2098 1777 cornu
2131 1722 2316 1777 distri-

750 1812 892 1875 huit,
933 1828 1111 1882 neque
1158 1814 1211 1868 in
1259 1814 1545 1868 distinctas
1579 1825 1787 1869 turmas
1816 1823 1871 1869 et
1902 1813 2199 1884 phalanges
2222 1815 2315 1868 de-

751 1906 969 1974 scripsit
990 1904 1113 1960 :sed
1136 1913 1341 1960 tantum
1356 1907 1654 1959 exercitum
1683 1906 1736 1959 in
1762 1920 1925 1965 unam
1944 1888 2315 1974 quasi'turrim

747 1998 1026 2067 globatum
1067 2012 1130 2051 ac
1161 1996 1452 2052 densatum
1494 2008 1625 2052 atrze
1661 1998 1822 2052 nubis
1840 1999 2025 2052 instar
2062 1995 2314 2061 adduxit,

752 2105 875 2144 cum
911 2104 1124 2144 summo
1154 2100 1210 2145 et
1235 2090 1591 2146 acerbissimo
1617 2100 1928 2144 nostrorum
1962 2096 2303 2157 contemptu.

760 2183 1034 2237 Vexillum
1065 2184 1187 2253 ejus
1226 2184 1281 2237 in
1314 2198 1498 2237 crassa
1541 2191 1596 2237 et
1637 2183 1742 2235 alta
1779 2183 1953 2241 trabe,
1986 2194 2147 2249 quam
2179 2178 2313 2232 rotis

753 2275 1059 2344 impositam
1093 2276 1471 2345 quatuorjuga
1494 2275 1659 2328 boum
1694 2273 2007 2332 trahebam,
2034 2270 2192 2339 203
2225 2286 2315 2323 su-

751 2367 969 2421 blimea
1015 2367 1191 2421 ventis
1217 2367 1543 2437 agitabatur.
1596 2367 1725 2421 Erat
1775 2381 1838 2420 ea
1882 2363 2030 2418 acies
2084 2363 2314 2415 omnino

751 2457 1029 2512 horrenda
1062 2458 1204 2519 visu,
1234 2466 1345 2513 tota
1375 2458 1651 2527 equestris
1691 2465 1747 2510 et
1793 2456 2027 2510 hastata.
2070 2452 2180 2508 Nec
2209 2452 2311 2507 viri

753 2561 966 2603 tantum
1003 2549 1172 2604 armis
1202 2549 1421 2619 egregie
1448 2549 1515 2602 ad
1545 2548 1705 2611 pedes
1738 2562 1913 2617 usque
1955 2545 2178 2606 muniti,
2217 2543 2309 2598 sed

750 2649 806 2693 et
826 2654 1093 2709 equorum
1125 2648 1365 2708 pectora,
1392 2650 1448 2693 et
1473 2638 1682 2693 frontes
1728 2638 1872 2691 ferro
1925 2647 2115 2689 contra
2173 2634 2317 2689 ictus

750 2730 1130 2784 armabantur.
1184 2729 1265 2783 Ad
1330 2729 1448 2782 haec
1495 2744 1763 2797 equorum
1834 2726 2082 2781 hinnitus
2135 2741 2318 2780 armo-

750 2838 982 2890 rumque
1016 2822 1195 2891 fulgor
1220 2821 1353 2876 solis
1386 2820 1556 2875 radiis
1578 2821 1955 2884 everberatus,
1985 2830 2044 2873 ut
2089 2818 2316 2888 propius

749 2922 970 2967 ventum
1024 2921 1130 2976 est,
1182 2910 1403 2979 utrique
1452 2909 1717 2964 exercitui
1771 2909 2033 2978 majorem
2073 2906 2313 2960 admira-

750 3005 952 3060 tionem
1000 3012 1057 3057 et
1103 3013 1372 3059 terrorem
1416 3003 1699 3059 aﬂerebat.
1757 3004 1873 3059 Sub
1921 3003 2208 3058 meridiem
2259 3002 2312 3055 in

747 3098 989 3154 medium
1027 3111 1365 3167 processere.
1399 3096 1902 3167 Contostephanus,
1956 3096 2049 3151 ubi
2099 3106 2316 3165 tempus

758 3188 938 3243 visum
971 3197 1075 3253 est,
1123 3187 1301 3242 dextri
1333 3195 1391 3241 et
1423 3187 1635 3250 sinistri
1682 3202 1851 3242 cornu
1893 3186 2098 3242 milites
2127 3186 2315 3255 proxi-

748 3292 867 3335 mos
897 3287 1204 3333 extremum
1244 3277 1603 3334 barbarorum
1666 3290 1856 3347 agmen
1887 3276 2051 3347 jussit
2079 3275 2314 3335 caedere,

746 3370 1062 3441 sagittarios
1094 3384 1227 3423 vero
1257 3370 1473 3438 equites
1497 3369 1550 3422 in
1586 3369 1781 3439 primis
1813 3369 2033 3421 crebras
2077 3364 2307 3435 sagittas

748 3470 809 3515 ut
836 3460 1178 3530 conjicerent
1203 3457 1456 3512 hortatus
1478 3467 1585 3517 est,
1628 3472 1696 3511 eo
1725 3456 1960 3511 consilio
2000 3465 2061 3508 ut
2101 3455 2315 3509 Panno-

747 3552 965 3607 nlorum
1010 3550 1270 3605 continua
1315 3550 1551 3619 phalanx
1601 3548 2013 3602 dissolveretur.
2062 3547 2198 3601 Nam
2256 3554 2317 3599 ut

747 3652 906 3712 poeta
933 3653 1119 3698 noster
1139 3642 1239 3707 ait,
1285 3658 1304 3693 ι
1342 3640 1505 3698 Arma
1552 3640 1743 3704 armis,
1802 3638 1939 3709 pede
1978 3654 2075 3711 pes
2122 3639 2313 3699 hteret,

748 3736 1062 3804 densusque
1089 3733 1212 3786 viro
1239 3732 1377 3786 vim
1414 3732 1606 3786 Juncta
1640 3732 1767 3801 equi
1797 3729 1976 3799 capita
2001 3731 2314 3797 habebant;

747 3834 905 3881 atrox
938 3840 1119 3895 pugna
1146 3824 1319 3879 hastis
1341 3824 1602 3878 horrebat
1621 3869 1633 3886 ,
1663 3824 1839 3877 instar
1867 3823 2125 3877 draconis
2150 3837 2318 3890 squa-

756 3930 874 3969 mas
898 3915 1202 3971 attol'zentis
1232 3914 1515 3970 undabant
1546 3914 1844 3969 exercitus.
1871 3913 2162 3983 Dionysius
2180 3927 2314 3966 vero

2420 1456 2685 1527 προῆγεν.
2717 1456 3031 1526 Ἀντεξάγει
3074 1460 3131 1513 δέ
3175 1462 3224 1513 oi
3268 1463 3361 1514 καὶ
3396 1460 3672 1523 Διονύσιος
3714 1461 3780 1514 τὰ
3816 1464 3998 1514 οἰκεῖα

2421 1548 2779 1614 στρατόπεδα,
2807 1550 3045 1618 χαροπδς
3082 1549 3160 1619 τῷ
3186 1551 3483 1620 προσώπῳ,
3514 1552 3723 1621 κροτῶν
3756 1554 3870 1621 ἅμα
3900 1556 3997 1606 καὶ

2419 1634 2625 1704 χαίρων
2658 1635 2733 1699 ὡς
2768 1638 2858 1688 ἐπὶ
2891 1638 3114 1691 παιδιὰν
3144 1639 3323 1703 tam.
3370 1640 3600 1694 Ὃπόθεν
3628 1642 3723 1692 καὶ
3752 1642 3808 1693 τὸ
3833 1642 3885 1692 τί
3915 1642 4000 1694 δεῖ

2419 1730 2595 1779 ποιεῖν
2647 1729 2739 1781 ἐπὶ
2788 1730 2982 1799 καιροῦ
3035 1731 3108 1799 μὴ
3140 1731 3315 1794 εἰδὼς,
3349 1731 3473 1784 οὔτε
3505 1735 3584 1795 είς
3616 1733 3783 1802 κέρας
3816 1732 3995 1799 δεξιον

2419 1819 2510 1870 καὶ
2538 1816 2815 1881 εὐώνυμον
2849 1819 2947 1889 τὴν
2982 1820 3076 1873 ὑπ’
3101 1820 3263 1873 αὐτον
3300 1821 3527 1889 ἐμέρισε
3564 1822 3828 1889 στρατιάν
3867 1822 3996 1874 οὗτε

2417 1912 2496 1972 εἰς
2528 1909 2646 1972 ἴλας
2674 1912 2949 1964 ἀποδιεῖλε
2990 1912 3081 1964 καὶ
3117 1912 3423 1980 φάλαγγας,
3452 1913 3570 1965 ἀλλ’
3598 1915 3653 1977 ἐς
3686 1914 3995 1983 ὁμαιχμίαν

2419 2002 2860 2071 συνεσπειρακὼς
2888 2003 3015 2072 μίαν
3040 2004 3291 2056 τοσοῦτον
3320 2005 3636 2075 στράτευμα
3662 2006 3755 2057 καὶ
3781 2004 3991 2057 πυκνώ-

2420 2109 2518 2155 σας
2575 2086 2688 2144 οἷον
2746 2094 2878 2147 αὐτὸ
2928 2094 3021 2148 καὶ
3065 2094 3365 2165 πυργώσας
3411 2096 3556 2150 κατὰ
3611 2097 3772 2166 νέφος
3824 2096 3996 2163 μέλαν

2419 2185 2643 2253 ἐπῆγεν,
2698 2186 2852 2240 οὐδὲν
2890 2188 3161 2244 ἐλλείπων
3211 2190 3515 2261 ὑπεροψίας
3542 2190 3725 2260 ὠμῆς.
3774 2185 3884 2243 Ἦν
3938 2190 3995 2241 δὲ

2418 2277 2512 2326 καὶ
2544 2275 2575 2343 ἡ
2615 2276 2822 2344 σημαία
2854 2276 3063 2329 ἐκείνου
3120 2279 3414 2350 μετέωρος,
3458 2278 3551 2331 ὲπί
3581 2296 3728 2342 τινος
3771 2280 3995 2347 ἠνεμωο

2419 2366 2555 2436 μένη
2587 2368 2789 2437 παχέος
2818 2369 2912 2420 καὶ
2938 2367 3222 2437 ύψιτενοῦς
3254 2368 3425 2433 ἱστοῦ,
3458 2372 3714 2440 τέτρασιν
3742 2371 3987 2438 ὑποτρό-

2418 2473 2532 2526 χοις
2559 2456 2850 2525 ἑλκομένου
2886 2457 3025 2527 βοῶν
3054 2457 3378 2526 ζεύγμασιν.
3412 2460 3557 2527 Αὐτὴ
3587 2459 3643 2511 δὲ
3684 2461 3715 2527 ἠ
3754 2459 3987 2525 ἀντίμα-

2418 2561 2507 2613 χος
2539 2545 2813 2614 όμαιχμία
2859 2548 3155 2615 φρικαλέον
3184 2548 3354 2612 ὅντως
3386 2549 3480 2602 καὶ
3529 2548 3993 2600 δυσαντίϐλεπτον

2418 2635 2603 2702 ὅραμα
2634 2628 2722 2701 ἦν,
2765 2636 2913 2687 πᾶσα
2941 2634 3074 2688 οὖσα
3105 2637 3342 2705 ἱππότης
3383 2638 3477 2690 καὶ
3516 2636 3875 2706 λογχτςφὸρος.
3915 2636 3993 2687 0-3

2422 2726 2582 2793 μόνον
2616 2725 2672 2776 δὲ
2702 2726 2749 2777 οἱ
2783 2725 2975 2795 ἄνδρες
3008 2730 3257 2797 μετεῖχον
3297 2728 3389 2780 τοῦ
3420 2728 3685 2797 ἀκριϐοῦς
3714 2726 3989 2791 ὁπλισμοῦ

2420 2816 2513 2866 καὶ
2564 2814 2919 2881 ποδηνεκοῦς,
2962 2816 3079 2868 ἀλλ’
3129 2816 3213 2888 [Ρ.
3267 2816 3394 2889 102]
3437 2814 3505 2887 ἦν
3557 2819 3690 2888 ὁρᾷν
3743 2819 3835 2869 καὶ
3882 2817 3995 2871 τῶν

2420 2907 2602 2959 ἵππων
2643 2906 2826 2958 αὐτῶν
2858 2906 3192 2977 διαδήματα,
3237 2908 3694 2979 μασχαλιστῆρας
3749 2928 3992 2979 προφαι-

2418 2998 2617 3051 νόντων
2652 2998 2745 3051 καὶ
2792 3000 3195 3067 πέρικειμένων
3244 3002 3661 3069 προμετωπίδια
3722 3003 3814 3054 καὶ
3855 3020 3989 3071 προ-

2419 3088 2689 3158 στερνίδια
2713 3087 2822 3141 τῶν
2844 3088 2941 3159 βλη
2952 3090 3140 3157 μάτων
3168 3091 3439 3161 ἐρύματα.
3491 3092 3549 3146 ’0
3578 3094 3635 3146 δὲ
3665 3094 3774 3146 τῶν
3806 3096 3993 3146 ἵππων

2420 3176 2831 3245 φριμαγμὺς,ή
2880 3192 2940 3229 τε
2993 3178 3133 3249 πρὸς
3194 3178 3346 3248 ἥλιον
3395 3183 3816 3250 ἀνταυγάζουσα
3878 3185 3991 3235 τῶν

2416 3268 2597 3319 ὃπλων
2650 3267 2972 3339 στιλϐηδὼν,
3020 3270 3096 3333 ὡς
3150 3270 3316 3339 ἐγγὺς
3363 3266 3433 3341 ἦν
3479 3274 3548 3325 τὰ
3577 3274 3990 3343 στρατεύματα,

2419 3360 2743 3430 καινοτέραν
2779 3362 2953 3414 ἐποίει
2987 3361 3087 3431 τὴν
3117 3361 3244 3414 θέαν
3292 3365 3387 3415 καὶ
3412 3362 3501 3416 διά
3520 3364 3696 3431 φόϐου
3730 3366 3824 3417 καὶ
3851 3365 3991 3416 θαύ-

2421 3467 2590 3517 ματος
2620 3453 2732 3513 τοῖς
2769 3453 2833 3504 ὲκ
2880 3452 2991 3505 τῶν
3043 3453 3427 3522 στρατοπέδων
3480 3455 3707 3522 ἀμφοῖν.
3744 3454 3898 3507 Ἐπεὶ
3928 3455 3986 3507 δὲ

2419 3541 2695 3610 προῆλθον
2727 3542 2801 3606 ὡς
2841 3544 2919 3605 εις
2951 3545 3280 3614 μεταίχμιον
3335 3545 3432 3597 καὶ
3461 3547 3591 3614 περὶ
3632 3547 3990 3615 μεσημϐρίαν

2415 3630 2484 3703 ἦν
2517 3636 2551 3709 ή
2587 3635 2765 3704 ἡμέρα
2797 3634 2892 3688 καὶ
2928 3636 3117 3705 καιρὸς
3166 3636 3341 3688 ἐδόκει
3373 3637 3805 3708 συρῤήγνυσθαι,
3829 3642 3859 3690 ὁ
3889 3642 3991 3707 μὲν

2420 3727 2859 3795 Κοντοστέφανος
2917 3731 3028 3791 τοῖς
3082 3730 3146 3781 ἐκ
3203 3729 3381 3795 δεξιοῦ
3440 3732 3535 3783 καὶ
3599 3730 3753 3784 λαιοῦ
3811 3734 3992 3801 κέρως

2416 3823 2651 3890 ἄγχιστα
2686 3818 3161 3892 παρακολουθοῦσι
3196 3821 3264 3871 τά
3299 3820 3585 3875 τελευταία
3622 3822 3731 3874 τῶν
3782 3823 3990 3891 βαρϐά-

2421 3928 2531 3981 ρων
2576 3912 2801 3963 κόπτειν
2842 3912 3035 3981 ὲφῆκε,
3063 3914 3300 3981 μάλιστα
3343 3914 3401 3968 δὲ
3445 3917 3559 3977 τοῖς
3608 3916 3989 3979 ἱπποτοξίταις

746 4008 897 4062 velut
919 4006 1085 4061 turris
1104 4006 1407 4060 ﬁrmissima
1434 4005 1735 4075 procedens
1766 4005 1975 4059 hastam
2014 4006 2067 4059 in
2111 4004 2316 4059 Conto-
2343 4014 2386 4074 ί]
2419 4004 2432 4054 t

2302 4034 2316 4045 -
2343 4014 2386 4074 ί]
2419 4004 2571 4070 θαμὰ
2603 4003 2817 4072 βάλλειν
2850 4004 3270 4074 παρεκελεύετο.
3304 4008 3510 4070 Σκοπὸς
3551 4007 3607 4060 δὲ
3636 4005 3703 4077 ἦν
3735 4009 3988 4061 ἐντεῦθεν

748 4098 1072 4166 stephanum
1093 4106 1149 4150 et
1166 4097 1283 4165 ejus
1304 4096 1602 4150 exercitum
1628 4094 1893 4150 vibrabat.
1913 4094 2012 4150 Uhi
2035 4094 2101 4148 ad
2126 4109 2317 4147 manus

749 4198 972 4243 ventum
998 4195 1103 4253 est,
1151 4188 1328 4257 primo
1361 4187 1533 4242 hastis
1580 4201 1694 4241 rem
1731 4196 1948 4255 gerunt,
1977 4196 2197 4255 urgent,
2223 4202 2316 4239 ur-

748 4289 945 4350 gentur
974 4278 1136 4349 204
1162 4278 1502 4348 aliquandiu.
1540 4276 1721 4334 llastis
1756 4278 1941 4332 fractis
1971 4287 2027 4331 et
2058 4288 2316 4344 tanquam

749 4386 908 4441 sepes
941 4372 992 4426 in
1020 4371 1203 4425 medio
1233 4371 1591 4439 exaggeratis,
1628 4370 1934 4439 praelongos
1960 4385 2122 4423 enses
2146 4369 2317 4423 strin-

751 4470 951 4515 xerunt
1002 4474 1067 4514 ac
1112 4460 1297 4515 denuo
1339 4460 1617 4528 congressi
1650 4468 2051 4530 pugnaverunt.
2100 4460 2313 4526 Quibus

750 4555 1021 4609 hebetatis
1053 4554 1199 4625 (nam
1251 4562 1363 4607 tota
1408 4552 1554 4607 acies
1595 4550 1854 4621 utrinque
1890 4552 2064 4606 ferrea
2111 4562 2224 4606 erat
2261 4561 2316 4605 et

747 4648 913 4702 ιρι·εοὶ
957 4646 1225 4700 Pannonii
1273 4645 1601 4708 aestuabant,
1642 4646 1845 4715 quippe
1895 4645 1990 4714 qui
2038 4646 2315 4701 Romanos

746 4752 907 4791 suum
940 4736 1207 4806 impetum
1243 4734 1469 4788 minime
1516 4736 1845 4788 toleraturos
1874 4742 2156 4804 putarant.
2207 4734 2316 4787 lto-

749 4827 892 4881 mani
933 4826 1128 4881 ferreis
1160 4826 1353 4890 clavis,
1385 4840 1521 4893 quas
1574 4825 1629 4878 in
1676 4824 1879 4879 bellum
1929 4824 2072 4880 ferre
2113 4827 2312 4885 solent.

747 4916 983 4981 arreptis
1030 4916 1440 4971 Pannoniorum
1486 4915 1664 4984 capita
1710 4924 1766 4969 et
1807 4915 1977 4973 facies
2005 4925 2314 4985 opportune

747 5009 1053 5081 cadebant.
1078 5007 1235 5063 Unde
1264 5005 1423 5061 multi
1458 5006 1651 5060 oborta
1683 5006 1916 5075 caligine
1937 5007 2095 5083 equis
2126 5006 2317 5061 devol-

750 5102 1034 5162 vebantur,
1064 5098 1218 5153 multi
1250 5098 1530 5168 sanguinis
1547 5096 1815 5167 proﬂuvio
1836 5098 2313 5154 exanimabantur.

749 5194 822 5247 Ita
853 5192 1163 5253 ﬁrmissima
1188 5192 1279 5246 illa
1301 5192 1417 5247 acie
1442 5200 1727 5260 perrupta,
1755 5191 2129 5246 Romanorum
2154 5207 2316 5246 nemo

749 5292 867 5337 erat
898 5282 993 5351 qui
1030 5298 1136 5337 non
1169 5284 1511 5339 Pannonium
1545 5282 1737 5341 feriret
1767 5297 1830 5337 ac
1862 5283 2146 5352 dcjiceret,
2183 5300 2308 5353 pro-

2420 4091 2497 4161 τῷ
2534 4092 2825 4161 στρατηγῷ
2851 4096 3201 4147 κατασείσειν
3246 4095 3356 4147 εῐτε
3390 4095 3496 4165 μὴν
3537 4098 3863 4163 ὲκκρούσειν
3887 4097 3988 4164 τῆς

2423 4186 2706 4255 συνεχείας
2747 4188 2843 4247 τὰς
2876 4188 3170 4248 Παιονικάς
3204 4187 3524 4255 φάλαγγας·
3567 4189 3711 4241 κατὰ
3755 4190 3863 4254 γαρ
3889 4190 3988 4257 τὴν

2431 4279 2739 4347 Ὁμηρικὴν
2802 4279 2895 4332 καὶ
2944 4281 3064 4332 τότε
3126 4281 3437 4350 παράταξιν
3501 4298 3519 4332 ι
3582 4282 3747 4344 ἀσπὶς
3803 4281 3988 4335 ἀσπίδ’

2420 4371 2615 4443 ἔρειδε,
2641 4372 2802 4440 κόρυς
2855 4372 3042 4440 κόρυν,
3069 4373 3238 4439 ἀνέρα
3266 4372 3309 4423 δ’
3334 4373 3493 4442 ἀνὴρ,
3530 4392 3548 4424 ι
3584 4375 3679 4426 καὶ
3736 4374 3855 4436 ίσας
3908 4370 3987 4427 εἷ-

2419 4480 2511 4532 χον
2578 4463 2627 4513 οἱ
2679 4463 2831 4513 ἵπποι
2893 4462 2991 4523 τὰς
3054 4461 3337 4529 κεφαλὰς,
3386 4461 3573 4531 ἔφριξε
3629 4462 3673 4514 δ’
3732 4463 3766 4531 ἡ
3836 4463 3983 4531 μάχη

2419 4553 2662 4622 ἐγχείῃσι
2706 4552 3120 4621 φθισίμῦροτος,
3167 4555 3259 4605 καὶ
3315 4553 3456 4607 κατὰ
3503 4552 3821 4620 κινούμενον
3853 4553 3986 4621 δρά-

2418 4660 2584 4696 κοντα
2643 4644 2738 4694 καὶ
2804 4641 3103 4710 φρίσσοντα
3161 4643 3257 4703 τὰς
3314 4640 3537 4707 φολίδας
3584 4640 3880 4709 ὲκύμαινον
3936 4641 3986 4692 οἱ

2420 4734 2661 4805 στρατοὶ.
2736 4733 2795 4786 ὐ
2865 4735 2919 4786 δὲ
2979 4733 3255 4795 Διονύσιος
3321 4734 3396 4794 ὼς
3456 4736 3631 4801 τεῖχος
3698 4734 3987 4786 ἀτίνακτον

2419 4824 2770 4896 προῦὸαινενζ
2805 4826 2862 4887 ὲς
2891 4825 3050 4879 αὐτόν
3079 4841 3134 4876 τε
3175 4825 3267 4876 τδν
3296 4825 3738 4890 Κοντοστέφανον
3781 4825 3875 4877 καὶ
3928 4825 3987 4876 τε

2418 4918 2558 4986 ἀμφ’
2589 4916 2750 4969 αὑτὸν
2798 4918 3135 4983 τεταγμένον
3169 4916 3424 4972 τιταίνων
3454 4917 3514 4969 τδ
3551 4917 3732 4986 ἔγχος.
3766 4917 3854 4979 Ὠς
3892 4912 3985 4969 οὖν

2418 5011 2671 5076 ἐδέξαντο
2751 5007 2940 5061 τοῦτον
3020 5006 3311 5077 Ῥωμαῖοι,
3364 5008 3775 5079 διαὸορατισμοὶ
3852 5008 3985 5078 παρ’

2419 5099 2665 5165 ἀλλήλων
2709 5091 2851 5166 ἦσαν
2882 5097 2973 5149 καὶ
3012 5096 3248 5164 ὠθισμοί.
3298 5098 3391 5150 καὶ
3438 5098 3773 5163 ἁντωθισμοὶ
3820 5098 3984 5167 μέχρι

2417 5190 2558 5251 τινός
2587 5206 2602 5221 ·
2644 5190 2767 5241 ἐπεὶ
2798 5188 2854 5240 δὲ
2883 5189 2950 5241 τά
2983 5189 3182 5257 δόρατα
3223 5191 3479 5257 κατεάγει
3514 5190 3608 5244 καὶ
3658 5185 3725 5258 ἦν
3751 5190 3812 5242 τὸ
3844 5207 3974 5256 μετι

2417 5283 2637 5351 αίχμιον
2693 5279 3121 5348 ἀποσχεδιασοὲν
3151 5281 3227 5344 εἰς
3255 5284 3509 5352 φραγμὸν
3562 5283 3675 5344 τοῖς
3716 5281 3823 5334 τῶν
3856 5297 3984 5333 κον-

745 5345 1088 5440 stratumque
1139 5371 1425 5439 spoliaret,
1491 5384 1593 5423 nec
1643 5370 1805 5423 aliam
1863 5345 2195 5437 panoptiain-
2229 5345 2431 5423 ill-D1

2298 5397 2309 5409 -
2336 5345 2390 5405 D
2556 5345 2926 5438 στοι6ασμοίς,
2960 5370 3055 5432 τὰς
3083 5345 3390 5441 ἐπιμήκεις-
3409 5345 3672 5426 ’ἐσέπειτα
3706 5372 3984 5442 μαχαίρας

743 5462 958 5525 dueret,
990 5475 1302 5530 equumque
1328 5460 1725 5515 conscenderet
1746 5460 1905 5527 cujus
1925 5474 2191 5515 sessorem
2220 5474 2312 5513 oe-

744 5552 973 5606 eiderat.
1015 5550 1238 5622 Vesperi
1272 5552 1516 5621 receptui
1561 5551 1884 5605 canehatur.
1939 5549 2161 5604 sublimi
2216 5549 2311 5603 illo

747 5646 987 5716 Dionysii
1020 5647 1220 5700 vexillo
1254 5646 1491 5709 sublato,
1518 5653 1576 5699 et
1605 5644 1883 5699 exercitus
1932 5643 2167 5697 navibus
2212 5644 2314 5698 im-

747 5736 907 5803 positi
940 5737 1136 5790 Istrum
1174 5737 1540 5806 trajiciehant.
1567 5736 1729 5790 Fama
1764 5735 1912 5791 enim
1938 5750 2036 5804 per
2065 5736 2311 5791 Romana

745 5836 925 5880 castra
967 5836 1177 5895 vagata,
1226 5827 1535 5881 Pannonios
1591 5825 1856 5894 postridie
1906 5825 2108 5880 auxilia
2156 5826 2309 5880 ﬁrma

2418 5464 2732 5515 ἐσπάσαντο
2764 5462 2857 5513 καὶ
2887 5456 3045 5523 αὖθις
3080 5462 3456 5531 συμπεσόντες
3486 5464 3774 5534 ᾶμάχοντο.
3816 5466 3906 5527 Ὠς
3935 5465 3984 5516 δ’

2418 5556 2519 5625 ἤδη
2551 5554 2645 5606 καὶ
2671 5546 2833 5606 αὗται
2864 5554 2931 5605 τά
2956 5552 3206 5619 στόματα
3241 5554 3636 5622 ἠμϐλύνθησαν
3664 5554 3750 5607 διὰ
3783 5555 3847 5607 τδ
3871 5554 3984 5609 τῶν

2422 5646 2849 5712 στρατευμάτων
2884 5644 3202 5711 πάγχαλκον
3252 5646 3347 5697 καὶ
3393 5647 3743 5715 πανσίδηρον,
3778 5648 3828 5698 οἱ
3881 5646 3983 5712 μὲν

2421 5736 2645 5795 Πιίονες
2678 5735 2996 5805 ἠμηχάνουν
3044 5736 3103 5787 τὸ
3158 5737 3267 5789 ἀπὸ
3313 5736 3484 5800 τοῦδε,
3522 5738 3786 5806 μηδαμῶς
3841 5738 3984 5790 κατά

2418 5828 2543 5880 νοῦν
2579 5827 2798 5896 θέμενοι
2843 5825 2918 5889 ὡς
2958 5828 3211 5890 ἐπιόντας
3250 5829 3448 5891 αὐτοὺς
3490 5829 3745 5898 Ῥωμαῖοι
3795 5828 3982 5894 δέξον-
