4272 6356
172 374 276 438 513

1162 380 1258 441 DE
1299 378 1667 441 MANUEI.E
1706 381 2065 441 ΕΟΜΧΕΧΟ
2109 382 2248 441 LIB.
2308 382 2373 440 \'.

3316 377 3412 439 5H

170 491 398 543 νυκόσιν
440 491 591 564 αὐτῷ
621 492 697 556 ὡς
735 493 962 557 lauto-Dc
1006 493 1279 561 ἀναιμωτὶ
1320 493 1414 545 καὶ
1461 493 1560 563 τὴν
1604 492 1761 546 πόλιν
1786 496 1836 555 Α

1739 509 1761 544 ν
1786 496 1836 555 Α
1864 505 2013 554 runt,
2036 501 2092 546 et
2124 493 2292 545 armis
2337 489 2611 559 plerisque
2658 487 2920 555 depositis
2957 488 3010 542 in
3038 501 3219 543 remos
3272 487 3426 541 lucu-

171 582 387 650 βασιλεῖ
422 584 827 651 παραδώσουσι.
865 587 975 639 Καὶ
998 589 1026 639 ὁ
1052 586 1150 654 μιν
1184 582 1339 651 λόγος
1370 577 1524 647 οὗτος
1554 581 1643 637 οἷά
1667 601 1749 646 τις

168 673 348 742 νάρκη
383 676 481 736 τὰς
521 676 811 745 Ῥωμαίων
842 680 1030 745 χεῖρας
1054 676 1291 746 ἐπέδησε
1323 674 1419 728 καὶ
1451 676 1618 743 ἐγγὺς
1648 674 1750 745 ἤδη

168 763 262 814 τοῦ
298 766 528 833 πορθεῖν
552 767 662 835 τὴν
688 767 843 819 πόλιν
868 768 1269 836 γεγενημένους
1293 766 1530 819 επαυσεν
1547 783 1560 795 ·
1589 767 1749 829 αὐτὸς

168 854 222 905 δὲ
259 856 288 905 ὀ
319 855 423 924 ρὴξ
460 858 514 917 ἐς
556 857 855 925 συμϐάσεις
888 858 1234 926 τραπόμενος
1266 858 1570 919 άσπασίους
1616 858 1752 927 μᾶλ-

169 946 257 996 λον
292 948 405 1006 τοῖς
438 948 502 998 ἐκ
531 947 629 1014 τῆς
660 949 895 1017 ’Λγαρῆ
933 947 1238 1017 Ῥωμαίους
1269 947 1627 1012 κυδαινούσας
1651 949 1749 1010 τας

169 1036 447 1105 ξυνθήκας
476 1039 791 1103 είργάσατο.
817 1040 882 1091 οι
910 1039 955 1090 δ’
983 1038 1076 1091 οῦν
1100 1039 1433 1105 στρατιῶται
1464 1041 1587 1108 μηδ’
1614 1040 1751 1100 ὅλως

166 1130 331 1180 {mia
364 1131 433 1181 τά
478 1130 580 1197 τῆς
635 1132 860 1199 είρήνης
912 1129 1403 1195 κατεξετάσαντες,
1463 1132 1601 1186 ἀλλὰ
1654 1132 1797 1185 καὶ.

169 1219 310 1286 πρὸς
344 1219 519 1287 μόνην
574 1221 671 1290 τὴν
701 1222 908 1290 ταύτης
944 1224 1115 1291 ἀκοὴν
1151 1222 1345 1275 νόστου
1387 1223 1747 1291 μνησάμενοι,

168 1306 265 1375 τὴν
292 1311 555 1377 ναυτικὴν
592 1311 952 1365 ἀπαιδευσίαν
972 1312 1294 1381 πράγμασιν
1323 1312 1506 1373 αὐτοῖς
1531 1313 1749 1365 καθυπ-

167 1399 381 1462 έδειξαν
428 1400 881 1470 δραστικωτέραν
952 1403 1148 1472 πυρὸς,
1194 1404 1290 1455 καὶ
1321 1403 1551 1469 ἀταξίας
1586 1404 1750 1465 εὐθὺς
1812 1456 1816 1460 Α

168 1491 480 1560 ἐνέπλησαν
523 1493 590 1543 τά
625 1493 988 1562 στρατόπεδα.
1014 1494 1087 1547 Δῖ
1110 1510 1169 1545 τε
1205 1495 1314 1563 γάρ
1348 1494 1623 1558 ἑλεπόλεις
1656 1496 1749 1547 ὑπ’

166 1579 353 1631 αὐτῶν
404 1579 771 1651 ἐπυρώθησαν
804 1582 1029 1649 γνώμης
1073 1582 1209 1651 άτερ
1256 1582 1351 1635 τοῦ
1376 1582 1746 1653 στρατηγοῦνο

167 1688 280 1734 τος,
318 1671 418 1724 καὶ
451 1672 548 1736 τάς
594 1673 858 1735 πλείστας
919 1674 1415 1743 άποφορτισάμενοι
1452 1674 1560 1726 τῶν
1600 1674 1757 1736 ωλι-τ

170 1775 311 1810 σεων
344 1759 480 1829 πρὸς
522 1763 644 1823 ταῖς
693 1760 904 1823 κώπαις
961 1762 1214 1827 ἐγένοντο
1264 1761 1360 1813 καὶ
1410 1762 1506 1813 ἐπὶ
1556 1762 1749 1815 πόντον

1857 586 2121 647 buerunt,
2147 584 2331 638 furore
2381 582 2617 651 quodam
2655 582 2706 634 iu
2741 596 2906 633 naves
2934 581 3228 646 irruentes,
3286 581 3422 635 nihil

1854 677 2084 730 hiberno
2112 683 2358 741 tempore
2389 672 2589 737 territi,
2637 674 2701 724 ad
2744 671 3146 739 navigationem
3198 672 3426 727 minimo

1853 772 1982 833 apto
2019 782 2031 818 :
2061 771 2294 829 quartus
2316 760 2465 813 enim
2490 759 2808 814 Decembris
2843 760 2963 813 dies
2989 767 3101 813 tum
3130 761 3418 830 agebatur.

1854 855 1993 909 Tum
2061 854 2252 907 videre
2319 850 2524 906 licebat
2561 851 2837 919 ingentem
2891 851 3038 905 illam
3079 852 3305 907 classem
3357 869 3424 907 ex

1853 958 1960 996 una
1990 942 2227 996 statione
2262 941 2315 994 in
2343 940 2523 994 varias
2549 938 2781 993 diﬂ‘undi
2836 949 3018 1009 partes
3040 980 3056 1004 ,
3086 940 3212 995 aliis
3258 941 3418 996 aliam

1851 1034 1995 1087 viam
2030 1031 2412 1101 sequentibus,
2443 1029 2576 1085 dum
2626 1046 2779 1085 suam
2825 1033 3029 1102 quique
3066 1032 3300 1101 patriam
3328 1048 3424 1101 pe-

1854 1131 1997 1185 tunt.
2032 1121 2199 1191 219
2251 1130 2311 1174 ut
2352 1121 2442 1174 vix
2510 1136 2605 1175 sex
2639 1135 2809 1175 naves
2879 1128 3251 1190 superessent,
3302 1136 3425 1190 qua:

1850 1214 2229 1268 Andronicum
2266 1212 2488 1266 domum
2532 1212 2879 1267 reveherent.
2932 1209 2982 1265 Is
3001 1226 3131 1265 vero
3165 1210 3426 1266 Hieroso-

1852 1306 1992 1375 lyma
2018 1320 2142 1359 cum
2178 1318 2304 1373 rege
2338 1303 2638 1371 profectus.
2679 1313 2844 1372 atque
2872 1317 2997 1355 cum
3052 1303 3201 1372 justo
3252 1305 3425 1357 comi-

1852 1404 1964 1448 tatu
1998 1395 2241 1450 Iconitm
2282 1402 2691 1462 praetervectus,
2743 1392 3067 1464 Byzantium
3120 1393 3309 1447 rediit.
3343 1394 3420 1445 Fx

1852 1487 2040 1541 multis
2062 1497 2241 1540 autem
2275 1487 2382 1541 illis
2411 1486 2645 1540 navibus
2682 1486 2817 1539 alias
2854 1485 3069 1538 adversi
3103 1484 3253 1537 venti
3313 1500 3421 1536 una

1853 1594 1977 1638 cum
2010 1580 2322 1633 vectoribus
2350 1579 2771 1639 demerserunt;
2809 1578 2929 1631 alia:
2948 1576 3209 1637 ﬂuctibus
3252 1576 3421 1645 disjeo

1851 1679 1951 1721 ene
1978 1682 2147 1722 verno
2177 1677 2423 1736 tempore
2447 1667 2670 1721 demum
2705 1665 2757 1719 in
2789 1667 3003 1720 navalia
3049 1666 3264 1736 urbana
3292 1674 3422 1719 sunt

1857 1758 2140 1821 reductze;
2200 1772 2379 1826 neque
2434 1773 2624 1826 pauca:
2659 1757 2751 1811 ubi
2792 1765 3045 1812 vectores
3104 1756 3170 1810 ad
3219 1769 3422 1811 terram

167 1850 409 1919 ἔϐλεψαν
448 1853 539 1904 τὸν
578 1852 902 1923 ἀτρύγετον,
953 1852 1328 1922 μανικώτερον
1365 1856 1442 1915 είς
1485 1854 1583 1917 τάς
1616 1854 1749 1917 ναῦς
1781 1837 1822 1892 Β

1731 1873 1749 1917 ;
1781 1837 1822 1892 Β
1854 1858 2235 1919 pervexerant,
2264 1849 2532 1905 ﬂuctuum
2572 1850 2803 1905 arbitrio
2834 1860 2966 1905 sunt
2997 1852 3298 1921 permissa.
3340 1849 3418 1903 ιω

169 1943 552 2011 ἐφορμῶντες,
586 1944 721 2014 μηδέ
748 1944 807 1997 τὸ
833 1944 926 1998 τοῦ
954 1945 1147 2013 καιροῦ
1178 1945 1535 2016 δυσχείμερον
1570 1947 1665 1998 καὶ
1689 1947 1751 1999 τὸ

167 2038 263 2091 τοῦ
310 2036 473 2099 πλοὸς
502 2035 706 2106 ἔξωρον
739 2035 1052 2099 ἐννοοῦντες
1078 2052 1092 2067 ·
1119 2036 1388 2107 τετάρτην
1412 2036 1521 2106 γάρ
1552 2032 1687 2106 ἦγεν
1720 2038 1750 2088 ὀ

167 2129 508 2198 Δεκέμϐριος
550 2122 791 2196 μήν.”Ην
815 2128 907 2180 οῦν
946 2128 1074 2181 ἰδεῖν
1115 2126 1203 2180 τὸν
1238 2127 1511 2181 πολύνεων
1544 2128 1751 2181 ἐκεῖνον

167 2222 358 2274 στόλον
382 2222 478 2273 καὶ
494 2220 590 2289 τὴν
606 2221 694 2273 ἐπὶ
710 2220 943 2287 λιμένων
962 2220 1090 2284 μίαν
1109 2219 1440 2287 καταγωγὴν
1459 2219 1550 2271 καὶ
1573 2220 1672 2290 τὴν
1689 2222 1752 2272 ἐκ

165 2315 379 2366 τούτων
407 2313 564 2375 αὖθις
592 2315 885 2382 ἀναγωγὴν
908 2314 985 2374 είς
1011 2313 1179 2382 μύρια
1214 2311 1755 2382 σκεδασθείσαντμήη

168 2422 342 2473 ματα.
374 2404 551 2458 ἄλλων
568 2406 969 2476 ἀγαπησάντων
1003 2404 1191 2473 ἕτερον
1225 2402 1393 2455 πλοῦν
1411 2403 1504 2455 καὶ
1533 2403 1749 2457 πάντων

1856 1944 2162 2014 perexiguae
2186 1943 2272 1998 vel
2303 1943 2470 1997 maris
2498 1951 2691 1998 astum
2718 1943 2801 1997 vel
2828 1952 3116 1997 nautarum
3142 1946 3421 2015 negligen~

1859 2036 1986 2089 tiam
2035 2036 2335 2091 evitarunt.
2380 2033 2653 2090 Caeterum
2707 2032 2992 2090 Sarraceni
3051 2032 3423 2091 Romanorum

1858 2126 2250 2195 impressiones
2308 2135 2638 2189 metuentes,
2694 2141 2997 2194 eorumque
3052 2126 3429 2196 navigatioms

1862 2218 1914 2271 in
1984 2225 2265 2287 posterum
2360 2232 2676 2287 praecavere
2745 2218 3055 2287 cupientes,
3131 2218 3323 2287 legatis
3373 2228 3424 2270 et

1857 2309 2049 2379 amplis
2094 2308 2417 2362 muneribus
2452 2307 2518 2361 ad
2576 2308 2968 2377 imperatorem
2993 2307 3174 2362 missis
3234 2321 3421 2377 pacem

1858 2399 2166 2452 firmarunt.

166 2500 303 2568 πρὸς
336 2501 447 2562 τάς-
468 2500 732 2568 πατρίδας
762 2498 1298 2568 οίακοστροφούντων
1320 2499 1415 2560 τὰς
1452 2498 1604 2561 ναῦς,
1633 2500 1707 2560 ὼς
1745 2496 1897 2565 μόλις
1930 2494 1992 2559 ἐξ
2030 2495 2109 2547 ἐτι
2140 2494 2799 2564 ναυλοχεῖσθαιτριήρεις,
2823 2497 2879 2547 αἳ
2907 2492 3138 2563 ῆμελλον
3169 2494 3431 2563 ἀνακομ-

167 2609 286 2644 σειν
330 2591 696 2661 Ἀνδρόνικον.
715 2592 774 2643 ’0
800 2590 857 2643 δὲ
886 2590 986 2659 τὴν
1004 2590 1509 2659 ’ἐπὶἹεροσολύμων
1542 2592 1656 2657 ἅμα
1688 2588 1766 2657 τῷ
1793 2588 1923 2659 ρηγὶ
1954 2586 2299 2656 τραπόμενος
2330 2586 2584 2639 κάκεῖθεν
2606 2587 2957 2655 ἁρμοζόντως
2984 2586 3427 2656 παραπεμφϐεὶς,
3514 2629 3517 2634 λ

166 2684 223 2735 τὸ
273 2682 499 2736 Ἰκόνιον
531 2681 903 2752 παραλλάξας,
926 2684 982 2743 ἐς
1014 2680 1305 2745 Βυζάντιον
1330 2681 1683 2750 παρεγένετο.
1714 2678 1837 2731 Τῶν
1875 2678 1931 2731 δὲ
1965 2677 2175 2730 πολλῶν
2208 2678 2431 2730 ἐκείνων
2460 2678 2604 2746 νηῶν
2635 2680 2690 2730 αἱ
2725 2679 2824 2746 μέν
2853 2679 3069 2747 ἀνέμων
3097 2679 3430 2740 άντιπ·.οίαις

166 2773 576 2843 περιπεσοῦσαι
622 2774 924 2827 κατέδυσαν
963 2771 1274 2842 αὔτανδροι,
1313 2774 1370 2825 αί
1422 2772 1477 2825 δὲ
1548 2771 1779 2825 κλύδωνι
1822 2770 2097 2840 θαλαττίῳ
2161 2771 2555 2839 διασπαρεῖσαι
2588 2770 2685 2838 ὀψε
2722 2773 2813 2823 καὶ
2845 2756 3007 2840 ἔαρος
3049 2772 3430 2841 ἐπιφαίνοντος

163 2873 277 2931 τοῖς
307 2869 622 2930 νεωσοίκοις
654 2868 753 2937 τῆς
774 2869 980 2929 πόλεως
1011 2865 1381 2935 ἀπεδόθησαν.
1418 2866 1531 2919 Οὐκ
1563 2866 1744 2933 ὀλίγαι
1782 2865 1843 2918 δέ
1916 2865 2011 2917 κα)⁸
2039 2862 2150 2916 τῶν
2175 2863 2455 2917 ἐπιϐατῶν
2489 2864 2809 2917 κενωθεῖσαι
2883 2864 3140 2931 καθάπαξ
3174 2864 3429 2917 ἐπιλαϐο·

166 2966 350 3031 gévwv
376 2966 477 3032 τῆς
507 2961 607 3030 γῆς
638 2960 714 3025 ὡς
744 2961 1032 3032 Χαρώνεια
1064 2959 1342 3029 πορθμεῖα
1381 2963 1492 3022 τοῖς
1548 2960 1657 3011 τῶν
1717 2960 1979 3028 κυμάτων
2058 2957 2299 3021 διαύλοις
2366 2958 2675 3027 ἀφείθησαν
2716 2957 3004 3027 φέρεσθαι,
3037 2956 3111 3020 ώς
3165 2956 3429 3029 βραχείας

167 3045 612 3126 περιλειφθῆναι,
646 3055 893 3125 βρασμὸν
938 3054 1216 3125 θαλάσσης
1288 3055 1384 3107 καὶ
1461 3053 1674 3105 ναυτῶν
1731 3053 2026 3121 διαδράσας
2077 3052 2366 3120 ἀμέλειαν.
2415 3054 2479 3105 Ol
2516 3053 2571 3106 δὲ
2619 3052 2931 3123 Σαρακηνοὶ
2970 3052 3070 3122 τὴν
3133 3053 3192 3114 ἐς
3235 3054 3428 3111 αὐτοὺς
3499 3078 3505 3085 ·

163 3148 281 3198 ἁδὺν
338 3146 450 3197 τῶν
488 3146 801 3215 Ῥωμαίων,
846 3144 922 3207 ώς
972 3146 1214 3211 ἔδειξαν,
1269 3143 1747 3205 ἀποδειλιάσαντες
1788 3146 1882 3197 καὶ
1961 3145 2053 3196 τὸν
2095 3145 2352 3197 ἐσέπειτα
2393 3143 2561 3197 πλοῦν
2627 3144 3035 3212 ἀποτρέποντες
3072 3143 3333 3213 πρέσϐεις
3373 3146 3430 3207 ἐς

166 3240 402 3312 βασιλέα
434 3240 701 3301 ἔστειλαν,
749 3240 845 3292 καὶ
880 3240 1029 3309 δῶρα
1063 3239 1130 3292 τά
1165 3240 1297 3306 παρ’
1334 3238 1516 3299 αὐτοῖς
1568 3240 1858 3306 τιμώμενα
1893 3236 2171 3305 ἔπεμψαν,
2206 3236 2297 3289 καὶ
2334 3236 2431 3306 τὴν
2464 3236 2688 3304 εἰρήνην
2718 3233 3040 3303 ἐκράτυναν.

233 3342 312 3405 η’.
349 3331 495 3403 Ἤδη
527 3332 580 3385 δέ
624 3332 923 3402 ώδινούσης
969 3331 1068 3401 τῆς
1124 3330 1399 3401 βασιλίδος
1444 3330 1539 3382 καὶ
1569 3332 1751 3381 τεκεῖν
1779 3334 1822 3390 c

1743 3347 1751 3375 ν
1779 3334 1822 3390 C
1925 3330 1979 3383 8.
2009 3328 2144 3384 Cum
2187 3339 2371 3383 autem
2402 3327 2723 3397 imperatrix
2756 3327 2939 3396 partui
3005 3328 3312 3398 propinqua
3342 3345 3430 3383 es-

165 3427 504 3496 ἐγγιζοὺσης
565 3425 847 3492 σεσάρωτο
885 3425 985 3493 μὲν
1016 3424 1077 3477 τὸ
1126 3423 1336 3492 οίκημα
1368 3424 1463 3475 καὶ
1500 3421 1750 3491 διηυτρέ-

168 3537 332 3575 πιστο
372 3516 620 3587 ἀκριϐῶς
644 3516 713 3570 τά
749 3516 885 3585 πρὸς
918 3518 1018 3586 τὴν
1058 3515 1258 3586 κύησιν
1298 3513 1393 3567 τοῦ
1427 3514 1622 3576 παιδὸς
1656 3516 1753 3567 καὶ

164 3616 265 3686 τὴν
299 3616 576 3683 ὑποδοχὴν
630 3613 731 3681 τῆς
777 3611 1005 3683 μητρός.
1072 3612 1161 3673 Ὠς
1209 3610 1264 3663 δὲ
1309 3610 1646 3679 κατήπειγον
1696 3608 1752 3662 αἱ

168 3709 497 3768 Εἰλείθυιαι,
541 3709 569 3758 ὀ
593 3704 904 3774 πορφύρεος
939 3703 1101 3771 δόμος
1137 3702 1285 3771 εἶχεν
1322 3703 1475 3765 ἐντὸς
1509 3702 1607 3770 τὴν
1636 3701 1753 3753 ἐπί-

164 3817 355 3855 τοκον.
407 3798 647 3865 Ἤγωνία
705 3797 805 3864 μὲν
861 3794 954 3848 οὖν
1010 3795 1102 3848 ἐπὶ
1152 3797 1220 3863 τῇ
1284 3797 1503 3864 γαμετῇ
1558 3793 1752 3862 παρὼν

168 3891 457 3960 βασιλεὺς,
482 3890 578 3942 καὶ
608 3890 707 3949 τὰς
734 3886 927 3946 ὀδύνας
960 3884 1251 3952 ἐκούφιζεν
1276 3886 1668 3952 ὀπτανόμενος,
1694 3885 1754 3937 τὸ

168 3982 337 4034 πλέον
374 3979 433 4031 δέ
471 3976 567 4032 τοῦ
609 3976 925 4047 βλέμματος
954 3974 1239 4046 ἐχαρίζετο
1278 3975 1354 4044 τῷ
1395 3975 1755 4044 σκεπτομένῳ

164 4073 298 4134 τοὺς
350 4068 592 4139 ἀστέρας
630 4068 724 4120 καὶ
776 4067 890 4128 τοῖς
941 4064 1065 4118 κατ’
1114 4065 1349 4134 οὐρανὸν
1399 4066 1752 4135 διαχαίνοντι.

166 4157 341 4210 Ἐπεὶ
384 4155 443 4207 δὲ
480 4155 540 4207 τὸ
592 4153 784 4224 τεχθὲν
847 4152 1103 4216 ἐξώλισθε
1151 4153 1253 4221 τῆς
1313 4153 1506 4223 νηδύος
1549 4156 1644 4207 καὶ
1686 4151 1753 4222 ἦν

166 4250 336 4317 ἄρσεν
370 4245 466 4297 καὶ
496 4246 529 4313 ἡ
559 4244 725 4311 τέχνη
754 4242 1033 4295 ἐδίδασκεν
1063 4240 1242 4294 ὄλϐιον
1279 4243 1372 4295 καὶ
1425 4245 1752 4311 μοιρηγενὲς

170 4341 269 4393 καὶ
336 4340 441 4405 τῆς
478 4334 737 4403 πατρῴας
791 4336 967 4404 ἀρχῆς
1008 4333 1271 4403 διάδοχον,
1304 4333 1422 4402 Θεῷ
1477 4352 1532 4386 τε
1581 4338 1755 4403 φωναὶ

169 4430 493 4482 ἀπεδίῖοντο
524 4426 872 4494 χαριστήριοι
910 4426 1003 4476 καὶ
1039 4426 1188 4487 am;
1209 4420 1277 4493 ἦν
1316 4425 1375 4475 ἐν
1412 4426 1625 4491 κρότοις
1656 4427 1754 4478 καὶ

169 4520 504 4589 γαρμοναῖς.
533 4516 885 4583 ’Υπεξαίρων
911 4514 967 4566 δὲ
994 4515 1089 4584 τὴν
1117 4515 1390 4581 γενέθλιοι
1423 4517 1516 4566 καὶ
1556 4518 1757 4584 ὀνομα-

170 4614 407 4681 στήριον
435 4607 531 4660 τοῦ
554 4606 743 4668 παιδὸς
777 4607 1017 4675 ἡμέραν,
1057 4606 1133 4666 ώς
1180 4605 1412 4658 εἴθισται
1453 4608 1602 4677 παρὰ
1645 4611 1754 4671 τοῖς

1852 3426 1958 3481 set,
1994 3418 2320 3487 deprompta
2344 3428 2403 3472 et
2428 3420 2694 3471 adornata
2726 3426 2815 3472 est
2839 3433 3082 3486 purpura
3106 3419 3171 3473 ad
3197 3434 3428 3489 puerum

1853 3510 2283 3578 suscipiendum.
2322 3510 2615 3564 Doloribus
2679 3525 2808 3564 vero
2866 3510 3213 3580 urgentibus.
3264 3513 3429 3581 220

1853 3614 1917 3652 ea
1955 3598 2009 3652 in
2038 3614 2277 3668 purpura
2303 3599 2591 3663 collocata,
2652 3597 2809 3651 adest
2850 3606 2911 3651 et
2946 3597 3265 3666 imperator,
3296 3613 3425 3651 sua-

1854 3705 1959 3758 que
1994 3691 2279 3759 praesentia
2307 3692 2599 3760 conjugem
2657 3690 2872 3743 solatur
2900 3698 2957 3743 et
2999 3690 3270 3751 sublevat.
3310 3706 3429 3743 ma-

1854 3782 1936 3849 gis
1966 3789 2142 3833 tamen
2179 3780 2233 3833 in
2265 3780 2452 3834 stellas
2477 3790 2533 3833 et
2567 3788 2836 3849 punctum
2866 3779 3067 3834 edendi
3104 3780 3249 3835 tctus
3307 3784 3429 3835 ani-

1857 3886 1945 3922 mo
1979 3870 2239 3925 intentus.
2279 3870 2417 3923 Nato
2461 3870 2592 3930 lilio,
2635 3886 2797 3939 quem
2826 3871 3162 3924 astronomia
3194 3871 3427 3925 docebat

1855 3962 2078 4015 divitem
2109 3960 2225 4015 fore
2257 3972 2424 4029 atque
2466 3962 2810 4022 unigenitum
2866 3971 2920 4015 et
2964 3963 3176 4029 paterni
3213 3963 3427 4032 imperi

1855 4067 2249 4114 successorem,
2318 4052 2428 4105 Deo
2483 4052 2672 4119 gratia:
2724 4051 3050 4119 agebantur,
3126 4066 3427 4122 omnesque

1856 4142 2063 4197 subditi
2092 4143 2427 4212 plaudebant
2459 4153 2514 4196 et
2549 4142 2909 4195 laetabantur.
2946 4144 3067 4211 Ipse
3096 4158 3229 4197 vero
3253 4144 3426 4213 impe-

1858 4248 2025 4296 rator,
2065 4245 2123 4288 ut
2143 4234 2287 4287 diem
2325 4234 2562 4288 natalem
2588 4234 2947 4287 celebriorem
2977 4233 3252 4299 redderet,
3279 4236 3428 4289 cives

1858 4327 2258 4388 lmnoratioreS,
2291 4327 2368 4379 uti
2392 4326 2564 4379 moris
2592 4337 2731 4389 erat,
2768 4340 2951 4378 ramos
2974 4334 3252 4393 gestantes
3280 4342 3416 4379 eon-

1856 4417 2017 4470 viviis
2046 4418 2279 4485 excepit.
2306 4426 2361 4470 et
2385 4432 2618 4485 puerum
2637 4416 3230 4483 Alexiutnjnmninavit.
3262 4417 3428 4486 quue

1858 4524 1964 4563 non
2002 4520 2233 4571 temere.
2281 4523 2387 4563 nec
2433 4517 2543 4562 tam
2595 4521 2656 4562 ut
2684 4522 2809 4562 cum
2866 4509 3051 4576 proavi
3085 4508 3169 4561 sui
3206 4523 3427 4562 nomine

1861 4599 2180 4659 bonoraret,
2242 4613 2406 4665 quam
2464 4607 2689 4666 propter
2743 4596 3053 4655 oraculum,
3092 4610 3205 4664 quo
3253 4596 3304 4650 ei
3334 4613 3429 4664 per

171 4700 464 4771 βασιλεῦσι
506 4697 798 4767 Ῥωμαίων
844 4698 974 4759 τοὺς
1028 4699 1408 4765 ἐντιμοτέρους
1442 4699 1551 4751 τῶν
1604 4700 1753 4751 πολι·
1786 4671 1830 4726 D

1740 4728 1753 4739 .
1786 4671 1830 4726 θ
1859 4690 2117 4759 ambages
2162 4703 2485 4755 responsum
2543 4688 2722 4740 fuerat
2765 4688 2964 4740 seriem
3006 4686 3322 4741 Comnenia:
3350 4686 3427 4740 fa-

165 4794 279 4848 τῶν
311 4792 454 4863 μετὰ
506 4789 725 4843 κλάδων
764 4787 973 4841 θαλιῶν
1011 4788 1093 4851 είς
1153 4788 1362 4857 τροφὴν
1419 4789 1625 4852 ἐκάλει,
1662 4791 1754 4843 καὶ

186 4884 418 4949 ,ὶλέξιον
445 4882 535 4934 τὸν
564 4881 727 4933 παῖδα
758 4879 1066 4947 ὠνόμασεν,
1103 4880 1199 4945 οὐχ
1227 4880 1409 4940 ἁπλῶς
1442 4880 1538 4949 τὴν
1563 4881 1752 4947 κλῆσιν

168 4976 612 5043 ἀπολεξάμενος,
655 4972 776 5023 οῦδέ
800 4972 890 5023 τὸν
922 4971 1086 5023 παῖδα
1115 4970 1290 5037 τιμῶν
1321 4972 1399 5040 τῷ
1426 4971 1519 5024 τοῦ
1552 4973 1749 5025 τεκόν-

172 5084 273 5130 τος
337 5067 435 5116 τὶν
464 5064 836 5131 γεγεννηκότα
860 5063 1069 5114 ἐκεῖνον
1094 5062 1345 5131 ὀνόματι,
1380 5064 1514 5115 ἀλλὰ
1553 5063 1750 5128 προσέ-

171 5176 289 5228 χων
335 5158 427 5209 τὸν
460 5155 586 5207 νοῦν
630 5155 985 5225 προρρήματι
1035 5155 1169 5224 πρὸς
1208 5154 1305 5223 τὴν
1359 5155 1754 5223 ὑποϐληθείσαν

172 5253 455 5320 ἐρώτησιν
490 5246 841 5315 ἐξενεχθέντι,
891 5246 1013 5315 ἥτις
1046 5243 1115 5315 ἦν
1149 5249 1205 5307 ἐς
1235 5247 1360 5299 ὅσον
1403 5250 1435 5313 ἡ
1463 5248 1555 5299 τοῦ
1591 5248 1751 5316 βασι-

172 5340 315 5399 λέως
350 5335 592 5397 Ἀλεξίου
646 5335 740 5385 τοῦ
784 5333 1072 5403 Κομνηνοῦ
1104 5335 1450 5404 παραταθείη
1483 5337 1660 5403 σειρά,
1695 5337 1755 5388 τὸ

170 5430 229 5480 δὲ
264 5425 665 5497 προαγόρευμα
696 5417 858 5493 αἷμα,
888 5424 919 5476 δ
955 5426 1055 5491 τῆς
1094 5423 1365 5492 συλλαϐῆς
1398 5424 1749 5494 διιστάμενον

172 5520 275 5571 καὶ
301 5517 444 5568 κατὰ
474 5517 739 5583 στοιχεῖον
770 5515 1172 5584 ἀναλεγόμενον
1198 5514 1287 5568 διὰ
1320 5517 1421 5584 μὲν
1457 5516 1549 5568 τοῦ
1574 5517 1618 5567 Λ
1656 5533 1749 5569 σα-

173 5609 293 5677 φῶς
331 5607 624 5675 ὑπέγραφε
654 5609 746 5659 τὸν
784 5607 1044 5672 Ἀλέξιον,
1069 5606 1156 5658 διά
1184 5606 1241 5658 δὲ
1273 5606 1363 5659 τοῦ
1398 5609 1417 5659 ῐ
1450 5609 1539 5659 τὸν
1568 5609 1753 5662 Ἰωάν-

171 5719 294 5769 νην,
327 5698 418 5751 διὰ
439 5699 494 5751 δὲ
519 5698 626 5751 τῶν
655 5698 852 5766 ἐφεξῆς
879 5697 973 5750 δύο
996 5697 1338 5765 γραμμάτων
1370 5699 1461 5749 τὸν
1495 5699 1753 5767 Μανονὴλ

172 5792 269 5844 καὶ
307 5790 395 5841 τὸν
421 5790 479 5856 ἐξ
505 5788 715 5842 ἐκείνου
746 5787 909 5842 πάλιν
939 5787 1403 5859 παραληψόμενον
1426 5788 1522 5859 τὴν
1555 5791 1746 5859 ἀρχήν.

1861 4781 2023 4834 milia:
2084 4780 2403 4833 duraturam
2475 4787 2712 4842 tantum,
2768 4789 2902 4846 quot
2958 4778 3174 4832 litteras
3229 4793 3427 4832 nomen

1859 4869 2036 4929 Aima,
2082 4870 2184 4921 hoc
2240 4879 2324 4921 est
2351 4884 2592 4935 sanguis.
2649 4870 3110 4936 complecteretur
3164 4882 3227 4921 ac
3254 4882 3349 4937 per
3383 4871 3421 4919 .-l

1858 4958 2101 5019 Alexius,
2151 4971 2246 5024 per
2292 4956 2316 5008 1
2372 4956 2632 5017 Joannes.
2671 4973 2767 5025 per
2806 4956 2858 5008 Μ
2913 4966 2969 5009 et
3030 4960 3065 5008 Α
3108 4956 3324 5012 Μσηυεί
3373 4968 3427 5009 et

1863 5049 2007 5101 tilius
2030 5047 2150 5114 ejus
2183 5047 2321 5100 alter
2356 5046 2577 5100 Alexius
2602 5047 2744 5099 baud
2777 5045 3017 5101 obscure
3039 5046 3426 5117 signiﬁcaban-

1866 5149 1975 5195 tur.
2006 5141 2142 5193 Cum
2172 5156 2309 5209 puer
2334 5149 2493 5193 atate
2523 5139 2846 5203 procederet
2873 5149 2931 5194 et
2980 5140 3156 5193 instar
3181 5138 3429 5197 fecunda
3460 5138 3466 5144 ’

1864 5237 2059 5303 planta:
2101 5241 2397 5293 (προνοῇ-ι,
2430 5234 2574 5285 aliud
2603 5233 2894 5286 consilium
2925 5235 3073 5303 capit
3107 5233 3423 5301 imperator,

1862 5324 2018 5393 221
2054 5336 2111 5378 et
2136 5324 2515 5392 jusjurandum
2543 5324 2609 5377 de
2638 5325 2853 5391 imperii
2875 5324 3225 5378 succeSsioue
3255 5338 3285 5375 a
3320 5323 3427 5378 Μι-

1862 5419 1941 5469 ria
1970 5416 2076 5468 ﬁlia
2107 5426 2161 5468 et
2189 5417 2310 5483 ejus
2356 5414 2552 5466 marito
2583 5413 2771 5466 Alexio
2827 5413 3112 5466 Pannonio
3164 5412 3218 5467 in
3252 5412 3419 5466 tilium

1859 5507 2161 5561 transferre
2192 5507 2447 5559 instituit.
2493 5507 2725 5560 l'roinde
2756 5520 2880 5558 cum
2914 5506 3024 5559 lilio
3054 5516 3108 5559 ι·ι
3129 5506 3343 5559 civibus
3374 5507 3451 5564 in.

1855 5602 2195 5670 amplissimo
2232 5602 2432 5668 tetnplo
2480 5599 2771 5654 Gewtrieis
2805 5601 2899 5655 Dei
2931 5600 3213 5659 convenit,
3251 5610 3304 5652 et
3334 5614 3431 5667 per

1847 5698 2227 5765 jusjurandum
2266 5695 2484 5761 imperii
2516 5693 2868 5746 successione
2910 5693 2962 5744 in
2992 5694 3185 5756 lilium,
3226 5702 3282 5746 ut
3320 5709 3425 5757 ttu-

1855 5791 2022 5853 ιειὶιοι,
2073 5792 2345 5844 translata.
2386 5788 2545 5857 paulo
2574 5796 2695 5853 post
2728 5786 2889 5841 tiliam
2926 5785 2993 5840 ab
3019 5785 3208 5840 Alexio
3240 5785 3425 5854 sejun-
