4270 6374
238 406 345 465 553
1220 388 1318 462 οε
1359 398 1726 462 MANUEL‘E
1772 394 1917 455 con

1781 394 2134 456 COMNENO
2170 400 2317 460 LIB.
2362 401 2489 460 VII.
3368 404 3467 464 554

234 519 330 566 καὶ
380 517 461 575 ε’ς
521 508 851 581 ὲμπρησμδδ
914 509 1119 572 ἔκτοτε,
1182 510 1252 579 ἦν
1306 512 1617 580 εὖπρήστου
1677 504 1920 573 ὖληςΛ“

1784 523 1809 563 ς
1836 504 1883 562 Α
1914 504 1995 557 vis
2026 521 2164 573 pene
2219 507 2467 561 demersa
2493 519 2593 563 est.
2618 513 2694 563 Ac
2720 525 2845 563 cum
2877 512 3075 565 tributa
3111 528 3470 583 exaggerasse

230 607 373 675 τύχῃ
399 604 721 672 λαϐόμενον,
758 604 852 655 καὶ
882 605 1019 670 πρὸς
1053 604 1223 671 μόνην
1265 601 1500 670 ὑποψίαν
1531 601 1807 667 φυομένην
1909 614 1916 644 l

1787 617 1807 649 ν
1909 606 1962 647 et
1990 599 2335 665 magistratus
2355 600 2661 667 publicanis
2686 604 2997 657 vendidisse
3023 615 3076 657 et
3111 607 3473 661 fertilissimos

230 699 332 765 τὴν
372 697 479 747 τῶν
519 694 831 746 λυπούντων
886 692 1059 762 ἀρχὴν
1112 691 1429 760 ἀπεμάχετο
1490 690 1631 741 κατά
1682 687 1808 745 τοὺς
1914 722 1916 733 ι

1786 703 1808 745 ς
1914 700 2076 750 agros
2104 689 2219 739 suis
2245 692 2444 743 aratris
2480 692 2806 757 proscidissc
2839 695 3004 764 266
3028 711 3129 749 nec
3162 696 3274 764 ipse
3305 698 3472 751 dissic

233 789 491 854 opinati;
539 786 648 837 τῶν
688 784 965 853 γηπόνων,
1007 782 1056 835 οἶ
1110 782 1207 844 τὰς
1255 780 1498 842 ἀκάνθας
1556 780 1652 832 τὰς
1710 777 1807 845 τὴν
1912 790 1919 825 1

1787 796 1807 825 ν
1912 777 2125 828 niuiare
2182 792 2425 843 possum.
2480 781 2583 833 Sed
2620 786 2851 849 pecunia
2908 786 3012 839 hoc
3055 788 3217 839 modo
3248 788 3473 842 collecta

234 880 482 946 πρασιάν
539 874 942 942 λυμαινομένας
1006 874 1208 941 νεαρὰς
1266 872 1348 923 ἔτι
1408 871 1650 921 ὲκσπίυσι
1715 869 1808 918 καὶ
1910 880 1920 915 1

1788 869 1808 916 ‘v.
1910 880 2016 917 non
2051 868 2244 918 tamin
2303 868 2591 923 thesauros
2629 872 2973 927 referebatur
3020 892 3184 945 quam
3244 893 3473 949 utraque

233 967 707 1035 καταστρέφουσιν
741 963 1008 1031 ἀρτιθαλῆ
1047 964 1154 1014 τῶν
1185 962 1415 1031 δένδρων
1454 960 1523 1011 τὰ
1580 960 1654 1027 μὴ
1710 975 1807 1027 κη·
1910 972 1919 1008 1

1788 984 1807 993 -
1910 972 2073 1009 manu
2111 958 2413 1011 liberaliter
2436 962 2841 1030 ell'undcbatur,
2885 970 3082 1035 partim
3115 975 3167 1026 in
3200 989 3474 1032 monaste-

230 1058 498 1126 πεύσιμα.
538 1057 645 1108 Καὶ
682 1055 839 1107 τοῦτο
872 1054 1056 1121 σαφῶς
1099 1053 1344 1116 ὑπέδειξε
1377 1052 1444 1104 τὰ
1488 1054 1805 1120 μετέπειτα,
1911 1064 1916 1099 1

1790 1089 1805 1113 ,
1911 1049 2011 1112 ria,
2078 1064 2264 1102 sacras
2315 1050 2461 1104 :edes
2518 1062 2573 1105 et
2630 1070 2899 1124 pauperes
2940 1059 3232 1129 Rullianus,
3276 1070 3472 1135 partim

230 1150 397 1215 ἡνίκα
426 1147 525 1216 τὴν
558 1148 657 1215 μὲν
688 1146 920 1197 ἐνταῦθα
957 1147 1104 1214 ζωὴν
1132 1146 1292 1208 αὐτὸς
1347 1144 1699 1213 μετηλὶάχει,
1739 1141 1807 1192 τὰ
1908 1153 1916 1170 ‘

1785 1141 1807 1192 ὴ
1908 1148 2111 1191 veroet
2145 1146 2374 1193 maxima
2398 1142 2623 1209 quidem
2659 1161 2721 1198 ex
2750 1157 2931 1215 parte,
2965 1151 3019 1203 in
3045 1154 3225 1209 varias
3258 1171 3471 1227 gentes,

229 1240 290 1289 δέ
348 1254 411 1305 γε
470 1239 769 1307 πράγματα
826 1236 1166 1305 κυϐερνήτην
1227 1234 1575 1287 ἀποϐαλόντα
1642 1232 1806 1300 σοφὸν
1910 1228 1915 1279 1

1910 1227 2134 1281 Latinas
2163 1233 2490 1296 praesertim.
2524 1232 2659 1286 Nam
2685 1253 2749 1289 ex
2781 1242 3175 1298 muniﬁcentia:
3227 1259 3472 1305 ostenta-
3530 1295 3532 1299 .

236 1330 439 1399 μικροῦ
488 1329 548 1380 τὸ
596 1329 693 1396 τῆς
731 1328 1006 1397 βασιλείας
1044 1328 1250 1395 σκάφος
1308 1326 1591 1377 ὲὸἀπτισε.
1634 1324 1707 1376 Τὸ
1757 1323 1803 1375 δ’
1910 1327 1922 1369 1

1792 1323 1803 1341 ’
1910 1317 2055 1371 tione
2082 1319 2251 1374 cﬂ‘use
2282 1323 2571 1391 spargebat
2592 1334 2647 1377 et
2674 1326 2979 1385 insumebat
3009 1349 3071 1385 ea
3090 1352 3211 1403 qua:
3244 1350 3472 1411 utraque

230 1420 326 1473 οὖν
373 1421 484 1471 τῶν
515 1418 735 1487 δασμῶν
776 1420 1167 1484 ἐπιτεταμένον
1207 1416 1315 1469 οὐδ’
1349 1416 1508 1477 αὐτὸς
1554 1414 1628 1477 ὡς
1674 1430 1805 1481 μετ·
1872 1426 1916 1462 κι

1787 1441 1805 1451 -
1872 1426 2070 1497 lmanu
2106 1412 2422 1481 collegerat,
2450 1424 2505 1467 et
2565 1417 2947 1475 acerbissimos
3006 1438 3297 1485 exactores
3324 1449 3472 1502 quae-

228 1510 457 1561 ςδίωκεν
505 1507 912 1575 ἀποκρύψομαι.
956 1506 1090 1558 Ἀλλ’
1120 1504 1229 1557 οὐδ’
1283 1506 1364 1557 δτι
1402 1504 1455 1557 al
1494 1504 1663 1572 ἀρχαὶ
1713 1501 1803 1569 δη·
1907 1518 1914 1553 1

1785 1529 1803 1540 -
1907 1512 2087 1555 stores
2136 1502 2477 1571 designabat.
2522 1506 2576 1559 In
2622 1509 2769 1577 justa
2824 1523 3143 1580 sumptuum
3196 1501 3471 1589 parteilla

235 1598 541 1666 μοσιὼναις
574 1598 980 1665 προιᾷεέδὶαηντο
1015 1594 1451 1665 παραδράμοιμι,
1491 1592 1680 1660 ὥσπερ
1715 1593 1805 1643 καὶ
1906 1606 1921 1643 ι

1784 1593 1805 1643 ὶ
1906 1594 2085 1659 neptis
2114 1593 2234 1661 ejus
2290 1594 2606 1661 'l‘beodora,
2638 1602 2815 1669 cujus,
2853 1614 2912 1656 ut
2945 1604 3079 1670 dixi,
3111 1618 3470 1670 consuetudi-

226 1692 290 1741 τὸ
352 1689 539 1741 ποθεῖν
590 1690 845 1755 νεὼματα
908 1689 965 1739 ἐν
1030 1686 1296 1754 ἀρούραις
1347 1686 1442 1737 καὶ
1492 1684 1571 1749 τῷ
1609 1683 1801 1736 ἑαυτοῦ
1906 1696 1912 1733 1

1784 1683 1801 1735 3
1906 1680 2289 1760 ne‘utebatur,
2336 1686 2590 1752 quamvis
2645 1705 2841 1758 expers
2894 1692 3246 1761 diadematis,
3291 1714 3470 1759 famen

224 1779 446 1848 ἀρότρῳ
470 1778 765 1846 διασχίζειν
800 1776 1064 1838 αῠλακας,
1097 1775 1157 1838 ἐξ
1189 1769 1263 1828 ὧν
1292 1773 1439 1841 αὐτῷ
1474 1774 1804 1842 ἀνδρομεγέ-
1836 1833 1879 1859 b
1907 1798 1910 1813 ι

1784 1801 1804 1815 -
1836 1833 1879 1859 b
1907 1778 2169 1825 comitatu
2206 1775 2364 1842 plane
2392 1779 2544 1845 regio
2577 1781 2852 1846 utebatur,
2884 1787 3086 1840 mulier
3112 1795 3470 1859 superciliosa

224 1873 326 1939 οης
381 1872 706 1923 ἀνέϐλαστεν
757 1868 1015 1935 ἄσταχυς.
1068 1864 1174 1919 ἿΙν
1228 1868 1284 1919 δὲ
1331 1867 1398 1919 τά
1439 1866 1805 1933 συλλεγόμενα
1836 1833 1910 1905 Β‹

1786 1884 1805 1917 ι
1836 1833 1880 1891 Β
1907 1872 1961 1915 et
1987 1879 2269 1931 arrogans.
2312 1882 2431 1934 qum
2474 1868 2735 1934 palatium
2768 1874 2872 1926 nisi
2920 1833 3199 1945 exquisitel
3236 1900 3472 1954 perpur—

223 1969 484 2031 χρὴματα
539 1962 601 2012 οὐ
658 1959 911 2012 τοσοῦτον
970 1960 1284 2027 ἀποθήκαις
1338 1957 1710 2024 ἀποτιθέμενα
1769 1956 1802 2025 ἦ
1906 1975 1909 2017 1

1784 1956 1802 2025 ἦ
1906 1963 2089 2021 gatum
2130 1955 2337 2023 ingredi
2399 1959 2709 2014 recusabat.
2765 1962 2872 2017 Sed
2908 1976 2965 2019 et
2997 1970 3109 2022 lilio
3140 1988 3205 2025 ex
3255 1992 3317 2029 ea
3346 1993 3470 2045 pro-

226 2054 389 2124 μνχῷ
417 2055 517 2122 γῆς
553 2054 1082 2123 έγκατορυττὸμενα,
1127 2052 1251 2102 ὅσον
1282 2051 1629 2120 ἀμφοτέραις
1670 2050 1805 2101 ἀπο·
1904 2063 1912 2093 ε

1788 2078 1805 2089 .
1904 2056 2094 2096 creato
2124 2056 2179 2098 et
2210 2046 2333 2099 aliis
2361 2048 2610 2115 pluribus
2652 2061 2763 2106 tota
2792 2057 2959 2111 maria
3011 2064 3260 2127 pecunia:
3286 2068 3474 2123 allluc-

224 2148 529 2212 κενούμενα
558 2148 650 2197 καὶ
686 2145 917 2211 ἀφειδῶς
951 2146 1305 2213 παρεχόμενα
1351 2143 1446 2196 καὶ
1485 2144 1671 2210 μονατς
1704 2143 1803 2210 μὲν
1905 2134 1910 2184 Ῑ

1787 2160 1803 2193 ρ
1905 2133 2058 2185 bant.
2089 2133 2368 2189 Eunucliis
2398 2153 2618 2207 quoque
2663 2144 3022 2203 cubiculariis
3054 2153 3289 2222 aliisque
3314 2162 3473 2213 mini-

222 2241 320 2289 καὶ
359 2238 609 2303 τεμένεσι
662 2238 756 2287 καὶ
799 2235 1092 2301 Ῥωμαίοις
1124 2234 1567 2302 έλασσουμένοις,
1622 2234 1689 2285 τὰ
1746 2232 1803 2284 δὲ
1904 2242 1908 2275 ε

1784 2232 1803 2283 ὲ
1904 2227 2032 2277 stris
2061 2242 2128 2277 ex
2162 2229 2467 2295 peregrinis
2494 2233 2631 2285 ortis
2677 2236 3019 2304 nationibus,
3056 2248 3470 2309 semibarbaris.

220 2330 458 2381 πλεῖστα
503 2330 623 2381 ταῖς
673 2328 782 2379 τῶν
814 2326 982 2378 ὲονῶν
1036 2325 1480 2394 μεταγγιζὸμενα
1520 2340 1803 2393 πανσπερ-
1904 2343 1906 2359 ι

1783 2354 1803 2365 -
1904 2316 1997 2384 qui
2030 2318 2343 2385 expeditius
2369 2322 2644 2389 spuebant
2699 2342 2861 2392 quam
2922 2330 3315 2401 loquebantur,
3348 2351 3469 2394 erat

222 2422 380 2491 μίαις
419 2459 433 2482 ,
500 2422 596 2471 καὶ
664 2418 896 2487 μάλιστα
969 2420 1090 2479 ταῖς
1154 2419 1469 2478 Λατινικαίς
1502 2416 1801 2484 ςσὲκρέοντα
1902 2414 1908 2458 1

1783 2432 1801 2463 ι
1902 2405 2079 2461 facilis
2109 2419 2165 2463 et
2210 2409 2503 2478 benignus,
2537 2429 2741 2485 eosque
2789 2422 2843 2473 in
2896 2421 3127 2477 divitum
3182 2444 3469 2485 numerum

217 2513 553 2581 δμηγύρεσι.
615 2508 943 2576 Φιλοδωρίας
990 2509 1098 2577 γὰρ
1142 2506 1492 2576 μεταδιώκων
1539 2506 1802 2569 ἐπίδειξιν
1902 2516 1903 2549 1

1783 2525 1802 2557 ν
1902 2500 2200 2564 referebat,
2231 2511 2291 2555 ut
2334 2504 2547 2559 acervis
2591 2510 2951 2574 pecuniarum
2980 2522 3037 2567 et
3068 2520 3215 2573 omni
3265 2537 3469 2591 genere

218 2607 451 2665 ἀσώτως
483 2602 773 2672 ἐσκόρπιζε
814 2602 908 2654 καὶ
950 2603 1243 2671 ἀνήλισκεν
1272 2600 1417 2669 ἅπερ
1457 2600 1799 2669 ἀμφοτέραις
1900 2604 1904 2659 ἶ

1781 2616 1799 2660 ;
1900 2593 2061 2662 267
2085 2606 2533 2652 ornamentorum
2556 2608 2815 2669 tanquam
2839 2607 3198 2662 maximarum
3223 2614 3467 2680 gentium

220 2697 502 2761 συνέλεγε,
527 2695 652 2754 τοὺς
682 2693 869 2761 ἄκρως
906 2691 1286 2760 κερματιστὰς
1333 2692 1659 2759 φροντιστὰς
1688 2690 1799 2742 τῶν
1900 2701 1906 2752 1

1788 2709 1799 2739 ρ
1900 2701 2161 2752 proceres
2188 2688 2658 2755 circumfluerent,
2702 2693 2866 2763 idque
2898 2712 3023 2751 cum
3080 2704 3260 2756 omnis
3284 2708 3474 2761 erudi-

217 2787 441 2839 οἱκείων
488 2784 991 2852 έφιστῶν.”Μέρος
1040 2784 1095 2837 δὲ
1134 2784 1231 2851 τῆς
1279 2783 1522 2851 δαπάνης
1580 2783 1799 2848 καίριον
1902 2794 1903 2797 ‘

1785 2801 1799 2833 ρ
1902 2776 2070 2829 tionis
2092 2788 2349 2845 expertes
2381 2780 2579 2849 lingua:
2632 2784 2833 2839 Graeca:
2882 2791 3110 2858 vestigia
3161 2793 3233 2847 ita
3283 2811 3471 2863 perse-

212 2876 361 2947 ἦσαν
402 2879 496 2929 καὶ
550 2880 664 2928 ὅσοι
721 2874 843 2927 καθ’
888 2870 1031 2942 αἷμα
1091 2876 1424 2944 συνήπτοντο
1476 2876 1572 2927 καὶ
1622 2872 1799 2935 ἄλλως

1780 2890 1799 2935 ς
1900 2876 2203 2946 querentur
2240 2879 2301 2923 ιιι
2333 2872 2568 2938 specula:
2616 2882 2669 2926 Ol
2704 2890 2868 2943 rupes
2915 2892 3221 2937 extremum
3273 2903 3466 2945 sonum

212 2968 513 3037 ᾠκείωντο.
550 2966 758 3019 Αὐτίκα
796 2964 976 3017 τοίνυν
1009 2966 1041 3032 ἡ
1075 2964 1273 3031 ἀνεψιά
1328 2955 1665 3033 Θεοδῶρα,ᾖ
1705 2963 1799 3015 καὶ

1785 2966 1799 3013 1.
1900 2958 2255 3026 pastoralium
2288 2962 2647 3018 canticorum.
2680 2966 2776 3021 His
2802 2978 3058 3038 tanquam
3091 2975 3471 3037 observantis-

216 3061 318 3124 (ὡς
386 3058 623 3126 ἔφημεν)
689 3056 1023 3124 ἐπλησίαζε,
1085 3054 1523 3123 βασιλικωτάτης
1577 3056 1795 3123 μετεῖχε
1899 3072 1902 3100 :

1782 3069 1795 3104 ι
1899 3050 2055 3103 simis
2106 3060 2161 3104 et
2193 3053 2534 3107 fidelissimis
2577 3057 2851 3113 ministris
2878 3078 2986 3116 non
3017 3069 3177 3120 modo
3222 3084 3468 3129 summos

215 3149 571 3219 δορυφορίας,
622 3151 716 3200 καὶ
772 3148 876 3215 μὴν
926 3150 985 3198 οὐ
1036 3146 1387 3214 διαδουμένη,
1435 3147 1528 3196 καὶ
1557 3145 1666 3195 τῶν
1696 3145 1795 3213 ἀρ·
1824 3161 1867 3219 c

1780 3174 1795 3185 .
1824 3161 1867 3219 ο
1902 3143 2258 3209 magistratus
2318 3144 2586 3209 tradebat,
2618 3148 2711 3201 sed
2747 3165 2848 3217 pro
2900 3154 3159 3211 tribunali
3206 3160 3350 3229 juris
3380 3164 3466 3217 di-

218 3244 390 3312 κείων
424 3240 776 3308 βαρουμένων
809 3238 1064 3305 παριέναι
1094 3237 1276 3307 ἧθελε,
1311 3238 1405 3288 καὶ
1456 3238 1598 3288 κατά
1636 3254 1795 3303 φυσι-
1901 3259 1904 3279 ι

1780 3267 1795 3278 .
1901 3235 2067 3287 eundi
2131 3236 2472 3301 provinciam
2527 3239 2581 3291 in
2618 3244 2800 3295 causis
2838 3244 3193 3309 u'iﬂicillimis.
3234 3268 3354 3321 qua:
3383 3257 3466 3309 vel

218 3332 324 3400 κὴν
368 3332 465 3398 μὲν
514 3332 751 3397 ἰδιότητα
808 3328 1044 3396 σοϐαρὰν
1103 3330 1339 3380 ἕλκουσα
1392 3326 1475 3397 [Ρ.
1531 3326 1656 3397 155]
1696 3330 1796 3395 τὴν
1900 3340 1904 3390 1

1780 3344 1796 3378 ν
1900 3325 2247 3391 peritissimis
2278 3327 2458 3391 legum
2508 3332 2788 3397 negotium
2825 3334 3183 3406 facesserent,
3224 3344 3466 3413 assigna-

212 3423 396 3492 ὀφρὺν
436 3423 530 3473 καὶ
565 3423 675 3473 ἄνω
708 3421 769 3471 τὸ
798 3422 951 3487 ὄμμα
991 3420 1266 3481 τείνουσα,
1299 3421 1360 3469 τὸ
1387 3419 1441 3469 δὲ
1470 3419 1632 3471 πλέον
1662 3420 1793 3485 ἀγέ-

1773 3449 1793 3459 -
1898 3415 2007 3469 bat.
2070 3417 2205 3470 Cum
2254 3418 2435 3487 aliqua
2492 3423 2770 3487 provincia
2818 3426 3185 3483 describenda
3234 3444 3351 3488 erat
3382 3436 3459 3503 (id

216 3530 399 3582 ρωχον
431 3513 722 3581 βλέπουσα.
763 3512 872 3563 Καὶ
897 3514 923 3562 ὁ
956 3512 1020 3562 ἐκ
1048 3511 1251 3578 ταύτης
1302 3509 1358 3561 δὲ
1391 3512 1677 3578 γενόμενος
1717 3511 1793 3578 τῷ
1894 3523 1902 3556 :

1776 3511 1793 3560 δ
1894 3515 2077 3558 autem
2114 3506 2277 3559 ﬁebat
2341 3510 2585 3576 schius),
2650 3512 2958 3569 istiusmodi
3007 3531 3185 3575 castus
3232 3526 3462 3580 eruditis

216 3606 433 3673 βασιλεῖ
487 3608 615 3665 παῖς
682 3606 776 3655 καὶ
840 3601 1037 3670 ἐφεξῆς
1095 3603 1273 3669 ἒτεροι
1331 3602 1457 3663 ὅλας
1517 3602 1792 3662 Θαλάσσας
1894 3611 1902 3662 1

1769 3618 1792 3662 ς
1894 3595 2337 3662 praeponebatur.
2365 3596 2571 3660 Quodsi
2607 3602 2828 3667 quando
2884 3606 3090 3661 nobilis
3114 3610 3315 3678 aliquis
3346 3615 3455 3668 llo-

212 3696 518 3765 χρημάτων
550 3698 625 3755 εἰς
661 3695 888 3750 ἑαυτοὺς
940 3694 1331 3761 μετωχέτευον.
1368 3692 1600 3752 Εῠκολος
1630 3693 1687 3745 δὲ
1716 3693 1791 3746 ῶν
1894 3703 1898 3739 1

1774 3714 1791 3746 ν
1894 3703 2087 3740 manus
2109 3688 2190 3741 eis
2238 3690 2661 3757 adjungebatur,
2710 3695 2797 3747 vir
2820 3697 3063 3763 prudens
3100 3712 3154 3754 et
3182 3705 3460 3771 cordatus,

212 3791 312 3839 καὶ
365 3786 690 3856 εὐχείρωτος
718 3788 829 3846 τοῖς
864 3788 1301 3853 κατευναστῆρσι
1334 3787 1426 3835 καὶ
1472 3784 1793 3852 θαλαμηπό-
1895 3781 1898 3830 1

1774 3816 1793 3826 -
1895 3778 1942 3831 is
1976 3795 2038 3831 ea
2072 3779 2139 3832 de
2187 3795 2350 3833 causa
2382 3781 2704 3837 mittebatur
2736 3793 2795 3837 ut
2838 3787 3226 3857 descriptionis
3264 3811 3460 3863 munus

210 3875 327 3934 λοις
356 3874 659 3942 ὲκτομίαις,
694 3872 831 3923 ἀλλὰ
856 3873 921 3941 δὴ
952 3872 1049 3925 καὶ
1093 3876 1204 3935 τοῖς
1239 3873 1345 3924 ἀπὸ
1390 3874 1563 3939 γενῶν
1610 3874 1794 3941 ἑτερο·
1892 3890 1896 3911 ι

1773 3898 1794 3910 -
1892 3868 2070 3920 obiret
2098 3877 2433 3936 caeterosque
2485 3870 2703 3926 labores
2740 3876 3035 3945 collrgendi
3066 3882 3258 3935 tributi
3292 3887 3459 3940 susti-

209 3965 469 4034 γλώττων
505 3963 1038 4032 ὑποσαρδαρίζουσιν
1072 3964 1397 4032 ὑπηρέταις,
1434 3959 1508 4015 ὧν
1552 3964 1580 4014 ὁ
1617 3963 1790 4025 σίελος
1892 3975 1895 4010 1

1774 3980 1790 4025 ;
1892 3969 2096 4012 neret:
2166 3959 2437 4013 barbarus
2481 3977 2610 4014 vero
2677 3970 2968 4032 pecuniam
3023 3971 3349 4040 accipiebat,
3405 3987 3460 4033 et

205 4057 496 4123 τοῦλόγου
539 4057 991 4125 προηκοντίζετο,
1036 4058 1149 4116 τοῖς
1188 4057 1489 4125 ρυηφενέσι
1524 4057 1615 4107 καὶ
1667 4054 1790 4107 τού·
1890 4092 1891 4099 η

1772 4084 1790 4095 .
1890 4064 2081 4102 saccos
2127 4049 2446 4118 obsignatos
2493 4052 2559 4105 ad
2618 4053 3005 4123 imperatorem
3052 4062 3323 4119 mittebat.
3350 4066 3458 4121 Sed

206 4166 335 4209 τους
377 4150 663 4200 ὲνὲταττεν
708 4147 957 4209 εὐπετῶς
1003 4146 1072 4199 τὰ
1106 4148 1278 4199 πολλὰ
1335 4148 1397 4200 τὸ
1456 4144 1546 4210 οὖς
1603 4150 1789 4208 αὐτοῖς
1891 4205 1892 4209 η

1766 4163 1789 4208 ς
1891 4144 2149 4211 pleraque
2198 4152 2390 4195 contra
2440 4144 2765 4199 eveniebant
2817 4163 2982 4216 quam
3034 4154 3289 4219 sperabat
3342 4157 3452 4213 ille.

207 4238 538 4300 ὐποκλίνων,
575 4240 669 4289 καὶ
710 4237 852 4304 ἅπερ
892 4238 1140 4305 ᾐτοῦντο,
1178 4240 1389 4307 ραόνως
1444 4240 1785 4306 ὲκπερατῶν.
1878 4236 1893 4287 ζ

1770 4277 1785 4292 .
1878 4236 2023 4287 Nam
2056 4234 2186 4287 dum
2224 4234 2498 4287 Romanos
2532 4238 2816 4303 peculatus
2868 4254 3151 4307 suspeetus
3202 4246 3452 4313 cavebat,

205 4327 338 4378 Τισὶ
369 4329 547 4377 τοίνυν
587 4329 651 4377 ἐκ
680 4324 891 4376 τούτων
915 4324 1089 4386 οὕτως
1117 4327 1299 4393 ευρόει
1336 4328 1404 4378 τὰ
1431 4327 1571 4377 κατά
1612 4325 1787 4394 βίοτον
1888 4341 1891 4377 :

1769 4345 1787 4377 ν
1888 4341 1997 4378 non
2034 4325 2421 4377 animadvertit
2448 4339 2507 4378 se
2552 4342 2747 4381 avaros
2788 4327 3059 4383 Barbaros
3115 4333 3455 4403 locupletare

205 4420 283 4480 ὡς
318 4418 576 4485 σωρείαις
616 4416 917 4485 χρημάτων
940 4415 1349 4485 ινευθηνείσοαι
1372 4418 1465 4469 καὶ
1495 4420 1608 4479 τοῖς
1642 4418 1783 4470 κατά
1814 4482 1851 4491 _
1888 4441 1891 4463 ι

1765 4419 1851 4491 ι-
1888 4426 1943 4470 et
1996 4416 2397 4469 homunciones
2468 4416 2715 4471 infelices
2773 4418 2959 4483 beare,
3010 4431 3173 4491 atque
3232 4426 3451 4480 interim

205 4482 415 4576 κόσμον
466 4482 627 4559 πᾶσι-
649 4482 1030 4577 περιρρεῖσθαι
1060 4482 1331 4575 λαμπροῖς
1372 4510 1461 4560 (ea.
1498 4511 1591 4560 καὶ
1631 4526 1785 4575 μεγι-
1814 4482 1858 4535 D
1889 4508 1891 4559 ζ

1764 4540 1785 4555 .
1814 4482 1858 4535 Ῑ)
1889 4507 2164 4560 Romanos
2186 4522 2213 4558 a
2237 4521 2295 4560 se
2319 4506 2580 4569 alienare,
2614 4517 2674 4560 ut
2701 4507 2822 4562 lldei
2853 4519 2908 4563 et
2943 4482 3140 4568 natura
3186 4515 3364 4570 insitas
3392 4527 3450 4570 et

206 4605 370 4655 στᾶσι
400 4601 673 4668 μεγίστων
717 4598 911 4661 ὲονῶν,
941 4599 1037 4650 καὶ
1066 4598 1241 4651 ταῦτα
1279 4600 1527 4661 παιδείας
1561 4600 1783 4668 ἀπάσης
1886 4617 1892 4647 ι

1767 4618 1783 4663 ,-
1886 4598 2134 4651 doctrina
2204 4608 2531 4667 comparata:
2580 4600 2745 4669 268
2808 4601 3287 4662 obliviscerentur.
3347 4608 3453 4662 Co-

205 4694 593 4761 ὲστερημένοις
650 4693 741 4744 καὶ
780 4690 967 4759 φωνῆς
1012 4690 1316 4759 Ἑλληνίδος
1346 4692 1414 4743 τὰ
1454 4693 1575 4761 ἴχνη
1614 4710 1779 4760 μετα-
1887 4710 1891 4754 1

1762 4721 1779 4734 -
1887 4691 2035 4757 gnita
2084 4690 2232 4743 enim
2304 4690 2652 4758 imperatoris
2694 4692 2762 4744 de
2813 4706 2872 4745 se
2906 4694 3242 4762 suspicione,
3303 4700 3448 4766 quod

202 4784 494 4836 διώκουσιν
519 4781 594 4843 ὡς
632 4784 686 4833 αί
730 4782 956 4834 σκοπιαί
990 4798 1050 4832 τε
1082 4782 1177 4834 καὶ
1224 4783 1278 4833 αί
1320 4782 1514 4851 πέτραι
1535 4784 1678 4850 πρὸς
1713 4785 1781 4837 τὰ
1887 4828 1888 4833 η

1763 4785 1781 4837 k
1887 4782 2125 4837 ministri
2176 4780 2360 4849 potius
2418 4797 2482 4835 ac
2528 4781 2693 4849 bajuli
2749 4795 2996 4850 quaestus
3052 4802 3212 4854 quam
3258 4790 3449 4845 ﬁdeles

203 4876 317 4927 τῶν
348 4878 624 4941 ποιμένων
652 4873 944 4941 αὐλήματα
973 4874 1033 4925 τὸ
1066 4877 1165 4944 τῆς
1188 4873 1352 4943 ἠχοῦς
1383 4874 1778 4942 ὑστερόφωνον.
1886 4888 1889 4940 1

1761 4914 1778 4931 ,
1886 4879 2272 4940 procuratores
2326 4870 2722 4931 iudicarentur,
2770 4881 2827 4925 et
2870 4872 2982 4925 bini
3029 4874 3079 4926 in
3136 4878 3447 4942 provincias

205 4964 363 5015 Κάπὶ
413 4959 627 5021 τούτοις
690 4960 765 5022 ὡς
810 4963 1152 5023 πιστοτάτοις
1190 4962 1354 5013 αὑτοῦ
1409 4962 1503 5013 καὶ
1553 4961 1780 5031 θερμοῖς
1887 4979 1891 5014 1

1759 4981 1780 5025 ;
1887 4964 2259 5024 mitterentur,
2296 4962 2438 5013 servi
2472 4960 2646 5027 magis
2692 4976 2855 5029 quam
2911 4965 3311 5030 gubernatores
3343 4970 3445 5021 im-

204 5053 509 5119 θεράπουσι
559 5052 793 5116 μάλιστα
832 5050 1110 5111 πεποιθὼς
1146 5032 1219 5101 ου’
1244 5051 1405 5119 μόνον
1441 5053 1626 5115 αὐτοῖς
1680 5056 1781 5118 τὰς
1884 5070 1890 5122 1

1758 5073 1781 5118 ς
1884 5054 2042 5122 perii,
2076 5052 2129 5105 id
2165 5052 2341 5105 solum
2375 5051 2609 5120 agebant
2636 5054 2779 5120 quod
2803 5054 2857 5105 in
2898 5055 3170 5109 mandatis
3215 5074 3444 5128 accepe-

205 5144 475 5214 μεγίστας
499 5142 671 5211 ἀρχὰς
699 5143 1017 5210 ἐγχειρίζει,
1035 5141 1169 5193 ἀλλὰ
1198 5144 1293 5193 καὶ
1317 5144 1561 5212 κρίσεσιν
1584 5145 1780 5212 έφίςτα
1884 5161 1891 5196 1

1755 5164 1780 5199 ι
1884 5153 2026 5205 rant,
2055 5153 2112 5195 et
2144 5153 2410 5196 extortam
2441 5142 2726 5209 pecuniam
2770 5152 3031 5210 tanquam
3096 5146 3149 5198 in
3184 5150 3441 5216 manipuo

200 5238 550 5296 Giuottxai;
600 5229 675 5285 ὧν
731 5233 828 5299 ὀψὲ
884 5235 980 5285 καὶ
1036 5234 1376 5303 νομοτρισείς
1424 5237 1619 5306 ἄνδρες
1658 5238 1777 5300 ὲφί-
1882 5236 1886 5287 1

1753 5266 1777 5279 -
1882 5236 1962 5287 los
1987 5235 2296 5303 eolligatam
2320 5233 2387 5285 ad
2412 5232 2703 5284 barbarum
2736 5233 2890 5286 illum
2927 5250 3117 5303 magna
3156 5238 3439 5304 praadituni

201 5344 383 5380 κοιντο
420 5327 506 5380 ἄν.
542 5325 835 5393 Δεῆσαν“δὲ
866 5326 1093 5376 καὶτῶν
1130 5327 1413 5396 ἐπαρχιῶν
1449 5344 1600 5390 τινας
1637 5331 1777 5383 ἀπο·
1880 5343 1887 5379 :

1753 5360 1777 5372 -
1880 5326 2207 5379 auctoritate
2239 5334 2294 5377 et
2324 5323 2572 5390 plurimis
2604 5324 2864 5378 Romanis
2894 5325 3171 5393 praelatum
3198 5328 3347 5380 velut
3383 5331 3438 5383 in

199 5418 515 5489 γράφεσθαι
572 5416 752 5485 (τοῦτο
802 5416 858 5468 δὲ
926 5418 1185 5483 συχνάκις
1220 5418 1449 5487 ἐγίνετο)
1489 5419 1517 5469 ὀ
1572 5423 1776 5474 τοιόσδε
1879 5432 1885 5467 :

1754 5440 1776 5474 ε
1879 5428 2061 5467 aream
2091 5410 2484 5481 congerebant,
2526 5421 2720 5466 czetera
2770 5428 2903 5466 vero
2927 5414 3279 5481 negligcbaut
3316 5435 3326 5467 :
3370 5434 3440 5471 ne

197 5511 357 5579 χορὸς
388 5508 484 5558 τοῦ
513 5507 739 5573 λογίμου
770 5506 1141 5574 προύτίθεντο.
1184 5507 1246 5558 Ei
1275 5508 1332 5559 δέ
1365 5526 1466 5560 που
1509 5515 1602 5564 καὶ
1633 5529 1775 5581 παρ-
1879 5530 1883 5555 <

1753 5541 1775 5552 -
1879 5507 2055 5560 dicam
2088 5505 2153 5558 ad
2192 5506 2577 5571 imperatorem
2604 5518 2773 5571 pauca
2801 5512 2857 5556 et
2891 5505 3059 5558 veluti
3113 5505 3439 5572 quisquilias

195 5598 490 5665 εςεύγνυτό
549 5612 632 5655 τις
713 5596 897 5657 αὐτοῖς
963 5598 1187 5666 εὐγενὴς
1256 5598 1525 5667 Ῥωμαῖος
1594 5604 1771 5672 ἀνὴρ,
1877 5615 1881 5668 ἶ

1754 5642 1771 5667 ,
1877 5599 2220 5669 pervenisse,
2282 5597 2404 5651 illos
2447 5612 2579 5649 vero
2639 5596 2899 5664 pleraque
2947 5595 3245 5649 suﬂ'uratos
3293 5614 3435 5653 esse.

194 5694 417 5763 βάπτων
446 5689 564 5749 ὅλος
597 5688 676 5749 εἰς
712 5687 834 5739 νοῦν
865 5690 960 5738 καί
992 5688 1180 5757 γέμων
1236 5694 1572 5759 φρονήσεως,
1633 5699 1772 5749 κατά
1878 5740 1880 5745 .

1752 5699 1772 5749 ι
1878 5690 2269 5747 Fidelisenim
2333 5689 2477 5743 servi
2509 5701 2711 5741 munus
2752 5695 2871 5741 erat
2925 5686 3137 5741 scilicet
3168 5703 3233 5742 ex
3266 5688 3438 5744 farina

549 5839 814 5896 hmo!“
859 5840 973 5893 (in.
1021 5833 1336 5895 CXXXIX.
3012 5829 3081 5887 18
