4270 6374
837 403 943 464 559

2066 406 2366 469 NICET/E
2415 404 2822 468 CHONIATiE

3980 408 4095 472 560

831 516 929 571 eia:
962 516 1105 572 male
1163 527 1549 576 tractarentur.
1612 519 1746 574 Nam
1789 528 1845 575 et
1899 523 2108 577 strenui
2167 517 2400 584 milites:
2431 527 2517 580 A'

2431 527 2475 580 Α
2506 521 2656 574 τικδν
2710 520 3042 589 ἀτονώτερον
3082 518 3455 588 ἐργασάμενος
3483 519 3573 572 καὶ
3622 519 3921 589 χρηίάτων
3952 519 4085 572 ἀσύ-

832 624 960 661 cum
1001 625 1111 663 non
1145 610 1380 679 amplius
1418 612 1471 665 id
1507 623 1886 681 exsliectarcnt
1913 628 2022 680 quo
2050 612 2400 681 peculiariter

832 698 898 750 ad
927 699 1182 752 virtutem
1218 700 1467 754 bellicam
1515 702 1918 763 excitabantur.
1946 700 2093 770 quod
2128 710 2240 753 tum
2270 715 2399 769 pro-

834 791 1041 842 miscue
1088 790 1350 843 omnibus
1379 791 1519 844 idem
1556 791 1834 859 praemium
1886 792 2227 860 propositum
2255 800 2393 852 erat,

831 881 1170 934 alacritatem
1201 880 1361 950 273
1395 882 1539 933 illam
1580 882 1631 934 in
1664 883 1923 949 periculis
1960 882 2229 934 adeundis
2251 882 2401 948 ahje-

831 982 1064 1034 ccrunt;
1110 982 1163 1026 et
1194 972 1579 1041 provinciales,
1613 976 1705 1040 qui
1757 974 1887 1026 olim
1937 973 2069 1026 ﬁsco
2109 974 2396 1041 pecuniam

833 1064 1217 1123 numerabant.
1251 1079 1278 1114 a
1316 1064 1541 1116 militari
1576 1064 1801 1115 avaritia
1833 1064 2068 1131 pessime
2103 1076 2231 1117 sunt
2288 1074 2366 1115 tra

829 1157 980 1215 ctati,
1038 1165 1225 1222 erepta
1283 1170 1391 1206 non
1448 1156 1677 1222 pecunia
1723 1164 1959 1215 tantum,
1996 1157 2087 1207 sed
2118 1165 2172 1207 et
2206 1156 2396 1207 intima

838 1246 1048 1303 tunica.
1107 1246 1401 1313 aliquando
1438 1262 1463 1295 a
1537 1246 1732 1297 liberis
1785 1254 1839 1297 et
1881 1244 2145 1296 uxoribus
2198 1243 2393 1295 avulsi.

828 1333 1063 1385 Proinde
1142 1336 1375 1401 quilibet
1414 1334 1624 1386 militia:
1652 1348 1852 1386 nomen
1907 1334 2091 1395 «labat,
2132 1344 2187 1387 et
2240 1334 2395 1386 multi

828 1425 1039 1491 ignavis
1073 1425 1165 1476 imi
1207 1434 1261 1476 et
1290 1424 1650 1476 sordidissimi
1675 1425 1923 1492 opitiees,
1958 1426 2042 1478 vel
2092 1440 2237 1493 equo
2270 1425 2398 1477 Per-

826 1518 941 1569 sico
974 1518 1179 1569 donato
1209 1516 1291 1569 vel
1325 1520 1513 1584 paucis
1549 1518 1732 1570 aureis
1770 1518 1929 1575 datis.
1985 1516 2135 1568 nullo
2180 1515 2394 1569 delectu

824 1617 946 1658 aeto
988 1606 1041 1659 in
1088 1607 1322 1659 militum
1374 1608 1652 1675 catalogos
1688 1606 1843 1660 relati
1878 1606 2078 1659 litteris
2124 1605 2391 1671 imperia-

825 1698 970 1749 libus
1031 1697 1236 1765 irrigua
1273 1707 1430 1763 prata
1472 1706 1525 1749 et
1583 1711 1709 1749 rura
1767 1696 1965 1748 fertilia
2009 1703 2065 1747 et
2120 1693 2396 1747 Romanos

828 1787 1151 1838 tributarios
1179 1785 1543 1853 accipiebant,
1608 1793 1667 1835 ut
1740 1784 1827 1836 eis
1866 1784 2161 1849 aliquando
2209 1782 2393 1837 servili

826 1879 1014 1930 habitu
1049 1878 1465 1938 ministrarent;
1504 1886 1560 1929 et
1582 1878 1666 1927 vir
1698 1877 1977 1929 Romanus
2036 1877 2188 1943 gravi
2217 1878 2392 1934 vultu.

826 1971 901 2021 rei
936 1968 1186 2021 militaris
1240 1968 1472 2035 peritus,
1507 1975 1564 2019 et
1627 1976 1788 2019 tanto
1818 1968 2175 2020 excellentior
2208 1978 2269 2021 ut
2317 1968 2395 2021 illi

824 2069 1174 2126 comparatus
1215 2058 1460 2111 Achilies
1492 2058 1794 2119 videretur.
1829 2067 1923 2109 aut
1969 2056 2186 2110 duabus
2222 2058 2397 2109 mani—

826 2150 929 2201 bus
962 2157 1212 2201 armatus
1268 2164 1393 2201 cum
1452 2164 1518 2201 eo
1553 2159 1965 2217 compararetur
1997 2150 2089 2216 qui
2142 2160 2393 2203 neutram

826 2238 1157 2291 incolumem
1212 2238 1462 2301 haberet,
1529 2238 1794 2290 tributum
1847 2238 2114 2306 penderet
2163 2240 2397 2292 homun-

825 2326 971 2381 eioni
996 2327 1389 2389 semibarbaro,
1417 2328 1508 2396 qui
1546 2328 1869 2380 instructam
1916 2329 2090 2381 aciem
2114 2344 2392 2394 nunquam

826 2418 1062 2471 viderat.
1111 2417 1406 2470 Enimvero
1440 2418 1882 2486 perturbationis
1932 2418 2093 2488 hujus
2138 2419 2395 2471 Roman-.e

828 2510 1124 2577 provincia:
1166 2526 1359 2578 graves
1389 2526 1579 2578 pinnas
1640 2511 1939 2573 dederunt,
1998 2526 2230 2579 quarum
2278 2513 2395 2564 alia:

825 2608 955 2653 ante
987 2601 1179 2654 oculos
1218 2610 1436 2655 nostros
1467 2620 1492 2653 ιι
1531 2600 1787 2655 Barbaris
1843 2601 2008 2671 274.
2042 2604 2289 2670 spoliata:
2340 2613 2396 2655 et

827 2703 1107 2762 occupatae
1134 2703 1282 2751 sunt.
1316 2694 1433 2745 alia:
1470 2708 1498 2745 a
1529 2694 1742 2746 nostris
1778 2704 2033 2761 tanquam
2063 2693 2255 2746 aliena:
2307 2709 2395 2745 \a-

830 2791 987 2834 stata:
1020 2790 1077 2833 et
1105 2796 1331 2834 eversaa.
1355 2780 1458 2835 Sed
1488 2798 1796 2851 quousque,
1823 2783 2072 2843 Domine,
2109 2783 2395 2836 haeredita-

826 2873 1026 2925 tistuze
1066 2872 1438 2934 Oblivisceris,
1490 2889 1854 2941 aversaquea
1908 2874 2067 2926 nobis
2113 2877 2254 2928 faeie
2302 2876 2396 2930 ira:

826 2973 932 3014 tuae
960 2961 1140 3015 locum
1166 2962 1365 3014 dabis?
1395 2964 1620 3030 quando
1648 2980 1713 3017 ex
1763 2974 1951 3017 saneta
1985 2965 2100 3018 :edc
2141 2976 2233 3018 tua
2267 2982 2394 3034 pro-

825 3060 1077 3119 spectans
1102 3060 1321 3105 nostras
1358 3069 1634 3107 aerumnas
1668 3064 1723 3106 et
1759 3054 2099 3108 calamitates
2137 3057 2389 3109 intuebe.

2502 626 2661 673 σσους
2730 613 2810 674 είς
2886 611 3060 678 ἀργὰς
3125 611 3396 679 γαστέρας
3452 610 3791 678 ὀχετηγήσας
3857 611 3954 664 καὶ
3989 612 4095 671 τὰς

2510 700 2826 768 Ῥωμαϊκὰς
2866 699 3139 769 ἐπαρχίας
3180 688 3365 759 κακῶς
3406 698 3765 767 διαθέμενοςο
3811 699 3898 771 [Ρ.
3955 700 4087 770 1561

2499 790 2644 841 οἵτε
2685 789 2794 856 γάρ
2832 788 3028 854 ἀγαθοὶ
3085 788 3421 857 στρατιῶται
3478 789 3541 839 τὸ
3595 789 3655 839 ἐν
3713 789 3826 849 τοῖς
3888 787 4101 849 δεινοῖς,

2500 879 2786 947 φιλότιμον
2824 878 3034 931 ἐνθένδε
3078 879 3538 937 καταλελύκασιν,
3589 879 3776 929 οὐκέτι
3815 879 3911 929 τοῦ
3953 879 4091 929 ὑπο-

2498 967 2789 1028 νύσσοντος
2852 968 2988 1031 πρὸς
3052 967 3255 1035 ἀρετῆς
3317 967 3548 1035 ἀρεῖκῆς
3611 964 3877 1030 ἐπίδειξιν
3951 967 4087 1019 ίδίου

2465 1060 2684 1126 εσφίσιν
2736 1059 2809 1120 ὠς
2851 1058 3045 1127 πρώην
3079 1060 3359 1127 μένοντος,
3396 1058 3514 1110 ἀλλ’
3577 1060 3905 1127 εὐπορίστου
3950 1073 4087 1127 πρε·

2502 1151 2755 1219 κειμένου
2818 1153 2929 1210 τοῖς
2987 1151 3179 1211 ἅπασι,
3238 1154 3333 1202 καὶ
3371 1151 3421 1201 oi
3460 1150 3552 1201 τὸν
3593 1150 3856 1218 δημόσιον
3915 1152 4084 1202 πάλαι

2498 1243 2769 1310 δεσπότην
2807 1241 3065 1310 λαχόντες
3123 1241 3233 1293 τῶν
3290 1240 3577 1309 ἐπαρχιῶν
3632 1242 3925 1310 οἰκήτορες
3981 1242 4085 1294 ὑπὸ

2498 1332 2597 1398 τῆς
2648 1333 3047 1402 στρατιωτικῆς
3076 1331 3381 1399 ἀπληστίας
3414 1331 3720 1383 πεπόνθασι
3762 1332 3832 1383 τά
3866 1332 4084 1400 οίκτρόο

2497 1442 2658 1487 τατα,
2687 1427 2785 1478 οὐκ
2818 1425 3083 1494 ἀργύριον
3127 1425 3288 1491 μόνον
3316 1426 3408 1475 καὶ
3432 1422 3622 1476 ὀϐολὸν
3648 1424 3891 1492 ἀφαιροὲ
3902 1441 4085 1491 μενοι,

2497 1514 2635 1567 άλλά
2668 1516 2760 1566 καὶ
2799 1515 2892 1567 τοῦ
2923 1514 3240 1567 τελευταίου
3268 1514 3499 1583 χιτῶνος
3532 1513 3879 1583 ψιλούμενοι,
3908 1515 4085 1567 ἐνίοτε

2497 1606 2552 1658 δὲ
2606 1605 2698 1657 καὶ
2759 1605 2865 1658 τῶν
2922 1605 3196 1673 φιλτάτων
3254 1604 3435 1658 αὐτῶν
3490 1605 3911 1673 ἀποσπώμενοι.
3976 1601 4085 1657 Ἤν

2498 1697 2678 1749 τοίνυν
2728 1696 2817 1749 διὰ
2864 1696 3040 1749 ταῦτα
3085 1698 3146 1748 τὸ
3201 1695 3689 1765 στρατολογεῖσθαι
3730 1696 3935 1754 παντὸς
3986 1695 4081 1747 τοῦ

2502 1788 2964 1858 βουλομένου,καὶ
2991 1786 3175 1840 πολλοὶ
3201 1790 3325 1850 ταῖς
3359 1789 3552 1859 ραφίτι
3577 1787 3788 1857 χαίρειν
3829 1788 4082 1847 εἰπόντες

2498 1880 2572 1943 ὼς
2614 1872 3135 1949 ἐπεισκομιζούσξκις
3172 1880 3360 1942 αὐτοῖς
3390 1880 3455 1932 τά
3482 1878 3717 1947 χρειώδη
3751 1878 3961 1938 στενῶς
3990 1878 4082 1928 καὶ

2496 1970 2937 2033 δυσεκὸιάστως,
2986 1970 3135 2022 ἄλλοι
3173 1970 3235 2022 τὸ
3275 1971 3610 2038 ἱπποκομεῖν
3667 1969 3954 2031 λάξαντες,
3986 1969 4080 2019 καὶ

2496 2062 2595 2128 τὴν
2630 2063 2693 2112 ἐκ
2730 2060 3011 2121 πλινθείας
3047 2061 3163 2112 ἰλὺν
3197 2059 3598 2127 ἀπονιψάμενοι
3644 2060 3845 2128 ἕτεροι,
3889 2060 4001 2111 είσὶ
4038 2059 4079 2110 δ’

2496 2152 2545 2203 οἳ
2596 2154 2691 2203 καὶ
2724 2152 2825 2219 τὴν
2871 2151 2980 2203 τῶν
3019 2153 3290 2220 χαλκείων
3341 2153 3581 2220 ἀσόὀλην
3630 2153 4075 2219 ἀπομορξάμενιι

2497 2244 2610 2306 τοῖς
2642 2243 3069 2312 στρατολογοῖισι
3098 2244 3473 2312 παρέστησαν,
3513 2244 3608 2295 καὶ
3638 2244 4074 2312 παρενεγκόιτες

2500 2335 2666 2387 ἵππον
2698 2336 2963 2405 Περσαῖον
3005 2336 3037 2395 ἢ
3082 2334 3377 2403 χρυσίνους
3427 2333 3650 2403 ἀριθμῷ
3700 2334 3924 2403 βραχεῖς
3978 2351 4073 2385 κα-

2497 2427 2786 2492 ταθέμενοι
2868 2430 2987 2489 ταῖς
3064 2424 3420 2494 στρατιώτισι
3476 2426 3855 2493 κατελέγησαν
3926 2427 4067 2487 [λαις

2496 2516 2898 2578 άόασανίστως,
2945 2516 3053 2565 κάκ
3098 2515 3193 2564 τού
3227 2512 3543 2582 παραυτίκα
3584 2513 3883 2581 βασιλικοῖς
3927 2517 4065 2579 ἐφω-

2494 2607 2795 2676 διάσθησαν
2827 2607 3122 2675 γράμμασι
3158 2605 3369 2673 πλέθρα
3397 2604 3502 2673 γῆς
3526 2605 3760 2672 δροσερὰ
3790 2604 3885 2655 καὶ
3914 2604 4073 2673 άρούο

2497 2713 2601 2766 ρας
2641 2697 2955 2764 σιτοφόρους
2991 2696 3086 2745 καὶ
3132 2693 3440 2762 Ῥωμαίους
3474 2695 3785 2762 ὑποφόρους
3836 2692 4072 2760 βραὸεύ-

2496 2805 2670 2851 ουσιν,
2706 2788 2781 2849 ὼς
2811 2787 3109 2855 ὑπηρετεῖν
3164 2787 3224 2836 ἐν
3265 2786 3510 2854 σχήματι
3538 2784 3764 2845 δούλων,
3820 2787 3993 2835 ἐνῖοῖε
4018 2783 4073 2833 δὲ

2497 2883 2593 2933 καὶ
2644 2877 2995 2932 κατατιθέναι
3057 2876 3257 2945 φόρους
3318 2876 3597 2944 ἁνδραρίῳ
3661 2874 4075 2942 μιξοϐαρϐαρῳ,

2498 2970 2635 3039 μηδὲ
2684 2972 2730 3020 εί
2764 2970 2911 3021 ἐστιν
2944 2969 3079 3030 ὅλως
3111 2969 3369 3034 ἐγνωκότι
3427 2965 3754 3036 παράταξις,
3803 2966 4069 3033 Ῥωμαῖον

2495 3059 2667 3127 ἄνδρα
2695 3057 2931 3127 γεραρὸν
2962 3057 3022 3108 τὸ
3055 3052 3197 3116 εἶδος
3234 3057 3328 3105 καὶ
3382 3053 3554 3115 οὕτως
3597 3050 3657 3107 εὖ
3696 3053 3877 3106 εἰδότα
3924 3054 4075 3105 πολέ-

828 3142 925 3205 ris,
971 3143 1239 3211 malisque
1309 3160 1417 3204 non
1470 3148 1795 3214 urgentibus
1858 3147 2170 3200 liberabis?
2217 3165 2391 3217 eaque
2420 3168 2514 3231 ct

2378 3166 2391 3202 ξ
2420 3172 2464 3231 c
2500 3168 2616 3219 μων
2649 3152 2744 3201 καὶ
2778 3148 3034 3200 τοσοῦτον
3085 3145 3180 3197 τοῦ
3216 3144 3635 3213 φορολογοῦντος
3687 3146 3850 3197 αὑτὸν
3904 3145 4064 3213 ὑπερ-

825 3242 1040 3286 avertes
1069 3249 1190 3301 qua:
1219 3234 1377 3303 longe
1410 3238 1660 3304 graviora
1693 3238 2007 3304 impendere
2038 3239 2327 3292 videntur?

822 3332 1008 3397 χερσὶν
1047 3330 1401 3398 ὀπλιζόμενον
1456 3332 1739 3399 κρίνεσθαι
1778 3332 1913 3400 πρὸς
1964 3336 2055 3386 τὸν
2088 3336 2398 3407 μηδετέραν
2437 3340 2545 3392 ἀπὸ
2576 3339 2782 3397 πάθους
2816 3335 3098 3403 ὀρέγοντα.

2502 3242 2734 3308 φέροντα
2768 3240 2840 3301 ὼς
2884 3237 3133 3307 Ἀχιλλέα
3161 3237 3297 3304 πρὸς
3323 3236 3534 3287 ἐκεῖνον
3563 3240 3763 3301 δοκεῖν,
3796 3237 3829 3302 ἦ
3870 3236 4069 3295 διτταῖς

3181 3335 3454 3399 Ἐπαξίως
3522 3329 3617 3386 οὖν
3660 3333 3758 3399 τῆς
3806 3332 4067 3397 ἀκοσμίας

820 3422 1025 3490 ταύτης
1052 3424 1162 3475 τῶν
1202 3424 1630 3493 στρατευμάτων
1660 3425 1715 3475 αί
1758 3424 2071 3494 Ῥωμαϊκαὶ⁸
2107 3431 2460 3499 πεπράγασιν
2520 3431 2806 3499 ἐπαρχίαι,
2874 3429 2931 3483 al
3000 3428 3098 3497 μὲν
3134 3429 3241 3497 πρὸ
3270 3430 3380 3481 τῶν
3414 3426 3711 3497 ὀφθαλμῶν
3748 3425 3912 3494 ἡμῶν
3975 3425 4071 3477 ὑπὸ

821 3516 930 3567 τῶν
967 3512 1280 3578 ἀλλοφύλων
1315 3514 1711 3581 σκυλευόμεναι
1746 3516 1840 3565 καὶ
1905 3517 1985 3577 εἰς
2044 3517 2220 3585 ἀρχὴν
2276 3521 2791 3588 αὑτοῖςίδιούμεναι
2824 3560 2841 3585 ,
2906 3520 2960 3571 αί
3020 3518 3077 3570 δὲ
3138 3519 3213 3579 ὡς
3271 3518 3554 3586 ἀλλότριαι
3612 3520 3723 3579 τοῖς
3776 3515 4066 3583 ἡμετέροις

822 3609 1235 3677 ἁφαντούμεναι
1277 3609 1367 3659 καὶ
1403 3607 1726 3679 δῃούμεναι.
1772 3605 1909 3660 Ἀλλ’
1942 3609 2046 3671 ἓως
2113 3615 2269 3676 πότε,
2339 3614 2535 3684 Κύριε,
2590 3615 2688 3677 τῆς
2740 3613 2839 3679 σῆς
2879 3610 3115 3681 ἐπιλήσῃ
3142 3611 3534 3680 κληρονομίας,
3572 3611 3666 3664 καὶ
3693 3613 3753 3663 τδ
3804 3613 3898 3663 σὺν
3938 3612 4070 3663 ἁπο-

825 3701 1074 3769 στρέφων
1129 3699 1223 3766 ἀφ’
1300 3700 1458 3768 ἡμῶν
1524 3700 1814 3767 πρόσωπον
1896 3702 2235 3771 ὀδοποιήσεις
2294 3704 2478 3773 τρίϐον
2505 3709 2573 3775 τῇ
2631 3708 2767 3774 ὀργῇ
2821 3720 2959 3767 σου;
3013 3703 3148 3757 Πότε
3207 3704 3398 3771 ἐπόψει
3456 3705 3514 3769 ἐξ
3568 3704 3723 3771 ἁγίου
3783 3703 4068 3763 ἐπιϐλέψας

736 3810 739 3813 ’
823 3794 1249 3863 κατοικητηρίου
1311 3808 1425 3852 σου,
1482 3794 1576 3843 καὶ
1632 3792 1755 3842 ἰδὼν
1795 3792 1909 3862 ἴδῃς
1969 3794 2068 3860 τὴν
2123 3794 2401 3863 ἡμετέραν
2432 3799 2662 3866 συνοχὴν
2708 3814 2766 3849 τε
2818 3798 2912 3849 καὶ
2976 3797 3242 3858 κάκωσιν,
3308 3799 3403 3849 καὶ
3430 3798 3571 3868 ῥύσῃ
3612 3800 3721 3850 τῶν
3751 3798 4068 3863 ἐφεστώτων

825 3888 1035 3948 κακῶν,
1072 3883 1392 3953 ἀπαλλαγὴν
1424 3882 1475 3933 δὲ
1512 3882 1770 3949 παρέξεις
1812 3884 1906 3933 καὶ
1957 3882 2065 3935 τῶν
2097 3884 2232 3937 πολὺ
2268 3885 2471 3939 τούτων
2500 3886 2870 3955 ἐλπιζομένων
2900 3886 3337 3955 χαλεπωτέρων;

898 3983 951 4037 5.
995 3980 1152 4034 Nunc
1197 3973 1329 4028 illud
1390 3972 1554 4027 etiam
1606 3972 1918 4026 addendmn
1976 3982 2078 4027 est.
2138 3974 2394 4043 Plerique

828 4074 1203 4129 Romanorum
1235 4068 1593 4135 imperatores
1619 4064 1915 4132 imperare,
1940 4080 2131 4117 aurum
2161 4075 2396 4134 gestare,

830 4160 1221 4219 communibus
1270 4167 1329 4210 ut
1368 4156 1597 4225 privatis
1652 4157 1752 4220 uti,
1796 4172 1969 4223 eaque
2001 4172 2099 4209 suo
2133 4156 2397 4210 arbitratu

831 4256 1033 4326 quibus
1066 4252 1257 4305 volunt
1284 4248 1491 4302 donare
1526 4264 1632 4300 non
1660 4249 1931 4312 contenti,
1960 4248 2065 4300 nisi
2095 4248 2393 4315 sapientes.

832 4350 1006 4401 ferina
1031 4344 1158 4405 diis,
1184 4342 1377 4393 robore
1409 4339 1671 4392 heroibus
1693 4338 1924 4399 similes,
1950 4348 2005 4390 et
2040 4345 2099 4389 ut
2120 4338 2396 4401 Salomon,

833 4436 1099 4489 divinitus
1130 4431 1311 4485 edocti
1360 4437 1417 4483 et
1449 4430 1709 4482 doctores
1758 4428 2067 4481 Divinitatis
2088 4438 2141 4481 et
2196 4443 2399 4481 norma:

2584 3974 2639 4029 ε’.
2686 3977 2827 4045 Πρὸς
2879 3976 2933 4027 δὲ
2983 3978 3092 4036 τοῖς
3146 3976 3462 4043 εἰρημένοις
3509 3974 3740 4028 κάκεῖνα
3781 3975 3962 4030 δοτέον
4006 3983 4067 4051 τῇ

2508 4066 2740 4135 ἱστορίᾳ.
2811 4065 2934 4127 Τοῖς
2986 4064 3198 4116 πλείοσι
3269 4063 3551 4131 βασιλεῦσι
3624 4066 3915 4135 Ῥωμαίων
3974 4070 4066 4120 οὐκ

2504 4156 2733 4209 ἀνεκτόν
2776 4157 2924 4207 ἐστιν
2972 4155 3109 4217 ὅλως
3156 4154 3347 4223 ἄρχειν
3400 4156 3559 4222 μόνον
3588 4158 3683 4208 καὶ
3714 4162 4069 4228 χρυσοφορεῖν

2506 4251 2598 4298 καὶ
2650 4244 2887 4315 χρῆσθαι
2917 4248 3028 4305 τοῖς
3080 4248 3279 4303 κοινοῖς
3311 4244 3385 4307 ὠς
3436 4245 3588 4307 ἰδίοις
3638 4246 3733 4298 καὶ
3780 4246 4066 4300 διαδιδόναι

2505 4339 2680 4390 ταῦτα
2732 4338 2911 4399 καθὼς
2940 4337 3048 4406 ἄρα
3084 4337 3178 4389 καὶ
3220 4330 3301 4399 οἷς
3339 4337 3641 4406 βούλονται,
3692 4338 3811 4390 οὐδὲ
3861 4340 3968 4407 μὴν
3996 4340 4067 4400 ὼς

2507 4429 2714 4490 δούλοις
2756 4429 2866 4489 τοῖς
2921 4427 3226 4495 ἐλευθέροις
3279 4429 3708 4496 προσφέρεσθαι,
3755 4430 3870 4481 ἀλλ’
3904 4435 3950 4482 εί
3999 4434 4065 4497 μὴ

837 4524 1181 4583 rectissimm,
1243 4519 1486 4588 denique
1540 4518 1850 4571 divinarum
1931 4521 2403 4586 humanarumque
2437 4508 2523 4572 Da

2382 4533 2403 4571 Β
2437 4508 2479 4561 Ῑ)
2506 4522 2601 4572 καὶ
2650 4519 2806 4585 σοφοὶ
2849 4518 3057 4569 δοκοῖεν
3101 4519 3194 4569 καὶ
3228 4517 3523 4570 θεοείκελοι
3573 4520 3672 4589 τὴν
3720 4522 3939 4589 μορφὴν
3983 4520 4068 4573 καὶ

835 4633 1021 4671 rerum
1053 4615 1386 4682 interpretes
1428 4610 1718 4665 verissimi
1771 4610 2096 4674 habeantur,
2150 4611 2405 4679 injuriam

834 4708 941 4761 sibi
971 4706 1087 4759 lieri
1118 4713 1366 4757 censent.
1403 4701 1556 4757 Unde
1599 4701 1661 4754 ﬁt
1695 4709 1775 4762 ut,
1812 4716 1936 4753 eum
1969 4701 2407 4753 immodestiores

835 4808 891 4852 ct
936 4796 1281 4858 audaciores,
1348 4795 1441 4861 qui
1494 4808 1634 4846 nova
1686 4792 1938 4860 dogmata
2001 4792 2055 4844 in
2108 4790 2406 4846 Ecclesium

839 4888 1219 4948 introducunt,
1259 4900 1513 4939 concere
1545 4892 1642 4937 aut
1670 4884 1721 4935 id
1752 4897 1954 4935 munus
1982 4881 2049 4933 iis
2073 4882 2165 4948 qui
2200 4879 2410 4933 theolo-

839 4980 940 5050 gia:
989 4978 1273 5030 scientiam
1308 4975 1633 5043 proﬁtentur
1692 4974 1950 5027 mandare
1982 4972 2266 5036 deberent,
2307 4985 2409 5023 nec

838 5071 893 5123 in
944 5067 1045 5120 hac
1077 5075 1229 5134 parte
1263 5065 1372 5116 ullo
1409 5064 1701 5116 interiores
1752 5077 1875 5114 esse
1936 5060 2203 5122 volentes,
2241 5057 2406 5112 iidem

840 5163 1157 5230 dogmatum
1194 5167 1252 5213 et
1308 5168 1564 5213 auctores
1589 5158 1861 5212 etarbitri
1915 5170 1980 5208 ac
2014 5156 2409 5223 disceptatores

841 5250 1002 5320 275
1037 5250 1324 5311 exsistant,
1352 5262 1494 5316 sazpe
1524 5248 1689 5301 etiam
1731 5242 2405 5321 dissentientes.multcnt.

844 5342 945 5395 llic
970 5340 1192 5410 quidem
1246 5339 1544 5407 imperator
1588 5345 1784 5390 natura
1819 5333 2089 5387 facundus
2140 5342 2195 5384 et
2224 5331 2408 5384 suavis

840 5431 1112 5486 sermonis
1144 5429 1421 5484 aﬂluentia
1471 5436 1697 5482 ornatus
1729 5442 1839 5480 non
1883 5426 2162 5494 elegantes
2195 5431 2406 5475 tantum

838 5523 1099 5591 epistolas
1123 5520 1426 5583 scribebat,
1468 5517 1562 5571 sed
1594 5527 1648 5571 et
1698 5515 1980 5585 religionis
2034 5514 2409 5567 institutiones

840 5614 1182 5683 parturiebat
1199 5626 1265 5665 ac
1281 5611 1496 5681 publice
1520 5608 1880 5664 declamabat.
1897 5605 2138 5659 Tandem
2158 5606 2325 5657 etiam
2343 5603 2409 5655 de

840 5709 1043 5763 divinis
1092 5706 1438 5778 dogmatibus
1488 5715 1542 5759 ct
1568 5704 1687 5772 ipso
1735 5704 1844 5755 Deo
1882 5697 2205 5752 disserebat.
2255 5694 2408 5763 Saepe

842 5802 1004 5857 etiam
1040 5798 1454 5867 dubitationem}
1482 5810 1593 5866 prce
1654 5808 1713 5850 se
1769 5793 1974 5854 ferens,
2008 5790 2339 5859 qua-stiones
2375 5806 2406 5844 e

2503 4611 2683 4680 ἥρωες
2730 4611 2828 4679 τὴν
2893 4610 3046 4677 ίσχὺν
3102 4611 3194 4661 καὶ
3248 4609 3322 4670 ὡς
3383 4610 3637 4678 Σολομῶν
3694 4610 3945 4679 θεοσόφοι
3983 4612 4069 4663 καὶ

2504 4702 2863 4771 δογματισταὶ
2912 4702 3179 4753 θειότατοι
3237 4705 3331 4753 καὶ¹
3397 4704 3622 4763 κανόνες
3672 4704 3782 4754 τῶν
3832 4706 4067 4755 κανόνων

2506 4793 2815 4861 εὐθέστεροι
2853 4791 2948 4844 καὶ
2977 4790 3167 4851 ἁπλῶς
3196 4790 3353 4843 θείων
3390 4794 3483 4843 καὶ
3527 4793 3885 4861 ανθρωπίνων
3940 4810 4067 4860 πρα-

2506 4881 2731 4947 γμάτων
2768 4880 3133 4948 ὰπροσφαλεῖς
3169 4881 3467 4949 γνώμονες,
3517 4882 3667 4933 δεινὰ
3716 4882 3925 4934 οἴονται
3973 4882 4065 4931 πά-

2507 4988 2676 5040 σχειν.
2716 4972 2905 5025 Ἔνθεν
2934 4988 3016 5024 τοι
3050 4972 3143 5023 καὶ
3175 4970 3292 5023 δέον
3323 4975 3433 5033 τοῖς
3468 4973 3943 5042 ἁπαιδευτιτέροις
3974 4972 4065 5024 καὶ

2506 5065 2860 5133 θρασυτέροις
2901 5064 3159 5133 ἐπιτιμᾷν
3188 5065 3540 5128 ἐπεισάγουσι
3570 5069 3663 5119 νέα
3698 5068 3790 5118 καί
3822 5067 4059 5131 άσυιήῡς

2505 5160 2571 5225 τῇ
2620 5155 2915 5225 Ἐκκλησία
2951 5155 3216 5223 δόγματα,
3270 5155 3301 5221 ἦ
3352 5154 3483 5220 γοῦν
3545 5158 3851 5209 ἀνατιθέναι
3907 5155 4064 5209 ταῦτα

2506 5241 2586 5308 οἷς
2617 5248 2941 5315 ἐπάγγελμα
2972 5248 3042 5298 τά
3078 5248 3206 5315 περὶ
3247 5246 3384 5298 Θεοῦ
3417 5247 3616 5299 εἰδέναι
3650 5251 3745 5299 καί
3791 5249 3988 5313 λέγειν,
4018 5246 4058 5293 οξ

2506 5340 2565 5391 δὲ
2594 5339 2715 5391 οὐδὲ
2748 5339 2887 5392 κατα
2919 5336 3076 5389 τοῦτο
3108 5338 3169 5390 τὸ
3208 5339 3369 5405 μέρος
3395 5337 3732 5405 δευτερεύειν
3759 5333 4061 5388 οὑτινοσοῦν

2508 5428 2823 5496 ἀνεχόμενοι
2876 5412 2925 5478 oi
2976 5429 3132 5479 αὐτοὶ
3168 5426 3453 5491 δογμάτων
3500 5426 3788 5493 εἰσηγηταὶ
3822 5423 3912 5492 [Ρ.
3952 5416 4063 5485 15η

2509 5524 2603 5573 καὶ
2645 5519 2896 5571 δικασταὶ
2924 5517 3131 5569 τούτων
3186 5519 3278 5569 καὶ
3306 5516 3539 5584 ὁρισταὶ,
3581 5514 3857 5582 πολλαχοῦ
3889 5516 3941 5566 δὲ
3980 5514 4062 5561 καὶ

2509 5608 2768 5662 κολασταὶ
2801 5607 2912 5660 τῶν
2965 5606 3040 5675 μὴ
3097 5607 3534 5673 συμφωνούντων
3568 5609 3753 5667 αὐτοῖς
3817 5609 4055 5671 γίνονται.

2509 5702 2617 5753 Καὶ
2642 5703 2668 5752 ὀ
2703 5694 2951 5768 βασιλεδς
2976 5699 3265 5766 τοιγαροῦν
3297 5694 3450 5760 οὗτος
3482 5699 3815 5767 εὐγλωττίαν
3845 5701 4059 5760 amp.-

2510 5790 2619 5851 κὼς
2680 5794 2773 5841 καὶ
2830 5786 2990 5854 λόγου
3041 5787 3282 5856 εμφυτον
3341 5786 3498 5855 χάριν
3559 5785 3949 5855 ςτεττλουτηκιςυς
4002 5776 4053 5828 ορ
