4268 6358
206 375 324 437 565

1197 370 1298 432 DE
1339 369 1718 432 MANUELE
1753 368 2127 431 COMNENO‘
2158 369 2310 432 LIB.
2346 368 2479 430 VII.

3379 363 3485 425 566

210 486 292 555 μὴ
323 483 564 538 συνιέναι
607 479 856 554 ἀκριϐῶς
897 479 1081 534 δποῖδν
1113 479 1168 534 τί
1201 482 1318 536 ἐστι
1362 482 1424 535 τὸ
1460 479 1804 550 δλόσφυρον),

1915 479 2056 535 rium
2111 480 2246 551 (cur
2309 478 2457 534 enim
2530 475 2860 545 theologiam
2921 472 3168 542 dicam?)
3223 470 3485 527 defende-

208 579 417 638 αὐτοὺς
449 575 549 645 μὲν
571 573 853 642 φθινύθειν
901 572 1090 625 εῐασεν
1122 573 1181 624 ἐν
1220 571 1474 641 στήθεσιν
1522 573 1660 642 ἔχων
1688 575 1808 626 νόον

212 666 521 734 ἀκήλητον,
547 664 672 716 καθ’
703 663 896 715 ἐαυτὸν
937 663 984 714 δ’
1020 662 1270 732 ἐκτίθησι
1290 663 1476 732 τόμον,
1510 663 1807 732 ὑπουργοῖς

210 761 297 821 είς
347 757 510 809 τοῦτο
533 756 882 825 χρησάμενος
907 753 998 816 οὒς
1026 755 1144 825 ᾔδει
1177 754 1288 806 τῶν
1319 756 1382 806 ἐκ
1402 755 1504 823 τῆς
1529 754 1806 823 βασιλείου

207 850 382 917 αὐλῆς
412 849 503 901 τὸν
524 848 724 914 καιρὸν
741 846 1138 908 κολακεύοντας
1158 847 1250 898 καὶ
1274 846 1432 913 λόγου
1458 848 1804 914 μετέχοντας,

207 936 676 1007 ὑπερηγοροῦντα
737 937 838 1006 μὲν
894 935 1113 1004 τῆς-τοῦ
1166 936 1413 1006 Μωάμετ
1467 937 1808 1007 μωρολογίας

209 1029 296 1094 (οὐ
334 1028 445 1096 γάρ
502 1028 569 1080 ἂν
624 1026 837 1094 εἴποιμι
897 1024 1237 1092 θεολογίας),
1290 1026 1708 1095 καθαπτόμενον
1749 1027 1806 1080 δέ

210 1118 488 1187 λαμπρῶς
547 1117 656 1170 τῶν
713 1116 982 1186 πρότερον
1044 1116 1308 1185 βασιλέων
1359 1117 1454 1169 καὶ
1485 1118 1592 1170 τῶν
1619 1121 1682 1171 ἐκ
1709 1117 1804 1171 τοῦ

209 1210 520 1276 καταλόγου
565 1207 662 1260 τοῦ
691 1207 836 1276 ἱεροῦ
868 1207 944 1268 ὡς
972 1206 1200 1278 ἀμαθῶς
1231 1209 1327 1260 καὶ
1384 1209 1802 1277 ἀπερισκέπτως

209 1305 572 1372 ἀνεχομένων
598 1303 704 1355 ὑπὸ
729 1302 984 1371 ἀνάθεμα
1028 1302 1273 1356 τίθεσθαι
1306 1302 1440 1356 Θεὸν
1480 1303 1571 1357 τὸν
1613 1304 1804 1371 ἀληθι-

209 1397 326 1454 νὺν,
359 1395 456 1446 καὶ
492 1393 681 1446 τοῦτον
710 1395 790 1456 εὶς
826 1394 1012 1463 κοινὴν
1064 1393 1332 1463 ἀκρόασιν
1361 1395 1454 1446 ἐπὶ
1481 1396 1589 1446 τῶν
1647 1395 1806 1464 ἱερῶν

210 1487 453 1556 ἀρχείων
513 1486 784 1549 ἐκδίδωσι,
845 1487 1316 1554 συνεκπεπομφὼς
1367 1482 1480 1538 οἷον
1511 1487 1602 1538 τοῦ
1637 1487 1805 1556 τόμου

211 1577 551 1646 προοδευτὰς
583 1577 679 1629 καὶ⁵
721 1578 974 1629 νεολαίαν
1009 1576 1315 1645 κροτοῦσαν
1348 1578 1416 1629 τὰ
1440 1579 1806 1647 γεγραμμένα

209 1670 328 1721 ὅσοι
388 1669 488 1737 τῆς
546 1668 856 1738 συγκλήτου
928 1668 1126 1738 βουλῆς
1180 1669 1276 1721 καὶ
1343 1668 1442 1737 τῆς
1516 1670 1807 1738 γερουσίας

207 1755 354 1828 ἦσαν
381 1759 700 1827 κεφάλαιον,
725 1760 818 1811 καὶ
867 1759 994 1822 τοὺς
1023 1760 1088 1811 ἐκ
1138 1759 1330 1826 γένους
1377 1760 1574 1830 ἐκείνῳ
1628 1761 1804 1827 λογιό-

206 1866 336 1917 τητι
398 1851 717 1919 χαίροντας.
777 1849 1051 1902 Τοσοῦτον
1084 1849 1145 1903 δὲ
1205 1850 1265 1902 τὸ
1317 1851 1547 1904 πιθανὸν
1577 1852 1604 1904 6
1646 1851 1804 1920 λόγος

207 1941 499 2005 ἐπλούτει,
533 1943 634 1994 οὐκ
678 1943 734 1993 ἐν
767 1941 1041 2003 διδακτοῖς
1091 1941 1406 2010 πνεύματος
1456 1941 1658 2012 βρίθων
1707 1945 1808 2014 ρή-

214 2049 410 2102 μασιν,
445 2033 562 2086 ἀλλ’
589 2035 646 2085 ἐν
695 2032 876 2085 πειθοῖ
905 2032 1096 2100 σοφίας
1128 2031 1476 2104 ἀνθρωπίνης
1504 2035 1710 2103 κομῶν,
1732 2035 1808 2098 ὼς

212 2120 419 2190 μικροῦ
444 2120 558 2172 δεῖν
586 2119 949 2190 ἀπαιωρῆσαι
992 2120 1102 2173 τῶν
1133 2119 1292 2173 ὤτων
1353 2123 1428 2192 μὴ
1482 2124 1644 2192 μόνον
1686 2126 1809 2177 ὅσον

209 2214 446 2283 ἀφεώρα
482 2213 620 2284 πρὸς
675 2214 776 2282 τὴν
813 2214 1066 2282 ποικίλην
1126 2214 1318 2267 τούτου
1377 2217 1674 2286 περιϐολὴν
1717 2218 1810 2270 καὶ

208 2306 270 2359 τὺ
305 2307 534 2376 ἐπίχαρι
573 2304 666 2357 τοῦ
693 2304 1074 2375 πτερώματος,
1105 2306 1242 2360 ἀλλά
1280 2309 1374 2361 καὶ
1422 2309 1556 2361 αὐτὸ
1589 2310 1647 2362 τὸ
1680 2327 1810 2379 μετ·

211 2397 438 2452 αλλεῦον
495 2397 604 2451 τῶν
637 2397 1038 2467 γεγραμμένων
1092 2398 1186 2451 τὸν
1238 2399 1384 2454 νοῦν.
1436 2402 1543 2454 Καὶ
1577 2404 1697 2471 τάχ’
1743 2405 1809 2455 ἂν

211 2487 280 2560 ἦν
305 2489 384 2552 ὡς
415 2489 622 2559 ἀληθὴς
655 2489 788 2551 Θεὸς
825 2488 1192 2558 δοξαζόμενος
1220 2494 1248 2542 6
1279 2492 1432 2561 παρά
1461 2493 1538 2562 τῷ
1571 2493 1811 2564 Μωάμετ

211 2583 470 2636 ὁστισοῦν
496 2582 866 2650 κληρούμενος
896 2582 1198 2652 ὀλόσφυρος
1222 2584 1379 2649 Θεὸς,
1408 2587 1456 2637 εί
1495 2587 1570 2655 μὴ
1594 2587 1814 2654 ὁλοσχε-

214 2677 327 2743 ρῶς
359 2678 388 2728 6
436 2678 779 2746 πατριάρχης
833 2678 1056 2746 ἀντέ6ψ
1118 2678 1243 2730 οὔτε
1315 2680 1422 2748 γὰρ
1487 2677 1641 2743 οὗτος
1699 2685 1812 2744 τοῖς

212 2768 596 2836 γραφομένοις
627 2769 720 2819 τὸν
741 2767 867 2821 νοῦν
891 2771 1272 2838 προσέσχηκεν
1304 2771 1378 2833 ὠς
1413 2774 1688 2843 ἐπισφαλῆ
1718 2777 1812 2828 καὶ

213 2862 698 2926 νέα-ἐπεισάγουσι
755 2860 1025 2929 δόγματα,
1088 2865 1183 2915 καὶ
1225 2866 1352 2924 τοὺς
1396 2865 1619 2928 λοιποὺς
1646 2868 1701 2918 δὲ
1733 2868 1810 2926 ὼς

210 2948 595 3020 δηλητηριώδη
646 2951 820 3003 ταῦτα
895 2953 1203 3022 ὑφορᾶσθαι
1262 2957 1621 3025 παρέπειθεν.
1669 2958 1726 3012 Ὀ
1753 2960 1811 3011 δὲ

211 3038 411 3107 ὥσπερ
442 3057 494 3090 τι
537 3039 712 3092 δεινὸν
769 3043 1054 3104 πεπονθὼς
1109 3043 1370 3097 ὀνείδεσιν
1421 3046 1621 3100 ἐπλυνε
1682 3049 1811 3111 τοὺς

1915 572 2101 637 batur,
2142 581 2200 628 et
2269 571 2586 640 superiores
2661 569 3026 637 imperatores
3090 578 3487 632 sacrorumque

1910 663 2186 718 antistites
2247 671 2433 731 aperte
2484 660 2844 721 taxabantur,
2899 657 2996 726 qui
3051 656 3223 710 Deum
3289 670 3487 710 verum

1911 755 2190 809 inerudite
2223 763 2278 808 et
2309 751 2719 807 inconsiderate
2747 749 3100 826 anathemate
3122 746 3302 800 notari
3320 747 3486 815 280

1910 844 2053 913 passi
2075 851 2285 898 essent.
2324 843 2390 896 Et
2424 842 2478 896 id
2510 841 2798 895 decretum
2843 839 2896 892 in
2933 853 3093 893 sacro
3135 837 3487 906 palatio-pu-

1910 935 2050 990 blice
2097 920 2443 1012 recitandum
2506 941 2685 992 curat.
2751 930 3099 1000 principibus
3152 941 3377 982 senatus
3429 937 3487 981 et

1917 1027 2169 1096 cognatis
2199 1027 2315 1081 suis
2347 1026 2654 1079 litterarum
2687 1022 2974 1086 studiosis,
3006 1021 3100 1089 qui
3137 1020 3311 1074 veluti
3340 1019 3484 1072 viam

1909 1128 2288 1189 praepararent
2321 1128 2486 1186 atque
2521 1115 2941 1186 applauderent,
2983 1112 3323 1181 praemissis.
3349 1111 3484 1163 Erat

1911 1222 2092 1266 autem
2153 1211 2334 1265 oratio
2380 1209 2518 1263 adeo
2578 1206 2902 1275 probabilis,
2951 1219 3061 1258 non
3108 1203 3484 1272 spiritualium

1911 1304 2207 1358 verborum
2237 1301 2504 1366 gravitate
2532 1300 2626 1355 sed
2674 1303 2926 1355 humanae
2971 1296 3256 1366 sapientia:
3296 1293 3485 1347 suavi-

1910 1404 2041 1459 tate,
2062 1405 2136 1449 ‘ut
2168 1410 2331 1449 aures
2357 1410 2464 1448 non
2499 1409 2694 1448 eorum
2727 1394 2991 1446 duntaxat
3014 1389 3108 1458 qui
3132 1387 3340 1440 variam
3367 1386 3488 1455 ejus

1909 1488 2375 1555 compositionem
2404 1496 2460 1540 et
2487 1485 2784 1556 jucundam
2815 1483 3109 1536 vanitatem
3140 1477 3484 1547 spectabant,

1909 1579 2004 1632 sed
2039 1593 2230 1632 eorum
2257 1577 2423 1631 etiam
2458 1578 2551 1646 qui
2590 1577 2766 1642 ipsius
2799 1573 2991 1642 scripti
3028 1571 3358 1625 sententiam
3393 1569 3485 1621 iu-

1909 1669 2201 1738 dagabant,
2271 1668 2668 1737 propemodum
2742 1677 3038 1734 suspensas
3111 1669 3345 1714 teneret.
3409 1659 3488 1712 Ac

1913 1761 2143 1814 forsitan
2200 1761 2317 1813 veri
2363 1759 2459 1813 Dei
2517 1759 2692 1828 gloria
2741 1756 3159 1809 Macltometano
3215 1750 3296 1804 illi
3348 1749 3486 1813 Deo,

1911 1851 2162 1920 quisquis
2215 1861 2319 1911 est,
2377 1848 2482 1902 nisi
2529 1847 2845 1917 patriarcha
2896 1856 3122 1900 strenue
3163 1841 3490 1895 adversatus

1907 1959 2008 1998 nec
2041 1944 2158 2013 ipse
2191 1943 2243 1996 id
2280 1941 2549 2010 scriptum
2588 1946 2857 1998 curasset,
2891 1951 3002 2006 quo
3053 1949 3193 1988 nova
3241 1941 3298 1986 et
3334 1930 3486 2000 peri-

1909 2037 2096 2090 culosa
2121 2038 2369 2103 dogmata
2411 2032 2922 2093 introducerentur,
2957 2037 3013 2082 et
3045 2035 3295 2090 caeteros,
3331 2033 3391 2077 ut
3426 2022 3482 2091 id

1911 2141 2168 2197 tanquam
2193 2142 2464 2181 venenum
2489 2133 2805 2192 suspectum
2833 2121 3120 2184 haberent,
3152 2118 3485 2172 monuisset.
3515 2103 3529 2110 ’

1908 2224 1978 2275 At
2010 2222 2329 2289 imperator,
2367 2219 2523 2286 quasi
2568 2215 2717 2285 gravi
2761 2213 2994 2267 allectus
3031 2211 3254 2280 injuria,
3298 2208 3488 2276 ponti-

1911 2313 2041 2368 lices
2101 2310 2369 2366 conviciis
2419 2307 2794 2362 insectabatur
2828 2312 2884 2360 et
2938 2304 3195 2358 homines
3215 2301 3487 2354 ~omnium

1917 2407 2234 2460 mortalium
2308 2402 2667 2457 stultissimos
2741 2398 3074 2469 appellabat,
3138 2397 3342 2466 quippe
3419 2408 3491 2449 ex

1914 2497 2108 2550 morbo
2135 2494 2486 2565 gravissimo,
2535 2491 2627 2561 qui
2655 2490 2885 2544 exitium
2917 2488 2966 2541 ei
3000 2486 3206 2548 attulit,
3259 2481 3488 2552 pronior

1912 2588 1977 2641 ad
2007 2590 2144 2641 iram
2175 2589 2374 2641 factus.
2404 2584 2644 2640 Proinde
2677 2583 2747 2636 iis
2777 2597 2897 2650 quae
2925 2579 3115 2649 priore
3139 2578 3370 2634 decreto
3397 2573 3487 2628 fu-
3533 2646 3537 2650 ι

1912 2687 2046 2740 sius,
2073 2680 2336 2732 oratoriis
2383 2674 2730 2730 ornamentis
2760 2672 3048 2732 adhibitis,
3076 2668 3399 2737 scripserat.
3434 2667 3489 2720 in

1911 2771 2301 2842 compendium
2335 2771 2576 2823 redactis
2618 2775 2673 2821 et
2714 2763 2990 2833 dogmatis
3023 2760 3300 2814 illecebris
3330 2758 3492 2812 ador-

1912 2864 2073 2924 natis,
2107 2861 2251 2915 aliud
2275 2860 2556 2912 decretum
2585 2854 2970 2924 promulgavit.
2998 2851 3135 2906 Cum
3160 2857 3345 2902 autem
3375 2858 3491 2902 tum

1914 2956 1965 3008 in
2002 2953 2202 3022 palatio
2229 2951 2294 3005 ad
2330 2951 2487 3019 281
2520 2947 2811 3007 Damalim,
2853 2943 2996 3014 quod
3040 2941 3357 2997 Scutarium
3403 2938 3490 2993 di-

1914 3046 2078 3107 citur,
2107 3054 2219 3098 tum
2250 3042 2318 3096 ad
2350 3042 2630 3094 vitandam
2664 3039 2878 3091 turbam
2911 3045 3026 3088 tum
3071 3034 3140 3087 ob
3169 3032 3314 3086 aeris
3349 3043 3492 3085 tem-

212 3133 523 3200 ἀρχιερεῖς,
555 3133 650 3184 καλ⁵
691 3134 852 3202 μωρά
877 3135 972 3187 τοῦ
1023 3136 1231 3202 κόσμου
1259 3135 1480 3201 τούτους
1502 3139 1804 3209 ὠνόμαζεν,

1916 3138 2123 3207 periem
2163 3143 2502 3194 versaretur,
2544 3139 2693 3185 totus
2737 3128 2996 3183 curanda:
3053 3124 3356 3178 valetudini
3410 3123 3494 3175 in-

211 3223 395 3282 ἄλλως
427 3239 487 3274 τε
520 3223 616 3275 καὶ
642 3225 781 3294 νόσῳ
831 3224 950 3278 τότε
982 3227 1375 3295 προσπαλαίων
1407 3229 1577 3298 δεινῇ,
1632 3232 1720 3298 ὑφ’
1742 3229 1810 3302 ἧς

215 3313 422 3365 καὶτὸν
442 3312 556 3382 βίον
573 3315 933 3380 ἀπέλιπε,καὶ
962 3317 1208 3386 ἐπίχολος
1233 3318 1481 3372 ἐντεῦθεν
1507 3324 1807 3390 γινόμενος.

213 3404 428 3456 Οὐκοῦν
461 3405 560 3457 ὅσα
590 3406 667 3474 τῷ
697 3407 946 3474 προτέρῳ
976 3408 1128 3478 τόμῳ
1145 3409 1619 3478 ἐμπλατυνόμενος
1652 3417 1809 3484 εἰρη-

214 3512 334 3559 κεν,
368 3499 754 3570 ἀπηρτισμένη
769 3506 1079 3572 κατασκευῇ
1115 3506 1208 3557 καὶ
1227 3505 1468 3573 μεθόδοις
1494 3511 1810 3578 ῥητορικαῖς

216 3596 599 3663 χρησάμενος,
632 3595 804 3648 ταῦτα
844 3599 1122 3668 ἐπιτεμὼν
1150 3605 1244 3652 καὶ
1299 3602 1360 3654 τὸ
1403 3603 1497 3655 τοῦ
1542 3604 1812 3674 δόγματος

218 3681 384 3746 αὖθις
419 3685 668 3755 περιθεὶς
717 3687 914 3756 δέλεαρ
955 3689 1146 3759 ἕτερον
1193 3692 1361 3762 τόμον
1409 3693 1641 3758 ἐξέθετο.
1701 3698 1812 3749 Καὶ

215 3778 348 3830 ἐπεὶ
371 3778 533 3846 ἔτυχε
566 3779 689 3830 τότε
721 3781 1007 3842 τοῖςρκατά
1036 3781 1282 3850 Δάμαλιν
1310 3785 1555 3854 ἀρχείοις
1591 3788 1810 3840 ἐναυλι-

216 3866 479 3933 ζὸμενος,
503 3865 538 3918 ἀ
579 3867 910 3937 Σκουτάριον
962 3870 1347 3940 ὀνομάζονται,
1380 3876 1479 3944 τὴν
1528 3877 1621 3928 τοῦ
1650 3878 1813 3948 ἀέρος

221 3958 532 4024 εὐκρασίαν
569 3961 924 4026 μεταδιώκων
958 3963 1054 4021 καὶ
1089 3965 1190 4031 τῆς
1238 3966 1564 4034 πολυοχλίας
1615 3970 1812 4020 ἀπανι-

222 4050 500 4117 στάμενος
535 4052 630 4103 καὶ
678 4051 826 4116 ἄπας
862 4053 964 4122 τῆς
993 4055 1321 4122 νοσοκομίας
1367 4059 1674 4126 γινόμενος,
1699 4060 1814 4112 δια-

224 4138 557 4201 πλωῖζονται
584 4141 762 4194 ἐκεῖσε
781 4143 1044 4214 βασιλικῷ
1067 4146 1403 4215 ἐπιτάγματι
1426 4150 1452 4200 ὃ
1487 4167 1545 4203 τε
1583 4152 1692 4204 τῶν
1713 4154 1814 4224 ἀρ-

220 4233 458 4303 χιερέων
491 4233 748 4300 σύλλογος
769 4236 861 4287 καὶ
879 4237 992 4288 ὅσοι
1016 4238 1075 4287 τὸ
1098 4237 1390 4305 πρεσϐεῖον
1410 4242 1474 4292 ἐκ
1504 4243 1614 4294 τῶν
1637 4245 1812 4312 λόγων

222 4328 549 4394 ἐκτήσαντο.
583 4327 726 4379 Ἀλλ’
752 4326 902 4381 οὔπω
925 4329 1182 4396 καθαρῶς
1200 4332 1307 4383 τῶν
1335 4331 1637 4402 λεμϐαδίων
1682 4339 1815 4391 ἀπέ-

224 4416 426 4486 ϐησαν,
469 4419 564 4469 καί
611 4436 696 4481 τις
754 4420 862 4473 τῶν
918 4423 1070 4491 παρά
1118 4423 1198 4491 τῷ
1249 4424 1460 4493 βασιλεῖ
1497 4431 1811 4499 παρρησίαν

224 4510 464 4577 ἐχόντων
495 4511 586 4562 καὶ
619 4513 687 4563 τά
718 4513 953 4580 μέγιστα
978 4514 1298 4584 δυναμένων
1329 4517 1809 4588 ὑπογραμματέων

226 4602 543 4667 ἐφίσταται.
578 4601 638 4654 '0
695 4603 1026 4670 Ματζούκης
1055 4599 1123 4672 ἦν
1168 4600 1321 4668 οὗτος
1373 4610 1669 4679 Θεόδωρος,
1712 4616 1810 4667 καὶ

227 4694 371 4763 πρός
409 4709 471 4744 τε
527 4694 621 4745 τὸν
672 4696 1020 4766 πατριάρχην
1075 4701 1168 4749 καὶ
1215 4699 1314 4766 τὴν
1356 4700 1464 4752 τῶν
1513 4703 1812 4773 ἀρχιερέων

225 4787 511 4854 ὁμήγυριν
545 4786 638 4837 τὸν
683 4785 841 4854 λόγον
883 4789 1313 4859 ἀποτεινάμενος
1366 4790 1464 4863 τὴν
1493 4794 1592 4861 μὲν
1623 4796 1678 4856 ἐς
1721 4798 1812 4848 τὸν

230 4875 471 4944 βασιλέα
503 4874 738 4944 πάροδον
793 4875 868 4948 μὴ
903 4873 1047 4929 εἶναι
1087 4877 1264 4947 ἔφησε
1294 4881 1415 4932 νυνὶ
1468 4883 1697 4953 ἐφικτὴν
1727 4885 1812 4940 διά

229 4985 283 5018 τι
317 4968 739 5036 παρεισφρῆσαν
761 4969 824 5018 ἐκ
856 4971 956 5038 τῆς
981 4971 1136 5022 νόσου
1164 4971 1442 5038 ἐμπόδιον,
1478 4978 1546 5043 τῇ
1600 4977 1658 5028 δὲ
1687 4978 1812 5029 τού-

230 5073 347 5108 των
377 5057 683 5122 ἀναγνώσει
722 5058 1011 5128 προσέχειν
1048 5056 1254 5127 χρεὼν,
1287 5060 1412 5122 τοὺς
1464 5063 1671 5129 χάρτας
1702 5063 1810 5118 δεῖ·

232 5149 334 5212 ξας
367 5148 553 5209 αὐτοῖς
599 5149 727 5209 τοὺς
786 5150 845 5199 ἐν
897 5151 1105 5218 χεροῖν.
1142 5144 1251 5201 Ἦν
1279 5149 1336 5201 δὲ
1368 5152 1394 5202 6
1435 5152 1534 5218 μὲν
1560 5154 1686 5222 περὶ
1717 5153 1811 5206 τοῦ

233 5242 606 5307 προκειμενω
650 5239 919 5307 δόγματος
967 5239 1372 5308 διαλαμϐάνων,
1410 5241 1489 5302 ὃν,
1529 5242 1603 5304 ὼς
1655 5245 1812 5313 είρή-

235 5347 444 5399 καμεν,
487 5331 806 5400 ὑπογράψαι
857 5333 985 5393 τοὺς
1028 5332 1383 5396 συνελθόντας
1419 5334 1694 5404 ἀρχιερεῖς
1727 5336 1814 5388 διὰ

233 5421 477 5490 σπουδῆς
503 5424 530 5474 6
564 5423 918 5493 αὐτοκράτωρ
961 5423 1190 5476 ἐτίθετοο
1215 5426 1243 5477 6
1274 5424 1320 5476 δ’
1342 5425 1527 5492 ἕτερος
1575 5431 1666 5478 τον
1715 5431 1813 5495 βα-

236 5515 397 5565 σιλέα
418 5513 558 5582 ἔχων
585 5514 968 5582 διαλεγόμενον
1016 5514 1094 5585 τῷ
1128 5516 1483 5584 ἁρχίποιμενί
1541 5533 1600 5568 τε
1628 5518 1814 5569 Θεοδο-

235 5607 345 5675 σίῳ
377 5607 470 5656 καί
497 5607 563 5675 τῇ
596 5605 798 5676 συνόδῳ
850 5607 1001 5660 οὐδὲν
1043 5607 1264 5676 μέτριον
1300 5607 1422 5659 οὐδὲ
1452 5608 1640 5676 χάριεν
1667 5608 1812 5672 διεξ-

233 5694 506 5765 ῄει,ἀλλά
555 5695 649 5748 καὶ
697 5698 764 5763 τῇ
817 5694 1178 5748 ἐνστάσειτοῦ
1210 5695 1552 5765 πατριάρχου
1588 5694 1813 5746 καὶτῶν

243 5788 347 5844 σὺν
375 5783 527 5857 αύτῷ
571 5785 879 5856 ἀρχιερέων
903 5786 975 5849 ὡς
1009 5785 1082 5857 μὴ
1147 5784 1286 5839 κατά
1338 5783 1494 5852 λόγον
1552 5783 1813 5854 γενομένῃ

1917 3241 2122 3290 tentus,
2145 3231 2300 3297 jussu
2334 3228 2453 3296 ejus
2489 3223 2815 3294 pontiﬁcum
2866 3217 3157 3286 collegium
3199 3223 3257 3270 et
3301 3214 3495 3268 erudi-

1914 3320 2128 3371 tissimi-
2165 3319 2370 3387 quique
2433 3330 2501 3368 eo
2556 3313 2861 3382 trajiciunt.
2923 3310 3027 3376 Qui
3098 3323 3224 3363 cum
3280 3307 3370 3360 vix
3417 3320 3487 3358 ex

1914 3411 2174 3464 lintribus
2201 3408 2643 3467 descendisscnt,
2679 3402 3009 3458 Theodorus
3053 3402 3300 3464 Mazuca,
3324 3400 3492 3455 homo

1912 3499 2056 3567 apud
2114 3500 2504 3565 imperatorem
2543 3494 2818 3564 gratiosus
2863 3502 2918 3546 et
2965 3493 3111 3545 inter
3155 3490 3367 3545 scribas
3392 3506 3493 3544 au-

1912 3591 2167 3644 ctoritate
2219 3589 2492 3656 princeps,
2525 3586 2710 3648 adest;
2750 3593 2804 3637 et
2855 3586 3108 3638 oratione
3155 3583 3219 3636 ad
3257 3582 3492 3651 patriar-

1913 3682 2070 3734 cltam
2102 3688 2159 3734 et
2199 3679 2520 3747 poutilicum
2557 3677 2850 3746 collegium
2890 3676 3146 3729 instituta
3191 3675 3494 3743 imperato-

1914 3789 2028 3825 rem
2076 3787 2224 3825 nunc
2271 3772 2411 3824 adiri
2449 3785 2606 3839 posse
2661 3778 2822 3838 negat
2868 3767 2941 3821 ob
2983 3767 3163 3820 morbi
3192 3766 3490 3836 quamdam

1912 3863 2306 3927 accessionem,
2335 3863 2548 3916 litteras
2575 3876 2706 3915 vero
2733 3876 2870 3929 quas
2903 3875 3068 3913 manu
3103 3867 3334 3921 teneret,
3364 3872 3488 3910 esse

1913 3956 2238 4010 audiendas.
2300 3955 2549 4025 Agebant
2601 3964 2785 4007 autem
2840 3953 3027 4005 alterae
3078 3955 3148 4005 de
3205 3949 3491 4018 proposito

1913 4052 2188 4120 dogmate,
2223 4050 2424 4117 quibus
2455 4064 2482 4101 a
2518 4046 2874 4116 pontiﬁcibus
2906 4043 3186 4100 subscribi
3231 4043 3492 4111 cupiebat

1915 4145 2250 4211 imperator;
2318 4143 2506 4197 altera:
2561 4140 2663 4195 sub
2742 4153 2975 4206 persona
3047 4135 3294 4206 ejusdem
3362 4149 3490 4188 cunt

1914 4249 2130 4289 sunnno
2197 4241 2415 4304 pastore
2486 4231 2802 4286 Theodosio
2866 4237 2923 4283 et
2997 4225 3356 4296 pontiﬁcibus
3415 4225 3487 4278 ob

1917 4337 2306 4397 pnnposteram
2347 4324 2789 4380 adversationem
2829 4320 3284 4389 expostulantes,
3313 4318 3490 4386 majus

1916 4419 2210 4474 concilium
2265 4417 2637 4476 minabantur,
2684 4423 2742 4466 et
2773 4409 3171 4465 controversia:
3213 4407 3491 4476 discepta-

1918 4515 2127 4566 tionem
2159 4511 2275 4581 ipso
2310 4509 2515 4564 veteris
2561 4509 2748 4564 Romae
2801 4520 2938 4574 papa
2988 4503 3238 4557 adhibito
3277 4502 3492 4571 jureju-

1918 4604 2089 4658 rando
2110 4601 2562 4657 testiﬁcabantur.
2603 4619 2620 4652 ι
2655 4599 2928 4667 Ingratus,
2961 4596 3172 4664 inquit.
3220 4594 3494 4649 universi-

1919 4694 2046 4749 tatis
2073 4708 2254 4747 rerum
2291 4690 2422 4753 Deo,
2466 4708 2496 4742 a
2535 4706 2645 4757 quo
2688 4700 2884 4757 praeter
2943 4686 3164 4756 imperii
3207 4685 3487 4754 fastigium

1916 4785 2038 4839 aliis
2067 4782 2371 4837 illustribus
2419 4781 2797 4850 praerogativis
2842 4795 2961 4833 sum
3015 4788 3266 4842 ornatus,
3319 4790 3375 4833 et
3409 4781 3489 4836 in-

1916 4889 2083 4929 sanus
2111 4886 2312 4934 essem,
2359 4869 2463 4923 nisi
2498 4883 2597 4937 pro
2629 4867 2897 4920 tenuitate
2943 4865 3108 4936 282
3144 4881 3265 4919 mea
3301 4866 3493 4934 quale-

1916 4982 2132 5037 cunque
2161 4965 2235 5018 illi
2265 4963 2509 5017 studium
2541 4976 2723 5015 meum
2769 4959 3131 5022 declararem,
3167 4967 3222 5013 et
3259 4973 3494 5014 sumtus

1917 5062 1971 5116 in
2004 5060 2057 5112 id
2091 5055 2302 5110 viribus
2348 5053 2750 5110 incumberem,
2794 5067 2862 5104 ne
2897 5051 2943 5103 is
2978 5065 3142 5103 verus
3181 5050 3326 5104 Deus
3357 5066 3492 5108 ana-

1919 5149 2157 5201 themate
2201 5128 2514 5197 notaretur.
2555 5159 2573 5191 ›
2614 5139 2887 5194 Caeterum
2937 5137 3220 5192 auditores
3265 5153 3329 5191 ea
3378 5155 3485 5191 ma-

1917 5235 2288 5307 gniloquentia
2350 5234 2488 5286 adeo
2548 5246 2656 5284 non
2719 5229 3196 5300 percellebautur,
3278 5239 3338 5281 ut
3406 5232 3492 5284 vir

1918 5325 2269 5381 doctissimus
2311 5336 2365 5376 et
2394 5321 2904 5391 eloquentissimus,
2955 5320 3280 5376 Eustathius
3310 5321 3489 5374 Thes-

1919 5418 2178 5473 salonicae
2224 5414 2694 5483 archiepisc0pus,
2728 5429 2790 5465 ea
2839 5413 3088 5467 oratione
3131 5413 3490 5467 vehementer

1917 5520 2243 5571 commotus,
2275 5524 2460 5561 verum
2486 5508 2654 5560 Deum
2677 5506 2881 5575 aliquid
2911 5506 3326 5575 ltolosphyrum.
3350 5509 3490 5561 iule-

1918 5603 2037 5657 licis
2058 5601 2262 5669 ingenii
2286 5608 2678 5663 commentum,
2705 5599 2987 5668 perhiberi
3019 5599 3171 5652 nullo
3191 5597 3354 5653 modo
3380 5599 3492 5652 fer-

1919 5701 2021 5747 rct.
2056 5711 2073 5741 ι
2101 5690 2415 5754 Enimvero,
2446 5689 2646 5755 inquit,
2674 5689 2970 5743 insanirem
2992 5699 3046 5743 et
3073 5690 3175 5744 hoc
3211 5690 3425 5757 habitu,
3463 5710 3481 5743 ι

1919 5793 2140 5839 ostenso
2172 5783 2339 5852 pallio
2390 5799 2406 5831 ι
2444 5781 2703 5850 indiguus
2733 5795 2935 5848 essent,
2987 5781 3032 5837 si
3080 5782 3252 5838 Deum
3291 5797 3488 5838 verum
