4270 6374
285 321 396 382 569

1270 331 1367 389 DE
1407 333 1776 394 MANUELE
1818 334 2180 395 COMNENO
2217 333 2363 392 LIB.
2407 333 2544 395 VII.

3423 337 3527 399 570

269 431 527 500 ἐγγραφῇ
561 431 615 483 δὲ
639 431 889 501 ἀνάθεμα
927 433 1007 504 τῷ
1034 433 1280 503 Μωάμετ
1310 442 1400 490 και
1434 441 1584 512 πασῃ
1601 443 1666 511 τῇ
1697 439 1861 494 αὐτοῦ
1893 439 2076 508 διδαχῇ
2147 441 2242 494 καὶ
2280 440 2521 511 διαδοχῇ.
2559 439 2670 495 Καὶ
2722 439 2887 498 τοῦτο
2938 441 3372 512 δογματίσαντες
3431 447 3526 500 καὶ

272 523 629 590 κυρώσαντες
657 523 766 575 τῶν
793 525 1007 578 πολλῶν
1041 527 1267 580 ἐκείνων
1311 531 1545 583 συνόδων
1574 535 1668 584 καὶ
1707 532 1985 597 συλλόγων
2021 533 2241 601 ἔληξαν.

353 613 397 640 η
465 612 478 629 τ

350 613 417 675 ξ’.
465 611 627 663 ’Λλλᾶ
659 612 769 682 γὰρ
806 615 903 682 οὐχ
954 615 1340 686 ὑπερσήσομαί
1392 639 1442 673 τι
1469 622 1563 674 καὶ
1591 623 1719 676 ἄλλο
1750 622 1856 676 τῶν
1888 630 1928 678 Α

273 701 448 766 ἀξίων
488 704 764 772 είρῆσθαι,
812 708 905 761 τοῦ
970 712 1206 780 ἱστορεῖν
1258 714 1491 767 ἐνταῦθα
1543 717 1852 782 γενόιενος.

270 787 388 845 Ἦν
411 811 494 856 τις
518 795 776 865 εὐνοῦχος
813 800 1220 870 ἀρχιερατικῶς
1251 806 1597 873 προεδρεύων
1627 808 1724 874 τῆς
1747 808 1856 858 τῶν

271 885 483 937 Χωνῶν
535 888 762 950 πό“ιειι›ς,
794 891 1042 960 Νικήτας
1096 894 1358 962 τοῦνομα,
1410 914 1446 947 π
1497 915 1594 961 σης
1652 899 1853 966 ἀρετῆς

266 975 647 1041 καταγώγιον.
681 979 825 1031 οῦτω
846 981 909 1051 δὴ
945 986 1287 1052 προφητικδς
1311 989 1402 1039 καὶ
1435 989 1762 1056 προελέπων
1788 991 1856 1041 τὰ

266 1063 584 1131 ἔμπροσθεν
629 1069 702 1131 ὡς
736 1075 846 1134 τοῖς
880 1075 1156 1140 μεγίστοις
1207 1077 1315 1128 τῶν
1369 1078 1621 1145 ἐρώντων
1665 1081 1858 1146 57x05-

267 1158 463 1209 νεσΘαι
501 1161 596 1210 καὶ
631 1163 711 1223 είς
742 1163 926 1230 θαῦμα
955 1169 1169 1220 κεῖσθαι
1199 1172 1328 1238 παρ’
1359 1167 1435 1231 οἷς
1467 1173 1493 1220 ὀ
1522 1171 1659 1238 ἀνὴρ
1688 1171 1856 1238 ἐγνώ-

269 1265 451 1317 ριστο,
491 1253 647 1320 εἴπερ
677 1256 708 1321 ἡ
733 1254 857 1306 καθ’
897 1261 1046 1324 ἡμᾶς
1096 1262 1258 1327 γενεὰ
1327 1265 1537 1332 πονηρὰ
1599 1265 1729 1316 ι’,ῦεα
1764 1269 1856 1319 καὶ

271 1343 530 1410 μοιχαλὶς
568 1345 808 1397 τοιοῦτον
842 1348 1152 1418 ηὑτύχησεν
1208 1353 1433 1419 ἀγαθόν.
1492 1355 1706 1421 Ἀμέλει
1762 1355 1856 1406 καὶ

267 1434 366 1484 τοῦ
397 1434 665 1502 βασιλέως
704 1437 894 1490 τοῦτου
952 1440 1010 1504 ἐξ
1077 1443 1370 1512 Ἀρμενίας
1427 1448 1725 1515 παριόντος
1756 1447 1854 1507 τὲς

267 1523 471 1586 Χωνας
521 1527 887 1595 ἀρτιστεφοῦς
946 1534 1040 1584 καὶ
1101 1535 1198 1601 τῆς
1273 1536 1535 1604 πατρῴας
1603 1537 1853 1604 διαδόχου

266 1611 475 1678 ἀρχῆς.
511 1614 608 1665 καὶ
639 1612 730 1665 τὸν
760 1618 1166 1685 ἀρχαγγελικδν
1202 1619 1339 1671 νεὼν
1396 1620 1732 1683 εἰσελθόντος
1760 1623 1856 1674 καὶ

266 1706 419 1770 χειρὶ
445 1702 538 1755 τοῦ
587 1706 892 1776 ἀρχιερέως
951 1709 1146 1762 τούτου
1193 1713 1606 1780 εὐλογηθέντος,
1664 1715 1851 1782 ἐπειδὴ

266 1796 369 1847 καὶ
431 1795 774 1866 περιώνυμος
815 1795 882 1870 ἦν
916 1801 979 1852 ἐκ
1037 1803 1139 1872 τῆς
1170 1807 1372 1876 ἀρετῆς
1400 1809 1492 1859 καὶ
1532 1810 1642 1869 τοῖς
1680 1807 1851 1860 ἅπασι

265 1884 360 1936 διὰ
396 1887 693 1956 στόματος,
729 1886 875 1960 ἦσαν
913 1894 962 1946 οἳ
997 1895 1108 1948 τῶν
1135 1897 1414 1967 ὲντρόφων
1460 1901 1552 1952 τοῦ
1585 1902 1846 1969 βήματος,

269 1978 369 2028 καὶ
401 1980 608 2032 τούτοιν
634 1983 682 2034 oi
711 1985 770 2044 ἐς
798 1984 922 2036 νοῦν
955 1985 1272 2054 βάπτοντες,
1304 1993 1361 2042 ἐν
1388 1993 1578 2061 ἀπόρῳ
1608 1994 1846 2045 ἐτίθεντο

270 2070 322 2120 εί
359 2072 484 2132 νέος
524 2073 599 2124 ὢν
642 2075 670 2126 ὁ
703 2075 959 2147 Μανουὴλ
1016 2077 1098 2149 [Ρ.
1131 2080 1254 2151 ΗΞ]
1295 2083 1389 2134 καὶ
1438 2086 1558 2151 ἄρτι
1613 2084 1845 2153 πρώτως

269 2159 620 2227 χνοάζωντὸν
634 2164 810 2217 ἴουλον
827 2166 1154 2240 διακοσιιρνή
1165 2187 1278 2222 σειν
1297 2173 1433 2234 ὅλως
1451 2174 1545 2237 τὴν
1565 2175 1846 2242 βασιλείαν

268 2255 584 2320 δυνήσεται,
622 2257 746 2323 ἥτις
796 2259 856 2312 τὸ
887 2261 1020 2314 πολὺ
1073 2263 1244 2316 δεῖται
1293 2266 1485 2332 ἀνδρὸς
1516 2268 1701 2319 πολιοῦ
1747 2270 1845 2335 μὲν

265 2346 330 2398 τὸ
363 2353 600 2417 φρονεῖν,
649 2351 970 2420 λαχνήεντος
1001 2355 1056 2408 δὲ
1087 2359 1177 2410 τὸν
1209 2358 1469 2426 πώγωνα,
1522 2361 1602 2413 ἔτι
1639 2378 1704 2428 γε
1739 2363 1845 2428 μὴν

270 2441 319 2492 εξ
351 2441 444 2492 τὸν
476 2444 808 2511 κασίγνητον
839 2448 1304 2503 καταπαλαίσειεν
1348 2451 1615 2504 Ἰσαάκιον
1644 2454 1846 2506 δικαιό-

267 2547 430 2598 τερον
452 2532 581 2586 όντα
609 2535 744 2605 πρὸς
788 2538 888 2606 τὴν
917 2539 1094 2610 ἀρχὴν
1121 2543 1214 2593 καὶ
1271 2544 1371 2611 τῆς
1401 2545 1672 2611 βασιλίδος
1729 2547 1840 2599 τῶν

268 2623 481 2677 πόλεων
507 2625 652 2678 ἔνδον
698 2629 966 2691 ιζὰνοντα.
1015 2633 1076 2685 '0
1108 2633 1188 2703 δὲ,
1218 2637 1391 2702 μέγας
1445 2638 1650 2700 ὲ-κεῖνος
1706 2639 1844 2708 ἀνὴρ

268 2717 364 2768 καὶ
391 2719 559 2781 ὅντως
591 2721 874 2790 ἄνθρωπος
905 2724 1000 2778 τοῦ
1030 2726 1188 2791 Θεοῦ,
1237 2729 1381 2783 λύων
1415 2731 1475 2782 τὸ
1513 2733 1718 2804 ἄπορον
1749 2735 1845 2787 καὶ

265 2808 552 2877 διασαφῶν
572 2813 633 2865 τὸ
664 2814 794 2886 παρ’
832 2818 1058 2880 ἐκείνοις
1082 2819 1570 2887 ὰμφιγνοούμενον,
1599 2842 1619 2873 ι
1657 2823 1780 2886 Ναὶ,
1820 2844 1838 2876 ι

267 2900 425 2969 φησι,
466 2920 486 2952 ι
536 2903 629 2956 καὶ
681 2905 780 2974 τὴν
817 2907 1142 2984 βασιλείανό
1173 2913 1366 2982 μεῖραξ
1406 2910 1560 2977 οὗτος
1599 2913 1838 2980 δυθυνεῖ,

265 2992 366 3043 καὶ
414 2993 560 3062 αὐτῷ
613 2994 962 3053 ὑποπεσεῖται
1012 3003 1039 3053 ὁ
1081 3001 1342 3068 ἁδελφὸςο
1397 3003 1541 3058 οὕτω
1572 3005 1682 3073 γὰρ
1725 3007 1842 3075 Θεῷ

263 3083 513 3135 {iactarat
544 3089 634 3138 καὶ
668 3089 1024 3158 προώρισται.
1072 3093 1192 3146 Ἴνα
1230 3094 1287 3146 δὲ
1345 3095 1525 3164 εἰδῆτε
1585 3098 1679 3150 καλ⁵
1713 3099 1842 3166 περὶ

262 3168 343 3228 ὧν
360 3175 468 3227 οὐδ’
500 3177 634 3239 ὅλως
667 3196 734 3246 με
762 3180 981 3250 ἤρασθε,
1021 3183 1112 3234 τὸν
1155 3187 1356 3237 οἰκεῖον
1396 3189 1641 3250 πάππον,
1695 3188 1841 3256 λέγω

2033 624 2080 677 7.
2138 625 2404 693 Adjiciam
2461 625 2626 679 etiam
2675 624 2822 678 aliud
2897 636 3208 682 memoratu
3273 626 3524 697 dignum,

1958 726 2246 782 postquam
2283 717 2386 769 huc
2418 732 2741 787 progressus
2767 732 2910 772 sum.
2947 719 3069 774 Fuit
3101 719 3398 774 eunuchus
3422 720 3522 773 Ni-

1957 817 2126 867 celas.
2155 805 2500 873 Chouarum]
2522 810 2837 876 episcopus,
2885 810 3034 862 omni
3067 826 3269 877 genere
3302 811 3522 865 virtutis

1956 908 2205 959 ornatus,
2261 897 2568 952 futurarum
2629 913 2814 952 rerum
2855 903 2928 954 ita
2973 902 3236 968 praescius
3283 913 3343 956 ιιι
3379 902 3527 956 inter

1958 989 2226 1041 maximos
2279 1000 2429 1040 vates
2487 988 2787 1042 haberetur
2830 1000 2887 1042 et
2943 990 3202 1043 omnibus
3251 991 3344 1058 qui
3395 1006 3524 1043 eum

1955 1087 2157 1132 norant
2200 1078 2553 1131 admirationi
2603 1088 2775 1141 eSseI,
2807 1079 2953 1148 quod
3007 1093 3206 1134 nostra:
3241 1082 3529 1152 relati,im-

1958 1169 2139 1234 probae
2180 1181 2340 1236 atque
2372 1167 2635 1221 adulterae
2671 1178 2881 1222 tautqu
2928 1169 3132 1221 bonum
3179 1172 3521 1238 contigissi't.

1953 1258 2089 1313 Cum
2129 1268 2310 1312 autem
2353 1259 2439 1313 hic
2481 1260 2782 1327 imperator
2815 1276 3008 1314 recens
3033 1261 3344 1314 diademate
3380 1261 3523 1314 redi-

1956 1349 2146 1410 mitus,
2177 1348 2389 1415 paterni
2429 1349 2642 1415 imperii
2677 1365 2985 1413 successor,
3024 1367 3090 1404 ex
3125 1352 3379 1405 Armenia
3432 1367 3522 1405 re-

1954 1447 2176 1492 vertens
2204 1435 2410 1492 Cbonis
2444 1437 2770 1506 Archangeli
2800 1440 2970 1494 aedem
3025 1441 3189 1510 285
3243 1443 3521 1509 ingressus

1955 1529 2195 1582 faustam
2236 1531 2744 1599 comprecationem
2798 1531 2867 1584 ab
2907 1533 3010 1586 hoc
3051 1532 3312 1601 pontiﬁce
3367 1548 3521 1586 acce-
3563 1561 3567 1565 -

1955 1625 2120 1690 pisset
2159 1631 2212 1673 ut
2237 1620 2307 1675 ob
2335 1622 2594 1675 virtutem
2634 1621 2836 1690 ubique
2863 1623 3106 1688 gentium
3134 1623 3521 1683 celeberrimo,

1953 1712 2175 1782 quidam
2227 1711 2564 1775 sacerdotes,
2621 1713 2770 1781 iique
2822 1712 3261 1782 prudentissimi.
3295 1700 3524 1766 ddhila-

1957 1804 2088 1858 bant
2115 1821 2182 1858 an
2212 1803 2425 1857 Manuel
2456 1803 2636 1858 adhuc
2665 1803 2986 1857 adolescens
3011 1819 3075 1857 ac
3100 1819 3238 1873 pene
3263 1804 3524 1856 imberbis

1954 1905 2162 1952 tantum
2201 1894 2489 1965 imperium
2515 1894 2897 1948 administrare
2928 1905 3129 1963 posset.
3161 1894 3303 1961 quod
3342 1895 3519 1946 virum

1954 1991 2111 2043 senili
2147 1989 2440 2058 prudentia
2474 1987 2764 2057 praeditum
2793 1994 2849 2040 et
2883 1996 3155 2039 maturum
3194 1985 3520 2054 postularet.

1955 2085 2160 2138 Deinde
2194 2098 2260 2134 an
2314 2082 2536 2135 fratrem
2586 2079 2875 2141 lsaacium,
2907 2079 3000 2147 qui
3039 2077 3232 2131 urbem
3286 2080 3524 2145 impera-

1957 2179 2146 2233 tricem
2171 2178 2469 2238 obtineret,
2526 2186 2891 2244 superaturos
2940 2182 3109 2235 esset,
3159 2173 3247 2226 cui
3293 2171 3523 2224 meliore

1947 2274 2074 2342 jure
2108 2270 2398 2337 imperium
2429 2268 2751 2322 deberetur.
2780 2267 2917 2319 Tum
2947 2281 3176 2333 magnus
3212 2266 3302 2317 ilie
3345 2265 3428 2318 vir
3467 2274 3524 2319 et

1952 2379 2082 2418 vere
2136 2363 2357 2416 divinus
2404 2362 2570 2414 homo
2624 2361 2678 2413 in
2715 2360 2864 2412 hunc
2916 2360 3136 2411 modum
3190 2356 3522 2426 respondit:

1958 2474 1977 2508 ι
2015 2455 2255 2510 Omnino
2314 2453 2639 2506 adolescens
2695 2451 2798 2504 iste
2856 2460 2912 2504 et
2976 2449 3272 2517 imperium
3323 2448 3524 2517 guber-

1953 2546 2112 2600 nabit
2149 2555 2204 2598 et
2252 2543 2476 2598 fratrem
2519 2541 2805 2610 superabit
2841 2559 2854 2593 :
2905 2542 2985 2593 sic
3021 2542 3171 2594 enim
3213 2555 3243 2592 a
3277 2539 3387 2593 Deo
3423 2541 3525 2592 de-

1953 2644 2164 2690 cretum
2194 2643 2249 2686 et
2283 2641 2646 2686 οοιιειιιιιιιιῐιι
2701 2640 2806 2685 εει.
2839 2630 2908 2685 Ui
2955 2639 3139 2682 autem
3190 2644 3254 2682 ea
3303 2641 3525 2696 (ιιιοιιυο

1952 2727 2141 2782 sciatis
2168 2725 2234 2778 de
2267 2724 2470 2793 quibus
2497 2737 2603 2775 non
2631 2721 3032 2789 interrogastis,
3059 2736 3222 2773 avum
3263 2718 3516 2772 Alexium

1950 2825 2111 2871 aetate
2143 2815 2364 2883 paulum
2399 2811 2727 2878 superabit:
2785 2811 2880 2863 sed
2935 2811 3175 2862 instante
3227 2808 3383 2860 obitu
3433 2807 3521 2860 in-

1951 2909 2151 2961 saniet.
2193 2923 2210 2956 ι
2261 2903 2317 2957 ld
2373 2903 2698 2971 praesagium
2749 2910 2805 2954 et
2855 2901 2989 2954 inibi
3021 2909 3072 2952 et
3108 2899 3234 2952 aliis
3263 2896 3518 2966 plurimis

1952 3000 2057 3054 fuit
2087 3008 2274 3051 notum
2312 3013 2325 3048 :
2366 2994 2412 3048 is
2451 2995 2598 3048 enim
2647 3003 2802 3046 vates
2851 3008 2915 3045 ex
2951 2993 3140 3045 divino
3189 2991 3522 3057 baptismate

1953 3105 2038 3143 me
2069 3085 2335 3154 suscepit.
2376 3085 2509 3151 Quae
2540 3095 2724 3137 autem
2749 3097 2814 3136 ea
2852 3082 3065 3134 insania
3111 3090 3164 3133 et
3213 3077 3522 3150 cujusmodi

1952 3182 2135 3233 futura
2189 3185 2357 3239 esset,
2408 3190 2570 3228 nemo
2614 3183 2728 3228 tum
2784 3183 2932 3227 recte
2975 3172 3252 3239 conjicere
3303 3175 3518 3236 potuit:

263 3267 330 3365 όὴ
374 3269 476 3365 ,τὸν
509 3272 917 3365 αὐτοκράτορα
998 3275 1287 3342 Ῥωμαίων
1371 3279 1466 3330 καὶ
1519 3281 1841 3350 προπάτορα
1871 3309 1914 3365 C

1835 3298 1841 3330 ι
1871 3309 1914 3365 C
1949 3287 2074 3325 nam
2103 3270 2198 3324 alii
2240 3268 2290 3322 id
2325 3267 2645 3337 praesagiqu
2691 3264 2758 3318 ad
2814 3264 3060 3318 insanam
3091 3262 3210 3316 auri
3250 3259 3521 3328 cupidita-

263 3359 464 3429 ἐκείνῳ
509 3361 762 3426 Ἀλέξων,
805 3365 1176 3434 ὑπερϐήσεται
1209 3369 1364 3432 οὗτος
1421 3370 1593 3439 βραγύ
1623 3388 1675 3424 τι
1706 3374 1846 3424 κατὰ

261 3454 395 3514 τοὺς
441 3453 540 3520 τῆς
599 3454 743 3520 ζωῆς
802 3457 1044 3526 χρόνους.
1117 3461 1228 3526 Τῆς
1279 3462 1334 3514 δὲ
1388 3463 1648 3532 τελευτῆς
1697 3464 1847 3535 αἱ,τῷ

266 3544 596 3614 ὲγγιζούσης
627 3549 951 3616 μανήσεται.
997 3569 1016 3602 ι
1055 3547 1162 3603 Ἦν
1199 3551 1293 3605 οὖν
1321 3555 1349 3622 ἡ
1378 3555 1682 3625 πρόρρησις
1703 3555 1842 3627 αὕτη

262 3636 366 3686 καὶ
394 3638 516 3703 ἐμοὶ
549 3635 626 3706 τῷ
662 3642 970 3707 συγγραφεῖ
997 3640 1214 3711 Νικήτα
1250 3644 1344 3695 σὺν
1374 3646 1552 3706 ἄλλοις
1574 3648 1842 3709 πλείστοις

263 3725 565 3794 γνώριμος,
619 3731 700 3782 ὅτι
734 3733 825 3783 καί
865 3730 996 3799 ἐμὸς
1035 3734 1062 3785 ὁ
1108 3736 1436 3804 προφάντωρ
1471 3736 1545 3804 (6)
1581 3739 1844 3806 ἀνάδοχος

264 3821 332 3870 ἐκ
352 3815 449 3869 τοῦ
474 3817 618 3871 θείου
649 3818 1042 3890 βαπτίσματος.
1069 3824 1164 3885 Τίς
1196 3824 1250 3876 δὲ
1283 3825 1392 3890 ἄρα
1426 3827 1578 3880 ἔσται
1616 3830 1646 3897 ή
1677 3830 1842 3898 μανία

264 3907 366 3959 καὶ
391 3903 502 3968 οἷος
530 3911 557 3960 ὁ
583 3909 784 3977 τρόπος
807 3911 1000 3980 αὐτῆς.
1029 3911 1202 3975 οὐδεὶς
1234 3910 1378 3983 εἶχεν
1435 3916 1676 3984 ἀκριϐῶς
1704 3934 1846 3985 συμ-

265 3995 528 4049 οαλέσθαι
563 3998 672 4050 τῶν
702 3999 918 4052 εἰδότων
933 4001 993 4052 τὸ
1011 4005 1421 4072 προαγόρευμα·
1445 4007 1494 4056 ol
1536 4007 1634 4071 μὲν
1663 4011 1768 4073 γὰρ
1787 4010 1842 4068 ἐς

1952 3372 2082 3424 tem,
2125 3360 2215 3414 alii
2259 3361 2324 3414 ad
2383 3357 2635 3412 libidinis
2692 3355 3168 3423 intemperantiam
3223 3353 3523 3420 detorque-

1947 3455 2082 3508 bant
2108 3476 2122 3518 ς
2148 3452 2242 3508 sed
2277 3467 2400 3505 cum
2439 3451 2575 3513 lucc,
2609 3465 2774 3519 quam
2811 3448 2946 3510 dixi,
2979 3445 3358 3500 controversia
3398 3442 3520 3512 agi-

1948 3557 2057 3602 tata
2101 3554 2266 3609 esset,
2320 3544 2650 3612 imperatore
2705 3553 2913 3597 temere
2965 3540 3237 3610 principio
3283 3545 3517 3592 conten-

1945 3638 2111 3691 dente
2151 3637 2545 3706 liolosphyrum
2579 3635 2732 3688 illum
2765 3631 3092 3686 Machometi
3125 3629 3294 3699 286
3321 3641 3513 3681 verum

1940 3747 2064 3787 esse
2096 3732 2290 3791 Deum,
2319 3730 2410 3799 qui
2453 3745 2556 3783 nec
2597 3729 2818 3797 genitus
2859 3735 3007 3780 esset
3062 3739 3164 3779 nec
3208 3722 3510 3792 genuisset,

1943 3838 2134 3877 omnes
2164 3821 2216 3874 id
2247 3821 2533 3874 oraculum
2569 3834 2637 3874 eo
2669 3819 3004 3879 retulerunt,
3031 3815 3176 3885 quod
3207 3815 3297 3868 illa
3325 3811 3514 3882 opinio

1943 3933 1972 3970 a
2005 3917 2236 3970 veritate
2261 3915 2601 3969 alienissima
2631 3926 2894 3982 germana
2918 3918 2973 3965 et
3003 3909 3242 3980 pessima
3263 3915 3408 3962 esset
3434 3904 3517 3958 in-

1940 4021 2114 4060 sanna.

263 4089 327 4141 τὸ
345 4091 686 4157 χρυσομανὲς
704 4090 966 4161 ἀνέφερον
985 4094 1046 4145 τὸ
1064 4095 1476 4164 προφοίόασμα,
1511 4099 1559 4149 oi
1589 4098 1632 4148 δ’
1662 4100 1719 4160 ἐς
1747 4101 1874 4152 ἄλλο
1900 4117 1951 4151 τι
1977 4098 2239 4168 σαρκικὸν
2267 4098 2557 4165 ἐλάττωμα
2584 4094 2985 4165 ῄχμαλὼτιζον.
3015 4093 3119 4146 Τοῦ
3146 4093 3202 4145 δὲ
3230 4087 3514 4160 προσεχῶς

264 4183 560 4251 εἰρημένου
621 4183 896 4253 δόγματος
948 4186 1282 4254 κινηθέντος,
1335 4189 1429 4239 καὶ
1461 4189 1784 4258 παραϐόλως
1817 4192 2176 4260 ἐνισταμένου
2200 4188 2269 4241 τὰ
2302 4187 2492 4256 πρῶτα
2552 4185 2647 4238 τοῦ
2705 4183 2968 4252 βασιλέως
3029 4182 3207 4250 ἀληθῆ
3267 4179 3513 4243 δοξάζειν

265 4274 402 4325 Θεὸν
435 4276 522 4325 τὸν
574 4275 724 4342 παρᾶ
757 4275 834 4344 τῷ
868 4274 1114 4342 Μωὰμετ
1136 4276 1436 4345 ὁλόσερνρον
1485 4282 1577 4329 καὶ
1608 4282 1681 4348 μὴ
1716 4283 2113 4348 γεγεννημένον
2141 4280 2172 4346 ἢ
2207 4279 2542 4346 γεννήσαντα
2595 4274 2746 4332 Θεὸν.
2798 4274 2970 4342 πέρας
3042 4273 3321 4340 εἰληφέναι
3375 4271 3512 4324 πάν·

270 4383 364 4428 τες
396 4365 494 4434 τὴν
549 4365 908 4436 προθέσπισιν
940 4365 1179 4432 ἔφασκον
1200 4409 1215 4431 ,
1243 4369 1366 4419 ἐπεὶ
1400 4370 1490 4420 καὶ
1536 4371 1729 4439 μανίαν
1761 4373 2002 4440 ἀτεχνῶς
2055 4370 2309 4440 ὀρθήντε
2343 4367 2436 4422 καὶ
2465 4368 2744 4436 χειρίστην
2778 4364 2876 4432 τὴν
2905 4365 3062 4428 δόξαν
3097 4360 3234 4418 εἶναι
3286 4368 3512 4436 ταυτηνὶ

264 4461 342 4524 ὡς
380 4463 482 4528 τῆς
541 4460 801 4530 ἀληθείας
844 4462 1048 4514 ἐπίπαν
1089 4463 1383 4517 ἀντίθετον.

339 4552 664 4620 Κατήρξατο
697 4553 794 4621 μὲν
816 4553 911 4606 οῦν
944 4554 1023 4624 τῷ
1058 4554 1272 4622 βασιλεῖ
1314 4558 1380 4608 τα
1409 4558 1507 4625 τῆς
1535 4559 1693 4612 νόσου
1733 4561 1838 4630 πρὸ
1873 4568 1914 4620 ι)

263 4637 360 4689 τοῦ
399 4639 644 4707 Μαρτίου
689 4640 882 4708 μηνὸς,
915 4643 1016 4710 τῆς
1046 4644 1418 4710 ἐνισταμένης
1466 4649 1585 4700 τότε
1621 4648 1687 4715 ιγ’
1716 4651 1843 4702 ίνδιο

266 4731 635 4791 κτιὼνος,ὂτε
687 4734 781 4784 καὶ
840 4733 908 4785 τὰ
983 4737 1110 4804 περὶ
1173 4736 1267 4788 τοῦ
1311 4738 1577 4805 δόγματος
1645 4742 1843 4796 ἐπεκύ-

270 4839 450 4889 μαινε.
486 4824 592 4876 Καὶ
614 4823 750 4876 αὐτὰ
783 4825 880 4893 μὲν
912 4827 1223 4895 ἀφῦῦρισαν
1247 4833 1374 4898 περί
1415 4847 1515 4883 πον
1556 4834 1697 4901 μῆνα
1749 4835 1841 4886 τὸν

266 4914 465 4979 Μέιῖον,
521 4914 1015 4986 ὁδάὑτοκράτωρ
1061 4920 1382 4981 ἐπιστάντος
1440 4924 1534 4975 τοῦ
1599 4927 1843 4994 Σεπτεμ-

269 5003 422 5072 ϐρίου
456 5005 518 5055 τὸ
546 5005 645 5072 ζῇν
671 5005 1062 5077 ὲξεμέτρησεν.
1113 5011 1279 5062 Οὐδὲν
1327 5012 1373 5064 δ’
1407 5013 1488 5064 ἔτι
1551 4998 1842 5068 κάλλιστον

267 5097 396 5163 περὶ
427 5097 522 5163 τῆς
564 5096 847 5164 βασιλείας
875 5100 1174 5170 διῴκησεν,
1222 5104 1356 5156 ἀλλὰ
1397 5105 1728 5175 νωθέστερον
1771 5103 1838 5175 ἦν

266 5187 614 5252 διακείμενος
673 5189 811 5256 πρὸς
845 5192 947 5260 τὴν
992 5194 1101 5245 τῶν
1165 5197 1300 5264 μετὰ
1347 5198 1444 5266 τὴν
1510 5202 1840 5266 μετάστασιν

266 5277 431 5330 αὑτοῦ
463 5280 845 5347 γενησομένων
906 5282 1166 5354 διαταγήν
1219 5303 1280 5338 τε
1335 5291 1430 5340 καὶ
1464 5290 1835 5344 ὑποτύπωσιν.

266 5369 338 5420 Τὸ
363 5369 406 5421 δ’
436 5372 629 5424 αἴτεον·
655 5373 714 5424 οὗ
782 5376 1119 5444 παρεδέχετο
1181 5382 1431 5434 ὁπωσοᾶν
1481 5382 1556 5443 ὡς
1609 5385 1838 5451 ἠγγικεν

266 5463 460 5528 ἐκείνῳ
489 5466 550 5515 τὸ
576 5465 858 5534 τελευτᾷν,
910 5465 1029 5518 ἀλλ’
1061 5467 1123 5521 εὖ
1162 5470 1362 5523 εἰδέναι
1419 5473 1704 5526 διετείνετο
1761 5477 1837 5537 ὡς

2013 4560 2321 4628 Imperator
2365 4568 2548 4612 autem
2601 4567 2784 4618 nocte,
2820 4569 3008 4610 mense
3054 4554 3266 4618 Martio,
3317 4555 3509 4608 morbo

1941 4662 2252 4714 cori-cintus,
2287 4651 2584 4705 indictione
2620 4649 2832 4702 decima
2864 4648 3078 4716 quinta.
3115 4663 3224 4715 quo
3258 4657 3507 4715 tempore

1939 4745 2130 4813 dogma
2163 4745 2294 4798 iilud
2333 4744 2384 4795 in
2417 4743 2777 4810 quaestionem
2807 4750 3060 4793 vocatuzn
3095 4751 3178 4793 est
3222 4749 3278 4792 et
3319 4754 3505 4792 mense

1944 4839 2086 4891 Maio
2111 4838 2330 4890 domum
2363 4837 2629 4903 sopitum,
2662 4847 2847 4886 mense
2875 4832 3187 4902 Septembri
3221 4831 3381 4894 obiit,
3410 4846 3513 4885 nec

1943 4929 2012 4982 de
2064 4927 2292 4996 imperio
2328 4928 2626 4996 quidquam
2677 4926 2922 4995 prreclari
2963 4925 3268 4987 ordinavit,
3325 4926 3380 4978 in
3437 4925 3512 4978 iis

1943 5036 2064 5090 qure
2087 5028 2208 5088 post
2235 5035 2394 5071 suum
2427 5018 2639 5071 obitum
2668 5016 2917 5071 facienda
2943 5025 3150 5076 essent,
3187 5015 3512 5070 mandandis

1940 5123 1995 5165 et
2027 5110 2452 5180 prmseribeudis
2489 5107 2735 5177 segnior.
2789 5109 2846 5160 In
2879 5122 3044 5160 causa
3093 5105 3198 5160 fuit
3228 5107 3375 5176 quod
3414 5121 3512 5158 ne-

1939 5217 2210 5271 quaquam
2243 5201 2503 5254 credebat
2531 5201 2737 5254 instare
2787 5199 2890 5252 sibi
2929 5207 3184 5259 mortem,
3223 5197 3319 5250 sed
3369 5196 3512 5251 scire

1938 5310 1996 5347 sc
2031 5293 2333 5346 allirmabat
2373 5308 2458 5345 xuv
2489 5294 2616 5345 vitae
2637 5306 2812 5346 annos
2842 5291 3029 5344 adhuc
3079 5299 3308 5342 restare.
3339 5287 3508 5355 quue

1939 5385 2004 5440 ad
2061 5386 2238 5452 ipsum
2297 5384 2666 5452 patriarcham
2713 5383 3086 5438 Theodosium
3129 5381 3298 5442 dixit,
3339 5396 3370 5433 a
3405 5393 3512 5448 quo

1938 5477 2266 5539 mouebatur
2293 5484 2352 5528 ut
2388 5491 2488 5544 pro
2519 5483 2743 5546 paterna
2770 5475 2975 5545 pietate
3019 5473 3096 5528 rei
3156 5473 3392 5543 publica:
3420 5485 3490 5525 cu

1535 5609 1706 5671 Hier.
1753 5609 1950 5670 Woiﬁi
2000 5618 2186 5671 noue.

354 5728 404 5776 εει
443 5722 587 5776 ,ιιτι-ιτ
621 5725 790 5781 codex
820 5726 887 5782 de
918 5729 1315 5802 compatriatu,
1352 5747 1407 5788 ιιι
1442 5747 1652 5796 \‘ocnnl,
1690 5737 1826 5790 alter
1854 5734 1919 5790 dc
1951 5735 2426 5795 administratione
2457 5732 2800 5804 baptismatis
2829 5730 2978 5801 loqui
3006 5728 3234 5783 videtur.
