4268 6358
792 396 901 461 οτι

2028 400 2079 459 Ν
2092 396 2330 458 ΙΟΕΤᾸΞ
2367 393 2778 455 (ΣΗΟΝΙΑΤᾹΞ

3950 390 4063 455 572

793 524 915 564 ram
939 507 1170 578 integris
1199 506 1380 562 adhuc
1410 506 1666 561 sensibus
1699 515 1913 562 mature
1946 507 2280 576 susciperet,
2316 515 2373 560 et
2402 504 2450 563 Α

2402 504 2450 563 Α
2478 503 2713 556 ἐνιαυτοὶ
2743 500 3008 572 ξωῆςκαὶ
3036 501 3215 572 ἕτεροι
3253 502 3659 574 δεκατέσσαρες
3691 501 3842 572 αὐτῷ
3866 504 4065 557 ἐπιδα-

790 608 1105 653 curatorem
1186 597 1402 650 ﬁdelem
1466 597 1560 650 lilii
1623 598 2367 669 successoris,_impuberis

792 686 996 749 adhuc,
1024 695 1080 739 et
1117 685 1487 753 impcratricis
1530 695 1823 754 qumreret.
1881 687 1986 741 Sed
2044 688 2368 756 pestilentes

793 774 1127 844 impostores
1167 776 1426 844 astrologi
1475 778 1865 842 imperatorem
1914 779 2079 845 paulo
2134 790 2257 847 post
2301 795 2369 834 ex

795 866 990 918 morbo
1032 876 1338 919 recreatum
1398 878 1721 922 vacaturum
1776 885 1897 923 esse
1957 872 2261 932 amoribus,
2312 881 2369 924 et

793 957 1112 1011 barbaricas
1184 959 1345 1028 287
1395 959 1560 1012 urbes
1601 976 1957 1023 eversurum,
2018 963 2370 1030 impudenter

791 1049 1147 1112 asserebant;
1197 1063 1251 1101 et
1299 1050 1447 1117 quod
1505 1051 1889 1105 incredibilius
1951 1061 2056 1115 est,
2117 1055 2370 1109 homines

794 1139 1060 1206 prazcip'iti
1093 1140 1278 1208 lingua
1305 1151 1357 1193 et
1395 1142 1602 1194 assueti
1642 1143 1969 1207 mendaciis,
1998 1153 2208 1197 motum
2241 1146 2368 1198 uni-

793 1230 938 1281 versi
972 1230 1124 1282 orbis
1145 1241 1201 1283 et
1235 1234 1597 1285 maximorum
1656 1235 1899 1287 siderum
1937 1251 2266 1304 congressus
2312 1248 2370 1293 et

792 1335 1098 1375 concursus
1143 1336 1548 1391 ventorumque
1594 1326 1866 1392 procellas
1890 1326 2136 1395 ingentes
2159 1337 2213 1380 et
2245 1331 2369 1382 uni-

790 1412 1069 1464 versitatis
1110 1429 1289 1465 rerum
1349 1428 1492 1481 pene
1547 1417 1905 1468 mutationem
1965 1418 2363 1485 praedicebant,

787 1503 1214 1570 engastritnythi
1257 1504 1440 1571 potius
1487 1521 1650 1573 quam
1687 1507 1974 1576 astrologi.
2014 1508 2200 1578 Neque
2233 1526 2368 1565 vero

786 1607 966 1644 annos
996 1593 1262 1647 duntaxat
1293 1605 1348 1648 et
1394 1613 1610 1651 menses
1660 1607 1715 1651 et
1763 1599 2140 1655 hebdomadas
2175 1619 2368 1658 nume-

789 1681 1008 1744 rabant,
1050 1683 1144 1737 sed
1182 1684 1301 1739 dics
1324 1687 1490 1739 etiam
1517 1695 1571 1741 et
1603 1689 1750 1743 hora:
1778 1701 2042 1758 punctum
2078 1694 2368 1762 designare

791 1787 897 1824 non
927 1774 1281 1836 verebantur,
1305 1793 1426 1843 qua:
1446 1793 1556 1831 sua:
1578 1782 1832 1848 potestati
1860 1785 2161 1838 reservavit
2186 1784 2365 1854 Pater,

2471 594 2811 663 ψιλεύονται.
2839 593 2948 646 Καὶ
2974 594 3136 647 τοῦτο
3175 593 3312 663 πρὸς
3331 593 3495 646 αὑτὸν
3523 596 3714 663 εῖρηκε
3747 593 3839 646 τὸν
3891 595 4061 663 σοφὸν

2472 686 2568 738 καὶ
2609 688 2964 756 τρισμάκαρα
3025 686 3376 756 πατριάρχην
3403 686 3496 738 τὸν
3522 685 3824 748 Θεοδόσιον,
3868 685 4061 737 suam-

2473 778 2705 847 θέμενον
2738 778 3025 847 πατρικῶς
3058 778 3322 848 φροντίδα
3354 778 3465 830 τῶν
3503 780 3602 846 τῆς
3633 775 3911 846 βασιλείας
3960 777 4059 829 θέ-

2474 870 2598 922 σθαι
2637 872 3006 940 πραγμάτων,
3045 869 3148 931 ἕως
3174 869 3254 922 ἔτι
3291 869 3480 936 καιρὸς
3507 869 3769 938 ’κάκείνῳ
3815 867 4058 938 ἔρρωται

2472 963 2531 1014 τὸ
2562 966 2803 1031 φρονεῖν,
2836 965 2931 1014 καὶ
2967 963 3194 1031 διφῆσαι
3247 961 3339 1013 τὸν
3400 960 3762 1027 ἀνθεξόμενον
3805 959 4057 1028 ἀκριϐῶς

2471 1051 2564 1102 τοῦ
2598 1053 2695 1119 τῆς
2729 1052 2905 1120 ἀρχῆς
2937 1051 3273 1119 κληρονόμου
3313 1050 3501 1110 παιδὸς
3538 1048 3695 1100 οὔπω
3740 1048 4054 1116 παραγγεί-

2471 1142 2664 1202 λαντος
2697 1145 2776 1206 είς
2815 1143 2978 1213 ἥϐην,
3029 1142 3123 1193 καὶ
3187 1140 3396 1200 πιστῶς
3452 1139 3899 1208 προστησόμενον
3953 1138 4056 1206 τῆς

2473 1231 2740 1300 βασιλίδος
2779 1235 2871 1284 καὶ
2910 1226 3023 1283 οἷον
3057 1229 3584 1300 μητροκομήσοντα.
3627 1229 3690 1280 Οί
3733 1227 3790 1278 δὲ
3851 1242 4058 1278 παντο·

2470 1322 2688 1390 δήλητοι
2716 1323 3122 1389 ἀστροφένακες
3152 1320 3246 1371 καὶ
3283 1318 3412 1388 περὶ
3489 1317 3752 1386 ἐρωτικὰ,
3789 1314 3912 1368 κατ’
3958 1316 4059 1368 σὺ·

2470 1418 2596 1476 τοὶς
2623 1415 2818 1476 εἰπεῖν,
2849 1415 2941 1467 τὸν
2971 1414 3198 1483 βασιλέα
3221 1413 3506 1482 σχολάσειν
3527 1411 3851 1480 ἀπετόλμων
3873 1409 4057 1474 λέγειν

2472 1507 2861 1574 ἀνασφήλαντα
2922 1506 3019 1574 τῆς
3067 1507 3221 1557 νόσου
3264 1505 3404 1574 μετὰ
3451 1503 3648 1573 βραχὺ,
3699 1507 3793 1554 καὶ
3830 1503 4055 1553 πόλεων

2470 1596 2786 1664 ἀλλοφύλων
2818 1598 2897 1658 είς
2933 1597 3098 1667 χῶμα
3123 1597 3509 1666 τεθησομένων
3530 1595 3880 1662 καθαιρέσεις
3907 1594 4056 1660 ἀπη-

2471 1689 2798 1742 ναιίεύοντο.
2834 1687 2907 1739 'I'b
2938 1689 2992 1740 δέ
3023 1688 3087 1758 δὴ
3115 1686 3591 1756 παραλογώτερον,
3637 1686 3922 1755 πρόχειροι
3955 1684 4056 1752 τὴν

2472 1780 2720 1846 γλῶτταν
2751 1781 2900 1843 ὄντες
2932 1781 3026 1833 καὶ
3047 1781 3124 1850 τῷ
3155 1779 3341 1848 ψεύδει
3392 1777 3755 1844 ἐνειθισμὲνοι
3791 1777 3885 1827 καὶ
3918 1792 4055 1840 συγ-

791 1875 845 1915 et
868 1864 1126 1918 Servator
1149 1866 1454 1936 discipulos
1483 1887 1612 1924 suos
1640 1885 2028 1941 percontantes
2056 1879 2365 1948 castigavit.
2400 1855 2441 1909 Β
2473 1891 2476 1921 τ

2400 1855 2441 1909 Β
2473 1873 2692 1941 κίνησιν
2721 1873 3027 1942 προῦλεγον
3076 1873 3170 1924 τοῦ
3236 1870 3438 1933 παντὸς
3498 1869 3803 1937 συνδρομάς
3865 1885 3924 1919 τε
3959 1867 4055 1918 καὶ

793 1953 1028 2007 Proinde
1083 1971 1188 2008 non
1219 1957 1332 2026 ipse
1386 1961 1547 2013 modo
1594 1962 1896 2031 imperator
1968 1970 2258 2035 speluncas
2314 1982 2370 2026 et

792 2057 1010 2100 meatus
1067 2049 1461 2104 subterraneos
1509 2063 1696 2106 contra
1756 2067 2046 2111 ventorum
2103 2060 2368 2129 impetum

800 2137 1119 2205 inquirebat
1148 2151 1204 2194 et
1244 2139 1311 2193 ad
1358 2141 1722 2197 habitandum
1761 2147 2128 2215 praeparabat,
2173 2161 2229 2204 et
2270 2167 2367 2220 pa-

790 2228 1049 2282 latiorum
1101 2229 1317 2300 fastigia
1359 2232 1822 2296 demoliebantur,
1860 2249 1917 2289 ut
1950 2240 2132 2293 minus
2162 2243 2366 2310 impetu

790 2332 1081 2374 ventorum
1114 2323 1470 2389 lzeclerentur;
1495 2327 1590 2379 sed
1627 2330 1952 2383 eLministri
1985 2343 2040 2386 et
2075 2337 2289 2402 cognati
2314 2347 2370 2391 et

785 2412 1110 2468 adulatores
1140 2416 1262 2485 ejus
1288 2415 1480 2471 iisdem
1510 2420 1678 2474 rebus
1705 2423 1900 2476 intenti
1933 2429 2130 2493 partim
2165 2439 2366 2484 terram

785 2504 1145 2558 formicarum
1185 2508 1356 2561 instar
1387 2510 1745 2575 eﬂodiebant,
1774 2518 1970 2581 partim
2005 2521 2240 2573 tentoria
2274 2522 2371 2574 tri-

790 2597 1012 2664 pliciter
1047 2601 1388 2655 consuehant
1421 2611 1477 2656 et
1505 2614 1688 2658 vectes
1723 2608 2010 2672 cubitales,
2041 2627 2151 2678 quo
2186 2615 2370 2670 minus

793 2689 1143 2744 tabernacula
1190 2693 1360 2763 288
1416 2709 1868 2760 concuterentur,
1922 2703 2214 2757 acuebant.
2260 2706 2366 2759 Sed

788 2780 1008 2842 morbo,
1068 2792 1127 2834 ut
1175 2783 1312 2843 dixi,
1364 2785 1802 2853 ingravescente,
1853 2790 2050 2844 balneo
2095 2810 2227 2848 usus
2273 2810 2369 2848 co-

790 2871 981 2937 gnovit
1012 2887 1163 2939 spem
1211 2875 1336 2928 vitae
1362 2891 1692 2931 evanescere
1723 2889 1779 2932 et
1815 2883 2110 2936 terminum
2161 2885 2369 2940 instare

793 2963 1211 3028 inevitabilem;
1249 2981 1310 3019 ac
1342 2984 1511 3034 pauca
1550 2985 1672 3022 cum
1705 2974 2017 3027 astantibus
2047 2976 2134 3042 Ide
2179 2978 2369 3031 Alexio

793 3052 1180 3121 filiolocutus,
1233 3060 1486 3114 oratione
1536 3063 1793 3129 suspiriis
1843 3065 2194 3134 interpolata.
2239 3070 2369 3137 quia

791 3143 1126 3211 praevidebat
1153 3162 1274 3214 quae
1308 3159 1429 3215 post
1460 3163 1619 3201 suum
1647 3151 1856 3204 obitum
1893 3162 2243 3221 tempestates
2272 3156 2371 3209 im-

794 3235 1121 3302 penderent,
1164 3239 1492 3306 patriarchae
1521 3241 1734 3296 monitu
1763 3243 1916 3296 brevi
1949 3246 2154 3308 chartae
2176 3247 2243 3300 de
2282 3263 2370 3300 as-

794 3327 1027 3394 trologia
1092 3330 1442 3398 subscripsit,
1502 3343 1707 3386 mutata
1778 3337 2012 3403 pristina
2071 3340 2366 3395 sententia.

798 3417 1046 3485 Denique
1084 3422 1304 3474 admota
1345 3422 1412 3476 ad
1456 3425 1712 3478 arteriam
1750 3443 1914 3481 manu
1950 3439 2005 3482 et
2037 3432 2194 3498 pttlsu
2243 3447 2371 3499 per-

795 3517 1031 3573 tentato,
1067 3527 1191 3565 cum
1225 3513 1335 3566 alto
1365 3517 1603 3584 suspirio
1635 3517 1814 3570 femur
1845 3526 2140 3588 percussit,
2170 3532 2225 3575 et
2254 3540 2372 3577 mo-

794 3600 1070 3653 nasticum
1104 3601 1350 3655 habitum
1379 3606 1704 3673 postulavit.
1748 3608 1868 3673 Quo
1907 3608 2057 3663 dicto
2112 3626 2262 3675 cum,
2313 3622 2372 3665 ut

794 3689 913 3742 ﬁeri
970 3690 1134 3752 solet,
1191 3695 1461 3748 tumultus
1506 3705 1652 3748 esset
1687 3705 1867 3759 ortus,
1921 3705 1978 3751 et
2024 3699 2369 3766 spiritualcm

793 3792 999 3834 \cstem
1034 3783 1190 3851 nigro
1220 3801 1399 3852 panno
1423 3787 1602 3842 omnis
1637 3798 1867 3842 ornatus
1918 3801 2223 3857 expertem,
2270 3793 2371 3845 mi-

796 3873 958 3926 nistri
987 3877 1174 3928 nescio
1215 3876 1302 3929 ubi
1339 3878 1507 3940 nacti,
1544 3880 1802 3934 mollibus
1832 3889 1888 3934 et
1933 3882 2099 3951 regiis
2126 3885 2370 3938 vestibus

794 3966 1075 4029 detractis,
1118 3977 1174 4022 et
1217 3985 1414 4039 aspero
1458 3973 1551 4025 illo
1605 3973 1808 4026 divina:
1865 3975 1991 4028 vita:
2045 3976 2370 4030 indumento

795 4057 872 4110 illi
903 4059 1148 4120 inducto.
1172 4063 1223 4114 in
1249 4064 1592 4132 spiritualcm
1617 4081 1742 4119 eum
1768 4077 2100 4121 convertunt
2119 4069 2367 4132 militem,

788 4157 846 4199 ct
876 4149 1025 4216 galea
1065 4151 1398 4222 tboraceque
1424 4154 1723 4223 insigniore
1757 4167 2014 4211 ornatum
2047 4161 2099 4212 in
2130 4162 2372 4214 cmlestis

798 4235 1151 4305 imperatoris
1170 4244 1479 4308 cataIOgnm
1507 4247 1780 4300 referunt.
1806 4249 2140 4310 Eallacerna.
2167 4253 2368 4318 quippe

798 4327 1040 4391 brevior,
1077 4346 1240 4385 crura
1280 4333 1490 4386 heroici
1525 4337 1672 4390 illius
1705 4341 1957 4406 corporis
1987 4357 2095 4392 non
2130 4341 2366 4408 tegebat,

794 4427 849 4469 ut
878 4433 1039 4472 nemo
1089 4423 1182 4488 qui
1241 4423 1292 4474 id
1329 4427 1592 4479 cernebat
1641 4444 1669 4478 a
1723 4429 1983 4497 lacrymis
2018 4430 2121 4482 sibi
2156 4441 2369 4496 tempe-

2476 1962 2727 2024 συνόδους
2757 1962 2867 2013 τῶν
2908 1961 3183 2030 μεγίστων
3212 1961 3457 2030 ἀστέρων
3510 1959 3604 2010 καὶ
3655 1957 3874 2026 ἀνέμων
3907 1955 4058 2019 ἐξαι-

2475 2059 2606 2106 σίων
2670 2054 2946 2125 ἐκρήξεις,
2987 2054 3078 2106 καὶ
3118 2054 3305 2122 σχεδὸν
3364 2051 3457 2105 τοῦ
3511 2051 3715 2112 παντὸς
3765 2065 4056 2117 μεταστοι-

2472 2149 2698 2216 χείωσιν
2764 2147 3214 2216 προεφοίσαζον,
3305 2144 3740 2214 ἐγγαστρίμυθοι
3811 2142 3973 2194 πλέον
4019 2141 4052 2208 ἧ

2473 2235 2877 2302 ἀστεροσκόποι
2911 2234 3280 2303 δεικνύμενοι.
3315 2233 3388 2284 Οὐ
3414 2232 3646 2301 χρόνους
3680 2231 3737 2282 δὲ
3773 2233 3934 2299 μόνον
3963 2230 4056 2282 xci

2477 2324 2647 2391 μῆνας
2683 2325 2950 2394 ὴρίθμόυν
2986 2326 3079 2377 καὶ
3141 2324 3442 2392 ἐὸδομάδας
3503 2321 3819 2388 κατέλεγον,
3863 2322 3950 2387 ἐφ’
3981 2315 4056 2370 (Iv

2471 2418 2646 2470 ταῦτα
2671 2419 2982 2487 γενήσεται,
3005 2419 3098 2470 καὶ
3124 2415 3336 2484 βασιλεῖ
3387 2417 3767 2486 διεσήμαινον,
3797 2414 3930 2466 ἀλλὰ
3962 2416 4056 2464 καὶ

2473 2512 2682 2580 ἡμέρας
2705 2510 3101 2580 ὴκριὸολόγουν
3128 2513 3223 2565 καὶ
3246 2511 3306 2564 τὸ
3324 2511 3420 2573 τῆς
3442 2509 3590 2577 ὥρας
3615 2508 3900 2577 ἀκαριαῖον
3924 2506 4058 2557 ἐὸω-

2477 2605 2764 2672 μολόχουν,
2802 2605 2875 2665 ὡς
2911 2606 3068 2676 εἴπερ
3120 2603 3310 2672 σαφῶς
3338 2604 3536 2673 ᾔδεσαν
3582 2601 3725 2669 ἅπερ
3762 2601 3818 2650 ἐν
3857 2601 3922 2667 τῇ
3951 2598 4055 2665 ἰδέᾳ

2474 2697 2694 2766 ἐξουσία
2727 2697 2879 2750 ἔθετο
2912 2700 2938 2749 ὁ
2968 2697 3186 2766 Πατὴρ,
3216 2693 3468 2763 καὶπερὶ
3500 2687 3575 2746 ὧν
3623 2691 3859 2756 ἐπετίμα
3915 2705 4055 2740 πυν-

2474 2787 2804 2856 θανομένους
2835 2793 2949 2852 τοῖς
3003 2788 3274 2856 μαθηταῖς
3300 2789 3326 2838 ὁ
3361 2786 3576 2853 Σωτήρ.
3627 2781 3842 2852 Ἀμέλει
3873 2798 3956 2832 τοι
3991 2780 4053 2831 οὐ

2476 2882 2634 2949 μόνον
2697 2881 2858 2942 αὐτὸς
2934 2883 2962 2932 ὁ
3017 2879 3272 2949 βασιλεὺς
3340 2878 3582 2947 σπήλαια
3658 2876 3750 2928 καὶ¹
3825 2873 4062 2926 καταδύς-

2475 2989 2590 3034 σεις
2657 2970 3026 3041 ἀλεξηνέμους
3103 2970 3426 3039 διηρευνᾶτο
3497 2969 3590 3020 καὶ
3651 2962 4058 3036 προητοίμαζεν

2475 3065 2554 3126 είς
2581 3064 2876 3131 ἐνοίκησιν,
2910 3063 3001 3115 καὶ
3046 3062 3096 3114 οἱ
3124 3061 3233 3113 τῶν
3275 3057 3569 3130 βασιλικῶν
3593 3057 3891 3110 οἰκοπέδων
3920 3054 4059 3106 καθ-

2482 3154 2717 3225 ῃροῦντο
2771 3153 2941 3218 ὕελοι,
2979 3153 3054 3216 ὡς
3083 3150 3196 3205 εἷεν
3244 3149 3476 3211 ἀπαθεῖς
3532 3151 3649 3210 ταῖς
3706 3146 3813 3199 τῶν
3841 3146 4060 3213 ἀνέμων

2475 3242 3036 3313 ἐκθησαυριζομέναις
3068 3244 3278 3306 πνοαῖς,
3307 3240 3445 3294 ἀλλά
3472 3238 3562 3291 καὶ
3595 3238 3780 3290 ὁπόσοι
3807 3240 3873 3306 τῇ
3898 3237 4061 3305 θερα-

2476 3336 2608 3404 πείᾳ
2661 3333 2853 3386 τούτου
2915 3337 3010 3388 καὶ
3067 3334 3359 3402 συγγενείᾳ
3415 3333 3803 3400 ἐνεγραφοντο,
3847 3332 3943 3382 καὶ
4008 3329 4059 3379 οῖ

2473 3426 2779 3488 κολακικῶς
2808 3427 2970 3479 αὑτὸν
2994 3426 3416 3495 ὑπεισήρχοντο,
3441 3426 3554 3485 τοῖς
3573 3423 3755 3478 αὐτοῖς
3784 3421 4060 3490 ἐπιμελῶς

2473 3517 2763 3581 ἐνέκειντο,
2795 3517 2870 3578 ὠς
2907 3517 3034 3578 τοὺς
3075 3517 3174 3585 μὲν
3197 3516 3502 3584 γεωρυχεῖν
3531 3513 3673 3565 κατὰ
3734 3511 4058 3582 μύρμηκας,

2472 3609 2598 3670 τοὺς
2623 3608 2678 3660 δὲ
2709 3610 3115 3678 σκηνορῤαφεῖν
3164 3607 3259 3662 καὶ
3295 3605 3503 3675 σχοινία
3538 3604 3806 3673 περιδέειν
3837 3604 4061 3673 ἐντριτα

2473 3701 2565 3751 καὶ
2596 3701 2909 3762 πασσάλους
2937 3699 3226 3765 ἀποξύνειν
3274 3699 3577 3766 πηχυαίους
3607 3698 3687 3758 είς
3717 3697 4059 3764 ἀκράδαντον

2474 3788 2710 3858 ἔρεισμα
2736 3789 2846 3841 τῶν
2878 3790 3118 3860 σκηνῶν.
3170 3789 3312 3841 Ἀλλ’
3345 3790 3483 3856 ὅπερ
3521 3786 3730 3852 ἔλεγον,
3756 3785 3943 3852 ἐπειδὴ
3992 3784 4060 3836 τα

2471 3879 2572 3949 τῆς
2610 3881 2766 3933 νόσου
2786 3881 2862 3950 τῷ
2883 3882 3095 3950 βασιλεῖ
3122 3879 3390 3942 ἐπέτεινε,
3428 3877 3763 3947 παραϐόλως
3793 3874 4060 3944 βαλανείῳ

2475 3972 2770 4043 ἐχρήσατο,
2812 3975 2907 4027 καὶ
2965 3974 3128 4041 γνοὺς
3183 3973 3266 4025 ἔτι
3315 3971 3478 4024 πλέον
3535 3968 3785 4023 ἐντεῦθεν
3835 3967 3933 4029 τὰς
3965 3966 4058 4018 τοῦ

2474 4063 2574 4133 ζῇν
2615 4064 3062 4133 ἁπαλειφομένας
3110 4064 3332 4126 ἐλπίδας
3387 4063 3484 4115 καὶ
3531 4056 3645 4114 οἶον
3708 4058 3832 4112 καθ’
3875 4059 4064 4127 ὑγρῶν

2473 4156 2820 4223 τυπουμένας
2879 4158 2975 4208 καὶ
3032 4157 3130 4222 τὴν
3199 4156 3540 4225 προθεσμίαν
3620 4152 4060 4218 ἀνυπεξάλυκτον

2473 4247 2791 4314 ἐφεστῶσαν
2849 4249 3006 4314 όλίγα
3065 4247 3194 4319 περὶ
3243 4247 3337 4300 τοῦ
3400 4246 3587 4308 παιδὸς
3657 4245 3897 4311 Ἀλεξίου
3949 4249 4061 4307 τοῖς

2473 4338 2802 4406 περιεστῶσι
2837 4339 3159 4401 διείλεκται,
3180 4339 3422 4408 κεράσας
3445 4339 3718 4404 οἰμωγαῖς
3744 4336 3811 4388 τὰ
3837 4336 4064 4404 ῥήματα

2475 4429 2714 4496 ἐκ,τοῦ
2813 4432 3051 4498 προορᾷν
3117 4424 3236 4483 οἷον
3313 4429 3382 4482 τὰ
3470 4431 3609 4497 μετὰ
3673 4428 3772 4498 τὴν
3843 4429 4062 4479 ἐκείνου

797 4520 962 4562 rarct.
1002 4510 1254 4564 humanae
1290 4512 1680 4567 imbecilltatis
1710 4519 2040 4584 cogitatione
2066 4537 2121 4574 et
2153 4524 2362 4579 vilitate
2403 4536 2443 4589 D
2477 4541 2482 4568 ι

2403 4536 2443 4589 [)
2477 4523 2868 4591 συμϐησόμενα
2905 4523 3104 4585 ἔξοδον.
3149 4523 3311 4575 Ἀλλὰ
3346 4523 3438 4574 καὶ
3495 4523 3752 4590 περὶτῆς
3800 4523 4061 4590 ἀστρονο-

791 4602 1043 4668 corporis
1096 4605 1148 4656 in
1205 4614 1406 4668 morte,
1463 4623 1573 4675 quo
1623 4615 1843 4665 animus
1901 4621 2158 4677 tanquam
2216 4625 2368 4671 testa:

791 4691 958 4759 239
987 4694 1232 4748 inclusus
1259 4699 1540 4752 coalescit.
1599 4701 1690 4753 Sic
1741 4701 1908 4770 igitur
1946 4713 2002 4757 et
2027 4705 2136 4757 vita
2170 4717 2225 4761 et
2267 4709 2370 4760 im-

793 4783 944 4848 perio
973 4784 1143 4844 cedit,
1179 4792 1324 4852 quod
1357 4805 1533 4840 annos
1560 4791 1782 4859 triginta
1837 4803 1966 4846 octo
2009 4797 2364 4864 gubernavit.

793 4874 967 4927 tribus
999 4879 1279 4931 mensibus
1311 4879 1568 4950 demptis.
1608 4883 1686 4936 Ad
1714 4885 1859 4952 quod
1888 4885 2106 4954 imperii
2134 4891 2369 4955 Spatium

789 4967 1229 5020 vetustissimum
1283 4968 1414 5022 illud
1467 4975 1755 5026 oraculum
1811 4977 2056 5032 alludere
2109 4980 2370 5035 videtur:

797 5073 816 5104 α
853 5055 953 5109 Tui
983 5061 1289 5125 prehendet
1319 5070 1369 5115 te
1418 5075 1700 5129 postrema
1737 5070 1996 5124 nominis.
2037 5089 2056 5122 ι
2101 5071 2235 5125 Nam
2283 5075 2371 5142 ηλ,

794 5156 1072 5213 postrema
1098 5149 1304 5216 syllaba
1353 5152 1592 5207 nominis
1627 5156 1916 5218 Manueiis,
1969 5162 2110 5227 apud
2155 5161 2375 5217 Graacos

798 5247 1008 5291 tantum
1061 5257 1352 5297 numer-um
1403 5249 1812 5314 complectitur.
1872 5250 2133 5318 Sepultus
2180 5264 2265 5306 est
2315 5255 2369 5306 in

794 5330 1026 5398 obliquo
1056 5331 1225 5386 latere
1250 5339 1566 5390 monasterii
1595 5340 2027 5405 Pantocratoris,
2051 5344 2206 5412 juxta
2237 5354 2377 5398 tem-

799 5421 875 5489 pli
903 5422 1074 5484 fores,
1112 5427 1162 5477 in
1193 5429 1396 5480 sacello
1431 5430 1716 5498 adjuncto,
1743 5449 1850 5501 qua
1886 5435 2074 5503 templi
2113 5451 2272 5488 muro
2323 5436 2377 5487 in

798 5512 1066 5568 fornicem
1101 5521 1456 5574 circumﬂexo
1486 5525 1629 5576 latus
1652 5525 1799 5578 circa
1842 5529 2113 5579 tumulum
2165 5527 2380 5596 ingres-

799 5619 898 5658 sus
927 5605 1302 5676 distinguitur.
1337 5611 1497 5680 Lupis
1526 5629 1651 5666 eum
1687 5615 1820 5681 tegit
1847 5616 2124 5684 nigricans
2151 5626 2206 5669 et
2235 5631 2377 5671 nitr-

794 5702 949 5747 stum
977 5697 1184 5766 aliquid
1221 5715 1329 5767 pra:
1370 5717 1427 5754 se
1461 5701 1662 5765 ferens,
1697 5705 1788 5772 qui
1820 5707 1872 5756 in
1905 5715 2114 5774 septem
2147 5709 2382 5761 vertices

809 5789 1068 5858 assurgit.
1098 5790 1215 5850 Non
1247 5793 1438 5862 procul
1483 5793 1606 5849 inde
1644 5796 1758 5851 basi
1794 5797 2083 5867 impositus
2113 5797 2378 5855 adoratur

2476 4615 2603 4683 μίας
2636 4617 2886 4685 ὑποθήκη
2918 4615 3009 4666 τοῦ
3042 4617 3391 4684 πατριάρχου
3453 4613 3660 4682 βραχύν
3693 4631 3816 4664 τινα
3849 4617 4062 4680 χάρτην

2474 4708 2887 4776 ὑπεσημήνατο,
2939 4707 3078 4775 πρὸς
3133 4706 3231 4776 τὴν
3289 4706 3544 4758 ἐναντίαν
3580 4705 3738 4768 δόξαν
3783 4705 4060 4773 μεθαρμο-

2476 4798 2644 4860 σθείς.
2681 4799 2845 4860 Τέλος
2891 4799 2946 4850 δὲ
2995 4799 3090 4850 καὶ
3133 4798 3296 4858 αὐτὸς
3345 4799 3412 4867 τῇ
3471 4798 3713 4866 ἀρτηρία
3766 4799 4060 4863 προσάγω-ο

2474 4889 2571 4956 τὴν
2593 4893 2750 4958 χεῖρα
2770 4890 2862 4940 καὶ
2888 4891 2982 4950 τὰς
3006 4889 3248 4957 κινήσεις
3267 4889 3360 4940 τοῦ
3391 4886 3644 4955 σφυγμοῦ
3670 4888 4059 4952 γνωματεύων,

2479 4981 2662 5049 βύθιόν
2698 4999 2749 5033 τι
2781 4983 3041 5046 στενάξας
3082 4981 3175 5033 καὶ
3204 4981 3414 5050 πλήξας
3455 4983 3519 5048 τῇ
3571 4980 3717 5047 χειρὶ
3747 4978 3838 5028 τὸν
3887 4979 4060 5045 μηρὸν

2481 5075 2537 5124 τὺ
2571 5074 2851 5141 μοναδικδν
2883 5075 3068 5143 σχῆμα
3094 5074 3284 5143 ᾔτησε.
3343 5071 3584 5142 Θορύίὶου
3627 5071 3704 5132 δὲ,
3763 5069 3838 5129 ὡς
3893 5069 4058 5131 εἰκὸς,

2481 5169 2572 5219 ἐπί
2612 5167 2688 5234 rt?)
2720 5167 2925 5234 ῥήματι
2959 5165 3134 5231 τούτῳ
3166 5163 3446 5233 ἀρθέντος,
3480 5162 3572 5214 καὶ
3602 5164 3702 5227 τῆς
3758 5177 4059 5227 πνευματι-

2479 5257 2724 5324 κωτέρας
2756 5256 3082 5322 ἀμφιασεως
3122 5253 3354 5322 ἐχούσης
3395 5252 3454 5303 τὸ
3482 5252 3896 5317 ἀπαράσκευον,
3946 5266 4059 5316 τρι-

2481 5346 2675 5399 ϐωνίου
2709 5349 2935 5414 μέλανος
2971 5349 3020 5398 οἱ
3045 5350 3174 5416 περὶ
3198 5347 3288 5398 τὸν
3343 5343 3572 5413 βασιλέα
3614 5341 3834 5393 ὁθενοῦν
3894 5341 4057 5392 εὐπο-

2485 5441 2746 5510 ρήσαντες
2805 5439 3114 5509 περιδύουσι
3141 5440 3239 5506 μὲν
3271 5439 3434 5490 αὑτὸν
3465 5438 3531 5489 τὰ
3588 5435 3812 5504 μαλακὰ
3851 5435 3944 5484 καί
3967 5434 4048 5498 ἀρ

2483 5528 2612 5597 χικὰ
2635 5528 2839 5597 ἄμφια,
2867 5528 3184 5579 ὲπενδύουσι
3206 5527 3262 5578 δὲ
3299 5527 3359 5578 τὸ
3382 5525 3553 5594 τραχὺ
3605 5523 3704 5584 τῆς
3759 5523 3901 5573 κατᾶ
3927 5520 4058 5570 Θεὸν

2487 5616 2761 5678 πολιτείας
2789 5617 3012 5685 ἔνδυμα,
3054 5619 3132 5677 είς
3159 5616 3386 5684 ὁπλίτην
3437 5612 3838 5682 μετημειφότες
3899 5627 4060 5660 πνευο

2489 5709 2717 5776 ματικὸν
2752 5709 2939 5777 κράνει
2964 5725 3021 5758 τε
3057 5708 3312 5775 θειοτέρῳ
3349 5705 3444 5758 καὶ
3489 5705 3696 5774 θώρακι
3725 5700 4060 5770 σεμνοτέρῳ,

2487 5799 2562 5868 τῷ
2590 5801 2822 5870 οὐρανῖῳ
2851 5800 3380 5869 στρατολογήσαντες
3414 5797 3664 5868 ἡγεμόνι.
3699 5793 3773 5848 Τὸ
3809 5793 3866 5845 δὲ
3892 5792 4059 5862 ῥάκος
