4270 6374
220 402 328 467 57⁸1
1292 390 1625 455 ALEXIUS
1659 390 2054 451 MAVUELIS
2096 391 2376 451 FILIUS.

3377 390 3479 454 578

212 519 266 571 ἃ
302 513 496 583 προϊὸν
524 512 584 564 τὸ
615 507 801 577 λέγειν
843 507 1055 561 ἐκεῖθεν
1085 508 1181 573 τῆς
1252 506 1496 577 ἱστορίας
1531 505 1639 556 τῶν
1659 503 1799 557 κατὰ
1833 506 1871 558 Α

1796 506 1871 558 ιΑ
1903 504 2065 557 altius
2119 501 2488 557 exordiantur.
2542 501 2641 555 llic
2692 499 3060 570 Antronicus,
3110 512 3171 557 ut
3217 503 3482 563 Manuelia

214 610 307 661 τὸν
354 608 521 675 ἀνδρα
545 605 733 657 τοῦτον
788 601 1015 671 ἔχέσθω,
1047 600 1243 653 ὁπόθεν
1274 596 1540 668 ἄρχεσθαι
1575 598 1798 665 ἄμεινον

218 699 524 765 συναφείας
552 698 716 748 ’ἑνεκα
752 697 842 745 καὶ
892 694 986 745 τοῦ
1054 692 1128 762 μὴ
1195 691 1534 759 παραλιπεῖν
1584 706 1636 741 τι
1692 687 1799 739 τῶν

218 792 461 862 ῥηθῆναι
486 790 671 850 ἀξίων.
729 789 786 836 ’0
875 786 1214 855 Ἀνδρόνικος
1264 784 1444 835 τοίνυν
1497 776 1650 842 οὗτος
1704 782 1801 841 τὰς

216 883 392 941 λαδὰς
419 881 706 949 ὲκφεύγων
738 879 831 930 τοῦ
865 877 1123 945 Μανουὴλ
1148 875 1438 942 ἀειφυγίαν
1486 875 1682 935 είλετο,
1710 875 1802 924 καὶ

217 973 409 1030 πόλεις
444 970 679 1039 ἀμείψας
727 970 934 1035 συχνάς
990 968 1085 1018 καὶ
1132 966 1362 1017 πλεῖστα
1416 964 1586 1017 ἐθνῶν
1636 964 1805 1016 ἄστεα

222 1062 467 1116 κατιδὼν
493 1061 668 1122 τέλος,
702 1059 775 1121 ὡς
802 1058 1049 1118 εἰπόντες
1081 1057 1299 1124 ἔχομεν,
1359 1056 1620 1106 καταλύει
1656 1053 1806 1118 παρά

216 1153 298 1222 τῷ
331 1151 625 1219 Σαλτούχῳ
659 1171 670 1182 -
706 1151 992 1217 τοπάρχης
1020 1148 1065 1199 δ’
1133 1144 1201 1213 ἦν
1260 1140 1418 1208 οὗτος
1479 1147 1558 1207 είς
1634 1145 1805 1212 ἀρχὴν

235 1245 386 1313 ἔχων
445 1242 821 1310 ἐξαιρεθεῖσαν
851 1242 948 1308 τὴν
988 1244 1053 1305 τῇ
1081 1237 1321 1308 Χαλδαίᾳ
1338 1235 1808 1306 προσεγγίζουσαν

218 1333 433 1401 χώραν,
482 1332 773 1399 ἰ’ωμαίοις
811 1330 908 1399 μὲν
938 1330 1107 1381 πάλαι
1132 1330 1423 1397 ὑπόφορον,
1444 1331 1563 1379 τότε
1616 1328 1672 1380 δὲ
1698 1329 1809 1385 τοῖς

221 1426 490 1493 Τούρκοις
509 1426 601 1476 καὶ
627 1426 737 1484 τοῖς
757 1423 962 1474 τούτων
983 1422 1312 1475 ὑπείκουσαν
1340 1421 1507 1473 ἔθεσι.
1535 1422 1643 1471 Καὶ
1667 1435 1810 1487 παρ-

220 1516 465 1581 ειληφώς
514 1531 568 1567 τι
608 1514 868 1582 φρούριον
901 1512 1070 1565 ὰύτοῦ
1106 1512 1345 1573 ἑκόντος,
1372 1512 1466 1561 καὶ
1506 1512 1574 1576 τῇ
1604 1511 1807 1577 φυσικῇ

223 1606 419 1658 τούτου
447 1606 769 1675 ἐρυμνότητι
792 1604 891 1672 τὴν
938 1603 1047 1656 ἀπὸ
1119 1602 1218 1669 τῆς
1286 1603 1481 1669 τέχνης
1530 1600 1808 1667 προσθεὶς,

226 1698 411 1748 ἔκείσε
446 1696 770 1763 προσέμενε,
804 1694 1182 1761 συμπλανῆτιν
1245 1693 1384 1760 ἔχων
1452 1691 1629 1759 ἑαυτῴ
1716 1689 1810 1741 καὶ

230 1787 573 1854 συνέκδημον
606 1787 703 1855 τὴν
731 1785 1026 1854 Κομνηνὴν
1050 1786 1353 1855 Θεοδώραν,
1384 1786 1506 1853 ἥτις
1538 1784 1811 1853 ἀθεμίτως

228 1878 384 1945 αὐτῷ
450 1876 815 1943 συνηυνάζετο
894 1878 1140 1946 Θυγάτηρ
1204 1877 1475 1928 Ἰσαακίου
1530 1873 1665 1929 οὖσα
1716 1877 1809 1927 τοῦ

232 1968 785 2038 σεδαστοκράτορος·
838 1969 897 2032 ἐξ
970 1968 1216 2035 ἀδελφῶν
1266 1967 1312 2019 δ’
1366 1969 1572 2034 ἔφυσαν
1622 1967 1813 2034 ἄμφω,

244 2063 517 2124 Ἰσαάκιος
540 2063 632 2113 καὶ
665 2062 1033 2130 Ἀνδρόνικος.
1080 2061 1139 2113 '0
1194 2062 1379 2112 τοίνυν
1451 2057 1815 2127 αὐτοκράτωρ

233 2154 502 2222 Μανουὴλ
535 2154 917 2220 συνειληφέναι
969 2152 1073 2204 οὐκ
1114 2152 1252 2219 ἔχων
1303 2152 1666 2221 Ἀνδρόνικον,
1698 2150 1813 2200 ἀλλ’

233 2247 342 2297 ὅσα
387 2248 483 2295 καὶ
548 2244 714 2307 Ἰξίων
771 2245 952 2312 Ἥρας
995 2243 1187 2296 τούτου
1242 2242 1816 2311 ἀποπλαζόμενος,ώς

236 2336 374 2400 γοῦν
412 2336 642 2405 νεφέλην
677 2336 776 2404 τὴν
807 2334 1035 2402 ἀνεψιάν
1067 2335 1351 2404 Θεοδώραν
1410 2336 1695 2402 περισχεῖν
1730 2332 1817 2385 διὰ

238 2423 521 2491 φροντίδος
549 2423 777 2489 ἐτίθετο,
806 2426 900 2476 καὶ
941 2423 1038 2477 τοῦ
1105 2424 1250 2478 κατὰ
1304 2424 1507 2476 σκοπὸν
1554 2424 1815 2493 ἐπιτυχὴς

238 2514 484 2581 γεγονὼς
514 2516 604 2568 διὰ
654 2515 749 2567 τοῦ
780 2518 901 2568 τότε
937 2516 1033 2584 τὴν
1061 2516 1236 2586 ἀρχὴν
1262 2516 1360 2584 τῆς
1388 2514 1809 2585 Τραπεζοῦντος

240 2608 624 2674 ἀνεζωσμένου
683 2608 1001 2675 Νικηφόρου
1049 2605 1142 2659 τοῦ
1229 2607 1620 2674 Παλαιολόγου,
1678 2608 1818 2673 μετά

244 2695 423 2763 βραχὺ
442 2696 534 2745 καὶ
561 2695 724 2747 αὐτὸν
756 2697 1058 2748 ἐπισπᾶται
1130 2695 1493 2763 ’Δνδρόνικον,
1571 2697 1672 2748 ὅσα
1722 2694 1821 2748 καὶ

242 2784 479 2853 δελητίῳ
502 2788 568 2852 τῇ
600 2784 851 2855 Θεοδώρα
870 2785 1301 2853 κατασπώμενον
1356 2786 1451 2837 καὶ
1504 2785 1582 2853 τῷ
1614 2786 1819 2855 ταύτης

249 2876 755 2943 ἁγκιστρευόμενον
784 2877 970 2945 ἔρωτι,
990 2878 1049 2928 οὐ
1082 2877 1295 2945 μικρῶς
1321 2879 1417 2931 καὶ
1441 2877 1521 2946 τῷ
1547 2879 1654 2930 τῶν
1684 2880 1817 2932 παί-

243 2972 353 3021 δων
390 2970 522 3038 πυρὶ
544 2969 933 3037 δαπανώμενον
961 2968 1055 3031 οὓς
1076 2972 1347 3022 ἀπέτεκεν
1367 2970 1517 3039 αὐτῷ
1544 2970 1817 3040 Θεοδώρα.

246 3061 476 3121 Στείλας
506 3062 688 3112 τοίνυν
722 3061 981 3127 πρέσϐεις
1011 3064 1090 3123 είς
1136 3062 1361 3130 βασιλέα
1444 3064 1675 3114 αἰτεῖται
1744 3057 1818 3114 ὧν

1904 610 2084 650 casses
2133 598 2383 650 evitaret.
2434 612 2557 650 cum
2603 604 2926 666 perpetuum
2975 599 3076 653 sibi
3122 602 3374 657 exsilium
3403 606 3486 657 in-

1903 687 2150 749 dixisset,
2189 688 2373 742 multis
2406 689 2649 749 urbibus,
2680 688 2867 741 multis
2911 690 3207 757 provinciis
3231 707 3487 763 peragra-

1907 780 1996 840 tis,
2045 780 2259 831 tandem
2306 779 2370 831 atl
2423 779 2757 839 Saltuchum.
2802 789 2861 832 ut
2909 779 3177 842 diximus,
3238 784 3483 838 divertit.

1906 870 2188 939 Toparcha
2218 871 2262 924 is
2286 881 2429 934 erat,
2459 871 2545 924 cui
2580 872 2726 937 regio
2765 870 3032 926 Chaldasa:
3068 873 3242 925 vicina
3278 876 3329 927 in
3359 891 3488 943 por-

1905 966 2113 1019 tioncm
2180 971 2450 1021 cesserat.
2500 963 2630 1015 olim
2686 964 2946 1018 Romanis
3011 966 3321 1027 tributaria,
3372 979 3486 1021 tum

1908 1066 2088 1108 autem
2139 1053 2383 1107 Turciear
2411 1054 2631 1105 ditionis
2672 1054 2833 1123 295
2864 1066 2918 1108 et
2950 1057 3264 1125 religionis;
3293 1066 3348 1110 et
3396 1073 3488 1109 ca-

1909 1145 2067 1197 stello
2100 1145 2246 1197 illius
2276 1147 2555 1197 voluntate
2586 1155 2875 1211 occupato.
2902 1154 3063 1213 atque
3088 1147 3153 1199 ad
3180 1148 3488 1200 naturalem

1911 1236 2013 1288 loci
2050 1238 2215 1288 situm
2252 1236 2389 1287 artis
2423 1236 2725 1288 munitione
2756 1236 3032 1304 adjuncta,
3066 1238 3137 1288 ibi
3164 1252 3222 1291 se
3249 1238 3490 1301 tenebat,

1912 1326 2202 1379 Theodora
2256 1327 2576 1387 (Somnena,
2628 1328 2814 1381 Isaacii
2869 1328 3319 1382 sebastocratoris
3360 1333 3489 1391 lilia,

1911 1429 2074 1481 quam
2118 1415 2331 1466 incesto
2362 1430 2549 1467 ainoie
2586 1418 3038 1482 prosequebatur,
3074 1417 3215 1487 fuga:
3250 1424 3447 1473 comite
3476 1438 3490 1472 :

1910 1508 2013 1559 orti
2046 1517 2228 1559 autem
2265 1507 2524 1559 fratribus
2572 1517 2727 1559 erant
2775 1509 3009 1563 lsaacius
3040 1523 3094 1564 et
3121 1512 3491 1565 Andronicus.

1912 1599 2125 1653 Manuel
2158 1612 2285 1651 vero
2320 1614 2442 1651 cum
2493 1614 2617 1651 eum
2655 1616 2761 1651 non
2804 1600 2974 1669 magis
3022 1582 3492 1671 comprehendere

1912 1706 2074 1760 quam
2105 1688 2372 1743 lunonem
2408 1690 2554 1742 Ixion
2588 1702 2789 1758 posset,
2832 1692 3200 1756 Theodoram,
3236 1705 3491 1764 tauquam

1917 1786 2004 1837 ille
2046 1784 2270 1843 nubem,
2321 1800 2516 1852 capere
2566 1785 2809 1849 studuit;
2860 1796 3024 1854 atque
3072 1789 3189 1857 ejus
3241 1789 3349 1843 voti
3399 1806 3496 1857 per

1915 1874 2274 1944 'it'apczuntis
2344 1878 2643 1942 principem
2709 1877 3077 1945 Nicephorum
3132 1882 3491 1951 Palasoloo-mn

1914 1979 2136 2034 compos
2186 1966 2384 2029 factus,
2424 1968 2584 2034 paulo
2628 1978 2749 2036 post
2784 1969 2961 2037 ipsum
3018 1972 3179 2024 etiam
3218 1974 3495 2027 Androni-

1913 2073 2059 2119 cum,
2111 2058 2413 2110 Thcodora:
2462 2075 2645 2112 amore
2696 2068 2952 2128 tanquam
3001 2079 3125 2117 esca
3158 2064 3401 2120 illectum
3438 2082 3495 2123 et

1914 2165 2023 2201 non
2059 2148 2321 2201 mediocri
2353 2151 2608 2214 liliorum,
2634 2166 2772 2219 quos
2803 2153 2889 2206 illa
2922 2154 2971 2207 ei
3005 2167 3312 2224 pepererat,
3349 2160 3495 2213 desi-

1916 2240 2069 2293 derio
2098 2240 2437 2310 ﬂagrantem,
2476 2244 2719 2297 attraxit.
2773 2245 2949 2299 Missis
2980 2250 3124 2300 enim
3156 2250 3222 2302 ad
3259 2251 3494 2319 impera-

1918 2342 2089 2387 torem
2130 2335 2323 2403 legatis
2352 2334 2677 2388 delictorum
2710 2338 2920 2391 veniam
2951 2348 3005 2392 et
3032 2342 3190 2394 tidem
3218 2345 3489 2412 publicam

1919 2426 2246 2495 postulavit;
2285 2437 2340 2480 et
2374 2435 2605 2495 utraque
2638 2442 2693 2481 re
2726 2429 3032 2497 impetrata,
3062 2432 3338 2501 aliquanto
3368 2447 3493 2505 pust

1918 2516 1973 2571 in
2002 2517 2191 2572 urbem
2234 2532 2507 2581 reversus,
2541 2526 2600 2572 ut
2622 2529 2738 2574 erat
2771 2522 2945 2575 solers
2971 2532 3025 2575 et
3056 2525 3306 2587 callidus,
3330 2529 3489 2592 gravi

1918 2620 2111 2665 catena
2151 2612 2330 2665 ferrea
2375 2611 2517 2665 collo
2567 2612 2961 2667 circumvoluta
2988 2626 3045 2669 et
3076 2616 3177 2669 sub
3229 2627 3374 2672 veste
3424 2621 3491 2672 ad

1918 2703 2088 2773 pedes
2117 2718 2287 2771 usque
2319 2703 2576 2765 demissa,
2615 2720 2683 2757 ne
2716 2705 2799 2757 vel
2831 2705 2900 2757 ab
2927 2705 3257 2774 imperatore
3302 2709 3387 2763 vel
3423 2713 3491 2765 ab

1920 2794 2228 2847 astantibus
2283 2800 2625 2853 cerneretur,
2677 2807 2801 2845 cum
2854 2792 2909 2845 in
2962 2794 3079 2862 ejus
3140 2806 3490 2864 conspectum

1919 2885 2178 2946 venisset,
2216 2884 2368 2937 humi
2412 2893 2695 2952 porrectus
2725 2893 2962 2952 quantus
2989 2894 3125 2947 erat,
3166 2891 3373 2952 prolata
3404 2904 3491 2941 ra-

1923 2986 2045 3030 tena
2065 2985 2119 3029 et
2142 2974 2394 3044 lacrymis
2423 2974 2675 3041 0ppletns
2700 2973 3033 3026 ollensarum
3063 2975 3272 3026 veniam
3300 2990 3492 3041 magna

1922 3066 2291 3123 contentione,
2324 3064 2556 3132 supplici
2590 3073 2647 3116 et
2673 3063 2967 3118 miserabili
3008 3072 3182 3132 gestu,
3211 3062 3490 3132 ﬂagitavit.

243 3151 648 3221 uszapq'rmxav
701 3153 1033 3221 ἀμνηστίαν,
1113 3156 1249 3220 πρὸς
1312 3153 1371 3205 δὲ
1455 3155 1551 3204 καὶ
1635 3155 1929 3239 devci—Cl

1808 3184 1812 3193 ι
1845 3181 1889 3239 c
1924 3161 2226 3227 Imperator
2273 3157 2438 3227 296
2463 3171 2528 3209 eo
2559 3155 2868 3223 spectaculo
2910 3156 3245 3224 stupefactus
3286 3166 3343 3209 et
3380 3157 3494 3223 ipse

246 3244 402 3295 λειαν
449 3244 523 3304 ώς
557 3246 709 3296 οὐδέν
758 3262 808 3296 τι
848 3246 1096 3297 πείσεται
1142 3246 1416 3313 θυμαλγὲς
1464 3250 1813 3316 ἀφικόμενος.

248 3338 363 3388 Καὶ
384 3336 474 3387 τοῦ
510 3337 772 3403 βασιλέως
808 3338 941 3404 προς
968 3338 1135 3405 ἄμφω
1173 3338 1274 3389 οῦκ
1316 3340 1605 3407 ἁπατηλῶς
1643 3356 1815 3391 κατα-

251 3430 607 3497 μνεύσαντος,
640 3430 777 3498 μετά
794 3446 911 3480 τινα
931 3431 1121 3497 καιρὸν
1143 3434 1471 3500 προσχωρεῖ.
1499 3432 1818 3500 Πολυμήχα-

248 3539 342 3583 νος
360 3520 407 3574 δ’
433 3523 509 3573 ὦν
522 3522 857 3589 Ἀνδρόνικος
897 3524 989 3573 καί
1013 3524 1291 3585 παντοίοις
1315 3524 1484 3585 δόλοις
1516 3526 1815 3591 καζόμενος

253 3611 445 3665 ἁλύσει
479 3613 700 3681 σιδηρέᾳ
735 3611 1119 3681 πολυταλάντῳ
1164 3614 1520 3680 διαλαμϐάνει
1572 3614 1816 3682 τὸντρά-

248 3705 445 3773 χηλον,
473 3705 568 3756 καὶ
612 3704 816 3771 ταύτην
870 3703 1018 3755 ἔνδον
1064 3702 1279 3771 συσχὼν
1335 3708 1429 3756 καὶ
1480 3705 1818 3772 περιϐάλψας

249 3796 334 3862 τῷ
358 3795 560 3862 ἱματίῳ
582 3795 638 3855 ές
663 3796 731 3845 τὰ
762 3794 871 3846 τῶν
898 3793 1078 3846 ποδῶν
1108 3796 1313 3862 ἔσχατα
1361 3796 1819 3857 καταϐαίνουσαν,

248 3888 328 3949 ὡς
349 3889 432 3955 εἴη
475 3886 681 3954 βασιλεῖ
704 3902 761 3936 τε
797 3887 1086 3953 ἀφώρατος
1117 3888 1206 3938 καὶ
1225 3887 1337 3947 τοῖς
1368 3888 1428 3937 τὸ
1461 3886 1609 3953 βῆμα
1633 3888 1819 3938 τούτου

252 3977 555 4045 πληροῦσιν
580 3977 833 4039 ἀθέατος,
860 3974 1040 4026 λαὸὼν
1064 3973 1163 4025 τοῦ
1194 3975 1424 4043 ὀφθῆναι
1455 3977 1530 4042 τῷ
1555 3978 1821 4041 αὐτοκρα-

249 4086 374 4138 τορι
409 4072 502 4121 καὶ
534 4068 831 4119 θεάσασθαι
880 4066 943 4117 τὸ
1018 4066 1316 4133 ἐνδόσιμον,
1394 4068 1513 4117 ἐπεὶ
1571 4066 1821 4139 καθάπαξ

253 4165 451 4228 ἐκείνῳ
482 4163 560 4221 είς
592 4161 716 4212 θέαν
736 4160 994 4227 κατέστη,
1028 4160 1200 4227 μέγας
1222 4159 1535 4224 μεγαλωστὶ
1563 4160 1704 4209 κατὰ
1726 4157 1819 4209 τοῦ

253 4255 493 4309 δαπέδου
523 4252 823 4304 ἐκτείνεται
852 4252 1143 4319 προτείνας
1182 4249 1281 4318 τὴν
1330 4250 1543 4310 ἆλυσιν,
1574 4248 1669 4300 καὶ
1722 4248 1817 4302 δα-

252 4347 447 4418 κρύοις
477 4345 691 4411 τέγγων
718 4344 844 4403 τοῦς
892 4341 1209 4409 ὀφθαλμοὺς
1270 4340 1439 4390 έδεῖτο
1491 4339 1823 4410 θερμότερον

254 4440 352 4491 καί
384 4434 701 4505 περιπαθῶς
744 4432 1061 4483 καθικέτευε
1102 4430 1431 4497 συγγνώμην
1492 4431 1671 4496 εὑρεῖν
1737 4428 1821 4494 ἐφ’

1925 3251 1975 3303 in
2006 3250 2271 3317 lacrymas
2309 3247 2512 3316 erupit,
2544 3260 2779 3312 eumque
2810 3243 2978 3297 levari
3011 3246 3190 3312 jussit.
3236 3246 3329 3299 llle
3360 3262 3492 3299 vero

1924 3358 1982 3395 se
2015 3350 2387 3393 surrecturum
2423 3354 2543 3391 esse
2583 3338 2820 3406 negavit,
2859 3338 2963 3390 nisi
2994 3339 3149 3407 jussu
3196 3338 3495 3407 imperato-

1926 3434 2000 3486 ris
2028 3436 2097 3485 ab
2124 3432 2309 3499 aliquo
2340 3445 2406 3483 ex
2433 3431 2741 3483 astantibus
2785 3440 2975 3483 catena
3009 3430 3075 3482 ad
3122 3430 3360 3483 tribunal
3397 3431 3497 3483 im-

1928 3523 2261 3594 peratorium
2283 3523 2652 3575 attraheretur
2671 3528 2831 3589 atque
2848 3522 3249 3589 procumberet.
3270 3521 3494 3575 Factum

1926 3627 2011 3671 est
2052 3624 2112 3668 ut
2164 3616 2319 3684 petiit
2366 3614 2732 3676 Andronicus,
2792 3613 2997 3682 Angelo
3048 3614 3273 3677 lsaacio,
3311 3629 3341 3667 a
3388 3630 3499 3682 quo

1923 3719 2047 3779 post
2074 3718 2130 3761 et
2158 3709 2381 3775 imperio
2410 3716 2462 3759 et
2493 3706 2600 3759 vita
2656 3705 2904 3773 privatus
2948 3713 3053 3768 est,
3082 3704 3338 3757 ministro
3364 3720 3378 3756 :
3407 3706 3502 3756 ad-

1924 3802 2213 3853 miratione
2245 3800 2407 3867 digna
2439 3812 2547 3861 res,
2572 3811 2803 3864 quaeque
2836 3811 2942 3847 non
2978 3794 3205 3847 fortuito
3234 3794 3499 3848 accidiSse

1925 3892 2098 3944 videri
2129 3899 2313 3956 queat.
2354 3887 2488 3939 Tum
2531 3897 2713 3939 autem
2745 3884 3185 3953 splendidissime
3208 3894 3263 3937 et
3287 3884 3499 3952 magni-

1925 3985 2275 4036 ﬁcentissime
2321 3989 2608 4047 susceptus
2658 3989 2714 4031 et
2766 3978 3159 4030 humaniSsime
3214 3987 3499 4041 tractatus,

1925 4091 1983 4132 ut
2034 4078 2262 4130 dechat
2304 4084 2512 4127 tantum
2566 4074 2740 4126 virum
2780 4087 2843 4125 ex
2886 4072 3141 4123 diuturna
3184 4074 3500 4138 peregrina-

1928 4174 2073 4225 tione
2115 4183 2415 4227 reversum,
2451 4165 2709 4217 (linteum
2762 4164 3064 4231 ablegatur,
3094 4170 3152 4213 ut
3177 4162 3251 4214 ibi
3286 4162 3498 4240 habita-

1927 4280 2009 4319 ret
2039 4276 2092 4318 et
2119 4280 2181 4317 ex
2218 4262 2524 4330 lmginquis
2575 4256 2857 4311 erroribus
2891 4269 2949 4307 sc
2985 4266 3273 4307 recrearet.
3325 4254 3499 4305 Ambo

1924 4357 2070 4410 cnim
2107 4363 2323 4407 norant.
2361 4352 2403 4402 si
2443 4365 2548 4402 una
2593 4350 2872 4415 degerent,
2921 4347 3035 4397 lore
3079 4352 3137 4395 ut
3182 4353 3394 4395 veteres
3426 4344 3500 4395 si-

1928 4449 2185 4500 tnuitalcs
2232 4441 2700 4499 recrudesccrent.
2756 4436 2942 4503 Neque
2996 4434 3141 4486 enim
3185 4435 3496 4500 quieturam

254 4525 341 4590 οἷς
366 4529 430 4595 δή
458 4544 558 4577 που
592 4524 1065 4593 παραλελύπηκεν.
1118 4522 1176 4573 Ὀ
1200 4520 1255 4571 δὲ
1291 4519 1541 4588 βασιλεὺς
1580 4520 1673 4569 ἐπὶ
1711 4524 1822 4582 τοῖς
1856 4510 1940 4593 Ιὶι

1813 4536 1822 4582 ῖ
1856 4510 2211 4598 "invidiam,
2262 4545 2440 4600 neque
2480 4532 2651 4584 otium
2694 4538 2917 4580 acturos
2943 4540 3039 4579 eos
3068 4524 3268 4591 quibus
3315 4523 3499 4575 studio

253 4618 557 4684 δρωμένοις
587 4614 863 4683 ἔκθαμόος
903 4612 1144 4679 γεγονὼς
1178 4614 1339 4675 αὑτός
1420 4630 1479 4667 τε
1538 4615 1675 4681 πρὸς
1730 4614 1823 4665 δάε

256 4724 403 4776 κρυα
426 4705 671 4775 προήχθη
718 4707 811 4757 καί
841 4707 965 4765 τοὺς
994 4704 1380 4773 ὲξεγεροῦντας
1435 4705 1717 4768 ἐπέταξιν.
1766 4705 1821 4756 ’0

256 4798 316 4849 δὲ
346 4798 447 4846 οὐκ
476 4795 777 4862 ἀναστῆναι
829 4795 939 4845 τῶν
972 4796 1124 4845 κάτω
1184 4794 1575 4865 διισχυρίζετο,
1636 4795 1685 4844 εί
1744 4792 1820 4860 μὴ

257 4886 527 4955 βασιλέως
554 4884 935 4951 ὲπιτεταχότος
961 4884 1123 4935 αὐτόν
1159 4900 1241 4945 τις
1317 4884 1427 4935 τών
1482 4885 1821 4952 παρεστηκό-

256 4994 369 5030 των
416 4978 501 5027 διὰ
524 4978 620 5043 τῆς
655 4977 987 5045 ρυμοτομίας
1051 4975 1269 5029 ἔλκύσει
1328 4973 1421 5029 τοῦ
1481 4976 1723 5045 βήματος
1784 4975 2079 5043 λαὸόμενος
2150 4973 2246 5039 τῆς
2305 4969 2519 5019 ἀλύσεω
2559 5005 2572 5027 ν

256 5072 340 5141 τῷ
396 5071 672 5138 βασιλείῳ.
725 5070 942 5138 ’Δμέλει
1006 5070 1100 5122 καὶ
1131 5070 1354 5137 γέγονεν
1430 5071 1505 5136 ὡς
1570 5071 1737 5122 ἐδεῖτο
1810 5072 2165 5141 Ἀνδρόνικος.

1925 4638 2010 4683 est
2039 4624 2383 4680 criminando
2427 4621 2734 4690 principum
2780 4627 2998 4686 captare
3038 4614 3501 4676 benevolentiam,

1928 4728 1985 4775 et
2034 4718 2169 4772 alios
2196 4712 2583 4767 calumniando
2611 4723 2737 4763 suas
2760 4722 2893 4776 opes
2921 4708 3136 4760 lirmare
3159 4714 3215 4758 et
3243 4704 3311 4756 ad
3342 4703 3501 4756 altio-

1928 4827 2044 4868 rem
2078 4802 2353 4879 diguitatis
2379 4806 2604 4875 gradum
2633 4803 2948 4858 ascendere.

2618 4967 2713 5016 καὶ
2768 4960 3112 5030 προσουδίσαι
3185 4954 3264 5023 τῷ
3320 4950 3504 5021 θρόνῳ

2266 5064 2639 5131 ἰ’πουργηκει
2696 5059 2753 5111 δὲ
2823 5057 2958 5125 πρὸς
3048 5051 3275 5120 τοῦργον
3340 5047 3503 5099 τοῦτο

270 5168 541 5224 Ἰσαὰκιος
575 5150 605 5215 όν
660 5165 924 5229 Ἀγγελος
975 5166 1002 5217 ό
1069 5163 1314 5216 καθελὼν
1364 5164 1461 5232 τῆς
1524 5165 1837 5233 τυραννίδος
1886 5163 2224 5233 Ἀνδρόνικον
2276 5158 2503 5221 ὕστερον
2533 5172 2546 5185 ·
2616 5153 2709 5205 καὶ
2744 5149 3026 5217 θαυμάπας
3078 5148 3143 5200 ἀν
3194 5160 3277 5205 τις
3325 5141 3384 5193 τὸ
3410 5156 3502 5233 τέ·

256 5258 450 5307 λεεθὲν
479 5256 731 5324 τηνικάδε
766 5255 959 5323 καιροῦ
992 5259 1092 5309 οὐκ
1136 5259 1216 5317 είς
1278 5258 1476 5325 ἄλογον
1535 5261 1836 5327 συγκυρίαν
1871 5261 1903 5328 ἦ
1987 5258 2293 5326 αὐτόματον
2363 5251 2625 5306 ἀπολύσει
2662 5248 2815 5300 τοῦτο
2839 5247 3195 5312 περίπτωσιν.
3229 5236 3379 5306 ’1’ᾦδ“
3408 5232 3502 5286 οὖν

256 5352 380 5400 τότε
415 5349 773 5415 λαμπρότατα
804 5348 1208 5415 προσδεχθεὶςό
1248 5348 1387 5415 ἀνὴρ
1425 5350 1519 5402 καὶ
1578 5350 1980 5419 φιλοφροσύνης
2034 5342 2483 5419 μεγαλοπρεποῦς
2534 5339 2811 5405 ἀξιωθεὶς,
2878 5334 2951 5395 ώς
3022 5332 3130 5383 ἔδει
3181 5328 3507 5419 τηλικοῦτον

258 5442 433 5507 ἀνδρα
464 5441 675 5507 χρόνιον
715 5439 1085 5507 ἐπανήκοντα,
1141 5439 1278 5506 πρὸς
1336 5439 1397 5491 τὸ
1456 5441 1671 5496 Οίναιον
1755 5440 2168 5500 ἀποστέλλεται,
2232 5438 2409 5488 imis;
2469 5433 2567 5494 τὰς
2622 5426 2901 5495 διατριῦἀς
2963 5423 3197 5476 τελέσων
3252 5420 3345 5470 καὶ
3398 5416 3498 5507 τὴν

263 5535 488 5601 μακράν
512 5530 911 5599 ἀνακωχεύσων
974 5529 1280 5597 περιοδείαν
1310 5530 1526 5583 καὶτὸν
1586 5531 1821 5601 πολυετῆ
1884 5527 2255 5586 καταπαύσων
2317 5526 2538 5579 πλάνον.
2607 5518 2845 5593 ’ῌδεσαν
2928 5515 3036 5583 γὰρ
3084 5512 3382 5583 ἀμφότεροι
3430 5506 3505 5601 τὰ

258 5598 359 5690 τῇς
391 5598 454 5673 έν
475 5621 656 5689 ταυτῴ
688 5598 975 5683 συνουσίας
1000 5637 1076 5681 εις
1124 5621 1222 5682 τὰς
1276 5620 1549 5691 προτέρας
1601 5598 2006 5678 ιπαναλῦσοντα
2076 5620 2394 5691 συμφοράς·
2428 5614 2563 5685 μηδὲ
2607 5616 2717 5681 γὰρ
2775 5610 2841 5661 ἂν
2885 5607 3064 5678 ὴρεμή
3106 5621 3184 5656 ειν
3217 5605 3351 5664 ὅλως
3406 5598 3506 5650 τδν

262 5718 460 5784 go;ro
491 5714 587 5764 καὶ
614 5707 694 5774 οἷς
722 5713 884 5778 ἔργον
908 5711 984 5779 τῷ
1051 5709 1309 5778 φιλαιτίῳ
1362 5708 1461 5780 τὴν
1540 5714 1692 5779 ποιρά
1738 5716 1851 5775 τοῖς
1885 5712 2180 5782 κρατοῦσιν
2212 5709 2497 5779 ,οίκείωσιν
2550 5702 2813 5773 ἀρνυσοαι
2859 5702 2953 5751 καὶ
3024 5701 3142 5757 ταῖς
3215 5696 3324 5747 τῶν
3408 5691 3511 5745 ἅλ’

262 5810 370 5859 λων
398 5807 667 5866 διαῆολαίς
722 5807 947 5864 ἑαυτοὺς
985 5804 1375 5869 ἔπικρατύνειν
1421 5805 1513 5859 καὶ
1574 5808 1653 5867 είς
1706 5807 1922 5876 μείζους
1955 5806 2350 5878 προσεπαίρειν
2385 5810 2535 5867 erui,
