4270 6374
204 436 313 500 ϐΠ

209 550 443 622 καρδίας
491 537 819 610 αἱσθητικῆς
857 532 1229 605 ισχυρότερον,
1269 529 1446 599 αἴρειν
1488 526 1650 581 αὑτὸν
1693 525 1785 578 ἐπὶ
1816 528 1860 584 Α

211 619 474 699 κλίνιδίου
554 630 889 689 αὐτοσκεύου
971 624 1370 695 προτρέπεται,
1431 621 1529 672 καὶ
1588 619 1781 687 στῆσαι

211 750 482 805 φεροντας
514 732 571 782 ἐν
601 726 843 794 γηλόφῳ,
865 721 987 774 δθεν
1011 718 1181 788 ὁρατά
1204 718 1252 768 0i
1278 716 1349 767 τά
1369 713 1512 766 κατά
1546 711 1785 777 πόλεμον

212 800 416 880 ἐσοιτο.
453 818 529 877 Ob
566 820 631 888 δὴ
664 817 972 885 γεγονότος,
1012 810 1108 862 καὶ
1142 808 1266 868 τοὺς
1300 808 1439 865 υίεῖς
1488 802 1653 855 αὑτοῦ
1688 800 1787 867 τήν

216 919 489 989 στρατιάν
536 911 679 964 κατὰ
730 913 820 960 τὸν
872 902 1135 957 δοκοῦντά
1186 901 1236 951 οἱ
1301 897 1504 967 τρόπον
1562 894 1787 956 ἐκτάξαι

217 984 607 1067 κελεύσαντος,
660 1004 693 1070 ή
744 998 870 1063 νίκη
925 991 1245 1063 περιφανῶς
1291 988 1427 1057 πρὸς
1461 986 1525 1038 τὸ
1576 984 1787 1036 ἐκείνου

220 1099 430 1173 μετέϐη
485 1095 833 1160 στράτευμα·
883 1086 945 1138 τὸ
992 1083 1049 1173 δὲ
1099 1080 1193 1132 τοῦ
1244 1077 1513 1173 Λαπαρδά
1548 1074 1617 1126 τά
1645 1071 1790 1173 νῶτα

223 1162 535 1260 μεταϐαλὸν
577 1184 672 1233 ἐπὶ
720 1180 974 1231 πλεῖστον
1004 1168 1071 1243 ἦν
1108 1171 1301 1242 χρόνον
1329 1165 1659 1234 διωκόμενον
1698 1162 1791 1214 καὶ

221 1254 594 1347 κτεινόμενον.
651 1271 807 1326 Μετά
858 1264 1119 1336 βραχείας
1172 1262 1216 1314 δ’
1268 1258 1485 1328 ἡμέρας
1534 1254 1625 1307 τὸν
1678 1254 1792 1323 βίον

222 1368 709 1439 καταστρέψαντος
755 1358 850 1412 τοῦ
902 1356 1171 1423 Βατάτξη,
1218 1353 1266 1403 οί
1302 1347 1647 1415 Φιλαδελφεῖς
1700 1360 1791 1439 att-

223 1464 377 1531 κρῶς
406 1458 493 1510 ἐπ’
526 1453 675 1521 αὐτῷ
708 1452 802 1503 καὶ
835 1448 1017 1518 βύθιον
1046 1441 1401 1504 όλολύξαντες
1450 1434 1793 1506 προσχωρεῖν

222 1522 562 1619 ἐγνώκιισαν
611 1541 954 1611 Ἀνδρονίκῳ,
976 1537 1050 1597 ὡς
1094 1532 1167 1602 μὴ
1195 1527 1334 1584 εἶναι
1367 1530 1515 1588 ὅστις
1543 1527 1663 1593 οὐχὶ

222 1614 506 1697 ἀπάντων.
532 1636 597 1689 Οί
619 1635 675 1687 δέ
706 1635 799 1686 καὶ
826 1634 879 1691 ἐς
900 1626 1069 1696 αὐτὴν
1102 1625 1202 1693 τὴν
1223 1620 1614 1691 βασιλεύουσαν
1639 1614 1794 1667 πόλιν

222 1733 286 1781 τὸ
322 1728 425 1795 τῆς
471 1723 779 1796 προθυμίας
831 1714 1030 1784 πτερὸν
1069 1712 1243 1772 ἔλυον,
1297 1708 1394 1759 καὶ
1452 1700 1792 1796 Ἀνδρόνικον

223 1816 625 1888 θεραπεύοντες
667 1812 810 1865 κατὰ
857 1806 951 1859 τοῦ
996 1800 1239 1861 ἀετιδοῦς
1283 1795 1498 1867 ὄρνιθος
1550 1790 1647 1845 τοῦ
1690 1791 1792 1842 Βα-

1307 412 1643 477 Αιεχιυε
1680 407 2074 471 ΜΑΝυειιδ
2119 401 2402 465 FILIUS.

3337 388 3449 456 618

1888 520 2056 573 animi
2098 518 2318 571 levitate
2347 512 2798 569 criminarentur.
2844 504 3079 562 Proinde
3125 504 3307 575 magni
3356 506 3454 559 do-

1888 608 2099 663 mestici
2135 606 2253 670 lilii,
2283 612 2591 659 metuentes
2622 616 2691 655 ne
2715 597 3101 668 comprehensi
3137 594 3454 651 Andronico

1889 698 2276 769 proderentur,
2308 695 2375 749 ad
2405 694 2742 762 Iconiensem
2786 691 3065 745 sultanum
3095 689 3451 757 confugiunt;

1888 804 2121 859 quorum
2156 787 2466 842 calamitate
2507 784 2842 838 declaratum
2871 790 2956 837 cst
2984 782 3211 851 laqueos
3238 788 3296 834 et
3319 781 3457 833 retia

1889 882 2085 935 divina;
2114 878 2479 934 Providentiae
2518 875 2797 930 neminem
2837 889 2997 942 posse
3022 872 3279 927 evadere.
3322 870 3459 925 Nam

1889 988 2013 1027 cum
2045 969 2247 1025 sultani
2276 970 2635 1023 cessationem
2668 967 2721 1020 in
2753 965 2997 1020 ferendis
3026 974 3218 1018 contra
3247 964 3461 1018 hostem

1890 1062 2112 1117 auxiliis
2142 1058 2370 1114 moleste
2401 1057 2628 1120 ferrent,
2660 1057 2816 1111 abire
2864 1058 2920 1109 in
2973 1053 3216 1109 Siciliam
3270 1054 3463 1107 decre.

1890 1162 2124 1217 verunt;
2157 1162 2211 1207 et
2239 1151 2363 1204 navi
2391 1163 2711 1209 conscensa,
2743 1147 3012 1216 principio
3043 1160 3305 1215 prospero
3332 1144 3461 1198 ﬂatu

1890 1244 2087 1300 Cretici
2121 1243 2303 1313 pelagi
2332 1256 2486 1296 oram
2509 1242 2718 1308 legunt.
2747 1238 2825 1292 lbi
2872 1253 3004 1293 vero
3028 1238 3261 1292 adverso
3301 1246 3466 1291 vento

1892 1346 2078 1389 coorto
2123 1334 2190 1387 ad
2230 1333 2451 1387 Cretam
2505 1331 2777 1399 appellere
2815 1330 3015 1389 coacti,
3054 1339 3111 1383 et
3152 1345 3182 1382 a
3225 1328 3466 1397 quodam

1894 1424 2231 1496 prmsiu‘iario
2273 1423 2449 1484 Gallo,
2505 1437 2573 1475 ex
2618 1437 2811 1475 eorum
2862 1421 3058 1475 ordine
3104 1422 3201 1483 qui
3242 1434 3467 1474 secures

1892 1526 2130 1588 gestant,
2171 1513 2372 1585 cogniti
2416 1511 2984 1579 comprehenduntur,
3014 1519 3070 1564 et
3121 1508 3265 1578 apud
3293 1507 3469 1563 Cretae

1894 1618 2227 1679 quaestorem
2267 1604 2609 1659 deferuntur.
2665 1602 2766 1668 Qui
2793 1617 2917 1655 cum
2945 1616 3044 1656 eos
3073 1601 3381 1655 incolumes
3411 1609 3469 1654 et

1900 1708 2218 1755 commeatu
2247 1698 2545 1752 instructos
2566 1709 2631 1749 ex
2655 1694 2815 1765 343
2865 1694 3040 1748 insula
3089 1693 3367 1747 dimittere
3409 1690 3466 1743 in

1898 1792 2080 1846 animo
2106 1790 2352 1851 haberet,
2387 1803 2488 1842 nec
2518 1797 2694 1841 tamen
2724 1801 2885 1841 suum
2920 1785 3147 1855 exsequi
3173 1784 3468 1838 consilium

228 1864 623 1888 ητπ---η-η.
1319 1864 1329 1867 -

221 1910 403 1979 τάτζη
429 1906 656 1961 καὶτῶν
686 1901 897 1955 ἐκείνου
921 1895 1153 1949 νεοττῶν
1184 1887 1428 1958 ἔκρωζον
1448 1885 1523 1947 ὡς
1555 1884 1793 1951 κορῶναι
1831 1864 1870 1917 Β
1904 1886 1907 1936 i

1781 1898 1793 1931 ι
1831 1864 1870 1917 θ
1904 1883 2011 1938 illis
2041 1884 2151 1953 jam
2194 1879 2396 1950 agnitis
2445 1888 2663 1948 posset,
2711 1893 2828 1933 rem
2874 1876 3191 1933 Andronico
3240 1874 3467 1930 indicat.

222 1970 554 2069 λακέρυζαι,
615 1995 648 2064 ἢ
708 1990 839 2059 γοῦν
920 1988 995 2048 ὡς
1074 1981 1319 2051 κηφῆνες
1389 1970 1796 2069 περιεϐόμϐουν

224 2064 430 2161 ἀγυιάς
466 2090 563 2142 καὶ
599 2086 898 2151 ἀνάκτορα,
920 2079 1101 2131 ὁποῖον
1132 2074 1197 2142 δὴ
1227 2073 1332 2124 τῶν
1360 2066 1707 2135 κακοσχόλων
1736 2064 1798 2116 τὸ

1901 1973 2006 2040 Qui
2036 1981 2097 2026 ut
2126 1971 2266 2026 lucis
2298 1971 2554 2024 inimicus
2577 1977 2635 2024 et
2661 1969 2837 2023 oculis
2866 1968 3277 2031 inlestissimus,
3302 1966 3468 2020 mise-

1904 2080 1995 2119 ros
2028 2064 2150 2117 illos
2178 2065 2489 2119 Comnenos
2516 2071 2772 2117 excaecat.

227 2152 567 2257 ἐπιτήδευμα
590 2184 681 2237 καὶ
713 2180 822 2232 τῶν
844 2175 1063 2245 δικρόαν
1087 2169 1397 2241 τρεφόντων
1431 2163 1674 2232 γλῶτταν
1700 2161 1793 2213 ἐπὶ
1839 2159 1932 2212 τοῦ
1985 2162 2273 2228 στόματος.
2318 2160 2383 2211 Oi
2431 2156 2490 2209 δὲ
2529 2156 2625 2208 τοῦ
2671 2155 2908 2225 μεγάλου
2964 2153 3285 2224 δομεστίκου
3337 2152 3468 2215 υἱοὶ,

224 2245 507 2343 δείσαντες
532 2280 609 2349 μὴ
634 2273 946 2343 συσχεθείεν
975 2269 1067 2322 καὶ
1095 2260 1548 2331 καταπροδοθεὴν
1606 2255 1955 2325 Ἀνδρονίκῳ,
2013 2255 2367 2323 μεθίστανται
2426 2252 2637 2305 ἐκεῖθεν
2664 2251 2759 2304 καὶ
2810 2249 2891 2320 τῷ
2950 2249 3164 2302 Ἰκονιεϊ
3196 2245 3472 2314 σουλτάνῳ

228 2344 633 2449 προσρύονταιν·
670 2372 719 2423 οἳ
753 2372 863 2423 ικαὶ
894 2368 1142 2433 ὕστερον,
1186 2362 1241 2426 ἐξ
1280 2354 1355 2411 ὧν
1399 2356 1625 2417 ἔπαθον,
1685 2351 1965 2421 προδήλως
2009 2350 2296 2408 ὑπέδειξαν
2365 2350 2440 2419 μὴ
2472 2348 2671 2412 ἐξεῖναί
2730 2364 2834 2399 τινι
2875 2350 2972 2408 τὰς
3030 2345 3210 2411 πάγας,
3266 2344 3473 2411 ὑπερα-

227 2435 420 2524 λέσθαι
467 2469 501 2537 ή
555 2470 613 2519 τὸ
666 2462 1079 2535 ἀμφίϐληστρον
1128 2452 1404 2508 διεκδῦναι
1455 2448 1483 2500 δ
1522 2449 1555 2517 ή
1588 2445 1793 2500 ἀνωθεν
1832 2444 2066 2508 ἐξέτεινε
2117 2442 2383 2512 Πρόνοια.
2437 2440 2880 2512 Δυσχεράναντες
2931 2440 3040 2506 γάρ
3090 2439 3181 2489 ἐπὶ
3216 2438 3283 2505 τῇ
3332 2435 3470 2503 μετά

228 2565 323 2620 τοῦ
362 2532 654 2617 σουλτάνου
684 2532 874 2627 ᾖρονίᾳ
896 2552 1165 2622 διατριϐῇ,
1194 2548 1268 2610 ὼς
1292 2546 1390 2598 οὐκ
1420 2542 1649 2610 ἀμύνειν
1702 2541 1829 2602 τοὺς
1882 2538 2111 2608 ἐχθροὺς
2153 2538 2383 2601 ἐκείνοις
2430 2536 2725 2601 ἐθέλοντος,
2761 2536 2842 2597 είς
2915 2532 3168 2587 Σικελίαν
3214 2532 3474 2600 ἀπαίρειν

233 2660 559 2730 κεκρίκασι,
611 2624 815 2717 καί-δὴ
850 2624 991 2716 ήνηδς
1045 2640 1335 2700 ἐπιϐάντες
1383 2635 1479 2688 καὶ⁴
1525 2632 1697 2701 οὐρίῳ
1729 2632 1798 2683 τά
1852 2631 2042 2700 πρῶτα
2104 2629 2377 2699 πνεύματι
2434 2629 2707 2699 χρώμενοι
2735 2630 2797 2680 τὸ
2824 2628 3104 2697 Κρητικὸν
3125 2624 3474 2688 διαπλωῖζον-

228 2776 322 2814 ται
344 2723 619 2820 πέλαγος.
656 2745 814 2801 Κατά
857 2744 914 2795 δέ
964 2739 1122 2792 τοῦτο
1192 2733 1287 2787 τοῦ
1340 2730 1648 2800 πνεύματος
1724 2728 2071 2791 ἀντιστάντος
2150 2726 2511 2793 ἀναγκαστῶς
2561 2727 2625 2793 τῇ
2686 2725 2877 2795 Κρήτῃ
2943 2723 3325 2791 προσίσχουσι,
3379 2729 3476 2779 atat

231 2814 571 2915 γνωσθέντες
601 2836 751 2901 παρά
776 2848 920 2893 τινος
964 2830 1142 2881 ἐκεῖσε
1172 2823 1543 2893 φυλάσσοντος
1598 2820 1813 2888 (γένους
1844 2814 1999 2881 οὗτος
2049 2818 2145 2871 τοῦ
2198 2817 2573 2886 πελεκυιρόρου
2616 2816 2710 2867 καὶ
2744 2814 3035 2882 Κελτικοῦ)
3068 2814 3476 2883 συλλαμϐάνον-

231 2907 322 2997 ﬁt
355 2937 451 2990 καὶ
484 2933 562 3000 τῷ
593 2931 691 2998 τῆς
728 2926 950 2995 Κρήτης
986 2918 1307 2987 δασμολόγῳ
1334 2912 1797 2981 καταμηνύονται.
1839 2912 1902 2965 'O
1947 2912 2004 2964 δὲ
2056 2911 2242 2980 ᾑρεῖτο
2296 2909 2394 2976 μὲν
2421 2909 2545 2971 τοὺς
2575 2907 2774 2978 ἄνδρας
2806 2907 3045 2960 ἐκσῶσαι
3072 2909 3161 2959 καὶ
3182 2908 3279 2976 τῆς
3308 2908 3475 2976 νήσου

233 3038 263 3085 ἀ
275 3027 515 3103 ρτεμέας
535 2998 849 3088 ἐκπέμψαι,
895 3015 1098 3081 ἄλφιτα
1139 3009 1322 3070 αὐτοῖς
1355 3005 1796 3072 ἐπισιτισάμενος
1832 3006 1928 3059 καὶ
1971 2998 2115 3056 οἶνον
2159 3003 2563 3071 ὐδρευσάμενος
2612 3002 2706 3054 καὶ
2729 3000 2899 3054 τᾶλλα
2928 3002 2996 3053 τά
3022 3000 3158 3068 πρὸς
3181 3004 3274 3055 τὸν
3302 3000 3474 3052 πλοῦν

232 3097 516 3189 ἐπιτήδεια
547 3114 885 3184 χορηγήσας,
918 3109 1019 3189 οὐκ
1053 3106 1191 3175 ἔχων
1219 3104 1263 3156 δ’
1293 3104 1439 3165 ὅπως
1468 3102 1699 3171 περανεϊ
1762 3100 1830 3153 τά
1883 3100 2026 3153 κατὰ
2061 3100 2261 3151 σκοπὸν
2311 3098 2663 3167 (καταφανεῖς
2688 3098 2796 3167 γὰρ
2826 3098 2927 3169 ἤδη
2964 3102 3074 3163 τοῖς
3102 3097 3307 3151 ἅπασιν
3346 3099 3477 3162 ἆγες

232 3186 507 3281 γόνεισαν)
530 3205 663 3274 δῆλα
695 3201 910 3271 τίθησιν
956 3186 1277 3265 ’Ᾱνδρονίκῳ
1309 3196 1379 3248 τὰ
1440 3196 1581 3248 κατά
1611 3194 1833 3253 τούτους
1868 3194 1991 3254 τοὺς
2038 3193 2275 3253 τάλανας
2318 3189 2655 3259 Κομνηνούς.
2732 3192 2839 3243 Καὶ
2888 3188 3042 3252 οὗτος
3089 3193 3360 3263 μισοφαής
3398 3193 3474 3247 ὼν

230 3308 329 3361 atth
367 3304 490 3364 ταῖς
525 3302 633 3352 τὼν
666 3296 878 3367 ἀνδρῶν
924 3295 1115 3364 κόραις
1152 3290 1467 3361 ἀκορέστως
1500 3287 1926 3357 ἀντικαθήμενος
1956 3286 2049 3340 τοῦ
2076 3287 2251 3355 φωτὸς
2280 3286 2502 3347 τούτους
2532 3288 2844 3355 ἀποστερεῖ.

307 3421 397 3484 ιζ’.
431 3417 565 3469 Τότε
598 3415 643 3466 δ’
679 3412 772 3465 οῦν
810 3409 1150 3478 Ἀνδρόνικος
1181 3407 1331 3459 θείαν
1366 3407 1674 3474 ἐπισκοπὴν
1707 3406 1799 3457 τὸν
1829 3410 1872 3469 (ἶ
1978 3405 1993 3457 1

1792 3410 1872 3469 »α
1978 3405 2064 3459 l7.
2108 3406 2185 3459 Ac
2214 3403 2453 3459 Batatzis
2477 3404 2687 3459 obitum
2732 3406 2977 3459 divinum
3022 3406 3349 3475 beneﬁcium
3395 3412 3478 3467 in-

232 3510 330 3562 τοῦ
370 3505 624 3574 Βατάτζη
656 3503 888 3555 θάνατον
931 3499 1305 3570 ήγησάμενος,
1346 3498 1438 3548 καὶ
1484 3494 1803 3565 προστιθεὶς
1909 3504 1918 3547 l

1791 3511 1803 3556 ;
1909 3504 2279 3564 terpretatus,
2329 3497 2540 3549 caeteris
2585 3496 2728 3549 dolis
2755 3496 2919 3551 etiam
2965 3497 3112 3553 hunc
3160 3502 3361 3570 adjecit
3392 3503 3477 3557 in—

229 3602 354 3662 τατς
406 3598 622 3656 λοιπαῖς
652 3591 847 3646 ἐαυτοῦ
888 3588 1305 3658 δολοφροσύναις
1334 3589 1428 3640 καὶ
1479 3588 1666 3655 ἕτερον
1706 3584 1800 3639 τοῦ
1906 3603 1915 3655 ι

1786 3585 1800 3637 i
1906 3587 2050 3655 genii
2082 3586 2167 3640 sui
2200 3586 2581 3640 dissimulandi
2614 3603 2799 3641 causa.
2825 3589 3033 3643 Auctor
3059 3600 3144 3644 est
3173 3586 3472 3648 coronandi

233 3692 444 3758 τρόπου
490 3686 883 3755 προκάλυμμα,
934 3679 1234 3748 στειίιθῇναι
1285 3681 1662 3749 αὐτοκράτορα
1690 3680 1802 3730 sic-

239 3783 462 3850 ηγεῖται
493 3774 827 3843 τὸνβασιλέα
860 3770 1117 3836 Ἀλέξιον.
1147 3772 1255 3824 Καὶ
1274 3770 1337 3839 δὴ
1370 3773 1460 3822 ἐπὶ
1491 3770 1597 3822 τῶν
1636 3768 1802 3839 (υμων

232 3871 376 3940 ἄρας
409 3868 571 3921 αὑτὸν
602 3866 695 3916 καὶ
735 3863 875 3930 μετά
911 3861 1163 3929 δακρύων
1213 3860 1430 3928 θερμῶν
1465 3863 1541 3921 είς
1579 3860 1671 3911 τὸν
1700 3858 1800 3928 τῆς

232 3959 496 4029 Μεγάλης
529 3955 828 4025 ἐκκλησίας
845 3952 1179 4020 ἀνακομίσας
1200 3951 1543 4018 ἀνάσταθμον
1561 3950 1651 4000 ἐπὶ
1671 3950 1803 4018 μάρ-

231 4068 362 4104 τυσι
393 4050 624 4120 μυριάσι
662 4047 883 4107 πολλαῖς
918 4043 1158 4113 πλήθους
1179 4042 1417 4095 ἀστυκοῦ
1443 4044 1537 4092 καὶ
1563 4039 1801 4103 ἀλλοίου,

235 4144 331 4194 καὶ
357 4142 521 4193 πάλιν
550 4138 751 4205 ὁμοίως
800 4135 1012 4187 ἐκεῖθεν
1053 4132 1419 4199 κατενεγκὼν,
1466 4131 1609 4195 εδοξε
1654 4131 1803 4198 φιλο-

236 4231 596 4300 στοργότερος
634 4224 773 4280 εἷναι
814 4224 1019 4295 πατρὸς
1066 4226 1159 4276 καὶ
1196 4224 1317 4292 χεὶρ
1350 4222 1497 4286 δεξιά
1521 4221 1802 4289 ἐπιστῆναι

233 4325 315 4392 τῷ
337 4322 518 4390 νεαρῴ
546 4324 646 4389 τῆς
671 4318 949 4387 βασιλείας
982 4319 1209 4386 ὅρπηκι.
1250 4317 1306 4367 '0
1336 4315 1393 4366 δέ
1422 4314 1482 4365 τὸ
1513 4314 1605 4364 τοῦ
1641 4313 1803 4365 Δαϐὶδ

233 4414 498 4481 ἄντικρυς
516 4409 690 4469 διξοὺς
716 4408 938 4477 πέρατι,
958 4406 986 4458 ὃ
1003 4422 1187 4473 φησιν,
1215 4404 1485 4474 «Ἑπάρας
1502 4399 1802 4471 κατέρραξέ

237 4522 331 4575 με,
361 4523 380 4555 ι
416 4503 672 4554 διενοεῖτο
694 4498 867 4551 ταῦτα
900 4497 988 4569 [Ρ.
1026 4496 1149 4568 ΓΗ]
1180 4500 1273 4548 καὶ
1301 4495 1568 4548 ἐπετέλει.
1602 4496 1692 4562 Τῷ
1721 4510 1803 4545 τοι

236 4600 334 4647 καὶ
383 4596 590 4653 πάντας
622 4591 865 4642 ἐκποδὼν
896 4590 1084 4641 θέσθαι
1137 4588 1511 4657 προθυμηθεὶς
1555 4585 1803 4651 διεξῆγεν

235 4688 312 4748 ὡς
344 4688 533 4757 ⁴ᾑρεῖτο
578 4683 647 4733 τά
693 4683 833 4732 κατά
879 4682 979 4747 τήν
1016 4680 1293 4747 βασιλείαν
1324 4682 1651 4745 πράγματα,
1697 4676 1802 4727 τῶν

1903 3677 2108 3739 Αιθείὶ,
2140 3692 2379 3746 eumque
2417 3678 2472 3731 in
2508 3678 2770 3733 humeros
2817 3680 3022 3734 elatum
3072 3682 3377 3754 lacrymans
3417 3686 3474 3741 in

1903 3767 2104 3835 Magna:
2155 3768 2403 3823 ecclesiae
2454 3769 2742 3824 ambonem
2798 3771 3061 3840 pertulit;
3128 3784 3291 3845 atque
3346 3774 3474 3831 inde

1903 3858 2123 3922 retulit,
2179 3869 2239 3913 ut
2284 3868 2495 3928 patrem
2538 3862 2739 3928 pietate
2784 3878 3047 3931 superare
3086 3864 3369 3922 videretur
3416 3876 3476 3922 et

1902 3948 2263 4004 adolescentis
2290 3950 2633 4019 imperatoris
2656 3954 2970 4021 praesidium
2998 3954 3317 4022 haberetur,
3343 3974 3470 4015 cum

1904 4041 2021 4109 ipse
2047 4041 2195 4095 aliud
2245 4042 2514 4131 in'animo
2554 4042 2803 4104 haberet,
2852 4059 2915 4099 ac
2964 4046 3282 4102 Davidicum
3337 4048 3471 4104 illud

1903 4134 2156 4203 agitaret,
2199 4152 2217 4186 ι
2248 4134 2463 4188 Elatum
2488 4150 2576 4189 me
2596 4136 2783 4190 aiiisit.
2815 4155 2832 4187 ο
2855 4134 3034 4200 Quare
3057 4140 3472 4197 omnibuaaulas

1904 4224 2224 4291 proceribus
2264 4226 2461 4279 amotis
2484 4268 2496 4286 ,
2528 4241 2850 4297 summaque
2887 4244 3069 4284 rerum
3108 4231 3161 4285 in
3192 4247 3251 4285 se
3282 4242 3465 4287 trans-

1904 4315 2035 4378 lata,
2089 4316 2373 4385 imperium
2401 4332 2500 4370 suo
2522 4316 2789 4371 arbitratu
2819 4321 3077 4387 gerebat;
3103 4338 3167 4375 ac
3192 4323 3466 4393 principio

1905 4416 2135 4458 matrem
2186 4405 2550 4473 imperatoris,
2582 4415 2640 4458 ut
2672 4417 2857 4476 aperte
2888 4409 2991 4462 sibi
3032 4418 3088 4463 et
3120 4411 3467 4481 imperatoris

1905 4509 1968 4547 ac
1995 4495 2075 4548 rei
2116 4494 2346 4563 publica:
2374 4496 2681 4548 commodis
2726 4496 3128 4565 adversantem,
3178 4502 3462 4558 criminari

1906 4600 2011 4636 non
2044 4584 2274 4647 destitit,
2306 4600 2472 4653 seque
2510 4585 2879 4640 discessurum
2910 4587 3107 4641 iterum
3139 4591 3417 4646 simulavit
3446 4610 3462 4657 ;

1904 4687 1959 4726 et
1994 4676 2191 4743 populo
2224 4675 2290 4728 ad
2323 4690 2442 4727 eam
2478 4676 2740 4730 conviciis
2777 4678 3118 4732 lacerandam
3164 4684 3461 4749 concitato,

234 4778 378 4828 ὅλων
428 4773 615 4841 κύριος
666 4768 971 4831 καθεστώς.
1027 4772 1137 4821 Καὶ
1185 4771 1379 4837 πρῶτα
1436 4769 1540 4836 μὲν
1582 4767 1680 4834 τὴν
1707 4766 1799 4817 τοῦ
1831 4744 1920 4818 Ι)ε

1773 4766 1799 4817 ὖ
1831 4744 1879 4803 D
1906 4765 2021 4818 suis
2053 4765 2265 4819 artibus
2297 4766 2477 4819 ell'ecit
2508 4775 2567 4819 ut
2598 4767 2651 4819 in
2690 4782 2845 4822 sacro
2871 4771 3073 4838 palatio
3103 4744 3458 4838 coovcnire’t,

236 4863 504 4935 βασιλέως
543 4864 754 4930 μητέρα
784 4860 878 4912 τοῦ
912 4859 1031 4911 υἱοῦ
1063 4862 1155 4911 καὶ
1192 4860 1457 4927 βασιλέως
1495 4858 1802 4925 ἀποστῆσαι

236 4955 583 5022 βουλόμενος,
610 4951 709 5002 οὐκ
741 4951 934 5019 ἔληγεν
957 4950 1123 5019 αὐτῆς
1152 4949 1568 5017 καταϐοώμενος
1595 4949 1688 5000 καὶ
1713 4949 1804 4999 τὸν

233 5049 647 5102 άπονοστούντα
690 5046 1084 5113 πλαττόμενος,
1142 5045 1369 5111 φάσκων
1418 5038 1802 5092 ἀντικαθίστα-

236 5140 365 5191 σΟαί
389 5141 435 5189 οἱ
458 5141 686 5205 ταυτηνὶ
712 5136 1087 5205 προδηλότατα
1109 5136 1201 5185 καὶ
1228 5134 1362 5201 πρὸς
1392 5132 1569 5182 πᾶσαν
1602 5128 1804 5197 πρᾶξιν

236 5231 335 5282 καὶ
368 5232 619 5299 μηχανὴν
642 5227 720 5295 τῷ
752 5227 918 5295 κοινῷ
944 5228 1039 5293 τῆς
1071 5224 1346 5285 πολιτείας
1373 5226 1465 5275 κει)⁸
1491 5221 1567 5289 τῷ
1596 5219 1808 5289 βασιλεῖ

234 5319 594 5372 συνοίσουσαν
617 5314 1141 5376 ἀντιπολιτεύεσθαι,
1169 5313 1262 5364 καὶ
1286 5313 1376 5363 τὸν
1407 5314 1577 5379 δῆμον
1599 5312 1676 5371 είς
1706 5310 1805 5371 τὰς

234 5409 361 5460 κατ’
394 5407 561 5474 αὐτῆς
597 5405 953 5473 ἐξεκύμαινεν
989 5402 1201 5471 ὕϐρεις,
1239 5402 1312 5462 ὼς
1344 5400 1603 5460 πολλάκις
1637 5398 1713 5458 εἰς
1747 5398 1804 5447 τὸ

237 5499 388 5567 ἱερὸν
448 5499 671 5565 ἀρχεῖον
724 5494 1269 5563 ἐκδημαγωγηθέντα
1326 5487 1799 5559 συναθροισθῆναι,

234 5592 334 5642 καὶ
365 5589 503 5655 πρὸς
548 5588 647 5655 τὴν
695 5586 834 5637 κατὰ
869 5586 965 5653 τῆς
1012 5582 1299 5653 δεσποίνης
1354 5582 1545 5650 σκέψιν
1595 5596 1651 5631 τε
1688 5580 1802 5632 καὶ

238 5680 639 5749 προίούλευσιν
659 5676 964 5746 ἐξαρπάσαι
984 5674 1079 5726 καὶ
1110 5675 1184 5745 μή
1205 5674 1397 5726 ἑκόντα
1421 5675 1512 5726 τὸν
1534 5670 1802 5741 πατριάρ-

230 5787 342 5839 ηχην
378 5784 468 5818 τον
513 5781 655 5818 πανυ
703 5768 796 5816 τον
851 5764 1151 5828 Θεοδόσιον,
1200 5765 1295 5815 καὶ
1350 5762 1798 5818 παοαϐιάσασθαι

563 5897 832 5959 Pnaon.
881 5896 998 5957 Gtt.
1048 5896 1378 5959 CXXXIX.

1903 4863 1958 4908 et
1990 4856 2350 4921 patriarcliam
2375 4856 2535 4927 344
2556 4856 2923 4913 Theodosium
2954 4863 3281 4930 importunis
3299 4866 3464 4937 ﬂagi-

1906 4946 2204 4999 tationibus
2246 4956 2302 4999 ct
2340 4950 2547 5000 crebris
2600 4951 2865 5003 conviciis
2913 4955 3236 5021 perpelleret
3286 4966 3345 5010 ut
3405 4958 3463 5013 in

1907 5037 2266 5105 imperatricis
2333 5038 2651 5107 ejectionem
2726 5055 2756 5093 e
2828 5043 3031 5109 palatio
3101 5046 3460 5101 consentiret.

1907 5129 2077 5182 Tanta
2109 5131 2253 5181 enim
2286 5130 2733 5184 circumfuraneze
2776 5133 2946 5186 turba:
2993 5136 3241 5188 vecordia
3301 5147 3419 5191 erat
3445 5178 3462 5202 ,

1908 5234 1965 5275 ut
1994 5223 2291 5275 timendum
2332 5234 2475 5276 esset
2514 5238 2579 5276 ne
2610 5224 2662 5276 in
2708 5224 2929 5278 barbam
2975 5226 3096 5294 ejus
3131 5226 3459 5294 involaront,

1908 5313 2044 5365 nihil
2091 5314 2398 5377 elucentem
2445 5313 2499 5366 in
2532 5328 2599 5366 eo
2651 5315 3063 5368 sanctimoniam
3114 5318 3370 5383 reveriti,
3403 5320 3462 5373 ni

1906 5403 2198 5457 Andronici
2252 5403 2558 5472 postulatis,
2601 5414 2661 5456 ut
2707 5407 2775 5458 ab
2828 5404 3022 5474 injuria
3067 5416 3211 5460 csset
3258 5408 3459 5473 tutior,

1908 5496 2205 5548 annuisset.
2233 5495 2345 5549 Beli
2371 5509 2588 5564 quoque
2616 5497 2845 5565 iudices.
2882 5494 3294 5552 Monasteriotcs
3324 5498 3459 5563 Leo,

1911 5587 2202 5641 'l‘ornicius
2250 5586 2560 5642 Demetrius
2610 5597 2666 5642 et
2707 5587 3101 5642 Constantinus
3156 5589 3457 5653 Patrenua.

1909 5675 2151 5728 nondmu
2198 5676 2251 5728 in
2285 5676 2466 5730 album
2505 5691 2694 5730 eorum
2731 5676 2977 5746 inscripti
3007 5678 3101 5747 qui
3144 5678 3460 5733 Andronico

1913 5766 2243 5829 studebant,
2311 5784 2407 5821 nec
2473 5766 2813 5835 apertissime
2871 5768 3015 5822 illius
3069 5768 3460 5835 cupiditatibus

3033 5888 3107 5950 20
