4268 6358
198 337 303 399 625

1295 339 1635 401 ALEXlUS
1678 338 2076 397 MANUELIS
2110 339 2394 403 FILIUS.

3348 333 3452 398 026

194 451 389 522 κρότον
422 449 828 519 ξυμϐάλλοντας
858 451 937 503 τὼ
966 450 1092 503 πόδε
1118 451 1478 514 ὑπεσάλευον,
1510 453 1605 504 καὶ
1634 450 1777 504 κατά
1809 458 1852 511 Α

1881 449 1971 504 nis
2002 465 2127 519 pars
2149 450 2332 504 acrior
2354 446 2730 503 Andronicum
2759 446 3210 518 tergiversantem
3231 453 3288 500 et
3319 458 3454 499 eon-

196 544 366 613 μισον
396 544 660 607 ἐδίνευον,
700 544 880 614 μολπῇ
912 543 1145 612 τ’ίῦγμῷ
1166 561 1225 596 τε
1256 545 1353 611 τὴν
1381 544 1485 611 γῆν
1517 544 1779 631 ἐκρότουν

194 635 622 704 ὕπορχούμενοι.
651 636 714 687 Ὢ
748 635 849 704 τῆς
886 634 1159 695 ἀναιδείας
1187 634 1281 687 καὶ
1310 635 1407 701 τῆς
1464 633 1779 702 μικρογνὼ-

196 742 363 795 μονος
408 726 607 795 φρενὸς
638 726 733 779 καὶ
776 726 1151 794 κουφότητοςί
1189 726 1298 778 Τοῦ
1346 725 1391 777 δ’
1434 725 1778 796 Ἀνδρονίκου

196 817 540 880 καταϐάντος
574 818 683 871 ἀπὸ
717 818 813 870 τοῦ
842 817 1161 886 τυραννείου
1188 820 1243 878 ἐς
1273 817 1333 869 τὸ
1357 816 1415 868 ἐν
1445 818 1782 886 Βλαχέρναις

197 909 499 979 βασίλειον,
554 912 648 961 καὶ
701 909 1001 978 γενομένου
1057 910 1197 962 κατά
1243 910 1331 960 τὸν
1380 909 1532 970 ἐντὸς
1585 909 1779 961 τούτου

198 1001 466 1071 ὑψηρεφῆ
514 1002 682 1070 δόμον
736 1001 795 1064 ὃς
850 1001 1153 1081 [ξολύτιμος
1211 1002 1456 1068 λέγεται,
1496 1000 1783 1067 ἐφίσταται

198 1096 297 1148 καὶ
320 1096 349 1146 ό
378 1094 637 1163 βασιλεὺς
685 1094 921 1159 ’Δλὲξιος
951 1095 1013 1147 ἐκ
1046 1096 1156 1147 τῶν
1183 1092 1405 1157 ἔξωθεν,
1441 1091 1579 1161 ὁμοῦ
1608 1092 1783 1148 ,παιά-

199 1205 310 1239 νων
340 1202 401 1238 τε
440 1188 536 1238 καὶ
569 1186 962 1252 στεναγμάτων
998 1184 1079 1254 (οὗ
1106 1184 1216 1253 γάρ
1256 1182 1459 1244 πάντες
1489 1180 1567 1251 τῷ
1607 1179 1786 1251 καιρῷ

201 1275 627 1346 παρεσύρησαν)
660 1274 839 1345 εὑρὼν
872 1273 1047 1342 μεστά
1073 1274 1144 1325 τά
1173 1273 1477 1342 ἀνάκτορα,
1512 1273 1603 1324 καὶ⁵
1625 1273 1787 1324 αὑτὸν

212 1368 561 1438 Ἀνδρόνικον
588 1367 663 1430 ὡς
699 1366 927 1435 βασιλέα
952 1366 1139 1434 σχεδὸν
1175 1365 1330 1435 παρὰ
1364 1365 1583 1417 πάντων
1617 1380 1786 1417 κατα-

202 1458 391 1512 λαϐὼν
459 1460 900 1526 εὐφημούμενον.
967 1454 1145 1508 Ἐκὼν
1194 1456 1377 1509 τοίνυν
1443 1454 1661 1509 ἀέκοντί
1722 1470 1788 1520 γε

204 1548 368 1618 Θυμῷ
392 1551 507 1611 τοῖς
530 1548 881 1616 τελουμένοις
910 1546 1291 1614 ἐπευδοκήσας
1353 1547 1654 1599 ἐκολάκευε
1688 1545 1790 1597 κά·-

205 1640 388 1700 κεῖνος
422 1637 480 1689 ἐν
520 1636 637 1698 τοῖς
679 1635 884 1698 λοιποῖς
922 1633 981 1687 τὸ
1011 1634 1311 1706 γερόντιον,
1356 1634 1789 1702 ’Δνδρόνικονείς

209 1728 269 1780 τὸ
301 1725 735 1795 συμϐασιλεύειν
762 1724 1093 1791 ἐπεγείρων.
1133 1724 1227 1777 καὶ
1252 1722 1679 1793 προθυμοποιῶν
1709 1726 1790 1784 είς

208 1819 270 1870 τὸ
329 1818 549 1880 ἐνεστδς
602 1818 762 1884 ἔργον
840 1817 932 1868 τὸν
964 1815 1222 1884 ἀκρατῶς
1266 1817 1348 1879 είς
1405 1815 1562 1869 τοῦτο
1622 1817 1790 1868 πάλαι

212 1910 536 1979 φερόμενον.
575 1907 649 1960 Τὸ
682 1907 738 1959 δὲ
770 1907 870 1973 τῆς
920 1906 1266 1977 Ἀνδρονίκου
1299 1908 1538 1977 φατρίας
1589 1905 1792 1976 θερμό-

211 2016 372 2070 τερον
412 1999 509 2053 καὶ
550 1998 915 2067 ἀκκιζόμενον
965 1997 1304 2067 Ἀνδρόνικον
1356 1998 1451 2050 καὶ
1484 1996 1585 2067 τὴν
1613 2014 1793 2068 συνε-

211 2090 366 2161 δρίαν
406 2088 837 2158 εἰρωνευόμενον
866 2088 1208 2159 ἀμφοτέραις
1236 2088 1533 2157 συσχόντες
1574 2090 1658 2150 εἰς
1694 2088 1792 2157 τὴν

214 2178 598 2246 χρυσόπαστον
627 2176 815 2245 κλίνην
844 2178 1057 2245 ἐφῆκαν
1087 2177 1173 2245 ἐφ’
1205 2171 1274 2247 ἧς
1314 2180 1341 2229 ό
1384 2177 1637 2245 βασιλεὺς
1670 2177 1792 2239 2(a-

215 2283 323 2323 νιν.
356 2267 546 2320 Ἄλλοι
576 2267 632 2319 δέ
668 2269 767 2335 τὴν
810 2267 1101 2336 καπνηράν
1130 2269 1221 2321 καὶ
1254 2269 1599 2339 πυραμοειδῆ
1631 2271 1794 2336 ἐρὲαν

214 2358 314 2426 τῆς
342 2358 589 2427 κεςηαλῆς
633 2357 959 2427 ἀφελόμενοι
1004 2359 1221 2428 πυρσὴν
1252 2360 1401 2429 αὑτῷ
1454 2361 1794 2431 περιὲθεντο,

213 2452 310 2504 καὶ
340 2450 538 2518 στολὴν
566 2449 857 2520 βασιλικὴν
884 2451 1148 2504 ἐνέδυσαν
1181 2452 1382 2521 ἕτεροι.
1429 2454 1507 2523 Τῇ
1546 2455 1603 2507 δέ
1641 2455 1798 2507 ὑστε-

216 2542 347 2611 ραίᾳ
372 2542 468 2595 ἐπὶ
496 2542 595 2613 τῆς
613 2543 873 2611 Μεγάλης
899 2542 1199 2612 ἐκκλησίας
1222 2544 1539 2614 ἀρξαμένης
1568 2545 1665 2612 τῆς
1686 2547 1791 2597 τῶν

218 2631 487 2698 βασιλέων
510 2631 869 2701 ἀναρρήσεως
895 2630 1140 2699 γίνεσθαι
1184 2633 1526 2707 Ἀνδρόνικος
1598 2636 1797 2703 ἀνηγοο
1818 2706 1836 2720 ἦ

215 2720 414 2789 ρεὺετο
431 2722 716 2789 πρότερον,
752 2722 853 2773 όδέ
885 2721 1121 2786 ’Δλέξιος
1142 2720 1227 2794 [Ρ.
1272 2722 1399 2795 175]
1436 2724 1796 2788 ὑπεὸἑϐαστο,

219 2815 641 2882 μεταπεσούσης
669 2814 767 2881 τῆς
797 2814 1021 2876 τάξεως.
1051 2816 1156 2867 Καὶ
1194 2816 1227 2885 ἠ
1258 2816 1404 2869 αίτία
1428 2815 1503 2879 ὡς
1539 2817 1795 2885 καλλίστη

217 2905 310 2957 καὶ
341 2905 631 2974 εὐπρεπής
656 2921 667 2933 ·
700 2903 761 2957 οὗ
800 2922 933 2973 φασι
968 2907 1078 2958 δεῖν
1107 2907 1198 2959 τὸν
1233 2907 1459 2974 ῖνφαντα
1486 2910 1578 2961 καὶ
1613 2909 1667 2972 ἐς
1703 2909 1801 2977 μέ-

215 3013 345 3064 τρον
388 2996 542 3048 οὔπω
568 2996 786 3065 ἡλικίας
819 2998 1072 3065 ἱκόμενον
1130 2998 1458 3064 λειογένειον
1494 3016 1798 3069 προαναγο-

1882 556 2093 597 sessum
2149 549 2492 596 recusantem
2560 539 2794 602 scilicet,
2843 538 3138 593 tambabus
3202 535 3458 591 manibus

1882 634 2367 703 comprehensum,
2418 634 2473 686 iu
2536 641 2729 686 aurata
2783 629 2917 684 sella
2956 628 3247 683 collocavit
3298 643 3311 679 :
3362 624 3456 681 alii

1882 724 2034 795 pullo
2068 732 2122 776 et
2152 732 2313 776 acuto
2340 721 2484 790 pileo
2519 721 2789 782 detracto,
2828 722 3047 772 rubram
3091 717 3310 771 mitram
3336 717 3458 786 ejus

1884 816 2050 883 capiti
2089 815 2510 882 imposuerunt;
2544 812 2635 865 alii
2665 811 2804 865 stola
2829 810 3181 880 imperatoria
3211 822 3339 863 eum
3368 807 3459 861 itt-

1885 908 2140 960 duerunt.
2179 904 2447 960 Postridie
2473 916 2596 957 cum
2639 902 2694 955 in
2720 900 2906 972 Stagna
2958 899 3195 955 ecclesia
3226 899 3461 968 impera—

1889 1007 2037 1052 tores
2102 998 2602 1067 proclamarentur,
2654 994 2849 1047 ordine
2906 1001 3119 1046 mutato
3161 989 3461 1046 Andronici

1888 1102 2089 1142 nomen
2122 1086 2326 1155 priore,
2363 1084 2539 1139 Alexii
2590 1082 2896 1153 posteriore
2948 1081 3070 1134 loco
3102 1088 3186 1135 est
3221 1093 3465 1149 pronnu-

1889 1179 2103 1240 tiatum,
2149 1178 2222 1231 ob
2268 1191 2486 1231 causam
2523 1174 2786 1229 nimirum
2837 1171 3122 1226 honestam
3165 1181 3221 1226 et
3249 1169 3463 1240 specio-

1888 1286 2000 1324 sam
2034 1287 2047 1323 :
2072 1285 2177 1323 non
2200 1272 2394 1323 decere
2425 1267 2712 1330 infantem,
2741 1266 3052 1320 immaturae
3088 1262 3288 1324 aetatis,
3316 1262 3466 1315 lzevi-

1889 1360 1990 1415 bus
2058 1359 2238 1422 malis,
2294 1357 2565 1412 celebrari
2624 1365 2752 1411 ante
2811 1354 3223 1418 Andronicum,
3290 1353 3466 1406 tirunt

1886 1466 2113 1515 canum,
2156 1450 2447 1519 prudentia
2494 1447 2885 1508 venerabilem,
2933 1445 3222 1507 capellenti
3271 1442 3469 1514 praedi-

1893 1552 2007 1597 tum
2040 1542 2284 1612 ingenio.
2320 1541 2616 1609 Postquam
2660 1553 2794 1593 vero
2844 1539 2961 1607 ipse
2998 1527 3358 1598 Indi-unicus
3412 1536 3467 1591 in

1894 1648 2108 1688 sacram
2140 1632 2314 1688 adem
2366 1633 2621 1702 pervenit
2677 1640 2737 1685 ut
2765 1639 3146 1695 coronaretur,
3196 1635 3311 1682 tum
3360 1629 3471 1698 pri-

1893 1740 2041 1779 mum
2091 1724 2311 1779 bilarim
2371 1726 2522 1779 visus
2552 1731 2635 1779 est
2686 1723 2828 1778 truci
2878 1731 3103 1792 aspectu
3148 1719 3362 1793 posito;
3416 1728 3471 1775 et

1893 1822 2086 1875 multis
2104 1819 2553 1891 supplicantibus
2583 1833 2735 1886 spem
2770 1832 2951 1871 rerum
3008 1814 3292 1870 meliorem
3319 1813 3470 1877 fecit,

1893 1910 2182 1965 manifesta
2215 1910 2405 1979 utique
2452 1908 2643 1963 fraude
2674 1915 2730 1960 et
2760 1906 2891 1960 falsa
2938 1904 3330 1974 pollicitatione
3370 1903 3475 1957 im-

1893 2005 2156 2075 postoris.
2208 2004 2342 2059 Nam
2391 2002 2479 2055 illa
2520 2000 2702 2053 vultus
2758 1996 3043 2058 hilaritas,
3096 1995 3472 2048 tenuissimam

1894 2096 2258 2152 humanitatis
2327 2094 2565 2163 speciem
2615 2090 2683 2145 ad
2743 2099 2958 2161 tempus
3004 2102 3113 2159 pun
3162 2100 3221 2141 se
3272 2085 3471 2149 ferens,

1892 2189 2201 2244 abstrusam
2233 2188 2287 2241 in
2320 2200 2388 2241 eo
2414 2182 2812 2238 immanitatem
2834 2179 3145 2249 obtegebat.
3182 2178 3472 2249 Templum

1894 2281 2192 2351 ingressus,
2229 2277 2595 2333 coronationis
2624 2273 2966 2329 caeremoniis
3027 2272 3288 2341 peractis,
3347 2286 3472 2325 cum

1897 2379 2247 2424 sacrosancta
2277 2367 2535 2439 mysteria
2566 2365 2915 2434 percipienda
2944 2373 3152 2421 essent.
3193 2378 3318 2417 cum
3363 2374 3476 2416 coa-

1898 2461 2022 2516 lesti
2059 2476 2199 2529 pane
2228 2467 2488 2528 percepto
2513 2458 2580 2511 ad
2611 2457 2843 2510 calicem
2890 2454 3116 2523 pretiosi
3162 2463 3220 2508 et
3270 2452 3474 2507 vivifici

1897 2550 2181 2619 sanguinis
2203 2548 2366 2619 353
2391 2547 2694 2601 bibendum
2739 2547 3050 2609 accederet,
3079 2546 3333 2600 manibus
3358 2554 3449 2599 tan

1899 2657 2062 2710 quam
2093 2642 2160 2694 ad
2196 2642 2452 2708 poculum
2488 2636 2939 2707 prehendendum
2970 2636 3209 2690 extentis
3236 2645 3292 2690 et
3318 2636 3473 2690 vultu

1899 2733 1966 2786 ad
2019 2732 2297 2785 tristitiam
2346 2730 2675 2798 composito,
2713 2745 2809 2798 per
2862 2728 3167 2783 veneranda
3195 2729 3475 2799 mysteria,

1900 2823 2013 2876 fere
2051 2823 2312 2875 omnibus
2337 2820 2444 2873 illis
2484 2820 2759 2874 stantibus
2790 2830 2845 2873 et
2892 2820 3248 2874 audientibus
3294 2818 3387 2889 qui
3424 2808 3476 2873 in

1899 2931 2053 2969 sacro
2073 2916 2236 2986 adyto
2263 2923 2441 2976 erant,
2474 2916 2621 2985 iurat
2649 2931 2709 2970 se
2737 2931 2847 2969 non
2872 2916 2976 2969 alia
3012 2916 3081 2971 de
3110 2931 3274 2970 causa
3308 2916 3480 2984 impe-

1899 3005 2043 3059 rittm
2092 3006 2369 3074 accepisse
2418 3006 2523 3059 nisi
2582 3016 2638 3059 ut
2691 3005 2939 3060 Alexinum
2992 3008 3371 3075 imperatorem
3424 3017 3479 3062 et

216 3086 588 3156 ρεύεσθαιτοῦ
618 3088 957 3159 πολιότριχος
988 3090 1328 3162 Ἀνδρονίκου
1359 3093 1452 3144 καὶ
1469 3092 1708 3161 γεραροῦ
1733 3095 1795 3146 τὸ
1822 3115 1865 3172 c
1898 3122 1901 3139 ι

1792 3122 1795 3139 ν
1822 3115 1865 3172 ε
1898 3095 2293 3150 consobrinum
2324 3097 2566 3165 jnvaret,
2604 3098 2834 3166 ejusque
2852 3099 3152 3165 potentiam
3181 3099 3477 3163 stabiliret,

217 3188 446 3253 φρονεῖν
487 3188 582 3237 καὶ
621 3184 739 3254 ἅμα
770 3188 959 3256 πρόσω
995 3186 1089 3240 καὶ
1116 3189 1290 3240 ὀπίσω
1318 3188 1378 3241 τὸ
1414 3188 1548 3257 όρᾷν
1577 3190 1794 3257 ἔχοντος

215 3278 294 3345 τῷ
316 3276 493 3344 ἐσθλῷ
522 3277 617 3345 τῆς
642 3276 884 3346 φύσεως.
931 3278 1084 3330 Ἐπεὶ
1114 3278 1171 3331 δὲ
1209 3279 1301 3332 καί
1322 3279 1486 3341 αὐτὸς
1522 3280 1794 3349 Ἀνδρόνι-

215 3382 313 3427 κος
338 3364 411 3418 τὰ
442 3367 561 3433 ἱερά
593 3368 884 3433 ἐσαφίκετο
917 3367 1163 3438 μέλαθρα
1188 3369 1647 3438 στεφθησόμενος,
1671 3370 1794 3422 τότε

216 3453 457 3521 πρώτως
496 3454 650 3526 ὤφθη
687 3458 797 3519 τοῖς
826 3456 1137 3527 ἀνθρώποις
1164 3459 1439 3529 διαχυθεὶς
1474 3465 1566 3515 καὶ
1603 3464 1661 3516 τὸ
1700 3462 1792 3516 τοῦ

216 3545 540 3613 βλέμματος
565 3549 593 3597 ὁ
625 3546 729 3616 θὴρ
767 3548 1137 3617 μεταθέμενος
1167 3550 1427 3619 βλοσυρὸν
1459 3554 1552 3605 καὶ
1578 3553 1677 3624 τὴν
1702 3554 1794 3607 ἐπὶ.

216 3637 276 3687 τὸ
317 3639 570 3705 κρεῖττον
609 3638 717 3690 τῶν
750 3641 1093 3708 πραγμάτων
1120 3642 1407 3699 ἀλλοίωσιν
1435 3644 1649 3706 πολλοῖς
1683 3648 1792 3699 τῶν

213 3728 496 3793 δεομένων
540 3727 1045 3797 καθυποσχόμενος.
1088 3728 1196 3783 Ἦν
1256 3733 1311 3785 δὲ
1366 3733 1539 3787 ταῦτα
1583 3737 1791 3809 φενάκη

215 3817 491 3884 πρόδηλος
523 3817 618 3868 καὶ
656 3818 851 3885 ψευδὴς
879 3820 1183 3888 ἐπαγγελία
1210 3821 1303 3873 τοῦ
1332 3823 1666 3893 ἀπατεῶνος,
1697 3828 1792 3878 καὶ

215 3909 275 3960 τὺ
307 3907 404 3961 τοῦ
445 3907 736 3974 προσώπου
764 3910 969 3980 ἱλαρὶν,
995 3911 1403 3979 φιλανθρωπίας
1434 3918 1792 3986 παρυφιστῶν

218 3998 542 4067 ἰσχνότατον
577 3997 812 4066 ἴνδαλμα
853 3998 1195 4067 πρόσκαιρον
1239 4001 1533 4064 συσκιάζον
1568 4005 1662 4070 τὴν
1708 4005 1795 4056 ἐν·

214 4089 372 4141 δοθεν
409 4088 730 4156 ἀγριότητα.
766 4088 1039 4141 Εἰσελθὼν
1062 4090 1117 4142 δὲ
1140 4093 1198 4141 τὸ
1228 4092 1370 4160 ἱερὸν
1402 4097 1494 4145 καὶ
1520 4095 1792 4158 τελεσθεὶς

214 4180 397 4230 ὁπόςα
444 4182 559 4238 τοῖς
619 4178 972 4247 στεφομὲνοις
1030 4178 1265 4233 εἰθισται
1313 4182 1490 4247 ἀναξι,
1539 4185 1791 4252 πρόσεισι

215 4271 424 4338 δεῆσαν
458 4269 567 4320 τῶν
596 4269 882 4337 άχράντων
911 4271 1205 4340 ἀγιασμῶν
1237 4277 1550 4342 μετασχεῖν,
1576 4279 1671 4327 καὶ
1700 4277 1792 4329 τὸν

214 4361 474 4428 οὐράνιον
506 4360 670 4428 ἄρτον
700 4360 992 4429 δεξάμενος
1034 4362 1093 4413 ἐν
1139 4362 1214 4430 τῷ
1245 4363 1480 4431 ἐγγίζειν
1506 4364 1582 4434 τῷ
1610 4367 1793 4419 ἐκτιὼ⁴

1898 3204 2060 3258 quem
2090 3189 2279 3257 paucis
2300 3188 2495 3242 diebus
2518 3199 2639 3256 post
2666 3189 2860 3257 laqueo
2889 3188 3240 3257 praefocatnm
3278 3189 3332 3242 in
3361 3205 3479 3242 ma-

1903 3281 1981 3333 ris
2010 3279 2241 3333 fundum
2264 3278 2551 3333 demersit.
2576 3279 2863 3347 Templum
2892 3296 3015 3333 cum
3041 3279 3482 3349 splendidissimo

1895 3374 2156 3426 comitatu
2177 3382 2234 3425 et
2269 3372 2528 3440 plurimis
2583 3372 2873 3439 armigeris
2888 3387 3146 3440 egressus
3170 3372 3310 3440 (eam
3330 3374 3480 3428 enim

1897 3463 2164 3516 rationem
2223 3462 2467 3516 dictabat
2512 3462 2590 3515 illi
2629 3472 2812 3515 metus
2854 3464 3182 3529 acerrimus)
3235 3463 3326 3517 ubi
3386 3480 3483 3532 per

1898 3554 2213 3608 Servatoris
2240 3552 2442 3607 Christi
2472 3553 2643 3606 a-dem
2698 3555 2753 3605 in
2788 3553 3042 3606 Chalcctn
3095 3554 3334 3615 transiit,
3373 3570 3480 3609 non

1894 3643 2227 3712 pedetentim
2270 3644 2532 3711 processit
2554 3658 2657 3694 nec
2686 3642 2883 3695 alicubi
2920 3642 3244 3696 immoratus
3264 3644 3479 3712 est,qui

1895 3733 2355 3802 triumphantium
2398 3735 2793 3801 imperatorum
2822 3749 2941 3787 mus
2991 3743 3096 3795 est,
3137 3736 3229 3789 sed
3271 3751 3479 3805 equum

1894 3823 2072 3877 libero
2100 3824 2239 3891 pede
2271 3824 2527 3878 incedere
2552 3840 2744 3892 passus
2768 3833 2875 3879 est.
2906 3825 2961 3878 id
2994 3825 3200 3879 factum
3239 3829 3294 3881 in
3328 3844 3477 3896 qua:-

1894 3914 2074 3969 stione
2107 3915 2212 3969 fuit
2239 3925 2423 3968 utrum
2453 3932 2482 3968 a
2515 3926 2662 3969 metu
2708 3916 3169 3984 proficisceretur,
3211 3934 3280 3972 an
3313 3920 3475 3976 aliam

1893 4020 2114 4059 causam
2164 4005 2415 4058 haberet.
2465 4006 2760 4073 Postquam
2804 4006 2857 4059 in
2908 4022 3161 4075 magnum
3212 4009 3476 4076 palatium

1892 4098 2219 4164 pervenitet
2250 4097 2628 4165 compluribus
2660 4097 2857 4151 diebus
2887 4114 2985 4166 pro
3028 4100 3245 4166 imperii
3285 4102 3478 4168 auspi-

1894 4188 1996 4243 ciis
2042 4203 2160 4242 rem
2209 4188 2451 4241 divinam
2492 4189 2643 4253 fecit,
2680 4188 2745 4242 ad
2793 4191 2897 4242 alia
2944 4192 3154 4245 scelera
3200 4195 3475 4247 convertit

1895 4282 2161 4335 animum.
2194 4281 2329 4335 Nam
2360 4296 2486 4334 cum
2519 4280 2771 4335 Alexium
2808 4281 3197 4350 imperatorem
3221 4300 3251 4339 e
3285 4286 3471 4339 medio

1895 4371 2217 4426 sublaturus
2246 4382 2417 4432 esset,
2453 4380 2701 4425 senatum
2738 4371 2901 4440 355
2929 4388 3088 4426 suum
3113 4387 3380 4430 convocat
3415 4387 3473 4431 et

219 4468 359 4521 ματι
394 4453 493 4513 τὰς
528 4455 716 4521 χεῖρας
740 4452 959 4522 ἀνέσχε,
986 4452 1083 4505 καὶ
1117 4456 1461 4522 σχηματίσας
1490 4456 1683 4509 ἐαυτὸν
1717 4460 1794 4520 είς
1827 4442 1904 4516 D:

1784 4442 2215 4520 :Dsodalitium
2246 4463 2520 4516 scelerum
2575 4462 2951 4515 ministrorum
2999 4464 3167 4532 cogit.
3225 4466 3290 4520 Hi
3338 4483 3469 4521 vero

219 4544 629 4612 παθαινόμενον
654 4544 796 4597 κατά
824 4544 931 4597 τῶν
964 4545 1249 4614 φρικωδῶν
1283 4546 1551 4615 ἐπόμνυσι
1586 4564 1791 4618 μυστη-

217 4638 377 4707 ρίων,
423 4637 791 4705 ἀκροωμένων
822 4636 1008 4704 σχεδὸν
1054 4637 1313 4691 ἁπάντων
1352 4640 1515 4702 ὅσους
1550 4641 1612 4692 τὸ
1650 4641 1795 4708 ἱερὸν

217 4732 471 4797 συνεῖχεν
495 4729 711 4794 άδυτον,
740 4729 814 4797 μὴ
848 4728 917 4782 δι’
952 4729 1140 4799 ἕτερόν
1175 4718 1226 4782 τὶ
1268 4730 1609 4799 βασιλεύσειν
1638 4734 1790 4800 αἱρε-

214 4820 478 4874 τίσασθαι
508 4821 536 4886 ἧ
564 4820 624 4871 τὸ
652 4819 876 4890 θελῆσαι
899 4819 1167 4889 βοηθῆσαι
1194 4821 1366 4889 τούτῳ
1389 4822 1485 4873 καί
1509 4822 1583 4890 τῷ
1604 4822 1791 4874 τούτου

214 4914 440 4981 κράτει,
478 4912 659 4977 δείξας
692 4913 785 4963 τὸν
827 4913 1142 4964 συνεστῶτα
1186 4910 1411 4980 βασιλέα
1448 4913 1542 4965 καὶ
1571 4913 1790 4982 ἀνεψιὸν

226 5006 497 5070 Ἀλέξων,
528 5004 587 5056 ὃν
634 5003 751 5072 μεθ’
801 5004 1018 5073 ἡμέρας
1051 5004 1404 5071 ἁπηγχόνησε
1436 5005 1530 5055 καὶ
1572 5003 1649 5073 τῷ
1694 5006 1796 5073 τῆς

215 5098 499 5163 θαλάσσης
553 5095 700 5164 βυθῷ
752 5094 1134 5165 παρέπεμψεν.
1175 5094 1447 5160 Ἐξιὼνδὲ
1496 5095 1588 5147 τοῦ
1643 5096 1791 5165 ίεροῦ

218 5186 361 5255 μετά
391 5185 724 5254 δορυφορίας
752 5185 825 5246 ὼς
849 5184 977 5251 ἐνῆν
1009 5184 1243 5252 μάλιστα
1271 5182 1660 5253 λαμπροτέρας
1696 5186 1793 5237 καὶ

214 5278 492 5329 πλείστων
542 5274 904 5327 ὑπασπιστῶν
963 5275 1045 5345 (τὸ
1093 5275 1204 5345 γὰρ
1251 5274 1549 5343 δειμαίνειν
1609 5276 1791 5343 ἄκρως

213 5365 445 5420 τοιαῦτα
482 5367 747 5434 ὑφηγεῖτο
795 5366 1007 5433 ἐκείνῳ)
1043 5366 1136 5418 καὶ
1183 5363 1409 5417 διελθὼν
1462 5366 1551 5418 τὸν
1614 5368 1672 5418 ἐν
1724 5369 1790 5436 τῇ

212 5458 410 5526 Χαλκῇ
448 5454 584 5509 νεὼν
614 5454 708 5507 τοῦ
745 5456 996 5524 Σωτῆρος
1024 5457 1265 5526 Χριστοῦ
1300 5458 1399 5529 τὴν
1431 5462 1653 5527 πορείαν
1687 5460 1786 5509 ἐπο

212 5554 445 5611 ἐτεινεν,
485 5549 545 5599 οὐ
580 5547 745 5617 βάδην
771 5550 1086 5619 προϐαίνων
1107 5550 1201 5603 καὶ
1230 5550 1377 5604 ἔστιν
1413 5545 1474 5603 οὗ
1515 5549 1792 5622 ἐμϐραδύ-

212 5662 345 5704 νων,
397 5643 473 5704 ὡς
531 5642 652 5707 ἔθος
697 5646 808 5706 τοῖς
841 5644 1270 5714 θριαμϐεύουσιν
1329 5648 1790 5721 αὐτοκράτορσιν,

213 5734 334 5788 ἀλλ’
368 5736 520 5797 ἀνεὶς
552 5734 643 5787 τδν
676 5736 841 5788 ἵππον
865 5736 1134 5792 ἐλευθίοω
1154 5739 1277 5793 ποδὶ
1307 5739 1657 5812 πορεύεσθαι.
1681 5735 1791 5795 Ἤν

1898 4552 2245 4607 Hmnericum
2272 4551 2403 4605 illud
2430 4552 2612 4603 statim
2647 4564 2755 4603 uno
2793 4565 2889 4604 ore
2917 4553 3228 4608 exclamant
3256 4572 3271 4608 :
3312 4575 3330 4606 ι
3373 4557 3470 4611 Est

1898 4645 2038 4698 mala
2067 4660 2153 4697 res
2186 4644 2385 4697 multos
2411 4642 2787 4696 dominarier:
2832 4643 3027 4697 unicus
3060 4655 3180 4699 esto
3217 4647 3333 4700 [lex
3368 4647 3469 4700 do-

1900 4736 2220 4803 minusqne:
2273 4753 2291 4785 i
2356 4733 2487 4788 item
2537 4734 2731 4801 aquil.c
2779 4733 2991 4787 senium
3041 4749 3162 4789 esse
3222 4737 3464 4806 eorydali

1893 4827 2195 4895 juventam.
2227 4825 2304 4878 Ac
2337 4824 2644 4878 decernunt
2675 4827 2937 4890 privatam
2997 4825 3163 4877 vitam
3199 4828 3465 4895 agendam

1898 4931 2018 4970 esse
2049 4912 2270 4977 Alexio,-
2303 4927 2405 4967 nec
2448 4913 2562 4981 jam
2601 4911 2919 4978 ambagibus
2948 4912 3234 4966 involvunt
3262 4917 3464 4970 oratio—

1898 5022 2041 5066 nem,
2066 5007 2265 5059 omissa
2291 5004 2567 5058 mentione
2586 5002 2928 5081 educationis
2952 5013 3009 5057 et
3028 5006 3463 5062 conservationis

1899 5098 2141 5167 imperii,
2187 5113 2309 5166 quae
2351 5112 2459 5151 non
2510 5097 2583 5149 ita
2614 5094 2827 5164 pridem
2888 5095 2941 5149 in
2994 5097 3227 5150 maxima
3273 5098 3459 5166 populi

1898 5187 2206 5256 frequentia
2228 5187 2522 5253 jactarant,
2566 5196 2797 5252 quaeque
2831 5198 3011 5236 rerum
3060 5183 3274 5237 illarum
3311 5186 3464 5254 igna-

1901 5280 1977 5333 ris
2016 5294 2113 5345 pro
2140 5277 2458 5331 delensione
2490 5274 2793 5328 facinorum
2832 5274 3151 5343 responderi
3187 5275 3458 5329 solebant.

1902 5370 1998 5422 Vix
2023 5369 2131 5438 iam
2158 5368 2438 5421 decretum
2460 5374 2577 5418 erat
2608 5365 2663 5418 in
2691 5379 2749 5418 re
2769 5364 2982 5433 publica
3009 5364 3309 5433 cognitum,
3332 5381 3456 5419 cum

1898 5461 2197 5529 imperator
2242 5458 2464 5512 Alexius
2512 5458 2579 5509 ab
2645 5456 2893 5523 improbo
2932 5455 3023 5508 illo
3076 5466 3220 5509 coetu
3264 5457 3460 5525 capitis

1898 5553 2213 5610 damnatur,
2257 5557 2464 5601 tantum
2493 5560 2600 5598 non
2643 5543 3014 5599 Salomonium
3046 5545 3176 5599 illud
3203 5546 3455 5600 elocuto:

1906 5662 1924 5696 ι
1960 5643 2276 5697 Vinciamus
2294 5640 2500 5711 justum
2533 5656 2545 5691 :
2580 5636 2705 5705 quia
2734 5649 2844 5690 non
2871 5645 2955 5690 est
3007 5635 3165 5697 nobis
3210 5649 3456 5688 commo-

1894 5737 2035 5793 dus:
2072 5742 2399 5804 conspectus
2446 5730 2566 5803 ejus
2599 5728 2757 5783 nobis
2808 5737 2892 5783 est
2935 5726 3133 5797 gravis.
3198 5746 3215 5775 ι
3270 5726 3451 5796 “aqua,
