4268 6358
203 352 311 416 62⁵)
1215 357 1314 418 DE
1350 355 1446 414 AN
1459 353 1794 415 DRONICO
1838 354 1888 412 Ct

1788 364 1794 403 ι
1838 352 2199 413 COMNENO
2236 356 2386 418 LIB.
2438 357 2482 420 ί.
3360 365 3473 427 που

203 469 349 538 δρῶν
380 469 483 521 ὅσα
508 467 829 535 εἰσηγοῦντο
852 467 901 520 oi
933 468 1248 531 ιπιστάται,
1285 466 1446 536 μέχρι
1475 464 1568 517 τοῦ
1593 464 1659 516 δι’
1695 465 1795 529 ἀγ-
1824 468 1864 523 Λ

1794 492 1795 497 η
1824 468 1864 523 Α
1898 460 2159 515 ἀτοπίαις
2190 462 2402 518 Annam
2443 466 2792 533 imperatoris
2818 466 3303 539 Alesii'sponsam,
3333 474 3479 542 regis

205 559 371 626 χόνης
406 559 467 611 τὸ
496 560 672 627 πέρας
699 557 955 621 δέξασθαι
986 557 1087 625 τῆς
1111 557 1276 627 ζωῆς.
1304 556 1414 623 Τῆς
1449 556 1507 608 δὲ
1536 555 1788 624 πράξεως

1896 552 2232 608 Francorum
2294 556 2458 609 filiam
2510 560 2862 613 matrimonio
2916 560 3021 615 sibi
3069 559 3286 632 jungit,
3338 560 3477 615 nihil

204 651 415 717 ταύτης
437 649 580 701 οὕτω
609 649 1004 717 τετελεσμένης
1038 649 1296 718 οἰκτρῶς,
1322 647 1622 716 ἁρμόζεται
1666 647 1787 698 ’Λν-

1895 648 2306 703 verecundatus
2375 650 2573 706 eil‘etus
2631 663 2689 706 et
2746 656 2924 709 vietus
3004 668 3189 710 senes
3266 653 3480 708 sobrini

204 740 444 809 δρονίκῳ
496 742 634 811 πρὸς
682 742 991 809 συμϐίωσιν
1054 742 1226 794 Ἀννα
1272 744 1304 808 ή
1364 738 1458 793 τοῦ
1523 740 1791 809 βατιλέως

1786 757 1791 797 :
1899 756 2124 794 uxorem
2181 741 2691 807 adolescentulam,
2765 761 2976 799 roseam
3043 756 3098 800 et
3175 744 3471 805 tenellam.

218 832 465 897 Ἀλεξίου
526 835 766 903 μνηστὴ,
825 834 1075 902 θυγάτηρ
1125 832 1263 892 οὖσα
1329 834 1425 886 τοῦ
1471 834 1568 898 τὴν
1617 832 1794 902 ἀρχὴν
1898 848 1903 883 l

1625 832 1794 902 ἀρχὴν
1898 832 2143 885 nondum
2169 844 2342 887 annos
2380 846 2432 887 xu
2482 847 2687 898 natam,
2725 850 2822 905 per
2848 836 3006 890 nefas
3037 836 3310 904 amplecti.

205 926 316 977 τῶν
344 927 616 994 Φράγγων
644 928 943 990 διέποντος.
981 930 1088 979 Καὶ
1116 929 1217 981 οὐκ
1241 928 1506 998 ᾐσχύνετο
1538 927 1785 994 Κρονίων
1826 925 2047 987 ἀπόζων
2115 925 2341 993 ἀνεψιοῦ
2403 928 2625 993 γυναικὶ
2698 929 3064 998 μιλτοπαρήῳ
3096 929 3195 981 καὶ⁸
3226 930 3475 997 τρυφερᾷ

207 1020 305 1069 καὶ
337 1020 507 1083 μήπω
529 1018 589 1070 τό
612 1019 902 1071 ἑνδέκατον
964 1020 1084 1080 ἔτος
1157 1020 1457 1089 ἐξηνυκυίᾳ
1531 1020 2036 1085 συγκατακείμενος
2095 1017 2397 1086 ἀθεμίτως,
2453 1019 2548 1072 καὶ
2620 1020 3167 1089 παραγκαλιζόμενος
3207 1022 3236 1073 ό
3284 1022 3477 1074 πέπων

202 1110 302 1176 τὴδ
347 1109 794 1175 ὀμςεικίζουσαν,
843 1114 871 1162 ό
925 1112 1211 1182 ύπέρωρος
1264 1114 1364 1182 τὴν
1416 1110 1637 1181 ἠλικίαν
1688 1109 1785 1177 τὴν
1824 1107 2138 1176 ὁρθότιτθον
2224 1109 2478 1175 νεάνιδα,
2536 1112 2628 1163 καὶ
2664 1094 2709 1161 ό
2765 1111 2948 1178 ῥικνὸς
2991 1111 3071 1182 τῷ
3120 1114 3303 1183 χρόνῳ
3378 1111 3474 1163 καὶ

203 1199 445 1268 χαλαρδς
473 1200 573 1270 τὴν
606 1202 992 1271 ῥοδοδάκτυλον
1021 1206 1285 1275 κορίσκην
1308 1207 1403 1257 καὶ
1423 1204 1614 1273 δρόσον
1641 1202 1841 1271 ἔρωτος
1868 1200 2190 1260 στάζουσαν.

273 1287 616 1350 Βασιλεύσας
647 1289 691 1340 δ’
732 1291 1074 1360 Ἀνδρόνικος
1100 1294 1339 1345 αἰτεῖται
1379 1295 1471 1345 τὸν
1518 1292 1791 1361 πατριάρ-

1785 1320 1791 1331 -
1963 1290 2095 1360 Ejus
2145 1292 2341 1347 nefarii
2408 1295 2523 1347 voti
2579 1308 2806 1363 compos
2858 1294 3037 1350 factus
3094 1309 3123 1347 a
3163 1292 3470 1363 patriarcha

204 1396 307 1447 χην
366 1380 655 1433 Βασίλειον
709 1382 802 1435 καὶ
846 1384 948 1450 τὴν
980 1387 1100 1437 τότε
1138 1386 1358 1438 σύνοδον
1413 1385 1638 1452 λυθῆναι
1693 1384 1789 1438 τοῦ

1780 1384 1789 1435 i
1891 1397 1995 1436 suo
2024 1393 2077 1437 et
2101 1387 2337 1441 concilio
2362 1387 2527 1441 aliam
2561 1389 2790 1457 gratiam
2822 1389 2981 1457 petit,
3006 1396 3065 1441 ut
3084 1385 3465 1456 jurejurando.

203 1475 372 1542 ὅρκου
404 1474 466 1527 δν
493 1471 643 1545 εἶχεν
665 1478 829 1541 αὐτὸς
855 1481 1169 1550 ὀμωμοκὼς
1190 1482 1268 1552 τῷ
1299 1482 1511 1552 βασιλεῖ
1532 1482 1790 1550 Μανουὴλ

1783 1514 1790 1531 .
1888 1476 2035 1544 quod
2064 1476 2381 1545 imperatori
2424 1477 2657 1534 Manueli
2687 1490 2744 1535 et
2772 1480 2977 1533 infelici
3003 1480 3126 1549 ejus
3148 1478 3267 1532 ﬁlio
3297 1477 3468 1533 dede-

205 1565 300 1617 καὶ
336 1565 419 1635 τῷ
452 1569 667 1621 ἐκείνου
696 1571 1038 1642 ταλαιπώρῳ
1078 1575 1253 1638 παιδὶ,
1292 1575 1383 1627 καὶ
1422 1576 1469 1626 oi
1502 1574 1653 1628 ἄλλοι
1693 1576 1792 1627 σὺν

1891 1578 2008 1630 rat.
2062 1570 2343 1633 solvatur,
2408 1585 2473 1625 ac
2518 1573 2701 1625 caeteri
2770 1587 2875 1626 una
2937 1586 3078 1640 quos
3131 1570 3502 1626 sacramenti-

202 1660 382 1725 τούτῳ
414 1660 619 1722 πάντες
656 1662 792 1729 (.15).
840 1664 955 1716 ὅσοι
1000 1665 1318 1733 παραϐάται
1370 1664 1633 1731 ὤφθησαν
1676 1665 1787 1717 τῶν
1820 1689 1858 1740 Β

1784 1670 2108 1740 inceperat
2171 1661 2398 1717 oblivio.
2458 1664 2536 1717 illi
2616 1679 2769 1723 vero,
2845 1664 3001 1733 quasi
3061 1664 3309 1733 absque_
3355 1664 3469 1718 ullo

202 1751 641 1818 ὀμωμοσμένων.
675 1754 784 1804 Καὶ
812 1756 862 1805 οἱ
896 1754 1015 1820 μὲν,
1046 1756 1120 1818 ὡς
1156 1759 1204 1809 εί
1234 1756 1453 1822 δεσμεῖν
1473 1756 1786 1826 ἀδιαφόρως

1784 1775 1786 1783 ν
1888 1753 2211 1808 discrimine
2267 1764 2323 1809 et
2375 1755 2652 1809 vinciendi
2729 1763 2786 1807 et
2844 1756 3090 1809 solvendi
3167 1755 3469 1825 quemlibet

202 1842 294 1891 καὶ
325 1841 478 1894 λύειν
504 1844 572 1895 τά
602 1846 779 1895 πάντα
809 1846 1066 1915 εἰλήφασι
1087 1848 1221 1917 πρὸς
1248 1848 1406 1915 Θεοῦ,
1436 1848 1639 1916 τόμους
1671 1848 1787 1913 ἑξό-

1784 1876 1787 1886 ι
1890 1853 2215 1915 potestatem
2278 1846 2546 1900 divinitus
2595 1846 2968 1914 accepissent,
3023 1847 3205 1901 statim
3267 1847 3469 1903 litteris

202 1930 357 1984 θεντο
386 1934 586 1987 αὐτίκα
614 1934 683 1988 δι’
706 1930 780 1989 ὧν
800 1938 1112 2007 ἀμνηστίαν
1142 1940 1253 1992 τῶν
1279 1941 1645 2010 ἠνομημένων
1673 1943 1787 2005 τοῖς

1781 1957 1787 1998 .'
1889 1940 2104 2011 publice
2127 1941 2301 1997 affixis
2328 1944 2712 2011 impunitatem
2754 1945 3027 1997 scelerum
3070 1943 3299 2012 perfidis
3331 1958 3466 1999 con-

202 2022 274 2090 μὴ
311 2024 568 2091 εύὸρκοις
597 2027 843 2080 ἐδίδοσαν
878 2029 1253 2096 ἁπαξάπασιν.
1304 2033 1364 2085 ’0
1390 2034 1447 2086 δὲ
1470 2032 1546 2095 ὡς
1573 2032 1787 2101 θαυμα-

202 2114 333 2181 στήν
368 2131 492 2165 τινα
535 2118 762 2187 παρέχει
797 2119 895 2189 τὴν
923 2122 1160 2190 ἀμοιϐὴν
1180 2124 1292 2185 τοῖς
1321 2123 1432 2175 τῶν
1472 2125 1785 2193 ἐπιταγμά-

200 2219 307 2254 των
340 2205 514 2257 αὒτοῦ
557 2207 894 2277 πληρωταῖς.
956 2213 1019 2265 Ἦ
1050 2213 1108 2265 δὲ
1158 2209 1226 2284 ἧν
1276 2216 1370 2268 καὶ
1400 2216 1508 2267 τῶν
1538 2215 1656 2267 τότε
1687 2217 1785 2283 μὲν

198 2294 541 2360 αίτηθέντων
581 2299 741 2367 ῥᾳδία
791 2302 1163 2371 τερμάτωσις,
1212 2303 1249 2358 ἃ
1308 2306 1480 2373 μικρά
1514 2305 1784 2374 δήπουθεν

200 2379 337 2453 ἦσαν
374 2388 470 2438 καὶ
503 2390 630 2458 περὶ
664 2391 879 2460 μικρῶν
918 2393 1278 2463 ὑφηγούμενα
1304 2412 1318 2426 ·
1368 2399 1398 2465 ἡ
1437 2396 1496 2449 δὲ
1545 2398 1780 2466 μεγίστη

200 2477 257 2528 τὸ
283 2478 634 2548 συνεδρεύειν
665 2484 911 2547 ἑκείνους
935 2487 1082 2555 αὐτῷ
1104 2489 1521 2556 σκιμποδίσκων
1549 2508 1781 2559 παρατι-

201 2568 450 2637 θεμένων
484 2573 581 2623 καὶ
620 2579 1142 2647 παρεισφερομένων
1176 2580 1253 2649 τῷ
1286 2581 1546 2651 βασιλείῳ
1587 2583 1780 2652 θρόνῳ,

200 2656 225 2708 δ
258 2663 353 2711 καὶ
373 2663 474 2731 οὐχ
508 2657 673 2733 ἦττον
705 2668 787 2729 είς
822 2669 1033 2734 γέλωτα
1061 2669 1169 2722 τῶν
1192 2673 1466 2739 ἑλομένων
1494 2675 1590 2727 καὶ
1609 2692 1783 2727 κατα-

200 2751 514 2819 δεξαμένων
538 2760 844 2827 ἀρχιερέων
868 2762 969 2814 οὐκ
1000 2764 1090 2815 ἐπὶ
1124 2768 1350 2832 συχναῖς
1379 2766 1618 2834 ἡμέραις
1643 2784 1781 2835 συμ-

200 2842 301 2894 εὰν
333 2845 483 2914 ἤπερ
516 2850 821 2912 φαντασίαν
868 2854 1033 2922 τιμῆς
1070 2855 1167 2906 καὶ
1202 2855 1362 2925 δόξης
1403 2857 1653 2926 ῐνδαλμα,
1687 2860 1778 2911 ἐπὶ

199 2932 297 3003 τὴν
330 2928 613 3007 προτέραν
645 2940 919 3010 ἐπανῆλθε
962 2946 1275 3011 συνήθειαν,
1314 2946 1463 3000 καθὰ
1499 2949 1594 3000 καὶ
1622 2947 1779 3012 ξύλον

200 3026 484 3088 ἰπικλινὲς
540 3028 631 3098 βία
685 3033 821 3099 πρὸς
858 3032 959 3103 τὴν
1014 3038 1287 3104 προτέραν
1338 3038 1451 3101 ἕξιν
1499 3040 1777 3094 ἐπάνεισιν

198 3117 410 3169 ἁνεθέν.
445 3120 667 3172 Μᾶλλον
695 3124 797 3188 μὲν
822 3120 916 3177 οῦν
945 3128 1035 3177 καὶ
1073 3127 1276 3196 ταύτης
1316 3130 1453 3183 πολῦ
1490 3135 1777 3200 παρεσπά-

199 3221 331 3258 σατο
354 3223 371 3239 ο
407 3209 493 3260 ἵνα
513 3210 619 3280 γάρ
656 3212 729 3281 μὴ
756 3213 885 3281 δοκῇ
931 3215 1267 3285 Ἀνδρόνικος
1289 3220 1775 3287 παλιμσολώτατος

196 3296 507 3362 ἀνθρώπων
566 3304 661 3354 καὶ
711 3306 982 3358 άττασίαν
1039 3308 1205 3378 ἤθους
1252 3310 1345 3361 ἐπὶ
1408 3314 1530 3375 ταῖς
1577 3315 1774 3369 ἑαυτοῦ

199 3389 436 3476 πράξεσι
471 3392 663 3458 νοσῶν,
700 3395 761 3445 τὸ
790 3397 869 3458 είς
902 3397 1025 3465 όψιν
1062 3400 1257 3469 ἐκείνῳ
1295 3401 1470 3455 ἐλθεῖν
1508 3407 1557 3458 oi
1583 3407 1774 3476 ἀρχιε-

199 3483 312 3546 ρεῖς
343 3474 491 3534 οὗτοι
515 3484 612 3552 οὐχ
649 3485 906 3554 εὕρισκον
937 3491 1159 3559 εὐχερὲς
1188 3495 1280 3546 ἐπὶ
1321 3494 1569 3562 βήματος
1603 3500 1778 3570 καθη-

197 3573 346 3640 μένῳ
374 3574 668 3639 μετέπειτα
689 3577 965 3648 λαμπροῦ.
994 3583 1103 3635 Καὶ
1123 3586 1169 3635 οί
1188 3582 1276 3653 [Ρ.
1300 3585 1420 3657 I79]
1443 3588 1546 3655 πρὸ
1577 3592 1770 3658 μικροῦ

194 3662 259 3727 τῇ
296 3660 551 3733 βασιλικῇ
585 3667 835 3737 συνεδρία
869 3675 1278 3742 σεμνυνόμενοι,
1308 3679 1401 3730 καὶ
1425 3680 1593 3747 γέρας
1625 3682 1768 3754 είληο

1887 2045 2195 2088 cesserunt.
2214 2034 2563 2090 Andronicus
2587 2051 2716 2091 vero
2741 2034 3093 2105 pontificibus
3126 2036 3272 2090 illius
3292 2036 3467 2106 juris-

1881 2125 2100 2195 iurandi
2133 2127 2476 2180 solutorilius
2504 2143 2668 2195 quam
2704 2128 2980 2197 egregiam
3025 2126 3253 2196 gratiam
3301 2125 3468 2196 358

1886 2218 2118 2275 rc:nlit?
2145 2218 2221 2273 Ea
2255 2219 2355 2273 fuit
2386 2228 2443 2271 ut
2477 2222 2723 2289 quaedam
2782 2220 3015 2274 levicula
3044 2234 3237 2273 corum
3267 2228 3468 2288 postuo

1883 2313 1993 2366 lata
2027 2311 2259 2371 fierent;
2306 2312 2576 2364 maximus
2615 2327 2748 2366 vero
2787 2311 2834 2365 is
2880 2312 3057 2364 honos
3104 2310 3208 2365 fuit
3240 2321 3302 2366 ut
3334 2310 3465 2365 sub-

1883 2403 2055 2456 selliis
2097 2401 2163 2455 ad
2191 2403 2389 2456 solium
2439 2400 2790 2470 imperatoris
2836 2401 3119 2456 collocatis
3165 2399 3216 2454 ei
3254 2399 3466 2454 asside-

1884 2502 2063 2548 rent:
2121 2493 2215 2561 qui
2281 2508 2405 2546 cum
2478 2508 2679 2561 paucos
2732 2494 2850 2547 dies
2902 2492 3189 2553 durasset,
3271 2494 3463 2547 umbra

1881 2585 2064 2653 potius
2097 2583 2325 2637 honoris
2375 2598 2538 2652 quam
2584 2599 2751 2638 verus
2808 2584 3005 2648 honos,
3034 2582 3319 2639 materiam
3367 2598 3466 2639 eos

1881 2675 2092 2729 ridendi
2152 2675 2387 2744 praebuit
2450 2676 2681 2743 pristina
2730 2676 3134 2730 consuetudine
3186 2684 3460 2736 revocata.

1881 2772 2053 2823 instar
2104 2770 2154 2820 vi
2203 2768 2417 2821 curvati
2467 2768 2637 2834 ligni,
2693 2767 2840 2837 quod
2896 2770 3136 2822 laxatum
3192 2768 3261 2822 ad
3305 2782 3460 2821 suam

1880 2871 2131 2912 naturam
2160 2859 2481 2912 revertitur.
2513 2858 2632 2913 lino
2674 2874 2738 2914 ea
2789 2875 2875 2914 res
2909 2860 3228 2928 dignitatem
3265 2873 3466 2921 eorum.

1881 2951 2112 3004 multum
2172 2950 2467 3004 imminuit.
2497 2950 2629 3004 Nam
2687 2951 3036 3006 Andronicus
3091 2966 3160 3005 ne
3211 2949 3458 3005 omnium

1884 3044 2195 3097 mortalium
2228 3042 2541 3096 levissimus
2571 3053 2627 3096 et
2660 3043 2713 3095 in
2745 3044 2883 3098 actis
2933 3042 3051 3096 suis
3089 3057 3282 3111 parum
3326 3057 3461 3096 con-

1884 3144 2030 3189 stare
2054 3134 2159 3188 sibi
2212 3134 2515 3197 videretur,
2567 3136 2851 3202 pontifices
2907 3136 3030 3189 illos
3074 3138 3127 3188 in
3169 3134 3470 3211 splendido

1883 3227 2023 3281 solio
2054 3227 2250 3280 sedens
2271 3242 2378 3280 non
2414 3227 2574 3281 facile
2622 3226 2963 3282 admittebat.
3026 3228 3102 3281 lta
3147 3227 3241 3295 qui
3295 3226 3457 3295 paulo

1883 3328 2011 3372 ante
2071 3318 2426 3387 imperatorio
2499 3335 2762 3374 consessu
2823 3320 3221 3389 gloriabantur,
3289 3318 3455 3387 idque

1883 3411 1987 3466 sibi
2020 3411 2302 3481 praemium
2344 3423 2403 3467 ut
2436 3410 2689 3466 fidelibus
2724 3413 2991 3467 ministris
3026 3414 3212 3465 da‘tum
3270 3410 3459 3465 verbis

1876 3504 2471 3573 Davidicisjactarant,
2504 3513 2614 3558 tum
2668 3506 2926 3559 involutis
2971 3506 3245 3575 capitibus
3292 3519 3448 3559 rece-

1872 3598 2065 3650 dentes
2104 3613 2223 3650 sese
2275 3598 2699 3661 miserabantur,
2758 3598 2904 3667 quod
2960 3598 3026 3651 iis
3075 3598 3272 3651 solutis
3326 3611 3449 3666 quae

1869 3688 2126 3741 solvenda
2157 3705 2263 3742 non
2294 3700 2498 3750 essent.
2525 3705 2554 3743 a
2604 3691 2716 3744 Deo
2771 3691 3104 3745 defecissent
3146 3700 3202 3745 et
3235 3688 3445 3745 deriso-

196 3752 357 3816 φέναι
399 3755 556 3808 τοῦτο
589 3760 891 3821 Δαυῐδικῶς
926 3763 1002 3824 ὡς
1038 3768 1221 3817 πιστοὶ
1255 3770 1355 3835 τῆς
1385 3770 1486 3837 γῆς
1512 3752 1769 3838 βρενθυόο
1866 3794 1881 3829 ι

1274 3770 1355 3835 τῆς
1385 3770 1486 3837 γῆς
1512 3752 1769 3838 βρενθυό.
1866 3794 1981 3830 rem
2013 3779 2384 3834 Andronicum
2415 3782 2614 3835 frustra
2638 3782 2959 3837 coluissent.

197 3864 373 3912 μενοι.
405 3850 528 3901 τότε
562 3851 895 3907 ὑπενόστουν
965 3859 1432 3929 ἐγκαλυπτόμενοι
1502 3866 1595 3916 καὶ
1661 3870 2039 3935 ταλανίζοντες
2104 3874 2355 3937 ἑαυτοὺς,
2410 3869 2491 3936 οἷς
2555 3873 2692 3927 Θεοῦ
2758 3874 3077 3945 ἀπέστησαν
3140 3874 3210 3928 τὰ
3268 3874 3439 3927 ἄλυτα

194 3940 415 4003 λύοντες
467 3946 560 3995 καὶ
608 3946 700 3997 τὸν
739 3948 1053 4021 ὲμπαίκτην
1096 3952 1351 4023 διακενῆς
1425 3958 1763 4024 Ἀνδρόνικον
1799 3963 2213 4033 θεραπεύοντες.

271 4039 365 4101 Ὠς
408 4040 465 4092 δὲ
511 4042 580 4093 τὰ
623 4044 763 4096 κατὰ
809 4044 908 4113 τὴν
949 4044 1255 4116 ἀνάρρησιν
1300 4048 1394 4101 τοῦ
1432 4050 1774 4119 Ἀνδρονίκου

193 4127 286 4179 καὶ
319 4131 420 4198 τὴν
450 4131 735 4201 ἀναίρεσιν
765 4135 1002 4199 ’Δλεξίου
1037 4138 1130 4188 τοῦ
1169 4137 1430 4207 βασιλέως
1463 4141 1598 4210 δῆλα
1630 4139 1772 4212 ἦσαν

204 4220 433 4288 Ἀλεξὲιρ
468 4238 528 4273 τε
566 4223 644 4290 τῷ
682 4225 866 4296 Βρανᾷ
905 4232 1002 4280 καὶ
1038 4229 1361 4300 Ἀνδρονίκῳ
1396 4232 1472 4302 τῷ
1506 4236 1776 4307 Λαπαρδᾷ

189 4313 301 4372 τοῖς
353 4312 468 4363 τῶν
514 4317 812 4381 ταγμάτων
859 4324 1189 4387 στρατηγοῖς
1245 4322 1393 4391 ἅπερ
1447 4325 1776 4396 ἁντεφέρετο

188 4402 331 4454 κατὰ
371 4404 465 4456 τὸν
499 4405 665 4458 Νίσον
704 4409 796 4459 καὶ
835 4408 933 4477 τὴν
973 4410 1344 4478 Βρανίτζοὸαν
1380 4415 1458 4484 τῷ
1495 4418 1594 4485 τῆς
1634 4421 1777 4485 Ούγ-

1942 4056 2107 4127 359
2148 4058 2218 4113 Ut
2270 4073 2457 4115 autem
2492 4062 2790 4116 Andronici
2833 4062 3143 4131 designatio
3171 4066 3228 4114 et
3256 4059 3433 4113 Alexii

1873 4147 2224 4216 imperatoris
2258 4151 2549 4205 suffocatio
2580 4153 2772 4206 Alexio
2813 4154 3000 4206 Brame
3030 4161 3086 4205 ct
3116 4142 3438 4203 Andronico

1870 4237 2133 4306 Lapardae
2196 4240 2473 4309 legionum
2524 4241 2786 4305 ducibus,
2867 4242 2961 4310 qui
3013 4241 3081 4294 ad
3134 4240 3322 4294 Nisum
3376 4245 3441 4294 et’

1873 4330 2232 4384 Branizobam
2274 4331 2563 4399 Hungaria:
2612 4334 2724 4404 regi
2762 4333 2899 4387 Bnla-
2943 4332 3277 4385 resistebant
3313 4330 3436 4385 loca

1878 4420 1969 4474 illa
2000 4421 2185 4476 omnia
2229 4422 2376 4475 ferro
2414 4433 2468 4477 et
2514 4425 2623 4491 igni
2668 4425 2924 4484 vastanti,
2971 4422 3272 4490 significata
3324 4430 3430 4482 est.

188 4494 353 4590 γρίας
395 4497 526 4561 pq?!
562 4496 641 4562 τῷ
677 4496 838 4566 Βελᾷ,
878 4499 1166 4566 πορθοῦντι
1202 4503 1270 4554 τά
1304 4506 1422 4558 ἐκεῖ
1461 4507 1637 4561 πάντα
1679 4511 1771 4563 καὶ
1796 4538 1849 4599 D

1750 4509 2162 4599 lDLapardas
2230 4511 2356 4565 vitae
2423 4529 2519 4582 spe
2592 4514 2805 4582 abjecta
2876 4523 3059 4567 vastas
3129 4511 3432 4567 Andronici

186 4580 438 4634 ποιοῦντι
479 4586 662 4649 κακῶς
696 4590 812 4650 τοῖς
852 4588 1099 4654 ξίφεσιν.
1143 4594 1336 4662 ἅτερος
1379 4599 1478 4665 μὲν
1519 4600 1630 4652 τῶν
1672 4604 1772 4674 ἁρ-

185 4674 379 4742 χηγῶν
400 4676 427 4726 ό
453 4677 746 4745 Λαπαρδιίς
776 4680 1117 4748 άπειρητέαν
1138 4685 1364 4754 κέκρικε
1389 4691 1489 4758 τὴν
1511 4692 1657 4759 ζωὴν
1678 4696 1772 4746 κα)⁸

184 4765 288 4832 τὴν
330 4766 637 4835 εὕρ-αχανῦῆ
682 4770 844 4835 γένυν
903 4773 1246 4843 Ἀνδρονίκου
1290 4778 1380 4829 διὰ
1420 4783 1625 4844 παντὸς
1667 4784 1771 4835 ὑπ-

190 4856 457 4906 εθλέπετο
496 4860 863 4926 καταχάσκειν
898 4861 1083 4915 ἔκτοτε
1124 4865 1423 4931 μέλλουσαν
1458 4870 1549 4922 καὶ
1573 4872 1769 4924 αὐτοῦ’

185 4948 213 4996 ό
237 4946 296 4997 δέ
322 4962 389 5010 γε
422 4945 634 5016 Βρανᾶς
657 4951 909 5017 ἁσμένως
931 4954 1028 5023 τὴν
1055 4957 1342 5022 μετάθεσιν
1364 4959 1463 5027 τῆς
1491 4960 1769 5029 βασιλείας

188 5034 490 5103 ύττέφερεν,
530 5039 627 5107 ἥδη
672 5040 750 5110 τῷ
788 5044 933 5112 χορῷ
975 5047 1275 5115 ἐγγραφεὶς
1317 5044 1396 5111 οἷς
1431 5053 1767 5121 Ἀνδρόνικος

188 5126 566 5193 πφσέὅλεπεν
603 5130 832 5201 ἥμερον.
870 5136 1077 5197 Πολλὰς
1118 5138 1211 5191 οὖν
1257 5143 1284 5191 ὁ
1325 5143 1619 5211 Δαπαρὸἄς
1651 5147 1765 5197 Ἀν-

188 5216 441 5284 δρόνικος
479 5219 633 5281 ὁδοὺς
675 5225 1016 5293 τραπόμενος
1059 5230 1441 5299 ἐνθυμήσεων,
1489 5237 1583 5285 καὶ
1626 5238 1766 5288 κατὰ

189 5304 328 5357 κύνα
361 5308 643 5361 Λακαιναν
672 5310 741 5379 ἦν
769 5312 1040 5369 θευσεῖται
1080 5319 1477 5389 ίχνηλατήσας,
1515 5324 1646 5391 μίαν
1673 5323 1765 5375 εῦ-

187 5414 349 5464 ρισκε
384 5399 664 5461 σώζουσαν
690 5406 935 5474 ἀτραπὸν
964 5408 1025 5459 τὸ
1052 5410 1150 5477 τῆς
1183 5412 1356 5478 ὅψεως
1388 5416 1484 5466 καὶ
1513 5413 1763 5481 ἐξουσίας

188 5491 601 5554 ἀποπλάξεσθαι
633 5496 993 5566 Ἀνδρονίκου.
1037 5502 1147 5555 Καὶ
1183 5498 1329 5572 εἶχεν
1369 5507 1434 5559 ἂν
1474 5508 1665 5561 ἑαυτὸν
1706 5512 1768 5562 ἅ-

1874 4600 2125 4653 maxillas
2168 4610 2436 4669 perpetuo
2488 4602 2844 4663 formidabat,
2894 4611 2953 4655 ut
2984 4602 3208 4672 jamjam
3247 4600 3316 4655 ab
3367 4599 3439 4654 iis

1872 4691 2244 4756 devorandus,
2291 4692 2498 4747 Branas
2534 4710 2663 4747 vero
2706 4696 2815 4765 jam
2855 4696 2909 4747 in
2954 4709 3244 4747 numerum
3294 4694 3435 4747 ami-

1872 4798 2064 4837 corum
2102 4783 2405 4837 Andronici
2451 4796 2769 4854 assumptus
2809 4786 3025 4853 imperii
3076 4785 3436 4839 mutationem

1873 4874 2043 4928 alacri
2073 4875 2257 4927 animo
2288 4874 2519 4928 ferebat.
2558 4876 2708 4931 Alter
2750 4892 2884 4931 vero
2922 4875 3094 4930 variis
3132 4875 3439 4929 rationibus

1871 4967 2016 5035 apud
2043 4967 2287 5019 animum
2314 4982 2474 5020 suum
2504 4967 2678 5028 initis.
2722 4978 2778 5022 et
2816 4984 2967 5023 more
3002 4969 3257 5024 Laconici
3285 4969 3439 5023 canis

1878 5055 2140 5124 vestigata
2197 5056 2286 5108 via
2343 5071 2506 5124 quam
2574 5058 2875 5123 insisteret,
2944 5059 2997 5112 in
3068 5074 3135 5113 co
3199 5060 3430 5114 salutem

1874 5160 2025 5199 suam
2070 5161 2193 5199 csse
2239 5147 2467 5214 positam
2524 5148 2936 5210 animadvertit.
2968 5159 3027 5203 ut
3071 5166 3101 5203 e
3136 5160 3437 5219 conspectu

1871 5247 1928 5290 et
1989 5244 2257 5303 potestate
2318 5237 2619 5292 Andronici
2656 5254 2819 5307 quam
2885 5240 3205 5307 longissime
3236 5240 3434 5293 a'uiict.

1872 5326 2031 5393 Quod
2055 5329 2349 5382 consilium
2385 5332 2429 5383 si
2464 5339 2790 5398 persecutus
2818 5338 3098 5386 essetnec
3125 5332 3249 5386 aliis
3268 5332 3437 5384 rebus

1871 5424 2114 5476 animum
2173 5423 2484 5494 adjecisset,
2548 5425 2818 5481 evasisset
2873 5426 3189 5481 incolumis.
3232 5425 3432 5480 Verum

1875 5529 1998 5566 cum
2057 5529 2257 5571 nocere
2312 5524 2541 5585 cuperet
2605 5516 2926 5571 Andronico
2975 5526 3031 5571 ct
3082 5515 3430 5585 imperatoris

1460 5642 1635 5704 Hier.
1678 5642 1882 5704 Woiﬁi
1937 5651 2125 5707 note.

266 5760 380 5827 illi)
409 5760 559 5815 Alter
589 5761 743 5829 plura
772 5761 1012 5831 perjuria
1046 5763 1237 5820 tribuit
1267 5766 1602 5833 Andronico,
1632 5767 1771 5824 alter
1811 5767 2102 5827 factionem
2134 5773 2254 5843 ejus
2291 5774 2484 5830 eodem
2520 5775 2752 5833 crimine
2779 5776 3029 5832 involvit.
