4268 6358
796 375 892 437 631

2018 371 2311 432 NICETJB
2350 369 2757 433 CHONIATB

3928 375 4038 437 632

793 485 1158 558 parricidium
1209 482 1423 545 ulcisci.
1477 481 1684 537 deficit.
1734 482 1801 535 Et
1858 482 1985 552 quia
2037 484 2259 539 videbat
2299 484 2355 539 in
2387 489 2478 544 Αι

2387 489 2430 544 Α
2461 483 2609 555 παθῆ
2634 484 2821 538 κακῶν
2844 484 3219 555 διατηρήσας,
3244 484 3291 538 ει
3318 487 3384 557 τῇ
3414 486 3576 556 βουλῇ
3604 486 3778 559 ταύτῃ
3804 488 4040 556 ἐπέμενε

792 574 1094 630 Occidente
1138 574 1318 628 locum
1363 571 1470 626 sibi
1508 587 1618 626 non
1650 571 1921 636 futurum,
1960 587 2060 627 nec
2089 573 2354 641 collegam

794 665 1045 721 Alexium
1092 665 1319 718 Branam
1360 677 1651 733 passurum
1701 663 1909 716 moveri
1942 662 2107 732 360
2147 663 2355 732 aliquid

798 765 989 808 contra
1036 753 1433 819 Andronicum,
1485 754 1540 807 in
1584 752 1863 808 Orientem
1910 753 2083 822 magis
2136 754 2243 809 sibi
2277 754 2361 809 fa-

794 848 1062 900 miliarem
1133 846 1371 901 intendit
1438 845 1716 908 animum,
1786 845 1990 913 quippe
2053 845 2148 899 ubi
2216 861 2359 917 saepe

797 935 1032 989 maxima
1075 935 1302 1004 imperia
1359 933 1616 1003 gessisset
1647 974 1660 997 ,
1699 944 1755 989 et
1788 936 2042 989 homines
2083 935 2149 989 ad
2194 935 2349 991 defe—

792 1027 1035 1081 ctionem
1061 1040 1215 1093 atque
1242 1039 1547 1094 propensos
1562 1040 1682 1078 esse
1722 1025 1913 1078 sciret.
1944 1025 2137 1094 itaque
2164 1025 2357 1080 Brana:

795 1102 1018 1184 collega:
1067 1114 1367 1184 persuadet
1410 1126 1469 1169 ut
1513 1116 1712 1169 ibidem
1744 1127 2081 1184 perseveret,
2117 1116 2247 1170 dum
2291 1118 2359 1172 ad

798 1217 1077 1263 recentem
1118 1208 1510 1276 imperatorem
1553 1206 1997 1277 proficisceretur
2031 1226 2045 1262 :
2084 1210 2201 1278 ipse
2241 1218 2355 1264 sta-

796 1305 894 1356 tim
946 1303 1053 1357 iter
1098 1301 1399 1372 ingressus,
1447 1301 1645 1354 famam
1705 1316 1769 1355 ea
1808 1315 2032 1371 quoque
2081 1318 2204 1372 quae
2256 1302 2361 1357 sub

796 1406 942 1449 terra
986 1394 1163 1448 latent
1205 1395 1542 1463 perspicere.
1587 1402 1643 1449 et
1688 1393 1873 1450 futura
1910 1410 2053 1462 saepe
2099 1404 2359 1464 tanquam

797 1487 938 1539 facta
979 1484 1326 1555 promulgare
1354 1484 1594 1549 solitam,
1628 1486 1946 1539 antevertit.
1977 1484 2081 1539 Ubi
2110 1483 2361 1539 Orestia-

796 1574 945 1637 dem,
988 1592 1113 1645 qua:
1148 1592 1296 1631 nunc
1343 1576 1733 1645 Adrianopolis
1780 1576 2108 1646 appellatur,
2158 1578 2213 1631 in
2268 1592 2366 1646 pa-

718 1732 721 1735 η
800 1665 962 1720 triam
1004 1682 1160 1720 suam
1202 1667 1476 1735 pervenit,
1526 1668 1805 1736 paulisper
1860 1668 1939 1721 ibi
1988 1678 2363 1723 commoratus

798 1759 929 1811 dum
968 1772 1188 1811 sorores
1218 1758 1503 1823 salutaret,
1534 1774 1643 1812 non
1687 1759 1920 1814 ulterius
1955 1760 2353 1825 cunctandum,

799 1848 893 1902 sed
925 1858 1131 1917 quanta
1167 1848 1518 1904 festinatione
1548 1861 1758 1919 posset,
1806 1851 1860 1906 in
1899 1849 2182 1905 Orientem
2227 1867 2363 1905 con-
2397 1826 2439 1879 Β

805 1939 1142 1994 tendendum
1168 1941 1407 1996 censuit.
1430 1941 1548 1997 Jam
1573 1942 1721 1995 enim
1756 1942 1918 2003 fama,
1948 1950 2009 1994 ut
2030 1942 2229 2010 loquax
2256 1954 2361 2005 est,

802 2033 856 2083 in
886 2032 1063 2085 triviis
1096 2040 1154 2085 et
1178 2032 1398 2101 plateis.
1436 2032 1489 2085 in
1538 2033 1768 2087 summis
1803 2034 2080 2088 mamilius
2122 2046 2179 2089 et
2212 2051 2365 2089 cam-

803 2123 909 2190 pis,
958 2124 1063 2177 viri
1115 2125 1295 2193 fugam
1366 2124 1681 2178 celebrabat
1718 2133 1775 2177 et
1818 2139 2034 2178 summa
2076 2126 2367 2181 velocitate

802 2215 1006 2282 passim
1056 2217 1370 2286 spargebat.
1415 2218 1602 2285 itaque
1639 2226 1799 2271 nocte
1836 2233 1945 2271 una
1995 2218 2063 2271 ad
2086 2233 2237 2273 mare
2274 2219 2371 2274 de-

801 2306 1033 2367 scendit.
1085 2310 1505 2376 conscensisque
1578 2309 1816 2362 navibus
1865 2309 1932 2363 ad
1994 2310 2369 2380 Hyelocastel—

804 2400 934 2451 lium
963 2415 1026 2453 ca
1053 2399 1121 2452 de
1164 2416 1327 2454 causa
1362 2400 1567 2468 paratis
1598 2400 1818 2469 trajicit.
1850 2400 1952 2455 Ubi
1985 2417 2109 2455 cum
2150 2403 2369 2470 paulum

806 2494 1148 2561 respirasset,
1210 2508 1267 2547 se
1312 2494 1595 2546 interitum
1661 2504 1718 2546 et
1762 2503 2019 2548 cruentas
2069 2494 2371 2549 Andronici

810 2585 995 2638 fauces
1039 2586 1297 2655 ellugisse
1339 2586 1589 2639 rebatur.
1635 2590 1904 2639 Cmterum
1958 2597 2185 2655 apparet
2225 2586 2374 2641 hunc

805 2692 1025 2744 quoque
1069 2676 1321 2731 lancibus
1382 2677 1446 2730 ad
1508 2676 1710 2731 Orcum
1757 2678 2083 2738 urgentibus
2129 2679 2375 2733 aProvi-

807 2768 994 2823 dentia
1042 2784 1109 2822 ex
1141 2769 1285 2823 libro
1317 2770 1445 2823 vita:
1488 2770 1729 2823 deletum
1760 2780 1815 2824 et
1844 2770 2143 2824 Andronici
2178 2771 2375 2825 crude-

807 2858 945 2911 litati
993 2858 1364 2913 condonatum
1404 2860 1598 2914 fuisse.
1637 2860 1771 2913 Nam
1800 2860 1957 2929 361
1986 2859 2216 2914 reflante
2254 2858 2373 2912 Nu-

811 2951 956 3004 mine
992 2950 1208 3005 illorum
1245 2951 1501 3005 manibus
1532 2952 2024 3020 comprehenditur
2069 2962 2125 3006 et
2171 2951 2237 3005 ad
2266 2951 2380 3005 An-

812 3040 1103 3093 dronicum
1131 3041 1395 3106 mittitur,
1432 3058 1670 3110 quorum
1706 3058 1809 3112 ope
1838 3058 1898 3097 se
1929 3057 2039 3096 non
2080 3045 2243 3097 modo
2272 3043 2380 3096 sal-

2460 574 2555 627 καὶ
2599 575 2675 644 μὴ
2714 573 2853 645 πρὸς
2894 573 3098 645 πρᾶξιν
3138 576 3333 643 ἐτέραν
3377 576 3835 644 μετακεκύϐευτο.
3878 580 4035 648 Ἐρα-

2463 664 2610 727 σθεὶς
2641 663 2697 716 δέ
2730 664 2916 728 κακῶς
2949 665 3172 735 δράσειν
3206 666 3549 736 Ἀνδρόνικον
3581 670 3675 719 καὶ
3708 668 3807 735 τῆς
3840 669 3916 730 εἰς
3949 670 4043 719 τὸν

2462 755 2650 824 κύριον
2685 757 2777 809 καὶ
2815 756 3042 825 βασιλέα
3077 758 3424 827 παρανομίας
3457 759 3809 827 ἀμύνασθαι,
3846 761 4045 831 θαρρεῖ

2460 848 2561 917 τὴν
2588 848 2910 914 ἀπόστασιν,
2941 850 3033 903 καὶ
3057 848 3154 920 τὴν
3177 849 3388 919 δυσμὴν
3417 850 3560 918 δρῶν
3588 852 3650 903 οὐ
3681 853 4041 919 χωρήσουσαν

2461 938 2624 990 αὐτὸν
2652 940 2791 1008 μήτε
2820 940 2925 1010 μὴν
2953 939 3400 1009 παραδεξαμένην
3422 939 3520 1008 τὴν
3550 941 3668 992 κατ’
3698 939 4041 1010 Ἀνδρονίκου

2462 1030 2639 1099 ὁρμὴν
2663 1032 2752 1083 διά
2773 1032 2865 1083 τδν
2890 1033 3137 1099 παρόντα
3167 1033 3258 1084 καὶ
3289 1029 3770 1101 συπρατηγοῦντα
3798 1031 4040 1099 Βρανᾶν,

2462 1122 2562 1190 τὴν
2593 1121 2672 1174 ἐω
2711 1122 3045 1189 φαντάζεται
3082 1124 3177 1176 καὶ
3218 1121 3357 1192 πρὸς
3399 1123 3616 1191 ἐκείνην
3650 1122 3880 1173 ἐκτείνει
3912 1121 4043 1180 τοὺς

2463 1212 2802 1281 ὀφθαλμοὺς,
2828 1215 2924 1266 καὶ
2950 1214 3025 1275 ὡς
3052 1214 3452 1283 συνηθεστέραν
3484 1215 3581 1281 μὲν
3608 1212 3787 1281 ἐαυτῷ
3816 1212 4044 1281 ἄρξαντι

2467 1302 2587 1355 κατ’
2612 1302 2785 1373 αὐτὴν
2826 1304 3086 1366 πολλάκις
3122 1305 3223 1367 τὰς
3268 1308 3531 1374 μεγίστας
3576 1304 3788 1374 ἀρχὰς,
3828 1306 3924 1355 καὶ
3968 1303 4046 1363 ὡς

2468 1393 2648 1462 θερμά
2694 1393 2751 1446 δέ
2798 1395 2934 1463 πρὸς
2979 1395 3334 1448 ἀντιστασίαν
3376 1397 3475 1465 οὐχ
3524 1390 3688 1467 ἦττον
3731 1394 4047 1463 τρέφουσαν

2469 1485 2716 1554 σώματα.
2756 1488 2973 1555 Ἀμέλει
3005 1488 3100 1538 καὶ
3126 1488 3203 1555 τῷ
3236 1488 3565 1557 συνηγεμόνι
3596 1487 3778 1557 Βρανᾷ
3806 1486 4050 1539 κοινολο-

2467 1580 2798 1646 γησάμενος,
2824 1581 2920 1632 καὶ
2946 1579 3140 1641 πείσας
3172 1581 3310 1631 κατὰ
3340 1581 3523 1649 χώραν
3552 1579 3732 1648 μένειν
3755 1578 3860 1639 ἕως
3882 1576 4050 1637 αὐτδς

2469 1670 2608 1739 πρὸς
2642 1671 2734 1723 τὸν
2772 1671 3088 1740 πρεσϐύτην
3126 1671 3243 1741 ἅμα
3284 1676 3374 1725 καὶ
3415 1672 3730 1741 πρόσφατον
3769 1669 4050 1738 αὐτοκρά-

2468 1779 2604 1832 τορα
2649 1764 3042 1833 παραγένοιτο,
3079 1765 3152 1827 ώς
3197 1762 3342 1834 εἶχεν
3382 1766 3543 1828 εὐθὺς
3588 1764 3909 1832 ἐξώρμησε,
3950 1762 4053 1830 τὴν

2468 1855 2657 1922 φήμην
2698 1853 3055 1923 προφθάνων,
3093 1856 3126 1922 ἠ
3170 1858 3262 1907 καὶ
3297 1856 3366 1907 τὰ
3406 1856 3511 1909 ὑπὸ
3549 1855 3655 1925 γῆν
3691 1854 4054 1927 κρυπτόμενα

2469 1945 2622 2015 διορᾷ
2672 1946 2766 1997 καὶ
2808 1947 2877 1998 τά
2924 1949 3265 2015 γενησόμενα
3315 1948 3574 2011 πολλάκις
3622 1949 3698 2011 ώς
3743 1948 3844 2018 ἤδη
3890 1963 4057 2015 γεγε-

2470 2038 2680 2107 νημένα
2700 2037 2998 2106 διατρανοῐ.
3020 2038 3128 2091 Καὶ
3153 2039 3393 2104 γεγονὼς
3418 2039 3559 2092 κατὰ
3583 2040 3682 2107 τὴν
3706 2040 4051 2109 ὀρεστιάδα,

2473 2129 2617 2181 εἴποι
2644 2127 2691 2179 δ’
2711 2128 2777 2181 ἄν
2800 2144 2884 2189 τις
2912 2126 3071 2188 ἄλλος
3100 2127 3563 2197 Ἀδριανούπολιν,
3593 2124 3772 2199 ἀφ’ἦς
3799 2129 4052 2198 ὥρμητο,

2472 2222 2567 2274 καὶ
2607 2222 2778 2293 βραχύ
2811 2240 2865 2275 τι
2905 2226 3317 2295 ἐγκαρτερήσας
3351 2225 3441 2278 καὶ
3477 2225 3601 2277 ὅσον
3616 2226 3734 2285 ταῖς
3769 2224 3884 2275 ἐκεῖ
3921 2238 4054 2274 κατ-

2474 2312 2751 2373 οικούσαις
2795 2312 3049 2380 ἀδελφαῖς
3093 2313 3358 2382 ὁραθῆναί
3383 2330 3442 2365 τε
3470 2314 3562 2364 καὶ
3593 2310 3961 2374 συντάξασθαι
3988 2311 4057 2361 τὰ

2476 2402 2754 2469 ἀπόδημα,
2784 2404 2929 2471 ἐγνω
2965 2403 3040 2473 μὴ
3070 2405 3382 2475 περαιτέρω
3413 2405 3665 2468 ἐλινύειν,
3692 2402 3898 2463 ἀλλ’ὡς
3935 2401 4058 2452 ἐνὸν

2477 2495 2830 2565 ἐπισπέρχειν
2864 2496 2962 2561 τὴν
2995 2499 3052 2559 ἐς
3087 2498 3161 2549 ἒω
3198 2498 3503 2566 περαίωσιν
3574 2496 3674 2565 ἤδη
3712 2497 3821 2562 γάρ
3858 2494 4059 2563 άθυρδυ

2478 2585 2716 2651 γλωττος
2747 2579 2817 2654 ἦν
2848 2586 2880 2655 ἡ
2915 2585 3095 2653 φήμη,
3130 2585 3227 2637 καὶ
3259 2586 3351 2637 ἐπὶ
3384 2585 3610 2651 τριόδων
3646 2586 3741 2636 καὶ
3777 2583 4059 2636 πλατειῶν

2479 2678 2666 2747 ἄκρων
2690 2693 2747 2731 τε
2772 2677 2996 2746 τειχέων
3020 2678 3115 2729 καὶ
3141 2675 3321 2745 δόμων
3347 2676 3603 2745 εὐστόμει
3631 2674 3731 2744 τὴν
3755 2675 4060 2743 ἀπόδρασιν

2478 2767 2572 2820 τοῦ
2605 2766 2797 2836 ἀνδρὸς
2818 2808 2833 2831 ,
2867 2768 2963 2820 καὶ
2995 2768 3237 2836 πολλαχῆ
3271 2767 3437 2819 ἐτίθει
3468 2766 3907 2834 διατοξεύσιμον.
3940 2765 4064 2833 Μιᾷ

2480 2859 2660 2912 τοίνυν
2688 2860 2844 2911 νυκτὶ
2875 2860 3008 2925 πρὸς
3041 2859 3317 2911 θάλασσαν
3344 2859 3589 2922 κάτεισι,
3617 2859 3713 2910 καὶ
3744 2857 3935 2909 ναυσὶν
3962 2858 4057 2923 ἐμο

2482 2942 2583 3012 ϐἆς
2613 2948 2776 3011 αὑτός
2799 2967 2858 3002 τε
2891 2950 2986 3002 καὶ
3012 2949 3063 3001 οἱ
3095 2950 3191 3001 σὺν
3216 2946 3397 3016 αὐτῷ,
3427 2948 3485 2999 αἳ
3515 2946 3656 3001 κατὰ
3680 2946 3743 2997 τὸ
3768 2943 4061 2997 Ύελλοκα-

2484 3040 2724 3093 στέλλιον
2748 3040 2937 3092 τούτου
2965 3041 3128 3093 ἕνεκα
3152 3038 3590 3109 ἡτοιμάσθησαν,
3616 3037 3675 3099 ἐς
3698 3036 3797 3106 τὴν
3823 3034 4063 3105 περαὶαν

814 3148 942 3186 vum
975 3142 1031 3186 et
1070 3135 1313 3195 beatum,
1362 3134 1710 3188 sedsummis
1740 3134 1906 3188 etiam
1940 3134 2141 3189 studiis
2163 3134 2374 3187 Andro-
2409 3160 2450 3213 ο
2485 3152 2499 3201 π

2409 3160 2450 3213 c
2485 3135 2713 3201 γίνεται.
2750 3131 3061 3185 Κὰντεῧθεν
3098 3131 3446 3193 ἀναπνεύσας
3486 3128 3662 3199 βραχὺ
3701 3128 3967 3195 ἐκφυγεῖν
4004 3125 4063 3174 τὸ

815 3222 927 3275 nici
959 3223 1226 3277 victorem
1267 3224 1391 3277 fore
1426 3232 1693 3293 sperarat.
1729 3223 1933 3278 Verum
1965 3232 2125 3278 erant
2154 3225 2241 3277 illa
2269 3223 2378 3277 uti-

814 3329 922 3380 que
985 3315 1221 3369 infelicis
1283 3316 1449 3368 animi
1502 3316 1755 3383 ﬁgmenta
1820 3324 1875 3369 et
1921 3326 2134 3383 spectra
2197 3314 2377 3369 inania

816 3407 1180 3459 somniorum.
1233 3407 1366 3459 Nam
1420 3422 1544 3459 cum
1574 3407 1980 3476 Adramyttium
2016 3407 2379 3474 pervenisset,

817 3519 845 3550 τι
894 3497 1132 3567 quodam
1179 3498 1441 3565 Cephala,
1483 3499 1601 3552 viro
1644 3499 1700 3552 in
1751 3499 1862 3553 illis
1899 3498 2035 3552 locis
2082 3499 2292 3567 potenti
2317 3508 2373 3553 et

820 3589 1105 3654 primario.
1143 3599 1203 3641 ut
1236 3588 1397 3642 fidem
1432 3604 1585 3642 suam
1625 3604 1753 3658 erga
1798 3597 2085 3659 tyrannum
2128 3588 2384 3642 declara-

820 3687 924 3741 ret,
978 3679 1411 3747 comprehensus
1477 3679 1799 3733 Andronico
1850 3689 2036 3748 parata
2082 3680 2260 3734 hostia
2316 3678 2383 3732 ad

817 3769 1020 3822 cmdem
1072 3769 1323 3833 offertur,
1378 3778 1544 3837 atque
1594 3768 1811 3823 effossis
1853 3770 2031 3823 oculis
2075 3770 2130 3823 in
2189 3770 2387 3823 Pante-

821 3862 968 3930 pupti
1004 3862 1398 3915 monasterium
1420 3861 1736 3931 conjicitur,
1772 3861 2117 3930 iniquitatem
2152 3860 2388 3915 [οι-ωηατ

819 3968 932 4006 suae
974 3952 1271 4021 deplorans
1318 3970 1331 4006 :
1380 3968 1505 4007 cum
1555 3954 1626 4005 ob
1676 3953 2101 4021 pulcherrimam
2164 3967 2385 4006 causam

822 4045 1117 4098 discrimen
1148 4044 1477 4099 defectionis
1502 4044 1751 4106 adiisset.
1788 4044 1934 4097 illam
1961 4044 2223 4113 prudenti
2258 4060 2388 4099 con-

822 4135 947 4187 silio
975 4145 1160 4203 spreto
1192 4149 1255 4188 ac
1286 4136 1445 4204 plane
1471 4134 1740 4189 destituto
1771 4136 1942 4202 pejori
1976 4134 2117 4204 parti
2166 4134 2385 4188 favisse.

822 4224 901 4277 Ita
958 4224 1103 4277 Deus
1148 4240 1257 4278 non
1302 4226 1469 4278 vitam
1504 4224 1680 4278 solum
1714 4225 1921 4277 laboris
1942 4236 1997 4279 et
2031 4224 2268 4279 tristitia:
2292 4240 2391 4279 ex-

825 4326 1060 4383 pertem.
1103 4317 1199 4370 sed
1248 4318 1588 4371 imminentis
1640 4318 1803 4370 etiam
1848 4318 2002 4371 exitii
2044 4327 2101 4372 ct
2149 4328 2389 4372 tutarqu

2482 3225 2755 3278 διολέσθαι
2770 3224 2907 3294 ᾤετο
2928 3227 3021 3277 καὶ
3036 3225 3096 3275 τὸ
3112 3223 3512 3293 προϐεϐλῆσθαι
3532 3221 3684 3287 θοίνη
3704 3236 3786 3279 τις
3807 3218 4000 3284 ἑτοίμη
4027 3217 4061 3284 ἢ

2483 3318 2843 3386 ἐπιτράγημα
2874 3316 3161 3384 πρὸχειρον
3179 3317 3300 3376 ταῖς
3330 3314 3552 3380 γνάθοις
3570 3311 3665 3365 τοῦ
3696 3311 4067 3380 Ἀνδρονίκου.

2483 3405 2593 3462 Ἦν
2625 3409 2694 3473 δ’,
2735 3407 2821 3478 [Ρ.
2857 3406 2981 3477 180]
3018 3407 3092 3469 ὡς
3127 3404 3292 3469 ἐοικε,
3330 3409 3426 3457 καὶ
3458 3396 3615 3464 οὗτος
3648 3402 3968 3473 τῇηρονοίᾳ
4005 3403 4069 3452 ἐκ

2484 3505 2583 3571 τῆς
2607 3502 2714 3553 τῶν
2737 3501 2955 3566 ζώντων
2994 3500 3179 3569 βίϐλου
3213 3500 3623 3569 ἀπηλειμμὲνος
3646 3498 3739 3551 καὶ⁸
3771 3499 3849 3559 είς
3884 3496 4070 3564 θοίνην

2500 3595 2822 3664 Ἀνδρονίκῳ
2859 3593 3231 3654 δαιταλευθεὶς
3272 3591 3367 3644 καὶ
3402 3591 3502 3660 τὴν
3534 3591 3799 3643 νεύουσαν
3837 3590 3895 3649 ἐς
3937 3588 4068 3657 ᾆδον

2488 3686 2857 3757 κληρούμενος
2888 3685 3218 3750 πλάστιγγα.
3239 3682 3429 3735 Ἔνθεν
3454 3698 3535 3733 τοι
3566 3679 3662 3732 καὶ
3687 3679 3779 3730 τοῦ
3807 3677 3945 3730 Θεοῦ
3978 3681 4070 3730 άν-

2487 3778 2878 3837 τιπνεύσαντος
2900 3775 3123 3827 ἐκείνων
3140 3777 3257 3835 ταῖς
3274 3773 3432 3841 χερσὶ
3447 3773 3682 3841 θηρᾶται
3704 3771 3799 3823 καὶ
3820 3769 4075 3836 ἀναπέμσ

2491 3885 2655 3922 πεται
2702 3868 2839 3938 πρὸς
2884 3867 3243 3935 Ἀνδρόνικον,
3293 3864 3383 3933 ὑφ’
3412 3857 3487 3918 ὧν
3535 3864 3747 3916 ἐλπίσιν
3797 3860 4075 3915 ἐθάλπετο

2492 3957 2897 4029 συντηρηθῆναι
2938 3956 3327 4023 ἁδιαλώϐητος,
3370 3948 3429 4006 εὖ
3470 3969 3527 4005 τε
3576 3952 3671 4005 καὶ
3713 3951 3791 4011 ώς
3834 3952 4077 4019 ἀρίστως

2493 4048 2756 4117 πράξειν,
2788 4048 2881 4099 καὶ
2911 4048 3054 4116 χειρὶ
3088 4048 3182 4099 καὶ
3212 4045 3354 4115 ψυχῇ
3393 4044 3653 4097 παντοίαν
3684 4044 3948 4111 σύναρσιν
3976 4040 4077 4092 καὶ

2492 4139 2689 4209 ἄρηξιν
2716 4138 2982 4207 εὕρασθαι
3011 4138 3148 4207 πρὸς
3171 4137 3233 4189 τὸ
3261 4136 3673 4189 καταπαλαῖσαι
3704 4132 4073 4201 Ἀνδρόνικον.

2493 4228 2676 4284 ⁷Ησαν
2700 4230 2757 4283 δὲ
2781 4230 2955 4283 ταῦτα
2979 4229 3217 4290 διανοίας
3245 4228 3347 4280 οὐκ
3378 4224 3636 4295 εὐτυχοῦς
3665 4224 4079 4291 ἀναπλάσματα

2495 4321 2592 4375 καὶ
2616 4321 2903 4391 ὁνειρώδη,
2933 4321 3008 4382 ώς
3037 4320 3327 4383 δέδεικται,
3356 4319 3738 4387 φαντάσματα.
3774 4315 4079 4383 Γενόμενος

825 4410 1103 4461 actionum
1154 4409 1552 4477 praenotionem
1598 4409 1905 4461 abscondit.
1974 4408 2073 4463 Hic
2123 4410 2268 4463 enim
2309 4410 2394 4463 vir
2495 4429 2510 4478 τ

2495 4411 2604 4480 γὰρ
2627 4411 2769 4464 κατὰ
2790 4410 2851 4462 τὸ
2874 4409 3266 4478 Ἀττιαμύττιον
3292 4406 3729 4474 συλλαμϐάνεται
3754 4405 3907 4473 παρά
3929 4419 4080 4462 τινος

825 4513 968 4565 saepe
1000 4498 1245 4564 praeclari
1275 4498 1432 4551 ducis
1467 4499 1689 4553 functus
1728 4500 1942 4557 ofliciis.
1979 4515 2103 4554 cum
2137 4510 2257 4568 post
2292 4501 2393 4553 im-
2424 4499 2469 4554 D
2497 4506 2510 4557 l

2424 4499 2469 4554 D
2497 4504 2745 4571 Κεφαλᾶ,
2769 4503 2963 4572 ἀνδρὸς
2996 4501 3137 4570 μέγα
3168 4498 3469 4567 δυναμένου
3493 4498 3613 4549 τότε
3644 4496 3794 4564 παρὰ
3822 4497 3890 4562 τῇ
3919 4495 4080 4563 χώρα

826 4590 1098 4656 peratoris
1141 4590 1314 4642 Alexii
1345 4590 1558 4643 obitum
1612 4592 1931 4645 Andronico
1980 4592 2187 4645 servire
2238 4602 2395 4658 turpe
2498 4614 2511 4648 ι

2393 4617 2395 4639 ε
2498 4596 2596 4649 καὶ
2640 4594 3103 4664 πρωτιστεύοντος
3142 4590 3335 4642 πιστοῦ
3369 4606 3428 4641 τε
3462 4588 3538 4657 τῷ
3570 4585 3965 4656 τυραννοῦντι,
4002 4585 4078 4645 ὡς

828 4683 1057 4735 duceret
1088 4697 1151 4735 ac
1180 4691 1385 4735 certam
1418 4690 1655 4736 mortem
1695 4692 1751 4736 ct
1786 4691 2036 4736 naturam
2078 4686 2292 4752 tyranni
2328 4685 2394 4737 ad

829 4774 1033 4827 eadem
1107 4774 1502 4842 promptissimi
1567 4775 1812 4832 vitaret.
1881 4776 1933 4829 iu
2017 4776 2138 4844 ejus
2205 4791 2399 4829 manus

830 4864 1025 4920 incidit
1099 4880 1261 4934 quem
1334 4865 1604 4934 fugiebat;
1676 4874 1734 4917 et
1776 4881 1938 4933 quem
2009 4882 2038 4919 a
2099 4877 2252 4935 tergo
2309 4866 2395 4919 in-

832 4966 979 5009 stare
1029 4955 1279 5025 putabat,
1320 4968 1350 5007 9
1394 4956 1556 5024 362
1601 4956 1780 5009 fronte
1823 4968 1875 5010 et
1931 4956 2308 5010 adversarium
2344 4970 2401 5011 et

830 5050 1098 5100 victorem
1148 5046 1341 5099 habuit
1376 5048 1623 5109 obvium,
1660 5062 1762 5101 nec
1787 5048 1961 5102 multo
1994 5059 2118 5116 post
2145 5049 2395 5102 moritur.

832 5138 1182 5191 Andronicus
1219 5152 1351 5191 vero
1382 5139 1505 5205 ejus
1554 5138 1864 5193 defectione
1902 5140 1974 5192 ita
2012 5149 2399 5194 consternatus

830 5230 961 5289 fuit,
1013 5238 1075 5281 ut
1116 5238 1231 5280 toto
1273 5238 1518 5297 tempore
1565 5230 1707 5297 fugae
1759 5230 1905 5283 illius
1955 5231 2183 5283 exitium
2233 5231 2398 5299 capiti

831 5333 933 5371 suo
968 5317 1257 5371 imminere
1308 5328 1549 5386 putaret.
1604 5318 1883 5372 Meluebat
1910 5319 2057 5372 enim
2094 5320 2397 5388 Lapardatu

834 5418 894 5461 ut
926 5416 983 5462 et
1047 5408 1244 5461 ducem
1293 5412 1624 5462 acerrimum
1654 5419 1708 5462 et
1743 5410 1925 5463 virum
1961 5411 2398 5480 magnanimum;

831 5510 889 5553 ct
940 5502 1069 5569 quia
1112 5501 1335 5554 videbat
1366 5517 1493 5555 eum
1549 5501 1932 5571 persequendo
1976 5512 2033 5556 et
2077 5502 2249 5555 armis
2302 5503 2401 5556 de-

833 5592 1027 5645 bellari
1062 5608 1170 5647 non
1205 5609 1391 5663 posse,
1422 5595 1487 5649 ad
1515 5594 1823 5649 litterarum
1856 5595 2137 5649 solertiam
2169 5611 2401 5649 conver-

835 5684 1002 5745 titur;
1034 5694 1091 5739 et
1125 5686 1480 5740 callidissimo
1507 5687 1744 5740 consilio
1787 5687 2047 5754 epistolas
2092 5686 2157 5739 ad
2197 5686 2402 5755 prima-

836 5775 947 5829 rios
1000 5775 1362 5832 Orientalium
1432 5777 1839 5847 provinciarum
1912 5776 2183 5846 praesides
2267 5778 2395 5833 dolo

2499 4688 2689 4749 ἔδειξε,
2714 4686 2809 4739 καὶ
2833 4687 3335 4753 παρακατατίθεται
3357 4682 3544 4750 χερσὶν
3570 4679 3911 4746 Ἀνδρονίκου
3941 4681 4079 4742 τερα-

2502 4790 2619 4840 γιον
2651 4773 2914 4842 εὑτρεπὲς
2948 4773 3040 4823 καὶ
3078 4772 3275 4837 ἱερεῖον
3304 4766 3905 4836 ἀνακογχυλιαζόμενον
3938 4768 4081 4831 πρίς

2502 4867 2806 4933 ἀναίρεσιν,
2840 4867 2935 4916 καὶ
2964 4864 3061 4925 τὰς
3095 4864 3262 4930 κόρας
3291 4862 3639 4919 ἐκκόπτεται,
3671 4863 3763 4911 καί
3794 4859 4080 4925 1391.633:-

2501 4962 2718 5011 πτεῖται
2744 4960 2809 5027 τῇ
2838 4956 2932 5008 τοῦ
2965 4956 3350 5009 Παντεπόπτου
3384 4953 3542 5019 μονῇ.
3572 4950 3671 5019 τὴν
3700 4948 3810 5001 τῶν
3836 4951 3958 4999 κατ’
3986 4950 4085 5000 αὖ·

2500 5051 2591 5103 τὸν
2638 5051 2982 5119 πραγμάτων
3030 5047 3201 5117 φορὰν
3247 5046 3321 5107 ὡς
3370 5045 3663 5109 ἀγνώμονα
3712 5040 4043 5108 ὀδυρόμενος
4070 5056 4084 5068 ·

2501 5144 2592 5194 τὸν
2625 5142 2723 5209 μέν
2751 5143 2860 5210 γάρ
2891 5141 3031 5211 ὑπὲρ
3062 5140 3353 5203 καλλίστης
3384 5138 3561 5197 αἰτίας
3588 5138 3679 5187 τὸν
3709 5136 3804 5201 τῆς
3831 5133 4088 5185 ἀποσταο

2506 5235 2625 5294 σίας
2668 5232 2967 5302 ἀναρρίψαι
3013 5230 3199 5293 κύϐον,
3240 5229 3337 5295 τὴν
3376 5228 3434 5279 δὲ
3475 5227 3597 5278 οὐδὲ
3634 5226 3695 5277 τὸ
3737 5222 4086 5293 βραχύτατον

2506 5324 2633 5389 γοῦν
2662 5322 3040 5392 προσσχοῦσαν
3070 5316 3148 5382 οἷς
3180 5318 3295 5387 μετ’
3314 5316 3593 5373 εὐϐουλίας
3622 5313 3780 5375 αὐτὸς
3808 5312 4046 5363 ἐπέϐαλε
4071 5355 4082 5369 ,

2506 5411 2841 5481 προσθέσθαι
2893 5408 3069 5479 μερίδι
3114 5410 3180 5477 τῇ
3232 5408 3451 5475 χείρονι.
3498 5402 3654 5455 Οὕτω
3683 5398 3917 5469 ἶκρύῷας
3970 5399 4085 5463 ἔχει

2506 5504 2639 5566 Θεὸς
2670 5504 2730 5555 οὐ
2766 5503 2924 5571 μόνον
2953 5502 3043 5553 τὸν
3072 5499 3309 5569 ἄμοχθον
3339 5498 3430 5549 καὶ
3462 5495 3750 5563 ἀνόδυρτον
3783 5492 3917 5559 βίον,
3946 5491 4086 5542 illi

2505 5594 2599 5645 καὶ
2625 5594 2686 5645 τὸ
2716 5591 3105 5663 προαισθέσθαι
3132 5591 3191 5642 τὸ
3225 5590 3414 5658 μέλλον
3444 5589 3564 5639 κάκ’
3586 5604 3615 5636 ν
3646 5584 3739 5636 καὶ
3769 5584 3828 5633 τὸ
3860 5582 4088 5649 προελέ-

2506 5687 2630 5736 σθαι
2657 5685 2714 5736 τδ
2739 5683 3019 5736 ἀκίνδυνον
3048 5681 3402 5748 ἐπιτήδευμα.
3435 5679 3540 5729 Καὶ
3570 5672 3723 5736 οὗτος
3751 5675 3858 5740 γὰρ
3887 5674 3915 5724 ὁ
3948 5674 4088 5737 δίἣν

2504 5777 2564 5829 ἐν
2582 5777 2793 5839 πολλοῖς
2815 5776 2998 5844 ὀφθεὶς
3023 5772 3552 5845 στρατηγικώτατος,
3573 5768 3794 5837 αἰσχρὸν
3812 5764 4088 5817 δουλεύειν
