4268 6358
754 359 863 424 639

2030 362 2106 421 Nl
2119 362 2331 423 CET/E
2370 361 2777 425 CHONIATIE

3896 359 4009 423 €50

754 489 1005 547 tempore
1036 479 1208 549 pacis.
1237 478 1536 532 curandam
1561 479 1855 535 declinent.
1894 481 1973 535 Eo
2001 478 2240 538 consilio
2262 484 2331 538 ab
2361 488 2406 543 Α
2433 500 2439 533 ε

2324 503 2331 534 ι
2361 488 2406 543 Α
2433 482 2635 546 κώσεις
2665 480 3163 551 ἀναπεμπάζοντες
3188 480 3313 544 ταῖς
3345 479 3538 553 φρεσὶν
3568 478 3701 540 δσας
3726 478 4009 533 πείσονται

754 570 1012 623 omnibus
1048 570 1375 638 approbato,
1437 582 1497 625 et
1557 572 1843 625 commoda
1900 573 2053 642 pacis
2097 583 2332 643 utraque

756 673 922 712 manu
951 657 1239 725 amplexis,
1272 674 1425 713 sacra
1454 672 1602 713 veste
1621 660 1864 723 indutus,
1898 672 1953 716 et
1974 662 2177 716 divinis
2204 679 2334 717 ora-

757 750 897 804 culis
925 748 979 801 in
1006 749 1171 818 37o
1204 766 1400 805 manus
1430 752 1685 820 sumptis,
1707 753 2019 808 sacerdotes
2035 764 2091 809 et
2112 770 2332 809 omnem

760 841 1022 892 urbanam
1045 840 1453 895 multitudinem
1469 856 1528 895 se
1544 842 1698 911 sequi
1718 844 1902 911 jussit,
1918 860 1985 896 ne
2011 844 2334 901 mulieribus

758 928 983 996 quidem
1013 940 1068 985 et
1107 932 1296 999 pueris
1339 934 1605 1001 exceptis,
1660 934 1776 987 sine
1809 934 1937 988 ullis
1985 937 2173 999 armis,
2202 951 2336 1006 sup-

761 1018 935 1087 plices
964 1020 1187 1074 frondes
1212 1022 1469 1077 manibus
1489 1033 1787 1092 gestantes,
1812 1026 2020 1093 apertis
2039 1028 2333 1096 capitibus,

760 1109 927 1162 nudis
984 1109 1217 1176 pedibus
1249 1119 1306 1166 et
1340 1114 1616 1172 manibus.
1671 1114 1824 1167 nullo
1853 1131 1981 1170 vere
2024 1117 2335 1186 supplicum

763 1197 1064 1252 miserabili
1097 1210 1253 1269 gestu
1291 1204 1683 1270 praetermisso,
1719 1206 1989 1260 submissa
2011 1222 2145 1261 voce
2179 1208 2338 1261 mise-

762 1287 1060 1343 ricordiam
1108 1291 1437 1362 ﬂagitantes.
1488 1293 1593 1359 Qui
1648 1311 1771 1349 cum
1825 1297 1928 1352 hoc
1979 1296 2143 1351 modo
2201 1299 2340 1352 urbe

762 1377 1179 1436 effunderentur
1206 1426 1221 1445 ,
1256 1384 1605 1440 Andronicus
1636 1386 1933 1455 imperator
1966 1389 2341 1459 inexspectato

768 1475 1085 1540 spectaculo
1129 1477 1403 1530 attonitus
1441 1478 1678 1533 subinde
1736 1480 1843 1534 buc
1870 1491 2034 1549 atque
2077 1484 2206 1538 illuc
2240 1485 2341 1541 dc-

766 1560 919 1615 ﬂexit
940 1564 1151 1628 oculos,
1184 1569 1472 1622 utcertius
1507 1570 1845 1639 perspiceret
1867 1571 1999 1641 quid
2042 1576 2122 1628 rei
2147 1584 2294 1629 esset
2325 1593 2340 1633 :

765 1668 891 1705 nam
928 1654 1089 1722 plane
1122 1658 1398 1711 somnium
1460 1660 1650 1716 videre
1715 1663 1820 1716 sibi
1874 1663 2183 1718 videbatur.
2240 1665 2342 1720 Ubi

2435 573 2677 643 πολέμου
2727 574 2878 645 νόμῳ
2917 572 3162 643 ἀλούσης
3207 573 3308 641 τῆς
3342 572 3580 635 πόλεως.
3621 571 4014 640 κατέπτησσον

2436 669 2510 729 ὼς
2536 666 2809 734 λαγώδια,
2846 664 3185 727 ἀπεναντίας
3210 664 3290 732 τῷ
3321 664 3520 716 Καινεῖ
3558 663 3891 726 πεπονθότες
3925 678 3940 693 ο
3986 664 4017 714 ό

2439 755 2541 825 μὲν
2563 756 2672 825 γὰρ
2697 757 2762 808 ἐκ
2778 754 3038 822 γυναικὸς
3065 756 3145 815 εἰς
3173 752 3365 821 ἀνδρα,
3385 751 3459 814 ὡς
3476 752 3504 804 ὁ
3534 745 3706 818 μῦθος
3738 747 4012 819 βούλεται,

2435 847 2706 917 ἥρμοστο,
2726 848 2775 900 οἰ
2804 847 2861 900 δέ
2891 847 2951 910 ἐξ
2976 844 3185 913 ἀνδρῶν
3207 846 3287 907 εἰς
3308 844 3660 912 μαλακότητα
3689 843 4015 909 γυναικείαν

2440 934 2914 1006 ἐξενευρίσθησαν,
2941 935 3024 1008 [Ρ.
3062 934 3188 1007 184]
3227 935 3450 1005 μηδενὸς
3486 933 3566 986 ἐτι
3605 934 3756 995 ὄντος
3787 932 3885 985 τοῦ
3925 930 4017 984 διά

2437 1028 2540 1097 τῆς
2563 1029 2773 1090 οἰκείας
2804 1029 3017 1098 θερμῆς
3050 1011 3226 1097 ὁρμῆς
3250 1029 3332 1089 εἰς
3371 1026 3510 1096 ἔργα
3538 1024 3739 1095 ἀρετῆς
3778 1023 4018 1077 ἀναθάλ⁸

2442 1134 2660 1182 ποντος,
2691 1117 2830 1171 ἀλλά
2858 1118 3080 1170 πάντων
3125 1117 3263 1186 μετά
3292 1116 3388 1167 τὸν
3417 1114 3515 1169 τοῦ
3550 1111 4018 1180 Καντακουζηνοῦ

2444 1208 2613 1277 μόρον
2657 1208 3154 1279 συννεκρωθέντων
3193 1203 3306 1260 οἷον
3337 1206 3400 1259 τὸ
3428 1206 3631 1276 θάρσος
3668 1205 3763 1257 καὶ
3793 1204 3853 1256 τδ
3888 1204 4021 1271 περὶ

2441 1299 2540 1360 τάς
2569 1300 2752 1369 μάχας
2784 1301 3147 1369 ἀποθεμένων
3177 1298 3483 1369 πρόθυμον.
3540 1299 3607 1350 Ἀ
3635 1296 3817 1347 πάντα
3846 1311 4023 1346 κατα-

2441 1391 2643 1458 νοήσας
2676 1393 2705 1443 ὁ
2740 1391 2863 1444 τότε
2892 1391 2992 1460 τῆς
3019 1390 3252 1452 Νικαίας
3286 1388 3582 1460 ἀρχιερεὺς
3615 1386 3881 1447 Νικόλαος
3918 1385 4022 1452 τὴν

2443 1482 2695 1550 ἀνάγκην
2720 1482 2779 1543 ἐς
2808 1483 2870 1534 τδ
2904 1482 3188 1549 φιλότιμον
3226 1480 3524 1547 διατίθησι,
3561 1479 3651 1529 καὶ
3672 1479 3736 1545 δὴ
3763 1478 3857 1529 τὸν
3890 1476 4023 1528 λαδν

2445 1572 2821 1641 ἐκκλησιάσας
2876 1571 3203 1640 ὑποτίθησιν
3262 1568 3510 1621 ἐνδοῦναι
3572 1567 3651 1637 τῷ
3702 1565 3883 1634 καιρῷ
3925 1568 4026 1617 καὶ

2446 1668 2562 1727 τοῖς
2593 1665 2903 1732 πράγμασι,
2947 1663 3041 1715 καὶ
3074 1663 3180 1723 ἓως
3223 1663 3255 1728 ἡ
3300 1661 3456 1721 πόλις
3501 1662 3614 1722 τοῖς
3662 1660 3874 1725 κύμασι
3922 1657 4025 1726 τῆς

766 1753 902 1793 vero
935 1742 1332 1800 animadvertit
1386 1762 1463 1802 se
1501 1751 1705 1818 absque
1761 1765 1951 1806 errore
2008 1768 2121 1808 rem
2155 1769 2341 1809 veram
2377 1817 2409 1823 Α
2450 1802 2451 1817 χ

2339 1776 2341 1805 ¹
2377 1817 2409 1823 -
2450 1754 2632 1823 μάχης
2651 1753 3006 1814 ἀδάπτιστος,
3037 1752 3342 1822 ἐγχειρίσαι
3372 1751 3637 1818 φέροντας
3670 1748 4024 1817 Ἀνδρονίκῳο

767 1847 1019 1897 cernere,
1075 1838 1360 1905 repudiata
1402 1817 1726 1895 liberalitate
1785 1852 1840 1897 et
1888 1846 2126 1899 candore
2177 1846 2344 1916 digno
2377 1817 2452 1891 Bt

2337 1868 2344 1897 ι
2377 1817 2418 1872 Β
2447 1817 2720 1915 ύρᾷνγάρ
2773 1817 3229 1912 Ἀνδρόνικονμῆ
3264 1843 3329 1893 ἄν
3359 1817 3487 1891 ποτε
3519 1842 3702 1900 κεναῖς
3744 1839 3792 1909 (ὃ
3830 1841 4022 1906 φασιν)

771 1924 995 1992 regibus
1020 1926 1367 1982 clementiam
1409 1930 1720 1999 adulterat;
1748 1943 1804 1987 et
1834 1936 1961 2001 quia
2000 1937 2196 2003 pellem
2235 1939 2349 1992 leo-
2448 1936 2456 1986 ί

2340 1971 2349 1979 -
2448 1933 2897 1995 ἐπαναζεύξοντα
2928 1932 3138 2003 χερσὶν,
3166 1932 3249 1984 ὅτι
3278 1928 3402 1999 μηδ’
3428 1929 3671 1997 ἑπόμενά
3702 1929 3839 1979 εἰσιν
3873 1927 4025 1992 αὑτῷ

771 2014 956 2069 ninam
994 2026 1109 2071 tum
1132 2019 1380 2087 proferre
1414 2021 1557 2075 haud
1590 2024 1809 2086 licebat.
1837 2026 2116 2095 vulpinam
2146 2028 2347 2097 induit,

771 2122 941 2176 seque
974 2125 1083 2164 non
1122 2113 1283 2166 modo
1310 2112 1547 2168 libenter
1592 2118 1840 2186 recipere
1868 2119 2147 2188 supplices
2172 2120 2347 2191 lingit,

774 2196 869 2248 sed
898 2196 985 2249 vix
1013 2212 1042 2250 a
1067 2198 1323 2271 lacrymis
1361 2208 1654 2271 temperat,
1686 2206 1889 2273 quibus
1913 2209 2022 2277 jam
2053 2210 2184 2263 olim
2209 2213 2352 2265 veri—

776 2294 940 2342 tatem
975 2289 1254 2347 involvere
1293 2302 1457 2361 atque
1517 2297 1759 2351 animum
1807 2314 1966 2353 suum
2004 2299 2351 2357 dissimulare

776 2391 1159 2437 consueverat.
1209 2385 1501 2440 Enimvero
1548 2387 1729 2443 tabula
1784 2392 1871 2444 illa
1924 2409 2035 2447 non
2064 2394 2157 2448 diu
2207 2406 2350 2457 acta,

776 2472 1058 2542 aliquanto
1077 2484 1197 2545 post
1212 2478 1560 2536 simulatione
1580 2482 1736 2552 371
1759 2483 2003 2552 deposita
2025 2495 2079 2541 et
2097 2488 2354 2545 mollibus

777 2564 1011 2632 oleoque
1069 2567 1376 2624 lenioribus
1438 2573 1624 2627 verbis
1677 2575 1920 2641 omissis,
1956 2578 2351 2647 Nicaensibus,

780 2655 1070 2711 nobilitate
1138 2662 1442 2727 praesertim
1507 2672 1563 2718 et
1621 2665 1883 2735 dignitate
1926 2673 2354 2738 .przestantibus,

779 2745 1022 2798 ostendit
1050 2757 1314 2815 quantum
1350 2752 1444 2805 ira:
1489 2763 1683 2807 aestum
1726 2756 1913 2811 animo
1946 2760 2197 2821 celasset.
2226 2762 2355 2817 dum

779 2850 835 2888 se
877 2836 1102 2893 ultionis
1130 2840 1354 2895 ollerret
1410 2846 1645 2899 occasio.
1691 2846 1891 2903 Multos
1925 2852 2073 2904 enim
2128 2853 2181 2906 in
2214 2856 2361 2909 exsi-

779 2925 913 2979 lium
980 2931 1113 2997 egit,
1167 2933 1464 2988 nonnullos
1522 2936 1590 2989 de
1644 2939 1917 2994 montibus
1969 2943 2360 3000 miserabiliter

780 3017 1175 3086 praecipitavit,
1209 3031 1263 3076 et
1290 3024 1489 3079 Persas
1532 3025 1739 3080 circum
1778 3029 1967 3082 urbem
2002 3034 2141 3099 palis
2169 3033 2357 3089 aﬂixit.

784 3110 1051 3166 lsaacium
1078 3131 1208 3169 vero
1242 3116 1508 3185 Angelum
1549 3120 1619 3173 ob
1647 3121 1791 3176 dicta
1829 3133 1884 3178 et
1916 3124 2057 3180 facta
2103 3130 2225 3194 ejus
2250 3131 2364 3183 col-

782 3201 1044 3265 liudavit,
1085 3207 1230 3273 quod
1268 3207 1542 3264 Theodori
1594 3213 1965 3269 Cantacuzeni
2023 3219 2361 3273 maledicen-

784 3292 914 3343 tiam
947 3308 1053 3346 non
1088 3297 1252 3349 modo
1280 3314 1386 3352 non
1420 3302 1665 3357 imitatus
1691 3314 1858 3360 esset.
1885 3308 1978 3359 sed
1999 3308 2163 3361 etiam
2199 3312 2363 3364 casti-

783 3392 993 3451 gasset;
1026 3401 1090 3440 ac
1123 3403 1219 3456 spe
1253 3390 1394 3445 bona
1428 3394 1692 3461 implevit,
1734 3406 1829 3451 aut
1870 3401 2051 3452 verius
2078 3411 2137 3453 ut
2162 3402 2360 3468 dicam,

787 3488 1165 3540 percussorem
1191 3496 1349 3535 suum
1395 3496 1450 3538 et
1485 3486 1700 3555 imperii
1731 3504 2044 3545 eversorem
2075 3492 2186 3545 fato
2217 3509 2362 3561 quo-

785 3565 909 3617 dam
956 3577 1012 3621 et
1061 3571 1405 3637 providentia
1442 3576 1693 3632 Numinis
1733 3579 1890 3636 aluit.
1935 3581 2009 3635 Ac
2042 3584 2136 3637 illo
2165 3584 2372 3653 Byzan-

793 3656 931 3709 tium
991 3662 1159 3715 misso
1208 3664 1436 3720 Prusam
1492 3670 1737 3733 transiit;
1800 3672 2125 3740 munitoque
2181 3689 2373 3728 versus

792 3749 1082 3805 meridiem
1119 3756 1284 3819 vallo,
1316 3774 1423 3826 qua
1449 3760 1519 3813 ob
1546 3761 1828 3829 planitiem
1852 3763 1991 3816 adiri
2036 3779 2196 3833 posse
2242 3782 2375 3820 mue-

792 3844 883 3896 uia
909 3846 1240 3905 videbantur
1270 3854 1417 3919 (nam
1467 3856 1585 3911 alia:
1628 3866 1811 3924 partes
1843 3860 1994 3913 urbis
2027 3862 2275 3915 rotunda:
2320 3871 2374 3918 et

794 3949 1084 4007 praerupta:
1113 3943 1234 4010 rupi
1277 3945 1548 4015 imposita:
1583 3949 1756 4017 sunt),
1792 3951 2059 4019 postridie
2088 3967 2369 4023 Oppugna-

791 4024 995 4082 tionem
1033 4035 1267 4090 orditur.

2449 2027 2518 2080 τὰ
2554 2025 2889 2078 ἀνθέλκοντα
2941 2025 3035 2077 καὶ
3073 2021 3565 2093 ἀντιπερισπῶντα
3613 2017 3870 2090 ἐτέρωοι,
3927 2019 4025 2067 καὶ

2450 2116 2683 2179 ἑαυτοὺς
2716 2116 2771 2168 δὲ
2799 2115 2945 2168 κατὰ
2980 2114 3175 2184 μικρὸν
3217 2114 3311 2166 καὶ
3350 2112 3449 2181 τῆς
3497 2109 3742 2179 φυλακῆς
3786 2111 4026 2175 ἀφιστα-

2465 2209 2662 2279 μένους
2693 2210 2795 2277 τῆς
2831 2208 3044 2269 πόλεως
3076 2207 3168 2258 καὶ
3204 2206 3340 2273 πρὸς
3384 2204 3442 2256 τὸ
3464 2204 3561 2273 τῆς
3590 2202 3811 2272 εἰρήνης
3840 2204 4024 2253 οίκουα

2460 2298 2555 2367 ρὸν
2593 2292 2981 2359 ἀπονεύοντας.
3036 2298 3147 2348 Καὶ
3174 2294 3248 2357 ὡς
3280 2290 3408 2363 εὗρε
3437 2292 3645 2354 πάντας
3674 2291 3889 2359 ἀγαθὴν
3928 2291 4028 2356 τὴν

2454 2391 2799 2461 παραίφασιν
2823 2389 3099 2457 οἰομένους
3128 2388 3221 2441 καὶ
3244 2386 3584 2456 ἀμφοτέραις
3611 2384 3706 2436 τοῦ
3732 2387 3797 2436 ἐκ
3819 2381 4028 2449 ταύτης

2459 2482 2628 2536 καλοῦ
2665 2481 3219 2552 περιδραττομένους,
3251 2479 3352 2549 τὴν
3381 2479 3531 2548 ίεράν
3560 2477 3721 2545 ὲρέαν
3749 2474 3902 2536 ἐνδὺς
3933 2475 4031 2527 καὶ

2456 2577 2559 2629 ἀνά
2588 2578 2780 2645 χεῖρας
2810 2576 2881 2627 τὰ
2915 2575 3034 2627 θεῖα
3061 2574 3355 2642 δεξάμενος
3378 2573 3533 2639 λόγια
3560 2569 3785 2623 ἕπεσθαί
3817 2570 3867 2621 οἰ
3902 2570 4031 2629 τοὺς

2457 2670 2730 2739 ζακόρους
2770 2668 2985 2721 κελεύει
3015 2669 3107 2719 καὶ
3138 2666 3199 2717 τὸ
3229 2665 3415 2716 λοιπὸν
3447 2664 3546 2731 τῆς
3574 2662 3779 2724 πόλεως
3812 2660 4034 2729 πλήρω⁹

2464 2779 2562 2830 μα’
2602 2761 2678 2822 ὡς
2715 2760 2853 2827 μηδὲ
2892 2760 3158 2826 γυναῖκαῦ
3207 2757 3239 2822 ἢ
3285 2754 3582 2823 νηπιάχους
3629 2752 4033 2819 ἀπολειφθῆναι

2459 2852 2557 2921 τῆς
2585 2852 2936 2918 ἐξελεύσεως,
2970 2852 3181 2911 πάντας
3211 2847 3653 2916 γυμνητεύοντας
3680 2844 3843 2895 ὅπλου
3894 2860 4036 2894 παν-

2460 2924 2573 3008 τδς,
2628 2944 2857 3006 κλάδους
2908 2941 3228 3011 ίκετηρίους
3274 2940 3547 3001 σείοντας,
3589 2936 3892 3004 ἀκαλυφεῖς
3935 2935 4037 3003 τὴν

2463 3038 2663 3106 κάραν,
2699 3034 3117 3107 ἁκρηπῑδώτους
3151 3034 3277 3095 τοὺς
3305 3032 3501 3094 πόδας,
3529 3031 3631 3092 τὰς
3662 3033 3851 3099 χεῖρας
3883 3027 4039 3079 λελυο

2389 3158 2435 3218 c
2469 3126 2670 3196 μένους
2721 3127 2832 3178 τῶν
2876 3125 3113 3195 ἰματίων
3134 3167 3149 3192 ,
3181 3124 3325 3177 κατά
3359 3123 3527 3218 μηδὲν
3559 3122 3650 3218 τὸν
3699 3118 4039 3218 metussi;

2468 3219 2673 3271 ἱκέσιον
2717 3217 3107 3286 ψευδομένους,
3153 3215 3290 3268 ἀλλά
3337 3216 3432 3267 καὶ
3482 3215 3754 3283 σχήμασιν
3784 3209 4040 3269 ἐλεεινοῖς

2474 3314 2569 3366 καὶ
2603 3314 2921 3382 ὑφειμένοις
2946 3313 3262 3380 φθέγμασιν
3294 3308 3718 3376 ὲπισπωμένους
3754 3305 3844 3358 τὸν
3871 3306 4043 3355 οἰκτι-

2470 3404 2721 3472 ζόμενον.
2752 3405 2860 3455 Καὶ
2887 3404 2936 3455 οἰ
2962 3404 3060 3471 μὲν
3085 3401 3230 3455 οὑτω
3262 3401 3362 3470 τῆς
3393 3400 3601 3461 πόλεως
3629 3396 3988 3464 ἐξεχύθησαν,
4016 3397 4044 3445 ὁ

2473 3496 2724 3565 βασιλεὺς
2753 3496 2797 3547 δ’
2834 3496 3176 3564 Ἀνδρόνικος
3210 3494 3288 3563 τῷ
3326 3495 3426 3562 τῆς
3456 3491 3582 3554 θέας
3613 3488 3828 3557 ἀελπτῳ
3869 3503 4047 3539 κατα-

2472 3589 2701 3656 πλαγεὶς
2736 3587 2999 3648 πολλάκις
3028 3588 3153 3647 τοὺς
3200 3584 3514 3652 ὀφθαλμοὺς
3556 3582 3638 3642 εἰς
3685 3578 3888 3649 ἀκριόῆ
3930 3578 4045 3628 τῶν

2472 3676 2780 3745 θεωμένων
2808 3676 3121 3728 διεσάλευεν
3158 3675 3350 3743 ὅρασιν
3376 3690 3390 3703 ·
3440 3670 3684 3740 ἀτεχνῶς
3738 3670 3846 3736 γάρ
3908 3669 4047 3736 ὄναρ

2474 3767 2647 3818 ἐδόκει
2679 3767 2899 3835 βλέπειν
2930 3767 2997 3818 τὰ
3026 3768 3146 3819 τότε
3186 3764 3506 3831 τελούμενα.
3562 3762 3713 3815 Ἐπεὶ
3759 3761 3815 3811 δὲ
3866 3758 4046 3827 ἀληθῆ

2473 3857 2572 3927 τὴν
2608 3858 2731 3926 ὅφιν
2774 3859 2865 3910 καὶ
2910 3858 3048 3925 πρὸς
3096 3856 3261 3927 μηδὲν
3296 3855 3592 3907 πλανῶσαν
3641 3848 3753 3920 εἶχε
3794 3867 4049 3919 καταμαο

2475 3949 2605 4012 θὼν,
2632 3951 2691 4002 τὸ
2704 3952 2817 4011 τοῖς
2845 3948 3128 4020 βασιλεῦσι
3153 3948 3430 4018 προσῆκον
3455 3945 3765 4015 ἐλευθέριον
3788 3944 4050 4011 φρόνημα

2478 4044 2577 4096 καὶ
2636 4042 2698 4095 τὸ
2759 4043 2856 4111 τῆς
2920 4040 3145 4109 γνώμης
3196 4038 3581 4109 ἀκαπήλευτον
3644 4039 4049 4106 παρωσάμενος

791 4117 1109 4176 ὑπονοθεύει
1140 4127 1231 4178 τὸν
1256 4128 1426 4196 ἔλεον,
1462 4133 1557 4185 καὶ
1594 4134 1693 4205 τὴν
1723 4134 1952 4202 λεοντῆν
1983 4135 2084 4186 οὑκ
2148 4136 2288 4204 ἔχων
2346 4135 2424 4205 τῷ
2451 4135 2585 4197 τέως
2629 4134 3033 4188 ἀνακαλύπτειν
3070 4133 3171 4202 τὴν
3200 4131 3490 4199 ἀλωπεκῆν
3564 4129 3878 4184 ὑποδύεται.
3936 4125 4053 4228 lini.

792 4216 980 4267 τοίνυν
1010 4219 1071 4270 οὑ
1106 4220 1269 4283 μόνον
1297 4224 1389 4275 τὸν
1423 4225 1674 4293 ἀσμένως
1712 4228 2149 4297 προσδεχόμενον
2200 4230 2519 4293 πλάττεται,
2591 4229 2727 4282 άλλά
2775 4227 2974 4298 μικροῦ
3029 4229 3124 4279 καὶ
3150 4225 3396 4296 κατήχθη
3424 4224 3555 4292 πρὸς
3610 4224 3839 4293 δάκρυα.
3890 4217 4055 4272 τοῦτο

791 4307 855 4370 δὴ
896 4307 956 4358 τό
992 4310 1221 4379 ἀρχαῖον
1259 4314 1587 4386 ’Δνδρονὶκῳ
1614 4318 1713 4387 τῆς
1739 4317 1996 4381 ἀληθείας
2030 4321 2366 4391 συσκίασμα,
2409 4321 2518 4373 τῶν
2586 4321 2687 4389 τῆς
2719 4320 2897 4389 ψυχῆς
2965 4318 3284 4386 κινημάτων
3330 4316 3708 4382 προσκὶασμα.
3755 4312 3903 4381 Πλὴν
3948 4311 4053 4363 οὑκ

792 4399 883 4447 ἐπὶ
913 4399 1047 4451 πολὺ
1082 4402 1142 4454 τ’)
1173 4404 1359 4473 δρὶμα
1394 4409 1852 4478 ὑποκρινάμενος,
1889 4411 2024 4464 ἀλλὰ
2087 4413 2225 4480 μετά
2308 4415 2500 4484 καιρὸν
2572 4412 2775 4473 ἀποδὺς
2852 4412 2928 4474 ὡς
2982 4410 3148 4476 ράκια
3190 4410 3261 4461 τά
3312 4406 3492 4460 ἀπαλά
3536 4408 3628 4458 καὶ
3681 4405 3819 4473 ὑπὲρ
3865 4405 4056 4457 ἔλαιον

794 4494 911 4543 λεῖα
945 4496 1189 4563 Meam,
1222 4500 1481 4566 ἐμφανῶς
1507 4505 1619 4565 τοῖς
1650 4503 1950 4556 Νικαεῦσιν
2013 4505 2281 4569 ὑπέδειξε,
2349 4509 2443 4559 καὶ
2492 4507 2720 4575 μάλιστα
2771 4507 2884 4566 τοῖς
2929 4503 3050 4557 κατ’
3100 4502 3328 4566 ἀξίωσιν
3375 4500 3468 4549 καὶ
3501 4498 3695 4564 γένους
3741 4498 4056 4565 σεμνότητα

797 4586 1182 4654 ὑπερέχουσιν,
1217 4591 1390 4642 οἷανὸ
1428 4594 1611 4662 γέρων
1638 4596 1954 4661 ἐπιγουνίδα
1986 4597 2177 4664 τρέφει
2234 4598 2402 4666 ὀργῆς
2474 4600 2567 4651 καὶ
2613 4599 2738 4650 ὅσον
2789 4598 2878 4648 τὸν
2932 4594 3261 4664 μετόπισθεν
3313 4592 3606 4657 ὑποτύφων
3654 4590 3809 4641 κότον
3863 4594 3961 4642 xz‘t
3996 4597 4057 4644 τὺ

795 4679 1154 4749 ἐχοραντικόν
1195 4683 1291 4734 καὶ
1325 4684 1667 4753 μνησίκακον
1748 4687 1830 4748 εἰς
1868 4686 2061 4757 καιρὸν
2120 4689 2437 4757 ἐταμιοὺχει
2469 4688 2568 4757 τὴν
2626 4686 3001 4741 ἀνταπόδοσιν.
3051 4684 3286 4745 Πολλοὺς
3361 4684 3542 4734 τοίνυν
3604 4681 3901 4749 μετέπειτα
3958 4683 4057 4750 τῆς

794 4775 1059 4851 πατρίδος
1137 4777 1482 4845 μετανάστας
1554 4781 1884 4850 εἰργάσατο,
1958 4779 2099 4843 τινὲς
2168 4780 2212 4833 δ’
2244 4783 2352 4835 ἀπὸ
2421 4783 2529 4836 τῶν
2604 4781 2804 4851 τειχῶν
2879 4778 3154 4848 κύμϐαχοι
3215 4776 3651 4845 καταρῤιφέντες
3702 4774 4059 4842 οἰκτρότατον

797 4869 1102 4934 ὑπέμειναν
1135 4871 1385 4927 θάνατον.
1420 4872 1554 4924 Τότε
1584 4872 1639 4923 δέ
1686 4872 1812 4933 τοὺς
1870 4872 2087 4940 Πέρσας
2155 4873 2592 4937 ἀνασκολοπίσας
2650 4873 2836 4942 κύκλῳ
2879 4873 2979 4937 τῆς
3002 4872 3228 4934 πόλεως,
3255 4873 3346 4923 καὶ
3369 4871 3462 4921 τον
3489 4869 3751 4935 Ἀγγελον
3785 4868 4059 4923 ’ίσαάκιον

796 4960 1096 5022 ἐπαινέσας
1118 4954 1191 5014 ὧν
1219 4964 1413 5033 ἔδρασε
1447 4957 1641 5015 καῖὧν
1674 4963 1862 5034 εἰρηκε
1886 5004 1901 5028 ,
1937 4963 2010 5032 μὴ
2048 4962 2209 5031 μόνον
2239 4966 2364 5028 τοὺς
2394 4967 2614 5028 ὀδόντας
2680 4968 2763 5026 εἰς
2818 4963 2957 5017 ὅπλα
2997 4963 3090 5015 καὶ
3122 4962 3249 5031 βέλη
3280 4962 3340 5014 ού
3376 4963 3749 5030 μεταποιήσας
3807 4957 3895 5010 ἐπ’
3935 4961 4060 5031 ἴσης

797 5057 876 5125 τῷ
904 5055 1344 5126 Καντακουξηνῷ
1371 5055 1655 5126 Θεοδώρῳ,
1689 5056 1825 5110 ἀλλά
1855 5057 2098 5126 κάκείνῳ
2162 5058 2472 5128 ἐπιπλήξας
2532 5060 2793 5121 πολλάκις
2839 5059 2983 5111 κατὰ
3039 5057 3276 5128 Χριστοῦ
3310 5056 3519 5124 Κυρίου
3570 5054 4051 5125 θρασυστομοῦντι

796 5151 894 5205 καὶ
922 5150 999 5212 ὡς
1046 5150 1108 5201 ἐκ
1146 5148 1373 5202 κουλεοῦ
1424 5148 1515 5200 τοῦ
1566 5149 1838 5216 στόματος
1876 5149 2151 5219 μάχαιραν
2192 5149 2371 5214 ὀξεῖαν
2402 5151 2500 5219 τὴν
2562 5149 2809 5215 γλῶτταν
2856 5148 3093 5211 ἕλκοντι,
3149 5148 3243 5199 καὶ
3274 5146 3529 5216 χρηστῶν
3559 5146 3847 5215 ἐμπλήσας
3882 5164 4058 5213 προσ-

798 5246 995 5300 δοκιῶν
1028 5240 1116 5313 [Ρ.
1152 5242 1296 5311 l85],
1329 5243 1392 5292 τὸ
1418 5239 1463 5292 δ’
1503 5240 1868 5309 ἀληθέστερον
1928 5242 2102 5292 εἰπεῖν
2129 5240 2219 5291 τὸν
2263 5241 2455 5293 ἐαυτοῦ
2488 5245 2653 5309 φονέα
2688 5240 2783 5291 καὶ
2825 5241 2925 5308 τῆς
2971 5242 3149 5307 ἀρχῆς
3203 5237 3590 5306 παραλύσοντα
3643 5236 3863 5304 τρέφων
3913 5238 4060 5289 κχτᾶ

799 5340 955 5389 (νεῖον
1017 5335 1112 5388 καὶ
1146 5333 1495 5401 περιθάλπων
1538 5335 1618 5393 εἰς
1643 5333 1735 5385 τὸν
1762 5335 1828 5401 τῇ
1866 5333 2098 5402 Προνοίᾳ
2121 5334 2382 5387 δοκοῦντα
2415 5337 2629 5405 καιρὸν,
2662 5336 2871 5387 ἐκεῖνον
2916 5333 3014 5400 μὲν
3058 5332 3235 5383 ὀπίσω
3263 5329 3585 5398 ἀποπέμπει
3647 5327 3782 5396 πρὸς
3839 5329 3901 5380 τὸ
3957 5330 4060 5380 Bu-

800 5435 1039 5493 (Σέντιον,
1063 5428 1222 5488 αὑτὸς
1258 5426 1315 5479 δὲ
1352 5426 1485 5493 πρὸς
1516 5427 1575 5478 τὸ
1605 5425 1713 5477 τῶν
1748 5428 2076 5496 Προυσαέων
2130 5429 2455 5496 μεταϐαίνει
2516 5429 2757 5495 πόλισμα
2819 5429 2954 5495 μετὰ
3001 5424 3112 5477 τῶν
3188 5421 3545 5491 ἐφεπομένων
3607 5421 3752 5487 αὑτῳ
3786 5436 4058 5488 στρατιω-

799 5520 974 5574 τικῶν
1013 5520 1244 5583 τάξεων.

875 5638 929 5693 4.
966 5634 1233 5690 Machinis
1279 5643 1333 5687 et
1373 5633 1507 5687 viris
1546 5634 1699 5701 «meri
1760 5634 2010 5699 intentis,
2050 5636 2165 5704 ipse
2212 5635 2384 5703 pluri-
2412 5633 2463 5693 Ι)
2559 5658 2560 5671 ι

2373 5666 2384 5675 .
2412 5633 2463 5693 D
2559 5630 2621 5682 δ’,
2672 5628 2779 5680 Καὶ
2820 5626 2883 5694 δὴ
2926 5622 3065 5676 κατὰ
3105 5620 3164 5671 ἐὖ
3198 5618 3333 5686 προς
3373 5617 3721 5687 μεσημερξαν
3754 5617 3919 5683 μέρθς
3959 5618 4058 5685 τῆς

805 5744 921 5781 nias
950 5728 1162 5782 litteras
1211 5724 1422 5794 sagittis
1474 5740 1714 5779 annexas
1753 5723 1806 5776 in
1836 5725 2027 5778 urbem
2083 5723 2379 5794 jaculatur,

2375 5764 2379 5783 ,
2498 5724 2703 5783 πόλεως
2730 5717 2909 5788 βαλὼν
2944 5718 3183 5787 χάρακα,
3219 5713 3352 5765 καθὸ
3382 5711 3446 5782 δὴ
3477 5711 3568 5763 καὶ
3602 5709 3860 5779 προσιτὸν
3883 5709 4060 5761 ἐδόκει
