  <div class='ocr_page' id='page_1' title='image "/cluster/home/n/w/nwhite01/storage/ocr_20150623/139/nnc1.0046979840/341.png"; bbox 0 0 4268 6358; ppageno 0'>
   <div class='ocr_carea' id='block_1_1' title="bbox 384 6228 421 6263">
    <p class='ocr_par' dir='ltr' id='par_1_1' title="bbox 384 6228 421 6263">
     <span class='ocr_line' id='line_1_1' title="bbox 384 6228 421 6263; baseline 0 0"><span class='ocrx_word' id='word_1_1' title='bbox 384 6228 421 6263; x_wconf 69' lang='grc' dir='ltr'><em>Α</em></span> 
     </span>
    </p>
   </div>
   <div class='ocr_carea' id='block_1_2' title="bbox 778 352 2463 433">
    <p class='ocr_par' dir='ltr' id='par_1_2' title="bbox 778 352 2463 417">
     <span class='ocr_line' id='line_1_2' title="bbox 778 352 2463 417; baseline -0.003 -2"><span class='ocrx_word' id='word_1_2' title='bbox 778 354 879 415; x_wconf 80' lang='lat' dir='ltr'><strong>6l&#39;l</strong></span> <span class='ocrx_word' id='word_1_3' title='bbox 2016 352 2314 413; x_wconf 51' lang='lat' dir='ltr'><strong>NICETIS</strong></span> <span class='ocrx_word' id='word_1_4' title='bbox 2348 356 2463 417; x_wconf 71' lang='lat' dir='ltr'><strong>CH1</strong></span> 
     </span>
    </p>
   </div>
   <div class='ocr_carea' id='block_1_3' title="bbox 2343 352 4028 433">
    <p class='ocr_par' dir='ltr' id='par_1_3' title="bbox 2348 356 4028 433">
     <span class='ocr_line' id='line_1_3' title="bbox 2348 356 4028 433; baseline 0.002 -18"><span class='ocrx_word' id='word_1_5' title='bbox 2348 356 2757 419; x_wconf 72' lang='lat' dir='ltr'><strong>CHONIATA!</strong></span> <span class='ocrx_word' id='word_1_6' title='bbox 3921 369 4028 433; x_wconf 70' lang='grc' dir='ltr'><strong>ωε</strong></span> 
     </span>
    </p>
   </div>
   <div class='ocr_carea' id='block_1_4' title="bbox 773 466 4030 551">
    <p class='ocr_par' dir='ltr' id='par_1_4' title="bbox 773 466 4030 551">
     <span class='ocr_line' id='line_1_4' title="bbox 773 466 4030 551; baseline 0.005 -28"><span class='ocrx_word' id='word_1_7' title='bbox 773 472 1025 539; x_wconf 72' lang='grc' dir='ltr'><strong>ἁσμένως</strong></span> <span class='ocrx_word' id='word_1_8' title='bbox 1074 466 1548 540; x_wconf 72' lang='grc' dir='ltr'><strong>προσδεχθησεται</strong></span> <span class='ocrx_word' id='word_1_9' title='bbox 1590 468 1741 535; x_wconf 72' lang='grc' dir='ltr'><strong>παρὰ</strong></span> <span class='ocrx_word' id='word_1_10' title='bbox 1804 468 2043 530; x_wconf 78' lang='grc' dir='ltr'><strong>πάντων,</strong></span> <span class='ocrx_word' id='word_1_11' title='bbox 2117 470 2240 521; x_wconf 69' lang='grc' dir='ltr'><strong>ἐπεὶ</strong></span> <span class='ocrx_word' id='word_1_12' title='bbox 2291 474 2387 525; x_wconf 82' lang='grc' dir='ltr'><strong>καὶ</strong></span> <span class='ocrx_word' id='word_1_13' title='bbox 2427 473 2487 527; x_wconf 78' lang='grc' dir='ltr'><strong>τὸ</strong></span> <span class='ocrx_word' id='word_1_14' title='bbox 2550 477 2742 546; x_wconf 77' lang='grc' dir='ltr'><strong>πόρρω</strong></span> <span class='ocrx_word' id='word_1_15' title='bbox 2780 476 2950 531; x_wconf 74' lang='grc' dir='ltr'><strong>κακὸν</strong></span> <span class='ocrx_word' id='word_1_16' title='bbox 2986 477 3081 530; x_wconf 74' lang='grc' dir='ltr'><strong>τοῦ</strong></span> <span class='ocrx_word' id='word_1_17' title='bbox 3158 481 3219 533; x_wconf 73' lang='grc' dir='ltr'><strong>ἐν</strong></span> <span class='ocrx_word' id='word_1_18' title='bbox 3260 481 3450 550; x_wconf 72' lang='grc' dir='ltr'><strong>χερσὶν</strong></span> <span class='ocrx_word' id='word_1_19' title='bbox 3506 479 3878 551; x_wconf 70' lang='grc' dir='ltr'><strong>ἀλυπότερον,</strong></span> <span class='ocrx_word' id='word_1_20' title='bbox 3935 500 4030 550; x_wconf 64' lang='grc' dir='ltr'><strong>καὶ</strong></span> 
     </span>
    </p>
   </div>
   <div class='ocr_carea' id='block_1_5' title="bbox 772 559 4030 644">
    <p class='ocr_par' dir='ltr' id='par_1_5' title="bbox 772 559 4030 644">
     <span class='ocr_line' id='line_1_5' title="bbox 772 559 4030 644; baseline 0.002 -26"><span class='ocrx_word' id='word_1_21' title='bbox 772 564 870 619; x_wconf 82' lang='grc' dir='ltr'><strong>τοῦ</strong></span> <span class='ocrx_word' id='word_1_22' title='bbox 927 562 1199 624; x_wconf 78' lang='grc' dir='ltr'><strong>θλίϐοντος</strong></span> <span class='ocrx_word' id='word_1_23' title='bbox 1264 560 1391 629; x_wconf 81' lang='grc' dir='ltr'><strong>ἄρτι</strong></span> <span class='ocrx_word' id='word_1_24' title='bbox 1436 559 1766 629; x_wconf 75' lang='grc' dir='ltr'><strong>κουφότερον</strong></span> <span class='ocrx_word' id='word_1_25' title='bbox 1804 562 1883 644; x_wconf 64' lang='grc' dir='ltr'><strong>Δτὸ</strong></span> <span class='ocrx_word' id='word_1_26' title='bbox 1935 562 2294 633; x_wconf 75' lang='grc' dir='ltr'><strong>ἐλπιζόμενον</strong></span> <span class='ocrx_word' id='word_1_27' title='bbox 2350 570 2631 638; x_wconf 78' lang='grc' dir='ltr'>χείριστον</span> <span class='ocrx_word' id='word_1_28' title='bbox 2669 585 2684 599; x_wconf 76' lang='grc' dir='ltr'><strong>ο</strong></span> <span class='ocrx_word' id='word_1_29' title='bbox 2724 570 3028 639; x_wconf 79' lang='grc' dir='ltr'><strong>ἀγαπητῶς</strong></span> <span class='ocrx_word' id='word_1_30' title='bbox 3096 570 3205 639; x_wconf 83' lang='grc' dir='ltr'><strong>γὰρ</strong></span> <span class='ocrx_word' id='word_1_31' title='bbox 3274 573 3741 644; x_wconf 86' lang='grc' dir='ltr'><strong>παρακερδαίνειν</strong></span> <span class='ocrx_word' id='word_1_32' title='bbox 3766 575 4030 643; x_wconf 75' lang='grc' dir='ltr'><strong>ἐοίκαμεν</strong></span> 
     </span>
    </p>
   </div>
   <div class='ocr_carea' id='block_1_6' title="bbox 773 642 2341 731">
    <p class='ocr_par' dir='ltr' id='par_1_6' title="bbox 773 642 2341 731">
     <span class='ocr_line' id='line_1_6' title="bbox 773 642 2341 731; baseline -0.001 -14"><span class='ocrx_word' id='word_1_33' title='bbox 773 662 1056 731; x_wconf 83' lang='grc' dir='ltr'><strong>ἄνθρωποι</strong></span> <span class='ocrx_word' id='word_1_34' title='bbox 1124 658 1219 709; x_wconf 75' lang='grc' dir='ltr'><strong>καὶ</strong></span> <span class='ocrx_word' id='word_1_35' title='bbox 1257 656 1357 727; x_wconf 74' lang='grc' dir='ltr'><strong>τὴν</strong></span> <span class='ocrx_word' id='word_1_36' title='bbox 1400 657 1662 727; x_wconf 84' lang='grc' dir='ltr'><strong>βραχεῖαν</strong></span> <span class='ocrx_word' id='word_1_37' title='bbox 1691 642 2108 724; x_wconf 63' lang='grc' dir='ltr'><strong>’ποῦ’άλγοῦντος</strong></span> <span class='ocrx_word' id='word_1_38' title='bbox 2132 660 2341 716; x_wconf 81' lang='grc' dir='ltr'><strong>ἄνεσιν.</strong></span> 
     </span>
    </p>
   </div>
   <div class='ocr_carea' id='block_1_7' title="bbox 844 748 2529 826">
    <p class='ocr_par' dir='ltr' id='par_1_7' title="bbox 844 749 2529 820">
     <span class='ocr_line' id='line_1_7' title="bbox 844 749 2529 820; baseline 0.001 -17"><span class='ocrx_word' id='word_1_39' title='bbox 844 749 898 803; x_wconf 84' lang='grc'><strong>6.</strong></span> <span class='ocrx_word' id='word_1_40' title='bbox 939 749 1045 803; x_wconf 85' lang='lat' dir='ltr'><strong>Sed</strong></span> <span class='ocrx_word' id='word_1_41' title='bbox 1102 763 1225 802; x_wconf 89' lang='lat' dir='ltr'><strong>cum</strong></span> <span class='ocrx_word' id='word_1_42' title='bbox 1290 750 1500 803; x_wconf 97' lang='lat' dir='ltr'><strong>hostem</strong></span> <span class='ocrx_word' id='word_1_43' title='bbox 1564 749 1845 803; x_wconf 87' lang='lat' dir='ltr'><strong>absentem</strong></span> <span class='ocrx_word' id='word_1_44' title='bbox 1908 750 1962 802; x_wconf 91' lang='lat' dir='ltr'><strong>in</strong></span> <span class='ocrx_word' id='word_1_45' title='bbox 2015 760 2343 820; x_wconf 88' lang='lat' dir='ltr'><strong>potestatem</strong></span> <span class='ocrx_word' id='word_1_46' title='bbox 2378 759 2422 813; x_wconf 74' lang='grc' dir='ltr'><strong>Α</strong></span> <span class='ocrx_word' id='word_1_47' title='bbox 2523 773 2529 796; x_wconf 72' lang='grc' dir='ltr'><strong>ε</strong></span> 
     </span>
    </p>
   </div>
   <div class='ocr_carea' id='block_1_8' title="bbox 2345 748 4030 826">
    <p class='ocr_par' dir='ltr' id='par_1_8' title="bbox 2378 748 4030 826">
     <span class='ocr_line' id='line_1_8' title="bbox 2378 748 4030 826; baseline -0.003 -21"><span class='ocrx_word' id='word_1_48' title='bbox 2378 759 2422 813; x_wconf 74' lang='grc' dir='ltr'><strong>Α</strong></span> <span class='ocrx_word' id='word_1_49' title='bbox 2523 748 2598 815; x_wconf 83' lang='grc' dir='ltr'><strong>ς’,</strong></span> <span class='ocrx_word' id='word_1_50' title='bbox 2630 749 2721 818; x_wconf 79' lang='grc' dir='ltr'><strong>Μὴ</strong></span> <span class='ocrx_word' id='word_1_51' title='bbox 2780 748 2918 817; x_wconf 74' lang='grc' dir='ltr'><strong>ἔχων</strong></span> <span class='ocrx_word' id='word_1_52' title='bbox 2946 749 2989 801; x_wconf 79' lang='grc' dir='ltr'><strong>δ’</strong></span> <span class='ocrx_word' id='word_1_53' title='bbox 3013 751 3159 812; x_wconf 86' lang='grc' dir='ltr'><strong>ὅπως</strong></span> <span class='ocrx_word' id='word_1_54' title='bbox 3216 752 3306 801; x_wconf 76' lang='grc' dir='ltr'><strong>τὸν</strong></span> <span class='ocrx_word' id='word_1_55' title='bbox 3361 752 3573 804; x_wconf 80' lang='grc' dir='ltr'><strong>ἀπόντα</strong></span> <span class='ocrx_word' id='word_1_56' title='bbox 3606 753 3799 823; x_wconf 78' lang='grc' dir='ltr'><strong>ἐχθρὸν</strong></span> <span class='ocrx_word' id='word_1_57' title='bbox 3828 758 4030 826; x_wconf 80' lang='grc' dir='ltr'><strong>χειρώ-</strong></span> 
     </span>
    </p>
   </div>
   <div class='ocr_carea' id='block_1_9' title="bbox 775 840 2342 910">
    <p class='ocr_par' dir='ltr' id='par_1_9' title="bbox 775 840 2342 910">
     <span class='ocr_line' id='line_1_9' title="bbox 775 840 2342 910; baseline -0.001 -13"><span class='ocrx_word' id='word_1_58' title='bbox 775 858 928 897; x_wconf 89' lang='lat' dir='ltr'><strong>suam</strong></span> <span class='ocrx_word' id='word_1_59' title='bbox 961 842 1211 910; x_wconf 84' lang='lat' dir='ltr'><strong>redigere</strong></span> <span class='ocrx_word' id='word_1_60' title='bbox 1245 856 1355 894; x_wconf 89' lang='lat' dir='ltr'><strong>non</strong></span> <span class='ocrx_word' id='word_1_61' title='bbox 1391 848 1593 908; x_wconf 85' lang='lat' dir='ltr'><strong>posset,</strong></span> <span class='ocrx_word' id='word_1_62' title='bbox 1627 840 1705 892; x_wconf 92' lang='lat' dir='ltr'><strong>ira</strong></span> <span class='ocrx_word' id='word_1_63' title='bbox 1752 841 1805 892; x_wconf 90' lang='lat' dir='ltr'><strong>in</strong></span> <span class='ocrx_word' id='word_1_64' title='bbox 1851 840 1970 909; x_wconf 85' lang='lat' dir='ltr'><strong>ejus</strong></span> <span class='ocrx_word' id='word_1_65' title='bbox 2002 843 2342 910; x_wconf 90' lang='lat' dir='ltr'><strong>propinquos</strong></span> 
     </span>
    </p>
   </div>
   <div class='ocr_carea' id='block_1_10' title="bbox 774 933 2344 1001">
    <p class='ocr_par' dir='ltr' id='par_1_10' title="bbox 774 933 2344 1001">
     <span class='ocr_line' id='line_1_10' title="bbox 774 933 2344 1001; baseline 0 -12"><span class='ocrx_word' id='word_1_66' title='bbox 774 951 1061 998; x_wconf 68' lang='lat' dir='ltr'><strong>conversa,</strong></span> <span class='ocrx_word' id='word_1_67' title='bbox 1113 950 1278 988; x_wconf 85' lang='lat' dir='ltr'><strong>canes</strong></span> <span class='ocrx_word' id='word_1_68' title='bbox 1332 933 1580 987; x_wconf 73' lang='lat' dir='ltr'><strong>imitatus</strong></span> <span class='ocrx_word' id='word_1_69' title='bbox 1636 933 1730 1001; x_wconf 88' lang='lat' dir='ltr'><strong>qui</strong></span> <span class='ocrx_word' id='word_1_70' title='bbox 1767 934 2043 987; x_wconf 84' lang='lat' dir='ltr'><strong>hominem</strong></span> <span class='ocrx_word' id='word_1_71' title='bbox 2088 935 2344 989; x_wconf 88' lang='lat' dir='ltr'><strong>allatrare</strong></span> 
     </span>
    </p>
   </div>
   <div class='ocr_carea' id='block_1_11' title="bbox 771 1022 2349 1093">
    <p class='ocr_par' dir='ltr' id='par_1_11' title="bbox 771 1022 2349 1093">
     <span class='ocr_line' id='line_1_11' title="bbox 771 1022 2349 1093; baseline -0.001 -15"><span class='ocrx_word' id='word_1_72' title='bbox 771 1026 1015 1079; x_wconf 90' lang='lat' dir='ltr'><strong>contenti</strong></span> <span class='ocrx_word' id='word_1_73' title='bbox 1052 1024 1286 1093; x_wconf 88' lang='lat' dir='ltr'><strong>lapidem</strong></span> <span class='ocrx_word' id='word_1_74' title='bbox 1317 1022 1386 1075; x_wconf 89' lang='lat' dir='ltr'><strong>ab</strong></span> <span class='ocrx_word' id='word_1_75' title='bbox 1419 1037 1486 1074; x_wconf 89' lang='lat' dir='ltr'><strong>eo</strong></span> <span class='ocrx_word' id='word_1_76' title='bbox 1534 1024 1849 1091; x_wconf 76' lang='lat' dir='ltr'><strong>conjectum</strong></span> <span class='ocrx_word' id='word_1_77' title='bbox 1883 1022 2164 1077; x_wconf 86' lang='lat' dir='ltr'><strong>mordicus</strong></span> <span class='ocrx_word' id='word_1_78' title='bbox 2206 1026 2349 1078; x_wconf 89' lang='lat' dir='ltr'><strong>arri—</strong></span> 
     </span>
    </p>
   </div>
   <div class='ocr_carea' id='block_1_12' title="bbox 778 1113 2346 1186">
    <p class='ocr_par' dir='ltr' id='par_1_12' title="bbox 778 1113 2346 1186">
     <span class='ocr_line' id='line_1_12' title="bbox 778 1113 2346 1186; baseline -0.001 -16"><span class='ocrx_word' id='word_1_79' title='bbox 778 1118 959 1186; x_wconf 79' lang='lat' dir='ltr'><strong>piunt,</strong></span> <span class='ocrx_word' id='word_1_80' title='bbox 1014 1115 1393 1168; x_wconf 82' lang='lat' dir='ltr'><strong>Macroducam</strong></span> <span class='ocrx_word' id='word_1_81' title='bbox 1440 1113 1858 1167; x_wconf 85' lang='lat' dir='ltr'><strong>Constantinum</strong></span> <span class='ocrx_word' id='word_1_82' title='bbox 1912 1124 1967 1167; x_wconf 89' lang='lat' dir='ltr'><strong>et</strong></span> <span class='ocrx_word' id='word_1_83' title='bbox 1998 1114 2201 1168; x_wconf 89' lang='lat' dir='ltr'><strong>Ducam</strong></span> <span class='ocrx_word' id='word_1_84' title='bbox 2234 1114 2346 1168; x_wconf 84' lang='lat' dir='ltr'><strong>An-</strong></span> 
     </span>
    </p>
   </div>
   <div class='ocr_carea' id='block_1_13' title="bbox 774 1203 2345 1276">
    <p class='ocr_par' dir='ltr' id='par_1_13' title="bbox 774 1203 2345 1276">
     <span class='ocr_line' id='line_1_13' title="bbox 774 1203 2345 1276; baseline -0.001 -16"><span class='ocrx_word' id='word_1_85' title='bbox 774 1208 1059 1261; x_wconf 90' lang='lat' dir='ltr'><strong>dronicum</strong></span> <span class='ocrx_word' id='word_1_86' title='bbox 1088 1207 1142 1259; x_wconf 91' lang='lat' dir='ltr'><strong>in</strong></span> <span class='ocrx_word' id='word_1_87' title='bbox 1175 1206 1265 1276; x_wconf 86' lang='lat' dir='ltr'><strong>jus</strong></span> <span class='ocrx_word' id='word_1_88' title='bbox 1290 1217 1478 1267; x_wconf 71' lang='lat' dir='ltr'><strong>vocat;</strong></span> <span class='ocrx_word' id='word_1_89' title='bbox 1512 1203 1603 1271; x_wconf 94' lang='lat' dir='ltr'><strong>qui</strong></span> <span class='ocrx_word' id='word_1_90' title='bbox 1642 1205 2027 1258; x_wconf 87' lang='lat' dir='ltr'><strong>conlirmarant</strong></span> <span class='ocrx_word' id='word_1_91' title='bbox 2056 1205 2345 1269; x_wconf 88' lang='lat' dir='ltr'><strong>lsaacium,</strong></span> 
     </span>
    </p>
   </div>
   <div class='ocr_carea' id='block_1_14' title="bbox 777 1294 2347 1365">
    <p class='ocr_par' dir='ltr' id='par_1_14' title="bbox 777 1294 2347 1365">
     <span class='ocr_line' id='line_1_14' title="bbox 777 1294 2347 1365; baseline -0.001 -14"><span class='ocrx_word' id='word_1_92' title='bbox 777 1299 820 1351; x_wconf 85' lang='lat' dir='ltr'><strong>si</strong></span> <span class='ocrx_word' id='word_1_93' title='bbox 852 1297 1167 1365; x_wconf 87' lang='lat' dir='ltr'><strong>redemptus</strong></span> <span class='ocrx_word' id='word_1_94' title='bbox 1204 1297 1255 1348; x_wconf 90' lang='lat' dir='ltr'><strong>in</strong></span> <span class='ocrx_word' id='word_1_95' title='bbox 1307 1296 1537 1363; x_wconf 88' lang='lat' dir='ltr'><strong>patriam</strong></span> <span class='ocrx_word' id='word_1_96' title='bbox 1572 1294 1795 1354; x_wconf 87' lang='lat' dir='ltr'><strong>rediret,</strong></span> <span class='ocrx_word' id='word_1_97' title='bbox 1830 1294 2042 1349; x_wconf 85' lang='lat' dir='ltr'><strong>lidelem</strong></span> <span class='ocrx_word' id='word_1_98' title='bbox 2070 1305 2127 1350; x_wconf 91' lang='lat' dir='ltr'><strong>et</strong></span> <span class='ocrx_word' id='word_1_99' title='bbox 2161 1298 2347 1351; x_wconf 86' lang='lat' dir='ltr'><strong>utilem</strong></span> 
     </span>
    </p>
   </div>
   <div class='ocr_carea' id='block_1_15' title="bbox 776 1386 2348 1458">
    <p class='ocr_par' dir='ltr' id='par_1_15' title="bbox 776 1386 2348 1458">
     <span class='ocr_line' id='line_1_15' title="bbox 776 1386 2348 1458; baseline -0.001 -16"><span class='ocrx_word' id='word_1_100' title='bbox 776 1390 853 1444; x_wconf 88' lang='lat' dir='ltr'><strong>illi</strong></span> <span class='ocrx_word' id='word_1_101' title='bbox 894 1403 1115 1457; x_wconf 82' lang='lat' dir='ltr'><strong>cperam</strong></span> <span class='ocrx_word' id='word_1_102' title='bbox 1152 1396 1503 1441; x_wconf 89' lang='lat' dir='ltr'><strong>navaturum.</strong></span> <span class='ocrx_word' id='word_1_103' title='bbox 1559 1386 1757 1440; x_wconf 85' lang='lat' dir='ltr'><strong>Paucis</strong></span> <span class='ocrx_word' id='word_1_104' title='bbox 1785 1386 1981 1440; x_wconf 80' lang='lat' dir='ltr'><strong>diebus</strong></span> <span class='ocrx_word' id='word_1_105' title='bbox 2016 1398 2137 1456; x_wconf 90' lang='lat' dir='ltr'><strong>post</strong></span> <span class='ocrx_word' id='word_1_106' title='bbox 2179 1389 2348 1458; x_wconf 89' lang='lat' dir='ltr'><strong>maje-</strong></span> 
     </span>
    </p>
   </div>
   <div class='ocr_carea' id='block_1_16' title="bbox 777 1477 2351 1547">
    <p class='ocr_par' dir='ltr' id='par_1_16' title="bbox 777 1477 2351 1547">
     <span class='ocr_line' id='line_1_16' title="bbox 777 1477 2351 1547; baseline 0.001 -14"><span class='ocrx_word' id='word_1_107' title='bbox 777 1480 938 1533; x_wconf 80' lang='lat' dir='ltr'><strong>statis</strong></span> <span class='ocrx_word' id='word_1_108' title='bbox 971 1479 1049 1532; x_wconf 85' lang='lat' dir='ltr'><strong>rei</strong></span> <span class='ocrx_word' id='word_1_109' title='bbox 1072 1479 1231 1541; x_wconf 84' lang='lat' dir='ltr'><strong>liunt,</strong></span> <span class='ocrx_word' id='word_1_110' title='bbox 1264 1478 1515 1547; x_wconf 77' lang='lat' dir='ltr'><strong>quamvis</strong></span> <span class='ocrx_word' id='word_1_111' title='bbox 1540 1477 1816 1547; x_wconf 86' lang='lat' dir='ltr'><strong>principes</strong></span> <span class='ocrx_word' id='word_1_112' title='bbox 1848 1477 2103 1533; x_wconf 77' lang='lat' dir='ltr'><strong>factionis</strong></span> <span class='ocrx_word' id='word_1_113' title='bbox 2138 1481 2351 1535; x_wconf 81' lang='lat' dir='ltr'><strong>Andro-</strong></span> 
     </span>
    </p>
   </div>
   <div class='ocr_carea' id='block_1_17' title="bbox 777 1568 2352 1638">
    <p class='ocr_par' dir='ltr' id='par_1_17' title="bbox 777 1568 2352 1638">
     <span class='ocr_line' id='line_1_17' title="bbox 777 1568 2352 1638; baseline 0 -13"><span class='ocrx_word' id='word_1_114' title='bbox 777 1571 885 1625; x_wconf 87' lang='lat' dir='ltr'><strong>nici</strong></span> <span class='ocrx_word' id='word_1_115' title='bbox 917 1584 969 1625; x_wconf 89' lang='lat' dir='ltr'><strong>et</strong></span> <span class='ocrx_word' id='word_1_116' title='bbox 993 1572 1190 1624; x_wconf 89' lang='lat' dir='ltr'><strong>summi</strong></span> <span class='ocrx_word' id='word_1_117' title='bbox 1221 1570 1380 1623; x_wconf 86' lang='lat' dir='ltr'><strong>amici</strong></span> <span class='ocrx_word' id='word_1_118' title='bbox 1405 1570 1559 1637; x_wconf 86' lang='lat' dir='ltr'><strong>ejus:</strong></span> <span class='ocrx_word' id='word_1_119' title='bbox 1612 1583 1737 1623; x_wconf 88' lang='lat' dir='ltr'><strong>nam</strong></span> <span class='ocrx_word' id='word_1_120' title='bbox 1776 1568 2128 1623; x_wconf 85' lang='lat' dir='ltr'><strong>Macroducas</strong></span> <span class='ocrx_word' id='word_1_121' title='bbox 2154 1580 2352 1638; x_wconf 71' lang='lat' dir='ltr'><strong>praeter</strong></span> 
     </span>
    </p>
   </div>
   <div class='ocr_carea' id='block_1_18' title="bbox 779 1659 2354 1728">
    <p class='ocr_par' dir='ltr' id='par_1_18' title="bbox 779 1659 2354 1728">
     <span class='ocr_line' id='line_1_18' title="bbox 779 1659 2354 1728; baseline -0.001 -14"><span class='ocrx_word' id='word_1_122' title='bbox 779 1669 974 1715; x_wconf 69' lang='lat' dir='ltr'><strong>caetera</strong></span> <span class='ocrx_word' id='word_1_123' title='bbox 997 1660 1192 1721; x_wconf 80' lang='lat' dir='ltr'><strong>oﬂicia,</strong></span> <span class='ocrx_word' id='word_1_124' title='bbox 1219 1659 1383 1728; x_wconf 82' lang='lat'><strong>380</strong></span> <span class='ocrx_word' id='word_1_125' title='bbox 1418 1659 1621 1727; x_wconf 84' lang='lat' dir='ltr'><strong>quibus</strong></span> <span class='ocrx_word' id='word_1_126' title='bbox 1658 1659 2030 1713; x_wconf 82' lang='lat' dir='ltr'><strong>Andronicum</strong></span> <span class='ocrx_word' id='word_1_127' title='bbox 2058 1659 2354 1713; x_wconf 85' lang='lat' dir='ltr'><strong>observan-</strong></span> 
     </span>
    </p>
   </div>
   <div class='ocr_carea' id='block_1_19' title="bbox 782 1747 2350 1813">
    <p class='ocr_par' dir='ltr' id='par_1_19' title="bbox 782 1747 2350 1813">
     <span class='ocr_line' id='line_1_19' title="bbox 782 1747 2350 1813; baseline 0.002 -14"><span class='ocrx_word' id='word_1_128' title='bbox 782 1750 989 1803; x_wconf 83' lang='lat' dir='ltr'><strong>tissime</strong></span> <span class='ocrx_word' id='word_1_129' title='bbox 1020 1748 1257 1812; x_wconf 89' lang='lat' dir='ltr'><strong>colebat,</strong></span> <span class='ocrx_word' id='word_1_130' title='bbox 1291 1747 1594 1800; x_wconf 69' lang='lat' dir='ltr'><strong>’l‘beodora:</strong></span> <span class='ocrx_word' id='word_1_131' title='bbox 1614 1747 1804 1800; x_wconf 70' lang='lat' dir='ltr'><strong>amica:</strong></span> <span class='ocrx_word' id='word_1_132' title='bbox 1843 1748 1963 1813; x_wconf 88' lang='lat' dir='ltr'><strong>ejus</strong></span> <span class='ocrx_word' id='word_1_133' title='bbox 2010 1762 2254 1802; x_wconf 85' lang='lat' dir='ltr'><strong>sororem</strong></span> <span class='ocrx_word' id='word_1_134' title='bbox 2296 1749 2350 1802; x_wconf 91' lang='lat' dir='ltr'><strong>in</strong></span> 
     </span>
    </p>
   </div>
   <div class='ocr_carea' id='block_1_20' title="bbox 781 1837 2351 1901">
    <p class='ocr_par' dir='ltr' id='par_1_20' title="bbox 781 1837 2351 1901">
     <span class='ocr_line' id='line_1_20' title="bbox 781 1837 2351 1901; baseline -0.001 -7"><span class='ocrx_word' id='word_1_135' title='bbox 781 1841 1132 1894; x_wconf 88' lang='lat' dir='ltr'><strong>matrimonio</strong></span> <span class='ocrx_word' id='word_1_136' title='bbox 1160 1838 1428 1892; x_wconf 86' lang='lat' dir='ltr'><strong>habebat:</strong></span> <span class='ocrx_word' id='word_1_137' title='bbox 1473 1837 1816 1890; x_wconf 83' lang='lat' dir='ltr'><strong>Andronicus</strong></span> <span class='ocrx_word' id='word_1_138' title='bbox 1843 1852 1976 1890; x_wconf 82' lang='lat' dir='ltr'><strong>vero</strong></span> <span class='ocrx_word' id='word_1_139' title='bbox 2011 1838 2205 1901; x_wconf 83' lang='lat' dir='ltr'><strong>Ducas,</strong></span> <span class='ocrx_word' id='word_1_140' title='bbox 2250 1839 2351 1893; x_wconf 90' lang='lat' dir='ltr'><strong>ho-</strong></span> 
     </span>
    </p>
   </div>
   <div class='ocr_carea' id='block_1_21' title="bbox 782 1927 2351 2000">
    <p class='ocr_par' dir='ltr' id='par_1_21' title="bbox 782 1927 2351 2000">
     <span class='ocr_line' id='line_1_21' title="bbox 782 1927 2351 2000; baseline 0.001 -18"><span class='ocrx_word' id='word_1_141' title='bbox 782 1945 874 1983; x_wconf 92' lang='lat' dir='ltr'><strong>mo</strong></span> <span class='ocrx_word' id='word_1_142' title='bbox 910 1931 1133 1999; x_wconf 79' lang='lat' dir='ltr'><strong>depygis</strong></span> <span class='ocrx_word' id='word_1_143' title='bbox 1162 1940 1216 1982; x_wconf 90' lang='lat' dir='ltr'><strong>et</strong></span> <span class='ocrx_word' id='word_1_144' title='bbox 1244 1928 1500 1982; x_wconf 86' lang='lat' dir='ltr'><strong>sordidus</strong></span> <span class='ocrx_word' id='word_1_145' title='bbox 1525 1943 1587 1982; x_wconf 90' lang='lat' dir='ltr'><strong>ac</strong></span> <span class='ocrx_word' id='word_1_146' title='bbox 1614 1928 1884 1996; x_wconf 76' lang='lat' dir='ltr'><strong>perfricta:</strong></span> <span class='ocrx_word' id='word_1_147' title='bbox 1913 1927 2132 1994; x_wconf 83' lang='lat' dir='ltr'><strong>frontis,</strong></span> <span class='ocrx_word' id='word_1_148' title='bbox 2160 1931 2351 2000; x_wconf 90' lang='lat' dir='ltr'><strong>majori</strong></span> 
     </span>
    </p>
   </div>
   <div class='ocr_carea' id='block_1_22' title="bbox 782 2020 2351 2101">
    <p class='ocr_par' dir='ltr' id='par_1_22' title="bbox 782 2020 2351 2101">
     <span class='ocr_line' id='line_1_22' title="bbox 782 2020 2351 2101; baseline 0 -26"><span class='ocrx_word' id='word_1_149' title='bbox 782 2022 886 2075; x_wconf 83' lang='lat' dir='ltr'><strong>sibi</strong></span> <span class='ocrx_word' id='word_1_150' title='bbox 911 2038 1054 2075; x_wconf 79' lang='lat' dir='ltr'><strong>cura:</strong></span> <span class='ocrx_word' id='word_1_151' title='bbox 1089 2036 1210 2074; x_wconf 86' lang='lat' dir='ltr'><strong>esse</strong></span> <span class='ocrx_word' id='word_1_152' title='bbox 1235 2020 1534 2074; x_wconf 77' lang='lat' dir='ltr'><strong>Andronici</strong></span> <span class='ocrx_word' id='word_1_153' title='bbox 1579 2020 1811 2074; x_wconf 89' lang='lat' dir='ltr'><strong>salutem</strong></span> <span class='ocrx_word' id='word_1_154' title='bbox 1842 2036 2004 2089; x_wconf 90' lang='lat' dir='ltr'><strong>quam</strong></span> <span class='ocrx_word' id='word_1_155' title='bbox 2048 2021 2150 2090; x_wconf 90' lang='lat' dir='ltr'><strong>ipsi</strong></span> <span class='ocrx_word' id='word_1_156' title='bbox 2178 2022 2351 2101; x_wconf 77' lang='lat' dir='ltr'><strong>simu—</strong></span> 
     </span>
    </p>
   </div>
   <div class='ocr_carea' id='block_1_23' title="bbox 782 2112 2350 2182">
    <p class='ocr_par' dir='ltr' id='par_1_23' title="bbox 782 2112 2350 2182">
     <span class='ocr_line' id='line_1_23' title="bbox 782 2112 2350 2182; baseline 0 -14"><span class='ocrx_word' id='word_1_157' title='bbox 782 2114 952 2168; x_wconf 86' lang='lat' dir='ltr'><strong>labat.</strong></span> <span class='ocrx_word' id='word_1_158' title='bbox 978 2114 1134 2179; x_wconf 87' lang='lat' dir='ltr'><strong>Quod</strong></span> <span class='ocrx_word' id='word_1_159' title='bbox 1166 2114 1212 2168; x_wconf 95' lang='lat' dir='ltr'><strong>si</strong></span> <span class='ocrx_word' id='word_1_160' title='bbox 1244 2112 1591 2166; x_wconf 86' lang='lat' dir='ltr'><strong>Andronicus</strong></span> <span class='ocrx_word' id='word_1_161' title='bbox 1620 2113 1857 2182; x_wconf 84' lang='lat' dir='ltr'><strong>aliquem</strong></span> <span class='ocrx_word' id='word_1_162' title='bbox 1883 2129 2084 2168; x_wconf 71' lang='lat' dir='ltr'><strong>camare</strong></span> <span class='ocrx_word' id='word_1_163' title='bbox 2116 2114 2350 2178; x_wconf 77' lang='lat' dir='ltr'><strong>volebat,</strong></span> 
     </span>
    </p>
   </div>
   <div class='ocr_carea' id='block_1_24' title="bbox 783 2203 2357 2273">
    <p class='ocr_par' dir='ltr' id='par_1_24' title="bbox 783 2203 2357 2273">
     <span class='ocr_line' id='line_1_24' title="bbox 783 2203 2357 2273; baseline 0.001 -15"><span class='ocrx_word' id='word_1_164' title='bbox 783 2207 961 2259; x_wconf 86' lang='lat' dir='ltr'><strong>Ducas</strong></span> <span class='ocrx_word' id='word_1_165' title='bbox 1006 2208 1131 2267; x_wconf 86' lang='lat' dir='ltr'><strong>iste,</strong></span> <span class='ocrx_word' id='word_1_166' title='bbox 1170 2204 1323 2272; x_wconf 75' lang='lat' dir='ltr'><strong>quasi</strong></span> <span class='ocrx_word' id='word_1_167' title='bbox 1357 2203 1425 2256; x_wconf 86' lang='lat' dir='ltr'><strong>ab</strong></span> <span class='ocrx_word' id='word_1_168' title='bbox 1452 2203 1699 2268; x_wconf 79' lang='lat' dir='ltr'><strong>improbo</strong></span> <span class='ocrx_word' id='word_1_169' title='bbox 1730 2204 1824 2257; x_wconf 92' lang='lat' dir='ltr'><strong>illo</strong></span> <span class='ocrx_word' id='word_1_170' title='bbox 1871 2204 2150 2273; x_wconf 74' lang='lat' dir='ltr'><strong>magistro,</strong></span> <span class='ocrx_word' id='word_1_171' title='bbox 2200 2206 2357 2260; x_wconf 88' lang='lat' dir='ltr'><strong>hoste</strong></span> 
     </span>
    </p>
   </div>
   <div class='ocr_carea' id='block_1_25' title="bbox 784 2295 2359 2366">
    <p class='ocr_par' dir='ltr' id='par_1_25' title="bbox 784 2295 2359 2366">
     <span class='ocr_line' id='line_1_25' title="bbox 784 2295 2359 2366; baseline -0.001 -14"><span class='ocrx_word' id='word_1_172' title='bbox 784 2298 1006 2354; x_wconf 89' lang='lat' dir='ltr'><strong>humani</strong></span> <span class='ocrx_word' id='word_1_173' title='bbox 1065 2297 1303 2365; x_wconf 81' lang='lat' dir='ltr'><strong>generis,</strong></span> <span class='ocrx_word' id='word_1_174' title='bbox 1327 2295 1576 2357; x_wconf 83' lang='lat' dir='ltr'><strong>edoctus,</strong></span> <span class='ocrx_word' id='word_1_175' title='bbox 1608 2296 1774 2349; x_wconf 88' lang='lat' dir='ltr'><strong>etiam</strong></span> <span class='ocrx_word' id='word_1_176' title='bbox 1824 2310 2021 2349; x_wconf 89' lang='lat' dir='ltr'><strong>manus</strong></span> <span class='ocrx_word' id='word_1_177' title='bbox 2065 2298 2115 2349; x_wconf 91' lang='lat' dir='ltr'><strong>ei</strong></span> <span class='ocrx_word' id='word_1_178' title='bbox 2166 2312 2359 2366; x_wconf 89' lang='lat' dir='ltr'><strong>ampu-</strong></span> 
     </span>
    </p>
   </div>
   <div class='ocr_carea' id='block_1_26' title="bbox 786 2387 2356 2455">
    <p class='ocr_par' dir='ltr' id='par_1_26' title="bbox 786 2387 2356 2455">
     <span class='ocr_line' id='line_1_26' title="bbox 786 2387 2356 2455; baseline -0.003 -11"><span class='ocrx_word' id='word_1_179' title='bbox 786 2391 981 2444; x_wconf 80' lang='lat' dir='ltr'><strong>tantlas</strong></span> <span class='ocrx_word' id='word_1_180' title='bbox 1027 2398 1123 2443; x_wconf 92' lang='lat' dir='ltr'><strong>aut</strong></span> <span class='ocrx_word' id='word_1_181' title='bbox 1177 2389 1231 2441; x_wconf 88' lang='lat' dir='ltr'><strong>in</strong></span> <span class='ocrx_word' id='word_1_182' title='bbox 1281 2403 1502 2441; x_wconf 80' lang='lat' dir='ltr'><strong>crucem</strong></span> <span class='ocrx_word' id='word_1_183' title='bbox 1542 2387 1811 2455; x_wconf 81' lang='lat' dir='ltr'><strong>agendum</strong></span> <span class='ocrx_word' id='word_1_184' title='bbox 1850 2403 1970 2442; x_wconf 82' lang='lat' dir='ltr'><strong>esse</strong></span> <span class='ocrx_word' id='word_1_185' title='bbox 2008 2388 2356 2455; x_wconf 84' lang='lat' dir='ltr'><strong>decernebat,</strong></span> 
     </span>
    </p>
   </div>
   <div class='ocr_carea' id='block_1_27' title="bbox 787 2479 2356 2552">
    <p class='ocr_par' dir='ltr' id='par_1_27' title="bbox 787 2479 2356 2552">
     <span class='ocr_line' id='line_1_27' title="bbox 787 2479 2356 2552; baseline 0 -18"><span class='ocrx_word' id='word_1_186' title='bbox 787 2483 1078 2552; x_wconf 80' lang='lat' dir='ltr'><strong>objurgato</strong></span> <span class='ocrx_word' id='word_1_187' title='bbox 1108 2495 1250 2548; x_wconf 75' lang='lat' dir='ltr'><strong>saepe</strong></span> <span class='ocrx_word' id='word_1_188' title='bbox 1300 2479 1615 2532; x_wconf 84' lang='lat' dir='ltr'><strong>Andronico</strong></span> <span class='ocrx_word' id='word_1_189' title='bbox 1672 2490 1729 2532; x_wconf 89' lang='lat' dir='ltr'><strong>et</strong></span> <span class='ocrx_word' id='word_1_190' title='bbox 1788 2479 2157 2533; x_wconf 84' lang='lat' dir='ltr'><strong>inhumaniter</strong></span> <span class='ocrx_word' id='word_1_191' title='bbox 2196 2480 2356 2534; x_wconf 85' lang='lat' dir='ltr'><strong>casti-</strong></span> 
     </span>
    </p>
   </div>
   <div class='ocr_carea' id='block_1_28' title="bbox 787 2568 2355 2639">
    <p class='ocr_par' dir='ltr' id='par_1_28' title="bbox 787 2568 2355 2639">
     <span class='ocr_line' id='line_1_28' title="bbox 787 2568 2355 2639; baseline 0 -15"><span class='ocrx_word' id='word_1_192' title='bbox 787 2581 933 2639; x_wconf 80' lang='lat' dir='ltr'><strong>gato,</strong></span> <span class='ocrx_word' id='word_1_193' title='bbox 966 2570 1113 2639; x_wconf 87' lang='lat' dir='ltr'><strong>quod</strong></span> <span class='ocrx_word' id='word_1_194' title='bbox 1152 2571 1204 2622; x_wconf 90' lang='lat' dir='ltr'><strong>in</strong></span> <span class='ocrx_word' id='word_1_195' title='bbox 1239 2568 1521 2637; x_wconf 89' lang='lat' dir='ltr'><strong>suppliciis</strong></span> <span class='ocrx_word' id='word_1_196' title='bbox 1542 2569 1823 2621; x_wconf 89' lang='lat' dir='ltr'><strong>sumendis</strong></span> <span class='ocrx_word' id='word_1_197' title='bbox 1857 2568 1995 2622; x_wconf 78' lang='lat' dir='ltr'><strong>infra</strong></span> <span class='ocrx_word' id='word_1_198' title='bbox 2032 2570 2355 2624; x_wconf 89' lang='lat' dir='ltr'><strong>delictorum</strong></span> 
     </span>
    </p>
   </div>
   <div class='ocr_carea' id='block_1_29' title="bbox 788 2661 2359 2728">
    <p class='ocr_par' dir='ltr' id='par_1_29' title="bbox 788 2661 2359 2728">
     <span class='ocr_line' id='line_1_29' title="bbox 788 2661 2359 2728; baseline 0.001 -12"><span class='ocrx_word' id='word_1_199' title='bbox 788 2664 1131 2716; x_wconf 88' lang='lat' dir='ltr'><strong>atrocitatem</strong></span> <span class='ocrx_word' id='word_1_200' title='bbox 1193 2662 1535 2715; x_wconf 87' lang='lat' dir='ltr'><strong>subsisteret.</strong></span> <span class='ocrx_word' id='word_1_201' title='bbox 1600 2661 1766 2728; x_wconf 74' lang='lat' dir='ltr'><strong>Igitur</strong></span> <span class='ocrx_word' id='word_1_202' title='bbox 1805 2661 1871 2712; x_wconf 91' lang='lat' dir='ltr'><strong>ad</strong></span> <span class='ocrx_word' id='word_1_203' title='bbox 1912 2662 2130 2715; x_wconf 84' lang='lat' dir='ltr'><strong>celebre</strong></span> <span class='ocrx_word' id='word_1_204' title='bbox 2162 2664 2359 2717; x_wconf 81' lang='lat' dir='ltr'><strong>festum</strong></span> 
     </span>
    </p>
   </div>
   <div class='ocr_carea' id='block_1_30' title="bbox 787 2752 2357 2824">
    <p class='ocr_par' dir='ltr' id='par_1_30' title="bbox 787 2752 2357 2824">
     <span class='ocr_line' id='line_1_30' title="bbox 787 2752 2357 2824; baseline 0.001 -17"><span class='ocrx_word' id='word_1_205' title='bbox 787 2756 905 2824; x_wconf 88' lang='lat' dir='ltr'><strong>ejus</strong></span> <span class='ocrx_word' id='word_1_206' title='bbox 929 2755 1032 2808; x_wconf 91' lang='lat' dir='ltr'><strong>diei</strong></span> <span class='ocrx_word' id='word_1_207' title='bbox 1062 2769 1172 2823; x_wconf 93' lang='lat' dir='ltr'><strong>quo</strong></span> <span class='ocrx_word' id='word_1_208' title='bbox 1197 2752 1457 2805; x_wconf 88' lang='lat' dir='ltr'><strong>memoria</strong></span> <span class='ocrx_word' id='word_1_209' title='bbox 1513 2753 1720 2805; x_wconf 81' lang='lat' dir='ltr'><strong>reditus</strong></span> <span class='ocrx_word' id='word_1_210' title='bbox 1777 2752 1830 2804; x_wconf 88' lang='lat' dir='ltr'><strong>in</strong></span> <span class='ocrx_word' id='word_1_211' title='bbox 1880 2754 2061 2823; x_wconf 61' lang='lat' dir='ltr'><strong>melos</strong></span> <span class='ocrx_word' id='word_1_212' title='bbox 2096 2770 2200 2809; x_wconf 87' lang='lat' dir='ltr'><strong>una</strong></span> <span class='ocrx_word' id='word_1_213' title='bbox 2234 2772 2357 2810; x_wconf 87' lang='lat' dir='ltr'><strong>cum</strong></span> 
     </span>
    </p>
   </div>
   <div class='ocr_carea' id='block_1_31' title="bbox 791 2843 2360 2913">
    <p class='ocr_par' dir='ltr' id='par_1_31' title="bbox 791 2843 2360 2913">
     <span class='ocr_line' id='line_1_31' title="bbox 791 2843 2360 2913; baseline 0.001 -14"><span class='ocrx_word' id='word_1_214' title='bbox 791 2854 1078 2913; x_wconf 73' lang='lat' dir='ltr'><strong>assumpto</strong></span> <span class='ocrx_word' id='word_1_215' title='bbox 1104 2859 1333 2911; x_wconf 85' lang='lat' dir='ltr'><strong>corpore</strong></span> <span class='ocrx_word' id='word_1_216' title='bbox 1365 2843 1577 2895; x_wconf 84' lang='lat' dir='ltr'><strong>Domini</strong></span> <span class='ocrx_word' id='word_1_217' title='bbox 1613 2852 1668 2895; x_wconf 90' lang='lat' dir='ltr'><strong>et</strong></span> <span class='ocrx_word' id='word_1_218' title='bbox 1696 2843 1787 2895; x_wconf 82' lang='lat' dir='ltr'><strong>De&#39;i</strong></span> <span class='ocrx_word' id='word_1_219' title='bbox 1819 2851 1871 2896; x_wconf 80' lang='lat' dir='ltr'><strong>et</strong></span> <span class='ocrx_word' id='word_1_220' title='bbox 1902 2844 2205 2900; x_wconf 80' lang='lat' dir='ltr'><strong>Servaloris</strong></span> <span class='ocrx_word' id='word_1_221' title='bbox 2260 2863 2360 2901; x_wconf 87' lang='lat' dir='ltr'><strong>no—</strong></span> 
     </span>
    </p>
   </div>
   <div class='ocr_carea' id='block_1_32' title="bbox 790 2934 2360 3001">
    <p class='ocr_par' dir='ltr' id='par_1_32' title="bbox 790 2934 2360 3001">
     <span class='ocr_line' id='line_1_32' title="bbox 790 2934 2360 3001; baseline 0.001 -11"><span class='ocrx_word' id='word_1_222' title='bbox 790 2937 891 2991; x_wconf 87' lang='lat' dir='ltr'><strong>stri</strong></span> <span class='ocrx_word' id='word_1_223' title='bbox 923 2936 1247 2997; x_wconf 82' lang='lat' dir='ltr'><strong>celebratur,</strong></span> <span class='ocrx_word' id='word_1_224' title='bbox 1270 2949 1460 2988; x_wconf 85' lang='lat' dir='ltr'><strong>omnes</strong></span> <span class='ocrx_word' id='word_1_225' title='bbox 1488 2934 1675 2996; x_wconf 78' lang='lat' dir='ltr'><strong>aulici,</strong></span> <span class='ocrx_word' id='word_1_226' title='bbox 1705 2944 1764 2987; x_wconf 96' lang='lat' dir='ltr'><strong>ut</strong></span> <span class='ocrx_word' id='word_1_227' title='bbox 1805 2935 2187 2990; x_wconf 83' lang='lat' dir='ltr'><strong>denuntiatum</strong></span> <span class='ocrx_word' id='word_1_228' title='bbox 2221 2948 2360 3001; x_wconf 83' lang='lat' dir='ltr'><strong>erat,</strong></span> 
     </span>
    </p>
   </div>
   <div class='ocr_carea' id='block_1_33' title="bbox 789 3026 2364 3093">
    <p class='ocr_par' dir='ltr' id='par_1_33' title="bbox 789 3026 2364 3093">
     <span class='ocr_line' id='line_1_33' title="bbox 789 3026 2364 3093; baseline 0.001 -12"><span class='ocrx_word' id='word_1_229' title='bbox 789 3038 1185 3088; x_wconf 86' lang='lat' dir='ltr'><strong>convenerunt,</strong></span> <span class='ocrx_word' id='word_1_230' title='bbox 1218 3035 1380 3093; x_wconf 89' lang='lat' dir='ltr'><strong>atque</strong></span> <span class='ocrx_word' id='word_1_231' title='bbox 1411 3027 1591 3078; x_wconf 84' lang='lat' dir='ltr'><strong>omnis</strong></span> <span class='ocrx_word' id='word_1_232' title='bbox 1617 3026 1830 3091; x_wconf 75' lang='lat' dir='ltr'><strong>generis</strong></span> <span class='ocrx_word' id='word_1_233' title='bbox 1850 3036 1903 3078; x_wconf 82' lang='lat' dir='ltr'><strong>et</strong></span> <span class='ocrx_word' id='word_1_234' title='bbox 1925 3026 2158 3081; x_wconf 85' lang='lat' dir='ltr'><strong>nationis</strong></span> <span class='ocrx_word' id='word_1_235' title='bbox 2187 3028 2364 3082; x_wconf 89' lang='lat' dir='ltr'><strong>homi-</strong></span> 
     </span>
    </p>
   </div>
   <div class='ocr_carea' id='block_1_34' title="bbox 789 3119 2363 3189">
    <p class='ocr_par' dir='ltr' id='par_1_34' title="bbox 789 3119 2363 3189">
     <span class='ocr_line' id='line_1_34' title="bbox 789 3119 2363 3189; baseline -0.001 -12"><span class='ocrx_word' id='word_1_236' title='bbox 789 3138 891 3177; x_wconf 84' lang='lat' dir='ltr'><strong>nes</strong></span> <span class='ocrx_word' id='word_1_237' title='bbox 916 3121 1147 3175; x_wconf 76' lang='lat' dir='ltr'><strong>diversis</strong></span> <span class='ocrx_word' id='word_1_238' title='bbox 1204 3119 1492 3173; x_wconf 87' lang='lat' dir='ltr'><strong>itineribus</strong></span> <span class='ocrx_word' id='word_1_239' title='bbox 1523 3133 1588 3172; x_wconf 86' lang='lat' dir='ltr'><strong>eo</strong></span> <span class='ocrx_word' id='word_1_240' title='bbox 1629 3119 2030 3172; x_wconf 80' lang='lat' dir='ltr'><strong>contendebant</strong></span> <span class='ocrx_word' id='word_1_241' title='bbox 2061 3121 2150 3173; x_wconf 92' lang='lat' dir='ltr'><strong>ubi</strong></span> <span class='ocrx_word' id='word_1_242' title='bbox 2189 3120 2363 3189; x_wconf 86' lang='lat' dir='ltr'><strong>impe-</strong></span> 
     </span>
    </p>
   </div>
   <div class='ocr_carea' id='block_1_35' title="bbox 792 3210 2361 3268">
    <p class='ocr_par' dir='ltr' id='par_1_35' title="bbox 792 3210 2361 3268">
     <span class='ocr_line' id='line_1_35' title="bbox 792 3210 2361 3268; baseline -0.001 0"><span class='ocrx_word' id='word_1_243' title='bbox 792 3226 943 3268; x_wconf 86' lang='lat' dir='ltr'><strong>rator</strong></span> <span class='ocrx_word' id='word_1_244' title='bbox 979 3213 1382 3266; x_wconf 86' lang='lat' dir='ltr'><strong>diversabatur.</strong></span> <span class='ocrx_word' id='word_1_245' title='bbox 1424 3210 1555 3264; x_wconf 89' lang='lat' dir='ltr'><strong>Erat</strong></span> <span class='ocrx_word' id='word_1_246' title='bbox 1606 3219 1787 3262; x_wconf 90' lang='lat' dir='ltr'><strong>autem</strong></span> <span class='ocrx_word' id='word_1_247' title='bbox 1824 3218 1937 3261; x_wconf 89' lang='lat' dir='ltr'><strong>tum</strong></span> <span class='ocrx_word' id='word_1_248' title='bbox 1997 3212 2050 3264; x_wconf 91' lang='lat' dir='ltr'><strong>in</strong></span> <span class='ocrx_word' id='word_1_249' title='bbox 2104 3214 2361 3266; x_wconf 82' lang='lat' dir='ltr'><strong>exteriori</strong></span> 
     </span>
    </p>
   </div>
   <div class='ocr_carea' id='block_1_36' title="bbox 792 3300 2362 3372">
    <p class='ocr_par' dir='ltr' id='par_1_36' title="bbox 792 3300 2362 3372">
     <span class='ocr_line' id='line_1_36' title="bbox 792 3300 2362 3372; baseline -0.001 -14"><span class='ocrx_word' id='word_1_250' title='bbox 792 3304 1124 3372; x_wconf 84' lang='lat' dir='ltr'><strong>Philopatio.</strong></span> <span class='ocrx_word' id='word_1_251' title='bbox 1156 3302 1425 3356; x_wconf 68' lang='lat' dir='ltr'><strong>Caeterum</strong></span> <span class='ocrx_word' id='word_1_252' title='bbox 1460 3315 1555 3369; x_wconf 76' lang='lat' dir='ltr'><strong>per</strong></span> <span class='ocrx_word' id='word_1_253' title='bbox 1583 3316 1828 3354; x_wconf 90' lang='lat' dir='ltr'><strong>errorem</strong></span> <span class='ocrx_word' id='word_1_254' title='bbox 1881 3300 1932 3353; x_wconf 90' lang='lat' dir='ltr'><strong>in</strong></span> <span class='ocrx_word' id='word_1_255' title='bbox 1986 3302 2362 3372; x_wconf 80' lang='lat' dir='ltr'><strong>Manganicum</strong></span> 
     </span>
    </p>
   </div>
   <div class='ocr_carea' id='block_1_37' title="bbox 793 3392 2434 3485">
    <p class='ocr_par' dir='ltr' id='par_1_37' title="bbox 793 3392 2434 3485">
     <span class='ocr_line' id='line_1_37' title="bbox 793 3392 2434 3485; baseline 0 -35"><span class='ocrx_word' id='word_1_256' title='bbox 793 3396 1056 3465; x_wconf 85' lang='lat' dir='ltr'><strong>palatium</strong></span> <span class='ocrx_word' id='word_1_257' title='bbox 1083 3395 1259 3447; x_wconf 80' lang='lat' dir='ltr'><strong>factus</strong></span> <span class='ocrx_word' id='word_1_258' title='bbox 1308 3392 1468 3462; x_wconf 76' lang='lat'><strong>381</strong></span> <span class='ocrx_word' id='word_1_259' title='bbox 1507 3400 1593 3446; x_wconf 90' lang='lat' dir='ltr'><strong>est</strong></span> <span class='ocrx_word' id='word_1_260' title='bbox 1631 3406 1954 3455; x_wconf 78' lang='lat' dir='ltr'><strong>concursus,</strong></span> <span class='ocrx_word' id='word_1_261' title='bbox 1989 3395 2133 3463; x_wconf 90' lang='lat' dir='ltr'><strong>quod</strong></span> <span class='ocrx_word' id='word_1_262' title='bbox 2171 3403 2255 3449; x_wconf 86' lang='lat' dir='ltr'><strong>est</strong></span> <span class='ocrx_word' id='word_1_263' title='bbox 2308 3397 2362 3450; x_wconf 90' lang='lat' dir='ltr'><strong>in</strong></span> <span class='ocrx_word' id='word_1_264' title='bbox 2393 3428 2434 3485; x_wconf 68' lang='grc' dir='ltr'>ο</span> 
     </span>
    </p>
   </div>
   <div class='ocr_carea' id='block_1_38' title="bbox 794 3484 2366 3554">
    <p class='ocr_par' dir='ltr' id='par_1_38' title="bbox 794 3484 2366 3554">
     <span class='ocr_line' id='line_1_38' title="bbox 794 3484 2366 3554; baseline 0.001 -14"><span class='ocrx_word' id='word_1_265' title='bbox 794 3487 1059 3540; x_wconf 89' lang='lat' dir='ltr'><strong>interiore</strong></span> <span class='ocrx_word' id='word_1_266' title='bbox 1103 3485 1432 3553; x_wconf 75' lang='lat' dir='ltr'><strong>PhiIOpatio,</strong></span> <span class='ocrx_word' id='word_1_267' title='bbox 1476 3493 1599 3554; x_wconf 88' lang='lat' dir='ltr'><strong>post</strong></span> <span class='ocrx_word' id='word_1_268' title='bbox 1645 3484 1986 3539; x_wconf 88' lang='lat' dir='ltr'><strong>destructum</strong></span> <span class='ocrx_word' id='word_1_269' title='bbox 2034 3486 2103 3539; x_wconf 85' lang='lat' dir='ltr'><strong>ab</strong></span> <span class='ocrx_word' id='word_1_270' title='bbox 2150 3487 2366 3541; x_wconf 89' lang='lat' dir='ltr'><strong>Andro-</strong></span> 
     </span>
    </p>
   </div>
   <div class='ocr_carea' id='block_1_39' title="bbox 794 3577 2367 3645">
    <p class='ocr_par' dir='ltr' id='par_1_39' title="bbox 794 3577 2367 3645">
     <span class='ocr_line' id='line_1_39' title="bbox 794 3577 2367 3645; baseline 0 -13"><span class='ocrx_word' id='word_1_271' title='bbox 794 3579 923 3633; x_wconf 91' lang='lat' dir='ltr'><strong>nico</strong></span> <span class='ocrx_word' id='word_1_272' title='bbox 988 3579 1122 3631; x_wconf 80' lang='lat' dir='ltr'><strong>Cum</strong></span> <span class='ocrx_word' id='word_1_273' title='bbox 1178 3577 1453 3645; x_wconf 76' lang='lat' dir='ltr'><strong>frequens</strong></span> <span class='ocrx_word' id='word_1_274' title='bbox 1489 3588 1636 3630; x_wconf 85' lang='lat' dir='ltr'><strong>esset</strong></span> <span class='ocrx_word' id='word_1_275' title='bbox 1684 3587 1986 3630; x_wconf 67' lang='lat' dir='ltr'><strong>conventus</strong></span> <span class='ocrx_word' id='word_1_276' title='bbox 2018 3591 2206 3631; x_wconf 87' lang='lat' dir='ltr'><strong>eorum</strong></span> <span class='ocrx_word' id='word_1_277' title='bbox 2250 3594 2367 3632; x_wconf 90' lang='lat' dir='ltr'><strong>om-</strong></span> 
     </span>
    </p>
   </div>
   <div class='ocr_carea' id='block_1_40' title="bbox 794 3668 2369 3737">
    <p class='ocr_par' dir='ltr' id='par_1_40' title="bbox 794 3668 2369 3737">
     <span class='ocr_line' id='line_1_40' title="bbox 794 3668 2369 3737; baseline 0 -12"><span class='ocrx_word' id='word_1_278' title='bbox 794 3670 949 3725; x_wconf 87' lang='lat' dir='ltr'><strong>nium</strong></span> <span class='ocrx_word' id='word_1_279' title='bbox 983 3685 1122 3737; x_wconf 84' lang='lat' dir='ltr'><strong>quos</strong></span> <span class='ocrx_word' id='word_1_280' title='bbox 1162 3669 1353 3723; x_wconf 85' lang='lat' dir='ltr'><strong>adesse</strong></span> <span class='ocrx_word' id='word_1_281' title='bbox 1397 3669 1648 3732; x_wconf 82' lang='lat' dir='ltr'><strong>decebat,</strong></span> <span class='ocrx_word' id='word_1_282' title='bbox 1697 3668 2049 3723; x_wconf 82' lang='lat' dir='ltr'><strong>Macroducas</strong></span> <span class='ocrx_word' id='word_1_283' title='bbox 2085 3680 2143 3725; x_wconf 91' lang='lat' dir='ltr'><strong>et</strong></span> <span class='ocrx_word' id='word_1_284' title='bbox 2194 3671 2369 3725; x_wconf 88' lang='lat' dir='ltr'><strong>Ducas</strong></span> 
     </span>
    </p>
   </div>
   <div class='ocr_carea' id='block_1_41' title="bbox 797 3759 2368 3830">
    <p class='ocr_par' dir='ltr' id='par_1_41' title="bbox 797 3759 2368 3830">
     <span class='ocr_line' id='line_1_41' title="bbox 797 3759 2368 3830; baseline 0.001 -17"><span class='ocrx_word' id='word_1_285' title='bbox 797 3770 997 3830; x_wconf 70' lang='lat' dir='ltr'><strong>pracler</strong></span> <span class='ocrx_word' id='word_1_286' title='bbox 1031 3759 1273 3813; x_wconf 89' lang='lat' dir='ltr'><strong>omnium</strong></span> <span class='ocrx_word' id='word_1_287' title='bbox 1310 3759 1623 3826; x_wconf 83' lang='lat' dir='ltr'><strong>opinionem</strong></span> <span class='ocrx_word' id='word_1_288' title='bbox 1669 3774 1736 3812; x_wconf 86' lang='lat' dir='ltr'><strong>ex</strong></span> <span class='ocrx_word' id='word_1_289' title='bbox 1778 3759 1989 3813; x_wconf 66' lang='lat' dir='ltr'><strong>aedibus</strong></span> <span class='ocrx_word' id='word_1_290' title='bbox 2038 3760 2094 3813; x_wconf 91' lang='lat' dir='ltr'><strong>in</strong></span> <span class='ocrx_word' id='word_1_291' title='bbox 2141 3760 2368 3829; x_wconf 88' lang='lat' dir='ltr'><strong>planitie</strong></span> 
     </span>
    </p>
   </div>
   <div class='ocr_carea' id='block_1_42' title="bbox 796 3850 2370 3921">
    <p class='ocr_par' dir='ltr' id='par_1_42' title="bbox 796 3850 2370 3921">
     <span class='ocr_line' id='line_1_42' title="bbox 796 3850 2370 3921; baseline 0.001 -17"><span class='ocrx_word' id='word_1_292' title='bbox 796 3853 920 3904; x_wconf 89' lang='lat' dir='ltr'><strong>sitis</strong></span> <span class='ocrx_word' id='word_1_293' title='bbox 953 3852 1208 3920; x_wconf 88' lang='lat' dir='ltr'><strong>producti</strong></span> <span class='ocrx_word' id='word_1_294' title='bbox 1244 3860 1300 3904; x_wconf 88' lang='lat' dir='ltr'><strong>et</strong></span> <span class='ocrx_word' id='word_1_295' title='bbox 1333 3851 1387 3903; x_wconf 89' lang='lat' dir='ltr'><strong>in</strong></span> <span class='ocrx_word' id='word_1_296' title='bbox 1425 3851 1699 3904; x_wconf 79' lang='lat' dir='ltr'><strong>vestibulo</strong></span> <span class='ocrx_word' id='word_1_297' title='bbox 1730 3850 2077 3919; x_wconf 89' lang='lat' dir='ltr'><strong>triumphati,</strong></span> <span class='ocrx_word' id='word_1_298' title='bbox 2112 3862 2370 3921; x_wconf 87' lang='lat' dir='ltr'><strong>tanquam</strong></span> 
     </span>
    </p>
   </div>
   <div class='ocr_carea' id='block_1_43' title="bbox 802 3943 2370 4015">
    <p class='ocr_par' dir='ltr' id='par_1_43' title="bbox 802 3943 2370 4015">
     <span class='ocr_line' id='line_1_43' title="bbox 802 3943 2370 4015; baseline 0.001 -18"><span class='ocrx_word' id='word_1_299' title='bbox 802 3945 1141 4015; x_wconf 85' lang='lat' dir='ltr'><strong>injudicium</strong></span> <span class='ocrx_word' id='word_1_300' title='bbox 1173 3943 1503 4008; x_wconf 81' lang='lat' dir='ltr'><strong>abducendi,</strong></span> <span class='ocrx_word' id='word_1_301' title='bbox 1544 3952 1640 3997; x_wconf 88' lang='lat' dir='ltr'><strong>aut</strong></span> <span class='ocrx_word' id='word_1_302' title='bbox 1697 3943 2083 4011; x_wconf 88' lang='lat' dir='ltr'><strong>imperatorem</strong></span> <span class='ocrx_word' id='word_1_303' title='bbox 2137 3959 2168 3998; x_wconf 91' lang='lat' dir='ltr'><strong>e</strong></span> <span class='ocrx_word' id='word_1_304' title='bbox 2205 3960 2370 4014; x_wconf 85' lang='lat' dir='ltr'><strong>supe-</strong></span> 
     </span>
    </p>
   </div>
   <div class='ocr_carea' id='block_1_44' title="bbox 800 4034 2372 4104">
    <p class='ocr_par' dir='ltr' id='par_1_44' title="bbox 800 4034 2372 4104">
     <span class='ocr_line' id='line_1_44' title="bbox 800 4034 2372 4104; baseline 0 -15"><span class='ocrx_word' id='word_1_305' title='bbox 800 4038 947 4090; x_wconf 91' lang='lat' dir='ltr'><strong>riore</strong></span> <span class='ocrx_word' id='word_1_306' title='bbox 969 4036 1254 4089; x_wconf 66' lang='lat' dir='ltr'><strong>caenaculo</strong></span> <span class='ocrx_word' id='word_1_307' title='bbox 1274 4042 1694 4104; x_wconf 86' lang='lat' dir='ltr'><strong>prospecturum</strong></span> <span class='ocrx_word' id='word_1_308' title='bbox 1720 4034 1915 4097; x_wconf 83' lang='lat' dir='ltr'><strong>visuri,</strong></span> <span class='ocrx_word' id='word_1_309' title='bbox 1940 4043 2094 4104; x_wconf 77' lang='lat' dir='ltr'><strong>gestu</strong></span> <span class='ocrx_word' id='word_1_310' title='bbox 2124 4040 2372 4104; x_wconf 89' lang='lat' dir='ltr'><strong>corporis</strong></span> 
     </span>
    </p>
   </div>
   <div class='ocr_carea' id='block_1_45' title="bbox 800 4127 2374 4197">
    <p class='ocr_par' dir='ltr' id='par_1_45' title="bbox 800 4127 2374 4197">
     <span class='ocr_line' id='line_1_45' title="bbox 800 4127 2374 4197; baseline -0.001 -15"><span class='ocrx_word' id='word_1_311' title='bbox 800 4129 867 4182; x_wconf 81' lang='lat' dir='ltr'><strong>ad</strong></span> <span class='ocrx_word' id='word_1_312' title='bbox 916 4130 1237 4197; x_wconf 77' lang='lat' dir='ltr'><strong>gravitatem</strong></span> <span class='ocrx_word' id='word_1_313' title='bbox 1295 4127 1616 4180; x_wconf 78' lang='lat' dir='ltr'><strong>conﬁrmato</strong></span> <span class='ocrx_word' id='word_1_314' title='bbox 1650 4135 1707 4179; x_wconf 88' lang='lat' dir='ltr'><strong>et</strong></span> <span class='ocrx_word' id='word_1_315' title='bbox 1746 4127 1998 4181; x_wconf 90' lang='lat' dir='ltr'><strong>manibus</strong></span> <span class='ocrx_word' id='word_1_316' title='bbox 2053 4128 2374 4197; x_wconf 88' lang='lat' dir='ltr'><strong>suppliciter</strong></span> 
     </span>
    </p>
   </div>
   <div class='ocr_carea' id='block_1_46' title="bbox 801 4217 2374 4289">
    <p class='ocr_par' dir='ltr' id='par_1_46' title="bbox 801 4217 2374 4289">
     <span class='ocr_line' id='line_1_46' title="bbox 801 4217 2374 4289; baseline 0.001 -17"><span class='ocrx_word' id='word_1_317' title='bbox 801 4220 1122 4288; x_wconf 81' lang='lat' dir='ltr'><strong>compositis</strong></span> <span class='ocrx_word' id='word_1_318' title='bbox 1169 4224 1555 4286; x_wconf 76' lang='lat' dir='ltr'><strong>suSpexerunt.</strong></span> <span class='ocrx_word' id='word_1_319' title='bbox 1591 4219 1661 4271; x_wconf 90' lang='lat' dir='ltr'><strong>At</strong></span> <span class='ocrx_word' id='word_1_320' title='bbox 1692 4217 2007 4286; x_wconf 88' lang='lat' dir='ltr'><strong>Stephanus</strong></span> <span class='ocrx_word' id='word_1_321' title='bbox 2054 4219 2374 4289; x_wconf 76' lang='lat' dir='ltr'><strong>llagiochri-</strong></span> 
     </span>
    </p>
   </div>
   <div class='ocr_carea' id='block_1_47' title="bbox 803 4307 2375 4379">
    <p class='ocr_par' dir='ltr' id='par_1_47' title="bbox 803 4307 2375 4379">
     <span class='ocr_line' id='line_1_47' title="bbox 803 4307 2375 4379; baseline 0.001 -16"><span class='ocrx_word' id='word_1_322' title='bbox 803 4310 1156 4379; x_wconf 77' lang='lat' dir='ltr'><strong>stupborites.</strong></span> <span class='ocrx_word' id='word_1_323' title='bbox 1182 4309 1277 4377; x_wconf 92' lang='lat' dir='ltr'><strong>qui</strong></span> <span class='ocrx_word' id='word_1_324' title='bbox 1328 4318 1442 4360; x_wconf 91' lang='lat' dir='ltr'><strong>tum</strong></span> <span class='ocrx_word' id='word_1_325' title='bbox 1469 4307 2058 4377; x_wconf 84' lang='lat' dir='ltr'><strong>Antichristophorites</strong></span> <span class='ocrx_word' id='word_1_326' title='bbox 2087 4310 2247 4379; x_wconf 74' lang='lat' dir='ltr'><strong>vulgo</strong></span> <span class='ocrx_word' id='word_1_327' title='bbox 2293 4310 2375 4364; x_wconf 90' lang='lat' dir='ltr'><strong>di-</strong></span> 
     </span>
    </p>
   </div>
   <div class='ocr_carea' id='block_1_48' title="bbox 803 4397 2374 4465">
    <p class='ocr_par' dir='ltr' id='par_1_48' title="bbox 803 4397 2374 4465">
     <span class='ocr_line' id='line_1_48' title="bbox 803 4397 2374 4465; baseline -0.001 -11"><span class='ocrx_word' id='word_1_328' title='bbox 803 4400 1031 4454; x_wconf 89' lang='lat' dir='ltr'><strong>cebatur</strong></span> <span class='ocrx_word' id='word_1_329' title='bbox 1063 4400 1284 4452; x_wconf 76' lang='lat' dir='ltr'><strong>noniine</strong></span> <span class='ocrx_word' id='word_1_330' title='bbox 1317 4412 1415 4465; x_wconf 90' lang='lat' dir='ltr'><strong>pro</strong></span> <span class='ocrx_word' id='word_1_331' title='bbox 1457 4397 1701 4451; x_wconf 84' lang='lat' dir='ltr'><strong>moribus</strong></span> <span class='ocrx_word' id='word_1_332' title='bbox 1755 4411 1862 4449; x_wconf 88' lang='lat' dir='ltr'><strong>non</strong></span> <span class='ocrx_word' id='word_1_333' title='bbox 1906 4398 2043 4451; x_wconf 91' lang='lat' dir='ltr'><strong>nihil</strong></span> <span class='ocrx_word' id='word_1_334' title='bbox 2085 4399 2374 4452; x_wconf 86' lang='lat' dir='ltr'><strong>immutato</strong></span> 
     </span>
    </p>
   </div>
   <div class='ocr_carea' id='block_1_49' title="bbox 806 4488 2372 4559">
    <p class='ocr_par' dir='ltr' id='par_1_49' title="bbox 806 4488 2372 4559">
     <span class='ocr_line' id='line_1_49' title="bbox 806 4488 2372 4559; baseline 0.002 -18"><span class='ocrx_word' id='word_1_335' title='bbox 806 4490 946 4559; x_wconf 85' lang='lat' dir='ltr'><strong>(erat</strong></span> <span class='ocrx_word' id='word_1_336' title='bbox 993 4504 1139 4542; x_wconf 74' lang='lat' dir='ltr'><strong>enim</strong></span> <span class='ocrx_word' id='word_1_337' title='bbox 1209 4488 1719 4555; x_wconf 81' lang='lat' dir='ltr'><strong>impudentissimus</strong></span> <span class='ocrx_word' id='word_1_338' title='bbox 1780 4488 2023 4541; x_wconf 89' lang='lat' dir='ltr'><strong>omnium</strong></span> <span class='ocrx_word' id='word_1_339' title='bbox 2073 4490 2372 4544; x_wconf 81' lang='lat' dir='ltr'><strong>Andronici</strong></span> 
     </span>
    </p>
   </div>
   <div class='ocr_carea' id='block_1_50' title="bbox 805 4579 2374 4649">
    <p class='ocr_par' dir='ltr' id='par_1_50' title="bbox 805 4579 2374 4649">
     <span class='ocr_line' id='line_1_50' title="bbox 805 4579 2374 4649; baseline 0.001 -15"><span class='ocrx_word' id='word_1_340' title='bbox 805 4583 1183 4634; x_wconf 87' lang='lat' dir='ltr'><strong>ministrorum</strong></span> <span class='ocrx_word' id='word_1_341' title='bbox 1213 4591 1269 4634; x_wconf 85' lang='lat' dir='ltr'><strong>et</strong></span> <span class='ocrx_word' id='word_1_342' title='bbox 1303 4580 1551 4632; x_wconf 89' lang='lat' dir='ltr'><strong>omnium</strong></span> <span class='ocrx_word' id='word_1_343' title='bbox 1582 4579 1852 4632; x_wconf 87' lang='lat' dir='ltr'><strong>scelerum</strong></span> <span class='ocrx_word' id='word_1_344' title='bbox 1903 4580 2162 4645; x_wconf 88' lang='lat' dir='ltr'><strong>sentina),</strong></span> <span class='ocrx_word' id='word_1_345' title='bbox 2194 4581 2374 4649; x_wconf 89' lang='lat' dir='ltr'><strong>lapide</strong></span> 
     </span>
    </p>
   </div>
   <div class='ocr_carea' id='block_1_51' title="bbox 805 4670 2370 4743">
    <p class='ocr_par' dir='ltr' id='par_1_51' title="bbox 805 4670 2370 4743">
     <span class='ocr_line' id='line_1_51' title="bbox 805 4670 2370 4743; baseline -0.001 -16"><span class='ocrx_word' id='word_1_346' title='bbox 805 4684 1070 4743; x_wconf 83' lang='lat' dir='ltr'><strong>quantum</strong></span> <span class='ocrx_word' id='word_1_347' title='bbox 1114 4672 1231 4725; x_wconf 84' lang='lat' dir='ltr'><strong>vola</strong></span> <span class='ocrx_word' id='word_1_348' title='bbox 1263 4671 1515 4739; x_wconf 84' lang='lat' dir='ltr'><strong>capiebat</strong></span> <span class='ocrx_word' id='word_1_349' title='bbox 1550 4670 1791 4733; x_wconf 86' lang='lat' dir='ltr'><strong>sublato,</strong></span> <span class='ocrx_word' id='word_1_350' title='bbox 1815 4681 1870 4725; x_wconf 91' lang='lat' dir='ltr'><strong>et</strong></span> <span class='ocrx_word' id='word_1_351' title='bbox 1903 4671 1957 4723; x_wconf 92' lang='lat' dir='ltr'><strong>in</strong></span> <span class='ocrx_word' id='word_1_352' title='bbox 1991 4671 2370 4725; x_wconf 78' lang='lat' dir='ltr'><strong>Macroducam</strong></span> 
     </span>
    </p>
   </div>
   <div class='ocr_carea' id='block_1_52' title="bbox 2450 842 4028 914">
    <p class='ocr_par' dir='ltr' id='par_1_52' title="bbox 2450 842 4028 914">
     <span class='ocr_line' id='line_1_52' title="bbox 2450 842 4028 914; baseline 0.004 -20"><span class='ocrx_word' id='word_1_353' title='bbox 2450 860 2624 907; x_wconf 80' lang='grc' dir='ltr'><strong>σεται,</strong></span> <span class='ocrx_word' id='word_1_354' title='bbox 2658 843 2751 894; x_wconf 79' lang='grc' dir='ltr'><strong>ἐπὶ</strong></span> <span class='ocrx_word' id='word_1_355' title='bbox 2778 845 2903 904; x_wconf 85' lang='grc' dir='ltr'><strong>τοὺς</strong></span> <span class='ocrx_word' id='word_1_356' title='bbox 2960 842 3128 907; x_wconf 79' lang='grc' dir='ltr'><strong>ἐγγὺς</strong></span> <span class='ocrx_word' id='word_1_357' title='bbox 3154 844 3343 911; x_wconf 82' lang='grc' dir='ltr'><strong>τρέπει</strong></span> <span class='ocrx_word' id='word_1_358' title='bbox 3377 843 3468 895; x_wconf 76' lang='grc' dir='ltr'><strong>τὸν</strong></span> <span class='ocrx_word' id='word_1_359' title='bbox 3512 845 3705 914; x_wconf 87' lang='grc' dir='ltr'><strong>θυμὸν,</strong></span> <span class='ocrx_word' id='word_1_360' title='bbox 3738 848 3938 900; x_wconf 84' lang='grc' dir='ltr'><strong>ταύτόν</strong></span> <span class='ocrx_word' id='word_1_361' title='bbox 3970 866 4028 901; x_wconf 91' lang='grc' dir='ltr'><strong>τι</strong></span> 
     </span>
    </p>
   </div>
   <div class='ocr_carea' id='block_1_53' title="bbox 2445 932 4032 1010">
    <p class='ocr_par' dir='ltr' id='par_1_53' title="bbox 2445 932 4032 1010">
     <span class='ocr_line' id='line_1_53' title="bbox 2445 932 4032 1010; baseline 0 -23"><span class='ocrx_word' id='word_1_362' title='bbox 2445 936 2584 1004; x_wconf 84' lang='grc' dir='ltr'><strong>δρῶν</strong></span> <span class='ocrx_word' id='word_1_363' title='bbox 2601 934 2631 986; x_wconf 87' lang='grc' dir='ltr'><strong>δ</strong></span> <span class='ocrx_word' id='word_1_364' title='bbox 2648 935 2740 987; x_wconf 80' lang='grc' dir='ltr'><strong>καὶ</strong></span> <span class='ocrx_word' id='word_1_365' title='bbox 2756 935 2914 996; x_wconf 81' lang='grc' dir='ltr'><strong>κύνες</strong></span> <span class='ocrx_word' id='word_1_366' title='bbox 2933 932 3190 996; x_wconf 82' lang='grc' dir='ltr'><strong>πολλάκις</strong></span> <span class='ocrx_word' id='word_1_367' title='bbox 3209 938 3376 988; x_wconf 81' lang='grc' dir='ltr'><strong>ποιεῖν</strong></span> <span class='ocrx_word' id='word_1_368' title='bbox 3394 936 3617 988; x_wconf 87' lang='grc' dir='ltr'><strong>είώθασι</strong></span> <span class='ocrx_word' id='word_1_369' title='bbox 3640 956 3651 968; x_wconf 87' lang='grc'><strong>·</strong></span> <span class='ocrx_word' id='word_1_370' title='bbox 3667 939 3757 991; x_wconf 79' lang='grc' dir='ltr'><strong>τοῦ</strong></span> <span class='ocrx_word' id='word_1_371' title='bbox 3776 941 3884 1010; x_wconf 80' lang='grc' dir='ltr'><strong>γὰρ</strong></span> <span class='ocrx_word' id='word_1_372' title='bbox 3902 940 4032 1008; x_wconf 89' lang='grc' dir='ltr'><strong>βάλ-</strong></span> 
     </span>
    </p>
   </div>
   <div class='ocr_carea' id='block_1_54' title="bbox 2443 1024 4032 1097">
    <p class='ocr_par' dir='ltr' id='par_1_54' title="bbox 2443 1024 4032 1097">
     <span class='ocr_line' id='line_1_54' title="bbox 2443 1024 4032 1097; baseline 0.003 -20"><span class='ocrx_word' id='word_1_373' title='bbox 2443 1027 2626 1086; x_wconf 87' lang='grc' dir='ltr'><strong>λοντος</strong></span> <span class='ocrx_word' id='word_1_374' title='bbox 2650 1028 3007 1093; x_wconf 75' lang='grc' dir='ltr'><strong>ἀφιστάμενοι</strong></span> <span class='ocrx_word' id='word_1_375' title='bbox 3028 1024 3213 1077; x_wconf 74' lang='grc' dir='ltr'><strong>τοῦτον</strong></span> <span class='ocrx_word' id='word_1_376' title='bbox 3236 1027 3336 1093; x_wconf 84' lang='grc' dir='ltr'><strong>μὲν</strong></span> <span class='ocrx_word' id='word_1_377' title='bbox 3362 1027 3658 1097; x_wconf 68' lang='grc' dir='ltr'><strong>ἀμύνονται</strong></span> <span class='ocrx_word' id='word_1_378' title='bbox 3678 1031 3926 1095; x_wconf 78' lang='grc' dir='ltr'><strong>ὑλακαῖς,</strong></span> <span class='ocrx_word' id='word_1_379' title='bbox 3950 1033 4032 1096; x_wconf 82' lang='grc' dir='ltr'><strong>τῷ</strong></span> 
     </span>
    </p>
   </div>
   <div class='ocr_carea' id='block_1_55' title="bbox 2448 1113 4031 1188">
    <p class='ocr_par' dir='ltr' id='par_1_55' title="bbox 2448 1113 4031 1188">
     <span class='ocr_line' id='line_1_55' title="bbox 2448 1113 4031 1188; baseline 0.001 -19"><span class='ocrx_word' id='word_1_380' title='bbox 2448 1116 2507 1169; x_wconf 76' lang='grc' dir='ltr'><strong>δ’</strong></span> <span class='ocrx_word' id='word_1_381' title='bbox 2539 1115 2794 1181; x_wconf 81' lang='grc' dir='ltr'><strong>άφεθέντι</strong></span> <span class='ocrx_word' id='word_1_382' title='bbox 2817 1116 2948 1184; x_wconf 84' lang='grc' dir='ltr'><strong>λίθῳ</strong></span> <span class='ocrx_word' id='word_1_383' title='bbox 2972 1124 3097 1176; x_wconf 84' lang='grc' dir='ltr'><strong>τους</strong></span> <span class='ocrx_word' id='word_1_384' title='bbox 3123 1113 3343 1177; x_wconf 84' lang='grc' dir='ltr'><strong>ὀδόντας</strong></span> <span class='ocrx_word' id='word_1_385' title='bbox 3378 1116 3782 1184; x_wconf 58' lang='grc' dir='ltr'><strong>ἐγχρίπτουσιν.</strong></span> <span class='ocrx_word' id='word_1_386' title='bbox 3809 1117 4031 1188; x_wconf 77' lang='grc' dir='ltr'><strong>Ἀμέλει</strong></span> 
     </span>
    </p>
   </div>
   <div class='ocr_carea' id='block_1_56' title="bbox 2451 1206 4030 1275">
    <p class='ocr_par' dir='ltr' id='par_1_56' title="bbox 2451 1206 4030 1275">
     <span class='ocr_line' id='line_1_56' title="bbox 2451 1206 4030 1275; baseline 0.001 -17"><span class='ocrx_word' id='word_1_387' title='bbox 2451 1210 2544 1259; x_wconf 77' lang='grc' dir='ltr'><strong>καὶ</strong></span> <span class='ocrx_word' id='word_1_388' title='bbox 2576 1206 2681 1258; x_wconf 72' lang='grc' dir='ltr'><strong>ὑπὸ</strong></span> <span class='ocrx_word' id='word_1_389' title='bbox 2747 1208 2931 1274; x_wconf 83' lang='grc' dir='ltr'><strong>κρίσιν</strong></span> <span class='ocrx_word' id='word_1_390' title='bbox 2984 1207 3160 1275; x_wconf 66' lang='grc' dir='ltr'><strong>ἤγαγε</strong></span> <span class='ocrx_word' id='word_1_391' title='bbox 3192 1206 3286 1257; x_wconf 91' lang='grc' dir='ltr'><strong>τόν</strong></span> <span class='ocrx_word' id='word_1_392' title='bbox 3322 1222 3379 1257; x_wconf 90' lang='grc' dir='ltr'><strong>τε</strong></span> <span class='ocrx_word' id='word_1_393' title='bbox 3405 1208 3546 1259; x_wconf 82' lang='grc' dir='ltr'><strong>θεῖον</strong></span> <span class='ocrx_word' id='word_1_394' title='bbox 3620 1208 3892 1261; x_wconf 74' lang='grc' dir='ltr'><strong>Ὶσαακίου</strong></span> <span class='ocrx_word' id='word_1_395' title='bbox 3935 1212 4030 1261; x_wconf 72' lang='grc' dir='ltr'><strong>τὸν</strong></span> 
     </span>
    </p>
   </div>
   <div class='ocr_carea' id='block_1_57' title="bbox 2454 1299 4031 1372">
    <p class='ocr_par' dir='ltr' id='par_1_57' title="bbox 2454 1299 4031 1372">
     <span class='ocr_line' id='line_1_57' title="bbox 2454 1299 4031 1372; baseline 0.003 -22"><span class='ocrx_word' id='word_1_396' title='bbox 2454 1299 2833 1371; x_wconf 76' lang='grc' dir='ltr'><strong>μακροδούκαν</strong></span> <span class='ocrx_word' id='word_1_397' title='bbox 2855 1301 3281 1364; x_wconf 83' lang='grc' dir='ltr'><strong>Κωνσταντῖνον,</strong></span> <span class='ocrx_word' id='word_1_398' title='bbox 3309 1299 3511 1351; x_wconf 73' lang='grc' dir='ltr'><strong>καὶτὸν</strong></span> <span class='ocrx_word' id='word_1_399' title='bbox 3528 1302 3736 1354; x_wconf 79' lang='grc' dir='ltr'><strong>Δούκαν</strong></span> <span class='ocrx_word' id='word_1_400' title='bbox 3754 1303 4031 1372; x_wconf 81' lang='grc' dir='ltr'><strong>Ἀνδρόνι-</strong></span> 
     </span>
    </p>
   </div>
   <div class='ocr_carea' id='block_1_58' title="bbox 2450 1391 4031 1461">
    <p class='ocr_par' dir='ltr' id='par_1_58' title="bbox 2450 1391 4031 1461">
     <span class='ocr_line' id='line_1_58' title="bbox 2450 1391 4031 1461; baseline 0.002 -20"><span class='ocrx_word' id='word_1_401' title='bbox 2450 1406 2570 1453; x_wconf 86' lang='grc' dir='ltr'><strong>κον,</strong></span> <span class='ocrx_word' id='word_1_402' title='bbox 2601 1394 2648 1445; x_wconf 78' lang='grc' dir='ltr'><strong>οἳ</strong></span> <span class='ocrx_word' id='word_1_403' title='bbox 2681 1391 2962 1458; x_wconf 80' lang='grc' dir='ltr'><strong>ξυνέθεντο</strong></span> <span class='ocrx_word' id='word_1_404' title='bbox 2989 1391 3064 1460; x_wconf 79' lang='grc' dir='ltr'><strong>μὴ</strong></span> <span class='ocrx_word' id='word_1_405' title='bbox 3094 1394 3310 1461; x_wconf 81' lang='grc' dir='ltr'><strong>ἀχρεῖον</strong></span> <span class='ocrx_word' id='word_1_406' title='bbox 3326 1392 3646 1461; x_wconf 82' lang='grc' dir='ltr'><strong>Ἀνδρονίκῳ</strong></span> <span class='ocrx_word' id='word_1_407' title='bbox 3666 1396 3732 1445; x_wconf 78' lang='grc' dir='ltr'><strong>τά</strong></span> <span class='ocrx_word' id='word_1_408' title='bbox 3757 1396 3812 1456; x_wconf 88' lang='grc' dir='ltr'><strong>ἐς</strong></span> <span class='ocrx_word' id='word_1_409' title='bbox 3842 1396 4031 1446; x_wconf 87' lang='grc' dir='ltr'><strong>πίστιν</strong></span> 
     </span>
    </p>
   </div>
   <div class='ocr_carea' id='block_1_59' title="bbox 2449 1482 4029 1554">
    <p class='ocr_par' dir='ltr' id='par_1_59' title="bbox 2449 1482 4029 1554">
     <span class='ocr_line' id='line_1_59' title="bbox 2449 1482 4029 1554; baseline 0.003 -20"><span class='ocrx_word' id='word_1_410' title='bbox 2449 1482 2681 1550; x_wconf 76' lang='grc' dir='ltr'><strong>ὀφθῆναι</strong></span> <span class='ocrx_word' id='word_1_411' title='bbox 2714 1484 3091 1535; x_wconf 78' lang='grc' dir='ltr'><strong>τὸνἸσαάκιον</strong></span> <span class='ocrx_word' id='word_1_412' title='bbox 3120 1482 3356 1536; x_wconf 85' lang='grc' dir='ltr'><strong>λυθέντα</strong></span> <span class='ocrx_word' id='word_1_413' title='bbox 3384 1485 3475 1536; x_wconf 68' lang='grc' dir='ltr'><strong>καὶ</strong></span> <span class='ocrx_word' id='word_1_414' title='bbox 3499 1484 3637 1552; x_wconf 75' lang='grc' dir='ltr'><strong>πρὸς</strong></span> <span class='ocrx_word' id='word_1_415' title='bbox 3664 1486 3765 1553; x_wconf 83' lang='grc' dir='ltr'><strong>τὴν</strong></span> <span class='ocrx_word' id='word_1_416' title='bbox 3788 1487 4029 1554; x_wconf 83' lang='grc' dir='ltr'><strong>πατρίδα</strong></span> 
     </span>
    </p>
   </div>
   <div class='ocr_carea' id='block_1_60' title="bbox 2451 1572 4030 1643">
    <p class='ocr_par' dir='ltr' id='par_1_60' title="bbox 2451 1572 4030 1643">
     <span class='ocr_line' id='line_1_60' title="bbox 2451 1572 4030 1643; baseline 0.002 -19"><span class='ocrx_word' id='word_1_417' title='bbox 2451 1573 2915 1636; x_wconf 75' lang='grc' dir='ltr'><strong>ἐπαναζεύξαντα.</strong></span> <span class='ocrx_word' id='word_1_418' title='bbox 2949 1572 3082 1626; x_wconf 75' lang='grc' dir='ltr'><strong>Μετ’</strong></span> <span class='ocrx_word' id='word_1_419' title='bbox 3114 1573 3173 1623; x_wconf 83' lang='grc' dir='ltr'><strong>οὐ</strong></span> <span class='ocrx_word' id='word_1_420' title='bbox 3198 1572 3397 1635; x_wconf 72' lang='grc' dir='ltr'><strong>πολλάς</strong></span> <span class='ocrx_word' id='word_1_421' title='bbox 3433 1575 3477 1626; x_wconf 80' lang='grc' dir='ltr'><strong>δ’</strong></span> <span class='ocrx_word' id='word_1_422' title='bbox 3502 1575 3715 1643; x_wconf 67' lang='grc' dir='ltr'><strong>ἡμέρας</strong></span> <span class='ocrx_word' id='word_1_423' title='bbox 3742 1580 3839 1627; x_wconf 71' lang='grc' dir='ltr'><strong>καὶ</strong></span> <span class='ocrx_word' id='word_1_424' title='bbox 3894 1576 4030 1629; x_wconf 75' lang='grc' dir='ltr'><strong>καθ-</strong></span> 
     </span>
    </p>
   </div>
   <div class='ocr_carea' id='block_1_61' title="bbox 2462 1663 4028 1736">
    <p class='ocr_par' dir='ltr' id='par_1_61' title="bbox 2462 1663 4028 1736">
     <span class='ocr_line' id='line_1_61' title="bbox 2462 1663 4028 1736; baseline 0.001 -19"><span class='ocrx_word' id='word_1_425' title='bbox 2462 1663 2745 1717; x_wconf 72' lang='grc' dir='ltr'><strong>οπιώσεσιν</strong></span> <span class='ocrx_word' id='word_1_426' title='bbox 2799 1665 2848 1715; x_wconf 89' lang='grc' dir='ltr'><strong>οί</strong></span> <span class='ocrx_word' id='word_1_427' title='bbox 2900 1664 3090 1731; x_wconf 74' lang='grc' dir='ltr'><strong>ἄνδρες</strong></span> <span class='ocrx_word' id='word_1_428' title='bbox 3147 1663 3466 1730; x_wconf 81' lang='grc' dir='ltr'><strong>ὑπάγονται,</strong></span> <span class='ocrx_word' id='word_1_429' title='bbox 3505 1665 3704 1736; x_wconf 83' lang='grc' dir='ltr'><strong>καίπερ</strong></span> <span class='ocrx_word' id='word_1_430' title='bbox 3758 1666 3867 1718; x_wconf 83' lang='grc' dir='ltr'><strong>τῶν</strong></span> <span class='ocrx_word' id='word_1_431' title='bbox 3926 1669 4028 1735; x_wconf 80' lang='grc' dir='ltr'><strong>τῆς</strong></span> 
     </span>
    </p>
   </div>
   <div class='ocr_carea' id='block_1_62' title="bbox 2457 1754 4026 1825">
    <p class='ocr_par' dir='ltr' id='par_1_62' title="bbox 2457 1754 4026 1825">
     <span class='ocr_line' id='line_1_62' title="bbox 2457 1754 4026 1825; baseline 0.001 -20"><span class='ocrx_word' id='word_1_432' title='bbox 2457 1755 2677 1823; x_wconf 85' lang='grc' dir='ltr'><strong>μερίδος</strong></span> <span class='ocrx_word' id='word_1_433' title='bbox 2728 1754 2880 1815; x_wconf 71' lang='grc' dir='ltr'><strong>ὄντες</strong></span> <span class='ocrx_word' id='word_1_434' title='bbox 2947 1755 3291 1820; x_wconf 77' lang='grc' dir='ltr'><strong>Ἀνδρονίκου</strong></span> <span class='ocrx_word' id='word_1_435' title='bbox 3323 1755 3373 1806; x_wconf 75' lang='grc' dir='ltr'><strong>οῖ</strong></span> <span class='ocrx_word' id='word_1_436' title='bbox 3409 1756 3529 1822; x_wconf 79' lang='grc' dir='ltr'><strong>μέγ’</strong></span> <span class='ocrx_word' id='word_1_437' title='bbox 3582 1754 3757 1825; x_wconf 77' lang='grc' dir='ltr'><strong>ἔξοχοι</strong></span> <span class='ocrx_word' id='word_1_438' title='bbox 3806 1758 4026 1813; x_wconf 50' lang='grc' dir='ltr'><strong>πάντων</strong></span> 
     </span>
    </p>
   </div>
   <div class='ocr_carea' id='block_1_63' title="bbox 2455 1846 4031 1919">
    <p class='ocr_par' dir='ltr' id='par_1_63' title="bbox 2455 1846 4031 1919">
     <span class='ocr_line' id='line_1_63' title="bbox 2455 1846 4031 1919; baseline 0.002 -21"><span class='ocrx_word' id='word_1_439' title='bbox 2455 1847 2551 1899; x_wconf 76' lang='grc' dir='ltr'><strong>καὶ</strong></span> <span class='ocrx_word' id='word_1_440' title='bbox 2582 1848 2680 1914; x_wconf 86' lang='grc' dir='ltr'><strong>τῆς</strong></span> <span class='ocrx_word' id='word_1_441' title='bbox 2710 1846 2953 1916; x_wconf 75' lang='grc' dir='ltr'><strong>ἑταιρίας</strong></span> <span class='ocrx_word' id='word_1_442' title='bbox 2985 1848 3032 1897; x_wconf 80' lang='grc' dir='ltr'><strong>οἱ</strong></span> <span class='ocrx_word' id='word_1_443' title='bbox 3064 1849 3367 1917; x_wconf 86' lang='grc' dir='ltr'><strong>κράτιστοι,</strong></span> <span class='ocrx_word' id='word_1_444' title='bbox 3398 1849 3509 1914; x_wconf 82' lang='grc' dir='ltr'><strong>είγε</strong></span> <span class='ocrx_word' id='word_1_445' title='bbox 3538 1849 3565 1899; x_wconf 91' lang='grc' dir='ltr'><strong>ό</strong></span> <span class='ocrx_word' id='word_1_446' title='bbox 3590 1848 3687 1915; x_wconf 83' lang='grc' dir='ltr'><strong>μὲν</strong></span> <span class='ocrx_word' id='word_1_447' title='bbox 3713 1849 4031 1919; x_wconf 78' lang='grc' dir='ltr'><strong>Μακροδούο</strong></span> 
     </span>
    </p>
   </div>
   <div class='ocr_carea' id='block_1_64' title="bbox 2456 1929 4029 2004">
    <p class='ocr_par' dir='ltr' id='par_1_64' title="bbox 2456 1929 4029 2004">
     <span class='ocr_line' id='line_1_64' title="bbox 2456 1929 4029 2004; baseline 0.002 -19"><span class='ocrx_word' id='word_1_448' title='bbox 2456 1952 2576 1997; x_wconf 84' lang='grc' dir='ltr'><strong>κας,</strong></span> <span class='ocrx_word' id='word_1_449' title='bbox 2605 1935 2761 1995; x_wconf 84' lang='grc' dir='ltr'><strong>ἐκτὸς</strong></span> <span class='ocrx_word' id='word_1_450' title='bbox 2789 1936 2898 1987; x_wconf 86' lang='grc' dir='ltr'><strong>τῶν</strong></span> <span class='ocrx_word' id='word_1_451' title='bbox 2922 1934 3096 1989; x_wconf 79' lang='grc' dir='ltr'><strong>ἄλλων</strong></span> <span class='ocrx_word' id='word_1_452' title='bbox 3146 1933 3558 2004; x_wconf 76' lang='grc' dir='ltr'><strong>φιλοφροσυνῶν</strong></span> <span class='ocrx_word' id='word_1_453' title='bbox 3616 1929 3706 1997; x_wconf 74' lang='grc' dir='ltr'><strong>αἷς</strong></span> <span class='ocrx_word' id='word_1_454' title='bbox 3750 1936 4029 2004; x_wconf 79' lang='grc' dir='ltr'><strong>ἐπιμελῶς</strong></span> 
     </span>
    </p>
   </div>
   <div class='ocr_carea' id='block_1_65' title="bbox 2471 2025 4029 2097">
    <p class='ocr_par' dir='ltr' id='par_1_65' title="bbox 2471 2025 4029 2097">
     <span class='ocr_line' id='line_1_65' title="bbox 2471 2025 4029 2097; baseline 0 -19"><span class='ocrx_word' id='word_1_455' title='bbox 2471 2026 2809 2095; x_wconf 77' lang='grc' dir='ltr'><strong>Ἀνδρόνικον</strong></span> <span class='ocrx_word' id='word_1_456' title='bbox 2859 2025 3183 2094; x_wconf 79' lang='grc' dir='ltr'><strong>ἐθεράπευε,</strong></span> <span class='ocrx_word' id='word_1_457' title='bbox 3244 2026 3339 2078; x_wconf 84' lang='grc' dir='ltr'><strong>καὶ</strong></span> <span class='ocrx_word' id='word_1_458' title='bbox 3386 2025 3587 2095; x_wconf 76' lang='grc' dir='ltr'><strong>άδελφῇ</strong></span> <span class='ocrx_word' id='word_1_459' title='bbox 3612 2025 3711 2094; x_wconf 82' lang='grc' dir='ltr'><strong>τῆς</strong></span> <span class='ocrx_word' id='word_1_460' title='bbox 3741 2025 4029 2097; x_wconf 77' lang='grc' dir='ltr'><strong>Θεοδώρας</strong></span> 
     </span>
    </p>
   </div>
   <div class='ocr_carea' id='block_1_66' title="bbox 2458 2116 4031 2187">
    <p class='ocr_par' dir='ltr' id='par_1_66' title="bbox 2458 2116 4031 2187">
     <span class='ocr_line' id='line_1_66' title="bbox 2458 2116 4031 2187; baseline 0 -20"><span class='ocrx_word' id='word_1_461' title='bbox 2458 2118 2600 2169; x_wconf 79' lang='grc' dir='ltr'><strong>κατά</strong></span> <span class='ocrx_word' id='word_1_462' title='bbox 2661 2118 2959 2185; x_wconf 84' lang='grc' dir='ltr'><strong>συνάφειαν</strong></span> <span class='ocrx_word' id='word_1_463' title='bbox 3012 2120 3315 2186; x_wconf 80' lang='grc' dir='ltr'><strong>συνήρχετο</strong></span> <span class='ocrx_word' id='word_1_464' title='bbox 3367 2117 3637 2185; x_wconf 80' lang='grc' dir='ltr'><strong>γαμικὴν,</strong></span> <span class='ocrx_word' id='word_1_465' title='bbox 3700 2117 3819 2187; x_wconf 81' lang='grc' dir='ltr'><strong>ῆνό</strong></span> <span class='ocrx_word' id='word_1_466' title='bbox 3869 2116 4031 2183; x_wconf 83' lang='grc' dir='ltr'><strong>λόγος</strong></span> 
     </span>
    </p>
   </div>
   <div class='ocr_carea' id='block_1_67' title="bbox 2458 2207 4033 2278">
    <p class='ocr_par' dir='ltr' id='par_1_67' title="bbox 2458 2207 4033 2278">
     <span class='ocr_line' id='line_1_67' title="bbox 2458 2207 4033 2278; baseline -0.002 -18"><span class='ocrx_word' id='word_1_467' title='bbox 2458 2209 2779 2270; x_wconf 84' lang='grc' dir='ltr'><strong>πλειστάκις</strong></span> <span class='ocrx_word' id='word_1_468' title='bbox 2813 2209 3066 2278; x_wconf 83' lang='grc' dir='ltr'><strong>ίστόρηκε</strong></span> <span class='ocrx_word' id='word_1_469' title='bbox 3099 2208 3393 2275; x_wconf 84' lang='grc' dir='ltr'><strong>γινώσκειν</strong></span> <span class='ocrx_word' id='word_1_470' title='bbox 3450 2207 3726 2272; x_wconf 80' lang='grc' dir='ltr'><strong>άθεμίτως</strong></span> <span class='ocrx_word' id='word_1_471' title='bbox 3757 2207 4033 2276; x_wconf 81' lang='grc' dir='ltr'><strong>Ἀνδρόνιο</strong></span> 
     </span>
    </p>
   </div>
   <div class='ocr_carea' id='block_1_68' title="bbox 2459 2294 4033 2370">
    <p class='ocr_par' dir='ltr' id='par_1_68' title="bbox 2459 2294 4033 2370">
     <span class='ocr_line' id='line_1_68' title="bbox 2459 2294 4033 2370; baseline -0.003 -17"><span class='ocrx_word' id='word_1_472' title='bbox 2459 2318 2555 2353; x_wconf 85' lang='grc' dir='ltr'><strong>κον</strong></span> <span class='ocrx_word' id='word_1_473' title='bbox 2581 2320 2594 2331; x_wconf 91' lang='grc'><strong>·</strong></span> <span class='ocrx_word' id='word_1_474' title='bbox 2631 2302 2659 2351; x_wconf 93' lang='grc' dir='ltr'><strong>ό</strong></span> <span class='ocrx_word' id='word_1_475' title='bbox 2692 2300 2748 2353; x_wconf 81' lang='grc' dir='ltr'><strong>δὲ</strong></span> <span class='ocrx_word' id='word_1_476' title='bbox 2803 2300 3021 2361; x_wconf 86' lang='grc' dir='ltr'><strong>Δούκας</strong></span> <span class='ocrx_word' id='word_1_477' title='bbox 3077 2300 3413 2370; x_wconf 81' lang='grc' dir='ltr'><strong>Ἀνδρόνικος</strong></span> <span class='ocrx_word' id='word_1_478' title='bbox 3453 2297 3791 2362; x_wconf 81' lang='grc' dir='ltr'><strong>καταπύγων</strong></span> <span class='ocrx_word' id='word_1_479' title='bbox 3830 2294 3905 2349; x_wconf 80' lang='grc' dir='ltr'><strong>ὢν</strong></span> <span class='ocrx_word' id='word_1_480' title='bbox 3935 2296 4033 2348; x_wconf 81' lang='grc' dir='ltr'><strong>καὶ</strong></span> 
     </span>
    </p>
   </div>
   <div class='ocr_carea' id='block_1_69' title="bbox 2458 2386 4031 2457">
    <p class='ocr_par' dir='ltr' id='par_1_69' title="bbox 2458 2386 4031 2457">
     <span class='ocr_line' id='line_1_69' title="bbox 2458 2386 4031 2457; baseline -0.004 -14"><span class='ocrx_word' id='word_1_481' title='bbox 2458 2392 2635 2457; x_wconf 72' lang='grc' dir='ltr'><strong>γλοῖδς</strong></span> <span class='ocrx_word' id='word_1_482' title='bbox 2693 2392 2784 2443; x_wconf 75' lang='grc' dir='ltr'><strong>καὶ</strong></span> <span class='ocrx_word' id='word_1_483' title='bbox 2830 2393 2928 2452; x_wconf 70' lang='grc' dir='ltr'><strong>τὴν</strong></span> <span class='ocrx_word' id='word_1_484' title='bbox 2961 2392 3234 2443; x_wconf 85' lang='grc' dir='ltr'><strong>ἀναίδειαν</strong></span> <span class='ocrx_word' id='word_1_485' title='bbox 3266 2390 3356 2441; x_wconf 73' lang='grc' dir='ltr'><strong>ἐπὶ</strong></span> <span class='ocrx_word' id='word_1_486' title='bbox 3380 2389 3472 2440; x_wconf 77' lang='grc' dir='ltr'><strong>τοῦ</strong></span> <span class='ocrx_word' id='word_1_487' title='bbox 3508 2386 3798 2457; x_wconf 81' lang='grc' dir='ltr'><strong>προσώπου</strong></span> <span class='ocrx_word' id='word_1_488' title='bbox 3830 2387 4031 2454; x_wconf 61' lang='grc' dir='ltr'><strong>προξε-</strong></span> 
     </span>
    </p>
   </div>
   <div class='ocr_carea' id='block_1_70' title="bbox 2459 2480 4033 2552">
    <p class='ocr_par' dir='ltr' id='par_1_70' title="bbox 2459 2480 4033 2552">
     <span class='ocr_line' id='line_1_70' title="bbox 2459 2480 4033 2552; baseline -0.004 -18"><span class='ocrx_word' id='word_1_489' title='bbox 2459 2484 2728 2552; x_wconf 77' lang='grc' dir='ltr'><strong>6λημένος</strong></span> <span class='ocrx_word' id='word_1_490' title='bbox 2763 2484 2857 2535; x_wconf 75' lang='grc' dir='ltr'><strong>καὶ</strong></span> <span class='ocrx_word' id='word_1_491' title='bbox 2886 2483 3047 2536; x_wconf 74' lang='grc' dir='ltr'><strong>αὑτοῦ</strong></span> <span class='ocrx_word' id='word_1_492' title='bbox 3094 2482 3151 2533; x_wconf 74' lang='grc' dir='ltr'><strong>δὲ</strong></span> <span class='ocrx_word' id='word_1_493' title='bbox 3183 2483 3269 2551; x_wconf 77' lang='grc' dir='ltr'><strong>[Ρ.</strong></span> <span class='ocrx_word' id='word_1_494' title='bbox 3298 2481 3418 2551; x_wconf 70' lang='grc'><strong>189]</strong></span> <span class='ocrx_word' id='word_1_495' title='bbox 3461 2480 3801 2549; x_wconf 71' lang='grc' dir='ltr'><strong>Ἀνδρονῖκου</strong></span> <span class='ocrx_word' id='word_1_496' title='bbox 3836 2480 3894 2530; x_wconf 90' lang='grc' dir='ltr'><strong>ἐν</strong></span> <span class='ocrx_word' id='word_1_497' title='bbox 3919 2482 4033 2540; x_wconf 86' lang='grc' dir='ltr'><strong>τοῖς</strong></span> 
     </span>
    </p>
   </div>
   <div class='ocr_carea' id='block_1_71' title="bbox 2459 2569 4033 2645">
    <p class='ocr_par' dir='ltr' id='par_1_71' title="bbox 2459 2569 4033 2645">
     <span class='ocr_line' id='line_1_71' title="bbox 2459 2569 4033 2645; baseline -0.004 -20"><span class='ocrx_word' id='word_1_498' title='bbox 2459 2574 2600 2644; x_wconf 82' lang='grc' dir='ltr'><strong>ὑπὲρ</strong></span> <span class='ocrx_word' id='word_1_499' title='bbox 2634 2575 2981 2645; x_wconf 85' lang='grc' dir='ltr'><strong>Ἀνδρονίκου</strong></span> <span class='ocrx_word' id='word_1_500' title='bbox 3015 2573 3466 2642; x_wconf 79' lang='grc' dir='ltr'><strong>προμηθέστερος</strong></span> <span class='ocrx_word' id='word_1_501' title='bbox 3523 2569 3667 2623; x_wconf 80' lang='grc' dir='ltr'><strong>εἶναι</strong></span> <span class='ocrx_word' id='word_1_502' title='bbox 3713 2570 4033 2629; x_wconf 80' lang='grc' dir='ltr'><strong>ἐπλάττετο,</strong></span> 
     </span>
    </p>
   </div>
   <div class='ocr_carea' id='block_1_72' title="bbox 2458 2663 4032 2735">
    <p class='ocr_par' dir='ltr' id='par_1_72' title="bbox 2458 2663 4032 2735">
     <span class='ocr_line' id='line_1_72' title="bbox 2458 2663 4032 2735; baseline -0.007 -16"><span class='ocrx_word' id='word_1_503' title='bbox 2458 2669 2539 2720; x_wconf 89' lang='grc' dir='ltr'><strong>ὃτι</strong></span> <span class='ocrx_word' id='word_1_504' title='bbox 2567 2670 2595 2719; x_wconf 90' lang='grc' dir='ltr'><strong>ό</strong></span> <span class='ocrx_word' id='word_1_505' title='bbox 2625 2667 2726 2735; x_wconf 87' lang='grc' dir='ltr'><strong>μέν</strong></span> <span class='ocrx_word' id='word_1_506' title='bbox 2776 2684 2924 2728; x_wconf 90' lang='grc' dir='ltr'><strong>τινος</strong></span> <span class='ocrx_word' id='word_1_507' title='bbox 2973 2667 3274 2735; x_wconf 82' lang='grc' dir='ltr'><strong>ἐκπερονᾷν</strong></span> <span class='ocrx_word' id='word_1_508' title='bbox 3324 2663 3634 2731; x_wconf 63' lang='grc' dir='ltr'><strong>ὀφθαλμοὺς</strong></span> <span class='ocrx_word' id='word_1_509' title='bbox 3677 2664 4032 2726; x_wconf 81' lang='grc' dir='ltr'><strong>ἀπεφαίνετο,</strong></span> 
     </span>
    </p>
   </div>
   <div class='ocr_carea' id='block_1_73' title="bbox 2461 2745 4038 2825">
    <p class='ocr_par' dir='ltr' id='par_1_73' title="bbox 2461 2745 4038 2825">
     <span class='ocr_line' id='line_1_73' title="bbox 2461 2745 4038 2825; baseline -0.008 -14"><span class='ocrx_word' id='word_1_510' title='bbox 2461 2758 2562 2811; x_wconf 65' lang='grc' dir='ltr'><strong>οδε</strong></span> <span class='ocrx_word' id='word_1_511' title='bbox 2590 2757 2798 2819; x_wconf 88' lang='grc' dir='ltr'><strong>Δούκας</strong></span> <span class='ocrx_word' id='word_1_512' title='bbox 2860 2751 3013 2816; x_wconf 70' lang='grc' dir='ltr'><strong>οὗτος</strong></span> <span class='ocrx_word' id='word_1_513' title='bbox 3057 2756 3417 2825; x_wconf 71' lang='grc' dir='ltr'><strong>Ἀνδρόνικος,</strong></span> <span class='ocrx_word' id='word_1_514' title='bbox 3440 2747 3444 2753; x_wconf 70' lang='grc'><em>’</em></span> <span class='ocrx_word' id='word_1_515' title='bbox 3470 2755 3544 2816; x_wconf 84' lang='grc' dir='ltr'><strong>ὼς</strong></span> <span class='ocrx_word' id='word_1_516' title='bbox 3603 2756 3651 2804; x_wconf 84' lang='grc' dir='ltr'><strong>εί</strong></span> <span class='ocrx_word' id='word_1_517' title='bbox 3694 2751 3941 2811; x_wconf 73' lang='grc' dir='ltr'><strong>διδακτδς</strong></span> <span class='ocrx_word' id='word_1_518' title='bbox 3966 2745 4038 2819; x_wconf 78' lang='grc' dir='ltr'><strong>ἦν</strong></span> 
     </span>
    </p>
   </div>
   <div class='ocr_carea' id='block_1_74' title="bbox 2463 2844 4034 2921">
    <p class='ocr_par' dir='ltr' id='par_1_74' title="bbox 2463 2844 4034 2921">
     <span class='ocr_line' id='line_1_74' title="bbox 2463 2844 4034 2921; baseline -0.007 -19"><span class='ocrx_word' id='word_1_519' title='bbox 2463 2851 2557 2902; x_wconf 82' lang='grc' dir='ltr'><strong>τοῦ</strong></span> <span class='ocrx_word' id='word_1_520' title='bbox 2587 2850 2827 2921; x_wconf 80' lang='grc' dir='ltr'><strong>ἀρχῆθεν</strong></span> <span class='ocrx_word' id='word_1_521' title='bbox 2860 2848 3317 2919; x_wconf 85' lang='grc' dir='ltr'><strong>άνθρωποκτόνου</strong></span> <span class='ocrx_word' id='word_1_522' title='bbox 3350 2848 3443 2898; x_wconf 70' lang='grc' dir='ltr'><strong>καὶ</strong></span> <span class='ocrx_word' id='word_1_523' title='bbox 3474 2849 3595 2908; x_wconf 87' lang='grc' dir='ltr'><strong>ταῖς</strong></span> <span class='ocrx_word' id='word_1_524' title='bbox 3624 2846 3734 2897; x_wconf 83' lang='grc' dir='ltr'><strong>τῶν</strong></span> <span class='ocrx_word' id='word_1_525' title='bbox 3772 2844 4034 2912; x_wconf 79' lang='grc' dir='ltr'><strong>μερόπων</strong></span> 
     </span>
    </p>
   </div>
   <div class='ocr_carea' id='block_1_75' title="bbox 2465 2931 4040 3011">
    <p class='ocr_par' dir='ltr' id='par_1_75' title="bbox 2465 2931 4040 3011">
     <span class='ocr_line' id='line_1_75' title="bbox 2465 2931 4040 3011; baseline -0.008 -17"><span class='ocrx_word' id='word_1_526' title='bbox 2465 2938 2744 3011; x_wconf 79' lang='grc' dir='ltr'><strong>χαίροντος</strong></span> <span class='ocrx_word' id='word_1_527' title='bbox 2802 2943 3132 3009; x_wconf 80' lang='grc' dir='ltr'><strong>συμφοραῖς,</strong></span> <span class='ocrx_word' id='word_1_528' title='bbox 3187 2940 3282 2991; x_wconf 76' lang='grc' dir='ltr'><strong>καὶ</strong></span> <span class='ocrx_word' id='word_1_529' title='bbox 3338 2937 3539 3006; x_wconf 83' lang='grc' dir='ltr'><strong>χειρῶν</strong></span> <span class='ocrx_word' id='word_1_530' title='bbox 3594 2931 4040 3005; x_wconf 61' lang='grc' dir='ltr'><strong>προσεψηψίζετο</strong></span> 
     </span>
    </p>
   </div>
   <div class='ocr_carea' id='block_1_76' title="bbox 2468 3024 4039 3103">
    <p class='ocr_par' dir='ltr' id='par_1_76' title="bbox 2468 3024 4039 3103">
     <span class='ocr_line' id='line_1_76' title="bbox 2468 3024 4039 3103; baseline -0.006 -19"><span class='ocrx_word' id='word_1_531' title='bbox 2468 3034 2726 3103; x_wconf 76' lang='grc' dir='ltr'><strong>στέρησιν</strong></span> <span class='ocrx_word' id='word_1_532' title='bbox 2756 3033 2788 3102; x_wconf 75' lang='grc' dir='ltr'>ἦ</span> <span class='ocrx_word' id='word_1_533' title='bbox 2817 3032 3241 3085; x_wconf 87' lang='grc' dir='ltr'><strong>άνασκολόπισιν</strong></span> <span class='ocrx_word' id='word_1_534' title='bbox 3267 3030 3643 3097; x_wconf 83' lang='grc' dir='ltr'><strong>ἐγνωμάτευε,</strong></span> <span class='ocrx_word' id='word_1_535' title='bbox 3694 3024 4039 3095; x_wconf 70' lang='grc' dir='ltr'><strong>βλασερημῶν</strong></span> 
     </span>
    </p>
   </div>
   <div class='ocr_carea' id='block_1_77' title="bbox 2467 3118 4038 3193">
    <p class='ocr_par' dir='ltr' id='par_1_77' title="bbox 2467 3118 4038 3193">
     <span class='ocr_line' id='line_1_77' title="bbox 2467 3118 4038 3193; baseline -0.006 -14"><span class='ocrx_word' id='word_1_536' title='bbox 2467 3131 2522 3180; x_wconf 86' lang='grc' dir='ltr'><strong>ἐν</strong></span> <span class='ocrx_word' id='word_1_537' title='bbox 2550 3126 2767 3187; x_wconf 83' lang='grc' dir='ltr'><strong>πολλοῖς</strong></span> <span class='ocrx_word' id='word_1_538' title='bbox 2812 3126 3152 3193; x_wconf 82' lang='grc' dir='ltr'><strong>Ἀνδρόνικον</strong></span> <span class='ocrx_word' id='word_1_539' title='bbox 3177 3125 3271 3177; x_wconf 70' lang='grc' dir='ltr'><strong>καὶ</strong></span> <span class='ocrx_word' id='word_1_540' title='bbox 3300 3124 3420 3175; x_wconf 86' lang='grc' dir='ltr'><strong>λίαν</strong></span> <span class='ocrx_word' id='word_1_541' title='bbox 3452 3118 3836 3187; x_wconf 73' lang='grc' dir='ltr'><strong>ἀπανθρώπως</strong></span> <span class='ocrx_word' id='word_1_542' title='bbox 3868 3119 4038 3171; x_wconf 79' lang='grc' dir='ltr'><strong>αὑτοῦ</strong></span> 
     </span>
    </p>
   </div>
   <div class='ocr_carea' id='block_1_78' title="bbox 2467 3210 4041 3286">
    <p class='ocr_par' dir='ltr' id='par_1_78' title="bbox 2467 3210 4041 3286">
     <span class='ocr_line' id='line_1_78' title="bbox 2467 3210 4041 3286; baseline -0.006 -17"><span class='ocrx_word' id='word_1_543' title='bbox 2467 3218 2879 3286; x_wconf 78' lang='grc' dir='ltr'><strong>καθαπτόμενος</strong></span> <span class='ocrx_word' id='word_1_544' title='bbox 2908 3216 2985 3277; x_wconf 90' lang='grc' dir='ltr'><strong>ώς</strong></span> <span class='ocrx_word' id='word_1_545' title='bbox 3037 3218 3112 3285; x_wconf 86' lang='grc' dir='ltr'><strong>μὴ</strong></span> <span class='ocrx_word' id='word_1_546' title='bbox 3168 3214 3540 3283; x_wconf 81' lang='grc' dir='ltr'><strong>καταλλήλους</strong></span> <span class='ocrx_word' id='word_1_547' title='bbox 3595 3212 3704 3274; x_wconf 60' lang='grc' dir='ltr'><strong>ταῖς</strong></span> <span class='ocrx_word' id='word_1_548' title='bbox 3733 3210 4041 3277; x_wconf 71' lang='grc' dir='ltr'><strong>πταίσματι</strong></span> 
     </span>
    </p>
   </div>
   <div class='ocr_carea' id='block_1_79' title="bbox 2467 3301 4043 3375">
    <p class='ocr_par' dir='ltr' id='par_1_79' title="bbox 2467 3301 4043 3375">
     <span class='ocr_line' id='line_1_79' title="bbox 2467 3301 4043 3375; baseline -0.007 -12"><span class='ocrx_word' id='word_1_549' title='bbox 2467 3312 2567 3374; x_wconf 80' lang='grc' dir='ltr'><strong>τὰς</strong></span> <span class='ocrx_word' id='word_1_550' title='bbox 2593 3311 2843 3371; x_wconf 87' lang='grc' dir='ltr'><strong>κολάσεις</strong></span> <span class='ocrx_word' id='word_1_551' title='bbox 2908 3309 3229 3375; x_wconf 78' lang='grc' dir='ltr'><strong>ἐπάγοντος,</strong></span> <span class='ocrx_word' id='word_1_552' title='bbox 3297 3307 3625 3373; x_wconf 81' lang='grc' dir='ltr'><strong>Ἐπιστάσης</strong></span> <span class='ocrx_word' id='word_1_553' title='bbox 3676 3303 3853 3355; x_wconf 76' lang='grc' dir='ltr'><strong>τοίνυν</strong></span> <span class='ocrx_word' id='word_1_554' title='bbox 3936 3301 4043 3369; x_wconf 78' lang='grc' dir='ltr'><strong>τῆς</strong></span> 
     </span>
    </p>
   </div>
   <div class='ocr_carea' id='block_1_80' title="bbox 2467 3394 4045 3472">
    <p class='ocr_par' dir='ltr' id='par_1_80' title="bbox 2467 3394 4045 3472">
     <span class='ocr_line' id='line_1_80' title="bbox 2467 3394 4045 3472; baseline -0.006 -17"><span class='ocrx_word' id='word_1_555' title='bbox 2467 3404 2865 3472; x_wconf 81' lang='grc' dir='ltr'><strong>λαμπροτάτης</strong></span> <span class='ocrx_word' id='word_1_556' title='bbox 2888 3402 2982 3454; x_wconf 76' lang='grc' dir='ltr'><strong>καὶ</strong></span> <span class='ocrx_word' id='word_1_557' title='bbox 3033 3401 3275 3468; x_wconf 76' lang='grc' dir='ltr'><strong>εὐσήμου</strong></span> <span class='ocrx_word' id='word_1_558' title='bbox 3329 3398 3541 3467; x_wconf 77' lang='grc' dir='ltr'><strong>ἡμέρας</strong></span> <span class='ocrx_word' id='word_1_559' title='bbox 3599 3394 3855 3463; x_wconf 79' lang='grc' dir='ltr'><strong>καθ’ῆνὴ</strong></span> <span class='ocrx_word' id='word_1_560' title='bbox 3903 3395 4045 3463; x_wconf 75' lang='grc' dir='ltr'><strong>μετα</strong></span> 
     </span>
    </p>
   </div>
   <div class='ocr_carea' id='block_1_81' title="bbox 2468 3485 4045 3563">
    <p class='ocr_par' dir='ltr' id='par_1_81' title="bbox 2468 3485 4045 3563">
     <span class='ocr_line' id='line_1_81' title="bbox 2468 3485 4045 3563; baseline -0.007 -16"><span class='ocrx_word' id='word_1_561' title='bbox 2468 3494 2561 3549; x_wconf 83' lang='grc' dir='ltr'><strong>τοῦ</strong></span> <span class='ocrx_word' id='word_1_562' title='bbox 2590 3493 3015 3563; x_wconf 71' lang='grc' dir='ltr'><strong>προσλήμματος</strong></span> <span class='ocrx_word' id='word_1_563' title='bbox 3046 3492 3123 3552; x_wconf 83' lang='grc' dir='ltr'><strong>είς</strong></span> <span class='ocrx_word' id='word_1_564' title='bbox 3179 3490 3444 3558; x_wconf 75' lang='grc' dir='ltr'><strong>οὐρανοὺς</strong></span> <span class='ocrx_word' id='word_1_565' title='bbox 3476 3488 3663 3550; x_wconf 86' lang='grc' dir='ltr'><strong>ἄνοδος</strong></span> <span class='ocrx_word' id='word_1_566' title='bbox 3699 3485 3796 3539; x_wconf 77' lang='grc' dir='ltr'><strong>τοῦ</strong></span> <span class='ocrx_word' id='word_1_567' title='bbox 3832 3487 4045 3554; x_wconf 73' lang='grc' dir='ltr'><strong>Κυρίου</strong></span> 
     </span>
    </p>
   </div>
   <div class='ocr_carea' id='block_1_82' title="bbox 2470 3577 4047 3654">
    <p class='ocr_par' dir='ltr' id='par_1_82' title="bbox 2470 3577 4047 3654">
     <span class='ocr_line' id='line_1_82' title="bbox 2470 3577 4047 3654; baseline -0.008 -16"><span class='ocrx_word' id='word_1_568' title='bbox 2470 3588 2563 3639; x_wconf 75' lang='grc' dir='ltr'><strong>καὶ</strong></span> <span class='ocrx_word' id='word_1_569' title='bbox 2601 3586 2856 3654; x_wconf 78' lang='grc' dir='ltr'><strong>Σωτῆρος</strong></span> <span class='ocrx_word' id='word_1_570' title='bbox 2889 3580 3046 3651; x_wconf 85' lang='grc' dir='ltr'><strong>ὴμῶν</strong></span> <span class='ocrx_word' id='word_1_571' title='bbox 3072 3580 3416 3649; x_wconf 78' lang='grc' dir='ltr'><strong>ἐορτάζεται,</strong></span> <span class='ocrx_word' id='word_1_572' title='bbox 3452 3577 3747 3647; x_wconf 69' lang='grc' dir='ltr'><strong>άθροισμδς</strong></span> <span class='ocrx_word' id='word_1_573' title='bbox 3779 3578 3843 3629; x_wconf 85' lang='grc' dir='ltr'><strong>ἐκ</strong></span> <span class='ocrx_word' id='word_1_574' title='bbox 3873 3591 4047 3644; x_wconf 62' lang='grc' dir='ltr'><strong>προσ-</strong></span> 
     </span>
    </p>
   </div>
   <div class='ocr_carea' id='block_1_83' title="bbox 2470 3668 4047 3742">
    <p class='ocr_par' dir='ltr' id='par_1_83' title="bbox 2470 3668 4047 3742">
     <span class='ocr_line' id='line_1_83' title="bbox 2470 3668 4047 3742; baseline -0.007 -15"><span class='ocrx_word' id='word_1_575' title='bbox 2470 3675 2717 3742; x_wconf 81' lang='grc' dir='ltr'><strong>κλήσεως</strong></span> <span class='ocrx_word' id='word_1_576' title='bbox 2762 3674 2974 3739; x_wconf 87' lang='grc' dir='ltr'><strong>γίνεται</strong></span> <span class='ocrx_word' id='word_1_577' title='bbox 3052 3671 3159 3722; x_wconf 83' lang='grc' dir='ltr'><strong>τῶν</strong></span> <span class='ocrx_word' id='word_1_578' title='bbox 3215 3671 3346 3739; x_wconf 80' lang='grc' dir='ltr'><strong>περὶ</strong></span> <span class='ocrx_word' id='word_1_579' title='bbox 3396 3670 3496 3739; x_wconf 81' lang='grc' dir='ltr'><strong>τὴν</strong></span> <span class='ocrx_word' id='word_1_580' title='bbox 3548 3669 3822 3738; x_wconf 84' lang='grc' dir='ltr'><strong>βασίλειον</strong></span> <span class='ocrx_word' id='word_1_581' title='bbox 3856 3668 4047 3736; x_wconf 65' lang='grc' dir='ltr'><strong>σχεδον</strong></span> 
     </span>
    </p>
   </div>
   <div class='ocr_carea' id='block_1_84' title="bbox 2472 3757 4046 3831">
    <p class='ocr_par' dir='ltr' id='par_1_84' title="bbox 2472 3757 4046 3831">
     <span class='ocr_line' id='line_1_84' title="bbox 2472 3757 4046 3831; baseline -0.004 -16"><span class='ocrx_word' id='word_1_582' title='bbox 2472 3764 2727 3815; x_wconf 86' lang='grc' dir='ltr'><strong>ἁπάντων</strong></span> <span class='ocrx_word' id='word_1_583' title='bbox 2778 3763 2970 3831; x_wconf 72' lang='grc' dir='ltr'><strong>αὐλήν·</strong></span> <span class='ocrx_word' id='word_1_584' title='bbox 3034 3762 3128 3814; x_wconf 72' lang='grc' dir='ltr'><strong>καὶ</strong></span> <span class='ocrx_word' id='word_1_585' title='bbox 3149 3757 3216 3830; x_wconf 77' lang='grc' dir='ltr'><strong>ἦν</strong></span> <span class='ocrx_word' id='word_1_586' title='bbox 3243 3760 3330 3812; x_wconf 72' lang='grc' dir='ltr'><strong>διὰ</strong></span> <span class='ocrx_word' id='word_1_587' title='bbox 3372 3761 3531 3812; x_wconf 79' lang='grc' dir='ltr'><strong>τοῦτο</strong></span> <span class='ocrx_word' id='word_1_588' title='bbox 3571 3760 3682 3819; x_wconf 82' lang='grc' dir='ltr'><strong>τοῖς</strong></span> <span class='ocrx_word' id='word_1_589' title='bbox 3738 3762 3800 3810; x_wconf 80' lang='grc' dir='ltr'><strong>ἐκ</strong></span> <span class='ocrx_word' id='word_1_590' title='bbox 3840 3758 4046 3818; x_wconf 74' lang='grc' dir='ltr'><strong>παντὸς</strong></span> 
     </span>
    </p>
   </div>
   <div class='ocr_carea' id='block_1_85' title="bbox 2471 3846 4049 3917">
    <p class='ocr_par' dir='ltr' id='par_1_85' title="bbox 2471 3846 4049 3917">
     <span class='ocr_line' id='line_1_85' title="bbox 2471 3846 4049 3917; baseline 0 -17"><span class='ocrx_word' id='word_1_591' title='bbox 2471 3850 2663 3917; x_wconf 87' lang='grc' dir='ltr'><strong>γένους</strong></span> <span class='ocrx_word' id='word_1_592' title='bbox 2695 3852 2787 3901; x_wconf 78' lang='grc' dir='ltr'><strong>καὶ</strong></span> <span class='ocrx_word' id='word_1_593' title='bbox 2821 3849 3007 3910; x_wconf 85' lang='grc' dir='ltr'><strong>ἐθνους</strong></span> <span class='ocrx_word' id='word_1_594' title='bbox 3032 3847 3306 3916; x_wconf 81' lang='grc' dir='ltr'><strong>συνδρομὴ</strong></span> <span class='ocrx_word' id='word_1_595' title='bbox 3339 3850 3431 3899; x_wconf 84' lang='grc' dir='ltr'><strong>καὶ</strong></span> <span class='ocrx_word' id='word_1_596' title='bbox 3458 3848 3624 3916; x_wconf 78' lang='grc' dir='ltr'><strong>ὁρμὴ,</strong></span> <span class='ocrx_word' id='word_1_597' title='bbox 3669 3846 3801 3899; x_wconf 82' lang='grc' dir='ltr'><strong>ἔνθα</strong></span> <span class='ocrx_word' id='word_1_598' title='bbox 3827 3849 3855 3899; x_wconf 90' lang='grc' dir='ltr'><strong>ό</strong></span> <span class='ocrx_word' id='word_1_599' title='bbox 3883 3846 4049 3915; x_wconf 77' lang='grc' dir='ltr'><strong>βασι-</strong></span> 
     </span>
    </p>
   </div>
   <div class='ocr_carea' id='block_1_86' title="bbox 2471 3937 4045 4012">
    <p class='ocr_par' dir='ltr' id='par_1_86' title="bbox 2471 3937 4045 4012">
     <span class='ocr_line' id='line_1_86' title="bbox 2471 3937 4045 4012; baseline 0.001 -19"><span class='ocrx_word' id='word_1_600' title='bbox 2471 3942 2597 4005; x_wconf 89' lang='grc' dir='ltr'><strong>λεὺς</strong></span> <span class='ocrx_word' id='word_1_601' title='bbox 2642 3943 2984 4012; x_wconf 83' lang='grc' dir='ltr'><strong>Ἀνδρόνικος</strong></span> <span class='ocrx_word' id='word_1_602' title='bbox 3014 3943 3355 4010; x_wconf 78' lang='grc' dir='ltr'><strong>ἐνηυλίζετο·</strong></span> <span class='ocrx_word' id='word_1_603' title='bbox 3387 3937 3456 4012; x_wconf 83' lang='grc' dir='ltr'><strong>ἦν</strong></span> <span class='ocrx_word' id='word_1_604' title='bbox 3487 3942 3544 3994; x_wconf 80' lang='grc' dir='ltr'><strong>δὲ</strong></span> <span class='ocrx_word' id='word_1_605' title='bbox 3573 3944 3692 3995; x_wconf 87' lang='grc' dir='ltr'><strong>τότε</strong></span> <span class='ocrx_word' id='word_1_606' title='bbox 3732 3943 4045 4012; x_wconf 75' lang='grc' dir='ltr'><strong>σκηνοῦμε-</strong></span> 
     </span>
    </p>
   </div>
   <div class='ocr_carea' id='block_1_87' title="bbox 2472 4033 4046 4104">
    <p class='ocr_par' dir='ltr' id='par_1_87' title="bbox 2472 4033 4046 4104">
     <span class='ocr_line' id='line_1_87' title="bbox 2472 4033 4046 4104; baseline -0.001 -15"><span class='ocrx_word' id='word_1_607' title='bbox 2472 4052 2556 4098; x_wconf 92' lang='grc' dir='ltr'><strong>νος</strong></span> <span class='ocrx_word' id='word_1_608' title='bbox 2592 4036 2735 4088; x_wconf 74' lang='grc' dir='ltr'><strong>κατὰ</strong></span> <span class='ocrx_word' id='word_1_609' title='bbox 2759 4035 2820 4087; x_wconf 81' lang='grc' dir='ltr'><strong>τὸ</strong></span> <span class='ocrx_word' id='word_1_610' title='bbox 2872 4035 2977 4098; x_wconf 74' lang='grc' dir='ltr'><strong>ἐξω</strong></span> <span class='ocrx_word' id='word_1_611' title='bbox 3005 4034 3296 4102; x_wconf 85' lang='grc' dir='ltr'><strong>λεγόμενον</strong></span> <span class='ocrx_word' id='word_1_612' title='bbox 3346 4035 3688 4087; x_wconf 78' lang='grc' dir='ltr'><strong>Φιλοπάτιον.</strong></span> <span class='ocrx_word' id='word_1_613' title='bbox 3746 4033 3963 4104; x_wconf 74' lang='grc' dir='ltr'><strong>Ὠσπερ</strong></span> <span class='ocrx_word' id='word_1_614' title='bbox 3989 4035 4046 4087; x_wconf 83' lang='grc' dir='ltr'><strong>δέ</strong></span> 
     </span>
    </p>
   </div>
   <div class='ocr_carea' id='block_1_88' title="bbox 2475 4124 4048 4195">
    <p class='ocr_par' dir='ltr' id='par_1_88' title="bbox 2475 4124 4048 4195">
     <span class='ocr_line' id='line_1_88' title="bbox 2475 4124 4048 4195; baseline -0.001 -19"><span class='ocrx_word' id='word_1_615' title='bbox 2475 4125 2806 4194; x_wconf 78' lang='grc' dir='ltr'><strong>παλινῳδίαν</strong></span> <span class='ocrx_word' id='word_1_616' title='bbox 2827 4127 2874 4177; x_wconf 82' lang='grc' dir='ltr'><strong>οἱ</strong></span> <span class='ocrx_word' id='word_1_617' title='bbox 2914 4125 3305 4194; x_wconf 82' lang='grc' dir='ltr'><strong>συνερχόμενοι</strong></span> <span class='ocrx_word' id='word_1_618' title='bbox 3357 4124 3596 4194; x_wconf 78' lang='grc' dir='ltr'><strong>ᾄδοντες,</strong></span> <span class='ocrx_word' id='word_1_619' title='bbox 3624 4125 3655 4193; x_wconf 77' lang='grc' dir='ltr'><strong>ἢ</strong></span> <span class='ocrx_word' id='word_1_620' title='bbox 3684 4127 3739 4176; x_wconf 75' lang='grc' dir='ltr'><strong>ἐν</strong></span> <span class='ocrx_word' id='word_1_621' title='bbox 3767 4124 3844 4195; x_wconf 82' lang='grc' dir='ltr'><strong>τῷ</strong></span> <span class='ocrx_word' id='word_1_622' title='bbox 3876 4127 4048 4193; x_wconf 72' lang='grc' dir='ltr'><strong>ἄλλην</strong></span> 
     </span>
    </p>
   </div>
   <div class='ocr_carea' id='block_1_89' title="bbox 2473 4210 4050 4286">
    <p class='ocr_par' dir='ltr' id='par_1_89' title="bbox 2473 4210 4050 4286">
     <span class='ocr_line' id='line_1_89' title="bbox 2473 4210 4050 4286; baseline -0.006 -18"><span class='ocrx_word' id='word_1_623' title='bbox 2473 4216 2691 4286; x_wconf 76' lang='grc' dir='ltr'><strong>τρέχειν</strong></span> <span class='ocrx_word' id='word_1_624' title='bbox 2742 4214 2936 4282; x_wconf 79' lang='grc' dir='ltr'><strong>ἑτέραν</strong></span> <span class='ocrx_word' id='word_1_625' title='bbox 2984 4214 3318 4283; x_wconf 79' lang='grc' dir='ltr'><strong>βαδίζοντες,</strong></span> <span class='ocrx_word' id='word_1_626' title='bbox 3352 4210 3500 4285; x_wconf 81' lang='grc' dir='ltr'><strong>εἶχον</strong></span> <span class='ocrx_word' id='word_1_627' title='bbox 3522 4216 3580 4266; x_wconf 77' lang='grc' dir='ltr'><strong>τὸ</strong></span> <span class='ocrx_word' id='word_1_628' title='bbox 3604 4215 3840 4277; x_wconf 75' lang='grc' dir='ltr'><strong>κατάντη</strong></span> <span class='ocrx_word' id='word_1_629' title='bbox 3853 4233 3927 4277; x_wconf 80' lang='grc' dir='ltr'><strong>μα</strong></span> <span class='ocrx_word' id='word_1_630' title='bbox 3951 4217 4050 4284; x_wconf 71' lang='grc' dir='ltr'><strong>τῆς</strong></span> 
     </span>
    </p>
   </div>
   <div class='ocr_carea' id='block_1_90' title="bbox 2472 4306 4051 4376">
    <p class='ocr_par' dir='ltr' id='par_1_90' title="bbox 2472 4306 4051 4376">
     <span class='ocr_line' id='line_1_90' title="bbox 2472 4306 4051 4376; baseline -0.001 -16"><span class='ocrx_word' id='word_1_631' title='bbox 2472 4306 2593 4359; x_wconf 78' lang='grc' dir='ltr'><strong>ὁδοῦ</strong></span> <span class='ocrx_word' id='word_1_632' title='bbox 2624 4308 2753 4376; x_wconf 77' lang='grc' dir='ltr'><strong>περὶ</strong></span> <span class='ocrx_word' id='word_1_633' title='bbox 2786 4307 2855 4358; x_wconf 77' lang='grc' dir='ltr'><strong>τὰ</strong></span> <span class='ocrx_word' id='word_1_634' title='bbox 2880 4306 3151 4375; x_wconf 86' lang='grc' dir='ltr'><strong>λεγόμενα</strong></span> <span class='ocrx_word' id='word_1_635' title='bbox 3180 4306 3275 4358; x_wconf 83' lang='grc' dir='ltr'><strong>τοῦ</strong></span> <span class='ocrx_word' id='word_1_636' title='bbox 3300 4307 3568 4374; x_wconf 77' lang='grc' dir='ltr'><strong>Μαγγάνη</strong></span> <span class='ocrx_word' id='word_1_637' title='bbox 3592 4306 3852 4367; x_wconf 83' lang='grc' dir='ltr'><strong>παλάτια,</strong></span> <span class='ocrx_word' id='word_1_638' title='bbox 3881 4308 3918 4360; x_wconf 70' lang='grc' dir='ltr'><strong>ά</strong></span> <span class='ocrx_word' id='word_1_639' title='bbox 3953 4310 4051 4358; x_wconf 71' lang='grc' dir='ltr'><strong>καὶ</strong></span> 
     </span>
    </p>
   </div>
   <div class='ocr_carea' id='block_1_91' title="bbox 2475 4393 4048 4463">
    <p class='ocr_par' dir='ltr' id='par_1_91' title="bbox 2475 4393 4048 4463">
     <span class='ocr_line' id='line_1_91' title="bbox 2475 4393 4048 4463; baseline -0.001 -16"><span class='ocrx_word' id='word_1_640' title='bbox 2475 4396 2616 4447; x_wconf 72' lang='grc' dir='ltr'><strong>αὐτὰ</strong></span> <span class='ocrx_word' id='word_1_641' title='bbox 2677 4394 2909 4446; x_wconf 84' lang='grc' dir='ltr'><strong>κατὰτὸ</strong></span> <span class='ocrx_word' id='word_1_642' title='bbox 2944 4393 3092 4454; x_wconf 77' lang='grc' dir='ltr'><strong>ἐντὸς</strong></span> <span class='ocrx_word' id='word_1_643' title='bbox 3147 4394 3466 4445; x_wconf 78' lang='grc' dir='ltr'><strong>Φιλοπάτιον</strong></span> <span class='ocrx_word' id='word_1_644' title='bbox 3517 4394 3886 4463; x_wconf 78' lang='grc' dir='ltr'><strong>ᾠκοδόμηντο,</strong></span> <span class='ocrx_word' id='word_1_645' title='bbox 3952 4398 4048 4447; x_wconf 76' lang='grc' dir='ltr'><strong>ἐσ-</strong></span> 
     </span>
    </p>
   </div>
   <div class='ocr_carea' id='block_1_92' title="bbox 2480 4484 4052 4555">
    <p class='ocr_par' dir='ltr' id='par_1_92' title="bbox 2480 4484 4052 4555">
     <span class='ocr_line' id='line_1_92' title="bbox 2480 4484 4052 4555; baseline 0.001 -18"><span class='ocrx_word' id='word_1_646' title='bbox 2480 4486 2707 4555; x_wconf 76' lang='grc' dir='ltr'><strong>ύστερον</strong></span> <span class='ocrx_word' id='word_1_647' title='bbox 2740 4485 2785 4537; x_wconf 87' lang='grc' dir='ltr'><strong>δ’</strong></span> <span class='ocrx_word' id='word_1_648' title='bbox 2810 4484 3149 4552; x_wconf 84' lang='grc' dir='ltr'><strong>Ἀνδρόνικος</strong></span> <span class='ocrx_word' id='word_1_649' title='bbox 3195 4484 3549 4551; x_wconf 57' lang='grc' dir='ltr'><strong>κατηδάςςισε.</strong></span> <span class='ocrx_word' id='word_1_650' title='bbox 3586 4487 3693 4537; x_wconf 79' lang='grc' dir='ltr'><strong>Καὶ</strong></span> <span class='ocrx_word' id='word_1_651' title='bbox 3726 4489 3847 4537; x_wconf 72' lang='grc' dir='ltr'><strong>ἐπεὶ</strong></span> <span class='ocrx_word' id='word_1_652' title='bbox 3879 4488 4052 4538; x_wconf 81' lang='grc' dir='ltr'><strong>πολυ-</strong></span> 
     </span>
    </p>
   </div>
   <div class='ocr_carea' id='block_1_93' title="bbox 2475 4572 4048 4647">
    <p class='ocr_par' dir='ltr' id='par_1_93' title="bbox 2475 4572 4048 4647">
     <span class='ocr_line' id='line_1_93' title="bbox 2475 4572 4048 4647; baseline -0.006 -15"><span class='ocrx_word' id='word_1_653' title='bbox 2475 4579 2759 4647; x_wconf 85' lang='grc' dir='ltr'><strong>άνθρωπος</strong></span> <span class='ocrx_word' id='word_1_654' title='bbox 2780 4572 2847 4647; x_wconf 84' lang='grc' dir='ltr'><strong>ἦν</strong></span> <span class='ocrx_word' id='word_1_655' title='bbox 2882 4578 2913 4645; x_wconf 82' lang='grc' dir='ltr'>ἡ</span> <span class='ocrx_word' id='word_1_656' title='bbox 2943 4576 3273 4638; x_wconf 86' lang='grc' dir='ltr'><strong>συνέλευσις,</strong></span> <span class='ocrx_word' id='word_1_657' title='bbox 3305 4579 3450 4629; x_wconf 79' lang='grc' dir='ltr'><strong>πάνυ</strong></span> <span class='ocrx_word' id='word_1_658' title='bbox 3474 4577 3657 4643; x_wconf 81' lang='grc' dir='ltr'><strong>μέντοι</strong></span> <span class='ocrx_word' id='word_1_659' title='bbox 3689 4576 4048 4644; x_wconf 78' lang='grc' dir='ltr'><strong>πολυάνθρω.</strong></span> 
     </span>
    </p>
   </div>
   <div class='ocr_carea' id='block_1_94' title="bbox 2477 4666 4049 4735">
    <p class='ocr_par' dir='ltr' id='par_1_94' title="bbox 2477 4666 4049 4735">
     <span class='ocr_line' id='line_1_94' title="bbox 2477 4666 4049 4735; baseline -0.001 -14"><span class='ocrx_word' id='word_1_660' title='bbox 2477 4686 2599 4731; x_wconf 86' lang='grc' dir='ltr'><strong>πος,</strong></span> <span class='ocrx_word' id='word_1_661' title='bbox 2628 4671 2723 4721; x_wconf 81' lang='grc' dir='ltr'><strong>καὶ</strong></span> <span class='ocrx_word' id='word_1_662' title='bbox 2774 4667 2920 4735; x_wconf 84' lang='grc' dir='ltr'><strong>άπῆν</strong></span> <span class='ocrx_word' id='word_1_663' title='bbox 2947 4666 3119 4728; x_wconf 72' lang='grc' dir='ltr'><strong>οὐδεὶς</strong></span> <span class='ocrx_word' id='word_1_664' title='bbox 3142 4667 3201 4719; x_wconf 81' lang='grc' dir='ltr'><strong>ὃν</strong></span> <span class='ocrx_word' id='word_1_665' title='bbox 3239 4670 3494 4735; x_wconf 89' lang='grc' dir='ltr'><strong>παρεῖναι</strong></span> <span class='ocrx_word' id='word_1_666' title='bbox 3538 4667 3728 4734; x_wconf 76' lang='grc' dir='ltr'><strong>ἐχρῆν,</strong></span> <span class='ocrx_word' id='word_1_667' title='bbox 3757 4666 4049 4732; x_wconf 73' lang='grc' dir='ltr'><strong>ἐξάγονται</strong></span> 
     </span>
    </p>
   </div>
   <div class='ocr_carea' id='block_1_95' title="bbox 806 4751 2491 4832">
    <p class='ocr_par' dir='ltr' id='par_1_95' title="bbox 806 4751 2491 4832">
     <span class='ocr_line' id='line_1_95' title="bbox 806 4751 2491 4832; baseline -0.005 -13"><span class='ocrx_word' id='word_1_668' title='bbox 806 4768 1100 4825; x_wconf 81' lang='lat' dir='ltr'><strong>destinato,</strong></span> <span class='ocrx_word' id='word_1_669' title='bbox 1131 4766 1221 4832; x_wconf 86' lang='lat' dir='ltr'><strong>qui</strong></span> <span class='ocrx_word' id='word_1_670' title='bbox 1260 4773 1309 4816; x_wconf 87' lang='lat' dir='ltr'><strong>et</strong></span> <span class='ocrx_word' id='word_1_671' title='bbox 1346 4761 1607 4815; x_wconf 77' lang='lat' dir='ltr'><strong>affinitate</strong></span> <span class='ocrx_word' id='word_1_672' title='bbox 1649 4762 2111 4829; x_wconf 89' lang='lat' dir='ltr'><strong>imperatorioset</strong></span> <span class='ocrx_word' id='word_1_673' title='bbox 2135 4774 2292 4817; x_wconf 76' lang='lat' dir='ltr'><strong>:ctate</strong></span> <span class='ocrx_word' id='word_1_674' title='bbox 2318 4775 2374 4820; x_wconf 85' lang='lat' dir='ltr'><strong>et</strong></span> <span class='ocrx_word' id='word_1_675' title='bbox 2400 4751 2453 4811; x_wconf 88' lang='lat' dir='ltr'><strong>D</strong></span> <span class='ocrx_word' id='word_1_676' title='bbox 2480 4778 2491 4811; x_wconf 64' lang='grc' dir='ltr'>τ</span> 
     </span>
    </p>
   </div>
   <div class='ocr_carea' id='block_1_96' title="bbox 2366 4751 4051 4832">
    <p class='ocr_par' dir='ltr' id='par_1_96' title="bbox 2366 4751 4051 4829">
     <span class='ocr_line' id='line_1_96' title="bbox 2366 4751 4051 4829; baseline 0 -18"><span class='ocrx_word' id='word_1_677' title='bbox 2366 4780 2374 4820; x_wconf 67' lang='grc' dir='ltr'>ι</span> <span class='ocrx_word' id='word_1_678' title='bbox 2400 4751 2453 4811; x_wconf 89' lang='grc' dir='ltr'><strong>Ι)</strong></span> <span class='ocrx_word' id='word_1_679' title='bbox 2480 4761 2630 4829; x_wconf 74' lang='grc' dir='ltr'><strong>παρὰ</strong></span> <span class='ocrx_word' id='word_1_680' title='bbox 2650 4759 2807 4824; x_wconf 75' lang='grc' dir='ltr'><strong>δόξαν</strong></span> <span class='ocrx_word' id='word_1_681' title='bbox 2866 4759 2973 4811; x_wconf 84' lang='grc' dir='ltr'><strong>τῶν</strong></span> <span class='ocrx_word' id='word_1_682' title='bbox 3028 4758 3464 4825; x_wconf 81' lang='grc' dir='ltr'><strong>συνειλεγμένων</strong></span> <span class='ocrx_word' id='word_1_683' title='bbox 3496 4759 3525 4808; x_wconf 84' lang='grc' dir='ltr'><strong>ό</strong></span> <span class='ocrx_word' id='word_1_684' title='bbox 3576 4760 3783 4819; x_wconf 83' lang='grc' dir='ltr'><strong>Δούκας</strong></span> <span class='ocrx_word' id='word_1_685' title='bbox 3814 4776 3873 4811; x_wconf 81' lang='grc' dir='ltr'><strong>τε</strong></span> <span class='ocrx_word' id='word_1_686' title='bbox 3901 4764 3999 4813; x_wconf 69' lang='grc' dir='ltr'><strong>λαὶ</strong></span> <span class='ocrx_word' id='word_1_687' title='bbox 4022 4762 4051 4811; x_wconf 83' lang='grc' dir='ltr'><strong>ό</strong></span> 
     </span>
    </p>
   </div>
   <div class='ocr_carea' id='block_1_97' title="bbox 806 4854 2375 4924">
    <p class='ocr_par' dir='ltr' id='par_1_97' title="bbox 806 4854 2375 4924">
     <span class='ocr_line' id='line_1_97' title="bbox 806 4854 2375 4924; baseline 0 -15"><span class='ocrx_word' id='word_1_688' title='bbox 806 4857 1158 4924; x_wconf 72' lang='lat' dir='ltr'><strong>amplissimis</strong></span> <span class='ocrx_word' id='word_1_689' title='bbox 1195 4855 1394 4922; x_wconf 88' lang='lat' dir='ltr'><strong>opibus</strong></span> <span class='ocrx_word' id='word_1_690' title='bbox 1436 4854 1820 4915; x_wconf 88' lang='lat' dir='ltr'><strong>antecellebat.</strong></span> <span class='ocrx_word' id='word_1_691' title='bbox 1868 4869 2061 4908; x_wconf 85' lang='lat' dir='ltr'><strong>omnes</strong></span> <span class='ocrx_word' id='word_1_692' title='bbox 2113 4856 2375 4909; x_wconf 90' lang='lat' dir='ltr'><strong>hortaba-</strong></span> 
     </span>
    </p>
   </div>
   <div class='ocr_carea' id='block_1_98' title="bbox 809 4945 2377 5013">
    <p class='ocr_par' dir='ltr' id='par_1_98' title="bbox 809 4945 2377 5013">
     <span class='ocr_line' id='line_1_98' title="bbox 809 4945 2377 5013; baseline 0.001 -12"><span class='ocrx_word' id='word_1_693' title='bbox 809 4958 898 5001; x_wconf 90' lang='lat' dir='ltr'><strong>tur</strong></span> <span class='ocrx_word' id='word_1_694' title='bbox 935 4958 992 4999; x_wconf 91' lang='lat' dir='ltr'><strong>ut</strong></span> <span class='ocrx_word' id='word_1_695' title='bbox 1024 4963 1182 5001; x_wconf 91' lang='lat' dir='ltr'><strong>suum</strong></span> <span class='ocrx_word' id='word_1_696' title='bbox 1237 4946 1547 5013; x_wconf 80' lang='lat' dir='ltr'><strong>exemplum</strong></span> <span class='ocrx_word' id='word_1_697' title='bbox 1582 4945 1950 5009; x_wconf 85' lang='lat' dir='ltr'><strong>imitarentur,</strong></span> <span class='ocrx_word' id='word_1_698' title='bbox 1984 4957 2157 5001; x_wconf 88' lang='lat' dir='ltr'><strong>totum</strong></span> <span class='ocrx_word' id='word_1_699' title='bbox 2190 4951 2377 5003; x_wconf 86' lang='lat' dir='ltr'><strong>conci-</strong></span> 
     </span>
    </p>
   </div>
   <div class='ocr_carea' id='block_1_99' title="bbox 806 5038 2375 5107">
    <p class='ocr_par' dir='ltr' id='par_1_99' title="bbox 806 5038 2375 5107">
     <span class='ocr_line' id='line_1_99' title="bbox 806 5038 2375 5107; baseline 0.001 -14"><span class='ocrx_word' id='word_1_700' title='bbox 806 5040 940 5094; x_wconf 89' lang='lat' dir='ltr'><strong>lium</strong></span> <span class='ocrx_word' id='word_1_701' title='bbox 986 5041 1472 5100; x_wconf 81' lang='lat' dir='ltr'><strong>circumsnectans.</strong></span> <span class='ocrx_word' id='word_1_702' title='bbox 1521 5050 1577 5092; x_wconf 91' lang='lat' dir='ltr'><strong>ct</strong></span> <span class='ocrx_word' id='word_1_703' title='bbox 1626 5041 1719 5107; x_wconf 89' lang='lat' dir='ltr'><strong>qui</strong></span> <span class='ocrx_word' id='word_1_704' title='bbox 1754 5038 2086 5107; x_wconf 81' lang='lat' dir='ltr'><strong>lapidatione</strong></span> <span class='ocrx_word' id='word_1_705' title='bbox 2132 5042 2375 5095; x_wconf 91' lang='lat' dir='ltr'><strong>abstine-</strong></span> 
     </span>
    </p>
   </div>
   <div class='ocr_carea' id='block_1_100' title="bbox 806 5130 2375 5201">
    <p class='ocr_par' dir='ltr' id='par_1_100' title="bbox 806 5130 2375 5201">
     <span class='ocr_line' id='line_1_100' title="bbox 806 5130 2375 5201; baseline 0 -14"><span class='ocrx_word' id='word_1_706' title='bbox 806 5134 920 5190; x_wconf 87' lang='lat' dir='ltr'><strong>bat.</strong></span> <span class='ocrx_word' id='word_1_707' title='bbox 957 5131 1205 5185; x_wconf 80' lang='lat' dir='ltr'><strong>dicteriis</strong></span> <span class='ocrx_word' id='word_1_708' title='bbox 1238 5141 1295 5184; x_wconf 90' lang='lat' dir='ltr'><strong>et</strong></span> <span class='ocrx_word' id='word_1_709' title='bbox 1326 5131 1592 5183; x_wconf 78' lang='lat' dir='ltr'><strong>conviciis</strong></span> <span class='ocrx_word' id='word_1_710' title='bbox 1644 5130 1927 5184; x_wconf 87' lang='lat' dir='ltr'><strong>incessens</strong></span> <span class='ocrx_word' id='word_1_711' title='bbox 1954 5141 2015 5185; x_wconf 89' lang='lat' dir='ltr'><strong>ut</strong></span> <span class='ocrx_word' id='word_1_712' title='bbox 2055 5132 2375 5201; x_wconf 89' lang='lat' dir='ltr'><strong>imperatori</strong></span> 
     </span>
    </p>
   </div>
   <div class='ocr_carea' id='block_1_101' title="bbox 808 5218 2377 5288">
    <p class='ocr_par' dir='ltr' id='par_1_101' title="bbox 808 5218 2377 5288">
     <span class='ocr_line' id='line_1_101' title="bbox 808 5218 2377 5288; baseline 0.001 -14"><span class='ocrx_word' id='word_1_713' title='bbox 808 5222 1081 5275; x_wconf 81' lang='lat' dir='ltr'><strong>inﬁdelem</strong></span> <span class='ocrx_word' id='word_1_714' title='bbox 1121 5231 1177 5274; x_wconf 86' lang='lat' dir='ltr'><strong>et</strong></span> <span class='ocrx_word' id='word_1_715' title='bbox 1225 5220 1389 5287; x_wconf 78' lang='lat' dir='ltr'><strong>paulo</strong></span> <span class='ocrx_word' id='word_1_716' title='bbox 1442 5230 1564 5287; x_wconf 91' lang='lat' dir='ltr'><strong>post</strong></span> <span class='ocrx_word' id='word_1_717' title='bbox 1620 5218 1762 5272; x_wconf 89' lang='lat' dir='ltr'><strong>idem</strong></span> <span class='ocrx_word' id='word_1_718' title='bbox 1796 5220 2127 5288; x_wconf 90' lang='lat' dir='ltr'><strong>supplicium</strong></span> <span class='ocrx_word' id='word_1_719' title='bbox 2167 5224 2377 5275; x_wconf 88' lang='lat' dir='ltr'><strong>subitu-</strong></span> 
     </span>
    </p>
   </div>
   <div class='ocr_carea' id='block_1_102' title="bbox 808 5312 2377 5386">
    <p class='ocr_par' dir='ltr' id='par_1_102' title="bbox 808 5312 2377 5386">
     <span class='ocr_line' id='line_1_102' title="bbox 808 5312 2377 5386; baseline 0.003 -20"><span class='ocrx_word' id='word_1_720' title='bbox 808 5329 950 5367; x_wconf 90' lang='lat' dir='ltr'><strong>rum.</strong></span> <span class='ocrx_word' id='word_1_721' title='bbox 990 5313 1059 5365; x_wconf 91' lang='lat' dir='ltr'><strong>lis</strong></span> <span class='ocrx_word' id='word_1_722' title='bbox 1085 5313 1250 5365; x_wconf 87' lang='lat' dir='ltr'><strong>minis</strong></span> <span class='ocrx_word' id='word_1_723' title='bbox 1280 5312 1457 5365; x_wconf 89' lang='lat' dir='ltr'><strong>territi</strong></span> <span class='ocrx_word' id='word_1_724' title='bbox 1484 5326 1675 5365; x_wconf 89' lang='lat' dir='ltr'><strong>omnes</strong></span> <span class='ocrx_word' id='word_1_725' title='bbox 1709 5326 1837 5364; x_wconf 80' lang='lat' dir='ltr'><strong>saxa</strong></span> <span class='ocrx_word' id='word_1_726' title='bbox 1889 5314 1941 5364; x_wconf 92' lang='lat' dir='ltr'><strong>in</strong></span> <span class='ocrx_word' id='word_1_727' title='bbox 1981 5313 2100 5367; x_wconf 93' lang='lat' dir='ltr'><strong>illos</strong></span> <span class='ocrx_word' id='word_1_728' title='bbox 2126 5318 2377 5386; x_wconf 88' lang='lat' dir='ltr'><strong>conjece-</strong></span> 
     </span>
    </p>
   </div>
   <div class='ocr_carea' id='block_1_103' title="bbox 810 5401 2377 5471">
    <p class='ocr_par' dir='ltr' id='par_1_103' title="bbox 810 5401 2377 5471">
     <span class='ocr_line' id='line_1_103' title="bbox 810 5401 2377 5471; baseline 0.002 -14"><span class='ocrx_word' id='word_1_729' title='bbox 810 5414 956 5465; x_wconf 86' lang='lat' dir='ltr'><strong>runt,</strong></span> <span class='ocrx_word' id='word_1_730' title='bbox 993 5413 1051 5455; x_wconf 88' lang='lat' dir='ltr'><strong>ut</strong></span> <span class='ocrx_word' id='word_1_731' title='bbox 1088 5403 1358 5471; x_wconf 84' lang='lat' dir='ltr'><strong>supplicio</strong></span> <span class='ocrx_word' id='word_1_732' title='bbox 1426 5410 1646 5471; x_wconf 90' lang='lat' dir='ltr'><strong>peracto</strong></span> <span class='ocrx_word' id='word_1_733' title='bbox 1675 5401 1837 5470; x_wconf 80' lang='lat'><strong>382</strong></span> <span class='ocrx_word' id='word_1_734' title='bbox 1870 5403 1923 5471; x_wconf 84' lang='grc' dir='ltr'><strong>(ο</strong></span> <span class='ocrx_word' id='word_1_735' title='bbox 1958 5403 2267 5459; x_wconf 77' lang='lat' dir='ltr'><strong>miserabile</strong></span> <span class='ocrx_word' id='word_1_736' title='bbox 2322 5416 2377 5460; x_wconf 90' lang='lat' dir='ltr'><strong>et</strong></span> 
     </span>
    </p>
   </div>
   <div class='ocr_carea' id='block_1_104' title="bbox 808 5494 2377 5564">
    <p class='ocr_par' dir='ltr' id='par_1_104' title="bbox 808 5494 2377 5564">
     <span class='ocr_line' id='line_1_104' title="bbox 808 5494 2377 5564; baseline 0.001 -16"><span class='ocrx_word' id='word_1_737' title='bbox 808 5495 1132 5548; x_wconf 80' lang='lat' dir='ltr'><strong>incredibile</strong></span> <span class='ocrx_word' id='word_1_738' title='bbox 1168 5495 1563 5563; x_wconf 78' lang='lat' dir='ltr'><strong>Spectaculum)</strong></span> <span class='ocrx_word' id='word_1_739' title='bbox 1610 5494 1821 5564; x_wconf 78' lang='lat' dir='ltr'><strong>lapides</strong></span> <span class='ocrx_word' id='word_1_740' title='bbox 1875 5496 1928 5547; x_wconf 90' lang='lat' dir='ltr'><strong>in</strong></span> <span class='ocrx_word' id='word_1_741' title='bbox 1982 5496 2252 5549; x_wconf 87' lang='lat' dir='ltr'><strong>tumulum</strong></span> <span class='ocrx_word' id='word_1_742' title='bbox 2281 5512 2377 5550; x_wconf 83' lang='lat' dir='ltr'><strong>ex-</strong></span> 
     </span>
    </p>
   </div>
   <div class='ocr_carea' id='block_1_105' title="bbox 808 5584 2375 5655">
    <p class='ocr_par' dir='ltr' id='par_1_105' title="bbox 808 5584 2375 5655">
     <span class='ocr_line' id='line_1_105' title="bbox 808 5584 2375 5655; baseline 0.003 -18"><span class='ocrx_word' id='word_1_743' title='bbox 808 5596 1115 5655; x_wconf 81' lang='lat' dir='ltr'><strong>surgerent.</strong></span> <span class='ocrx_word' id='word_1_744' title='bbox 1150 5584 1189 5637; x_wconf 90' lang='lat' dir='ltr'><strong>li</strong></span> <span class='ocrx_word' id='word_1_745' title='bbox 1214 5599 1343 5638; x_wconf 84' lang='lat' dir='ltr'><strong>vero</strong></span> <span class='ocrx_word' id='word_1_746' title='bbox 1378 5586 1584 5653; x_wconf 86' lang='lat' dir='ltr'><strong>quibus</strong></span> <span class='ocrx_word' id='word_1_747' title='bbox 1630 5601 1830 5639; x_wconf 86' lang='lat' dir='ltr'><strong>munus</strong></span> <span class='ocrx_word' id='word_1_748' title='bbox 1878 5589 2064 5640; x_wconf 86' lang='lat' dir='ltr'><strong>datum</strong></span> <span class='ocrx_word' id='word_1_749' title='bbox 2098 5599 2240 5650; x_wconf 90' lang='lat' dir='ltr'><strong>erat,</strong></span> <span class='ocrx_word' id='word_1_750' title='bbox 2280 5604 2375 5643; x_wconf 80' lang='lat' dir='ltr'><strong>nos</strong></span> 
     </span>
    </p>
   </div>
   <div class='ocr_carea' id='block_1_106' title="bbox 807 5679 2375 5748">
    <p class='ocr_par' dir='ltr' id='par_1_106' title="bbox 807 5679 2375 5748">
     <span class='ocr_line' id='line_1_106' title="bbox 807 5679 2375 5748; baseline 0.001 -16"><span class='ocrx_word' id='word_1_751' title='bbox 807 5681 990 5734; x_wconf 61' lang='lat' dir='ltr'><strong>adhuc</strong></span> <span class='ocrx_word' id='word_1_752' title='bbox 1014 5679 1286 5748; x_wconf 80' lang='lat' dir='ltr'><strong>spirantes</strong></span> <span class='ocrx_word' id='word_1_753' title='bbox 1308 5680 1571 5741; x_wconf 81' lang='lat' dir='ltr'><strong>sublatos,</strong></span> <span class='ocrx_word' id='word_1_754' title='bbox 1606 5690 1661 5732; x_wconf 82' lang='lat' dir='ltr'><strong>et</strong></span> <span class='ocrx_word' id='word_1_755' title='bbox 1696 5680 1966 5747; x_wconf 83' lang='lat' dir='ltr'><strong>tapetibus</strong></span> <span class='ocrx_word' id='word_1_756' title='bbox 2013 5681 2215 5748; x_wconf 87' lang='lat' dir='ltr'><strong>quibus</strong></span> <span class='ocrx_word' id='word_1_757' title='bbox 2257 5697 2375 5734; x_wconf 79' lang='lat' dir='ltr'><strong>sar-</strong></span> 
     </span>
    </p>
   </div>
   <div class='ocr_carea' id='block_1_107' title="bbox 810 5768 2379 5837">
    <p class='ocr_par' dir='ltr' id='par_1_107' title="bbox 810 5768 2379 5837">
     <span class='ocr_line' id='line_1_107' title="bbox 810 5768 2379 5837; baseline -0.001 -13"><span class='ocrx_word' id='word_1_758' title='bbox 810 5772 947 5824; x_wconf 73' lang='lat' dir='ltr'><strong>cina:</strong></span> <span class='ocrx_word' id='word_1_759' title='bbox 983 5769 1255 5823; x_wconf 86' lang='lat' dir='ltr'><strong>mulorum</strong></span> <span class='ocrx_word' id='word_1_760' title='bbox 1285 5768 1389 5837; x_wconf 76' lang='lat' dir='ltr'><strong>tegi</strong></span> <span class='ocrx_word' id='word_1_761' title='bbox 1434 5768 1611 5823; x_wconf 81' lang='lat' dir='ltr'><strong>solent</strong></span> <span class='ocrx_word' id='word_1_762' title='bbox 1640 5769 1935 5831; x_wconf 79' lang='lat' dir='ltr'><strong>involutos,</strong></span> <span class='ocrx_word' id='word_1_763' title='bbox 1972 5769 2169 5825; x_wconf 81' lang='lat' dir='ltr'><strong>Ducam</strong></span> <span class='ocrx_word' id='word_1_764' title='bbox 2202 5770 2251 5822; x_wconf 89' lang='lat' dir='ltr'><strong>in</strong></span> <span class='ocrx_word' id='word_1_765' title='bbox 2283 5771 2379 5825; x_wconf 75' lang='lat' dir='ltr'><strong>Ju-</strong></span> 
     </span>
    </p>
   </div>
   <div class='ocr_carea' id='block_1_108' title="bbox 2476 4848 4049 4918">
    <p class='ocr_par' dir='ltr' id='par_1_108' title="bbox 2476 4848 4049 4918">
     <span class='ocr_line' id='line_1_108' title="bbox 2476 4848 4049 4918; baseline -0.002 -14"><span class='ocrx_word' id='word_1_766' title='bbox 2476 4850 2872 4918; x_wconf 88' lang='grc' dir='ltr'><strong>Μακροδούκας</strong></span> <span class='ocrx_word' id='word_1_767' title='bbox 2901 4852 2966 4902; x_wconf 84' lang='grc' dir='ltr'><strong>ἐκ</strong></span> <span class='ocrx_word' id='word_1_768' title='bbox 2982 4848 3091 4901; x_wconf 81' lang='grc' dir='ltr'><strong>τῶν</strong></span> <span class='ocrx_word' id='word_1_769' title='bbox 3119 4851 3237 4900; x_wconf 82' lang='grc' dir='ltr'><strong>ἐκεῖ</strong></span> <span class='ocrx_word' id='word_1_770' title='bbox 3270 4866 3373 4900; x_wconf 89' lang='grc' dir='ltr'><strong>που</strong></span> <span class='ocrx_word' id='word_1_771' title='bbox 3399 4849 3673 4900; x_wconf 74' lang='grc' dir='ltr'><strong>ἐπιπέδων</strong></span> <span class='ocrx_word' id='word_1_772' title='bbox 3695 4852 4049 4914; x_wconf 60' lang='grc' dir='ltr'><strong>οἰκημάτων,</strong></span> 
     </span>
    </p>
   </div>
   <div class='ocr_carea' id='block_1_109' title="bbox 2474 4940 4048 5010">
    <p class='ocr_par' dir='ltr' id='par_1_109' title="bbox 2474 4940 4048 5010">
     <span class='ocr_line' id='line_1_109' title="bbox 2474 4940 4048 5010; baseline 0 -17"><span class='ocrx_word' id='word_1_773' title='bbox 2474 4946 2569 4993; x_wconf 67' lang='grc' dir='ltr'><strong>καὶ</strong></span> <span class='ocrx_word' id='word_1_774' title='bbox 2605 4942 2738 5010; x_wconf 82' lang='grc' dir='ltr'><strong>πρὸς</strong></span> <span class='ocrx_word' id='word_1_775' title='bbox 2767 4941 2863 5010; x_wconf 79' lang='grc' dir='ltr'><strong>τὴν</strong></span> <span class='ocrx_word' id='word_1_776' title='bbox 2894 4940 3109 4992; x_wconf 73' lang='grc' dir='ltr'><strong>αὔλειον</strong></span> <span class='ocrx_word' id='word_1_777' title='bbox 3132 4940 3207 5001; x_wconf 74' lang='lat' dir='ltr'><strong>ob;</strong></span> <span class='ocrx_word' id='word_1_778' title='bbox 3238 4941 3561 5009; x_wconf 80' lang='grc' dir='ltr'><strong>κατάκριτοι</strong></span> <span class='ocrx_word' id='word_1_779' title='bbox 3594 4941 4048 5008; x_wconf 68' lang='grc' dir='ltr'><strong>θριαμϐεύονται.</strong></span> 
     </span>
    </p>
   </div>
   <div class='ocr_carea' id='block_1_110' title="bbox 2475 5031 4055 5101">
    <p class='ocr_par' dir='ltr' id='par_1_110' title="bbox 2475 5031 4055 5101">
     <span class='ocr_line' id='line_1_110' title="bbox 2475 5031 4055 5101; baseline 0.001 -16"><span class='ocrx_word' id='word_1_780' title='bbox 2475 5034 2584 5086; x_wconf 73' lang='grc' dir='ltr'><strong>Καὶ</strong></span> <span class='ocrx_word' id='word_1_781' title='bbox 2612 5035 2662 5084; x_wconf 87' lang='grc' dir='ltr'><strong>οἱ</strong></span> <span class='ocrx_word' id='word_1_782' title='bbox 2700 5032 2797 5101; x_wconf 88' lang='grc' dir='ltr'><strong>μὲν</strong></span> <span class='ocrx_word' id='word_1_783' title='bbox 2831 5032 2906 5093; x_wconf 88' lang='grc' dir='ltr'><strong>ώς</strong></span> <span class='ocrx_word' id='word_1_784' title='bbox 2941 5032 3044 5083; x_wconf 79' lang='grc' dir='ltr'><strong>ὑπὸ</strong></span> <span class='ocrx_word' id='word_1_785' title='bbox 3071 5031 3227 5099; x_wconf 85' lang='grc' dir='ltr'><strong>δίκην</strong></span> <span class='ocrx_word' id='word_1_786' title='bbox 3253 5031 3616 5101; x_wconf 74' lang='grc' dir='ltr'><strong>ὰχθησόμενοι</strong></span> <span class='ocrx_word' id='word_1_787' title='bbox 3650 5032 3680 5099; x_wconf 84' lang='grc' dir='ltr'><strong>ῆ</strong></span> <span class='ocrx_word' id='word_1_788' title='bbox 3710 5032 3800 5083; x_wconf 79' lang='grc' dir='ltr'><strong>τὸν</strong></span> <span class='ocrx_word' id='word_1_789' title='bbox 3822 5034 4055 5099; x_wconf 71' lang='grc' dir='ltr'><strong>βασιὶέα</strong></span> 
     </span>
    </p>
   </div>
   <div class='ocr_carea' id='block_1_111' title="bbox 2474 5123 4049 5194">
    <p class='ocr_par' dir='ltr' id='par_1_111' title="bbox 2474 5123 4049 5194">
     <span class='ocr_line' id='line_1_111' title="bbox 2474 5123 4049 5194; baseline 0.001 -19"><span class='ocrx_word' id='word_1_790' title='bbox 2474 5126 2733 5194; x_wconf 68' lang='grc' dir='ltr'><strong>ὀψόμενοι</strong></span> <span class='ocrx_word' id='word_1_791' title='bbox 2759 5125 2865 5178; x_wconf 83' lang='grc' dir='ltr'><strong>τῶν</strong></span> <span class='ocrx_word' id='word_1_792' title='bbox 2926 5123 3198 5192; x_wconf 81' lang='grc' dir='ltr'><strong>ὑπερῴων</strong></span> <span class='ocrx_word' id='word_1_793' title='bbox 3243 5124 3589 5175; x_wconf 82' lang='grc' dir='ltr'><strong>ἐκκύπτοντα</strong></span> <span class='ocrx_word' id='word_1_794' title='bbox 3608 5123 4049 5187; x_wconf 75' lang='grc' dir='ltr'><strong>διεσκευάζοντο,</strong></span> 
     </span>
    </p>
   </div>
   <div class='ocr_carea' id='block_1_112' title="bbox 2481 5215 4052 5287">
    <p class='ocr_par' dir='ltr' id='par_1_112' title="bbox 2481 5215 4052 5287">
     <span class='ocr_line' id='line_1_112' title="bbox 2481 5215 4052 5287; baseline -0.003 -13"><span class='ocrx_word' id='word_1_795' title='bbox 2481 5222 2596 5274; x_wconf 81' lang='grc' dir='ltr'><strong>ἄνω</strong></span> <span class='ocrx_word' id='word_1_796' title='bbox 2622 5220 2690 5272; x_wconf 74' lang='grc' dir='ltr'><strong>τὰ</strong></span> <span class='ocrx_word' id='word_1_797' title='bbox 2719 5220 2942 5287; x_wconf 83' lang='grc' dir='ltr'><strong>δμματα</strong></span> <span class='ocrx_word' id='word_1_798' title='bbox 2991 5218 3237 5287; x_wconf 81' lang='grc' dir='ltr'><strong>αἴροντες</strong></span> <span class='ocrx_word' id='word_1_799' title='bbox 3267 5217 3362 5268; x_wconf 78' lang='grc' dir='ltr'><strong>καὶ</strong></span> <span class='ocrx_word' id='word_1_800' title='bbox 3391 5215 3469 5267; x_wconf 89' lang='grc' dir='ltr'><strong>τὼ</strong></span> <span class='ocrx_word' id='word_1_801' title='bbox 3519 5216 3666 5285; x_wconf 83' lang='grc' dir='ltr'><strong>χεῖρε</strong></span> <span class='ocrx_word' id='word_1_802' title='bbox 3697 5217 3830 5283; x_wconf 67' lang='grc' dir='ltr'><strong>πρὸς</strong></span> <span class='ocrx_word' id='word_1_803' title='bbox 3860 5218 3921 5267; x_wconf 72' lang='grc' dir='ltr'><strong>τὸ</strong></span> <span class='ocrx_word' id='word_1_804' title='bbox 3954 5216 4052 5269; x_wconf 72' lang='grc' dir='ltr'><strong>τοῦ</strong></span> 
     </span>
    </p>
   </div>
   <div class='ocr_carea' id='block_1_113' title="bbox 2487 5306 4046 5380">
    <p class='ocr_par' dir='ltr' id='par_1_113' title="bbox 2487 5306 4046 5380">
     <span class='ocr_line' id='line_1_113' title="bbox 2487 5306 4046 5380; baseline -0.001 -18"><span class='ocrx_word' id='word_1_805' title='bbox 2487 5312 2768 5380; x_wconf 83' lang='grc' dir='ltr'><strong>σχήματος</strong></span> <span class='ocrx_word' id='word_1_806' title='bbox 2830 5309 3026 5376; x_wconf 80' lang='grc' dir='ltr'><strong>σεμνὸν</strong></span> <span class='ocrx_word' id='word_1_807' title='bbox 3060 5307 3500 5377; x_wconf 75' lang='grc' dir='ltr'><strong>περιϐάλλοντες’</strong></span> <span class='ocrx_word' id='word_1_808' title='bbox 3528 5308 3556 5357; x_wconf 83' lang='grc' dir='ltr'>ὁ</span> <span class='ocrx_word' id='word_1_809' title='bbox 3579 5307 3635 5359; x_wconf 78' lang='grc' dir='ltr'><strong>δὲ</strong></span> <span class='ocrx_word' id='word_1_810' title='bbox 3673 5306 4046 5375; x_wconf 77' lang='grc' dir='ltr'><strong>Ἀγιοχριοτο-</strong></span> 
     </span>
    </p>
   </div>
   <div class='ocr_carea' id='block_1_114' title="bbox 2486 5400 4051 5473">
    <p class='ocr_par' dir='ltr' id='par_1_114' title="bbox 2486 5400 4051 5473">
     <span class='ocr_line' id='line_1_114' title="bbox 2486 5400 4051 5473; baseline -0.001 -18"><span class='ocrx_word' id='word_1_811' title='bbox 2486 5407 2711 5473; x_wconf 76' lang='grc' dir='ltr'><strong>φορίτης</strong></span> <span class='ocrx_word' id='word_1_812' title='bbox 2736 5404 3024 5469; x_wconf 82' lang='grc' dir='ltr'><strong>Στέφανος,</strong></span> <span class='ocrx_word' id='word_1_813' title='bbox 3059 5404 3118 5454; x_wconf 78' lang='grc' dir='ltr'><strong>ὃν</strong></span> <span class='ocrx_word' id='word_1_814' title='bbox 3150 5402 3243 5453; x_wconf 80' lang='grc' dir='ltr'><strong>καὶ</strong></span> <span class='ocrx_word' id='word_1_815' title='bbox 3256 5400 3825 5471; x_wconf 63' lang='grc' dir='ltr'><strong>Ἀντιχριστοφορίτην</strong></span> <span class='ocrx_word' id='word_1_816' title='bbox 3855 5406 3901 5453; x_wconf 81' lang='grc' dir='ltr'><strong>οἱ</strong></span> <span class='ocrx_word' id='word_1_817' title='bbox 3927 5405 4051 5454; x_wconf 74' lang='grc' dir='ltr'><strong>τότε</strong></span> 
     </span>
    </p>
   </div>
   <div class='ocr_carea' id='block_1_115' title="bbox 2484 5495 4056 5565">
    <p class='ocr_par' dir='ltr' id='par_1_115' title="bbox 2484 5495 4056 5565">
     <span class='ocr_line' id='line_1_115' title="bbox 2484 5495 4056 5565; baseline -0.003 -16"><span class='ocrx_word' id='word_1_818' title='bbox 2484 5496 2765 5565; x_wconf 64' lang='grc' dir='ltr'><strong>ὠνόμαζον</strong></span> <span class='ocrx_word' id='word_1_819' title='bbox 2810 5496 3111 5559; x_wconf 74' lang='grc' dir='ltr'><strong>ἄνθρωποι,</strong></span> <span class='ocrx_word' id='word_1_820' title='bbox 3171 5498 3227 5557; x_wconf 83' lang='grc' dir='ltr'><strong>ἐς</strong></span> <span class='ocrx_word' id='word_1_821' title='bbox 3277 5495 3337 5546; x_wconf 78' lang='grc' dir='ltr'><strong>τὸ</strong></span> <span class='ocrx_word' id='word_1_822' title='bbox 3373 5496 3708 5564; x_wconf 82' lang='grc' dir='ltr'><strong>κατάλληλον</strong></span> <span class='ocrx_word' id='word_1_823' title='bbox 3736 5495 3845 5546; x_wconf 84' lang='grc' dir='ltr'><strong>τῶν</strong></span> <span class='ocrx_word' id='word_1_824' title='bbox 3874 5495 4056 5562; x_wconf 66' lang='grc' dir='ltr'><strong>ἔργων</strong></span> 
     </span>
    </p>
   </div>
   <div class='ocr_carea' id='block_1_116' title="bbox 2482 5584 4059 5658">
    <p class='ocr_par' dir='ltr' id='par_1_116' title="bbox 2482 5584 4059 5658">
     <span class='ocr_line' id='line_1_116' title="bbox 2482 5584 4059 5658; baseline -0.001 -19"><span class='ocrx_word' id='word_1_825' title='bbox 2482 5590 2578 5658; x_wconf 72' lang='grc' dir='ltr'><strong>τὴν</strong></span> <span class='ocrx_word' id='word_1_826' title='bbox 2603 5590 2793 5656; x_wconf 71' lang='grc' dir='ltr'><strong>κλῆσιν</strong></span> <span class='ocrx_word' id='word_1_827' title='bbox 2827 5590 3151 5656; x_wconf 80' lang='grc' dir='ltr'><strong>μετάγοντες</strong></span> <span class='ocrx_word' id='word_1_828' title='bbox 3180 5584 3267 5658; x_wconf 75' lang='grc' dir='ltr'><strong>(ἦν</strong></span> <span class='ocrx_word' id='word_1_829' title='bbox 3298 5590 3406 5657; x_wconf 73' lang='grc' dir='ltr'><strong>γάρ</strong></span> <span class='ocrx_word' id='word_1_830' title='bbox 3435 5590 3463 5639; x_wconf 85' lang='grc' dir='ltr'>ὁ</span> <span class='ocrx_word' id='word_1_831' title='bbox 3494 5588 3567 5655; x_wconf 77' lang='grc' dir='ltr'><strong>τῷ</strong></span> <span class='ocrx_word' id='word_1_832' title='bbox 3592 5588 3703 5639; x_wconf 68' lang='grc' dir='ltr'><strong>ὄντι</strong></span> <span class='ocrx_word' id='word_1_833' title='bbox 3735 5588 4059 5641; x_wconf 72' lang='grc' dir='ltr'><strong>ἀναιδεσταο</strong></span> 
     </span>
    </p>
   </div>
   <div class='ocr_carea' id='block_1_117' title="bbox 2481 5681 4058 5749">
    <p class='ocr_par' dir='ltr' id='par_1_117' title="bbox 2481 5681 4058 5749">
     <span class='ocr_line' id='line_1_117' title="bbox 2481 5681 4058 5749; baseline 0.002 -19"><span class='ocrx_word' id='word_1_834' title='bbox 2481 5698 2569 5739; x_wconf 61' lang='grc' dir='ltr'><strong>της</strong></span> <span class='ocrx_word' id='word_1_835' title='bbox 2597 5682 2700 5731; x_wconf 61' lang='grc' dir='ltr'><strong>τῶν</strong></span> <span class='ocrx_word' id='word_1_836' title='bbox 2738 5681 3079 5747; x_wconf 77' lang='grc' dir='ltr'><strong>Ἀνδρονίκου</strong></span> <span class='ocrx_word' id='word_1_837' title='bbox 3124 5682 3411 5749; x_wconf 66' lang='grc' dir='ltr'><strong>ὑπηρετῶν</strong></span> <span class='ocrx_word' id='word_1_838' title='bbox 3444 5682 3534 5733; x_wconf 73' lang='grc' dir='ltr'><strong>καὶ</strong></span> <span class='ocrx_word' id='word_1_839' title='bbox 3562 5681 3737 5749; x_wconf 75' lang='grc' dir='ltr'><strong>πάσης</strong></span> <span class='ocrx_word' id='word_1_840' title='bbox 3764 5682 4058 5748; x_wconf 74' lang='grc' dir='ltr'><strong>ἁνοτιουρ-</strong></span> 
     </span>
    </p>
   </div>
   <div class='ocr_carea' id='block_1_118' title="bbox 2487 5772 4057 5843">
    <p class='ocr_par' dir='ltr' id='par_1_118' title="bbox 2487 5772 4057 5843">
     <span class='ocr_line' id='line_1_118' title="bbox 2487 5772 4057 5843; baseline 0.001 -18"><span class='ocrx_word' id='word_1_841' title='bbox 2487 5775 2610 5840; x_wconf 67' lang='grc' dir='ltr'><strong>γίλς</strong></span> <span class='ocrx_word' id='word_1_842' title='bbox 2646 5774 2998 5841; x_wconf 73' lang='grc' dir='ltr'><strong>ἀνάμεστος),</strong></span> <span class='ocrx_word' id='word_1_843' title='bbox 3059 5774 3202 5826; x_wconf 79' lang='grc' dir='ltr'><strong>λίθον</strong></span> <span class='ocrx_word' id='word_1_844' title='bbox 3268 5774 3404 5842; x_wconf 72' lang='grc' dir='ltr'><strong>ἄρας</strong></span> <span class='ocrx_word' id='word_1_845' title='bbox 3461 5772 3798 5843; x_wconf 77' lang='grc' dir='ltr'><strong>χειροπληθῆ</strong></span> <span class='ocrx_word' id='word_1_846' title='bbox 3837 5777 3932 5826; x_wconf 72' lang='grc' dir='ltr'><strong>καὶ</strong></span> <span class='ocrx_word' id='word_1_847' title='bbox 3965 5775 4057 5828; x_wconf 64' lang='grc' dir='ltr'><strong>τοῦ</strong></span> 
     </span>
    </p>
   </div>
  </div>
