4268 6358
796 353 902 416 659

2040 349 2089 407 Ν
2105 347 2339 408 ΙΟΕΤίΕ
2380 346 2789 407 (ΖΗΟΝΙΑΤίΕ

3934 336 4041 398 £60

789 466 1109 537 cogebatur,
1144 481 1306 536 quam
1338 465 1448 519 illic
1482 462 1790 519 occultasse
1838 464 2157 532 putabatur,
2186 477 2361 531 eaque
2394 466 2436 519 Α

2402 466 2436 519 Α
2468 462 2559 514 τὸν
2589 457 2740 514 οἷκον
2768 458 2972 522 αὐτῶν,
2997 457 3111 511 ἀλλ’
3139 457 3194 510 εῖ
3225 473 3308 519 τις
3339 454 3496 508 τοῦτο
3522 451 3818 524 είργάσατό
3844 468 3973 504 ποτε
4002 452 4039 521 ἢ

788 560 857 615 de
884 576 1049 614 causa
1084 560 1448 629 perlustrasse
1476 557 1721 618 domum,
1756 563 2007 608 metuens
2030 570 2098 609 ne
2121 556 2354 616 sublata,

789 663 887 709 aut
916 668 977 707 ea
1010 662 1165 720 parte
1194 649 1393 706 mdium
1417 646 1581 719 395,
1606 649 1658 701 in
1692 664 1796 716 qua
1823 648 2020 703 lateret
2051 646 2360 701 accuratius

793 744 1111 812 parquisita,
1142 741 1210 799 ab
1240 740 1494 795 hostibus
1540 738 1758 793 inventa
1794 747 1958 800 esset,
1992 744 2086 790 aut
2119 736 2234 805 ipse
2272 734 2357 789 di-

793 835 1053 904 ligentius
1075 848 1193 887 eam
1220 832 1517 887 occultatre
1542 830 1724 883 vellet.
1754 828 1906 898 Saepe
1943 838 2125 881 autem
2156 826 2358 880 factum

791 936 878 980 est
911 934 969 979 ut
1000 925 1093 994 qui
1127 925 1177 979 id
1208 923 1436 977 dederat
1468 921 1612 990 quod
1652 919 1867 989 provisa
1912 918 2238 989 migratione
2263 931 2360 971 sua

793 1015 1105 1080 abdiderat,
1135 1014 1308 1069 nihilo
1356 1014 1539 1068 minus
1582 1012 1763 1081 ﬂagris
1800 1010 2105 1065 caederetur
2133 1019 2187 1064 et
2234 1023 2359 1077 gra-

794 1108 1043 1163 vioribus
1072 1108 1363 1162 tormentis
1392 1107 1759 1165 cruciaretur,
1798 1113 1859 1157 ut
1889 1103 2044 1172 plura
2077 1099 2360 1156 recondita

796 1199 1084 1254 indicaret.
1117 1198 1275 1253 Alius
1321 1198 1415 1268 qui
1458 1197 1594 1251 nihil
1626 1196 1811 1259 (labat,
1844 1193 1941 1250 sed
1976 1208 2052 1256 se,
2085 1202 2144 1247 ut
2193 1206 2361 1255 nunc,

795 1300 871 1343 tta
899 1288 1052 1357 prius
1082 1286 1247 1340 etiam
1280 1285 1449 1339 fuisse
1487 1298 1807 1354 pauperem,
1837 1282 2134 1351 patriaeque
2166 1280 2363 1334 domus

795 1389 890 1434 aut
934 1376 1146 1443 magnis
1184 1376 1298 1429 suis
1338 1375 1653 1443 sumptibus
1700 1382 1993 1427 exstructa:
2035 1368 2362 1424 desiderioa

798 1471 1072 1540 proposita
1104 1469 1187 1521 via
1221 1467 1307 1521 vel
1342 1465 1571 1520 invitum
1600 1464 1938 1518 abstractum
1979 1476 2097 1515 esse
2129 1459 2363 1513 allirma-

796 1562 911 1624 bat,
963 1567 1023 1611 ut
1072 1573 1200 1612 suas
1261 1555 1636 1626 possessiones
1685 1552 1846 1605 simul
1891 1560 1946 1605 et
1993 1558 2266 1619 spectaret
2309 1555 2365 1602 et

796 1650 1128 1720 deploraret,
1148 1664 1216 1702 ne
1237 1648 1281 1701 is
1304 1644 1524 1714 quidem
1554 1640 1989 1697 misericordiam
2016 1639 2363 1702 inveniebat;

796 1742 891 1795 sed
924 1740 978 1793 in
1013 1738 1314 1793 cruciatum
1348 1736 1613 1805 abreptus
1638 1743 1693 1791 et
1724 1734 1861 1803 pede
1907 1744 2208 1800 suspensus
2236 1730 2368 1783 sub-

793 1834 952 1903 jectis
992 1832 1166 1902 paleis
1210 1829 1451 1885 incensis
1497 1828 1648 1882 fumo
1706 1823 2042 1889 terrebatur,
2098 1837 2366 1877 concaca-

798 1926 979 1987 batur,
1003 1924 1246 1977 verubus
1264 1923 1437 1977 latera
1462 1917 1841 1990 pangebatur;
1866 1922 1921 1969 et
1949 1914 2071 1968 aliis
2094 1914 2369 1968 sexcentis

801 2017 976 2086 pmnis
1043 2014 1347 2085 exagitatus
1408 2020 1503 2064 aut
1572 2010 1627 2063 in
1699 2009 1815 2078 ipsa
1881 2005 2367 2060 exearniﬁcatione

798 2107 1034 2161 animam
1065 2104 1380 2166 exhalabat,
1402 2110 1493 2155 aut
1517 2100 1857 2156 semianimis
1883 2098 2021 2168 pede
2041 2106 2193 2153 extra
2222 2097 2367 2152 aedes

801 2212 1055 2268 tanquam
1084 2208 1509 2269 purgamentum
1539 2201 1817 2249 extractus
1840 2191 1943 2247 sub
1969 2191 2062 2244 dio
2089 2192 2142 2243 in
2176 2191 2369 2261 plateis

792 2291 1033 2359 jacebat.

2465 556 2625 623 μόνον
2690 550 3005 623 προύκοψεν
3052 549 3245 614 ἔνδοθι,
3284 548 3484 602 αὐτίκα
3523 545 3599 608 ὼς
3653 544 3759 598 ὑπὸ
3795 542 4042 611 Σκύλλης

2461 644 2693 714 ἀρχαίου
2749 641 2922 695 κακοῦ
2955 641 3064 693 τῶν
3113 642 3262 701 ἐντδς
3305 637 3476 705 αὐτῆς
3515 634 3887 706 ἀνηρπάζετο,
3944 634 4044 687 καὶ

2464 733 2866 803 καθιστάμενος
2925 735 3006 796 είς
3056 732 3253 797 λόγους
3296 732 3391 783 καὶ
3420 729 3686 790 πολλάκις
3742 727 3803 779 τὸ
3863 725 4043 778 αῐτιον

2460 825 2870 896 διερωτώμενος
2910 823 3006 877 τοῦ
3045 825 3225 877 ἐκεῖσε
3271 820 3611 891 παραϐαλεῖν
3645 820 3677 888 ἢ
3730 818 3885 888 ὄμμα
3927 818 4046 879 τοῖς

2465 915 2571 969 ἔσω
2596 916 2779 985 βαλεῖν
2809 917 2840 985 ἢ
2872 916 2966 969 τὸν
3024 914 3180 968 οὐδὸν
3206 913 3306 978 τῆς
3357 911 3574 967 αὐλείου
3618 908 3857 977 πατῆσαι
3916 906 4019 960 πολ

2463 1007 2559 1067 λάς
2607 1009 2891 1080 ἐδαίρετο,
2943 1008 3040 1060 καὶ
3113 1004 3375 1075 χρήματα
3438 1002 3700 1071 παρέχειν
3766 1013 4051 1067 κατηναγο

2464 1099 2705 1163 κάξετο,
2774 1097 2811 1151 ἃ
2868 1096 3047 1150 ἐκεῖσέ
3100 1113 3204 1149 που
3271 1092 3629 1148 ὑπωπτεύετο
3684 1088 4045 1159 κατακρύψαι

2465 1189 2560 1243 καὶ
2588 1182 2669 1252 οἷς
2702 1189 2802 1258 τὴν
2832 1187 3063 1259 καρδίαν
3097 1187 3257 1257 δῆθεν
3305 1185 3512 1254 ἐκχέων
3556 1182 3651 1235 καὶ
3680 1177 3791 1235 οἷον
3838 1180 4048 1249 συμϐε-

2466 1280 2743 1349 6υσμένην
2767 1280 2948 1351 αὐχῶν
2974 1278 3437 1349 περιπαπταίνειν
3460 1274 3713 1345 προήχθη
3735 1275 3793 1326 τὸ
3809 1271 3933 1341 οῖκη
3942 1289 4044 1341 μα,

2464 1373 2651 1436 δεδιὼς
2687 1373 2762 1443 μὴ
2794 1373 3121 1443 σεσύληνται
3174 1370 3271 1424 καὶ
3318 1368 3567 1423 σπεύδων
3629 1367 3825 1437 μαθεῖν
3859 1366 3908 1417 εἰ
3942 1365 4047 1417 οὐκ

2466 1463 2629 1517 ἔλαθε
2684 1464 2746 1517 τὸ
2777 1464 2943 1534 μέρος
2976 1467 3074 1534 τῆς
3119 1463 3299 1524 οἰκίας
3356 1461 3482 1523 τοὺς
3516 1458 3815 1529 πολεμίους
3860 1455 3988 1510 καθ’
4017 1455 4047 1507 ὃ

2466 1554 2643 1608 ταῦτα
2669 1556 3071 1623 ὲγκέκρυπται,
3110 1549 3538 1621 ἐπιμελέστερον
3571 1548 3702 1619 περί
3735 1547 3832 1617 τὴν
3864 1547 4047 1599 αὐτῶν

2465 1643 2813 1707 διατεθέντας
2862 1642 3151 1711 ἀνεύρεσιν
3196 1639 3229 1710 ἢ
3281 1640 3445 1701 αὐτὸς
3501 1637 3913 1706 ἀσφαλέστερον
3967 1635 4046 1699 ὡς

2468 1735 2662 1804 εἴησαν
2690 1733 2894 1801 ἀφανῆ.
2943 1732 3054 1784 Καὶ
3096 1730 3273 1792 διδοὺς
3305 1723 3398 1782 οὖν
3448 1745 3530 1791 τις
3591 1726 3855 1787 πολλάκις
3904 1725 4047 1793 ὅπερ

2402 1804 2440 1857 Β
2472 1820 2778 1874 συνέστειλε
2819 1823 2916 1888 τὴν
2944 1822 3006 1873 ἐκ
3035 1817 3129 1872 τοῦ
3162 1816 3408 1887 δώματος
3439 1816 3605 1871 αὐτοῦ
3653 1812 4046 1885 προορώμενος

2466 1913 2730 1983 ἄπαρσιν,
2760 1911 2869 1964 οὐδ’
2900 1911 3072 1974 οὕτως
3106 1908 3457 1980 ὴλλοτριοῦτο
3484 1908 3593 1960 τῶν
3621 1906 4042 1976 μαστιγώσεων.

2467 2004 2603 2058 ἀλλὰ
2633 2004 2853 2066 πλείους
2887 2002 3038 2072 αύτῷ
3095 2002 3427 2053 ἐνετείνοντο
3450 2001 3510 2053 αἰ
3565 2000 3773 2068 πληγαί
3801 1997 3897 2049 καὶ
3948 2012 4047 2047 πο·

2467 2095 2843 2164 λυειδέστεραι
2884 2096 2941 2146 αἱ
2988 2094 3215 2161 βάσανοι
3252 2092 3544 2161 ἐπήγοντο,
3595 2091 3680 2143 ἴνα
3734 2090 3831 2142 καὶ
3873 2087 4048 2139 πλείω

2465 2187 2534 2239 τὰ
2561 2186 3105 2256 ἀποθησαυρισθέντα
3145 2185 3423 2253 ἐκφήνειε.
3458 2181 3567 2236 Καὶ
3596 2181 3668 2250 μὴ
3704 2179 3959 2249 παρέχων
3989 2177 4046 2229 δέ

2466 2298 2551 2343 τις
2577 2280 2784 2348 ἕτερος,
2807 2277 2944 2330 ἀλλά
2970 2275 3232 2329 πένεσθαι
3263 2278 3356 2327 καὶ
3386 2274 3481 2326 νῦν
3515 2273 3591 2337 ὡς
3622 2271 3815 2342 πρώην
3842 2270 4049 2323 διατει-

798 2384 1044 2451 νόμενος,
1078 2382 1174 2436 καὶ
1220 2380 1443 2450 φάσκων
1482 2380 1556 2443 ὼς
1585 2378 1746 2439 πόθος
1780 2375 2031 2447 πατρῴου
2062 2376 2360 2444 οἰκήματος
2398 2372 2431 2443 ἢ
2491 2374 2713 2434 πολλαις
2770 2373 2859 2425 ὑπ’
2926 2369 3088 2424 αὑτοῦ
3158 2371 3425 2427 δαπάναις
3469 2365 3853 2437 ἀνεγερθέντος
3908 2378 4049 2430 παρ·-

798 2474 1043 2543 ενεγκὼν
1084 2474 1184 2544 τῆς
1211 2471 1583 2543 προκειμένης
1613 2468 1731 2521 ὁδοῦ
1764 2467 1858 2519 καί
1929 2467 2132 2519 άκοντα
2197 2463 2572 2524 ἐπεσπάσατο,
2645 2460 2841 2530 θεατὴν
2890 2460 3006 2530 ἅμα
3040 2460 3131 2512 καί
3180 2456 3457 2527 θρηνητὴν
3492 2454 3587 2507 τοῦ
3660 2454 3862 2506 οἰκείου
3915 2451 4050 2502 ποτὶ

799 2570 1080 2635 κτήματος
1113 2563 1421 2627 ἀναδείξας,
1471 2560 1579 2613 οὐδ’
1612 2558 1785 2621 οὕτως
1852 2554 1963 2625 εἶχε
2007 2556 2097 2609 τὸν
2146 2555 2401 2608 ἐλεοῦντά
2441 2570 2499 2607 τε
2556 2553 2649 2605 καὶ
2682 2552 3071 2621 λυτρούμενον,
3108 2550 3246 2603 ἀλλὰ
3275 2545 3695 2617 στρεϐλούμενοί
3739 2562 3797 2596 τε
3832 2543 3927 2595 καὶ
3964 2544 4047 2593 αἰ-

800 2630 1100 2727 κιζόμενοι,
1134 2656 1242 2709 κάκ
1271 2654 1364 2706 τοῦ
1402 2652 1557 2713 ποδὸς
1602 2648 2042 2717 ἀπαιωρούμενοι
2075 2647 2168 2700 καὶ
2201 2646 2446 2715 ἀχυρμίᾳ
2516 2644 2759 2698 κάτωθεν
2830 2643 3263 2711 ὑποϐεϐλημένοι
3317 2640 3413 2693 καί⁵
3476 2637 3837 2705 ἀναπτομένῳ
3914 2630 4052 2699 πυρὶ

800 2724 1209 2821 καπνιζόμενοι,
1264 2749 1324 2799 τό
1357 2762 1415 2797 τε
1462 2744 1636 2812 στόμα
1698 2740 2053 2810 μινθούμενοι
2104 2738 2201 2790 καί·
2261 2738 2360 2799 τὰς
2402 2735 2644 2805 πλευρὰς
2711 2734 3061 2804 κεντούμενοι
3094 2733 3273 2803 βέλεσι
3334 2731 3428 2784 καὶ
3463 2729 3662 2799 μυρίας
3686 2728 3850 2783 ἄλλας
3890 2724 4052 2777 κολά-

802 2859 914 2905 σεις
954 2816 1326 2907 ὑφιστάμενοι,
1361 2836 1392 2905 ἢ
1435 2836 1490 2886 ἐν
1518 2832 1597 2903 τῷ
1622 2831 1794 2883 ταῦτα
1825 2831 2058 2899 πάσχειν
2077 2827 2408 2897 ἐξὲῥρησσον
2429 2823 2529 2893 τὴν
2555 2824 3119 2896 ψυχὴν,ἢήμιθνῆτες
3151 2822 3432 2892 ἑλκόμενοι
3459 2819 3551 2872 τοῦ
3592 2818 3746 2880 ποδὸς
3781 2816 3973 2885 ὥσπερ
4002 2832 4054 2868 τι

800 2939 900 3006 τῆς
943 2933 1120 2995 οἰκίας
1154 2931 1475 3002 ἐξεφέροντο
1521 2927 1887 2995 ἁποόἀρωμα,
1919 2925 2020 2978 κάν
2063 2926 2183 2985 ταῖς
2217 2918 2500 2983 πλατείαις
2531 2920 2856 2991 προύκειντο
2882 2920 3102 2989 αῖθριοι.

873 3028 928 3082 9.
967 3025 1147 3093 Quid?
1184 3025 1275 3078 tali
1327 3021 1667 3091 benignitate
1708 3018 1879 3074 Siculi
1918 3024 2138 3070 veteres
2171 3013 2369 3067 aedium

802 3120 1057 3175 dominos
1093 3117 1435 3173 tractabant:
1468 3111 1685 3166 czetcris
1714 3126 1863 3167 vero,
1898 3110 1991 3178 qui
2048 3107 2192 3161 aedes
2240 3122 2370 3159 suas

805 3225 866 3273 ut
884 3215 1082 3269 inferni
1108 3216 1315 3276 lauros,
1336 3219 1428 3262 aut
1447 3206 1723 3261 Creticum
1745 3203 2140 3274 Labyrinthum
2164 3241 2177 3261 ,
2208 3199 2369 3269 395

805 3317 900 3364 aut
944 3304 1182 3362 Ceadam
1226 3300 1559 3357 Laconicum
1602 3297 1979 3368 praateribaut,
2012 3290 2374 3347 humanitatis

801 3398 1009 3468 aliquid
1045 3393 1405 3451 tribuebant?
1441 3390 1663 3445 Minime
1715 3402 1868 3441 vero.
1901 3386 2035 3439 Nam
2084 3383 2229 3436 unde
2265 3380 2374 3433 illis

805 3490 930 3544 talis
956 3488 1205 3549 affectus,
1233 3485 1324 3553 qui
1370 3482 1501 3537 feris
1547 3479 1900 3534 immaniores
1944 3476 2198 3545 ignorant
2240 3468 2371 3540 quid

807 3582 879 3635 sit
901 3577 1298 3641 misericordia,
1325 3584 1382 3629 et
1404 3572 1654 3628 cladibus
1680 3570 1963 3623 hominum
1988 3560 2373 3619 delectantur?

808 3687 973 3726 canes
1003 3670 1225 3739 quidem
1261 3666 1517 3720 invenias
1565 3662 1660 3732 qni
1710 3660 1885 3729 captis
1929 3666 2179 3727 parcant,
2226 3655 2375 3707 ultro

811 3766 961 3820 hiatu
997 3764 1134 3825 oris,
1157 3776 1342 3817 antSll
1390 3769 1445 3813 et
1496 3758 1691 3810 latratu
1746 3766 2025 3822 represso,
2065 3748 2110 3803 si
2159 3747 2194 3799 ii
2238 3760 2376 3815 quos

811 3864 1216 3928 persequuntur
1250 3855 1301 3906 in
1354 3864 1531 3920 genua
1575 3844 1992 3917 procubuerint.
2033 3841 2125 3895 Isti
2162 3846 2371 3898 autem,

810 3960 1020 4003 tantum
1052 3947 1239 4001 aberat
1263 3953 1320 3997 ut
1344 3956 1535 3995 eorum
1559 3939 1939 3991 miseresccret
1956 3948 2094 4002 quos
2119 3931 2375 3984 omnibus

808 4043 1007 4111 opibus
1033 4039 1354 4107 Spoliarant,
1389 4043 1442 4087 et
1474 4046 1707 4102 quorum
1749 4043 1863 4083 rem
1901 4025 2222 4079 familiarem
2251 4036 2374 4076 cum

808 4135 1003 4189 scmtis
1028 4129 1449 4190 consumebant,
1478 4140 1599 4194 quae
1630 4119 2093 4175 consectabantur
2127 4112 2379 4168 maximi-

806 4242 913 4294 que
946 4224 1241 4284 iaciebant,
1271 4228 1329 4271 ut
1378 4231 1516 4286 pene
1550 4214 1721 4281 alapis
1756 4212 1824 4265 ab
1857 4210 1938 4264 eis
1968 4206 2101 4261 caedi
2130 4220 2187 4259 se
2227 4213 2380 4273 pate—

810 4328 1000 4371 rentur
1031 4315 1065 4367 ii
1098 4312 1190 4382 qui
1236 4326 1297 4365 se
1343 4322 1505 4365 omne
1566 4306 1941 4360 Romanorum
1992 4298 2284 4367 imperium
2321 4305 2383 4350 ut

808 4410 1084 4463 desertum
1119 4405 1310 4458 nidum
1371 4407 1737 4468 occupaturos
1772 4403 1828 4449 et
1874 4402 1933 4447 ut
1976 4406 2077 4446 ova
2114 4388 2380 4444 derelicta

808 4500 1125 4553 sublaturos
1176 4494 1480 4567 iactabant.
1535 4490 1851 4544 Nuditatem
1908 4499 2038 4538 vero
2096 4482 2379 4536 hominum
2418 4501 2457 4552 [ι

813 4592 1086 4652 ridebant,
1115 4596 1171 4642 et
1208 4584 1498 4641 cachinnis
1533 4578 2017 4639 concutiebantur,
2044 4576 2086 4628 si
2113 4574 2238 4642 quis
2270 4586 2379 4640 pra:

810 4685 974 4742 (strue,
1012 4680 1184 4734 macie
1220 4676 1505 4732 confectus
1537 4685 1632 4726 aut
1670 4670 1967 4726 tumefacto
2021 4675 2235 4725 ventre,
2267 4664 2382 4731 pal-

812 4774 918 4825 lida
954 4783 1002 4823 ct
1052 4770 1219 4824 livida
1254 4768 1397 4822 facie
1430 4782 1496 4820 ex
1541 4765 1755 4817 olerum
1811 4769 1904 4813 aut
1944 4772 2173 4810 uvarum
2208 4755 2381 4812 victu,

811 4882 875 4919 cx
912 4862 1173 4933 proximis
1208 4859 1388 4915 vineis
1417 4873 1541 4912 cum
1573 4853 1821 4924 periculo
1870 4850 2122 4911 collecto,
2158 4856 2383 4916 praeter-

813 4958 942 5010 ibat.
994 4957 1071 5009 Ita
1119 4968 1283 5023 porro
1317 4950 1721 5004 miserabantur
1761 4959 1857 4999 eos
1899 4940 1992 5010 qui
2050 4937 2247 4992 laceris
2294 4953 2386 4987 vc—

813 5050 988 5101 stibus
1027 5047 1341 5105 uteban'ur,
1376 5050 1471 5093 aut
1514 5049 1772 5091 arborum
1800 5032 2104 5085 corticibus
2129 5027 2383 5096 pudenda

816 5138 1093 5199 velabanl,
1128 5133 1294 5203 396
1326 5140 1422 5185 aut
1452 5144 1483 5181 e
1512 5125 1811 5179 viminibus
1857 5124 2131 5176 contextis
2172 5117 2386 5187 pileolis

814 5228 991 5297 capita
1025 5230 1299 5293 tegebant,
1328 5229 1384 5271 nt
1428 5232 1553 5272 cum
1596 5217 1707 5267 risu
1748 5221 1804 5265 et
1841 5210 2058 5264 ludicro
2090 5217 2243 5277 gestu
2290 5208 2389 5258 ob—

815 5321 1029 5373 viorutu
1066 5316 1265 5369 barbas
1295 5322 1349 5367 et
1378 5308 1610 5378 capillos
1636 5304 1904 5358 ambabus
1950 5300 2205 5354 manibus
2236 5313 2387 5352 com-

816 5409 1246 5485 prehenderent,
1288 5420 1351 5458 ac
1386 5404 1561 5456 hirtas
1591 5408 1643 5451 ct
1694 5395 1993 5466 promissas
2042 5391 2164 5445 illas
2193 5389 2390 5443 barbas

818 5483 988 5560 malas
1016 5516 1169 5563 esse,
1210 5496 1425 5565 capillis
1473 5507 1603 5545 vero
1662 5503 1801 5557 opus
1857 5500 1979 5542 esse
2034 5483 2281 5535 dicerent
2333 5490 2390 5531 ut

816 5600 1058 5669 ipsorum
1095 5606 1248 5646 more
1285 5589 1337 5641 in
1364 5586 1556 5640 urbem
1579 5579 1963 5634 tonderentur.
2003 5573 2085 5627 Ali
2112 5570 2317 5638 mando
2338 5570 2389 5621 in

815 5691 979 5760 cquis
1001 5687 1176 5741 forum
1210 5679 1664 5753 perambulantes
1686 5667 1945 5723 fraxineis
1971 5663 2139 5717 hastis
2164 5662 2392 5715 miseros

820 5752 1261 5859 prasternebant,
1296 5772 1349 5826 in
1393 5772 1581 5824 limum
1623 5772 1714 5816 aut
1742 5762 1914 5814 lutum
1942 5752 2311 5826 potissimum,
2348 5752 2389 5803 si

2323 3173 2440 3223 .εο

2553 3013 2619 3067 θ’.
2686 3015 2751 3066 Τί
2788 3014 2882 3075 δὲ;
2921 3013 3055 3066 ἀλλὰ
3113 3011 3376 3071 τοιούτοις
3420 3011 3517 3080 μὲν
3572 3010 4054 3077 φιλοφρονήμασιν

2479 3102 2781 3177 ἐδεξιοῦντο
2806 3103 2929 3164 τοὺς
2958 3104 3127 3154 παλαι
3160 3102 3266 3154 τῶν
3291 3101 3468 3168 δόμων
3498 3101 3725 3168 κυρίους
3756 3098 3805 3150 οί
3834 3097 4054 3149 Σικελοὶ

2477 3194 2569 3245 καί
2602 3193 2938 3261 ἐθεράπευον
2963 3209 2977 3225 ο
3008 3192 3134 3253 τοὺς
3181 3191 3235 3243 δὲ
3277 3191 3523 3253 λοιποὺς,
3559 3190 3673 3240 ὅσοι
3716 3188 3812 3248 τὰς
3874 3187 4056 3237 αὐτῶν

2475 3282 2653 3346 οἰκίας
2688 3283 3024 3353 παρέτρεχον
3066 3283 3163 3335 ὅσα
3193 3283 3286 3334 καὶ
3317 3281 3442 3351 ᾅδου
3473 3281 3670 3349 στόμια
3711 3278 3743 3348 ἦ
3787 3277 4054 3347 λαϐύριν-

2478 3373 2567 3425 θον
2600 3373 2874 3443 Κρητικὸν
2914 3375 2944 3443 ἢ
2990 3373 3230 3426 Καιάδαν
3260 3370 3596 3430 Λακωνικὸν,
3631 3368 3853 3437 ἡμέρως
3884 3381 4056 3434 προσ-

2480 3463 2615 3517 ίεντο
2654 3468 2745 3518 καὶ
2785 3465 3047 3534 μετόχους
3101 3464 3316 3516 ἐποίουν
3346 3460 3753 3530 φιλανθρωπίας
3802 3460 4055 3528 ἡστινοσ-

2477 3556 2889 3625 οὖν;οἰ›μενοῦν
2943 3555 3221 3620 οὐδαμῶς·
3264 3552 3366 3604 ποῦ
3397 3553 3504 3619 γὰρ
3554 3550 3796 3604 τοιοῦτόν
3823 3566 3879 3600 τι
3922 3550 4057 3617 παρ’

2479 3650 2710 3710 ἐκείνοις
2739 3648 3105 3718 άγριωτέροις
3137 3642 3256 3699 οὖσι
3300 3645 3504 3714 θηρῶν,
3544 3642 3636 3694 καὶ
3668 3640 3805 3701 ὅλως
3850 3641 4060 3708 ἠγνοη-

2479 3740 2600 3791 κόσι
2625 3738 2678 3789 τί
2707 3741 2852 3790 ἐστιν
2882 3737 3050 3800 έλεος,
3076 3736 3167 3788 καί
3198 3739 3315 3797 ταῖς
3337 3732 3706 3801 ἀνθρωπίναις
3738 3732 4058 3799 συμφοραῖς

2481 3827 2866 3897 ἐπιχαίρουσι;
2902 3828 2995 3879 καὶ
3030 3826 3191 3887 κύνες
3225 3825 3323 3894 μὲν
3353 3823 3499 3889 ἐστιν
3541 3824 3646 3888 ὅπη
3692 3819 3800 3871 τῶν
3856 3821 4057 3870 ἐπικι-

2480 3918 2977 3988 ταλαμῦανομένων
3034 3916 3359 3985 ἀπέσχοντο.
3419 3914 3527 3966 036‘
3574 3913 3787 3964 ὀδοῦσιν
3851 3912 4059 3970 αὐτοὺς

2482 4008 3048 4079 παρελύπησαν,οάλλ’
3077 4001 3158 4069 οἷς
3187 4008 3247 4059 τὸ
3277 4007 3405 4073 γόνυ
3435 4003 3688 4056 ὤκλασαν
3713 4004 3761 4054 οί
3793 4003 4063 4053 καταδιωο

2482 4104 2725 4170 κόμενοι,
2760 4099 3018 4170 παρῆκαν
3051 4098 3198 4151 οὗτοι
3229 4097 3287 4150 τδ
3314 4097 3591 4154 ὑλακτεῖν,
3624 4096 3716 4147 καὶ
3748 4093 3829 4152 εἰς
3875 4092 4062 4160 μάτην

2482 4192 2667 4253 αὐτοῖς
2706 4189 2926 4243 ἑκοῦσιν
2960 4188 3152 4257 ὥσπερ
3198 4186 3602 4253 ἀπετελεύτησε
3646 4182 3704 4234 τὸ
3738 4184 3955 4251 χανεῖν.
3998 4181 4063 4239 οι

2482 4284 2539 4337 δὲ
2570 4282 2829 4335 τοσοῦτον
2857 4281 3081 4348 ἀπεῖχον
3119 4279 3214 4331 τοῦ
3264 4277 3556 4344 οἰκτείρειν
3578 4272 3672 4335 οὓς
3722 4272 3834 4324 τῶν
3882 4274 4062 4324 δντων

2486 4375 2784 4444 ἐστέρησαν
2806 4372 2897 4425 καὶ
2916 4387 2990 4424 ων
3009 4371 3106 4431 τὰς
3125 4370 3310 4429 οὐσίας
3335 4364 3725 4419 κατεδαπάνων
3760 4360 3901 4430 μετὰ
3924 4377 4062 4430 πορ-

2486 4465 2611 4528 νῶν,
2632 4464 2694 4525 ἃς
2713 4464 2803 4514 καὶ
2822 4460 2950 4531 περί
2968 4461 3217 4513 πλείστου
3238 4457 3486 4509 ἐτίθεσαν
3504 4458 3579 4517 εἰς
3597 4455 3692 4514 τὰς
3711 4452 3892 4506 αὐτῶν
3941 4469 4066 4518 τρο-

2485 4557 2605 4626 χιὰς
2622 4555 2978 4614 ἐκκλίνοντες,
2998 4552 3090 4603 καὶ
3109 4552 3196 4620 ὑφ’
3220 4544 3293 4602 ὧν
3344 4546 3539 4618 μικροῦ
3567 4550 3658 4599 καὶ
3680 4543 4062 4609 κονδυλιζόμε-

2485 4666 2565 4699 νοι
2589 4648 2783 4716 ἔφερον
2804 4648 2853 4699 οί
2875 4647 3055 4698 πᾶσαν
3078 4646 3173 4715 τὴν
3192 4642 3479 4712 Ῥωμαίων
3499 4640 3872 4708 κομπάζοντες
3892 4654 4066 4688 κατα-

2484 4738 2748 4807 λήψεσθαι
2779 4736 2854 4798 ώς
2902 4735 3106 4805 ἔρημον
3153 4734 3373 4785 νοσσιὰν
3416 4731 3510 4783 καί⁵
3552 4726 4060 4795 ἐγκαταλελειμένα

2484 4831 2569 4901 ᾠὰ
2585 4831 2759 4899 ἀρεῐν,
2782 4828 2921 4881 ὥστε
2946 4830 3037 4880 καὶ
3056 4830 3133 4889 εἰς
3161 4826 3333 4894 γέλων
3351 4823 3790 4894 τὴνγυμνητείαν
3807 4820 4065 4870 ἐτίθεσαν

2487 4923 2596 4976 τῶν
2627 4922 2864 4988 πολλῶν,
2896 4920 2992 4973 καὶ
3023 4921 3243 4987 ἀτάκτῳ
3263 4916 3571 4986 καγχασμῷ
3601 4912 4064 4979 συνεῦράσσοντο.

2489 5017 2652 5085 ἡνίκα
2684 5031 2767 5076 τις
2805 5018 3006 5083 παρῄει
3051 5008 3579 5078 ἐκτεταριχευμένος
3620 5006 3888 5075 ἁπαστίᾳ,
3924 5005 4067 5074 ᾠδη-

2488 5112 2595 5161 κώη
2629 5123 2725 5175 την
2754 5105 3019 5172 γαστέρα,
3053 5103 3151 5171 τὴν
3189 5101 3312 5168 ὅξμιν
3357 5098 3614 5168 ὓπωχρος
3656 5099 3749 5148 καὶ
3779 5099 4017 5165 νεκρικδν
4040 5114 4065 5155 ς

2489 5198 2553 5246 ἐκ
2587 5195 2679 5247 τοῦ
2735 5194 2985 5263 λαχάνοις
3020 5189 3405 5258 ὲνευωχείσθαι
3440 5190 3535 5239 καὶ
3569 5188 3750 5254 μόνοις
3802 5188 4064 5241 ἐνεορτά-

2491 5287 2607 5350 ζειν
2640 5286 2896 5356 βότρυσιν
2924 5287 2984 5335 ἐκ
3011 5284 3120 5334 τῶν
3154 5283 3268 5332 ἐκεῖ
3304 5297 3409 5331 που
3452 5277 3792 5347 ἀμπελώνων
3830 5277 3931 5327 σὺν
3955 5276 4067 5327 δέει

2494 5379 2931 5445 συλλεγομένοις.
2983 5372 3143 5425 υῦτω
3184 5371 3228 5424 δ’
3256 5371 3519 5441 ᾤκτειρον
3568 5369 3694 5429 τοὺς
3734 5367 4068 5436 διερῤωγόσι

2492 5471 2867 5539 περιϐλήμασι
2908 5466 3306 5533 κ;χρημένου;,
3337 5462 3435 5513 καὶ
3462 5460 3915 5529 περιστέλλοντας
3937 5461 4068 5528 ψιά-

2499 5564 2567 5633 θῃ
2604 5561 2638 5613 ἃ.
2667 5564 2932 5629 κρύπτειν
2970 5556 3147 5625 χρεὼν
3191 5556 3331 5622 μέρη
3366 5553 3461 5605 τοῦ
3499 5552 3769 5620 σώματος,
3812 5552 3911 5603 καὶ
3944 5556 4064 5611 ταῖς

2491 5656 2601 5704 τῶν
2638 5651 2833 5717 σχίνων
2869 5649 3161 5712 ἐκφύσεσιν
3193 5647 3269 5705 εἰς
3294 5646 3506 5711 πλίγμα
3545 5644 4066 5709 συνεστραμμέναις

2490 5748 2592 5811 ’τὴν
2630 5740 2871 5808 κεφαλὴν
2909 5737 3326 5801 συσκιάζοντας,
3358 5734 3498 5787 ὥστε
3539 5736 3675 5803 μετά
3709 5735 4068 5804 μειδιάματος
