4268 6358
220 348 323 415 £61

1218 359 1312 417 DE
1357 354 1807 416 ANDllONlCO
1848 353 2217 415 COMNENO
2257 359 2405 420 LIB.
2452 358 2499 419 Ι.

3378 364 3494 429 662

221 470 320 521 καὶ
366 472 665 537 σεσηρότας
698 472 981 542 σχήματος
1031 474 1090 527 ἐν
1142 473 1221 542 τῷ
1267 472 1410 527 κατά
1453 472 1554 543 τὴν
1583 471 1813 539 πορείαν
1845 472 1889 532 Α

1808 488 1813 512 ν
1845 472 1889 532 Α
1917 470 2063 540 quod
2098 472 2153 526 in
2188 474 2273 529 via
2301 476 2524 545 jacebat
2549 516 2562 539 ,
2600 490 2696 531 seu
2732 491 3025 535 occursum
3045 493 3240 535 eorum
3263 488 3327 536 ut
3352 481 3493 540 omi-

222 563 496 630 συναντᾷν
518 562 769 632 ἀλλήλοις
795 565 1141 635 ἀμφοτέραις
1164 563 1425 629 λάξεσθαι
1446 564 1558 616 τῶν
1582 563 1810 631 γενείων

220 653 318 702 καὶ
361 650 460 705 τοῦ
515 653 616 720 τῆς
650 655 897 722 κεφαλῆς
958 653 1309 723 τριχώματος
1368 653 1663 719 ἅπτεσθαι,
1718 654 1813 707 καὶ

218 743 396 796 ταῦτα
427 745 526 811 μὲν
556 745 734 813 λέγειν
769 740 911 798 εἶναι
949 746 1115 811 κακά,
1159 748 1217 809 ές
1238 746 1297 799 τὸ
1326 747 1514 801 λάσιον
1550 749 1644 801 καὶ
1683 748 1816 800 καθ-

219 837 442 904 ειμένον
478 835 571 889 τοῦ
635 837 898 904 πώγωνος
953 838 1444 905 ἀποσκώπτοντας,
1495 840 1595 909 τὴν
1638 839 1694 892 δὲ
1724 856 1814 892 κε-

222 928 404 996 φαλὴν
432 928 644 981 δεῖσθαι
681 929 774 982 τοῦ
820 931 1230 1001 ἀποθριχθῆναι
1261 933 1385 984 κατ’
1416 933 1618 993 αὐτοὺς
1652 947 1814 1001 περι-

220 1020 487 1089 τρόχαλα.
528 1022 685 1075 Ἐστι
734 1022 780 1075 δ’
821 1024 910 1075 ὅτε
962 1025 1057 1077 καὶ
1097 1023 1237 1093 μετά
1279 1023 1525 1093 δοράτων
1579 1023 1813 1091 μελίνων

221 1108 457 1173 εἳνιπποι
490 1111 591 1181 τὴν
621 1112 829 1182 ἀγορὰν
862 1113 1094 1176 διιόντες
1126 1117 1183 1177 ἐς
1223 1114 1353 1177 τοὺς
1383 1098 1667 1182 κατ”ῦψιν
1715 1129 1814 1165 τα·-

221 1199 539 1269 λαιπὼρους
565 1203 626 1255 τὸ
663 1203 792 1273 δόρυ
840 1206 1227 1274 κραδείνοντες
1285 1205 1608 1274 ἀνέτρεπον.
1662 1203 1723 1256 El
1757 1202 1813 1254 δέ

220 1295 320 1346 καὶ
376 1294 490 1357 ίλὺς
538 1295 571 1364 ἢ
642 1295 907 1367 βόρδορος
960 1298 1130 1366 ἐγγύς
1185 1314 1290 1350 που
1354 1298 1656 1366 παρέκειτο
1690 1294 1814 1348 κατ’

220 1390 406 1440 έκεῖνο
440 1388 501 1440 τὸ
546 1387 711 1457 μέρος
752 1389 851 1454 τῆς
897 1389 1200 1458 λεωφόρου,
1242 1388 1447 1452 αὐτοὺς
1497 1388 1809 1454 ἐνέϐαλλον,

219 1479 296 1540 ὡς
362 1477 465 1530 ούκ
536 1477 962 1532 ἀποτελεστικὸν
1016 1478 1224 1547 ἀγαθοῦ
1278 1497 1429 1543 τινος
1489 1479 1813 1549 συνάντημα

221 1571 621 1641 ἐκτρεπόμενοί
682 1589 743 1625 τε
784 1572 880 1626 καὶ
923 1574 1348 1643 μυσαττόμενοι,
1401 1573 1434 1643 ἢ
1489 1573 1589 1644 τὴν
1640 1574 1813 1641 αὐτὴν

220 1666 453 1725 ἐκείνοις
485 1664 1018 1735 δυσανασχετοῦντες
1069 1664 1425 1735 πορεύεσθαι.
1446 1665 1722 1719 Ἑσθίουσι
1756 1665 1812 1719 δέ

220 1776 355 1812 ποτε
396 1760 694 1828 Ῥωμαίοις
733 1760 900 1830 ἄρτον
935 1760 1193 1830 όλυρίτην
1224 1761 1259 1831 ἦ
1320 1779 1372 1814 τι
1412 1761 1603 1830 ἕτερον
1631 1758 1817 1813 ἐδώδι-

225 1867 331 1918 μον
383 1848 577 1903 όπόσα“
605 1855 868 1923 συνιστᾷν
904 1854 1067 1922 σῶμα
1096 1854 1157 1906 τὸ
1187 1854 1538 1923 ἀνθρώπινον
1570 1852 1810 1922 ἔχουσιν,

219 1941 580 2012 ἐφιστάμενοι
611 1944 917 2013 ἀνέτρεπον
944 1945 1011 1999 τὰ
1041 1945 1275 2017 τρυϐλία
1310 1945 1682 2015 ἐμπαίζοντες
1717 1944 1814 1996 καὶ

220 2033 320 2102 τὴν
351 2033 637 2103 τράπεζαν
678 2035 943 2102 λάξαντες
989 2037 1247 2107 συνέχεον
1281 2038 1383 2108 τὴν
1415 2038 1685 2101 ἑστίασιν,
1720 2039 1816 2089 καὶ

218 2126 321 2177 οὐκ
357 2128 489 2178 είων
520 2127 662 2179 κατά
694 2129 888 2198 καιρὸν
912 2130 1004 2181 τὸν
1029 2130 1127 2198 τῆς
1154 2129 1351 2200 ὀδύνης
1382 2130 1549 2199 ἄρτον
1592 2130 1813 2199 προσίε-

220 2215 350 2268 σθαι
380 2216 412 2287 ἢ
438 2216 536 2286 τὴν
549 2217 758 2272 ,κύλικα
792 2220 913 2288 μεθ’
943 2222 1176 2290 ἡσυχίας
1207 2221 1685 2292 προσενέγκασθαι
1716 2222 1807 2274 ἐκ-

220 2309 459 2376 τροπίαν
476 2305 618 2362 οἶνον
641 2312 923 2382 κιρνῶσαν
946 2314 978 2382 ἢ
1010 2313 1070 2378 ἐξ
1093 2313 1288 2376 ὓδατος
1313 2314 1581 2368 λακκαίου
1608 2314 1815 2379 δεξιουν

190 2392 193 2394 ἀ
224 2402 402 2470 μένην
430 2404 525 2455 καὶ
561 2404 621 2455 τὸ
645 2404 799 2472 δίψος
831 2406 1140 2461 παύουσαν.
1175 2408 1239 2461 Ol
1272 2407 1319 2460 δ’
1351 2409 1625 2471 ἀναιδείας
1676 2409 1818 2478 πλη-

223 2496 483 2563 ρέστατοι
513 2498 607 2550 καὶ
639 2498 951 2564 γελοιασταὶ
984 2502 1074 2553 καὶ
1127 2502 1189 2553 τὸ
1217 2501 1379 2555 Θεῖον
1410 2503 1644 2567 δεδιότες
1691 2503 1814 2571 μηδ’

222 2587 502 2652 ὁπωσοῦν,
536 2590 988 2656 κατακύπτοντες
1042 2596 1101 2656 ἐς
1139 2595 1328 2648 ίκανὸν
1359 2596 1457 2649 καὶ
1501 2597 1600 2658 τὰς
1634 2596 1818 2664 πυγὰς

223 2682 320 2731 καὶ
351 2681 457 2733 ὅσα
488 2683 939 2748 περιστέλλουσιν
978 2684 1261 2754 ἄνθρωποι
1287 2689 1354 2755 τῇ
1390 2688 1681 2742 ἀνελκύσει
1706 2690 1816 2743 τῶν

222 2769 481 2837 ἐσθήτων
539 2771 1014 2841 ἀπογυμνοῦντες,
1048 2777 1142 2829 τὸν
1191 2779 1453 2845 πρωκτὸν
1508 2781 1566 2841 ὲς
1616 2780 1817 2843 αὐτοὺς

223 2858 487 2926 ἔτρεπον,
521 2864 616 2914 καὶ
642 2864 755 2916 τῶν
789 2866 977 2919 σιτίων
1005 2869 1284 2936 γινόμενοι
1311 2869 1540 2936 ἔγγιστα
1569 2873 1815 2941 ἀπέπερο

223 2949 317 3000 δον
344 2950 679 3022 δριμύτερον
712 2955 886 3023 γαλῆς
918 2959 967 3009 οἱ
994 2958 1065 3011 ἀ6
1099 2957 1305 3027 λτεροι.
1343 2961 1500 3015 Ἔστι
1531 2962 1575 3015 δ’
1601 2964 1689 3015 ὅτε
1725 2965 1817 3017 καὶ

225 3041 294 3093 τὰ
329 3041 432 3109 τῆς
482 3046 722 3113 γαστρὸς
752 3047 973 3117 λύματα
1005 3049 1080 3111 ὼς
1125 3050 1215 3103 διὰ
1252 3053 1488 3119 σίφωνος
1526 3054 1623 3121 τῆς
1655 3056 1817 3124 ἔδρας

1918 574 2114 616 nosum
2150 562 2515 630 detestantes,
2566 569 2682 623 sive
2725 569 2918 624 eadem
2949 574 3035 627 via
3082 572 3494 632 illosincedere

1918 652 2145 707 moleste
2191 653 2451 710 ferentes.
2496 660 2701 723 Quodsi
2749 661 2804 717 in
2857 662 3139 719 Romanos
3173 662 3497 719 incidebant

1918 757 2057 811 pane
2106 745 2361 811 siligineo
2398 757 2493 803 aut
2542 750 2650 804 alio
2704 753 2983 823 quopiam.
3013 756 3140 811 cibo
3181 766 3496 822 vescentes.

1918 832 2151 901 patellas
2210 850 2307 903 per
2358 838 2666 893 ludibrium
2730 843 3093 907 erertebant,
3149 844 3503 915 impulsaun

1917 938 2104 980 mensa
2129 927 2441 981 convivium
2472 929 2890 998 perturbabant,
2917 949 3101 1005 neque
3122 950 3223 990 suo
3247 945 3500 1007 tempore

1917 1017 2119 1073 acerbo
2152 1033 2294 1088 pane
2334 1019 2442 1074 frui
2473 1022 2753 1088 sinebant,
2792 1032 2885 1079 aut
2918 1041 3152 1097 vappam
3183 1028 3271 1083 vel
3300 1042 3497 1098 aquam

1919 1108 2257 1166 immundam
2294 1114 2610 1183 tranquillis
2653 1116 2855 1171 animis
2880 1116 3092 1173 bibere.
3138 1118 3219 1173 Ad
3250 1119 3370 1175 haec
3401 1120 3501 1175 im-

1918 1202 2301 1272 pudentissimi
2336 1206 2635 1264 sanniones
2661 1224 2725 1263 ac
2752 1209 2849 1265 Dei
2885 1210 3049 1282 397
3079 1221 3496 1282 contemptores

1918 1294 2189 1359 inclinati,
2222 1297 2477 1351 attractis
2503 1299 2775 1362 vestibus.
2805 1301 3033 1369 pollices
3064 1302 3119 1355 in
3146 1303 3502 1359 comedentes

1917 1386 2316 1441 convertebant
2340 1399 2397 1443 et
2428 1389 2570 1445 cibis
2596 1392 2830 1460 proximi
2858 1394 3246 1463 oppedebant:
3276 1394 3500 1464 quidam

1916 1479 2081 1532 etiam
2126 1486 2384 1548 tanquam
2421 1496 2521 1551 per
2563 1482 2855 1551 siphonem
2902 1495 3249 1542 recrementa
3290 1486 3503 1543 ventris

1917 1569 1972 1623 in
2003 1569 2158 1624 cibos
2197 1581 2249 1625 et
2297 1571 2468 1627 facies
2510 1574 2911 1629 exsultantium
2959 1577 3399 1647 ejaculabantur.
3439 1577 3499 1631 In

1915 1672 2114 1735 puteos
2154 1662 2497 1733 mingebant,
2540 1666 2688 1721 unde
2734 1676 2933 1735 postea
2973 1669 3365 1743 aquabantur;
3406 1683 3504 1725 eo—

1917 1756 2154 1826 demque
2189 1775 2354 1824 vase,
2399 1760 2549 1815 nulla
2600 1760 2814 1817 lotione
2865 1762 3149 1827 adhibita,
3202 1777 3351 1818 nunc
3403 1776 3504 1831 pro

1920 1850 2124 1916 matula
2179 1865 2330 1905 nunc
2378 1866 2481 1921 pro
2527 1852 2701 1907 calice
2735 1854 3057 1911 utebantur.
3098 1851 3302 1909 Christi
3342 1852 3507 1906 mini-

1918 1952 2063 1995 stros
2084 1942 2135 1995 in
2158 1942 2655 2011 primogenitorum
2681 1943 2867 1999 album
2894 1945 3100 1999 relatos
3134 1944 3273 2000 adeo
3305 1959 3415 2000 non
3442 1953 3503 1998 ttt

1918 2032 2104 2087 decuit
2138 2034 2571 2095 venerabantur,
2607 2050 2711 2091 nec
2750 2034 2916 2091 editis
2968 2050 3069 2105 per
3097 2050 3191 2090 eos
3217 2035 3506 2090 miraculis

1919 2126 2301 2189 movebantur,
2332 2127 2538 2196 quibus
2568 2127 2829 2183 Christus
2860 2142 2957 2182 eos
2987 2126 3379 2183 remuneratur
3407 2125 3503 2197 qui

1920 2219 2035 2274 suis
2064 2218 2326 2273 membris
2360 2220 2460 2287 ipsi
2495 2220 2761 2275 honorem
2793 2220 3134 2284 habuerunt,
3158 2230 3217 2275 ut
3253 2234 3507 2291 unguen-

1920 2322 2035 2366 tum
2074 2312 2221 2381 quod
2262 2327 2325 2365 ex
2358 2311 2707 2367 celeberrimi
2761 2313 3022 2384 martyris
3067 2313 3339 2368 Demetrii
3387 2327 3507 2368 mo-

1918 2413 2187 2459 numento
2214 2404 2431 2468 ebullit,
2451 2404 2603 2458 cadis
2626 2414 2682 2458 et
2705 2405 2984 2460 lebetibus
3007 2404 3269 2459 haustum
3288 2403 3506 2473 patellis

1918 2495 2152 2565 piscium
2186 2496 2543 2550 infunderent
2567 2537 2580 2560 ,
2608 2511 2675 2549 eo
2703 2496 3076 2551 calceamenta
3114 2504 3420 2565 ungerent,
3449 2501 3505 2549 et

1921 2589 1987 2642 ad
2020 2600 2215 2642 caetera
2249 2589 2579 2653 ministeria,
2610 2587 2812 2657 quibus
2832 2587 2999 2659 398
3027 2588 3209 2643 oleum
3237 2586 3361 2642 usui
3391 2595 3501 2652 est,

1922 2690 2130 2735 temere
2161 2689 2212 2733 el
2246 2680 2503 2749 ttequiter
2532 2680 2917 2733 abuterentur.
2956 2679 3012 2733 Id
3047 2694 3182 2733 vero
3210 2689 3273 2733 ut
3295 2693 3326 2733 e
3351 2675 3503 2733 fonte

1920 2776 2250 2829 inexhausta
2288 2773 2551 2843 prodiens
2583 2781 2678 2827 aut
2718 2788 2784 2826 ex
2829 2773 3030 2844 abysso
3060 2771 3374 2827 scaturiens
3403 2785 3499 2826 co-

1920 2868 2130 2937 piosius
2157 2868 2435 2929 attinebat,
2463 2876 2520 2921 et
2554 2882 2697 2921 nova
2730 2868 2944 2922 ratione
2983 2865 3324 2931 exundahat,
3347 2873 3409 2918 ut
3444 2873 3501 2918 et

1924 2961 2146 3014 Barbari
2179 2976 2347 3013 unum
2386 2960 2438 3014 id
2468 2961 2807 3014 mirarentur
2849 2968 2906 3014 et
2945 2959 3118 3029 gratia
3160 2957 3387 3027 martyri
3416 2956 3503 3009 di-

1921 3054 2127 3107 vinitus
2170 3067 2430 3106 concessa
2455 3053 2938 3122 obstupescerent.
2985 3049 3142 3117 Quod
3173 3049 3217 3104 si
3261 3049 3494 3107 Romani

227 3137 617 3201 ἀκοντίζοντες
649 3139 902 3208 ἐχραινον
932 3143 1000 3195 τά
1028 3142 1156 3212 ὄψα,
1192 3147 1286 3198 καὶ
1335 3148 1476 3200 κατά
1496 3148 1604 3199 τῶν
1638 3165 1812 3218 προσ-
1843 3142 1885 3197 C

1810 3179 1812 3185 ι
1843 3142 1885 3197 (Ξ
1920 3146 1985 3199 :ul
2031 3144 2308 3200 canendas
2339 3145 2429 3197 ltei
2466 3145 2658 3198 Iaudes
2709 3142 2762 3197 in
2812 3142 3031 3211 templis
3064 3139 3495 3204 conveniebant.

225 3229 398 3282 ὡπων
465 3234 642 3295 ένίους
704 3235 987 3302 ἐμόλυνον.
1029 3237 1318 3306 Ἐνούρουν
1361 3257 1419 3291 τε
1448 3243 1562 3302 τοῖς
1595 3242 1815 3310 φρέασι,

231 3321 325 3371 καὶ
356 3320 415 3384 ἐξ
444 3321 628 3373 αὐτῶν
659 3324 919 3377 ἐσέπειτα
954 3326 1016 3376 τὸ
1042 3327 1205 3378 ποτὸν
1238 3327 1579 3397 ἀνιμώμενοι
1618 3346 1819 3396 προσε-

234 3415 487 3485 φέροντο.
516 3418 625 3469 Καὶ
660 3418 721 3470 τὸ
741 3420 875 3472 αὐτὸ
901 3423 1033 3486 παρ’
1069 3423 1256 3485 αὐτοῖς
1282 3426 1546 3493 ποτήριον
1572 3423 1647 3485 ὡς
1682 3426 1815 3488 ἀμὶς

232 3508 331 3559 καὶ
358 3509 576 3575 οίνοχόη
605 3511 742 3578 πρὸς
770 3509 937 3577 ἄμφω
965 3507 1037 3580 ἦν
1067 3514 1402 3582 ἐπιτήδειον,
1443 3515 1516 3583 μὴ
1547 3516 1819 3583 πρότερον

232 3598 657 3667 βαπτιζόμενον,
689 3603 781 3654 τόν
808 3619 867 3654 τε
902 3604 1422 3674 καταποθησόμενον
1460 3604 1601 3659 οἶνον
1638 3609 1729 3661 καὶ
1757 3607 1818 3659 τὸ

231 3688 381 3758 ὕδευρ
396 3691 714 3759 είσεδέχετο,
731 3696 826 3745 καὶ
843 3694 1063 3763 ἔστεγεν
1080 3696 1280 3763 ὁμοίως
1303 3697 1364 3749 τὸ
1382 3698 1444 3750 ἐκ
1462 3697 1555 3749 τοῦ
1582 3715 1657 3750 σω
1666 3717 1693 3765 ,υ
1706 3716 1768 3749 ατ
1780 3716 1826 3750 ι-

226 3782 332 3835 κοῦ
350 3784 580 3851 κρουνοῦ
600 3786 969 3854 ἀποχεόμενον
987 3789 1332 3858 περίττωμα.
1354 3789 1427 3842 Ού
1451 3790 1558 3859 μὴν
1578 3790 1713 3843 ἀλλά
1731 3791 1823 3842 καὶ

230 3876 361 3934 τοὺς
394 3876 928 3945 ἀπογεγραμμένους
974 3880 1033 3931 ἐν
1089 3880 1459 3950 πρωτοτόκοις
1488 3881 1824 3948 θεράποντας

234 3966 376 4019 Θεοῦ
424 3969 567 4021 οὕτω
592 3971 759 4039 τιμᾷν
781 3970 869 4042 [Ρ.
888 3969 1013 4043 197]
1045 3972 1264 4043 ᾔδεσαν,
1300 3974 1391 4026 καὶ
1413 3975 1525 4037 τοῖς
1550 3973 1620 4027 δι’
1646 3973 1826 4027 αὐτῶν

228 4060 583 4127 τελουμένοις
615 4065 902 4132 προσεῖχον
934 4063 1197 4133 θαύμασι,
1227 4065 1320 4117 καὶ
1340 4064 1735 4134 ἐξεπλήττοντο
1756 4066 1825 4118 τά

1924 3255 1991 3291 ne
2042 3247 2155 3289 tum
2221 3238 2443 3304 quidem
2498 3252 2526 3289 a
2581 3236 2806 3289 militari
2866 3234 3160 3289 insolentia
3228 3234 3503 3290 immunes

1922 3340 2101 3383 erant.
2130 3330 2261 3381 Nam
2304 3328 2736 3395 intportuniores
2766 3343 2831 3382 ex
2862 3327 2953 3388 iis,
2980 3342 3077 3393 per
3113 3325 3356 3395 speciem
3394 3338 3501 3378 una

1921 3420 2154 3475 canendi
2197 3428 2253 3473 et
2301 3418 2559 3473 laudandi
2607 3416 2701 3473 Dei
2748 3418 3004 3488 ingressi,
3051 3414 3504 3471 vociferabantur

1924 3514 2069 3567 inter
2120 3528 2239 3565 sese
2282 3522 2337 3566 et
2386 3511 2634 3565 confusis
2676 3511 3019 3568 clamoribus
3078 3510 3500 3579 rumpebantur,

1923 3616 2017 3658 aut
2046 3606 2271 3657 obtorto
2308 3604 2452 3658 collo
2491 3604 2756 3658 Romanis
2786 3603 3066 3672 aliquibus
3099 3602 3171 3656 ob
3209 3601 3497 3656 fortuitum

1924 3696 2163 3763 aliquem
2194 3708 2380 3747 casum
2439 3696 2676 3763 arreptis
2729 3695 3020 3748 cautiones
3081 3693 3398 3757 turbabant,
3441 3700 3503 3751 ut

1923 3796 2178 3841 cantores
2204 3786 2365 3852 plane
2400 3785 2458 3839 in
2486 3774 2672 3840 aliena
2704 3797 2851 3841 terra
2884 3796 3169 3847 canerent,
3205 3802 3313 3840 non
3342 3795 3403 3841 ut
3444 3786 3502 3839 in

1923 3876 2129 3945 templo
2164 3876 2282 3933 Dei.
2320 3876 2469 3930 Multi
2519 3891 2739 3945 quoque
2791 3892 2858 3930 ex
2892 3875 3125 3930 adverso
3173 3874 3507 3929 meretriciis

1921 3969 2154 4024 canticis
2191 3978 2248 4023 et
2293 3968 2506 4023 caninis
2552 3968 2844 4023 latratibus
2892 3969 3128 4039 hymnos
3179 3968 3502 4032 turbabant,

1924 4074 1981 4118 et
2012 4061 2106 4116 Dei
2143 4060 2514 4116 celebratores
2545 4062 2787 4116 clamore
2820 4061 3175 4131 superabant.

235 4150 457 4213 ἐξαίσια
486 4154 581 4204 καὶ
617 4153 780 4205 καινά
830 4155 1083 4223 θεάματα
1124 4156 1191 4208 δι’
1233 4150 1307 4208 ὧν
1341 4156 1555 4221 δοξάζει
1630 4156 1865 4228 Χριστὸς
1902 4156 2029 4217 τοὺς
2096 4154 2259 4207 αὐτὸν
2293 4157 2404 4216 τοῖς
2442 4153 2668 4217 οίκείοις
2711 4154 3043 4221 δοξάσαντας
3082 4155 3323 4223 μέλεσιν,
3364 4156 3503 4211 ὥστε

234 4244 337 4295 καὶ
366 4243 427 4295 re
456 4246 520 4297 ἐκ
549 4246 645 4315 τῆς
680 4246 843 4315 σοροῦ
871 4245 964 4299 τοῦ
998 4248 1055 4299 ἐν
1093 4247 1338 4317 θαύμασι
1366 4249 1464 4301 καὶ
1532 4252 1590 4302 ἐν
1625 4248 1865 4319 μάρτυσι
1900 4247 2195 4317 διαϐοήτου
2261 4246 2575 4315 Δημητρίου
2615 4246 2998 4316 ἀναδιδόμενον
3036 4247 3208 4317 μῦρον
3272 4244 3505 4308 καδδίοις

238 4338 336 4391 καὶ
390 4338 617 4406 λέὸησιν
664 4340 962 4410 ἀρυόμενοι
1012 4344 1134 4402 ταῖς
1177 4345 1288 4395 τῶν
1335 4342 1536 4411 ἰχθύων
1589 4343 1818 4395 λοπάσιν
1853 4342 2097 4410 ἐνέχεον,
2180 4342 2277 4393 καὶ
2338 4339 2400 4391 τὺ
2426 4338 2522 4390 τοῦ
2559 4340 2720 4401 ποδὸς
2752 4338 2952 4403 σκύτος
2985 4343 3108 4401 ταῖς
3135 4341 3505 4410 μυραλοιφαϊς

237 4435 539 4495 ὲλίπαινον,
597 4434 694 4487 καὶ
743 4434 881 4504 πρὸς
921 4436 1022 4499 τάς
1073 4437 1271 4499 λοιπὰς
1332 4438 1638 4507 ὑπηρεσίας
1688 4426 2036 4505 ὄσσςῗπαρὸν
2102 4434 2163 4485 τὸ
2195 4432 2373 4485 ἔλαιον
2418 4431 2693 4500 διατίθησι
2738 4432 2906 4501 χύδην
2954 4433 3049 4485 και)⁸
3092 4430 3318 4495 ἀσώτως
3386 4419 3495 4482 ἐκέί

236 4542 466 4595 χρηντο.
500 4524 573 4575 Τὸ
600 4526 658 4578 δὲ
688 4525 761 4588 ὡς
791 4527 902 4579 ἀπὸ
933 4528 1117 4597 πηγῆς
1147 4528 1339 4597 προϊὸν
1376 4529 1651 4583 ἀκενῶτου
1690 4530 1723 4599 ἢ
1758 4529 1817 4593 ἐξ
1853 4527 2096 4582 ἀϐύσσου
2159 4524 2459 4579 ἀναϐαλλον
2490 4525 2719 4597 ἐπέρρεε
2750 4526 3170 4596 πλησμιώτερον
3214 4526 3307 4579 καὶ
3327 4527 3501 4595 ὑπερ·

234 4624 477 4690 εξεχεϊτο
558 4624 981 4690 καινοπρεπῶς,
1030 4625 1107 4686 ὡς
1162 4624 1259 4678 καὶ
1306 4625 1433 4689 τοὺς
1496 4625 1825 4695 Βαρὸἀρους
1864 4624 2064 4685 αὐτοὺς
2133 4622 2221 4674 διά
2291 4620 2568 4691 θαύματος
2599 4620 2844 4674 τίθεσθαι
2873 4621 2935 4674 τὸ
2957 4620 3256 4690 ὁρώμενον,
3282 4620 3377 4674 καὶ
3403 4618 3502 4687 τὴν

236 4714 402 4784 χάριν
454 4714 837 4784 ἐκπεπλῆχθαι
891 4715 986 4768 τοῦ
1034 4720 1509 4789 χριστομάρτυρος
1547 4720 1615 4789 ἥν
1678 4718 1860 4771 θεόθεν
1899 4718 2137 4786 εἴληχεν.
2194 4716 2257 4770 Εἰ
2302 4713 2359 4767 δὲ
2436 4714 2625 4785 καιρὸς
2670 4713 2945 4782 ύμνῳδίας
2979 4714 3290 4783 ὀμηγερέας
3341 4712 3504 4765 ἐτίθει

238 4809 387 4860 κατὰ
419 4810 546 4865 τοὺς
590 4808 728 4873 νεὼς
776 4811 903 4873 τοὺς
943 4810 1275 4881 Ῥωμαίους,
1330 4814 1452 4867 οὐδὲ
1511 4814 1633 4866 τότε
1707 4812 1858 4881 σφῶν
1894 4812 2183 4881 ἀπείχοντο
2233 4810 2285 4861 oi.
2365 4809 2683 4862 ἀπαίδευτοι
2732 4807 2829 4860 τοῦ
2885 4806 3318 4876 στρατεύματος,
3367 4805 3503 4859 ἀλλὰ

239 4896 567 4961 προσιόντες
592 4896 669 4958 ὡς
700 4896 1271 4968 συνεκκλησιάσωνταί
1304 4916 1457 4966 σφισι
1484 4901 1578 4951 καὶ
1612 4899 1915 4952 συνθύσωσι
1960 4898 2083 4968 Θεῷ
2128 4897 2329 4950 θυσίαν
2396 4896 2701 4967 αίνέσεωςκ
2748 4894 2842 4949 τοῦ
2894 4896 2991 4965 μὲν
3022 4898 3198 4948 ποιεῖν
3262 4894 3505 4949 τοιοῦτόν

241 5003 294 5038 τι
361 4986 688 5053 ἀφίσταντο,
738 4987 1103 5059 λαλαγοῦντες
1132 4992 1188 5044 δὲ
1242 4992 1378 5062 πρὸς
1430 4992 1660 5053 ἑαυτοὺς
1726 4991 1821 5043 καὶ
1860 4992 1980 5052 ταῖς
2046 4990 2286 5059 ἀσήμοις
2334 4991 2540 5057 φωναῖς
2586 4988 3072 5061 διαρῤηγνύμενοι,
3128 4987 3159 5056 ἢ
3227 4986 3322 5039 καί
3351 5002 3503 5047 τινας

238 5075 351 5126 τῶν
388 5075 682 5143 Ῥωμαίων
704 5077 791 5130 διά
822 5096 876 5131 τι
916 5080 1200 5149 συμπεσὸν
1228 5080 1366 5149 πρὸς
1405 5078 1527 5147 βίαν
1560 5080 1825 5147 ἄγχοντες
1865 5079 1959 5132 καὶ
2025 5078 2329 5147 πράγματα
2390 5078 2748 5146 παρέχοντες,
2777 5077 3032 5145 συνέχεον
3058 5075 3149 5128 τὸν
3178 5074 3367 5149 ὕμνον,
3405 5074 3501 5126 καὶ

236 5162 384 5234 ἦσαν
436 5165 486 5219 οί
538 5166 829 5236 ψάλλοντες
888 5171 1155 5241 ἄντικρυς
1220 5172 1315 5225 ἐπὶ
1370 5171 1471 5236 τῆς
1529 5171 1817 5242 ἀλλοτρίας
1854 5171 2094 5242 ᾄδοντες,
2159 5171 2253 5224 καὶ
2282 5170 2379 5240 ούχ
2444 5170 2520 5233 ὼς
2550 5169 2855 5238 ἐφεστῶτες
2886 5165 3503 5238 τεμένειΘεοῦ.Πολλο“ι

235 5257 296 5310 δὲ
326 5257 421 5309 καὶ
467 5256 790 5326 ἀντᾴδοντες
856 5262 980 5322 τοῖς.
1052 5259 1382 5323 ἀλαλάζουσι
1433 5260 1623 5329 Κυρίῳ
1674 5259 1898 5329 ᾄσματα
1951 5260 2182 5326 ἠφίεσαν
2238 5260 2494 5329 πορνικά,
2556 5260 2651 5320 καὶ
2698 5257 2927 5327 κυνηδὸν
3006 5255 3363 5321 ὑλακτοῦντες
3416 5254 3502 5305 ἐν-

235 5350 471 5398 εκοπτον
504 5344 603 5413 τὴν
660 5344 804 5415 ᾠδὴν
858 5348 951 5399 καὶ
1000 5348 1386 5416 ὑπερεφὼνουν
1444 5348 1535 5399 τὸν
1581 5351 1660 5408 είς
1700 5333 1833 5400 Θεὸν
1873 5349 2164 5415 ίκετήριον.

317 5434 433 5487 Καὶ
467 5432 696 5486 τοιαῦτα
722 5436 846 5505 μὲν,
876 5436 954 5497 ὡς
1000 5438 1064 5489 ἐκ
1096 5435 1309 5489 πολλῶν
1338 5436 1494 5502 ὀλίγα
1539 5438 1737 5497 είπείν,
1774 5436 1821 5488 oi
1857 5438 1900 5495 Ι)
2000 5482 2002 5488 .

1817 5438 1821 5485 ἱ
1857 5438 1900 5495 D
2000 5436 2178 5503 Atque
2200 5434 2315 5490 haec
2339 5448 2511 5504 pauca
2529 5432 2596 5488 de
2621 5434 2810 5488 multis
2836 5450 2958 5504 qua
2981 5434 3502 5495 Tbessalonicenses

240 5526 666 5589 θεσσαλονικεϊς
699 5527 1159 5596 πολιορκηθέντες
1214 5528 1476 5595 ἔπασχον,
1521 5525 1555 5578 ἂ
1608 5528 1701 5578 καὶ
1740 5529 1819 5588 είς

1817 5547 1819 5554 ·
1930 5526 1982 5579 in
2026 5527 2177 5581 urbis
2221 5529 2624 5597 expugnatione
2670 5536 2801 5580 sunt
2854 5530 3123 5595 perpessi,
3156 5543 3187 5583 a
3220 5530 3502 5584 nonnullis

243 5616 428 5681 ίδικήν
455 5631 600 5676 τινες
629 5614 909 5685 ἀπέτεμον
937 5616 1265 5685 συγγραφὴν
1304 5618 1397 5669 καὶ
1432 5617 1532 5681 τὴν
1575 5617 1820 5685 ἱστορίαν

240 5712 302 5772 ἐς
335 5708 393 5759 τὸ
427 5706 754 5776 πολύστιχον
797 5706 1178 5775 ἐφακὲλωταν.
1226 5708 1382 5759 Ἐπεὶ
1437 5707 1493 5760 δὲ
1526 5708 1554 5761 ό
1591 5710 1648 5761 ἐν
1682 5708 1825 5777 ὑψη-

240 5801 356 5864 λοῖς
417 5799 691 5859 κατοικῶν
748 5801 844 5854 κα)⁹
892 5800 960 5854 τὰ
1018 5801 1254 5855 ταπεινὰ
1304 5800 1521 5873 ἐφορῶν
1570 5800 1828 5870 διέκυψεν

1932 5618 2193 5687 peculiari
2239 5619 2446 5687 scripto
2493 5618 2700 5687 prolixe
2736 5630 3185 5684 commemorata,
3218 5619 3383 5690 399
3406 5637 3499 5675 ex-

1936 5724 2139 5777 ponere
2174 5710 2349 5763 visum
2385 5716 2487 5763 est.
2525 5709 2818 5779 Postquam
2854 5725 2985 5763 vero
3014 5726 3058 5762 ts
3084 5711 3177 5779 qui
3212 5709 3263 5762 in
3290 5711 3504 5765 excelsa

1938 5800 2149 5855 habitat
2170 5811 2226 5856 et
2255 5802 2481 5857 humilia
2515 5802 2809 5883 intueture
2829 5803 2970 5859 ccelo
3000 5802 3302 5874 prospexit,
3328 5818 3503 5873 neque
