4284 6370
247 376 350 435 673

1226 370 1323 430 DE
1354 365 1798 429 ANDRONICO
1829 364 2191 424 COMNENO
2228 366 2374 425 LIB.
2420 365 2497 424 ll.

1900 515 2230 527 —_——

3374 353 3480 418 67L

1603 688 1989 774 ΤΟΜΟΣ
2039 678 2123 771 B'

1054 883 1189 942 ΤΗΣ
1235 888 1592 942 ΒΑΣΙΛΕΙΑΣ
1632 884 2076 939 ΑΝΔΡΟΝΙΚΟΥ
2114 886 2138 936 Ἰ
2158 884 2248 937 ΟΥ
2277 885 2689 940 ΚΩΜΝΗΝΟΥ.

952 1216 1424 1303 ΙΜΡΕΒΙΙ
1515 1211 2175 1299 ΑΝΒΗΟΝῘΟΙ
2261 1209 2800 1300 (ἸΟΜΝΕΝΙ

1523 1398 1592 1457 LI
1605 1399 1753 1458 BER
1798 1398 1837 1458 S
1851 1400 2043 1459 litlUN
2060 1398 2222 1456 DUS.

326 1741 396 1795 u'.
430 1743 503 1797 Τὸ
549 1742 606 1793 δέ
647 1758 707 1808 γε
758 1738 1038 1792 Σικελικὶν
1080 1738 1395 1807 στράτευμα
1432 1736 1591 1804 τριχῇ
1622 1732 1820 1802 διαιρε-
1850 1736 1893 1792 Α
1991 1726 2018 1796 Δ

1798 1762 1820 1772 -
1850 1736 1893 1792 Α
1991 1726 2148 1798 Αιι
2197 1727 2246 1781 l.
2278 1726 2392 1781 lioc
2424 1725 2580 1779 urbis
2603 1725 2967 1795 imperatricis
3002 1733 3145 1780 statu
3188 1724 3486 1784 Siciliensis

243 1842 359 1898 ίιὲν,
410 1837 437 1888 ὃ
494 1842 590 1901 μὲν
625 1836 689 1900 τῇ
739 1828 1108 1897 Θεσσαλονίκῃ
1162 1828 1490 1896 προσέμενε,
1522 1825 1630 1876 τῶν
1661 1823 1704 1875 δ’
1741 1816 1809 1875 αὖ

242 1931 449 1996 ἑτέρων
481 1924 573 1975 δύο
617 1921 849 1992 μερίδων
882 1923 913 1988 ὴ
945 1920 1045 1987 μὲν
1075 1918 1348 1970 είσὸάλλει
1378 1919 1516 1969 κατὰ
1548 1916 1645 1976 τὰς
1680 1914 1815 1982 Σέῤ-

243 2025 345 2089 ρας
380 2019 473 2069 καὶ
530 2016 596 2067 τὰ
628 2017 807 2065 ἐκεῖσε
860 2014 1036 2064 πάντα
1088 2008 1408 2079 χειροῦσθαι
1446 2008 1539 2059 καὶ
1592 2007 1814 2075 πορθεῖν

238 2110 501 2174 ἔγνωκεν,
552 2104 674 2173 ἡδὲ
735 2105 809 2164 ὡς
864 2101 951 2154 διὰ
997 2101 1146 2161 λείας
1201 2098 1319 2152 ὀδοῦ
1385 2096 1662 2166 φερομένη
1722 2096 1813 2148 καὶ

245 2192 449 2269 μηδένα
485 2197 581 2247 τὸν.
606 2199 684 2256 εἰς
710 2196 899 2263 χεῖρας
940 2194 1086 2244 ίόντα
1114 2192 1145 2260 ἢ
1179 2190 1576 2242 ἀντιπίπτοντα
1612 2189 1810 2255 ἔχουσα

242 2296 323 2352 εἰς
381 2290 549 2358 αὐτὴν
607 2289 705 2358 τὴν
758 2284 1134 2339 Μοσυνόπολιν
1184 2283 1575 2350 κατεσκήνωσε
1615 2282 1707 2332 xui
1754 2279 1816 2330 τὸ

246 2381 432 2449 κύκλῳ
485 2379 791 2447 ὑποχείριον
856 2376 1026 2430 ἔθετο.
1081 2374 1400 2442 Ἀνδρονίκῳ
1468 2372 1524 2423 δὲ
1592 2371 1658 2424 τὰ
1718 2370 1817 2436 μὲν

246 2474 445 2541 πρῶτα
472 2471 703 2539 ἐμέλησε
733 2465 820 2539 [Ρ.
847 2466 916 2519 20
930 2462 975 2535 ί]
1008 2464 1211 2515 στεῖλαι
1249 2465 1339 2513 τὸν
1383 2460 1689 2527 φυλάξοντα
1715 2458 1814 2528 τὴν

258 2564 603 2629 Ἐπίδαμνον,
639 2562 731 2611 καί
754 2558 983 2627 ἀφίκετο
1013 2558 1193 2606 ἐκεῖσε
1223 2554 1251 2606 ὁ
1279 2553 1489 2621 Βρανᾶς
1513 2550 1765 2618 Ἰωάννης
1794 2564 1809 2580 ο

247 2654 499 2722 βραχεῖαι
540 2652 595 2702 δὲ
623 2650 848 2720 ἡμέραι,
881 2650 973 2699 καὶ
1023 2649 1071 2697 οἱ
1109 2646 1207 2713 μὲν
1246 2643 1439 2697 Ἰταλοὶ
1481 2642 1811 2709 Ἐπιδάμνου

246 2744 524 2811 ἐπέϐησαν
560 2741 690 2792 ὡσεὶ
733 2738 926 2807 πτηνοὶ
951 2737 1046 2788 xui
1081 2736 1275 2804 ἀέριοι,
1326 2733 1526 2802 μικροῦ
1568 2750 1628 2784 τε
1660 2732 1818 2784 0dr:-

252 2852 348 2900 ρον
377 2835 485 2885 τῶν
518 2832 695 2884 ποδῶν
727 2830 1025 2899 περιὸάδην
1068 2828 1411 2887 ἐκτείναντες
1445 2825 1819 2893 ἀπραγμόνως

248 2927 315 2978 τα
367 2924 477 2976 τῶν
540 2921 838 2992 περιϐόλων
905 2920 1251 2989 ὑπερέὸησαν
1307 2917 1611 2985 κρήδεμνα,
1675 2918 1703 2968 ό
1762 2916 1819 2968 δὲ

251 3017 465 3086 Βρανᾶς
540 3016 619 3076 είς
697 3012 944 3064 Σικελίαν
1018 3012 1368 3077 αἰχμάλωτος
1449 3006 1815 3075 μετατίῡεται.

253 3108 487 3160 Ἔπειτα
540 3105 617 3173 τῷ
672 3104 874 3156 διέπειν
930 3102 1149 3171 λαχόντι
1211 3098 1613 3167 Θεσσαλονίκην
1654 3098 1818 3149 Δαῦὶδ

249 3198 561 3260 ἐπέστελλε,
616 3197 711 3248 καὶ
762 3193 1047 3246 ἐπέτελλεν
1074 3194 1444 3260 ἐπαγρυπνεῖν
1493 3192 1558 3259 τῇ
1600 3189 1697 3258 τῆς
1724 3188 1819 3239 πό-

249 3290 386 3351 λεως
427 3288 641 3357 φυλακῇ
690 3287 783 3338 xui
842 3285 967 3355 μηδ’
1021 3285 1156 3348 ὅλως
1213 3285 1448 3336 δεδιέναι
1506 3283 1629 3343 τοὺς
1666 3281 1817 3333 πεδιο

250 3381 558 3450 λορῤάςρους
617 3377 899 3439 Λατίνους,
940 3375 1115 3445 πηδᾷν
1170 3375 1227 3427 δὲ
1290 3376 1383 3426 xui
1445 3373 1663 3426 δάκνειν
1727 3372 1820 3423 xui

251 3472 485 3532 κεντεῖν,
543 3470 609 3521 ἶν’
666 3468 835 3529 αὑτὰς
896 3468 992 3528 τὰς
1033 3466 1371 3534 ’Δνδρονίκου
1422 3465 1816 3533 παραθήσομαι

251 3562 449 3625 λέξεις.
497 3560 606 3612 Kui
636 3558 721 3626 ἐφ’
762 3560 868 3627 ὅτῳ
931 3558 1029 3626 μὲν
1074 3556 1405 3624 Ἀνδρόνικος
1456 3556 1652 3608 οὑτωσὶ
1701 3571 1822 3605 συν-

259 3656 427 3707 ετίοει
457 3656 525 3705 τὰ
552 3653 900 3722 γραμμάτια,
935 3651 1093 3717 μόνος
1118 3650 1145 3701 ό
1187 3649 1425 3709 ἐκδιδοὺς
1452 3648 1816 3715 ἐπιστάμενος

252 3744 321 3815 ἦν
359 3746 732 3814 Ἀνδρόνικος*
775 3742 959 3802 αὐτοῖς
990 3741 1048 3792 δε
1097 3742 1210 3801 τοῖς
1248 3738 1668 3808 φιλοσκώμμοσι
1724 3756 1822 3791 πο-

254 3835 429 3895 λίταις
473 3834 560 3885 διὰ
618 3831 851 3897 γέλωτος
896 3831 1060 3899 ήγετο
1110 3830 1179 3881 τὰ
1203 3829 1547 3897 γραφόμενα,
1601 3829 1819 3896 άντιφέ-

255 3942 412 3995 ρουσι
464 3923 637 3977 ταῦτα
699 3926 791 3977 καὶ
850 3922 1232 3976 ἁντιόἀλλουσι
1268 3922 1403 3990 πρὸς
1445 3924 1644 3990 αἰσχρά
1695 3937 1817 3973 τινα

251 4018 488 4085 δημόσια
516 4020 759 4086 ῥήματα,
800 4014 835 4067 ἃ
889 4015 963 4084 μὴ
1011 4015 1311 4083 προφέρειν
1360 4014 1555 4083 χρεών.
1604 4013 1726 4066 Ἐπὶ
1760 4014 1818 4066 δὲ

252 4108 465 4170 τούτοις
537 4110 633 4169 τὰς
702 4106 1021 4174 Ῥωμαϊκὰς
1086 4106 1345 4175 δυνάμεις
1418 4105 1813 4173 συνηθροικὼς,

252 4200 375 4251 ὅσαι
428 4215 486 4250 τε
536 4197 668 4267 ἑῴαι
723 4200 814 4249 xui
866 4200 990 4249 ὅσαι
1045 4197 1323 4264 ἑσπέριαι,
1376 4198 1469 4249 καὶ
1502 4198 1707 4259 ταύ;ας
1761 4201 1819 4260 ἐς

253 4290 508 4355 τάγματα
541 4287 755 4347 διελὼν.
782 4288 843 4339 τὸ
877 4288 974 4355 μὲν
999 4288 1073 4357 τῷ
1107 4288 1317 4356 βασιλεῖ
1346 4291 1440 4341 καὶ
1465 4288 1563 4357 υἱῷ
1597 4289 1819 4359 Ἰωάννῃ

1852 3073 1891 3129 Β

1915 1828 2189 1873 exereitus
2210 1818 2263 1871 in
2324 1827 2434 1871 tres
2479 1828 2662 1887 partes
2697 1824 2779 1871 est
2843 1818 3073 1884 divisus,
3108 1833 3339 1887 quarum
3380 1837 3485 1877 una

1916 1910 2313 1964 Thessalonica:
2363 1910 2582 1970 mansit.
2610 1910 2776 1963 altera
2839 1908 2894 1962 in
2947 1908 3239 1966 Serranum
3292 1929 3483 1983 agrum

1918 2002 2331 2071 impressionem
2396 2002 2605 2055 lecitut
2648 2002 2765 2056 loca
2792 2001 2879 2057 illa
2899 2004 3081 2057 omnia
3133 2014 3408 2059 vastatura
3429 2014 3485 2061 et

1917 2094 2206 2145 subactura
2237 2132 2250 2155 ,
2288 2092 2445 2146 tertia
2476 2093 2629 2160 quasi
2662 2094 2818 2162 plana
2843 2094 2928 2147 via
2987 2095 3272 2162 processit,
3306 2111 3483 2163 neque

1921 2184 2031 2236 ullo
2084 2184 2236 2237 hoste
2270 2193 2567 2251 apparente
2598 2184 2664 2236 ad
2707 2199 2877 2251 ipsam
2923 2184 3312 2255 MOsynopolim
3362 2199 3485 2241 ten-

1921 2276 2055 2326 toria
2089 2276 2203 2328 iixit
2259 2285 2314 2329 et
2347 2276 2787 2345 circnmjacentia
2836 2276 2951 2329 loca
2996 2278 3179 2330 omnia
3245 2277 3480 2347 subegit.

1919 2368 2232 2420 Andronico
2300 2383 2429 2421 vero
2496 2368 2770 2437 principio
2817 2384 2962 2422 curae
3009 2367 3113 2421 fuit
3169 2369 3481 2438 praesidium

1919 2462 2137 2513 mittere
2164 2458 2549 2527 Epidamnum.
2585 2459 2690 2512 Sed
2739 2461 2927 2528 paucis
2962 2460 3156 2515 diebus
3195 2471 3480 2531 postquam

1921 2552 2123 2604 Branas
2171 2547 2405 2603 Joannes
2438 2551 2883 2617 eopervenisset,
2927 2550 3044 2604 Itali
3076 2552 3241 2604 veluti
3299 2552 3480 2604 volatu

1922 2660 2018 2713 per
2042 2658 2219 2696 aerem
2252 2642 2486 2705 advecti,
2517 2643 2651 2694 citra
2686 2642 2925 2696 laborem
2951 2651 3002 2694 et
3025 2643 3175 2711 quasi
3193 2656 3288 2711 per
3311 2646 3481 2696 otium

1922 2738 2183 2792 moenium
2212 2735 2500 2805 pinnacula
2521 2736 2992 2789 transcenderunt.
3018 2735 3252 2789 Joannes
3281 2735 3482 2789 Brunas

1922 2831 2169 2900 captivus
2202 2831 2254 2882 in
2298 2828 2538 2881 Siciliam
2590 2840 2668 2881 est
2705 2829 2992 2881 abductus.
3022 2829 3226 2880 Deinde
3254 2828 3483 2881 Thessa-

1923 2924 2113 2977 lonica:
2140 2922 2355 2991 praesidi
2384 2922 2570 2974 Davidi
2608 2937 2704 2989 per
2749 2921 2957 2973 litteras
2987 2919 3261 2973 mandavit
3294 2929 3351 2972 ut
3380 2936 3474 2972 ur-

1926 3016 2007 3070 bis
2035 3014 2294 3069 eustodize
2320 3015 2564 3067 intentus
2593 3024 2755 3076 esset,
2789 3027 2889 3065 nec
2921 3010 3214 3064 calcearios
3255 3009 3480 3064 Latinos

1922 3107 2218 3175 quidquam
2256 3104 2595 3166 formidaret,
2627 3113 2792 3172 utque
2836 3104 3073 3165 saltaret,
3110 3104 3380 3157 morderet
3423 3112 3481 3156 ct

1923 3208 2207 3269 pungeret,
2237 3198 2397 3268 412
2430 3207 2488 3250 ut
2523 3197 2639 3264 ipsa
2661 3197 2825 3249 verba
2842 3195 3132 3249 Andronici
3174 3210 3478 3264 apponam,

1922 3306 2042 3358 qua:
2073 3305 2170 3342 cur
2202 3290 2501 3357 usurparit,
2538 3288 2686 3343 solus
2712 3298 2904 3342 auctor
2935 3288 3084 3340 novit
3111 3284 3476 3343 Andronicus.

1922 3379 2025 3434 Sed
2084 3382 2231 3434 cives
2279 3380 2563 3433 facetiores
2636 3379 2922 3451 verba‘illa
2982 3378 3249 3441 ridebant,
3300 3387 3357 3433 et
3410 3378 3476 3431 ad

1922 3472 2165 3540 quaedam
2198 3472 2438 3539 vulgaria
2493 3480 2548 3523 et
2590 3471 2826 3523 obscena
2879 3471 3293 3539 detorquebant;
3358 3486 3478 3539 qua:

1920 3565 2137 3617 silentio
2176 3562 2552 3631 praetereunda
2580 3571 2727 3616 sunt.
2771 3563 2894 3615 Post
2930 3562 3045 3617 haec
3074 3563 3334 3617 Romanis
3380 3579 3478 3616 co-

1924 3654 2024 3721 piis
2057 3664 2161 3705 tam
2186 3652 2629 3706 Occidentalibus
2674 3668 2835 3719 quam
2886 3651 3253 3704 Orientalibus
3274 3653 3479 3705 coactis

1920 3754 1973 3797 et
2012 3745 2065 3796 in
2107 3744 2347 3811 legiones
2379 3743 2693 3809 descriptis,
2742 3752 2955 3809 partem
2992 3757 3150 3794 unam
3185 3742 3376 3795 Joanni
3417 3746 3477 3794 li-

1919 3836 1994 3887 lio
2029 3834 2344 3902 imperatori
2393 3835 2700 3902 designato,
2752 3841 2862 3886 tum
2920 3833 2970 3885 in
3028 3833 3323 3901 Philipp‘ca
3348 3848 3476 3902 pio-

1918 3926 2093 3976 vineia
2147 3922 2381 3991 degenti,
2405 3922 2563 3975 aliam
2624 3921 2874 3975 Chumno
2918 3922 3268 3985 ehartulario,
3316 3922 3476 3993 aliam

1919 4014 2231 4067 Andronico
2298 4013 2619 4082 l’alaeologo,
2666 4013 2827 4065 aliam
2892 4013 3198 4082 Nicephoro
3250 4014 3480 4082 spadoni.

1918 4106 2087 4163 dedit.
2119 4104 2205 4157 cui
2263 4103 2596 4157 accubitoris
2656 4104 2972 4174 dignitatem
3028 4106 3309 4160 tribuerat.
3357 4106 3479 4160 Alc-

1922 4196 2063 4247 xium
2096 4209 2313 4262 quoque
2350 4194 2578 4248 Branam
2605 4210 2727 4249 cum
2771 4196 2877 4247 alio
2894 4196 3134 4249 exercitu
3188 4197 3478 4264 ablegavit.

1919 4286 2181 4338 Caeterum
2212 4285 2355 4339 lilius
2381 4285 2500 4355 ejus
2526 4286 2670 4338 circa
2696 4284 3112 4354 PhilippOpolim
3172 4286 3472 4340 venationi-

253 4378 490 4440 ἀπέταξε
522 4380 647 4447 περὶ
686 4378 783 4447 τὴν
830 4378 1096 4431 Φιλίππου
1146 4379 1477 4447 διατρίϐοντι
1522 4381 1816 4449 ἐπαρχίαν,
1847 4399 1887 4452 C
1922 4377 1945 4428 L

1786 4401 1816 4443 ι,
1847 4399 1887 4452 C
1922 4377 2023 4429 bus
2085 4378 2303 4431 deditus
2336 4380 2403 4432 de
2453 4378 2669 4432 excidio
2715 4376 3114 4432 Thessalonica:
3148 4394 3252 4432 non
3311 4379 3478 4447 magis

252 4468 391 4520 τὸδὲ
420 4468 498 4538 τῷ
548 4470 927 4538 χαρτουλαρίῳ
983 4469 1337 4538 παραδέδωκε
1392 4469 1650 4537 Χούμνῳ,
1692 4472 1819 4523 ἄλλο
1916 4484 1944 4519 c

1786 4487 1819 4522 ο
1916 4469 2191 4535 cogitabat
2220 4485 2381 4537 quam
2416 4469 2485 4523 de
2537 4468 2765 4523 Gadium
2816 4468 2988 4537 portis
3014 4476 3106 4521 aut
3155 4469 3348 4522 Bacchi
3386 4485 3478 4521 co-

251 4556 331 4625 τῴ
386 4557 731 4625 ιΙαλαιολόγῳ
788 4556 1133 4626 Ἀνδρονίκῳ,
1193 4557 1379 4625 ἓτερον
1440 4557 1517 4625 τῷ
1584 4559 1816 4628 ἐκτομία

251 4648 585 4719 Νικηφόρῳ,
610 4647 669 4710 ὃς
712 4649 929 4717 τιμήεις
974 4642 1043 4716 ἦν
1073 4649 1201 4715 παρ’
1249 4648 1589 4717 Ἀνδρονίκῳ,
1622 4650 1698 4717 τῷ
1724 4650 1817 4701 τοῦ

253 4739 758 4809 παρακοιμωμένου
789 4739 1153 4807 κνδρούμενος
1182 4739 1474 4806 ἀξιώματι.
1533 4741 1695 4793 Ἀλλὰ
1727 4744 1819 4794 καὶ

262 4832 504 4897 Ἀλέξιον
533 4830 854 4898 ὲκπέπομιρε
881 4830 970 4881 τὸν
1001 4829 1213 4898 Βρανᾶν
1258 4832 1377 4899 μεθ’
1427 4834 1611 4900 ἐτέρου
1656 4849 1818 4901 στρα-

251 4925 542 4991 τεύματος.
579 4921 719 4990 Πλὴν
749 4925 775 4973 ό
824 4922 924 4989 μὲν
979 4923 1092 4984 υίὸς
1132 4924 1476 4990 κυνηγεσίοις
1531 4926 1816 4977 ένευπάοει

251 5017 393 5069 κατὰ
424 5016 520 5083 τὴν
545 5013 991 5079 Φιλιππούπολιν,
1020 5015 1119 5066 ὅσα
1158 5015 1249 5067 xui
1281 5015 1461 5067 πυλῶν
1490 5016 1814 5086 Ιάδειρίιίων

170 5166 183 5178 ,
252 5105 648 5175 κατάσχεσινῆ
699 5104 992 5157 Διονυσίων
1040 5105 1302 5157 στυλίδων
1364 5107 1681 5175 καθαίρεσιν
1718 5107 1816 5176 τὴν

250 5200 351 5266 τῆς
401 5195 802 5265 Θεσσαλονίκης
862 5196 1224 5265 προνόμευσιν
1278 5199 1721 5266 φανταζόμενος⁶
1763 5200 1812 5249 οί

248 5291 303 5341 δὲ
340 5289 515 5339 λοιποὶ
560 5287 787 5354 ταυτησὶ
830 5286 1300 5357 πολιορκουμένης
1342 5291 1558 5355 ἐγγίσαι
1589 5291 1686 5356 μὲν
1719 5292 1813 5343 xui

250 5379 525 5450 ἐπαρῆξαι
591 5377 842 5447 οὐδαμῶς
912 5378 1296 5449 ἀπεθάῤῥουν,
1352 5380 1689 5449 πορρωτάτω
1755 5382 1811 5434 δὲ

249 5470 609 5539 σκηνούμενοι
642 5469 708 5522 δι’
733 5470 987 5538 ἁπτήρων
1031 5471 1124 5521 καὶ
1156 5469 1511 5538 ταχυδρόμων
1552 5471 1810 5522 κλεπτόν-

1918 4559 2123 4611 lumnis
2150 4557 2482 4611 evertendis.
2516 4557 2711 4613 Caneri
2772 4574 2920 4624 vero,
2972 4559 3101 4612 dum
3132 4576 3193 4613 ea
3255 4558 3478 4613 obside-

1918 4657 2088 4710 retur,
2117 4649 2340 4715 propius
2366 4650 2628 4704 accedere
2674 4658 2728 4702 et
2759 4662 2915 4718 Opem
2940 4648 3085 4704 ferre
3116 4651 3264 4703 nullo
3314 4650 3477 4703 modo

1915 4740 2054 4801 ansi,
2088 4742 2281 4792 castris
2308 4740 2467 4809 longe
2495 4742 2563 4793 ab
2592 4742 2726 4795 urbe
2752 4742 2943 4810 positis
2980 4757 3077 4811 per
3106 4743 3479 4810 speculatores

1915 4840 1969 4881 et
2032 4830 2316 4897 expeditos
2361 4832 2577 4899 equites
2643 4842 2821 4885 castra
2847 4834 3087 4887 hostium
3144 4834 3331 4887 furtim
3393 4836 3479 4887 in-

1925 4934 2139 4989 gressos
2183 4919 2584 4976 Thessalonica:
2634 4932 2835 4976 statum
2891 4926 3266 4993 explorabant.
3323 4925 3480 4979 Solus

1925 5013 2166 5063 omnium
2191 5011 2473 5067 Chumnus
2494 5014 2813 5069 Theodorus
2844 5018 3067 5085 propius
3086 5018 3345 5071 accedere
3368 5032 3475 5069 non

1924 5100 2207 5162 dubitavit,
2244 5111 2302 5153 ut
2333 5101 2545 5155 civibus
2576 5102 2629 5154 in
2660 5103 2830 5156 aciem
2856 5114 3045 5157 contra
3076 5102 3259 5156 hostes
3291 5118 3477 5169 egres-

1922 5192 1997 5244 sis
2028 5190 2188 5261 413
2220 5206 2377 5259 opem
2412 5190 2600 5257 ferret,
2622 5204 2715 5246 aut
2754 5196 2798 5247 si
2830 5195 3038 5256 liceret,
3082 5196 3251 5263 ipsam
3290 5195 3477 5246 urbem

1922 5283 2314 5350 ingrederetur.
2400 5283 2505 5338 Sed
2597 5296 2826 5353 utroque
2883 5286 3112 5340 consilio
3148 5286 3477 5347 frustratus,

1924 5373 2235 5440 turpissime
2270 5374 2463 5441 pedem
2495 5379 2696 5439 retulit,
2728 5377 2873 5445 quod
2924 5378 3123 5431 milites
3141 5377 3373 5438 eminus,
3414 5392 3479 5429 ne

1921 5468 2125 5536 galeam
2155 5467 2374 5536 quidem
2434 5469 2685 5521 hostilem
2716 5469 2916 5523 intueri
2976 5470 3115 5532 ausi,
3165 5470 3328 5538 tergis
3379 5470 3477 5519 nh-

250 5580 359 5614 των
406 5562 507 5630 τὴν
554 5564 633 5623 είς
681 5561 738 5613 τὸ
780 5561 1137 5631 στρατόπεδον
1181 5562 1285 5613 τῶν
1331 5564 1602 5630 πολεμίων
1633 5563 1814 5631 ἄφιξιν
1846 5599 1893 5656 D
1921 5576 1942 5612 ι

1788 5582 1814 5615 ν
1846 5561 2098 5656 Dversis
2151 5561 2325 5615 eﬂuse
2382 5562 2684 5629 fugiebant,
2743 5564 2797 5615 in
2844 5577 2910 5615 eo
2962 5562 3224 5616 duntaxat
3269 5562 3479 5615 cis-teris

247 5654 317 5704 τὰ
355 5651 499 5704 κατὰ
525 5650 923 5722 Θεσσαλονίκην
953 5647 1092 5720 ἦσαν
1124 5651 1523 5721 ἑνωτιζόμενοι.
1558 5654 1734 5714 Μόνος
1768 5654 1811 5706 δ’

248 5743 358 5794 ἀπὸ
389 5744 608 5797 πάντων
637 5746 664 5797 ὁ
700 5744 945 5816 Χοῦμνος
982 5745 1251 5813 Θεόδωρος
1280 5746 1485 5816 ὑπέστη
1520 5745 1812 5814 ἐγγύτερον

1922 5648 2275 5719 popularibus
2306 5652 2420 5704 suis
2464 5653 2888 5719 praestantiorcs.
2931 5651 3075 5719 quod
3122 5666 3226 5703 non
3262 5664 3478 5717 semper

1923 5744 2100 5812 ignavi
2158 5744 2623 5807 dcscderant,sed
2657 5745 2857 5809 hostes,
2914 5760 3051 5813 quos
3108 5745 3479 5813 speculatores
