4284 6370
794 391 899 454 675

794 508 985 561 adesse
1044 508 1386 569 nuntiarant,
1414 520 1601 560 coram
1669 516 2016 576 aspexeram,
2047 515 2101 560 et
2132 522 2190 561 re
2239 509 2355 574 ipsa

797 601 1060 669 impetum
1088 614 1279 653 eorum
1320 611 1622 668 cognorant
1669 599 1836 668 Capta
1882 598 2281 653 Thessalonica
2312 608 2369 652 et

797 689 982 743 Siculo
1028 687 1274 743 exercitu
1308 688 1506 753 diviso,
1538 700 1597 743 ιιι
1646 690 1855 743 dictum
1922 699 2027 753 est,
2084 704 2247 758 quem
2273 689 2364 742 alii

797 779 949 846 prius
981 778 1152 830 instar
1177 774 1459 831 Chimaerae
1489 778 1868 846 eonjunctum.
1904 786 2017 830 tum
2052 784 2365 845 separatum

795 883 915 921 esse
950 867 1218 930 dicerent,
1269 865 1562 921 fortissima
1622 867 1742 933 ejus
1785 882 1912 936 pars
1964 876 2222 934 tanquam
2278 866 2368 920 leo

797 971 940 1012 recta
968 960 1032 1012 ad
1063 959 1254 1012 urbem
1284 960 1689 1027 itnperatricem
1730 954 2123 1017 contendebat.
2189 959 2366 1013 media

796 1051 1092 1103 Serranam
1145 1058 1199 1103 et
1257 1049 1762 1118 Amphipolitanum
1802 1064 1993 1118 agrum
2029 1050 2366 1119 pervagaba-

796 1152 916 1207 tur;
978 1153 1278 1211 pOstrema,
1312 1139 1506 1195 classis
1568 1140 1845 1206 videlicet,
1874 1156 1995 1209 qua:
2031 1140 2086 1192 in
2144 1142 2365 1194 modum

794 1233 1066 1301 serpentis
1096 1232 1149 1284 in
1181 1231 1340 1301 aquis
1400 1232 1659 1294 volvitur,
1726 1232 2033 1301 principem
2080 1230 2368 1285 Thessalo-

795 1337 914 1375 rum
938 1322 1131 1374 urbem
1163 1321 1532 1375 custodiebat.
1562 1322 1765 1376 Verum
1801 1322 2082 1383 Romanis,
2113 1321 2368 1389 quamvis

793 1412 1077 1481 conjuncti
1140 1410 1333 1466 iisdem
1361 1412 1623 1481 auspiciis
1675 1412 1994 1475 militarent,
2035 1425 2104 1464 ne
2133 1412 2211 1465 sic
2244 1412 2367 1480 qui-

792 1504 915 1557 dem
998 1518 1122 1557 cum
1154 1518 1263 1556 una
1299 1513 1453 1571 parte
1491 1504 1754 1556 dimicare
1805 1502 1974 1565 ausis,
2036 1502 2222 1557 hostes
2272 1503 2363 1572 qui

793 1593 1187 1663 MosynOpolim
1251 1600 1609 1661 occuparant,
1692 1606 1815 1645 cum
1878 1591 2087 1645 nullum
2152 1592 2363 1646 hostem

792 1682 1062 1747 viderent,
1092 1682 1308 1750 longius
1361 1680 1621 1751 progredi
1689 1690 2024 1736 statuerunt.
2131 1682 2364 1736 Romani

791 1789 924 1827 vero
976 1772 1138 1844 414
1173 1774 1443 1827 montium
1481 1772 1787 1827 verticibus
1822 1772 2048 1826 insessis
2084 1773 2138 1825 in
2188 1774 2364 1843 plani-

2046 392 2343 456 NICETrE
2377 396 2787 460 CHONIATE

3941 418 4049 483 676

2477 513 2799 583 προσελθεῖν
2848 516 2923 580 ὡς
2973 518 3269 588 ἐπαμυνῶν
3330 522 3819 579 Θεσσαλοντκενσιν
3863 529 3923 580 ἐν
3969 532 4051 598 τῷ

2481 604 2871 671 συμπλακῆναι
2901 610 3012 670 τοῖς
3045 609 3347 677 διειληφόσι
3378 630 3475 681 την
3519 616 3672 666 πόλιν
3701 620 4052 688 στρατεύμα-

2476 708 2583 753 σιν,
2624 693 2656 762 ἦ
2711 700 2803 748 καὶ
2858 699 3330 768 παρελευσόμενος
3371 704 3612 769 ἔσωθεν,
3654 712 3704 758 εί
3753 712 3846 761 καί
3890 712 4052 763 τοῦτο

2473 782 2643 853 ἐξείη.
2685 787 2844 839 Ἀλλά
2892 794 2987 842 καὶ
3030 792 3165 860 πρὸς
3200 793 3367 863 ἄμφω
3414 795 3732 866 διαμαρτὼν
3778 801 3875 852 τοῦ
3919 817 4050 855 axo-

2475 873 2579 926 ποῦ
2627 876 2922 945 αἰσχίστως
2959 881 3276 951 παλίμπους
3328 886 3599 954 ἐφέρετο·
3645 893 3693 942 οἱ
3740 891 3849 960 γὰρ
3904 892 4049 960 ἀμφ’

2472 965 2631 1018 αὐτὸν
2660 969 2794 1038 μηδέ
2826 972 3077 1039 μέτωπον
3118 976 3347 1045 κόρυθος
3390 980 3498 1031 τῶν
3539 983 3801 1034 ἐναντίων
3849 983 4047 1052 βλέψαι

2476 1057 2864 1125 ὑπενεγκόντες
2897 1064 2964 1116 τὰ
3001 1064 3145 1118 νῶτα
3181 1068 3477 1132 μετέϐαλον
3504 1074 3597 1124 καὶ
3625 1075 4047 1143 ἀμεταστρεπτὶ

2473 1146 2721 1213 ἔφευγον,
2772 1149 2831 1203 ἓν
2884 1152 3043 1206 τοῦτο
3098 1157 3250 1223 παρὰ
3304 1158 3432 1222 τοὺς
3473 1160 3695 1225 λοιποὺς
3740 1166 4050 1232 ὁμοφύλους

2472 1236 2874 1308 ἀνδρισάμενοι,
2904 1244 2964 1295 τὸ
2995 1246 3129 1312 γοῦν
3166 1250 3249 1301 ἀεὶ
3284 1251 3359 1320 μὴ
3390 1254 3782 1322 ἐφησυχάζειν,
3804 1257 3921 1308 ἀλλ’
3954 1257 4046 1316 οὓ,

2471 1327 2522 1377 οἱ
2555 1330 2822 1397 πευθῖγνες
2863 1334 3204 1402 ἀνήγγελλον
3236 1341 3423 1404 αὐτοῖς
3468 1345 3780 1411 πολεμίους,
3817 1346 4049 1406 τούτους

2472 1417 2695 1486 αὐτοψεὶ
2724 1423 2982 1487 κατιδεῖν,
3011 1427 3104 1479 καὶ
3125 1428 3305 1498 ἔργοις
3336 1433 3522 1498 αὐτοῖς
3552 1435 3866 1504 διδιχθῆναι
3894 1436 3957 1488 τδ
3985 1438 4045 1488 ἐν

2476 1507 2676 1597 μάχαις
2717 1510 3022 1582 ὀξύρῤοπον
3072 1517 3183 1569 τῶν
3244 1521 3481 1592 ἀνδρῶν.
3521 1524 3673 1578 Ἐπεὶ
3724 1526 3779 1578 δὲ
3822 1526 3968 1580 ἑάλω
4012 1530 4045 1597 ἡ

2471 1596 2669 1667 λογίμη
2725 1600 3093 1677 Θεσσαλονίκη
3148 1609 3240 1667 καὶ
3293 1612 3320 1662 ὁ
3368 1612 3767 1683 διαμερισμδ,,
3824 1615 3899 1679 ῶς
3954 1596 4046 1683 μοι

2472 1689 2689 1758 εἴρηται
2730 1693 2857 1763 ἤδη,
2902 1696 3095 1767 ξυνέϐη
3142 1702 3233 1753 τοῦ
3284 1703 3568 1758 Σικελικοῦ
3610 1709 4044 1778 στρατεύματος.

2470 1780 2625 1845 ἄλλος
2651 1783 2695 1836 δ’
2738 1781 2962 1840 ἂνλεῖπέ
3006 1807 3090 1853 τις
3137 1793 3212 1855 ὼς
3247 1797 3388 1850 κατά
3420 1799 3520 1869 τὴν
3554 1800 3790 1870 μυθικὴν
3839 1801 4047 1869 Χίμαι-

794 1866 924 1919 tiem
958 1863 1291 1918 descendere
1321 1873 1375 1917 et
1417 1863 1671 1918 hostibus
1703 1862 1783 1916 ire
1813 1863 2029 1916 obviam
2068 1879 2177 1918 non
2206 1865 2371 1920 aude-
2398 1882 2441 1934 ιι
2472 1889 2486 1939 ε

2350 1882 2441 1934 ’Β
2472 1887 2574 1939 ραν
2634 1876 3035 1946 συναπτόμενον
3092 1884 3357 1954 πρότερον
3422 1862 3486 1940 τό
3537 1862 3869 1955 άντίπαλον,
3916 1862 4042 1943 τότε

797 1958 948 2010 bant.
978 1957 1165 2025 Itaque
1225 1954 1422 2021 Siculi,
1459 1955 1594 2009 nihil
1655 1955 2025 2009 cunctandum
2085 1971 2207 2010 esse
2239 1957 2366 2021 rati,

795 2048 1004 2102 coactis
1050 2047 1105 2101 in
1133 2063 1303 2102 unum
1345 2046 1541 2117 copiis,
1571 2045 1782 2116 Cpolim
1817 2045 2109 2115 petendam
2134 2056 2189 2100 et
2205 2062 2369 2101 oceu-

796 2139 1028 2207 l:andam
1068 2154 1187 2193 esse
1226 2145 1578 2192 censuerunt.
1629 2134 1778 2189 Hanc
1814 2134 1979 2189 etiam
2028 2151 2181 2204 spem
2204 2134 2371 2191 Com-

798 2246 972 2285 nenns
1001 2231 1223 2284 Alexius
1260 2230 1341 2283 eis
1388 2228 1613 2292 fecerat,
1648 2226 1741 2297 qui
1783 2242 1907 2279 cum
1953 2242 2050 2281 eos
2092 2241 2162 2280 ne
2211 2226 2368 2280 ducis

796 2323 1018 2392 quidem
1058 2322 1179 2376 loco
1236 2324 1619 2385 comitaretur,
1672 2331 1854 2375 tamen
1906 2321 2063 2374 irrita
2121 2336 2217 2390 spe
2238 2338 2369 2375 con-

793 2423 952 2483 cepta
997 2415 1163 2468 homo
1210 2414 1588 2476 stultissimus,
1638 2428 1700 2467 ac
1750 2428 1819 2467 ne
1867 2412 2065 2467 ovibus
2142 2413 2367 2482 quidem

794 2505 1084 2575 pascendis
1117 2513 1296 2574 aptus,
1326 2503 1633 2558 Siculorum
1670 2519 1848 2573 regem
1875 2519 1974 2558 sua
2021 2518 2185 2559 causa
2219 2505 2371 2560 labo-

796 2611 912 2648 rare
958 2595 1220 2663 putabat;
1257 2609 1357 2648 nec
1404 2594 1586 2648 minus
1609 2595 1890 2664 supercilii
1920 2611 2031 2664 prae
2069 2611 2128 2650 se
2159 2596 2370 2651 ferebat

793 2702 963 2755 quam
998 2686 1042 2738 si
1072 2687 1186 2752 jam
1221 2686 1522 2755 imperator
1544 2686 1861 2754 designatus
1884 2686 2119 2757 insignia
2151 2687 2367 2756 imperii

791 2785 1051 2844 gestaret,
1099 2787 1155 2830 et
1189 2778 1331 2844 apud
1379 2776 1730 2845 peregrinum
1777 2776 2006 2831 militem
2043 2793 2101 2832 se
2134 2794 2164 2833 a
2189 2778 2372 2848 Cpoli-

794 2870 936 2922 tanis
956 2884 1065 2922 non
1103 2868 1284 2922 minus
1304 2882 1468 2937 quam
1520 2878 1771 2937 patruum
1819 2869 2163 2940 magnificum
2199 2869 2371 2939 impe-

794 2970 1033 3014 ratorem
1063 2960 1365 3013 lllanueletn
1397 2958 1703 3012 desiderari
1753 2968 1809 3013 et.
1845 2975 2000 3023 atque
2028 2975 2091 3014 ac
2118 2960 2369 3015 matutini

789 3052 923 3107 solis
1001 3052 1430 3121 iucundissimos
1536 3049 1720 3103 radios
1804 3053 2113 3121 exspectari
2185 3053 2371 3121 inepte

785 3147 1049 3214 jactabat.

2469 1960 2758 2031 διαιρεθὲν,
2786 1968 2846 2019 τὸ
2908 1971 3008 2037 μὲν
3040 1975 3331 2042 κράτιστον
3381 1979 3547 2032 αὐτοῦ
3600 1982 3701 2035 ὅσα
3756 1984 3850 2037 καὶ
3904 1983 4041 2035 λέων

2470 2054 2887 2122 προηγούμενον
2912 2059 3041 2111 εὐθὺ
3068 2063 3166 2132 τῆς
3195 2064 3467 2132 βασιλίδος
3495 2069 3604 2122 ῖετο
3642 2070 3872 2138 πόλεως,
3895 2072 3957 2126 τὸ
3984 2073 4041 2123 δε

2475 2142 2638 2209 μέσον
2662 2147 2732 2197 τὰ
2786 2150 2906 2201 κατ’
2943 2151 3273 2221 Ἀμφίπολιν
3328 2160 3419 2211 καὶ
3457 2161 3665 2232 Σέρῤας
3711 2165 4037 2231 ἐπενέμετο»

2471 2235 2532 2287 τὸ
2562 2236 2618 2289 δέ
2657 2237 2869 2306 λοιπὸν,
2902 2243 3025 2296 ὅσον
3070 2244 3312 2315 δηλονότι
3342 2252 3593 2305 ναυτικὸν
3644 2256 3739 2306 καὶ
3791 2256 3867 2315 ὡς
3918 2255 4041 2321 ὄφις

2474 2329 2772 2397 συρόμενον
2807 2334 2864 2384 ἐν
2893 2336 3004 2396 τοῖς
3033 2334 3239 2401 ὕδασιν,
3280 2340 3466 2409 ἐτήρει
3493 2341 3591 2412 τὴν
3622 2342 3705 2414 [Ρ.
3748 2345 3877 2416 205]
3913 2363 4045 2411 upo-

2470 2418 2842 2492 καθεζομένην
2892 2425 3045 2478 πόλιν
3071 2428 3181 2479 τῶν
3234 2430 3513 2487 Θετταλῶν
3546 2436 3655 2489 οὐδ’
3684 2435 3857 2500 οὕτως
3890 2439 4041 2501 ὖντίς

2470 2510 2811 2579 ὁμοθυμαδὸν
2862 2517 2904 2567 )l
2945 2516 3207 2588 Ῥωμαῖοι
3255 2526 3347 2574 καὶ
3377 2524 3668 2594 βάλλοντες
3727 2528 3787 2581 ἓν
3836 2547 4040 2601 στρατ-

2476 2604 2631 2670 ήγιον
2658 2606 2738 2659 ἐνί
2770 2625 2875 2661 τινι
2917 2609 3047 2678 γοῦν
3070 2614 3453 2687 συμπλακῆναι
3481 2619 3874 2691 άπεθάρῤησαν
3901 2639 3966 2686 τμ
3985 2627 4041 2692 ἡ·

2474 2713 2636 2765 ματι’
2672 2700 2786 2752 ἀλλ’
2836 2702 2887 2753 οἱ
2941 2703 3040 2772 μὲν
3088 2707 3477 2777 κατειληφότες
3523 2713 3620 2781 τὴν
3667 2714 4042 2769 Μοσυνόπολ.ἰ

2473 2788 2723 2859 πολέμιοι
2768 2793 2863 2844 καὶ
2918 2797 3047 2863 περὶ
3080 2797 3181 2863 τῆς
3224 2803 3555 2871 προσωτέρω
3605 2808 3833 2874 πορείας
3885 2809 4046 2861 ἐσκέ-

2474 2896 2688 2945 πτοντο,
2724 2883 2990 2953 μηδαμῶς
3043 2888 3267 2957 ὁπλίτην
3310 2891 3579 2960 Ῥωμαῖον
3636 2897 4041 2967 ἐνοπτρισάμε-

2473 2972 2574 3033 νοὶ,
2623 2972 2884 3041 Ῥωμαῖοι
2937 2976 2993 3028 δὲ
3036 2979 3133 3041 τὰς
3163 2982 3269 3033 τιῐιν
3314 2984 3489 3036 ἐκεῖσε
3523 2990 4037 3055 προκαταλαϐόντες

2471 3063 2642 3133 ὀρέων
2682 3065 2912 3134 λαγόνας
2973 3071 3052 3132 είς
3099 3073 3159 3123 τὸ
3205 3073 3385 3127 πεδίον
3436 3079 3536 3129 οὐκ
3585 3076 3729 3149 εἶχον
3770 3084 4044 3136 ὑποκατα-

2477 3155 2638 3223 ϐἧναι
2673 3161 2768 3209 καὶ
2801 3158 3055 3221 δέξασθαι
3081 3160 3141 3213 τὸ
3183 3164 3334 3217 ἐπιὸν
3357 3167 3641 3235 δυσμενές.
3675 3171 3840 3225 Ὅθεν
3868 3176 4041 3242 ἐγνὼ·ι

790 3255 955 3291 κεσαν
1002 3237 1189 3290 ιταλοὶ
1224 3238 1416 3308 μηκέτι
1446 3240 1796 3300 ἀναδύεσθαι,
1832 3240 1945 3292 ἀλλ’
1972 3240 2106 3309 ἐμοῦ
2178 3248 2606 3316 σος-πειραθῆναι
2670 3253 2763 3303 καὶ
2814 3253 2950 3324 πρὸς
3013 3254 3070 3306 ἓν
3111 3256 3431 3327 κατάντημα
3499 3262 3595 3332 τὴν
3630 3237 4041 3320 Κωνσταντίνω

789 3326 1105 3378 καλλίπολιν
1162 3326 1487 3396 ἐπειχθῆναι
1542 3329 1635 3379 καὶ
1686 3329 1913 3395 ταυτηνὶ
1969 3327 2362 3399 χειρώσασθαι.
2403 3332 2558 3387 υῦτω
2620 3339 2726 3406 γὰρ
2760 3340 2965 3403 αὐτοὺς
3027 3344 3231 3412 ἐπῆρεν
3273 3349 3299 3397 ό
3347 3349 3412 3399 ἐκ
3447 3326 3748 3420 Κομνηνῶν
3779 3353 4038 3421 Ἀλέξιες,

786 3415 846 3476 ὃς
880 3430 1028 3483 σφισι
1057 3414 1234 3465 συνὼν
1268 3414 1364 3466 καὶ
1395 3414 1519 3484 μηδ’
1549 3417 1606 3468 ὲν
1634 3416 1796 3485 μέρει
1836 3416 2165 3485 ταττόμενος
2230 3423 2564 3489 στρατηγοῦ,

2649 3426 2818 3491 ὅμως,
2890 3429 2925 3482 ἃ.
2974 3430 3298 3500 τελεσθῆναι
3342 3434 3442 3486 οὐκ
3491 3436 3717 3505 ἔμελλον
3773 3444 4038 3509 φανταζο-

791 3518 975 3570 μενος,
1024 3501 1161 3571 ᾣετο
1214 3504 1241 3554 ό
1296 3505 1625 3566 ἁνοὺστατος
1691 3504 1789 3556 καὶ
1855 3505 1989 3574 μηδὲ
2047 3503 2359 3575 προϐατίων
2397 3509 2587 3577 ἄρξειν
2663 3511 2812 3577 ἄξιος
2866 3517 3005 3585 ὑπὲρ
3057 3519 3270 3571 ἐκείνου
3314 3501 3687 3577 διαπονεῖσθαι
3754 3501 3846 3579 τδν
3886 3501 4035 3598 ῥῆγα

787 3589 896 3683 ιῶν
938 3589 1197 3683 Σικελῶν,
1233 3590 1326 3641 καὶ
1483 3590 1581 3661 ἢδη
1614 3593 1671 3683 ἐν
1699 3590 1781 3683 τῷ
1821 3590 2088 3683 βασιλικῷ
2116 3594 2375 3683 σχήματι
2399 3601 2673 3683 καταστάς
2702 3602 2795 3653 καὶ
2828 3604 3315 3674 άργαιρεσιασθεὶς
3379 3609 3739 3683 αὐτοκράτωρ
3776 3615 3805 3666 ό
3871 3589 4039 3669 hisii-

786 3676 939 3766 τίδης
966 3675 1263 3766 ῶςρρύωτο,
1304 3676 1532 3766 φάσκων
1566 3677 1659 3728 καὶ
1694 3676 2098 3766 διατεινόμενος
2156 3680 2392 3766 πρὸςτὸ
2429 3682 2725 3753 ἀλλόθρουν
2777 3690 3095 3759 στράτευμα
3137 3694 3210 3760 μὴ
3273 3692 3338 3744 ἂν
3367 3675 3766 3766 ὑποϐεδηκέναι
3790 3702 3881 3753 τὸν
3911 3704 4039 3756 ἐάν.-

787 3763 880 3859 τού
912 3761 1085 3857 πόθον
1128 3762 1278 3859 παρὰ
1312 3763 1424 3859 τοῖς
1465 3762 1887 3859 Ιςωνστμντίνου
1921 3764 2170 3859 πολίταις
2227 3765 2363 3832 πρὸς
2401 3772 2458 3822 to
2494 3772 2781 3840 μεγαλεῖον
2822 3774 2914 3826 τοῦ
2965 3774 3232 3845 βασιλέως
3265 3780 3360 3831 καὶ
3428 3783 3565 3851 πρὸς
3593 3761 3604 3766 ⁷
3640 3787 3843 3854 πατρὸς
3890 3791 4040 3859 αὺτῴ

792 3849 936 3900 θείου
996 3848 1089 3900 τοῦ
1141 3848 1428 3919 Μανουὴλ,
1482 3849 1597 3929 ἀλλ’
1631 3848 1804 3914 οὕτως
1860 3852 2115 3923 ἡγεῖσθαι
2174 3859 2323 3922 παρᾶ
2371 3858 2663 3927 Ῥωμαίοις
2742 3862 3009 3925 ἀσπάσιος
3088 3865 3188 3916 ὅσι
3263 3868 3357 3921 καὶ
3391 3848 3713 3942 ἡμεροφαὴς
3736 3848 3909 3943 ἣλιος,
3946 3848 4041 3932 καί

793 3934 930 3985 κατὰ
955 3933 1052 4003 τὴν
1075 3935 1236 4002 ἀέρος
1265 3934 1430 4003 ὁλκὴν
1462 3937 1843 4008 ἀπαραίτητον
1864 3938 2150 4006 κρίνεσθαι
2174 3944 2354 3995 καλόν.
2398 3946 2507 4000 Καὶ
2536 3948 2707 4000 ταῦτα
2741 3947 2840 4017 μὲν
2867 3947 3061 4012 οὕτως.

860 4020 914 4074 2.
954 4020 1302 4075 Andronicus
1336 4038 1470 4077 vero
1503 4023 1620 4093 ipse
1654 4024 1855 4079 moenia
1881 4024 2036 4080 urbis
2059 4025 2360 4093 circumiit;
2390 4051 2435 4108 ρ
2539 4036 2552 4104 ι

2134 4027 2360 4093 'cumiit;
2390 4051 2435 4108 ρ
2539 4035 2604 4104 β’.
2654 4037 2824 4100 Αὐτὸς
2856 4037 2913 4090 δὲ
2973 4038 3334 4109 ’Δνδρόνικο·,
3373 4043 3442 4095 τά
3483 4046 3578 4115 τῆς
3623 4049 3826 4114 πόλεως

791 4122 846 4165 et
875 4112 918 4165 si
954 4112 1085 4180 quid
1123 4121 1397 4168 vetustate
1420 4116 1708 4168 ruinosum
1743 4123 1883 4181 erat,
1922 4115 1974 4168 id
2005 4115 2271 4170 suﬁ'ulciri
2308 4127 2366 4171 et

794 4204 1088 4257 instaurari
1118 4206 1302 4273 jussit.
1345 4206 1455 4258 Nec
1502 4221 1676 4270 mora,
1701 4207 1867 4276 jussis
1895 4204 2061 4276 415
2113 4208 2364 4263 alacriter

789 4296 1237 4363 obtemperatur;
1272 4296 1506 4350 aediﬁcia
1547 4298 1890 4352 extrinsecus
1922 4296 2198 4351 moenibus
2232 4313 2364 4353 con-

793 4387 964 4454 tigna,
996 4401 1118 4454 quas
1146 4386 1361 4440 facilem
1392 4388 1446 4440 in
1474 4389 1669 4443 urbem
1696 4404 1983 4443 ascensum
2021 4392 2363 4461 prasbebant,

789 4479 1112 4539 dirunntur;
1133 4494 1305 4533 naves
1327 4479 1501 4549 longae
1524 4482 1747 4537 circiter
1769 4491 1993 4537 centum
2017 4486 2069 4537 in
2092 4485 2371 4541 littoribus

790 4571 1076 4633 lluctuant,
1115 4576 1180 4625 ad
1231 4573 1616 4641 navigandum,
1663 4574 1708 4628 si
1732 4589 1871 4643 opus
1920 4586 2090 4640 esset,
2122 4587 2177 4629 et
2207 4591 2367 4644 opem

791 4662 1024 4715 urbibus
1058 4678 1195 4731 quas
1229 4663 1417 4717 Sicula
1451 4664 1645 4718 classis
1675 4666 1962 4721 infestaret
1994 4676 2049 4721 et
2078 4668 2212 4738 ipsis
2234 4670 2373 4724 civi-

792 4756 1201 4808 busl‘erendam
1259 4765 1456 4823 paratae
1486 4757 1633 4827 (nam
1671 4757 1727 4810 hi
1783 4775 2002 4829 quoque
2052 4760 2226 4815 hostis
2274 4763 2370 4815 ad—

790 4857 1013 4899 ventum
1061 4848 1347 4899 innninerc
1403 4849 1707 4918 putabant),
1749 4860 1805 4904 et
1839 4851 1906 4904 ad
1965 4853 2238 4905 marinum
2293 4854 2369 4905 si-

791 4954 942 4999 num,
981 4938 1073 5007 qui
1104 4939 1344 4994 ﬂuminis
1374 4942 1545 4994 instar
1572 4941 1960 4997 Blacherniunt
1996 4943 2151 4999 littus
2182 4944 2361 5009 alluit,

791 5043 888 5095 per
939 5037 1153 5096 tempus
1199 5029 1601 5097 occupandum.
1670 5031 1949 5085 Hactenus
2000 5031 2079 5085 rei
2131 5032 2361 5101 publica:

790 5130 982 5172 navata
1012 5135 1179 5188 opera
1217 5120 1450 5188 quievit,
1480 5121 1635 5188 quasi
1659 5122 1769 5191 jam
1804 5121 2020 5176 abunde
2064 5123 2131 5175 ad
2168 5123 2358 5177 delen-

785 5209 995 5262 sionem
1026 5220 1081 5262 et
1114 5210 1355 5263 hostium
1390 5212 1822 5279 proﬂigationetn
1872 5221 2114 5280 paratus.
2158 5212 2357 5267 Audita

790 5318 920 5355 vero
948 5302 1350 5359 Thessalonicae
1398 5308 1802 5375 expugnatione
1857 5307 2077 5362 Davidis
2114 5310 2358 5362 custodis

789 5395 912 5463 ejus
945 5395 1098 5449 urbis
1136 5397 1475 5464 pr0pinquos
1505 5398 1557 5450 in
1586 5413 1863 5450 carcerein
1895 5399 2139 5466 conjicit,
2164 5415 2229 5453 ac
2258 5416 2357 5467 pro

789 5486 1053 5539 concione
1088 5501 1272 5541 casum
1300 5489 1456 5542 illum
1482 5499 1741 5542 extenuat
1772 5510 1785 5543 ι
1835 5490 1970 5541 nihil
2017 5492 2194 5559 magni
2232 5507 2356 5557 ges-

786 5577 920 5631 sisse
956 5578 1191 5643 Siculos,
1225 5595 1405 5649 neque
1443 5597 1589 5635 nunc
1620 5583 1883 5649 primum,
1917 5584 2011 5637 sed
2058 5599 2200 5654 saepe
2221 5584 2357 5636 alias

789 5686 1073 5740 progressu
1118 5675 1380 5741 temporis
1416 5674 1579 5727 urbes
1617 5691 1736 5729 esse.
1783 5686 2152 5744 expugnatas,
2178 5684 2234 5729 et
2268 5677 2353 5728 vi-

789 5765 974 5818 cmriee
1025 5766 1453 5823 vicissitudinem
1514 5782 1654 5825 esse.
1712 5768 1817 5822 Sed
1873 5785 1996 5823 cum
2051 5772 2185 5822 alias
2233 5770 2353 5823 aliis

3884 4070 3942 4106 τε
3952 4056 4033 4106 {vn

2539 4075 2604 4104 Γ.
2654 4075 2822 4100 ..ν-νε,
2857 4075 2913 4090 νυ
2986 4075 3281 4109 ιιννγννυιν
3319 4075 3334 4105 ,-
3382 4075 3442 4095 ιιι
3483 4075 3575 4115 -ιιλς
3623 4075 3827 4114 nonem;
3884 4075 4036 4124 τείχη

2470 4125 2792 4195 περιελθὼν,
2841 4126 2895 4178 εἴ
2918 4144 2970 4180 τι
3005 4129 3179 4198 χρόνῳ
3218 4132 3546 4201 ὑπέσκαζεν,
3579 4139 4038 4207 ἐπισκευάζεσθαι

2470 4216 2627 4269 τοῦτο
2661 4219 3069 4288 προσετετάχει.
3112 4221 3224 4273 Καὶ
3252 4218 3319 4291 ἦν
3350 4223 3511 4293 ἔργον
3541 4228 3700 4291 εὐθὺς
3730 4232 3789 4283 τὸ
3810 4236 4037 4288 ἐπιτατ-

2468 4306 2719 4374 τόμενον.
2741 4310 3154 4377 Κατηρείποντο
3176 4313 3232 4366 δὲ
3267 4315 3359 4366 καὶ
3388 4315 3499 4369 τῶν
3525 4320 3845 4388 οἰκημάτων
3862 4328 4035 4379 ὁπόσα

2471 4401 2586 4459 τοῖς
2614 4402 2850 4469 τείχεσιν
2881 4400 3206 4471 ἐπικείμενα
3236 4406 3464 4472 εύέφοδσ
3497 4409 3669 4464 ἐποίει
3712 4415 3780 4466 τά
3809 4416 4035 4477 ἔσωθεν,

2466 4488 2561 4540 καὶ
2599 4490 2725 4557 νῆες
2764 4492 2975 4559 μακραὶ
3024 4494 3150 4559 περὶ
3188 4498 3286 4556 τὰς
3348 4498 3541 4550 ἔκατδν
3588 4502 3845 4557 ἐσάλευον
3895 4525 4035 4560 κατα

2462 4580 2565 4641 τὰς
2614 4580 2817 4645 ἀκτάς,
2866 4584 3267 4652 ήτοιμασμέναι
3323 4590 3461 4657 πρὸς
3510 4590 3788 4660 ἐκπλοιαν,
3836 4598 4034 4667 δεῆσαν

2464 4672 2930 4742 ἐπιδοηθήσουσαι
2959 4676 3146 4728 πόλεσι
3184 4678 3369 4741 κακῶς
3396 4679 3775 4751 διακειμέναις
3805 4690 3910 4741 ὑπὸ
3940 4695 4032 4744 τοῦ

2468 4762 2658 4815 στόλου
2690 4764 2798 4815 τῶν
2824 4764 3081 4827 Σικελῶν,
3115 4769 3211 4820 καὶ
3242 4772 3352 4832 τοῖς
3381 4772 3765 4837 ἀστυπολίταις
3802 4781 4029 4851 ἀρήξω-

2467 4868 2560 4902 σαι
2610 4854 2740 4919 (καὶ
2768 4849 2913 4907 οὗτοι
2960 4856 3069 4923 γὰρ
3101 4859 3389 4927 ἐπιστῆναι
3439 4861 3608 4931 ᾤοντο
3660 4869 3855 4920 αὑτίκχ
3898 4849 4031 4933 τοὺς

2476 4946 2825 5015 πολεμίους),
2853 4950 2945 5001 καὶ
2968 4949 3364 5021 διαληψόμεναι
3404 4957 3544 5009 κατά
3566 4959 3757 5025 καιρδν
3785 4962 3877 5011 τὸν
3910 4964 4030 5014 ἐσέ-

2466 5039 2925 5105 χονταθαλάττιον
2945 5042 3145 5095 κόλπον
3172 5047 3265 5097 καὶ
3283 5049 3549 5116 ποταμίου
3570 5049 3725 5118 δίκην
3747 5053 3909 5107 ἁλκου
3932 5060 4031 5124 τὴν

2466 5131 2523 5178 ἐν
2542 5129 2869 5201 Βλαχέρναις
2894 5133 3048 5201 ἠϊόνα
3080 5135 3350 5203 ραίνοντα.
3387 5139 3497 5189 Καὶ
3525 5138 3623 5202 τάς
3648 5145 3745 5211 μὲν
3765 5150 3948 5208 κοινᾶς
3971 5152 4028 5209 ἐς

2468 5220 2681 5272 τοσόνδε
2704 5221 3023 5291 διαθέμενος
3054 5227 3341 5294 φροντίδας
3366 5231 3652 5296 ἀνέπεσεν,
3694 5234 3770 5297 ὡς
3795 5238 4030 5305 ἀρκούνο

2468 5329 2571 5373 τως
2603 5313 2700 5383 ἤδη
2728 5314 2822 5366 καὶ
2854 5318 3136 5387 ἀραρότως
3170 5321 3237 5371 τὰ
3267 5322 3401 5390 πρὸς
3435 5323 3799 5395 άντιμάχησιν
3828 5328 4033 5398 διακή-

2468 5420 2566 5465 cat;
2617 5405 2711 5456 καὶ
2740 5411 3187 5477 καταπολέμησιν
3228 5414 3336 5463 τῶν
3368 5417 3479 5477 τοῖς
3522 5417 3815 5487 Ῥωμαίοις
3849 5422 4034 5473 ἐπιόν-

2465 5512 2571 5546 των
2600 5496 2811 5565 ἐχθρῶν
2838 5513 2850 5525 ³
2893 5499 3147 5569 ἀκηκοὼς
3192 5503 3250 5555 δέ
3281 5504 3486 5558 ἁλῶναι
3518 5507 3923 5581 Θεσσαλονίκην
3950 5519 4032 5573 εἰς

2466 5591 2786 5641 κακοποιίαν
2814 5592 3076 5664 τρέπεται
3114 5596 3223 5647 τῶν
3255 5600 3573 5667 προσγενῶν
3607 5603 3792 5667 Δαειδ,
3822 5603 3883 5654 ὃν
3923 5623 3993 5669 φυ
4013 5639 4028 5647 -

2464 5678 2605 5731 λακα
2632 5681 2729 5749 τῆς
2760 5681 2969 5745 πόλεως
3014 5684 3215 5757 ταύτης
3260 5689 3320 5739 τὸ
3369 5690 3550 5757 λέγειν
3580 5692 3681 5762 ἤδη
3722 5694 3989 5764 δεδήλωκε
4018 5737 4029 5753 .

2464 5773 2555 5824 καὶ
2592 5774 2868 5830 συλλαϐὼν
2916 5779 3139 5841 τούτους
3190 5782 3576 5851 καθείργνυσιν
3631 5787 3686 5837 ἐν
3740 5792 4031 5856 φρουροῖς.
