4284 6370
264 410 370 470 713

1248 394 1346 454 DE
1389 385 1832 451 ANDRONICO
1873 384 2234 447 COMNENO
2279 383 2424 443 LIB.
2471 384 2556 443 Il.

3400 370 3508 432 7H

265 524 357 575 τον
383 519 504 572 δλον
532 512 786 583 νοσηλεία
827 508 1056 578 παντοίᾳ
1085 506 1178 558 τοῦ
1215 505 1466 572 σώματος
1499 503 1838 569 διαρκέσειεν
1873 505 1913 562 Α
1945 515 1957 552 ι

1818 517 1838 550 ν
1873 505 1913 562 Α
1945 495 2288 552 dissimulato
2333 491 2418 545 vel
2481 489 2638 559 plane
2695 501 2803 540 non
2851 485 3108 556 cogitato.
3190 483 3510 552 Quanquam

265 616 334 666 ἂν
366 605 778 679 προσπαλαίων,
815 601 891 670 τῷ
914 598 1180 669 ῥωμαλέῳ
1220 595 1493 655 πεποιθὼς
1523 591 1618 644 τοῦ
1656 590 1843 661 σώμα-

267 720 384 764 τος,
423 702 517 754 καὶ
554 694 982 765 φανταζόμενος,
1028 689 1101 750 ὡς
1136 689 1330 747 ἔοικεν,
1359 685 1432 748 ὡς
1471 683 1696 753 μαλακῷ
1748 681 1844 733 θα-

268 794 418 862 νάτῳ
468 789 774 857 δαμήσεται
837 785 932 836 καὶ
989 776 1254 847 εἰρηνικῷ
1301 777 1444 829 τέλει
1503 773 1846 842 συμπερανεῖ

266 885 368 953 τὴν
402 880 566 948 ζωὴν,
585 881 684 943 τὴν
703 875 744 928 δ’
768 872 1018 926 ἐναντίαν
1048 867 1307 937 τελευτὴν
1328 869 1359 936 ἢ
1395 866 1537 919 ἑκὼν
1564 865 1846 932 ἀποπροσ-

289 970 619 1038 ποιούμενος
655 968 688 1036 ἢ
726 969 800 1034 μὴ
827 962 970 1015 κατὰ
999 960 1122 1013 νοῦν
1147 960 1280 1021 ὅλως
1313 958 1656 1028 βαλλόμενος.
1712 955 1847 1007 Kal-

265 1081 350 1117 τοι
389 1063 544 1128 λόγος
598 1055 873 1128 διαρρέων
933 1054 1029 1105 καὶ
1065 1053 1124 1114 ἐς
1159 1051 1305 1119 ἡμᾶς
1338 1049 1510 1110 ἵκετο,
1560 1047 1632 1108 ὡς
1665 1046 1846 1097 ἵππων

267 1154 546 1221 ἀγομένης
583 1148 814 1217 ἁμίλλης
855 1143 1101 1204 ἐκτείνας
1144 1142 1242 1210 τὴν
1277 1141 1439 1210 χεῖρα
1508 1137 1846 1208 Ἀνδρόνικος

266 1244 518 1313 δακτύλῳ
550 1239 798 1304 ὑπέδειξε
832 1237 909 1308 τῷ
933 1235 1208 1302 ἑξαδιίλφῳ
1231 1235 1326 1285 καὶ
1352 1231 1563 1301 βασιλεῖ
1586 1227 1847 1297 Μανουὴλ

264 1337 394 1396 τοὺς
430 1334 612 1393 κίονας
657 1327 732 1384 ὧν
778 1330 940 1389 αὐτὸς
998 1326 1164 1396 μέσον
1207 1325 1532 1393 ἀνήρτηται,
1575 1319 1748 1372 εἰπὼν
1771 1319 1846 1381 ὠς

267 1425 451 1474 ἐκεῖσε
493 1420 675 1490 μέλλει
725 1419 858 1471 ποτὲ
917 1416 1169 1486 βασιλεὺς
1208 1413 1500 1482 Ῥωμαίων
1555 1413 1847 1479 ἁπαιωρη-

266 1512 432 1577 θῆναι
469 1510 656 1572 κακῶς
685 1507 874 1560 παθὼν
909 1507 1013 1559 ὑπὸ
1056 1505 1149 1558 τοῦ
1188 1506 1286 1572 τῆς
1316 1503 1595 1562 πολιτείας
1624 1501 1848 1570 πληρώ-

271 1619 441 1669 ματος
479 1616 491 1629 ·
526 1599 617 1653 τὸν
645 1598 701 1649 δὲ
738 1598 874 1667 πρὸς
903 1597 998 1666 τὴν
1038 1596 1380 1666 Ἀνδρονίκου
1415 1596 1672 1666 διήγησιν
1710 1593 1846 1645 ἀπο·

265 1692 557 1762 κρίνασθαι
585 1705 600 1720 ·
635 1689 774 1741 Ἀλλ’
799 1691 957 1751 αὐτὸς
987 1689 1123 1752 τέως
1150 1689 1247 1740 οὑκ
1276 1684 1692 1740 ἐσεῖταιότοῦτο
1724 1701 1845 1737 πει-

269 1786 519 1850 σόμενος.
561 1781 670 1833 Kal.
707 1779 916 1833 τοιοῦτο
950 1780 1046 1849 μὲν
1078 1779 1230 1840 τέλος
1263 1778 1495 1830 Θανάτου
1549 1777 1845 1845 κατείληφε

1945 589 2258 656 accepimus
2313 597 2442 638 eum
2481 579 2627 634 ludis
2675 578 3019 645 circensibus
3081 584 3305 630 extensa
3347 589 3515 628 manu

1946 676 2266 746 imperatori
2323 671 2557 728 Manueli
2595 668 2830 738 patrueli
2860 668 3025 739 460
3057 682 3158 721 suo
3203 665 3342 720 duas
3392 665 3516 718 illas

1943 768 2250 828 columnas,
2284 765 2425 816 intra
2483 776 2622 831 quas
2652 774 2958 828 suspensus
2994 768 3102 824 est,
3150 759 3324 828 digito
3351 772 3514 810 mon-

1944 869 2171 918 strasse,
2198 869 2262 908 ac
2307 853 2511 906 dixisse
2542 852 2663 906 fore
2697 861 2756 905 ut
2793 850 3092 918 aliquando
3132 849 3514 904 Romanorum

1945 951 2264 1017 imperator,
2302 945 2470 998 multa
2501 945 2654 1011 prius
2693 959 2721 997 a
2767 943 2970 1013 populo
3028 956 3340 1011 perpessus,
3374 943 3519 996 intra

1945 1054 2040 1094 eas
2075 1037 2528 1107 suspenderetur.
2558 1035 2716 1088 Illum
2756 1051 2888 1090 vero
2935 1035 3286 1103 respondisse
3332 1035 3383 1086 id
3411 1031 3516 1088 sibi

1947 1149 2055 1188 non
2115 1140 2516 1186 usuventurum
2575 1143 2720 1183 esse.
2761 1128 2836 1182 Ac
2896 1130 3020 1182 talis
3053 1127 3176 1182 vita:
3204 1125 3384 1180 exitus
3415 1140 3520 1194 op-

1947 1225 2146 1294 pressit
2183 1222 2560 1278 Andronicum
2616 1220 2801 1274 subito
2856 1219 3176 1293 destitutum
3211 1231 3268 1274 et
3296 1218 3442 1272 velut
3490 1233 3522 1270 ο

1948 1329 2144 1369 somno
2175 1321 2578 1383 experrectum,
2617 1313 2853 1381 imagine
2874 1313 2994 1380 ejus
3035 1310 3089 1363 in
3129 1311 3240 1378 ipsa
3279 1309 3412 1370 urbe
3451 1308 3518 1362 ad

1949 1406 2184 1460 nihilum
2218 1404 2460 1466 redacta,
2519 1405 2631 1456 sive
2667 1404 2790 1471 quis
2825 1403 3017 1455 faciem
3076 1403 3198 1469 ejus
3235 1402 3520 1470 intelligat,

1949 1502 2064 1554 sive
2099 1510 2310 1553 statuas
2341 1507 2396 1550 et
2454 1498 2703 1566 picturas
2741 1498 2792 1549 in
2856 1495 3058 1548 tabulis
3099 1504 3155 1548 et
3190 1494 3520 1563 parietibus.

1946 1592 2081 1646 Nam
2109 1605 2203 1644 eas
2227 1590 2662 1659 quoque,vulgus
2695 1588 2954 1656 perdidit,
2981 1586 3266 1656 dissipavit
3293 1595 3349 1640 et
3376 1601 3494 1640 com
3513 1619 3527 1629 -

1948 1682 2171 1745 minuit,
2208 1695 2316 1734 non
2350 1696 2507 1736 secus
2533 1695 2597 1734 ac
2622 1680 2752 1733 olim
2781 1679 2951 1732 Moses
2977 1678 3173 1731 bovem
3219 1678 3371 1731 illum
3426 1695 3524 1746 per

1948 1772 2269 1827 ebrietatem
2302 1773 2596 1826 conﬂatum
2615 1772 2896 1825 contrivit.
2927 1771 3059 1824 Post
3089 1771 3206 1824 dies
3236 1770 3440 1839 aliquot
3459 1785 3528 1824 ex

264 1871 359 1922 τὸν
426 1869 780 1939 Ἀνδρόνικον,
831 1868 1063 1932 ἐξάπινα
1115 1871 1194 1927 εἰς
1235 1867 1519 1934 ἐρήμωσιν
1568 1866 1699 1916 ὼσεί
1746 1858 1956 1919 καὶΒε

1831 1881 1840 1915 ι
1867 1858 1916 1916 Β
1943 1865 2055 1920 alto
2086 1867 2179 1919 illo
2198 1865 2497 1918 miserabili
2518 1864 2821 1928 detractus,
2858 1869 2910 1914 et
2943 1863 2998 1915 in
3035 1863 3232 1916 theatri
3255 1861 3523 1915 fornich

267 1960 520 2013 ἐνύπνιον
598 1960 1016 2029 ἑξεγειρομένου
1096 1960 1482 2026 γεγενημένον,
1542 1957 1636 2008 καὶ
1675 1959 1733 2009 έν
1783 1957 1849 2024 τῇ

265 2054 424 2105 πόλει
447 2053 544 2122 τὴν
575 2053 784 2104 οἰκείαν
811 2049 1249 2117 ἱξουθενωμένον
1272 2050 1480 2111 εἰκόνα,
1504 2049 1614 2100 εῐτε
1644 2048 1735 2100 τὸν
1757 2047 1848 2099 τοῦ

267 2143 563 2212 προσώπου
605 2141 928 2209 χαρακτῆρα
963 2138 1206 2207 βούλοιτό
1245 2155 1330 2198 τις
1368 2137 1511 2189 οὕτω
1538 2139 1701 2201 νοεῖν,
1736 2137 1846 2188 εἴτε

265 2237 336 2287 τὰ
367 2236 462 2285 ἐπὶ
489 2233 595 2286 τῶν
620 2233 818 2301 τοίχων
854 2231 948 2282 καὶ
983 2231 1210 2284 σανίδων
1242 2230 1577 2298 εἰκάσματα,
1608 2230 1728 2282 ἐπεὶ
1757 2230 1849 2282 καὶ

264 2325 441 2378 ταῦτα
487 2327 515 2377 ό
547 2324 713 2384 πολὺς
776 2322 1180 2390 κατηχρειώκει
1221 2319 1354 2381 λεὼς
1389 2322 1482 2373 καὶ
1512 2321 1848 2374 διεσκεδάκει

267 2415 406 2482 πρὸς
458 2413 562 2482 γῆν
618 2413 710 2464 καί⁵
769 2413 1059 2463 ὲλέπτυνεν
1111 2409 1186 2472 ὡς
1235 2410 1418 2461 οὑδόἰ
1469 2411 1600 2479 περὶ
1642 2411 1848 2464 Μωσέα

267 2507 535 2573 πρότερον
576 2503 957 2572 ἔφορισθέντες
991 2503 1051 2554 τὸ
1082 2502 1349 2571 χωνευθὲν
1407 2504 1464 2553 ἐν
1526 2502 1667 2571 μέθῃ
1717 2519 1849 2554 ταυ-

270 2601 561 2668 ρόκρανον.
601 2597 734 2650 Μεθ’
775 2597 984 2664 ἡμέρας
1037 2596 1093 2647 δέ
1140 2613 1291 2657 τινας
1344 2594 1692 2662 καθαιρεθεὶς
1749 2595 1846 2646 τοῦ

266 2689 621 2757 οἰκτροτάτου
683 2686 894 2739 ἐκείνου
944 2685 1238 2755 ὑψώματος
1310 2685 1410 2736 ὅσα
1471 2686 1566 2736 καὶ
1643 2685 1845 2753 πτῶμα

267 2778 583 2846 θρέμματος
616 2781 672 2830 ἐν
695 2781 792 2846 μιᾷ
822 2778 927 2828 τῶν
963 2780 1060 2845 τῆς
1105 2762 1468 2846 ἱπποδρομίας
1492 2775 1696 2844 ἀψίδων
1735 2792 1841 2826 πα-

1947 1958 2238 2027 quemdam
2267 1967 2324 2010 ut
2356 1956 2529 2010 bestia
2559 1957 2854 2025 projectus,
2885 1955 3057 2025 jacuit
3091 1955 3269 2010 donec
3299 1955 3527 2024 quidam

1950 2051 2291 2104 humanitate
2348 2049 2593 2114 adducti,
2630 2049 2841 2103 necirae
2875 2049 3105 2102 nimium
3156 2047 3525 2119 indulgentes,

1952 2144 2190 2197 cadaver
2208 2143 2328 2210 ejus
2360 2142 2487 2194 inde
2520 2140 2794 2194 sublatum
2821 2141 2974 2210 juxta
3018 2140 3220 2208 Ephori
3254 2148 3530 2194 monaste-

1946 2234 2114 2296 rium,
2133 2234 2279 2300 quod
2299 2230 2363 2284 ad
2384 2230 2724 2299 Zeuxippum
2747 2239 2852 2291 est,
2874 2231 2926 2281 in
2942 2228 3178 2296 quodam
3199 2227 3388 2282 intimo
3405 2229 3530 2282 loco

1953 2331 2260 2389 posuerunt
2287 2340 2301 2384 ;
2338 2321 2503 2390 idque
2533 2335 2792 2389 compage
2822 2319 3068 2373 nondum
3103 2321 3323 2389 penitus
3344 2319 3528 2375 disso-

1950 2416 2063 2469 luta
2099 2415 2278 2468 adhuc
2298 2423 2546 2482 spectare
2587 2413 2735 2467 licet.
2762 2413 2898 2466 Nam
2934 2414 3172 2467 Isaacius
3206 2414 3525 2482 imperator,

1948 2508 2200 2560 criminis
2234 2521 2430 2573 expers
2465 2517 2520 2559 et
2554 2507 2756 2575 justus,
2824 2516 2884 2559 ut
2908 2505 3067 2576 46],
3131 2506 3382 2576 putabat,
3413 2522 3525 2561 non

1947 2597 2141 2650 annuit
2187 2605 2243 2649 ut
2309 2597 2356 2648 id
2391 2596 2665 2650 sublatum
2714 2597 3042 2666 sepeliretur
3085 2607 3178 2651 aut
3208 2598 3262 2652 in
3291 2597 3526 2653 Sancto-

1946 2703 2072 2740 rum
2095 2687 2460 2757 Quadraginta
2480 2689 2650 2743 aedem
2670 2689 3084 2756 transferretur,
3118 2705 3280 2759 quam
3313 2691 3526 2744 Andro-

1943 2779 2102 2831 nicus
2121 2793 2185 2831 ea
2220 2780 2287 2831 de.
2309 2794 2472 2832 causa
2509 2779 2755 2834 studiose
2781 2781 3101 2836 condiderat
3123 2793 3176 2837 et
3209 2795 3520 2838 exornarat.

269 2872 677 2938 ραῤῥιπτεῖται.
727 2869 1054 2937 Ἑσύστερον
1085 2869 1140 2921 δέ
1164 2887 1308 2930 τινες
1347 2870 1540 2937 μερίδα
1573 2869 1649 2936 τῷ
1705 2868 1841 2937 ἐλέῳ
1879 2868 2114 2932 διδόντες
2174 2873 2268 2924 καὶ
2322 2874 2397 2942 μὴ
2429 2872 2610 2925 πάντα
2645 2873 2722 2942 τῷ
2753 2874 2912 2945 θυμῷ
2942 2876 3316 2945 χαριζόμενοι,
3377 2883 3523 2930 έκεῖ-

267 2959 362 3012 θεν
401 2961 492 3012 τὸν
542 2959 882 3028 ’Δνδρονὶκου
924 2962 1115 3025 νεκρΒν
1167 2959 1477 3028 ἀνελόμενοι
1531 2961 1685 3027 παρά
1735 2977 1841 3011 τινι
1883 2960 2182 3011 κατωτάτω
2228 2959 2380 3027 τόπῳ
2403 2959 2586 3011 ἔθεντο
2645 2961 2774 3028 περί
2807 2979 2908 3012 που
2934 2963 3030 3034 τὴν
3066 2964 3292 3034 Ἐφόρου
3328 2967 3520 3033 μονὴν,

265 3047 302 3114 ἢ
334 3049 474 3099 κατὰ
497 3047 556 3097 τδ
583 3047 888 3109 Ζεύξιππον
919 3047 1151 3114 ἵδρυται,
1191 3047 1218 3097 ὃ
1247 3048 1340 3098 καὶ
1365 3050 1532 3098 εἰσέτι
1564 3047 1639 3117 μὴ
1667 3048 1834 3116 πάντη
1876 3046 2123 3099 διαλυθὲν
2155 3047 2255 3116 τῆς
2323 3047 2592 3116 ἁρμονίας
2661 3053 2772 3113 τοῖς
2804 3050 3152 3121 βουλομένοις
3185 3054 3508 3110 όπτάνεται.

278 3134 338 3186 Ὀ
386 3136 495 3202 γὰρ
550 3135 830 3202 ἀμεμφὴς,
861 3133 934 3194 ὡς
964 3132 1122 3201 ᾠετο,
1165 3134 1231 3184 τα
1271 3136 1447 3186 πάντα
1481 3134 1576 3185 καὶ
1611 3135 1816 3195 δίκαιος
1869 3134 2135 3196 ἰσαοὶκιος
2167 3133 2228 3186 οὐ
2283 3136 2572 3188 κατένευσε
2605 3137 2994 3209 καθαιρεθῆναι
3037 3141 3133 3194 καὶ
3163 3146 3309 3213 ταφῇ
3345 3162 3524 3215 π··ρα‹

263 3221 484 3290 δοθῆναι
527 3221 877 3289 Ἀνδρόνικον,
902 3219 933 3289 ἢ
958 3220 1323 3288 ἀπενεχθῆναι
1357 3221 1444 3271 τὸν
1473 3220 1662 3272 τούτου
1681 3222 1871 3287 νεκρὸν
1914 3223 1991 3282 εἰς
2037 3221 2127 3272 τὸν
2162 3221 2268 3273 τῶν
2301 3222 2496 3292 Ἀγίων
2534 3224 2952 3293 Τεσσαράκοντα
2973 3227 3127 3293 νεὼν,
3164 3230 3225 3283 δν
3259 3233 3524 3302 ’Δνδρόνι-

263 3325 361 3368 κος
400 3308 668 3375 πεποίηκε
714 3306 1010 3373 φιλοτίμως
1052 3308 1147 3357 καὶ
1175 3305 1448 3375 λαμπροῖς
1491 3308 1721 3374 ὴγλάῐτε
1789 3308 2016 3378 κόσμοις

2109 3313 2200 3362 καὶ
2258 3310 2571 3380 ἀναθήμασι
2646 3316 2921 3383 περιττοῖς
2974 3318 3362 3384 κατεκάλλυνε,
3422 3325 3519 3376 καὶ

263 3399 324 3447 ὲν
344 3389 388 3461 ᾧ
423 3394 514 3448 τὸν
542 3393 632 3445 τοῦ
664 3391 915 3460 σώματος
952 3392 1080 3461 χοῦν
1116 3393 1557 3463 ἀποθησαυρίσαι
1587 3396 2061 3464 προεμηθεύσατσ.

356 3481 659 3534 Ἐκλείπων
700 3480 757 3532 δὲ
789 3477 856 3550 ἦν
877 3480 973 3549 τὴν
1003 3479 1181 3550 ψυχὴν
1207 3483 1286 3543 είς
1318 3484 1416 3544 τὰς
1448 3481 1540 3534 τοῦ
1579 3483 1844 3554 θεοκήρυ·
1875 3494 1919 3551 c
2026 3481 2048 3534 Ι

1824 3494 1919 3551 ,ο
2026 3480 2179 3534 Pauli
2231 3483 2402 3536 divini
2462 3489 2732 3553 praeconis
2772 3487 3047 3556 Epistolas
3104 3506 3268 3562 supra
3296 3497 3516 3552 modum

267 3590 363 3634 κος
399 3571 612 3624 Παύλου
655 3571 968 3633 ἐπιστολὰς,
1001 3575 1094 3625 καὶ
1119 3573 1356 3640 συνεχῶς
1386 3573 1479 3626 τοῦ
1528 3577 1592 3627 ἐκ
1636 3576 1841 3628 τούτων

263 3661 667 3723 ἁποστάζοντος
714 3662 1024 3730 ἐνεφορεῖτο
1055 3662 1291 3730 μέλιτος,
1330 3664 1425 3716 καὶ
1478 3665 1680 3734 ἄριστα
1723 3668 1843 3718 έπιο

267 3750 503 3807 στέλλων
526 3751 590 3801 ὲκ
621 3749 717 3816 τῆς
748 3749 929 3802 αὐτῶν
955 3751 1417 3820 πειθανάγκηςτα
1446 3755 1621 3807 οἰκεῖα
1655 3757 1843 3826 περιέ-

263 3841 463 3892 ϐαλλεν
493 3840 794 3893 ἐπιστόλια.
845 3840 1063 3908 Ἀμέλει
1111 3858 1194 3893 τοι
1244 3845 1338 3895 καί
1386 3844 1621 3913 ἀρχαίας
1659 3847 1842 3917 χειρὸς

263 3933 450 3987 εἰκόνα
527 3930 622 3984 τοῦ
712 3934 1263 4002 πνευματορρήτορος
1328 3935 1586 4004 Ταρσέως
1649 3937 1840 4007 κόσμῳ

262 4020 594 4091 λαμπρύνας
623 4021 700 4090 τῷ
741 4023 804 4072 ἐκ
854 4023 1058 4091 χρυσοῦ
1086 4023 1320 4091 ἀνέθηκε
1351 4026 1427 4093 τῷ
1457 4026 1675 4096 ῥηθέντι
1702 4028 1834 4098 ναῷο

260 4115 300 4183 ἡ
328 4113 388 4165 δὲ
419 4112 520 4180 τῆς
565 4112 907 4181 Ἀνδρονίκου
949 4115 1336 4183 καταστροφῆς
1369 4116 1697 4186 ὲγγιζούσης
1729 4118 1838 4171 τῶν

258 4201 560 4270 ὀφθαλμῶν
606 4200 948 4265 ἁπεστάλαξε
1006 4203 1258 4271 δάκρυον.
1291 4204 1464 4256 Τοῦτο
1496 4206 1540 4256 δ’
1584 4206 1839 4276 ἀκηκοὼς

262 4292 607 4360 Ἀνδρόνικος
660 4292 867 4343 στέλλει
915 4291 1001 4364 [Ρ.
1026 4293 1152 4362 227]
1188 4294 1314 4356 τοὺς
1358 4296 1837 4366 ἀκριϐωσομένους

259 4380 332 4433 τὰ
358 4380 458 4448 τῆς
489 4381 679 4447 ἀκοῆς.
713 4374 822 4433 Ἦν
855 4380 910 4432 δὲ
949 4381 1067 4448 μεθ’
1099 4383 1304 4451 ἑτέρων
1337 4386 1416 4444 εὶς
1450 4386 1608 4438 τοῦτο
1651 4388 1837 4440 ἐπιλε-

259 4474 382 4538 γείς
408 4472 502 4523 καὶ
531 4473 559 4522 ό
602 4471 1181 4541 ’Δγιοχριστοφορίτης
1231 4476 1522 4544 Στέφανος,
1548 4479 1607 4540 ὃς
1633 4482 1726 4532 καί
1750 4481 1836 4533 διὰ

261 4561 525 4631 βαθμίδος
550 4560 791 4613 ἀνελθὼν
823 4558 912 4632 (ἦν
953 4564 1062 4632 γὰρ
1094 4567 1126 4632 ἠ
1175 4567 1338 4617 εἰκὼν
1372 4569 1667 4639 μετέωρος)
1698 4572 1833 4622 ἀπέ-

256 4653 436 4720 ψησεν
467 4651 748 4719 ὑφάσματι
780 4651 1054 4722 dmpsith
1097 4657 1197 4716 τὰς
1231 4657 1324 4708 τοῦ
1378 4660 1591 4712 Παύλου
1644 4665 1832 4734 κόρας.

1950 3573 2174 3638 amavit,
2212 3584 2267 3627 et
2298 3576 2459 3629 melle
2490 3575 2617 3631 inde
2643 3590 3003 3647 promanante
3023 3582 3258 3639 subinde
3285 3595 3371 3641 est
3425 3605 3516 3644 τεο

1948 3663 2146 3730 fectus,
2175 3674 2230 3720 et
2270 3668 2482 3724 litteras
2515 3686 2641 3724 suas
2668 3671 3106 3741 elegantissimas
3139 3678 3268 3733 inde
3298 3680 3363 3733 ad
3392 3698 3519 3750 per-

1947 3757 2292 3811 suadendum
2325 3760 2600 3816 eﬂieacins
2641 3765 2924 3819 instruxit.
2962 3767 3146 3839 Imago
3175 3786 3307 3825 vero
3352 3773 3519 3828 male.

1947 3847 2048 3902 stis
2089 3848 2240 3902 illius
2297 3853 2551 3915 oratoris,
2605 3855 2844 3924 antiquae
2911 3873 3104 3914 manus
3162 3877 3321 3930 opus,
3353 3879 3515 3934 quam

1945 3951 2083 3991 auro
2115 3950 2438 3993 exornatam
2471 3942 2529 3995 in
2572 3944 2662 3997 illa
2693 3946 2808 4000 aede
2864 3951 3133 4018 reposuit,
3190 3953 3517 4010 imminente

1945 4028 1994 4081 ei
2025 4029 2195 4084 exitio
2229 4032 2571 4104 lacrymavit.
2606 4035 2724 4102 Quo
2757 4036 2803 4092 is
2841 4039 3030 4095 audito
3063 4043 3336 4112 explorari
3359 4047 3520 4116 jubet

1948 4135 2018 4173 an
2055 4136 2243 4175 verum
2268 4125 2358 4177 sit.
2413 4126 2494 4179 Ad
2525 4127 2578 4180 id
2632 4129 3001 4186 ministerium
3038 4146 3239 4202 prmter
3285 4146 3518 4192 caateros

1945 4210 2543 4285 Hagiochristophorita
2575 4218 2886 4288 Stephanus
2914 4224 3159 4280 delectus
3181 4243 3278 4296 per
3310 4231 3516 4299 gradus

1944 4306 2191 4360 ascendit
2225 4309 2368 4376 (nam
2401 4310 2454 4364 in
2487 4311 2711 4366 sublimi
2753 4316 3032 4384 pendebat
3070 4319 3296 4389 imago),
3325 4323 3506 4378 Pauli-

1943 4409 2051 4462 que
2104 4400 2339 4466 pupillas
2404 4402 2701 4469 purissimo
2777 4407 3003 4462 linteolo
3053 4412 3354 4480 abstersit;
3404 4430 3514 4485 quo

1943 4485 2086 4540 facto
2114 4488 2361 4558 lacryma:
2390 4493 2561 4561 magis
2611 4496 2777 4548 etiam
2828 4507 3085 4568 tanquam
3118 4518 3186 4557 ex
3223 4503 3372 4561 fonte
3417 4525 3515 4563 ex-

1944 4576 2267 4633 uberarunt.
2324 4580 2479 4645 Quod
2538 4584 2632 4637 ubi
2690 4601 2814 4640 enm
2876 4589 3241 4649 admiratione
3297 4598 3510 4662 retulit,

1943 4667 2291 4724 Andronicus
2321 4674 2471 4740 gravi
2524 4675 2712 4730 dolore
2758 4684 3046 4747 perculsus
3081 4693 3136 4737 et
3171 4687 3263 4740 diu
3304 4691 3510 4760 agitato

307 4760 326 4844 ξ
369 4760 427 4794 οε
484 4760 625 4845 κίξξα
661 4760 758 4845 ’ξπὶ
792 4760 1189 4845 οιοξξῖίξωίξενας,
1212 4760 1524 4845 κρηνξιςῌέτι
1561 4760 1742 4806 πλεῖον
1774 4760 1834 4809 τὸ
1862 4829 1907 4845 ἢ
1943 4760 2122 4827 capite
2152 4777 2273 4815 cum
2306 4767 2516 4832 gemitu
2559 4767 2697 4822 dixit
2739 4771 2967 4826 Paulum
3003 4775 3179 4830 videri
3217 4795 3314 4834 sua
3339 4795 3508 4839 causa

254 4833 496 4901 δάκρυον
528 4831 830 4895 ἑξεκένουν.
862 4835 970 4886 Καὶ
1014 4835 1301 4904 θαυμάσας
1349 4839 1376 4890 ὃ
1409 4841 1654 4909 ἑώρακεν
1708 4845 1824 4896 Ἀν-
1856 4829 1946 4900 Β]

1816 4829 2285 4920 -Dlacrymasse,
2350 4869 2413 4908 ac
2463 4858 2840 4925 gravissimam
2874 4863 2977 4916 sibi
3028 4865 3238 4921 cladem
3295 4869 3508 4940 impen-

254 4923 489 4990 δρονίκῳ
511 4921 687 4975 ἀπιὼν
725 4922 1042 4990 διηγήσατο.
1083 4924 1143 4976 Ὀ
1190 4927 1244 4977 δὲ
1273 4931 1394 4996 μέγ’
1426 4929 1663 5001 ὀχθήσας
1734 4937 1827 4986 καὶ
1935 4956 1946 4991 ι

1813 4938 1827 4986 ι
1935 4939 2087 4994 dere.
2171 4942 2240 4996 Se
2301 4946 2448 4998 enim
2506 4962 2570 5000 ex
2641 4950 2824 5005 animo
2901 4968 3086 5010 amare
3163 4921 3400 5015 Paulumr
3450 4975 3505 5018 et

253 5013 354 5080 τὴν
398 5012 575 5079 κάραν
607 5011 757 5063 ἐνθεν
799 5017 891 5065 καὶ
930 5013 1081 5065 ἐνθεν
1138 5018 1509 5083 ταλαντεύσας
1562 5023 1822 5093 έπέμυξε,
1933 5045 1945 5082 ι

1808 5066 1822 5091 ,
1933 5031 2051 5099 ejus
2088 5031 2231 5086 dicta
2269 5036 2491 5090 maximi
2517 5037 2720 5106 facere,
2760 5051 2813 5096 et
2844 5057 2873 5096 a
2924 5044 3094 5100 Paulo
3122 5011 3500 5117 utique'redav:

252 5104 352 5153 καὶ
395 5102 616 5169 εἴρηκεν
660 5103 748 5154 ἐπ’
789 5103 938 5171 αὑτῴ
994 5103 1100 5174 ἄρα
1150 5106 1406 5173 δακρύειν
1445 5113 1680 5167 ἐοικέναι
1734 5117 1825 5167 τὸν
1933 5121 2091 5174 mari.

255 5191 493 5295 Ιίμῦλογ,
539 5194 637 5295 ita-Il
679 5196 848 5293 κακὸν
900 5197 1054 5295 αὐτῷ
1114 5197 1384 5295 χείριστον
1432 5207 1827 5295 προσημαίνειν
1865 5210 1926 5262 τὸ
1988 5213 2405 5282 ἀγγελλόμενον⁶
2469 5221 3036 5295 φιλεῖνγὰρὲκθύμως
3058 5228 3149 5284 τὸν
3174 5232 3384 5287 Παῦλον
3404 5240 3498 5292 καὶ

248 5280 374 5370 τῶδ’,
399 5279 564 5370 ⁸ὑῖῨῦ
599 5282 1077 5370 ρημᾲτωνῄἀκρως
1135 5284 1437 5355 ὲξέλίεσθαι,
1477 5293 1571 5343 καί
1608 5273 2004 5359 ἀντιφιλεῖσθαι
2032 5273 2299 5370 δῆπουθεν
2335 5308 2439 5360 ὑπὸ
2473 5273 2754 5363 Παύλοῦ.Ῑ
2788 5273 3033 5295 mur“,
3068 5273 3146 5284 ’Π
3174 5273 3322 5285 ηπ

327 5366 446 5415 Ἰνα
479 5365 536 5418 δὲ
569 5367 802 5418 συνελὼν
833 5368 970 5420 εἴπω
999 5371 1056 5421 τὸ
1086 5373 1213 5435 πᾶν,
1272 5374 1320 5424 εἰ
1363 5376 1456 5426 τοῦ
1487 5379 1698 5431 έντόνου
1730 5382 1829 5450 τῆς
1999 5388 2019 5448 Δ

1802 5400 1829 5444 ς
1999 5365 2162 5459 ΑέἏ
2217 5391 2321 5447 Sed
2393 5404 2452 5448 ut
2500 5413 2614 5451 rem
2651 5399 2705 5452 in
2753 5417 2924 5470 pauca
2996 5373 3388 5467 conferamzsi
3427 5415 3493 5470 de

249 5455 526 5524 ἀπηνείας
579 5456 822 5525 ὑπεχάλα
888 5460 1223 5530 Ἀνδρόνικος
1279 5466 1404 5535 μηδ’
1443 5469 1606 5534 εὐθὺς
1652 5472 1824 5542 ἐπῆγε
1929 5494 1941 5534 ε

250 5548 344 5573 ,λη
397 5546 642 5573 u_..-_~___
693 5551 780 5573 ..-ι
813 5549 909 5573 -.ιη
951 5554 1120 5573 ___._._,
1195 5557 1206 5573 .
1250 5557 1262 5573 ς
1338 5559 1349 5573 .
1435 5559 1447 5573 ο
1618 5565 1629 5573 -
1697 5565 1707 5573 -

2022 5451 2160 5459 _-_
2753 5451 2924 5470 re-“
2998 5451 3275 5463 --.ην--.η
3304 5451 3388 5467 ..η
3427 5451 3489 5470 ι...

1799 5492 1824 5527 ε
1929 5482 2136 5535 saevitia
2211 5488 2469 5541 nonnihil
2520 5489 2824 5547 remisisset
2888 5495 3258 5564 Andronicus,
3316 5518 3489 5573 neque

250 5548 344 5598 τὸν
397 5546 648 5614 καυτῆρα
693 5551 786 5602 καί
813 5549 910 5620 τὴν
949 5554 1144 5621 τομὴν,
1185 5557 1272 5608 ἀεὶ
1323 5559 1537 5626 ῥανίσιν
1577 5565 1825 5632 αἱμάτων
1926 5586 1942 5625 ε

254 5633 769 5663 -.ι..2.-.-Ὶ.ιυ..ι....-ῑ
804 5639 1040 5663 ι---.-.’,ν
1093 5661 1117 5663 γ.
1189 5645 1201 5663 \
1253 5647 1263 5658 -
1413 5652 1424 5663 ι
1503 5653 1513 5663 .
1697 5656 1706 5663 .

2562 5541 2824 5547 κτα----η
2888 5541 3258 5564 --.._.-.......-,
3316 5541 3381 5556 ..υ
3425 5541 3467 5557 ..-

1775 5585 1825 5619 ον
1926 5573 2113 5626 statim
2185 5575 2253 5629 ad
2326 5581 2601 5635 sectiones
2671 5595 2727 5636 et
2820 5589 3063 5644 ustiones
3123 5541 3467 5663 properassiet.

252 5634 657 5687 συνδιαπλέκων
682 5640 774 5689 καὶ
803 5639 1118 5709 διαχρὼζων
1153 5645 1211 5696 τὸ
1241 5647 1467 5717 ἀρχικὸν
1493 5653 1825 5723 ἀμπεχόνιον
1927 5680 1944 5716 ι

252 5724 323 5746 __‘_
378 5726 675 5746 L__-_l-u,
808 5726 831 5746 ν
1033 5733 1046 5746 ι
1165 5736 1197 5746 ιι
1411 5742 1431 5746 .-

2551 5634 2594 5635 ,,
2680 5634 2724 5636 _-
2824 5634 3063 5644 παν.--
3123 5634 3490 5663 rerum“,

1798 5676 1825 5710 ν
1927 5678 2109 5732 neque
2167 5677 2352 5723 vestes
2409 5670 2787 5741 imperatorias
2863 5680 3182 5737 inexorabili
3250 5689 3490 5746 smvitate

247 5724 329 5794 τῷ
372 5726 744 5794 ἀπαραίτητος
779 5726 919 5782 εἰναι
954 5733 1086 5801 πρὸς
1117 5736 1355 5802 κόλασιν,
1407 5742 1540 5812 ὅπερ
1586 5745 1648 5798 ἰκ
1713 5749 1821 5801 τῶν
1922 5767 1939 5807 t

2018 5724 2034 5732 _
2485 5724 2511 5741 τ
2533 5724 2786 5731 ___---__-
2864 5724 3182 5737 ...-..-........
3250 5724 3489 5746 um...

1797 5768 1821 5801 ν
1922 5753 2156 5811 subinde
2184 5758 2467 5827 polluisset
2498 5765 2628 5834 (quo
2660 5767 2829 5822 velati
2861 5771 3112 5840 contagio
3145 5775 3489 5838 crudelitatis

572 5826 838 5887 l’A'mOL.
872 5830 986 5890 Gtt.
1025 5833 1350 5897 CXXXIX.
2187 5826 2194 5827 ί
2504 5826 2550 5834 Π
3026 5826 3053 5840 -
3101 5868 3170 5932 23

256 4743 326 4795 AI
369 4741 427 4794 δὲ
484 4744 625 4794 κατὰ
661 4743 758 4804 τὰς
792 4743 1178 4813 διασμωμένας
1212 4749 1416 4818 κρήνας
1443 4752 1524 4803 ἔτι
1561 4753 1742 4806 πλεῖον
1774 4756 1834 4809 τὸ
