4304 6354
245 403 352 466 717

1339 402 1436 462 DE
1480 398 1782 461 ISAACIO
1824 395 2125 457 ANGELO
2163 397 2312 457 LIB.
2361 399 2412 458 Ι.

3401 409 3508 472 ’118

248 519 351 569 οὐκ
391 513 676 576 ἀποδιδοὺς
728 512 888 582 μόνον
948 513 1001 565 εί
1051 531 1104 565 τι
1154 512 1264 566 τῶν
1309 513 1479 566 πάλαι
1523 512 1834 583 προσόντων
1865 515 1948 570 ΑΙ

1808 527 1834 561 ν
1865 517 1908 570 Α
1942 515 2056 562 tum
2091 508 2363 563 restitutis
2424 522 2545 576 qua
2582 507 2762 564 adhuc
2817 511 2901 565 vel
2939 513 2992 566 in
3036 515 3231 570 arario
3273 519 3357 572 vel
3386 521 3508 578 aliis

249 609 437 670 αὐτοῖς
475 609 574 659 οὐκ
627 607 938 676 ήφάντωτο,
987 609 1054 676 τῇ
1099 605 1354 675 βασιλικῇ
1392 605 1537 676 γάζῃ
1573 605 1832 673 στεγόμε-

251 714 367 761 νον,
396 697 430 764 ἢ
464 696 597 765 παρ’
662 695 1007 760 Ἀνδρονίκου
1055 694 1364 763 βραδευθέν
1411 694 1616 763 ἑτέροις
1663 692 1833 745 εἰσέτι

252 785 688 856 περιελέλειπτο,
745 784 881 838 ἀλλὰ
934 785 1046 837 κάκ
1071 782 1180 838 τῶν
1230 780 1476 853 ἀρχικῶν
1539 779 1834 851 θησαυρῶν

251 881 655 950 προσπαρέχων
703 877 798 930 καὶ
854 875 1123 944 φιλοτίμῳ
1167 879 1312 944 χειρὶ
1356 873 1720 940 δεξιούμενος.
1768 872 1833 923 ⁸0

250 969 349 1022 καὶ
397 969 488 1022 τὸν
518 967 661 1021 κατά
724 967 836 1018 τῶν
894 967 1112 1019 Ἰταλῶν
1149 963 1449 1018 κατεύθυνε
1495 964 1752 1030 πόλεμον,
1781 961 1834 1013 οἳ

248 1061 552 1114 Θετταλίαν
581 1076 642 1112 τε
692 1053 840 1128 εἶχον
874 1059 979 1129 ήδη
1028 1057 1125 1109 καὶ
1187 1055 1518 1124 Ἀμφίπολιν
1559 1052 1836 1122 παρεστή-

252 1168 440 1212 σαντο,
501 1150 1046 1221 καταθρασυνόμενοι
1105 1149 1302 1216 ἀνέδην
1360 1146 1454 1199 καὶ
1512 1145 1686 1212 αὐτῆς
1735 1143 1836 1212 τῆς

254 1243 677 1311 μεταλοπόλεως
732 1241 829 1311 τῆς
874 1240 1250 1310 περιωνύμου,
1294 1239 1389 1292 καὶ
1423 1233 1834 1305 μεγαλαυχοῦν-

246 1350 344 1396 τες
367 1334 448 1403 τῷ
475 1334 617 1386 κατά
646 1350 706 1386 τε
737 1335 840 1402 γῆν
873 1333 1019 1385 κατά
1046 1348 1103 1384 τε
1142 1331 1416 1383 θάλατταν
1458 1327 1628 1396 αὐτὴν
1649 1326 1835 1378 διαλα-

253 1426 369 1477 δεῐν
407 1426 539 1494 ῥᾷον
571 1426 668 1478 καὶ
695 1424 768 1487 ὡς
806 1425 1023 1493 ἐρήμην
1051 1420 1466 1490 καταλήψεσθαι
1493 1417 1711 1471 νοσσιὰν
1742 1417 1835 1470 καὶ⁵

255 1515 581 1567 σκυλεύσειν
608 1513 1008 1584 ἀταλαιπώρως
1051 1512 1422 1583 βραχυημέρῳ
1454 1511 1596 1564 πάνυ
1631 1508 1831 1578 καιρῷ.

252 1606 316 1657 Oi
348 1606 461 1672 γὰρ
482 1604 762 1675 ἅνθρωποι
785 1605 885 1674 τὴν
919 1603 1195 1656 Ίσαακίου
1218 1603 1391 1672 ἀρχὴν
1419 1600 1496 1659 ὡς
1519 1602 1581 1652 ἐκ
1623 1601 1832 1669 χειμῶ-

251 1712 341 1757 νος
378 1698 459 1758 εἰς
489 1695 590 1765 ἔαρ
627 1695 984 1764 μετάϐασινῆ
1016 1694 1259 1765 γαλήνην
1289 1694 1397 1746 ἀπὸ
1427 1692 1594 1760 ζάλης
1641 1692 1836 1745 θεασά-

255 1803 412 1855 μενοι
445 1786 715 1853 σταθερὰν
763 1785 957 1838 ἐκτῶν
1007 1787 1292 1853 ἁπανταχῇ
1335 1781 1658 1852 Ῥωμαῖκῶν
1707 1799 1832 1833 συν-

1937 597 2137 652 donata
2187 607 2536 664 supererant,
2578 599 2672 652 sed
2706 615 2772 654 ex
2809 600 3086 669 thesauris
3109 606 3274 660 etiam
3307 607 3509 662 libera-

1941 687 2068 740 liter
2094 687 2306 757 adjecta
2353 689 2611 757 pecunia.
2645 689 2775 755 Quae
2802 707 2889 746 res
2932 693 3117 748 effecit
3158 705 3217 749 ut
3240 713 3364 751 cum
3400 699 3509 752 La-

1939 778 2068 830 tinis
2094 778 2308 833 felicius
2341 780 2542 833 bellum
2571 791 2878 849 gereretur,
2906 785 3001 853 qui
3032 784 3372 842 Thessaliam
3399 792 3509 859 jam

1941 868 2203 920 tenebant
2242 878 2299 921 et
2337 870 2712 939 Amphipolim
2760 875 3090 943 subegerant
3128 887 3184 930 et
3215 878 3515 934 insolenter

1940 955 2112 1024 ipsam
2137 956 2350 1027 Cpolim
2384 960 2741 1026 aﬂ‘ectabant,
2770 978 2935 1033 quam
2975 981 3034 1020 se
3073 975 3218 1022 terra
3267 971 3514 1039 marique

1937 1047 2241 1113 obsessam,
2302 1050 2462 1104 facile
2486 1061 2549 1106 ut
2604 1069 2846 1109 vacuum
2915 1057 3107 1111 nidum
3146 1070 3516 1126 occupaturos

1938 1150 1996 1190 et
2039 1138 2176 1191 citra
2221 1140 2466 1193 laborem
2513 1145 2811 1212 perexiguo
2876 1153 3123 1216 tempore
3181 1151 3516 1217 spoliaturos

1938 1229 2331 1297 gloriabantur.
2359 1231 2492 1285 Nam
2528 1233 2781 1290 homines
2808 1235 3000 1291 lsaacii
3055 1241 3290 1308 imperio
3356 1242 3514 1310 quasi

1941 1335 2066 1375 vere
2091 1331 2214 1378 post
2264 1322 2501 1379 hiemem
2524 1327 2691 1399 466
2719 1337 2774 1383 et
2798 1330 3195 1397 tranquillitate
3225 1342 3348 1400 post
3374 1344 3516 1387 tem-

1938 1424 2207 1484 pestatem
2253 1419 2563 1482 exhilarati,
2619 1436 2687 1474 ex
2743 1421 3004 1476 omnibus
3037 1423 3339 1490 provinciis
3386 1439 3522 1478 con-

1939 1507 2203 1573 ﬂuebant,
2266 1525 2366 1565 nec
2405 1511 2438 1565 ii
2483 1521 2696 1567 tantum
2736 1514 2828 1582 qui
2865 1526 2979 1568 tum
3039 1515 3374 1580 militabant,
3423 1515 3519 1571 sed

1939 1597 2197 1653 homines
2225 1604 2390 1656 etiam
2425 1604 2569 1658 bello
2589 1605 2800 1659 desueti
2836 1607 3047 1675 pridem
3083 1617 3139 1663 et
3189 1608 3522 1663 adolescen-

1939 1694 2038 1750 tes,
2081 1689 2172 1741 alii
2202 1700 2260 1744 ut
2303 1691 2656 1747 liberatorem
2686 1693 2885 1751 Mosem
2908 1707 2963 1750 et
3004 1697 3400 1752 Zorobabelem
3429 1713 3522 1751 ca-

1939 1778 2208 1845 ptivitatis
2235 1779 2438 1835 Sioniz
2469 1783 2820 1838 reductorem
2846 1796 3060 1840 tantum
3103 1787 3357 1842 viderent
3413 1788 3520 1856 (ta-

253 1848 450 1948 έρῤεον
501 1848 718 1948 χωρῶν,
766 1877 827 1929 ού
884 1878 1048 1948 μόνον
1092 1848 1457 1945 ὅσοι-*πρώην*
1497 1873 1828 1937 ὠπλίτευον,
1872 1848 1953 1920 nl

1815 1915 1828 1937 ,
1872 1848 1911 1904 Β
1941 1867 2010 1920 lis
2061 1870 2212 1922 enim
2275 1871 2588 1928 habebatur
2633 1875 2923 1945 lsaacius).
2973 1877 3068 1931 alii
3118 1886 3179 1931 ut
3240 1848 3515 1948 stipendia

251 1971 391 2023 ἀλλὰ
423 1971 519 2022 καὶ
547 1972 594 2022 οἳ
624 1971 904 2039 ἀπόμαχοι
938 1970 1105 2022 πάλαι
1129 1969 1259 2022 ποτέ
1290 1963 1448 2038 ἦσαν,
1478 1967 1572 2020 καὶ
1605 1965 1759 2019 αὐτοὶ
1785 1964 1841 2016 δέ

254 2063 352 2130 οὐχ
381 2058 549 2133 ἦττον
590 2062 788 2130 ἠΐθεοι,
823 2065 873 2114 ol
907 2063 1006 2131 μέν
1037 2061 1294 2130 ὀψόμενοι
1331 2059 1491 2129 μόνον
1507 2057 1599 2109 τὸν
1627 2055 1841 2108 ἐλευθεο

255 2151 438 2222 ρωτὴν
455 2151 663 2220 Μωσῆν
686 2154 777 2204 καὶ
795 2153 888 2203 τὸν
903 2152 1246 2218 ἐπανάγοντα
1263 2147 1587 2220 Ζωρώάσελ
1603 2146 1700 2208 τὴν
1723 2148 1841 2215 αίχ-

257 2243 544 2308 μαλωσίαν
567 2243 708 2295 Σιὼν
734 2241 900 2312 (οὕτω
924 2243 1030 2312 γάρ
1051 2243 1233 2303 αὐτοῖς
1253 2241 1498 2310 ἐκρίνετο
1530 2239 1836 2304 Ἰσαάκιος),

249 2337 301 2388 oi
333 2335 390 2387 δὲ
433 2335 839 2404 ἀποληψόμενοι
875 2333 943 2386 τὰ
990 2332 1196 2402 συνήθη
1226 2335 1337 2393 τοῖς
1379 2329 1836 2400 στρατευομένοις

259 2427 495 2497 ὀψώνια,
540 2429 684 2489 τινές
727 2427 786 2478 δέ
844 2427 939 2479 καὶ
987 2423 1548 2494 στρατολογηοόμενοι
1574 2423 1665 2474 καὶ
1696 2421 1836 2474 κατά

250 2519 363 2572 τῶν
421 2519 662 2571 Σικελῶν
708 2515 1108 2586 ἀνδρισάμενοι.
1173 2516 1260 2578 Ὠς
1296 2515 1353 2567 δέ
1386 2515 1522 2584 δήλη
1545 2515 1773 2581 γέγονεν
1803 2515 1836 2584 ή

264 2608 608 2680 Ἀνδρονίκου
662 2608 1019 2677 καταστροφὴ
1069 2609 1180 2668 τοῖς
1238 2606 1382 2658 κατά
1424 2604 1525 2674 τὴν
1567 2604 1838 2657 Φιλίππου

251 2701 526 2770 ἐπαρχίαν
552 2701 629 2768 τῷ
663 2699 878 2767 βασιλεῖ
918 2697 1298 2766 συναπάρασιν
1335 2695 1556 2765 Ἰωάννῃ
1603 2694 1679 2764 τῷ
1717 2698 1834 2748 Ἀν-

1938 1960 2198 2013 militaria
2239 1962 2307 2015 de
2349 1978 2500 2018 more
2536 1966 2874 2035 acciperent,
2914 1969 3139 2036 quidam
3167 1979 3227 2023 ut
3291 1971 3519 2024 nomina

1938 2051 2151 2105 militiae
2201 2053 2398 2106 darent
2452 2063 2508 2109 et
2553 2055 2769 2111 Siculos
2835 2057 3050 2111 fortiter
3109 2061 3518 2129 propulsarent.

1937 2143 2007 2199 Ut
2044 2153 2228 2198 autem
2271 2147 2306 2198 ii
2339 2148 2432 2216 qui
2469 2163 2595 2202 cum
2661 2151 2999 2220 imperatore
3037 2151 3250 2206 Joanne
3303 2152 3519 2208 Andro-

1938 2235 2048 2288 nici
2119 2235 2232 2290 filio
2295 2238 2350 2291 in
2415 2239 2782 2310 Philippicam
2836 2243 3176 2311 provinciam
3241 2245 3516 2308 abierant,

1933 2327 2217 2381 interitum
2248 2329 2549 2385 Andronici
2576 2345 2980 2402 cognoverunt,
3057 2337 3230 2390 etiam
3276 2337 3519 2393 Joannes

1935 2422 2150 2476 effossis
2183 2424 2359 2478 oculis
2381 2440 2578 2495 magno
2607 2441 2732 2480 cum
2766 2426 2958 2481 dolore
2981 2427 3195 2493 interit,
3249 2429 3371 2483 sine
3403 2430 3516 2484 ulla

1937 2516 2261 2583 cujusquam
2311 2516 2798 2572 commiseratione
2848 2530 2903 2574 et
2954 2521 3358 2576 consolatione.
3406 2522 3514 2577 Eo-

1938 2605 2175 2673 demque
2207 2604 2371 2657 modo
2405 2605 2574 2658 frater
2597 2607 2717 2676 ejus
2745 2608 2958 2664 Manuel
2983 2623 3314 2678 excaacatur,
3338 2629 3515 2684 quan-

1940 2710 2101 2764 quam
2135 2696 2380 2764 paternis
2427 2697 2647 2766 injuriis
2687 2714 3035 2772 nequaquam
3075 2718 3371 2769 assensus;
3428 2705 3512 2758 id-

247 2793 499 2862 δρονίκου
548 2792 722 2854 παιδὶ,
758 2791 1104 2861 παραχρῆμα
1144 2790 1239 2842 καὶ
1284 2790 1449 2851 αὐτὸς
1504 2787 1834 2856 συλληφθεὶς
1945 2823 1947 2834 ι

1809 2803 1834 2849 ς
1945 2801 2049 2855 que
2097 2801 2205 2840 non
2252 2788 2680 2843 circumforanei
2736 2793 2900 2846 modo
2950 2793 3204 2848 homines
3238 2795 3509 2860 sciebant,

249 2882 346 2942 τάς
388 2880 560 2948 κόρας
611 2881 938 2932 ἐκκόπτεται
964 2883 1056 2932 καὶ
1109 2879 1478 2949 καταστρέφει
1530 2878 1630 2947 τὴν
1689 2876 1834 2946 ζωὴν
1942 2894 1949 2930 1

1809 2895 1834 2927 ν
1942 2877 2036 2930 sed
2087 2885 2142 2931 et
2186 2877 2302 2946 ipse
2353 2879 2592 2935 lsaacius
2641 2883 2886 2938 omnium
2939 2888 3198 2949 maxime,
3242 2887 3337 2957 qui
3381 2904 3509 2943 eum

248 2971 569 3036 ἐπωδύνως,
600 2972 905 3041 ὑπομείνας
939 2971 1386 3040 παρακαλοῦντα,
1417 2971 1511 3022 καὶ
1533 2968 1608 3036 μὴ
1634 2967 1831 3037 εὑρὼν,
1945 2968 1948 3020 l

755 2972 905 3034 είνας
939 2971 1386 3040 παρακαλοῦντα,
1417 2971 1511 3022 καὶ
1533 2968 1608 3036 μὴ
1634 2967 1831 3037 εὑρὼν,
1945 2967 2154 3023 lumine
2199 2971 2452 3039 privavit.

249 3067 346 3118 καὶ
375 3064 841 3132 συλλυπούμενον,
872 3066 965 3118 καὶ
999 3068 1073 3134 μὴ
1109 3063 1255 3118 ἰδών.
1282 3064 1389 3114 Καὶ
1431 3064 1461 3114 ὁ
1510 3061 1738 3130 ἁδελφὸς
1803 3061 1860 3113 δέ
1895 3062 1943 3113 οί
2005 3063 2268 3126 ὡσαύτως
2303 3067 2564 3137 Μανουὴλ
2597 3068 2881 3139 συσχεθεὶς
2919 3069 3284 3140 ἐκτυφλοῦται
3307 3111 3323 3136 ,
3369 3077 3510 3129 κατὰ

254 3152 424 3220 μηδὲν
459 3149 608 3218 αύτῴ
651 3151 1061 3217 ἐπαρκέσαντος
1095 3148 1190 3202 τοῦ
1235 3149 1361 3218 μηδ’
1397 3148 1534 3210 ὅλως
1597 3149 1709 3209 τοῖς
1757 3151 2042 3216 πατρικοῖς
2107 3151 2452 3206 συντίθεσθαι
2507 3157 2848 3225 άνομήμασι,
2919 3159 3014 3210 καὶ
3033 3159 3332 3212 συνειδέναι
3354 3161 3514 3214 τοῦτο

249 3236 632 3304 ἀκριόέστατα
675 3236 734 3287 ού
768 3237 932 3304 μόνον
963 3238 1091 3298 τοὺς
1122 3238 1179 3287 ἐν
1217 3236 1395 3305 ἀγορᾷ
1469 3235 1898 3304 στρεφομένους,
1934 3237 2067 3292 ἀλλά
2123 3239 2218 3290 καὶ
2249 3240 2410 3292 αὐτὸν
2495 3242 2748 3296 ἁπάντων
2807 3244 3043 3314 μάλιστα
3104 3247 3398 3314 Ἰσαάκιον,
3452 3249 3512 3311 ες

248 3324 518 3394 ἐστέρησε
540 3325 632 3375 τὸν
654 3323 823 3391 ἄνδρα
849 3321 942 3375 τοῦ
969 3324 1167 3391 φωτός.

320 3460 478 3533 [250]
525 3461 670 3514 Ἰδὼν
699 3460 754 3513 δὲ
781 3461 1050 3522 Ὶσαάκιος
1078 3459 1176 3529 τὴν
1210 3462 1274 3513 ἐκ
1299 3462 1407 3513 τῶν
1453 3461 1601 3529 ἐῲων
1622 3461 1828 3514 πόλεων
1853 3469 1898 3532 C
2002 3463 2020 3516 l

1813 3479 1828 3511 θ
1853 3469 1898 3532 C
2002 3463 2058 3516 is
2091 3477 2186 3518 eos
2213 3467 2307 3534 qui
2337 3479 2404 3518 ex
2434 3463 2658 3518 Oriente
2681 3465 3109 3531 concurrebant,
3167 3481 3292 3521 cum
3327 3465 3397 3520 ad
3427 3466 3513 3522 Si-

251 3553 562 3622 συνδρομὴν
583 3552 679 3604 τοῦ
714 3553 820 3604 λεὼ
849 3552 1038 3621 ἱκανὴν
1063 3551 1463 3620 συνάρασθαίοὶ
1484 3551 1625 3604 κατὰ
1641 3551 1750 3603 τῶν
1769 3555 1832 3604 ἐκ

250 3645 506 3706 Σικελίας
551 3643 784 3713 ἐχθρῶν,
830 3642 1025 3705 αὐτούς
1078 3660 1138 3694 τε
1190 3642 1444 3711 ἀσμένως
1489 3642 1828 3711 είσῳκίζετο,

250 3736 348 3787 καὶ
379 3735 607 3804 δωρεαῖς
651 3735 960 3802 εὐφραίνων
981 3735 1080 3801 ὅση
1130 3734 1362 3804 δύναμις
1405 3732 1501 3786 καὶ
1532 3732 1832 3786 δπτοδοτῶν

251 3830 332 3890 είς
381 3827 444 3878 τὸ
479 3828 618 3893 μετά
652 3825 747 3877 τοῦ
800 3826 983 3894 Βρανᾶ
1032 3826 1401 3895 στρατόπεδον
1447 3825 1831 3888 ἐξαπέστελλε,

250 3919 350 3971 καὶ
405 3920 520 3980 τοῖς
564 3916 771 3980 λοιποῖς
817 3917 872 3969 δὲ
945 3916 1281 3986 Ῥωμαϊκοῖς
1325 3919 1606 3986 τάγμασιν
1658 3916 1831 3969 ὁπόσα

252 4009 549 4081 ἐθυραύλει
598 4013 709 4072 τοῖς
742 4010 1022 4079 πολεμίοις
1044 4010 1470 4080 ἀντιφερόμενα,
1503 4008 1716 4078 έπεμψε
1764 4009 1832 4061 τὰ

256 4101 524 4173 βασιλικά
558 4102 847 4170 σιτηρέσια
881 4102 974 4153 καὶ
1004 4101 1083 4154 ἑτι
1120 4103 1319 4171 μᾶλλον
1350 4103 1485 4170 πρὸς
1519 4101 1619 4152 τδν
1643 4100 1830 4167 ἀγῶνα

253 4194 543 4262 ἐπέρρωσε
574 4191 667 4242 τὸν
718 4192 1099 4260 προκείμενον,
1143 4191 1460 4245 ποσωθέντα
1499 4192 1578 4251 είς
1610 4190 1832 4258 χρυσίου

253 4281 594 4350 κεντηνάρια
636 4279 1065 4348 τεσσαράκοντα.
1107 4280 1250 4330 Αὐτὸ
1278 4278 1460 4348 μέντοι
1489 4278 1548 4331 τὸ
1576 4280 1640 4329 ἐκ
1678 4277 1832 4327 Σικε-

251 4370 375 4431 λίας
410 4370 715 4438 ἀντίμαχον
744 4371 914 4437 μήπω
939 4370 1008 4420 τά
1040 4371 1156 4421 κατ’
1194 4369 1533 4438 ’Δνδρόνικον
1577 4368 1834 4420 ἐνωτισά-

256 4478 426 4533 μενον
452 4459 736 4531 εὐθαρσῶς
766 4460 865 4526 τῆς
903 4461 961 4521 ἐς
1018 4459 1086 4511 τὰ
1128 4459 1316 4527 πρόσω
1358 4458 1582 4524 πορείας
1634 4459 1830 4526 εἴχετο,

256 4553 433 4621 πέρας
453 4551 564 4603 τῶν
597 4549 810 4618 μόχθων
833 4549 932 4616 τῆς
954 4549 1260 4619 ὁδοιπορίας
1295 4547 1392 4617 τὴν
1421 4547 1832 4600 Κωνσταντίνου

255 4641 451 4695 θέσθαι
494 4640 896 4706 διανοούμενον.
944 4641 1049 4691 Καὶ
1104 4641 1131 4690 ὁ
1182 4638 1366 4699 στόλος
1399 4638 1456 4690 δὲ
1484 4638 1833 4700 ἀναπλεύσας

251 4734 380 4792 ταῖς
411 4731 592 4798 νήσοις
624 4727 960 4797 προῴκειλεν
986 4727 1041 4778 αϊ
1074 4728 1309 4796 άγχιστά
1345 4743 1442 4777 που
1486 4725 1584 4793 τῆς
1623 4725 1833 4786 πόλεως

1941 3555 2098 3609 culos
2127 3554 2526 3623 propulsandus
2553 3554 2686 3609 satis
2714 3570 2837 3610 esse
2890 3557 3092 3612 multos
3145 3570 3416 3621 cerneret,
3451 3571 3509 3614 et

1939 3646 2136 3715 cupide
2153 3647 2395 3714 suscepit
2408 3654 2461 3698 et
2476 3661 2577 3715 pro
2599 3647 2741 3700 virili
2764 3648 3084 3701 muneribus
3099 3659 3151 3701 et
3164 3647 3324 3719 5,67
3342 3652 3512 3704 armis

1940 3747 2165 3791 ornatos
2194 3737 2249 3789 in
2295 3736 2484 3790 Braua:
2509 3746 2687 3791 castra
2728 3738 2896 3792 misit.
2950 3739 3029 3792 Ac
3060 3747 3287 3793 caeteras
3338 3741 3507 3795 etiam

1941 3825 2216 3880 Romanas
2243 3825 2506 3894 legiones,
2545 3841 2665 3894 quae
2697 3836 2887 3881 contra
2917 3827 3103 3882 hostes
3129 3827 3183 3882 in
3218 3831 3506 3898 procinctu

1940 3924 2120 3978 erant,
2155 3915 2442 3983 stipendiis
2501 3914 2705 3977 missis,
2764 3931 2883 3984 quae
2912 3916 2980 3968 ad
3042 3931 3109 3970 ιι.
3163 3919 3509 3972 centenarias

1941 4006 2058 4058 auri
2087 4005 2472 4069 conﬁciebant,
2507 4005 2572 4058 ad
2599 4006 2808 4059 instans
2845 4005 3144 4061 discrimen
3212 4008 3508 4062 alacriores

1941 4096 2090 4150 fecit.
2122 4094 2390 4149 Caeterum
2433 4096 2616 4149 hostes
2647 4095 2816 4149 Siculi
2869 4097 3113 4150 nondum
3159 4097 3348 4152 audito
3376 4113 3504 4151 casu

1941 4187 2239 4242 Andronici
2296 4187 2635 4241 confidenter
2692 4187 3010 4256 pergebant,
3049 4190 3354 4256 praestituto
3400 4191 3506 4242 tlne

1940 4277 2190 4331 laborum
2225 4275 2440 4330 itineris
2479 4277 2592 4344 ipsa
2633 4274 2809 4344 Cpoli.
2838 4277 3039 4330 Classis
3072 4291 3290 4345 quoque
3323 4277 3388 4330 ad
3423 4277 3507 4330 in-

1942 4369 2087 4423 sulas
2113 4368 2234 4420 urbi
2267 4367 2540 4436 proximas
2567 4367 2797 4434 appulit.
2825 4365 2928 4420 Sed
2958 4368 3003 4418 is
3030 4368 3124 4435 qui
3154 4367 3400 4435 gigantes
3423 4367 3509 4419 in-

1941 4459 2194 4529 gentibus
2223 4458 2429 4511 viribus
2456 4458 2732 4522 curribus,
2764 4464 2820 4511 et
2852 4460 3009 4526 equis
3038 4458 3214 4511 salvos
3248 4472 3367 4511 esse
3395 4471 3503 4510 non

1942 4550 2074 4604 sinit
2099 4558 2155 4603 et
2187 4549 2486 4602 humilibus
2512 4550 2738 4619 gratiam
2775 4550 3026 4611 instillat,
3058 4549 3308 4603 homines
3333 4549 3504 4602 elatos

1945 4641 2220 4705 labefecit;
2257 4652 2315 4695 et
2349 4653 2410 4695 ut
2436 4642 2565 4694 olim
2589 4651 2777 4695 contra
2801 4642 2966 4695 turris
3013 4640 3391 4702 aedificatores,
3432 4643 3507 4695 ita

1947 4739 2135 4786 contra
2193 4731 2295 4785 hos
2349 4731 2514 4784 etiam
2567 4731 2870 4794 descendit,
2920 4746 2983 4785 ac
3040 4731 3253 4798 linguas
3309 4747 3505 4786 eorum

255 4820 680 4891 ἁμφιρῤἐονται.
729 4819 871 4871 Ἀλλ’
899 4822 927 4872 ὁ
959 4821 1085 4880 τοὺς
1109 4820 1374 4886 γίγαντας
1407 4817 1483 4886 μὴ
1529 4818 1586 4870 ἐν
1636 4816 1833 4885 πλήθει
1865 4810 1909 4864 D
1942 4822 1955 4876 Ι

1806 4834 1833 4868 ιι
1865 4810 1909 4864 Ῑ)
1942 4822 2091 4876 haud
2120 4837 2250 4875 sane
2283 4821 2553 4884 confudit,
2583 4821 2676 4874 sed
2723 4821 3025 4874 exercitum
3081 4822 3135 4873 in
3167 4829 3276 4874 tres
3328 4830 3506 4887 partes

256 4914 446 4983 ίσχύος
467 4912 648 4966 αὐτῶν
671 4912 766 4964 καὶ
784 4910 994 4980 ἅρμασι
1014 4911 1107 4962 καὶ
1127 4909 1314 4970 ἵπποις
1341 4906 1608 4970 σώζεσθαι
1633 4908 1838 4973 ἀφιεὶς,

252 5009 370 5065 τοῖς
395 5004 452 5056 δέ
474 5003 756 5064 ταπεινοῖς
779 5003 872 5053 καὶ
895 4999 1190 5071 προσηνέσι
1211 4999 1368 5067 χάριν
1398 4997 1834 5060 ἐπισταλάττων,

1939 4913 2155 4976 divisit,
2193 4926 2427 4981 quarum
2465 4927 2571 4965 una
2611 4913 2677 4964 ad
2738 4909 3142 4964 Thessalonica:
3196 4909 3505 4964 custodiam

1938 5020 2063 5060 cum
2090 5004 2360 5072 expeditis
2388 5003 2621 5056 navibus
2654 5002 2842 5057 relicta
2872 5010 2978 5066 est,
3009 5002 3178 5054 altera
3203 5000 3499 5054 Serranum

251 5091 416 5159 οὗτος
472 5094 600 5155 τοὺς
647 5093 957 5161 ὑψαύχενας
1002 5088 1228 5159 ἔσφηλε,
1277 5089 1368 5140 καὶ
1412 5089 1488 5150 ὼς
1525 5087 1717 5157 πρώην
1747 5087 1840 5140 ἐπὶ
1940 5111 1951 5148 ε

1800 5087 1840 5140 εὶ
1940 5109 2131 5164 agrum
2160 5093 2385 5161 impune
2407 5093 2681 5156 vastavit;
2711 5093 2869 5145 tertia
2892 5107 3011 5159 quae
3034 5090 3262 5144 ulterius
3305 5103 3500 5159 perge-

253 5190 371 5243 τῶν
424 5184 905 5256 πυργοποιούντων
961 5179 1120 5244 αὖθις
1184 5180 1426 5248 ἀτεχνῶς
1472 5179 1716 5242 καταϐὰς
1772 5179 1831 5230 οὐ
1941 5186 1953 5240 ]

1806 5179 1831 5230 ὖ
1941 5186 2055 5247 bat,
2092 5199 2161 5238 ne
2187 5188 2304 5253 ipsa
2329 5183 2548 5251 quidem
2581 5181 2740 5250 plane
2774 5181 3067 5244 indimlsa,
3095 5187 3292 5250 partim
3353 5181 3506 5249 juxta

257 5279 484 5348 συνέχεε
506 5277 606 5346 μὲν
622 5275 721 5338 τὰς
749 5273 1000 5341 γλώσσας
1031 5273 1232 5336 αὐτῶν,
1268 5274 1346 5334 είς
1375 5273 1432 5326 δέ
1463 5270 1830 5341 τρισσούμενα
1942 5277 1957 5327 ξ

1810 5287 1830 5321 ι
1942 5277 2285 5343 Strymonem
2303 5275 2619 5327 versabatur
2634 5272 3196 5340 etAmphipolitanum
3215 5285 3399 5339 agrum
3420 5284 3510 5323 va-

253 5376 486 5433 τούτους
527 5367 834 5423 καταδιεῖλε
879 5367 1166 5436 τμήματα.
1200 5363 1274 5418 Τὸ
1307 5365 1403 5434 μὲν
1444 5367 1552 5433 γὰρ
1590 5363 1688 5432 τήν
1723 5361 1830 5414 τῶν
1938 5379 1953 5417 ε

1808 5380 1830 5414 ν
1938 5365 2133 5426 stabat,
2151 5364 2345 5432 partim
2360 5363 2609 5416 alacriter
2625 5361 2952 5414 antecedens
2968 5370 3020 5414 et
3033 5361 3183 5412 urbis
3204 5360 3508 5428 ingressum

257 5460 552 5517 Gesta.)th
587 5457 1015 5530 προκαθημένην
1054 5457 1211 5509 πόλιν
1241 5455 1398 5525 εἰάθη
1438 5457 1693 5523 φρουρεῖν
1737 5455 1829 5505 καὶ
1935 5471 1957 5508 a

1803 5455 1829 5505 λ
1935 5455 2399 5523 anticipansjuxta
2413 5451 2799 5522 Mosynopolim
2828 5460 2999 5505 castra
3019 5450 3273 5503 habebat.
3300 5449 3503 5516 thuia

258 5556 425 5622 ἔμενε
451 5551 595 5604 κατά
624 5550 810 5619 χώραν
844 5549 985 5618 μετά
1011 5550 1156 5618 νηῶν
1184 5545 1659 5616 ταχυναυτουσῶν,
1695 5546 1754 5597 τὸ
1783 5547 1839 5598 δὲ
1947 5565 1958 5610 Α

1805 5547 1839 5598 is
1947 5548 2112 5619 468
2139 5557 2403 5618 perpetuo
2433 5547 2673 5601 victores
2696 5545 2972 5599 neminem
2994 5545 3266 5598 habebant
3292 5542 3384 5611 qui
3413 5556 3505 5595 re-

259 5649 364 5708 τάς
391 5645 599 5716 Σφρας
626 5643 807 5714 ἔκειρε
834 5643 1024 5713 περιδν
1094 5643 1265 5704 ἀδεῶς
1285 5659 1298 5672 ·
1349 5641 1410 5694 τὸ
1438 5641 1495 5694 δέ
1535 5640 1717 5710 τρίτον
1747 5636 1841 5689 τοῦ
1949 5656 1959 5694 ι

1805 5636 1841 5687 ιῦ
1949 5649 2189 5700 smeret,
2223 5648 2427 5694 temere
2455 5637 2822 5691 excurrebant
2851 5653 2864 5700 ;
2898 5645 2955 5690 et
3008 5633 3284 5688 turmatim
3344 5629 3505 5684 divis!

259 5736 455 5808 πρόσω
489 5732 752 5805 ἐχόμενον
784 5732 895 5786 οὐδ’
945 5731 1077 5785 αὐτὸ
1123 5729 1380 5801 καθαρῶς
1417 5724 1484 5799 ἦν
1513 5727 1843 5797 ἀδιαίρετον,
1952 5746 1959 5782 :

1806 5741 1843 5793 ι,
1952 5728 2098 5784 alius
2115 5728 2226 5783 alio
2251 5741 2348 5798 pro
2376 5741 2473 5782 sua
2500 5727 2732 5796 quisque
2779 5723 3009 5781 libidine
3052 5722 3405 5792 vagabantur,
3459 5719 3506 5776 sl
