4284 6370
790 375 896 437 793

2016 380 2315 442 NICETE
2350 381 2757 443 CHONIATB

3921 366 4024 430 72‘

779 480 1066 552 impositas
1101 481 1250 537 omni
1279 481 1420 535 bona
1451 494 1546 553 spe
1596 481 1857 549 ﬁrmavit,
1889 498 1947 543 et
1971 487 2134 561 573
2188 488 2348 545 nobis
2376 501 2417 551 Α
2448 506 2471 542 ο

2331 505 2348 545 ι
2376 501 2417 551 Α
2448 485 2606 553 οὗτος
2627 491 2710 553 εἰς
2749 489 2926 561 ῥοπὴν
2954 488 3292 555 πλάστιγγος
3324 483 3631 554 ἐπαγαγὼν
3671 481 3745 537 τά
3776 483 4023 554 ἡμέτερα

775 575 978 629 leniter
1009 574 1291 645 castigatis
1309 574 1493 646 ﬂagris
1523 584 1741 632 nostros
1766 577 1954 635 hostes
1986 580 2145 649 longe
2174 581 2345 649 pluri-

779 666 888 721 bus
916 666 1118 731 affecit,
1169 680 1282 721 non
1344 666 1567 735 quidem
1609 668 1833 723 mutatis
1887 670 2202 735 elementis,
2247 685 2351 726 nec

777 766 921 813 terra
954 757 1238 827 productis
1268 758 1563 819 culicibus.
1607 774 1717 814 non
1771 759 1960 816 ﬂuviis
2009 777 2173 817 ranas
2221 777 2353 817 eru-

772 851 1079 915 ctantibus,
1100 865 1277 916 neque
1307 850 1673 906 crabronibus
1705 860 1831 906 ante
1861 854 2165 908 exercitum
2204 869 2365 924 praem

772 942 976 1008 missis,
1007 952 1104 997 aut
1136 943 1247 996 ullo
1281 942 1457 997 veteri
1508 944 1760 1014 prodigio
1807 944 1958 1001 edito
1991 963 2004 998 :
2049 946 2145 1000 sed
2208 944 2345 1000 illud

770 1033 1039 1087 divinitus
1068 1032 1289 1097 accidit,
1318 1043 1379 1089 ut
1397 1036 1491 1104 qui
1532 1034 1928 1090 occidebantur
1988 1051 2348 1105 percussores

771 1124 1114 1188 occiderent,
1142 1126 1377 1194 pristina
1428 1126 1724 1182 timiditate
1748 1128 1803 1182 in
1853 1142 2125 1183 summam
2176 1129 2348 1185 auda-

770 1219 914 1272 ciam
976 1232 1264 1272 conversa.
1356 1218 1493 1273 Nam
1551 1219 1741 1274 timida
1805 1235 1898 1275 res
1940 1228 2025 1276 est
2080 1221 2349 1293 improbi-

770 1319 877 1372 tas,
904 1324 969 1364 ac
989 1320 1185 1378 suopte
1215 1309 1535 1364 testimonio
1577 1310 1954 1377 convincitur,
1977 1319 2036 1367 et
2078 1324 2347 1384 arguentc

770 1401 1111 1456 conscientia
1136 1402 1273 1456 nihil
1302 1400 1430 1457 boni
1461 1410 1765 1470 exspectat.
1808 1402 1945 1456 Nam
2006 1403 2139 1472 quid
2173 1404 2348 1460 Siculi

767 1493 837 1548 de
898 1494 1163 1548 Romanis
1221 1492 1380 1564 queri
1450 1501 1771 1563 potuerunt,
1814 1509 1957 1562 quos
1985 1496 2347 1566 umbrosique

768 1585 958 1653 procul
982 1593 1195 1640 montes
1216 1584 1551 1654 pelagusque
1581 1598 1841 1639 sonorum
1864 1600 1893 1637 a
1912 1586 2073 1639 nobis
2095 1602 2349 1641 remove-

769 1676 944 1730 runt?
974 1675 1078 1729 Setl
1109 1676 1155 1729 si
1189 1689 1386 1729 arcana
1414 1675 1508 1729 Dei
1529 1674 1740 1745 judicia
1765 1674 1955 1730 rimari
1982 1677 2064 1730 las
2089 1687 2198 1741 est,
2239 1678 2347 1731 Do-

772 1766 955 1821 minus
988 1766 1264 1836 percussit
1319 1780 1441 1832 nos,
1476 1765 1604 1835 quia
1657 1775 1881 1836 peccata
1926 1779 2113 1824 nostra
2163 1778 2343 1823 norat.

779 1858 886 1912 Sed
922 1859 1049 1927 quia
1077 1858 1300 1925 superbi
1332 1868 1389 1913 et
1412 1858 1667 1912 crudeles
1683 1867 1841 1913 erant
1878 1859 1914 1912 ii
1944 1861 2040 1930 qui
2096 1877 2199 1916 nos
2255 1879 2349 1918 ca-

2455 582 2550 635 καί
2580 582 2827 653 χρηστὴν
2858 580 3054 635 ἐλπίδα
3101 578 3293 634 πᾶσαν
3345 574 3691 643 άπεηνεγκὼν.
3720 575 3869 644 ἡμᾶς
3895 590 4026 625 παι-

2450 674 2649 737 δεύσας
2686 674 2922 745 βραχέα,
2963 674 3091 736 τοὺς
3130 670 3365 743 ἐχθροὺς
3424 669 3583 740 ἡμῶν
3621 669 3681 721 ἐν
3736 667 4025 735 μυριότητι

2452 766 2859 835 ἐμαστίγωσεν,
2898 764 2962 818 οὐ
3024 761 3310 831 στοιχείων
3346 757 3866 831 μεθαρμοζομινων.
3901 756 4026 810 om

2450 857 2556 927 γῆς
2585 857 2687 926 μέν
2702 855 3008 925 ἐξαγούσης
3030 854 3235 924 πλῆθος
3253 852 3523 916 σκνιπῶν,
3558 847 3805 918 ποταμοῦ
3831 847 3879 902 δ’
3904 848 4025 912 ἐξε-

2456 948 2800 1019 ρευγομὲνου
2831 946 3033 1017 ἔνυδρα
3068 944 3186 1010 ζῶα
3242 943 3569 1014 βατράχουςς
3625 941 3749 995 οὐδὲ
3794 938 4027 1008 σφηκῶν

2451 1039 2944 1110 ἀποστελλομένων
2967 1037 3296 1109 προδρόμων
3321 1034 3418 1089 τοῦ
3442 1032 3808 1103 στρατοπέδου
3822 1032 3857 1100 ἧ
3878 1046 4027 1092 τινος

2452 1132 2643 1200 ἐτέρου
2677 1131 2787 1185 τῶν
2822 1129 3074 1183 παλαιῶν
3114 1127 3392 1193 ἐξαισίων,
3440 1127 3577 1180 ἀλλά
3629 1125 3740 1178 τῶν
3769 1125 4028 1192 ἀναιρου-

2456 1225 2639 1293 μένων
2681 1224 3125 1277 ἀποκτεινόντων
3173 1221 3301 1283 τοὺς
3349 1219 3616 1286 φονευτάς
3639 1215 3720 1287 τῷ
3765 1212 4030 1280 ἐξαίφνης

2450 1316 2533 1377 εἰς
2563 1315 2879 1383 ἀποτόμους
2909 1313 3014 1367 ὑπὸ
3040 1310 3178 1366 Θεοῦ
3218 1308 3633 1381 μεταϐληθῆναι
3663 1304 4025 1373 πολεμιστὰς,

2451 1408 2575 1461 ἐπεὶ
2603 1408 2700 1463 καί
2731 1408 2911 1461 δειλόν
2936 1423 2991 1460 τι
3027 1406 3267 1475 πρᾶγμα
3302 1405 3337 1473 ή
3364 1401 3625 1472 πονηρία,
3657 1398 3772 1468 ἰδίῳ
3799 1396 4029 1450 καταδι-

2449 1499 2764 1569 καζόμενον
2789 1498 3057 1569 μάρτυρι,
3084 1497 3181 1551 καὶ
3203 1494 3571 1565 προσείληφεν
3590 1493 3677 1544 ἀεὶ
3696 1490 3764 1543 τά
3782 1487 4029 1557 χαλεπά,

2450 1595 2516 1661 τῇ
2542 1591 2724 1662 οἰκείᾳ
2755 1590 3116 1659 συνεχόμενον
3150 1587 3479 1656 συνειδήσει.
3511 1583 3578 1636 Τί
3612 1584 3723 1653 γὰρ
3755 1580 3852 1634 καὶ
3880 1574 4032 1646 εἶχον

2450 1682 2990 1751 δειώνηέπεγκαλεῖν
3050 1680 3343 1751 Ῥωμαίοις
3383 1680 3433 1732 οἰ
3465 1676 3699 1739 Σικελοὶ,
3730 1672 3824 1733 οὒς
3858 1670 4031 1737 οὔρεά

2450 1791 2511 1828 τε
2546 1776 2806 1829 σκιόεντα
2829 1774 3079 1828 θάλασσά
3108 1790 3169 1825 τε
3186 1772 3440 1841 ἠχήεσσα
3468 1768 3722 1820 πλεῖστον
3749 1765 3846 1833 ἀφ’
3869 1762 4030 1832 ήμῶν

2451 1866 2813 1931 ἐξετόπισαν;
2846 1865 2964 1918 ἀλλ’
2990 1864 3152 1933 εἰπερ
3198 1861 3314 1915 ἐστι
3356 1861 3465 1914 τῶν
3496 1856 3811 1927 βαθυτέρων
3838 1853 4031 1906 ἀνεπι-

771 1948 1044 2020 stigandos
1079 1950 1146 2001 ab
1198 1963 1265 2003 eo
1289 1958 1668 2018 susceperant,
1707 1964 1809 2004 nec
1832 1951 1935 2021 ipsi
1966 1952 2107 2022 ejus,
2132 1954 2223 2021 qui
2248 1953 2351 2008 mi—
2448 1976 2463 2009 τ

2331 1982 2351 1994 -
2448 1957 2713 2026 πλήκτως
2746 1956 2994 2026 ἅψασθαι
3047 1955 3336 2026 χριμάτων
3366 1950 3527 2015 Θεοῦ,
3561 1950 3766 2020 Κύριος
3789 1946 4023 1999 ἔπαισεν

771 2040 1131 2097 sericordiam
1181 2040 1301 2094 vult
1326 2049 1382 2095 et
1402 2040 1587 2095 cibum
1634 2050 1935 2110 potumque
1979 2042 2349 2113 lacrymarum
2444 2052 2463 2103 ἱ

2337 2062 2349 2099 |
2444 2051 2616 2120 ἡμᾶς,
2648 2048 2733 2101 ὅτι
2771 2050 3012 2116 ἔγνωκεν
3053 2047 3441 2116 ἁμαρτήματα
3471 2041 3652 2112 ἡμῶν.
3698 2038 3841 2094 Ἀλλ’
3872 2040 4029 2091 ἐπει-

772 2133 1345 2203 suppeditat,justam
1390 2132 1823 2203 indignationem
1886 2133 2223 2204 ell‘ugerunt.
2283 2136 2351 2189 Et
2445 2140 2464 2194 ξ

2340 2144 2351 2188 ι
2445 2140 2624 2211 δήπερ
2664 2135 2811 2210 ἦσαν
2864 2138 3050 2209 ἰταμοί
3082 2154 3142 2191 τε
3178 2138 3273 2190 καὶ
3325 2134 3696 2203 ἀνελεήμονας
3744 2132 3794 2184 οἰ
3841 2128 4032 2182 θεόθεν

770 2226 899 2294 quia
926 2233 988 2278 ut
1018 2239 1049 2279 e
1080 2223 1215 2278 silva
1246 2223 1437 2277 leones
1460 2223 1746 2278 irruebant
1775 2233 1831 2278 et
1888 2233 1951 2278 ut
1973 2225 2085 2294 lupi
2118 2226 2345 2312 vastita-
2450 2249 2462 2285 ι

2342 2256 2345 2266 ι
2450 2234 2740 2302 εἰληφότες
2771 2234 2920 2303 ἡμᾶς
2948 2233 3031 2292 εἰς
3055 2229 3421 2300 μαστίγωσιν,
3456 2227 3565 2280 οὐδ’
3591 2224 3679 2297 [Ρ.
3708 2221 3840 2296 233]
3871 2221 4034 2312 αὐτοὶ

771 2326 880 2373 tem
908 2316 1221 2371 elﬁciebant
1279 2325 1336 2370 et
1380 2324 1440 2368 ut
1493 2315 1735 2382 leopardi
1788 2315 2141 2379 insultabant,
2198 2315 2343 2386 capti
2452 2338 2463 2356 ι

2341 2321 2343 2369 ὲ
2452 2321 2547 2375 τοῦ
2571 2322 2663 2373 τδν
2694 2320 2847 2373 ἔλεον
2893 2319 3147 2381 Θέλοντος
3198 2317 3294 2371 καὶ
3344 2314 3693 2384 ψωμίζοντος
3718 2314 3886 2382 ἀρτον
3931 2311 4033 2363 δα-

770 2406 1015 2477 suntqui
1040 2405 1359 2475 captabant,
1376 2406 1626 2475 oppressi
1649 2415 1781 2460 sunt
1807 2406 1900 2476 qui
1930 2408 2340 2476 Opprimebant,
2454 2430 2462 2463 :

2454 2412 2638 2481 κρύων
2713 2414 2812 2467 καὶ
2859 2410 3175 2475 ποτίζοντος
3216 2410 3277 2463 ἐν
3332 2406 3596 2477 δάκρυσιν
3625 2406 3682 2457 ἐν
3716 2403 3905 2473 μέτρῳ
3938 2400 4036 2455 τὸν

768 2506 825 2551 et
857 2506 1220 2568 temperatum
1248 2512 1277 2549 a
1327 2495 1781 2550 Dominoerroris
1808 2497 2069 2564 poculum
2129 2498 2339 2553 exbau-
2449 2504 2460 2557 l

2449 2504 2662 2559 δίκαιον
2701 2504 2858 2574 χόλον
2890 2502 3177 2570 ἐξέφυγον,
3205 2499 3322 2555 ἀλλ’
3353 2499 3430 2562 ὡς
3469 2498 3532 2549 ἐκ
3569 2494 3779 2567 δρυμοῦ
3815 2493 4038 2556 λέοντες

769 2586 1173 2660 serunt,574
1191 2588 1515 2656 expertique
1563 2595 1694 2641 sunt
1744 2587 1851 2642 sibi
1894 2603 2117 2657 quoque
2162 2590 2345 2644 inesse
2445 2596 2461 2648 ἐ

2343 2616 2345 2637 ι
2445 2596 2821 2667 ἐμπίπτοντες
2857 2595 2954 2648 καὶ
2983 2594 3058 2658 ῶς
3103 2593 3342 2656 λυκιδεῖς
3395 2589 3779 2662 ὀλοθρεύοντες
3820 2586 3918 2642 καὶ
3956 2587 4035 2647 ὡς

772 2676 1033 2737 maculas,
1062 2690 1268 2744 easque
1298 2676 1675 2730 coccineasob
1695 2677 2103 2746 sanguinariam
2133 2680 2346 2733 imma-
2452 2707 2464 2741 τ

2343 2708 2346 2719 ι
2452 2689 2725 2760 πάρδαλις
2791 2688 3176 2756 ἐφαλλόμενοι,
3228 2685 3557 2754 γεγένηνται
3605 2681 3953 2751 αἰχμάλωτοι
3982 2680 4035 2732 οἰ

771 2768 1022 2829 nitatem,
1058 2783 1182 2836 qua:
1212 2766 1461 2821 eluendae
1505 2779 1715 2823 essent.
1777 2769 1972 2841 Itaque
2030 2781 2184 2827 extra
2213 2788 2349 2829 suos
2448 2795 2463 2831 ι

2346 2809 2349 2823 ι
2448 2775 2967 2846 αἰχμαλωτίσαντες
3012 2774 3109 2827 καὶ
3156 2772 3666 2843 κατεκυριεύθησαν
3714 2771 3764 2824 οἰ
3791 2786 4038 2823 κατακυ-

771 2862 976 2916 limites
996 2861 1205 2931 evagati
1242 2872 1459 2916 nostros
1484 2863 1620 2916 lines
1680 2863 2053 2930 incursaruut,
2080 2875 2135 2921 et
2162 2868 2351 2935 paucis
2451 2887 2463 2939 ι

2347 2885 2351 2916 ι
2451 2868 2794 2939 ριεύσαντες,
2864 2866 2961 2919 καὶ
3015 2865 3325 2935 κεκέρακεν
3390 2864 3577 2926 αὐτοῖς
3618 2863 3826 2933 Κύριος
3886 2862 4039 2929 ὕδωρ

774 2952 948 3021 ρέοεῐε
979 2953 1138 3006 nobis
1165 2952 1333 3007 illatis
1359 2952 1461 3021 ipsi
1490 2955 1679 3022 plures
1706 2955 2037 3011 tolerarunt.
2448 2938 2466 3008 ι

2448 2938 2798 3028 πλανήσεως,
2822 2956 3005 3023 δείξας
3034 2955 3110 3017 ὡς
3141 2956 3237 3008 καὶ
3283 2955 3471 3022 σφίσιν
3511 2950 3656 3023 ἦσαν
3687 2952 3907 3023 κηλίδες
3942 2951 4036 3003 διὰ

769 3042 832 3095 τὸ
859 3042 952 3093 τοῦ
986 3043 1191 3111 τρόπου
1223 3044 1444 3112 φονικὸν
1481 3046 1559 3107 εἰς
1579 3047 1856 3113 φοινικοῦν
1884 3050 2230 3120 χρωζόμεναι
2260 3051 2352 3103 καὶ
2389 3050 2586 3120 νίτρων
2657 3050 2937 3119 δεόμεναι.
2974 3047 3188 3102 Οὐκοῦν
3249 3046 3344 3100 καὶ
3384 3045 3454 3099 τὰ
3482 3046 3656 3098 οἰκεῖα
3700 3045 3826 3114 ὅρια
3856 3043 4040 3111 ὑπερ-

770 3132 965 3192 ϐάντες
998 3131 1322 3199 εἰσέδραμον
1347 3133 1412 3184 τά
1447 3135 1717 3203 ἡμέτερα,
1745 3136 2147 3205 μαστιγοῦντες
2195 3139 2345 3206 ἡμᾶς
2388 3138 2597 3208 βραχέα
2630 3139 2726 3190 καὶ
2763 3136 3321 3207 μαστιγωθησόμενοι
3357 3132 3608 3187 πλείονα,

841 3218 895 3270 '5.
921 3216 998 3270 Ac
1016 3217 1294 3285 equitatus
1318 3218 1415 3271 has
1438 3233 1629 3288 ptenas
1652 3222 1912 3276 exsolvit.
1944 3222 2144 3294 Longa:
2166 3233 2349 3278 autem
2379 3232 2422 3287 c
2527 3243 2533 3255 ε

2347 3248 2349 3276 ι
2379 3232 2422 3287 c
2527 3232 2597 3291 γ’.
2626 3225 2737 3277 Καὶ
2766 3226 2865 3293 τὴν
2897 3222 2998 3294 μὲν
3030 3223 3199 3275 ῖππον
3228 3220 3402 3284 οὕτως
3431 3224 3461 3290 ὴ
3488 3221 3614 3287 δίκη
3644 3218 3914 3289 μετῆλθεν
3936 3235 3949 3248 ·
3983 3208 4039 3270 αι

772 3306 1219 3376 naves,!amplius
1243 3324 1325 3372 cc,
1351 3325 1452 3363 nec
1477 3311 1603 3378 ipsae
1630 3312 1901 3367 malorum
1923 3323 2177 3384 expertes
2202 3325 2352 3370 retro
2460 3339 2464 3364 ι

2345 3336 2352 3366 ι
2460 3316 2516 3370 δὲ
2557 3319 2769 3387 μακραὶ
2818 3316 2949 3385 νῆες
3007 3315 3151 3385 ὑπὲρ
3201 3314 3301 3377 τάς
3347 3314 3431 3376 δὶς
3486 3312 3682 3366 ἑκατὸν
3717 3311 4037 3371 οῦσαι,οὐδ⁴

772 3402 893 3456 vela
920 3401 1214 3455 dederunt.
1243 3401 1377 3456 Nam
1402 3416 1524 3455 cum
1551 3403 1616 3456 ad
1644 3405 1977 3459 Astacenum
2016 3408 2197 3461 sinum
2252 3408 2351 3462 de-
2457 3429 2464 3460 ι

2347 3435 2351 3447 ι
2457 3403 2618 3461 αὗται
2661 3408 2770 3460 τῶν
2825 3407 3015 3461 κακῶν
3065 3406 3297 3469 ἀπαθεῖς
3355 3403 3615 3477 πρύμναν
3674 3403 4039 3470 ἐκρούσαντο.

774 3509 1033 3549 scensum
1062 3493 1343 3557 iecissent,
1386 3496 1540 3549 multi
1584 3512 1613 3549 a
1668 3497 1932 3552 Romanis
1982 3500 2163 3569 copiis
2222 3500 2349 3555 cresi

2470 3498 2776 3552 Ἀποϐἄσαι
2802 3498 2914 3567 γὰρ
2948 3497 3091 3550 κατὰ
3122 3496 3215 3549 τὸν
3278 3493 3621 3561 Ἀστακηνὺν
3666 3493 3871 3545 κόλπον
3912 3492 4042 3545 πολι

772 3596 923 3649 sunt,
953 3602 1073 3655 qua:
1098 3587 1301 3655 passim
1335 3586 1388 3639 in
1424 3587 1707 3642 littoribus
1729 3590 2096 3658 prohibebant
2131 3594 2348 3661 quomi-

774 3696 881 3734 nus
915 3679 1275 3748 appellerent.
1312 3693 1413 3733 nec
1441 3696 1668 3748 usquam
1696 3696 1793 3735 eos
1841 3682 2219 3739 continentem
2270 3694 2353 3739 at-

778 3772 993 3839 tingere
1014 3769 1386 3839 patiebantur.
1416 3758 1625 3835 Quodsi
1659 3772 1879 3840 quando
1904 3773 2075 3827 Siculi
2126 3786 2218 3829 aut
2243 3783 2351 3829 ter—

778 3876 896 3914 ram
928 3858 1265 3925 spectabant,
1290 3867 1382 3911 aut
1409 3860 1582 3914 scalas
1610 3860 1985 3928 proferebant,
2013 3863 2193 3917 statim
2230 3864 2353 3919 telis

775 3963 1033 4020 tanquan
1070 3951 1325 4003 ﬂuetibus
1347 3950 1529 4003 obruti
1577 3968 1685 4005 non
1719 3953 1881 4007 aliter
1906 3970 2073 4023 quam
2102 3956 2349 4009 testudi-

777 4045 866 4097 nis
883 4042 1357 4097 conchasnavium
1393 4042 1633 4097 tabulata
1663 4044 1945 4100 subibant.
1983 4046 2098 4100 Etsi
2157 4057 2347 4101 autem

786 4146 997 4189 tantum
1024 4150 1313 4189 numerum
1350 4136 1568 4189 navium
1598 4136 1898 4200 habebant,
1933 4147 2115 4191 tamen
2151 4151 2357 4193 nostra:

784 4243 891 4279 non
920 4226 1157 4294 amplius
1182 4242 1210 4280 c
1233 4241 1356 4280 cum
1382 4226 1462 4279 eis
1492 4226 1786 4296 conﬂigere
1815 4229 2134 4297 cupiebant.
2168 4229 2357 4297 Neque

782 4332 916 4371 vero
942 4318 1155 4372 classici
1189 4317 1453 4370 duntaxat
1482 4316 1789 4381 fervebant,
1825 4320 1920 4373 sed
1973 4320 2128 4373 multi
2187 4322 2353 4374 etiam

786 4426 852 4464 ex
880 4409 1036 4463 urbis
1062 4408 1277 4471 incolis,
1306 4409 1576 4463 naviculis
1600 4411 1923 4465 conscensis
1945 4422 2001 4466 et
2031 4412 2204 4466 armis
2230 4412 2354 4466 obi-

2453 3588 2578 3653 λοὺς
2605 3588 2940 3644 ἀπεϐάλοντο
2963 3590 3072 3641 τῶν
3106 3587 3430 3657 πλωτήρων,
3473 3587 3810 3654 Ῥωμαϊκαῖς
3832 3586 4044 3653 ἐγκύρο

2459 3699 2624 3736 σασαι
2660 3682 2966 3752 στρατιαῖς,
2998 3680 3054 3732 αἶ
3095 3681 3197 3742 τὰς
3246 3677 3561 3748 ἐνορμίσεις
3610 3676 3793 3731 αὐτῶν
3828 3675 4045 3730 ἀπεκώ-

2456 3773 2582 3825 λυον
2612 3772 2757 3841 ἀμφὶ
2788 3771 2886 3834 τὰς
2917 3769 3087 3832 ἀκτὰς
3114 3769 3486 3835 ἑλισσόμεναι,
3510 3767 3606 3821 καὶ
3628 3768 3810 3820 πᾶσαν
3836 3766 4043 3821 ἄϐατον

2456 3864 2677 3917 ἐποίουν
2710 3864 2963 3935 ἤπειρον.
2996 3861 3069 3915 Τὸ
3099 3860 3210 3929 γὰρ
3238 3860 3520 3913 Σικελικὸν
3541 3859 3799 3913 ναυτικὸν
3828 3860 3886 3911 εἰ
3912 3876 4043 3911 ποτε

2457 3958 2598 4012 κατά
2637 3957 2835 4027 χέρσον
2868 3953 3189 4024 προῦκυψεν
3212 3953 3246 4022 ἢ
3272 3951 3598 4022 ἀποϐάθραν
3634 3951 3852 4017 ἔϐαλεν,
3878 3951 4046 4013 εὐθὺς

2456 4049 2569 4108 τοῖς
2627 4046 2840 4114 βέλεσιν
2869 4045 2946 4107 ὼς
2998 4042 3193 4103 ὓδατος
3219 4042 3446 4108 σταγόσι
3518 4041 3784 4095 πάντοθεν
3836 4058 4045 4093 κατανο

2458 4137 2778 4205 τλούμενον,
2809 4136 2885 4198 ὡς
2911 4135 3149 4205 κέλυφος
3179 4133 3412 4202 χελῶναι
3461 4134 3531 4187 τὰ
3564 4133 3674 4187 τῶν
3731 4132 3880 4201 νηῶν
3914 4133 4047 4186 ὑπέ-

2459 4246 2624 4299 τρεχε
2651 4225 3121 4296 καταστρώματα.
3155 4225 3291 4285 Ταῖς
3321 4224 3378 4277 δὲ
3403 4226 3563 4277 ναυσὶ
3591 4223 3889 4286 τοσαύταις
3941 4223 4036 4275 οῦ-

2462 4336 2585 4381 σαις
2624 4319 2716 4371 τὸν
2741 4317 2979 4387 ἀριθμὸν
3014 4318 3070 4369 αἱ
3093 4316 3368 4387 ἡμέτεραι
3402 4314 3641 4379 εἰσάπαξ
3682 4314 3883 4367 ἑκατὸν
3916 4331 4050 4383 συγ-

2463 4413 2832 4483 κροτούμεναι
2891 4408 3165 4479 μάχεσθαι
3232 4407 3608 4476 ἀπεθάρῤουν.
3683 4408 3795 4461 Καὶ
3855 4406 3919 4459 οὗ
3985 4406 4047 4457 τὸ

787 4512 871 4555 ter
902 4500 1137 4568 arreptis
1164 4501 1441 4560 instructi,
1477 4499 1543 4554 ad
1576 4501 1765 4555 hostes
1791 4503 2132 4558 invadendos
2177 4505 2352 4574 parati
2392 4567 2422 4574 _
2462 4526 2479 4560 κ

2392 4567 2422 4574 _
2462 4507 2724 4560 ναυτικὸν
2754 4504 3085 4573 ἐκαρδίωττε
3134 4502 3318 4571 μόνον,
3366 4497 3504 4551 ἀλλὰ
3549 4500 3645 4551 καὶ
3695 4496 3885 4549 πολλοὶ
3937 4496 4047 4549 τῶν

786 4602 961 4646 erant.
988 4567 1093 4646 Sed
1136 4591 1188 4645 id
1218 4591 1286 4645 ab
1320 4592 1650 4662 imperatam
1685 4601 1740 4647 et
1792 4604 1990 4647 senatu
2021 4596 2102 4649 eis
2131 4567 2358 4650 conces-
2392 4567 2435 4621 θ
2464 4601 2478 4650 t’

2354 4626 2358 4635 -
2392 4567 2435 4621 Β
2464 4567 2999 4657 ἀστυπολιτῶνψταῖς
3038 4567 3257 4648 ἁλιάσιν
3288 4588 3559 4659 ἐμϐάντες
3606 4587 3703 4641 καὶ
3752 4588 3864 4656 ὅτῳ
3890 4586 4046 4658 τύχοι

787 4684 1071 4754 ευιιι475
1089 4695 1318 4747 nonest,
1334 4685 1423 4755 qui
1442 4702 1547 4739 non
1568 4696 1780 4740 tantum
1798 4686 2139 4741 alacritatem
2156 4688 2356 4741 civium

789 4776 1129 4851 spectabant,
1159 4775 1251 4829 sed
1283 4779 1447 4830 etiam
1479 4777 1765 4831 hostilium
1796 4778 2019 4832 navium
2044 4779 2357 4832 multitudi-

788 4882 913 4920 nem
940 4867 1365 4922 considerabant
1394 4887 1407 4934 ;
1430 4884 1606 4938 eaque
1633 4869 1702 4924 de
1727 4885 1893 4924 causa
1920 4880 2121 4923 nostrre
2188 4886 2359 4925 naves

787 4959 851 5012 ad
878 4958 1164 5014 Cionicum
1199 4961 1357 5015 littus
1390 4963 1446 5015 in
1473 4963 1694 5017 ancoris
1717 4972 1929 5018 stantes
1971 4964 2204 5018 ulterius
2248 4980 2357 5017 non

787 5052 1308 5127 progrediebantur.
1340 5053 1543 5110 Classis
1573 5071 1703 5109 vero
1735 5056 1955 5110 hostilis
1986 5071 2111 5109 cum
2142 5056 2207 5109 ad
2235 5054 2357 5109 dies

787 5144 1183 5211 septemdecim
1210 5146 1264 5200 in
1292 5147 1486 5203 insulis
1508 5147 1854 5203 consedisset
1881 5163 1983 5202 nec
2009 5145 2358 5217 popularium

791 5253 1119 5307 quemquam
1160 5248 1304 5294 terra
1336 5242 1599 5296 accedere
1651 5242 1903 5305 vidisset,
1957 5256 2166 5295 moram
2211 5241 2355 5293 illam

794 5331 927 5384 nihil
956 5330 1081 5383 boni
1111 5335 1437 5399 portendere
1458 5335 1708 5387 arbitrati
1731 5336 1795 5389 tle
1818 5334 1997 5387 reditu
2022 5334 2361 5402 cogitarunt,

2467 4687 2939 4755 καθοπλισάμενοι
2978 4685 3071 4737 τδν
3101 4683 3271 4736 πλοῦν
3294 4682 3354 4745 ἐς
3386 4679 3513 4740 τοὺς
3545 4678 3848 4748 πολεμίους
3880 4678 4051 4745 ἐσφυ-

2464 4778 2556 4843 ζον
2584 4778 2775 4831 θέσθαι
2799 4794 2813 4808 ο
2850 4777 2910 4829 οὐ
2939 4771 3350 4845 συνεχωροῦντο
3379 4770 3436 4824 δὲ
3464 4768 3603 4839 πρὸς
3641 4767 3737 4821 τοῦ
3774 4767 4051 4837 βασιλέως

2464 4874 2561 4924 καὶ
2588 4871 2699 4924 τῶν
2734 4866 3318 4937 συνδιασκεπτομένων
3346 4861 3498 4931 αὐτῷ
3532 4861 3601 4913 τά
3632 4859 3811 4923 κοινὰ,
3841 4859 3945 4911 οὐκ
3972 4859 4049 4921 εἰς

2465 4964 2528 5016 τὸ
2560 4961 2842 5032 πρόθυμον
2873 4960 2982 5013 τῶν
3021 4957 3310 5028 ἡμετέρων
3339 4952 3553 5023 ἀφορᾷν
3593 4950 3756 5021 μόνον
3784 4948 4027 5019 ἐχόντων

2467 5054 2610 5109 ἀλλὰ
2637 5053 2738 5107 καὶ
2758 5053 2819 5105 τὸ
2855 5050 3168 5121 ὑπερπαῖον
3217 5045 3627 5117 προορωμένων
3671 5040 3784 5093 τῶν
3815 5040 4051 5106 ἀντιμα-

2466 5146 2716 5217 χομένων
2739 5143 2906 5215 νηῶν.
2938 5142 3050 5195 Καὶ
3091 5138 3233 5194 κατά
3262 5135 3425 5190 τοῦτο
3479 5135 3610 5203 περὶ
3638 5133 3742 5203 τὴν
3773 5131 3885 5184 τῶν
3916 5131 4049 5182 Κιό-

2470 5256 2577 5291 νων
2619 5238 2775 5306 ἠϊόνα
2831 5236 2890 5289 αἰ
2948 5234 3200 5303 τριήρεις
3261 5229 3585 5283 σαλεύουσαι
3624 5225 3687 5278 οὗ
3735 5225 4053 5293 περαιτέρω

2471 5330 2746 5401 προῄεσαν
2767 5343 2781 5357 ’
2811 5331 2838 5381 ό
2864 5327 2920 5380 δὲ
2950 5326 3062 5379 τῶν
3096 5323 3356 5377 ἐναντίων
3385 5321 3573 5383 στόλος
3597 5318 3727 5388 περὶ
3750 5317 3852 5381 τὰς
3880 5317 4052 5368 ἐπτα-

789 5421 1127 5491 incensaque
1157 5423 1456 5495 Calonymo
1494 5426 1669 5479 insula
1717 5434 1773 5478 et
1835 5424 2088 5478 ﬁnitimis
2134 5424 2189 5477 in
2243 5422 2365 5477 sinu
2466 5442 2481 5477 ι

2355 5439 2365 5475 l
2466 5424 2701 5477 καίδεκα
2731 5421 2951 5492 ἡμέρας
2984 5419 3084 5490 τὴν
3116 5416 3312 5485 κώπην
3345 5412 3556 5483 σχάσας
3596 5413 3655 5464 ἐν
3688 5411 3812 5471 ταῖς
3836 5410 4047 5478 νήσοις,

790 5510 1167 5583 Hellespontio
1192 5516 1329 5570 locis
1352 5517 1577 5570 domum
1606 5533 1797 5571 versus
1821 5524 2218 5587 perrexerunt.

2462 5514 2537 5576 ὡς
2560 5515 2754 5567 οὐδένα
2800 5529 2919 5575 πως
2961 5511 3110 5575 ἐώρα
3161 5508 3273 5561 τῶν
3319 5502 3611 5574 ὁμοφύλων
3664 5502 3810 5556 κατά
3846 5501 4048 5571 χέρσον

794 5608 1109 5674 προσιόντα,
1152 5608 1251 5660 οὐκ
1286 5608 1499 5679 ἀγαθὴν
1535 5610 1768 5670 εἰκάσας
1802 5610 1903 5674 τὴν
1937 5609 2211 5678 ἀναϐολὴν
2251 5608 2659 5678 μεθαρμόζεται
2731 5606 2869 5675 πρὸς
2935 5602 3259 5656 ἀπόπλοιαν.
3327 5597 3439 5652 Καὶ
3470 5596 3535 5666 δὴ
3566 5593 3667 5664 τὴν
3737 5594 3903 5662 νῆσον
3949 5592 4047 5659 τὴν

790 5694 1128 5762 Καλὼνυμον
1179 5697 1561 5766 πυρπολήσας,
1624 5697 1720 5750 καὶ
1794 5699 1894 5750 ὅσα
1978 5698 2198 5764 πάραλα
2258 5701 2435 5749 κεῖται
2472 5696 2615 5749 κατὰ
2662 5693 2754 5746 τὸν
2817 5693 3015 5746 κόλπον
3036 5690 3130 5742 τὸν
3201 5684 3648 5756 Ἑλλησπόντιον,
3706 5680 3887 5749 εἴχετο
3950 5679 4042 5732 τοῦ

790 5782 972 5834 οἴκαδε
1007 5782 1161 5835 πλοῦ.
1194 5784 1333 5836 Φασί
1356 5783 1412 5835 δὲ
1448 5784 1519 5843 ὡς
1560 5784 1888 5836 καὶτούτων
1949 5784 2142 5836 πολλαὶ
2185 5785 2469 5853 ἄντανδροι
2533 5781 2609 5850 τῷ
2681 5780 2827 5849 βυθῷ
2898 5777 3225 5836 κατέδυσαν,
3258 5770 3599 5833 ἁντιπνοέαις
3632 5767 4040 5838 περιπεσοῦσαε

791 5870 883 5921 καὶ
912 5869 1357 5939 καταιγιδώδεσιν
1402 5868 1754 5942 ὁμιλήσασαι’
1793 5868 2090 5941 πνεύμασι.
2126 5870 2233 5924 Καὶ
2262 5870 2417 5943 λιμὸς
2448 5871 2501 5924 δὲ
2534 5874 2621 5924 καὶ
2656 5869 2806 5931 νόσος
2832 5867 2974 5921 ἔστιν
2999 5865 3066 5929 ὄις
3090 5863 3408 5928 ἐξεκένωσε.
