4304 6354
242 352 350 415 725

1318 350 1418 412 DE
1454 347 1756 410 ISAACIO
1798 347 2099 408 ANGELO
2131 346 2278 409 LIB.
2323 349 2374 408 l.

3379 336 3496 406 726

315 463 427 517 Καὶ
463 460 609 518 οὕτω
639 461 739 533 μιν
763 461 826 518 οὐ
859 463 1010 532 μεῖον
1038 461 1070 533 ἢ
1094 460 1231 516 δέκα
1264 460 1503 531 χιλιάδες
1557 458 1818 530 μαχίμων
1845 461 1895 519 Α
1991 459 2015 513 ῐ

1792 475 1818 511 ν
1845 461 1895 519 Α
1991 459 2200 513 Ferunt
2224 467 2406 513 autem
2437 455 2638 512 multas
2679 469 2848 511 naves
2879 469 3004 511 cum
3036 453 3355 511 vectoribus
3391 455 3492 510 ad-

242 555 459 626 ἀνδρῶν
490 555 549 607 ὲν
588 557 771 608 τοῖσδε
811 557 925 618 τοῖς
967 555 1228 623 πολέμοις
1283 553 1566 606 ἀπώλοντο
1589 569 1606 586 ο
1660 553 1818 608 αὐτοὶ⁹

242 649 300 701 δὲ
337 651 386 700 oi
415 646 803 715 ζωγρηθέντες
834 648 956 700 κατ’
1007 646 1354 715 ἀμφοτέρους
1387 647 1514 708 τοὺς
1543 646 1816 714 πολέμους

245 738 389 807 ὐπὶρ
447 738 545 798 τὰς
611 737 885 808 τέσσαρας
941 736 1188 806 χιλιάδας
1251 737 1648 807 ἀριθμούμενοι
1695 739 1816 798 ταῖς

245 829 538 898 δημοσίαις
570 829 844 897 φυλακαῖς
883 829 1264 900 ἐνείρχθησαν.
1299 827 1390 899 Μὴ
1424 831 1486 882 ὲκ
1521 827 1822 897 βασιλικῶν

244 920 304 973 δι
335 920 721 988 ψωμιζόμενοι
753 920 1020 987 ταμιείων
1056 921 1090 991 ἧ
1130 937 1280 982 τινος
1322 919 1431 973 τῶν
1475 921 1574 972 ὅσα
1625 919 1688 972 τὸ
1722 918 1823 988 ζῇν

248 1011 544 1080 συνίστησι
599 1011 1106 1080 μεταλαγχάνοντες
1159 1013 1385 1068 ἄλλοθέν
1431 1011 1616 1076 ποθεν,
1676 1011 1826 1080 ἄρτῳ

245 1103 303 1156 δὲ
329 1104 477 1173 μόνῳ
502 1103 802 1166 διαζῶντες
833 1104 1230 1174 χορηγουμένῳ
1261 1104 1397 1174 πρὸς
1425 1105 1534 1157 τῶν
1562 1102 1825 1170 θεοφιλῶς

249 1195 749 1261 ιπισκεπτομένων
787 1196 918 1259 τοὺς
947 1197 1004 1248 ὲν
1044 1199 1165 1258 ταῖς
1198 1197 1465 1266 είρκταῖς,
1497 1195 1684 1257 κακῶς
1732 1197 1828 1262 ὲφο

246 1283 519 1353 θείροντο,
549 1284 682 1336 ῶειθ⁹
728 1287 755 1338 ό
786 1285 886 1354 τὴν
917 1286 1094 1355 ἀρχὴν
1124 1287 1222 1354 τῆς
1273 1287 1522 1348 Σικελίας
1570 1286 1828 1356 χειρίζων

248 1375 344 1426 καὶ
370 1375 471 1442 τὴν
512 1374 633 1426 τότε
661 1375 806 1428 κατά
842 1376 1133 1443 Ῥωμαίων
1159 1377 1370 1445 κίνησιν
1394 1377 1640 1445 θέμενος.
1672 1376 1830 1428 τοῦτο

250 1465 561 1533 πυθόμενος
602 1466 692 1518 διά
744 1468 1098 1535 γραμμάτων
1151 1468 1243 1520 τὸν
1285 1468 1513 1534 βασιλέα
1571 1465 1658 1537 ιΡ.
1702 1465 1828 1537 954]

252 1554 554 1624 ιχλεύαζεν
594 1558 670 1620 ῶς
701 1558 1143 1628 ἀφιλανθρώπως
1177 1560 1353 1613 ἐῶντα
1384 1560 1530 1628 λιμῷ
1561 1562 1655 1613 καὶ⁵
1692 1577 1834 1627 γυμ-

250 1650 438 1718 νότητι
469 1651 941 1716 παραπόλλυσθαι
977 1651 1221 1720 τηλίκων
1267 1653 1364 1706 καὶ
1413 1653 1687 1705 τοσούτων
1718 1653 1834 1704 στί-

251 1757 352 1809 χας
399 1740 633 1806 ἀνδρῶν,
693 1743 942 1810 ἐναργῶς
997 1743 1098 1812 μὲν
1157 1745 1447 1812 ἀραμένων
1495 1744 1637 1797 ὅπλα
1693 1744 1833 1796 κατά

1920 549 2098 605 versis
2152 550 2332 604 ventis
2376 557 2434 603 et
2486 549 2802 604 turbinibus
2841 548 3125 603 demersas
3175 564 3316 612 esse,
3353 549 3498 603 alias

1921 644 2116 700 morbo
2145 651 2203 698 et
2225 644 2366 698 fama
2396 644 2710 700 exhaustas.
2738 645 2815 699 lta
2849 661 2882 698 x
2911 644 3155 699 millibus
3182 643 3329 698 haud
3358 659 3496 713 pau-

1922 736 2104 790 ciores
2138 736 2226 789 his
2257 736 2418 790 bellis
2447 736 2754 806 perierunt.
2783 734 2936 791 Ultra
2969 751 3023 790 tv
3053 733 3224 789 millia
3257 743 3497 802 utroque

1922 827 2068 881 bello
2097 827 2152 880 in
2188 841 2440 882 carceres
2470 827 2700 892 inclusa,
2734 841 2860 881 cum
2887 825 3026 880 nihil
3058 827 3127 881 ab
3157 827 3501 895 imperatore

1931 927 2028 972 aut
2082 918 2306 974 aliunde
2366 919 2818 988 suppeditaretur
2868 926 3070 989 praeter
3119 933 3341 987 panem,
3402 917 3498 986 qui

1925 1011 2146 1080 pietatis
2177 1027 2308 1083 ergo
2354 1027 2385 1066 a
2441 1013 2724 1067 nonnullis
2771 1011 3319 1071 subministrabatur.
3357 1009 3507 1064 male

1929 1103 2240 1171 perierunt.
2270 1102 2390 1169 Quo
2423 1119 2520 1158 rex
2551 1103 2778 1164 Sicilia,
2811 1103 2956 1156 illius
2993 1102 3122 1157 belli
3153 1109 3369 1161 auctor.
3402 1115 3504 1155 au-

1929 1191 2048 1246 dito
2097 1191 2414 1260 imperatori
2464 1209 2563 1263 per
2607 1195 2819 1247 litteras
2866 1193 3266 1247 immanitatem
3301 1205 3503 1259 expro-

1931 1283 2135 1345 bravit,
2167 1284 2260 1352 qui
2295 1284 2435 1338 fame
2471 1294 2528 1338 et
2575 1283 2740 1355 476
2771 1284 2974 1354 frigore
3015 1291 3096 1338 tot
3123 1283 3272 1337 viros
3319 1282 3508 1350 perire

1932 1384 2233 1444 pateretur.
2269 1375 2384 1444 qui,
2418 1374 2521 1429 etsi
2541 1390 2692 1431 more
2726 1375 2854 1429 belli
2879 1384 3068 1445 aperte
3103 1389 3255 1428 arma
3289 1373 3511 1427 intulis-

1932 1473 2079 1527 sent,
2114 1474 2294 1520 tamen
2323 1465 2624 1520 Chris’tiani
2659 1476 2848 1521 essent
2889 1475 2945 1520 et
2987 1481 3017 1520 a
3052 1466 3164 1520 Deo
3219 1465 3274 1519 in
3309 1478 3508 1520 manus

1932 1558 2055 1625 ejns
2089 1558 2288 1612 traditi.
2327 1558 2460 1612 Esse
2501 1569 2685 1612 autem
2731 1574 2760 1613 a
2788 1559 2997 1613 victore
3043 1567 3140 1612 ant
3181 1558 3369 1624 statim
3416 1571 3511 1610 ca-

1933 1649 2066 1720 pitis
2118 1649 2460 1704 damnandos
2512 1650 2777 1720 captivos.
2827 1650 3007 1704 omnis
3047 1649 3408 1704 humanitatis
3437 1646 3510 1702 ob

1941 1740 2252 1810 insperatos
2285 1756 2577 1796 successus
2606 1742 2782 1796 oblito
2818 1752 2876 1797 et
2899 1741 2956 1796 in
2997 1741 3170 1796 feram
3205 1753 3508 1803 converso;

264 1831 558 1900 Ῥωμαίων
585 1833 736 1904 νόμῳ
769 1835 1037 1904 πολέμου,
1095 1837 1442 1908 Χριστιανῶν
1492 1836 1539 1890 δ’
1569 1839 1721 1907 ὅμως
1747 1836 1836 1887 δν-
1870 1812 1909 1866 Β
1939 1845 1964 1883 a

1813 1865 1836 1876 -
1870 1812 1909 1866 Β
1939 1840 2035 1883 aut
2061 1831 2104 1883 si
2134 1830 2184 1884 id
2221 1831 2380 1894 nolit,
2407 1831 2601 1886 saltem
2645 1831 2882 1886 frustum
2923 1831 3084 1901 panis
3126 1829 3360 1899 captivis
3407 1829 3512 1883 im-

251 1921 515 1974 των·καί
569 1924 618 1975 oi
679 1923 1136 1994 παραδεδομένων
1181 1928 1262 1990 είς
1293 1929 1485 1996 χεῖρας
1522 1927 1628 1979 ὑπὸ
1675 1925 1834 1979 Θεοῦ.

256 2011 473 2080 Χρῆναι
518 2012 565 2064 δ’
598 2013 752 2081 ἱλεγε
782 2015 878 2069 τὸν
909 2016 1146 2069 νικῶντα
1180 2014 1212 2086 ἢ
1256 2017 1640 2085 πανωλεθρίαν
1675 2017 1839 2080 εὐθὺς

259 2104 371 2156 τῶν
403 2102 805 2174 ζωγρηθέντων
837 2109 1347 2178 καταψηφίζεσθαι,
1399 2111 1480 2172 είς
1511 2110 1704 2179 θηρίου
1735 2108 1838 2176 φύ-

258 2195 443 2246 σινοὲκ
479 2195 681 2249 πολλοῦ
719 2196 814 2250 τοῦ
875 2197 1191 2266 παραλόγου
1245 2197 1693 2266 μεταμειφθέντα
1747 2197 1842 2248 καὶ

257 2281 352 2334 τὸν
378 2281 724 2352 ἀνθρώπινον
749 2286 914 2355 νόμον
939 2286 1438 2357 παράϐλεψάμενον
1459 2305 1472 2318 ο
1506 2287 1538 2357 ἢ
1574 2285 1651 2355 μὴ
1686 2285 1836 2339 eam-

262 2375 522 2442 μάσαντα
573 2377 754 2442 τοῦτο,
809 2378 1172 2445 συνειληφότα
1205 2378 1262 2432 δὲ
1311 2380 1407 2431 καὶ
1448 2377 1839 2448 καθείρξαντα,

256 2465 468 2535 τρύφος
503 2468 635 2534 γοῦν
659 2471 826 2538 ἄρτου
844 2470 1201 2539 διαθρύπτειν
1232 2471 1613 2540 ὀκτάϐλωμον,
1643 2473 1690 2523 εί
1715 2471 1844 2540 περὶ

259 2556 360 2626 τὴν
389 2557 588 2626 διαρκῆ
620 2560 891 2630 διαίτησιν
921 2561 1328 2632 κιμϐικεύεται,
1377 2564 1514 2617 ἀλλά
1556 2565 1630 2632 μὴ
1671 2581 1845 2633 τιμω-

263 2652 378 2718 ρεῐν
411 2651 507 2704 τοῦ
543 2650 628 2704 διὰ
667 2652 856 2722 ξίφους
891 2655 986 2706 καὶ
1049 2655 1249 2708 αὐτίκα
1285 2655 1456 2725 μόρου
1509 2655 1846 2724 μακρότερα,

261 2740 559 2810 λιμώττειν
589 2746 897 2815 παρεικότα
941 2747 1036 2800 καὶ
1065 2747 1293 2816 παγετῷ
1331 2747 1428 2799 καὶ
1460 2746 1658 2817 κρυμῷ
1701 2746 1852 2815 διαρ-

263 2834 576 2904 ρηγνυσθαι
609 2837 798 2900 κακῶς
821 2839 924 2908 τὴν
943 2837 1144 2908 ψυχὴν,
1179 2841 1275 2893 καὶ
1306 2841 1470 2908 φόνου
1495 2840 1677 2891 αἰτίαν
1708 2838 1850 2890 ἑπά-

1937 1920 2314 1989 pertiendum,
2352 1922 2396 1975 si
2440 1922 2512 1976 ita
2545 1921 2807 1977 sordidus
2835 1923 2908 1976 sit
2939 1933 3000 1975 ut
3035 1937 3136 1976 eos
3163 1921 3311 1975 alere
3345 1918 3508 1973 nolit.

1937 2011 2052 2066 Etsi
2111 2012 2261 2067 enim
2317 2029 2415 2068 eos
2463 2014 2646 2084 gladio
2694 2029 2804 2068 non
2865 2013 3107 2084 trajiciat
3174 2028 3280 2068 nec
3337 2013 3516 2067 telum

1937 2111 2230 2158 cruentum
2254 2119 2285 2158 e
2319 2104 2626 2159 visceribus
2654 2121 2844 2160 eorum
2871 2105 3149 2168 extrahat,
3175 2113 3358 2159 tamen
3383 2118 3516 2158 cum

1938 2208 2037 2247 eos
2091 2195 2292 2265 frigore
2347 2206 2402 2252 et
2459 2197 2599 2252 fame
2650 2198 2954 2253 crudeliter
3007 2197 3288 2260 conficiat,
3337 2196 3520 2251 nihilo

1942 2286 2126 2341 minus
2173 2287 2338 2344 caedis
2384 2303 2506 2344 esse
2565 2304 2744 2344 reum.
2795 2290 2986 2358 Neque
3043 2289 3191 2346 enim
3247 2289 3513 2344 interesse

1950 2387 2136 2431 utrum
2179 2378 2294 2447 ipse
2345 2379 2563 2435 occidas
2624 2398 2692 2436 an
2747 2381 2912 2437 caedis
2964 2397 3186 2439 causam
3243 2381 3510 2452 praebeas.

1944 2467 2149 2522 Verum
2206 2469 2504 2538 imperator
2535 2471 2656 2527 istis
2701 2471 2908 2528 litteris
2952 2489 3144 2543 parum
3192 2482 3378 2528 motus
3410 2472 3514 2525 mi-

1955 2577 2112 2618 seros
2139 2564 2356 2620 Siculos
2386 2581 2540 2635 aeque
2581 2576 2640 2621 ut
2668 2578 2829 2623 antea
2867 2568 3048 2639 perire
3089 2567 3324 2631 sinebat,
3358 2565 3513 2636 quasi

1945 2668 2077 2708 vero
2110 2655 2305 2710 liceret
2331 2657 2593 2727 quicquid
2630 2659 2901 2714 libuisset.
2941 2659 3098 2728 Saepe
3134 2659 3300 2727 igitur
3318 2656 3512 2712 eodem

1948 2743 2037 2798 die
2064 2745 2179 2800 bini
2215 2756 2270 2801 et
2307 2749 2470 2812 terni,
2512 2750 2630 2803 sine
2652 2750 2882 2816 inferiis,
2915 2761 3159 2805 extrema
3190 2749 3416 2814 lotione,
3457 2746 3513 2801 in

1953 2841 2266 2892 emmeteria
2299 2848 2352 2894 et
2387 2855 2650 2896 cavernas
2683 2843 3138 2912 conjiciebantur,

265 2927 488 2993 γεσθαι,
525 2931 574 2982 εί
601 2933 695 2983 καὶ
726 2931 802 3002 μὴ
841 2934 908 2985 τά
964 2932 1165 3000 στέρνα
1205 2933 1450 3000 διατορεῖ
1491 2931 1679 3000 δόρατι
1724 2930 1754 2998 ἢ
1788 2929 1848 2980 τὸ
1891 2927 2042 2998 βέλος
2077 2930 2466 3000 ἁρπαζόμενον
2527 2935 2638 2996 τοῖς
2707 2936 3001 3003 σπλάχνοις
3038 2935 3132 2987 καὶ
3167 2931 3518 3000 ἐμϐαπτόμε-

263 3031 358 3067 νον
389 3016 689 3080 δείκνυσιν,
712 3020 838 3071 ἐπεὶ
868 3019 1005 3088 μηδὲ
1037 3018 1323 3090 διαφέρειν
1353 3020 1414 3070 τὸ
1447 3017 1710 3088 φονεῦσαι
1777 3016 1873 3067 καὶ
1911 3017 2074 3084 φόνου
2109 3023 2418 3088 παρασχεῖν
2483 3022 2778 3090 πρόφασιν.
2810 3022 3069 3084 Βασιλεὺς
3093 3021 3150 3074 δὲ
3171 3022 3304 3074 ὠσὶν
3329 3022 3518 3089 ἄκροις

264 3102 718 3172 παραδεξάμενος
760 3106 828 3158 τά
866 3107 1213 3174 γραφόμενα,
1250 3105 1401 3158 εἴασε
1434 3106 1558 3167 τοὺς
1599 3103 1837 3167 τάλανας
1876 3104 2131 3168 Σικελοὺς
2162 3107 2238 3168 ῶς
2263 3108 2529 3178 πρότερον
2549 3109 2854 3177 φθίνεσθαι,
2895 3110 2972 3171 ὡς
3047 3111 3107 3162 εν
3174 3109 3322 3177 αὐτῷ
3367 3109 3520 3171 δντος

264 3191 362 3244 τοῦ
394 3192 422 3243 ὅ
451 3191 506 3243 τί
538 3192 658 3245 ποτ’
693 3192 759 3245 ἂν
787 3194 986 3256 αὐτοὺς
1017 3193 1264 3263 βούλοιτο
1284 3193 1505 3262 δρᾶσαι.
1532 3191 1732 3245 Σύνδυο
1789 3187 1882 3244 οὖν
1923 3192 2016 3244 καὶ
2050 3193 2301 3264 σύντρεις
2354 3196 2616 3257 πολλάκις
2642 3196 2740 3265 τῆς
2785 3197 2999 3266 ἠμέρας
3073 3196 3519 3264 ὲκκομιζόμενοι,

263 3279 647 3350 νεκροταφίων
719 3281 944 3350 ἄμοιροι
996 3281 1094 3334 καὶ
1167 3281 1304 3351 ἄτερ
1363 3279 1475 3332 τῶν
1522 3279 1852 3332 τελευταίων
1893 3278 2156 3351 λουτρῶν,
2230 3283 2371 3336 κατὰ
2439 3284 2550 3335 τῶν
2585 3282 2957 3353 πολυανδρίων
2988 3282 3399 3349 ἔξετινάσσοντο
3427 3294 3521 3342 καὶ⁸

263 3366 621 3420 καταδύσεων
658 3366 768 3419 τῶν
800 3367 1092 3434 ὑπογείων.

343 3458 597 3521 Καθίσας
623 3459 668 3512 δ’
699 3461 729 3512 ό
767 3459 1024 3528 βασιλεὺς
1066 3463 1157 3514 ἐπὶ
1181 3462 1377 3531 δίφρου
1412 3461 1852 3532 χρυσοκολλήτου
1883 3469 1924 3526 C
2028 3461 2043 3516 Ι

1823 3483 1852 3517 υ
1883 3469 1924 3526 C
2028 3461 2331 3531 Imperator
2366 3477 2521 3526 vero,
2559 3461 2689 3516 sella
2729 3475 2896 3514 aurea
2941 3468 3230 3528 occupata.
3277 3466 3333 3512 et
3371 3471 3519 3526 gem-

269 3553 366 3609 καὶ
422 3553 648 3622 περιδὺς
681 3552 782 3622 τὴν
840 3553 1206 3624 λιθόστρωτον
1254 3553 1542 3625 τήϐενναν,
1601 3553 1752 3624 βῆμά
1796 3572 1854 3608 τε

274 3645 844 3715 πολυανθρωπότατον
874 3645 1172 3715 ἠθροικὼς,
1208 3645 1284 3708 ὡς
1323 3647 1408 3714 εῐη
1461 3648 1535 3716 μὴ
1563 3650 1672 3708 τοῖς
1699 3647 1856 3700 ἀλλο-

273 3737 477 3806 φώνοις
510 3737 676 3804 μόνον
699 3737 834 3790 ἀλλά
869 3739 1105 3800 καὶτοῖς
1147 3736 1454 3807 Ῥωμαίοις
1494 3739 1682 3800 αὐτοῖς
1729 3740 1855 3791 ἑπι-

273 3830 619 3899 φοϐὡτατος,
651 3829 976 3896 εἰσάγεσθαι
1024 3828 1243 3881 κελεύει
1281 3831 1410 3890 τοὺς
1440 3830 1537 3882 τοῦ
1569 3828 1856 3882 Σικελικοῦ

272 3924 700 3996 στρατεύματος
724 3921 1030 3992 ἀρχηγοὺς,
1060 3922 1266 3992 δηλαδὴ
1296 3923 1389 3975 τὸν
1437 3923 1738 3977 ’Λλδουῖνον
1764 3923 1861 3977 καλ⁵

271 4020 367 4071 τὸν
409 4015 751 4083 Ῥιτζάρδον.
782 4017 846 4068 Ol
869 4017 923 4068 δὲ
963 4017 1025 4068 τὸ
1056 4016 1278 4084 ἐριῶδες
1303 4018 1402 4083 τῆς
1437 4016 1686 4084 κεφαλῆς
1727 4016 1862 4067 ἀπο-

280 4109 506 4175 θέμενοι
557 4105 829 4175 κάλυμμα
888 4107 984 4160 καὶ
1037 4107 1437 4174 δουλικωτὲραν
1486 4107 1860 4177 προσκύνησιν

275 4198 703 4266 ἀπονείμαντες,
722 4198 1090 4266 ἠρωτήθησαν
1119 4198 1270 4266 παρά
1292 4198 1387 4250 τοῦ
1422 4198 1686 4268 βασιλέως
1714 4201 1863 4262 ὅπως

278 4291 444 4341 αὑτὸν
467 4290 688 4358 χριστὸν
724 4288 854 4342 ὄντα
876 4289 1082 4357 Κυρίου
1105 4289 1477 4358 ἐκακολόγουν
1502 4294 1560 4343 ἐν
1591 4293 1703 4352 τοῖς
1726 4291 1862 4359 πρὸς

276 4381 448 4434 αὑτὸν
486 4381 838 4450 γράμμασιν,
875 4382 992 4434 οὐδὲ
1029 4382 1134 4446 μὲν
1166 4381 1392 4445 δικαίως
1432 4382 1649 4451 ἔχοντες
1695 4385 1862 4449 επεγ-

279 4474 496 4532 καλεῖν,
530 4475 596 4542 τῇ
632 4473 677 4524 δ’
706 4473 986 4544 ὲνεστώσῃ
1013 4473 1152 4544 τύχῃ
1183 4473 1335 4543 παρὰ
1363 4475 1422 4526 τδ
1446 4475 1563 4526 δέον
1588 4474 1864 4543 χρώμενοι

280 4565 380 4617 καὶ
416 4564 785 4633 κυδρούμενοι
818 4567 914 4617 καὶ
973 4564 1052 4633 τῷ
1099 4565 1337 4636 ἠττῆσαι
1375 4565 1520 4618 κατά
1570 4566 1774 4634 κράτος
1805 4565 1865 4617 τὸ

281 4650 549 4717 πολέμιον
579 4652 916 4719 φυσώμενοι.
936 4653 1104 4714 Αὐτὸς
1131 4655 1238 4723 γάρ
1257 4657 1284 4706 ὁ
1303 4654 1558 4724 βασιλεὺς
1596 4655 1864 4716 Ἰσαάκιος

279 4741 384 4811 τὴν
421 4740 711 4809 βασιλείαν
743 4743 872 4810 ἄρτι
908 4743 1271 4812 παραλαϐὼν,
1307 4744 1570 4813 πρέσϐεις
1605 4744 1863 4795 ἀποστεί-

1959 3562 2102 3608 mata
2150 3569 2393 3622 purpura
2433 3552 2682 3612 indutus.
2728 3551 2891 3622 477
2928 3559 3241 3618 .coactaque
3286 3549 3522 3601 maxima

1958 3646 2242 3699 hominum
2267 3645 2596 3713 frequentia,
2632 3653 2692 3698 ut
2718 3660 2828 3698 non
2862 3643 3166 3713 peregrinis
3191 3649 3402 3694 tantum
3429 3639 3524 3694 sed

1963 3737 2220 3792 Romanis
2257 3737 2422 3792 etiam
2461 3737 2697 3791 maxime
2751 3735 3113 3790 formidabilis
3143 3741 3310 3796 esset,
3356 3731 3527 3786 Siculi

1958 3831 2233 3884 exercitus
2269 3829 2438 3883 duces
2478 3828 2805 3881 Balduinum
2851 3835 2906 3880 et
2954 3823 3289 3880 Richardum
3329 3821 3528 3876 adduci

1957 3921 2135 3991 jubet.
2167 3920 2292 3987 Qui,
2323 3920 2482 3989 pileis
2510 3919 2797 3988 depositis,
2830 3917 3086 3971 servilem
3117 3914 3170 3969 in
3200 3913 3430 3980 imodum
3465 3927 3532 3967 eo

1963 4015 2210 4078 adorato,
2239 4012 2412 4081 rogati
2445 4012 2512 4065 ab
2543 4027 2610 4065 eo
2643 4019 2771 4066 sunt
2813 4027 2914 4064 cur
2953 4025 3012 4065 se
3053 4017 3280 4063 unctum
3315 4006 3533 4060 Domini

1962 4105 2081 4159 suis
2124 4103 2328 4157 litteris
2374 4101 2622 4155 insectati
2664 4110 2874 4164 essent,
2905 4117 3028 4154 cum
3078 4102 3284 4154 nullam
3330 4103 3533 4171 justam

1963 4194 2368 4264 querimoniam
2409 4193 2694 4252 haberent.
2745 4201 2959 4245 tantum
2997 4191 3232 4245 fortuna:
3266 4191 3538 4245 successi-

1966 4288 2069 4341 bus
2092 4293 2148 4340 et
2177 4286 2410 4340 victoria
2457 4294 2650 4340 contra
2693 4285 2929 4340 oﬂicium
2979 4284 3170 4339 inﬂati.
3215 4284 3350 4338 Nam
3395 4283 3541 4337 Isaa-

1965 4383 2085 4433 cius
2107 4378 2340 4447 imperio
2365 4391 2558 4430 recens
2581 4387 2858 4444 suscepto,
2885 4391 3010 4429 cum
3047 4376 3365 4429 Latinorum
3390 4390 3542 4429 exer-

1967 4475 2110 4527 citus
2156 4472 2339 4524 adhuc
2380 4478 2527 4523 esset
2561 4469 2796 4536 integer,
2845 4484 2940 4536 per
2975 4467 3181 4537 legatos
3223 4467 3359 4520 nihil
3388 4465 3538 4535 quod

1967 4563 2032 4616 ad
2081 4559 2514 4631 paciﬁcationem
2565 4560 2827 4612 attineret
2862 4574 2986 4612 cum
3023 4559 3260 4612 ducibus
3296 4559 3539 4612 hostium

1965 4658 2175 4721 egerat,
2229 4665 2410 4718 neque
2453 4649 2774 4702 muneribus
2822 4648 3006 4702 missis
3059 4663 3237 4715 neque
3297 4649 3540 4703 benevo-

1971 4743 2136 4798 lentia
2163 4742 2416 4795 simulata
2443 4757 2455 4792 :
2482 4742 2574 4794 sed
2605 4740 2852 4809 quamvis
2884 4740 3094 4793 incerto
3114 4740 3294 4794 adhuc
3316 4757 3538 4796 suarum

1896 4801 1940 4856 D

279 4833 383 4894 λας
426 4832 508 4884 ἔτι
539 4832 636 4902 τῆς
669 4834 906 4903 Λατίνης
947 4839 1211 4904 στρατιάς
1246 4835 1596 4903 συνεστώσης
1628 4834 1782 4886 οὐδέν
1808 4850 1861 4886 τι
1896 4832 1940 4856 ¹¹
1972 4852 1979 4888 ι

1845 4853 1861 4886 ι
1896 4832 1940 4856 ν
1972 4849 2156 4889 rerum
2182 4843 2352 4892 statu.
2377 4848 2476 4902 pro
2516 4833 2748 4901 imperio
2787 4833 3072 4886 interitum
3107 4841 3161 4886 et
3203 4833 3541 4886 internecio-

284 4923 398 4975 τῶν
438 4924 573 4990 πρὸς
621 4923 922 4994 διαλλαγὴν
969 4926 1249 4994 φερόντων
1292 4928 1406 4987 τοῖς
1458 4924 1863 4994 στρατηγοῦσιν

287 5015 524 5082 ἑλάλησε
578 5013 674 5066 τοῦ
718 5016 963 5068 ἐναντίου
1015 5016 1456 5086 στρατεύματος,
1497 5020 1633 5086 μήτε
1665 5015 1860 5085 δώροις

287 5106 546 5174 ἀγάλλων
579 5107 708 5175 μήτ’
743 5107 956 5170 εὐνοίας
995 5107 1344 5178 ὑπαγόμενος
1379 5109 1720 5177 πλάσμασιν,
1751 5108 1868 5159 ἀλλ’

289 5199 608 5261 ἐπιστείλας
643 5201 1020 5271 ἀρχικώτερον
1072 5205 1166 5254 καὶ
1224 5204 1428 5264 πάσαις
1487 5204 1584 5272 μὲν
1636 5203 1864 5263 αἰτίαις,

289 5295 428 5344 πᾶσι
456 5292 512 5342 δὲ
545 5291 755 5359 βάλλων
806 5293 1152 5360 ἐγκλήμασιν
1185 5293 1547 5361 ἐσοϐαρεύ;το
1604 5295 1741 5362 πρὺς
1772 5293 1869 5344 ἄν-

285 5385 421 5452 δρας
453 5381 531 5433 ἔτι
555 5383 820 5446 νικῶντας
845 5385 982 5437 κάπὶ
1011 5385 1136 5445 τοὺς
1160 5385 1372 5438 ἑαυτῶν
1405 5386 1571 5447 πόδας
1617 5383 1868 5446 τιθέντας

289 5473 442 5525 ἅπαν
468 5473 529 5524 τὸ
558 5474 617 5524 ὲν
659 5472 980 5542 Ῥωμαίοις,
1018 5477 1112 5528 καὶ
1138 5477 1200 5529 τὸ
1251 5477 1452 5528 οίκεῖον
1483 5477 1742 5545 ἁνυμνῶν
1788 5475 1866 5539 ξί-

287 5581 389 5630 φος
419 5564 514 5615 καὶ
554 5565 878 5632 μεγαλύνων
921 5568 996 5631 ὡς
1043 5567 1462 5638 τμητικὼτατον
1509 5569 1864 5639 διηπειλεῖτο,

287 5656 376 5725 ἐφ’
428 5651 510 5718 οἷς
560 5657 643 5709 ἔτι
688 5657 1026 5728 διηπορεῖτο,
1080 5660 1479 5728 ἐξολόθρευσινθ
1535 5665 1715 5716 αὐτῶν
1773 5665 1867 5715 καὶ

290 5747 591 5814 ἀπώλειαν,
627 5751 672 5801 εί
705 5752 1375 5823 μὴ-μιταϐουλευσάμενοι
1414 5755 1749 5825 παλίμποδες
1773 5754 1867 5820 γέ-

1971 4943 2095 4982 ncm
2131 4926 2212 4982 eis
2240 4925 2484 4979 minatus
2529 4923 2730 4988 fuerat,
2789 4922 2892 4976 nisi
2931 4923 3158 4977 mutatis
3191 4923 3440 4977 consiliis
3473 4939 3540 4976 eo

1971 5021 2212 5074 redirent
2260 5019 2404 5071 unde
2448 5016 2754 5071 venissent.
2815 5015 3020 5070 Verum
3058 5015 3362 5068 Balduinus
3411 5029 3538 5067 cum

1967 5109 2170 5178 alioqui
2219 5107 2392 5169 ferox,
2429 5116 2489 5160 nt
2534 5123 2623 5162 res
2667 5106 2989 5171 declaravit,
3034 5116 3147 5160 tum
3188 5107 3542 5161 successibus

1969 5204 2108 5258 utris
2156 5202 2328 5255 instar
2360 5199 2600 5262 inﬂatus,
2642 5199 2709 5253 iis
2755 5198 2951 5252 litteris
2992 5198 3238 5252 irritatus
3284 5198 3542 5252 insolenti

1971 5310 2238 5364 responso
2283 5293 2525 5364 gladiutr.
2561 5291 2913 5361 imperatoris
2955 5290 3123 5361 478
3171 5290 3437 5343 irridebat
3483 5298 3546 5343 ut

1974 5389 2029 5442 in
2062 5387 2375 5442 cﬂ‘eminata
2402 5399 2634 5454 corpora
2666 5393 2889 5438 acutum
2939 5384 3170 5451 (quibus
3198 5382 3386 5437 verbis
3432 5381 3543 5434 lla-

1973 5479 2505 5547 giochristophoritre
2570 5475 2778 5528 caedem
2856 5472 3188 5544 innuebat),
3249 5483 3306 5526 et
3363 5472 3542 5540 ipsum

1990 5568 2254 5621 lsaacium
2285 5577 2344 5619 ut
2370 5564 2648 5619 imbellem
2681 5564 3073 5629 subsannabat,
3123 5563 3218 5632 qui
3259 5577 3541 5630 nunquam

1987 5660 2092 5714 sub
2144 5659 2236 5712 dio
2291 5659 2344 5712 in
2377 5658 2570 5728 clypeo
2617 5657 2955 5718 dormiisset,
3004 5668 3285 5724 nunquam
3333 5653 3542 5725 galeam

1975 5749 2349 5811 sustinuisset,
2381 5762 2557 5816 neque
2591 5745 2835 5801 thoracis
2867 5744 3062 5800 s'ordes
3099 5744 3409 5807 tolerasset,
3442 5741 3535 5797 scd
