4304 6354
803 359 910 423 727

2039 376 2335 441 ΝΙΟΕΤ.¹Ε
2379 385 2788 447 (ῘΗΟΝΙΑΤᾸΞ

3936 389 4047 454 728

799 482 952 539 fumo
976 482 1422 541 lucubrationum
1450 486 1719 553 sorderet,
1749 502 1777 542 a
1803 491 2009 547 teneris
2027 494 2187 549 annis
2209 493 2370 550 ludos
2396 496 2445 557 Α
2472 516 2499 550 ν

2344 510 2370 550 s
2396 496 2445 557 Α
2472 516 2675 553 νωνται
2717 500 2847 554 ὅθεν
2893 501 3142 574 ἐξῄεσαν.
3205 503 3266 557 '0
3298 503 3355 559 δὲ
3408 499 3708 566 ’Ᾱλδουῖνος
3756 503 4044 577 ἀγέρωχος

787 571 1142 642 frequentare
1162 575 1380 640 solitus,
1406 584 1463 631 et
1485 577 1859 634 membranam
1888 580 2145 637 tabellam
2168 593 2223 639 et
2244 600 2365 653 gra-

785 663 977 731 phium
998 672 1209 726 tenens,
1237 666 1471 721 subinde
1489 666 1697 737 virgam
1720 678 1776 724 et
1798 670 2053 727 manibus
2067 680 2123 727 et
2144 674 2365 729 natibus

787 753 1168 809 imminentem
1207 755 1475 822 timuerit,
1521 760 1752 829 ejusque
1784 761 1957 818 solius
1982 764 2272 833 strepitum
2306 774 2363 820 et

784 843 1004 897 noverit
1031 852 1087 899 et
1118 847 1402 912 metuerit,
1426 849 1525 903 sed
1544 849 1735 906 Martis
1756 852 1933 907 minas
1961 870 2242 924 nunquam
2277 866 2360 911 to-

782 934 995 999 lerar-it,
1016 951 1196 1006 neque
1216 953 1460 1008 unquam
1479 941 1720 996 sonitum
1738 944 2045 1013 jaculorum
2065 947 2355 1002 audiverit.

778 1025 969 1095 Neque
991 1042 1123 1081 vero
1141 1027 1257 1083 haec
1280 1030 1516 1085 ludibria
1536 1031 1800 1088 duntaxat
1815 1035 2108 1100 scribebat,
2132 1036 2227 1092 sed
2263 1037 2359 1092 ad-

780 1115 1139 1171 monitionem
1191 1133 1410 1187 quoque
1471 1121 1854 1192 subjungebat,
1902 1132 1957 1177 et
2004 1139 2128 1179 cum
2183 1126 2356 1182 hostis

778 1215 947 1269 esset,
974 1208 1272 1263 consiliarii
1293 1226 1495 1266 munus
1520 1212 1759 1279 subibat,
1782 1214 2159 1285 suadebatque
2177 1226 2235 1271 ut
2252 1218 2355 1273 im-

776 1295 1111 1361 peratoriam
1137 1311 1396 1353 coronam
1426 1307 1735 1369 ceteraque
1766 1303 1952 1357 omnia
1979 1303 2196 1373 imperii
2221 1305 2355 1361 insi-

776 1386 902 1454 gnia
924 1386 1253 1455 deponeret,
1267 1405 1440 1459 eaque
1460 1393 1756 1461 potentiori
1776 1403 1831 1448 et
1849 1394 2042 1450 victori
2061 1396 2353 1465 diligenter

776 1488 1089 1533 asservaret
1108 1481 1332 1550 (quibus
1350 1483 1534 1537 verbis
1551 1483 1835 1538 dominum
1850 1500 2012 1541 suum
2038 1486 2348 1558 innuebat),

774 1576 831 1622 et
854 1570 1027 1624 multo
1051 1580 1178 1624 ante
1200 1572 1427 1641 supplex
1456 1573 1525 1628 de
1546 1575 1655 1628 vita
1689 1576 2028 1645 impetranda
2048 1577 2345 1645 laboraret,

774 1674 840 1713 ac
869 1660 1035 1730 479
1066 1661 1151 1714 bis
1171 1661 1238 1715 de
1269 1664 1450 1719 causis
1488 1665 1782 1734 imperator
1808 1667 2151 1738 injudicium
2174 1670 2349 1725 addu-

773 1750 933 1804 eebat
964 1750 1152 1817 duces,
1184 1751 1499 1808 Davidicum
1526 1755 1658 1810 illud
1684 1771 1794 1811 non
1824 1757 2007 1813 ferens
2036 1774 2050 1812 :
2084 1776 2104 1811 ι
2138 1759 2347 1831 Lingua

2468 589 2544 643 ὢν
2570 592 2665 643 καὶ
2694 591 2896 659 ἄλλως,
2924 593 2999 654 ὡς
3053 593 3243 659 ἔδειξε,
3276 596 3400 648 τότε
3429 596 3487 649 δὲ
3533 596 3630 650 καὶ
3658 599 3776 659 ταῖς
3808 596 4041 649 ἑνεστώι

2470 697 2596 742 σαις
2622 680 2818 750 τύχα-ις
2864 681 2942 745 ὡς
2976 683 3145 745 ἀσκὸς
3190 684 3588 751 ἐξοιδούμενος,
3646 686 3749 737 οὐκ
3795 685 4039 753 ἐνεγκὼν

2464 772 2533 823 τὰ
2559 772 2942 841 ἐπεσταλμένα
2983 774 3275 842 ἀμείϐεται
3300 773 3393 828 τὸν
3437 774 3665 844 βασιλέα
3692 776 3873 842 λόγοις
3895 792 4039 843 κομ-

2462 862 2764 932 ψευτικοίς.
2801 863 2873 915 Τό
2911 880 2969 916 τε
3001 864 3111 935 γὰρ
3142 862 3297 935 ξίφος
3332 865 3503 919 αὐτοῦ
3560 866 3930 936 ικωμῴδησεν
3960 866 4039 927 ὡς

2463 956 2868 1025 σκιατραφίαιν
2890 956 3211 1025 ὀξυνόμενον
3237 957 3491 1028 σώμασιν
3518 957 3863 1029 (ὑπῃνίττετο
3881 958 3940 1011 δὲ
3964 958 4037 1009 τὰ

2461 1048 2787 1116 γραφόμενα
2850 1048 2945 1101 τὸν
2997 1047 3093 1102 τοῦ
3139 1050 3715 1119 Ἀγιοχριστοφορίτου
3756 1047 3844 1120 [Ρ.
3898 1047 4033 1118 2551

2461 1137 2739 1207 θάνατον),
2778 1141 2872 1194 καὶ
2900 1140 3065 1194 αὐτὸν
3096 1141 3152 1194 δὲ
3178 1142 3270 1194 τὸν
3310 1141 3581 1196 Ἰσαάκιον
3607 1140 3681 1200 ὡς
3705 1138 4035 1207 ἀπάλαμνον

2457 1231 2716 1301 ὲμωκᾶτο
2737 1248 2751 1263 ο
2789 1232 2920 1303 μηδὲ
2956 1233 3070 1303 γὰρ
3102 1232 3448 1303 θυραυλῆσαί
3491 1248 3624 1284 ποτε
3675 1231 3769 1284 καὶ
3804 1230 3899 1282 ἐπὶ
3934 1228 4037 1282 θυι

2458 1320 2602 1389 ρεῶν
2662 1322 2999 1392 εύνασθῆναι
3073 1324 3106 1393 ἢ
3162 1321 3303 1391 ’γοῦν
3365 1321 3645 1393 μαρύλλης
3694 1321 4037 1391 ἀνασχέσθαι

2456 1412 2693 1483 κράνους
2743 1414 2837 1465 καὶ
2891 1414 3191 1481 ὑπενέγκαι
3252 1414 3531 1483 μολυσμὸν
3565 1412 3841 1482 θώρακος,
3893 1411 4038 1464 ἀλλά

2455 1502 2650 1573 καπνῷ
2679 1505 3029 1573 γραμμάτων
3076 1507 3440 1575 προσανέχειν
3493 1506 3550 1568 ἐς
3603 1500 4036 1572 γραμματιστοῦ

2455 1594 2727 1662 φοιτῶντα
2761 1593 2821 1658 ἐξ
2854 1594 3083 1648 ἁπαλῶν
3112 1595 3195 1648 ἔτι
3246 1595 3454 1663 ὀνύχων
3497 1595 3588 1647 καὶ
3612 1591 3820 1662 ⁹δὲρῤιν
3854 1591 4034 1659 ἐξημ-

2456 1684 2639 1754 μένον,
2704 1685 3010 1739 πινακίδιόν
3066 1702 3125 1739 τε
3177 1686 3275 1739 καὶ
3329 1687 3595 1755 γραφεῖον
3658 1683 3763 1737 ἀνά
3836 1683 4031 1751 χεῖρας

2451 1771 2642 1843 ἔχοντα
2680 1774 2780 1842 τὴν
2811 1774 3086 1845 σκυτάλην
3127 1772 3295 1843 συχνά
3327 1771 3733 1826 ὑποϐλέπεσθαι
3785 1778 4034 1835 καταφε-

773 1848 962 1894 nostra
982 1856 1150 1909 penes
1176 1859 1275 1898 nos
1308 1854 1392 1898 est
1429 1863 1443 1898 :
1490 1846 1616 1913 quis
1648 1846 1908 1903 dominus
1942 1858 2131 1904 noster
2159 1853 2285 1906 est?
2320 1872 2338 1906 ι
2374 1853 2423 1913 Β
2454 1882 2473 1936 ε

2330 1872 2338 1905 ι
2374 1853 2423 1913 Β
2454 1864 2691 1936 ρομένην
2721 1864 2830 1919 τῶν
2857 1864 3058 1935 χειρῶν
3090 1863 3258 1918 αὐτοῦ
3274 1865 3369 1916 καὶ
3393 1864 3503 1916 τῶν
3532 1861 3744 1927 πυγῶν,
3766 1860 3863 1914 καὶ
3891 1859 4030 1912 ταύ-

772 1929 841 1985 Ει
864 1933 1066 2000 scripta
1090 1934 1178 1987 illa
1196 1936 1388 1989 ultimo
1410 1937 1683 2007 supplicio
1702 1939 1988 1995 multabat.
2010 1942 2213 1997 Verum
2232 1943 2353 1998 Bal-

774 2022 1004 2085 duinus,
1025 2034 1086 2077 ut
1110 2027 1372 2081 secundis
1392 2028 1558 2082 rebus
1580 2030 1648 2083 ad
1674 2031 2074 2102 objurgandum
2102 2044 2347 2104 paratus,

772 2116 855 2168 sic
887 2125 1095 2171 mutata
1132 2119 1349 2172 fortuna
1373 2121 1633 2176 adulandi
1657 2124 1825 2177 etiam
1847 2141 2101 2181 summus
2126 2127 2348 2194 artifex,

772 2222 895 2275 qua:
926 2223 1015 2262 res
1048 2211 1229 2265 omnia
1260 2227 1435 2276 arma,
1473 2228 1666 2269 omnes
1692 2218 1979 2272 machinas
2011 2219 2123 2275 fere
2148 2221 2339 2285 vincit,

772 2297 1121 2366 imperatoris
1175 2301 1515 2358 iracundiam
1566 2305 1860 2374 depulitet
1908 2308 2340 2377 indignationem

772 2389 1060 2461 mitigavit,
1095 2394 1337 2463 gladium
1374 2398 1493 2467 ejus
1520 2408 1576 2454 ut
1615 2412 1831 2452 summo
1873 2399 2105 2469 imperio
2134 2403 2343 2473 dignis-

770 2481 969 2534 simum
995 2491 1052 2536 et
1092 2486 1362 2553 exquisita
1399 2488 1517 2540 acie
1567 2488 1853 2555 praeditum
1900 2492 2236 2558 extollendo,
2283 2504 2341 2550 et

768 2588 891 2640 qua:
926 2574 1269 2642 seripsiSset,
1315 2592 1421 2630 non
1480 2580 1617 2633 levia
1666 2589 1722 2633 et
1770 2580 1952 2635 inania
2008 2583 2201 2647 verba,
2238 2585 2336 2639 sed

768 2665 1000 2717 veritate
1041 2666 1264 2721 sullulta
1296 2678 1351 2724 et
1396 2687 1559 2725 manu
1617 2672 1705 2726 Dei
1741 2676 1968 2730 muniuo
2012 2677 2336 2747 consignata

768 2756 939 2809 fuisse
985 2758 1325 2813 affirmando.
1366 2762 1554 2830 Neque
1600 2779 1733 2816 vero
1777 2781 1856 2829 se,
1897 2767 2043 2836 quod
2084 2768 2340 2823 acerbius

767 2850 1165 2918 reseripsisset,
1232 2864 1519 2923 propterea
1584 2858 2045 2911 contemnendum
2095 2860 2336 2930 judicari

765 2942 960 2995 orabat
994 2958 1005 3000 :
1040 2960 1163 2998 nam
1193 2938 1391 3000 hostile
1432 2946 1618 3001 odium
1653 2950 1777 3019 jure
1816 2959 2025 3004 natura:
2060 2954 2208 3006 omni
2240 2968 2339 3007 va-

764 3046 893 3085 care
919 3033 1170 3087 crimine.

2446 1975 2546 2027 της
2585 1958 2756 2028 μόνης
2787 1958 2990 2011 ειδέναι
3040 1957 3135 2011 καὶ
3173 1956 3408 2011 δεδιέναι
3437 1957 3531 2009 καὶ
3574 1952 4022 2023 κροταλίσματα,

2449 2050 2681 2120 ἀπειλὴν
2712 2050 2761 2102 δ’
2798 2051 2995 2121 Ἀρεος
3024 2047 3362 2116 ὑφίστασθαι
3417 2046 3706 2118 μηδαμῶς,
3736 2045 3870 2113 μηδὲ
3902 2043 4033 2096 δοῦ-

2450 2157 2553 2194 πον
2586 2142 2831 2194 ἀκόντων
2857 2139 3200 2210 ὲνηχηθῆναί
3249 2155 3404 2194 ποτε.
3453 2141 3527 2193 Οὐ
3562 2138 3734 2191 ταῦτα
3770 2137 3827 2189 δὲ
3863 2137 4030 2205 μόνον

2450 2232 2834 2302 ἑπικερτομῶν
2864 2232 3122 2303 ἔγραφεν,
3156 2232 3296 2285 ἀλλά
3324 2232 3417 2286 καὶ
3453 2233 3798 2302 παραίφασιν
3835 2229 4030 2297 είσῆγε

2450 2326 2543 2377 καὶ
2574 2324 2766 2395 ὲχθρδς
2802 2324 2878 2377 ὢν
2918 2326 3304 2395 συμφράδμων
3365 2324 3599 2390 ἐγίνετο,
3653 2323 3748 2376 καὶ
3802 2321 4026 2389 ἐνῆγεν.

2449 2415 2789 2485 ἀποθέμενον
2815 2416 2875 2469 τὸ
2934 2415 3204 2485 βασίλειον
3257 2415 3589 2484 στεφάνωμα
3619 2416 3712 2467 καὶ
3746 2412 3815 2466 τὰ
3860 2411 4028 2464 λοιπά

2446 2506 2547 2575 τῆς
2580 2506 2754 2575 ἀρχῆς
2783 2506 3197 2576 ἀποϐαλόμενον
3224 2510 3315 2560 καὶ
3347 2505 3737 2577 συμπτύξαντα
3773 2507 3842 2558 τὰ
3880 2502 4029 2572 σύμ-

2446 2593 2579 2647 ϐολα
2607 2594 2818 2648 τούτων
2846 2594 2946 2664 μὲν
2975 2594 3319 2663 ὑπεκστῆναι
3359 2596 3454 2647 καὶ
3479 2593 3666 2662 τηρεῖν
3691 2591 3768 2659 τῷ
3800 2590 4028 2643 νικῶντι

2446 2688 2542 2740 καὶ
2577 2687 2871 2759 κρείττονι,
2936 2688 3028 2742 τὸν
3075 2686 3275 2742 ἑαυτοῦ
3326 2688 3518 2758 κύριον
3548 2685 3691 2739 οὕτω
3723 2684 3815 2739 τὸν
3875 2681 4025 2752 ρἧα

2446 2778 2647 2845 λέγων,
2684 2779 2848 2832 αὑτὸν
2890 2780 2947 2832 δὲ
2975 2780 3277 2833 ὑποπεσεῖν
3308 2780 3401 2832 καὶ
3447 2776 3578 2846 περὶ
3603 2775 3699 2828 τοῦ
3731 2775 3895 2843 μόνον
3920 2771 4026 2841 ξῇν

2447 2870 2903 2941 ἐπανατείνεσθαι
2928 2871 3136 2942 δέησιν.
3167 2871 3278 2924 Καὶ
3313 2869 3572 2939 βασιλεὺς
3609 2866 3710 2936 μὲν
3739 2864 3830 2918 διὰ
3848 2862 4023 2916 ταῦτα

2445 2960 2538 3013 ὑπ’
2569 2960 2804 3031 εὐθύνην
2833 2959 2936 3035 ἦγε
2990 2964 3113 3017 τότε
3141 2964 3270 3026 τοὺς
3331 2958 3695 3031 στρατηγοὺς.
3729 2956 3803 3024 μὴ
3835 2954 4023 3022 φέρων

2441 3051 2504 3104 τὸ
2532 3053 2628 3106 τοῦ
2660 3055 2825 3109 Δαϐὶδ
2854 3057 2997 3110 κατά
3053 3055 3200 3123 νοῦν,
3248 3074 3266 3107 ι
3324 3054 3635 3122 ἸΙγλῶσσα
3688 3048 3847 3119 ἡμῶν
3885 3046 4021 3115 παρ’

767 3126 897 3192 ἡμῖν
956 3128 1104 3177 ἐστι’
1148 3129 1231 3191 τίς
1267 3130 1427 3199 ἡμῶν
1462 3132 1647 3201 κύριός
1696 3134 1854 3197 tam;
1900 3155 1916 3186 ι
1955 3138 2049 3189 καὶ
2090 3138 2324 3193 θανάτου
2364 3144 2528 3213 ἐτίμα
2596 3148 2663 3203 τὰ
2726 3151 3111 3218 γεγραμμένα.
3157 3152 3215 3203 '0
3250 3148 3307 3203 δὲ
3362 3143 3663 3206 Ἀλδουῗνος
3692 3144 3793 3195 οὖκ
3816 3136 4021 3211 ﬂvis:

770 3212 928 3278 μόνον
964 3213 1474 3284 δεινᾋὲπιπλῆξει,
1508 3220 1606 3287 τὴν
1644 3219 1813 3290 τύχην
1853 3220 1932 3273 ἔτι
1991 3223 2130 3293 ἔχων
2166 3221 2749 3303 ὑπερηφανευομένην,
2817 3236 2952 3289 ἀλλά
3001 3237 3094 3288 καὶ
3156 3233 3479 3288 κολακεύειν
3528 3233 3737 3303 ἤσκητο
3804 3228 4017 3296 ἄκρως,

765 3300 948 3365 πρδςό
982 3302 1143 3368 μῦνον
1174 3304 1282 3355 πᾶν
1321 3305 1485 3357 ὅπλον
1531 3306 1625 3357 καὶ
1683 3310 1832 3359 πᾶσα
1864 3311 2065 3378 μικροῦ
2111 3315 2332 3384 μηχανὴ
2373 3300 2618 3387 πέφυκεν
2677 3300 3095 3393 ἀσθενέστερον,
3128 3325 3186 3375 ἐν
3248 3318 3329 3384 οἷς
3359 3320 3720 3379 ἀπολελοιτώς
3751 3312 3819 3385 ἦν
3856 3314 4020 3366 αὑτὸν

764 3388 825 3436 το
866 3389 1211 3456 εὐδαιμονεῖν
1240 3409 1252 3421 ·
1286 3391 1579 3459 ἐξέκρουσε
1608 3394 1719 3463 γὰρ
1754 3395 1851 3462 τῆς
1878 3396 2051 3465 ὀργῆς
2087 3402 2179 3450 καὶ
2238 3401 2503 3471 καθήδυνε
2572 3407 2666 3458 τδν
2728 3388 2993 3477 βασιλέα⁷
3032 3410 3501 3477 ὑποσκυξόμενον,
3545 3406 3604 3458 τὸ
3668 3404 3821 3470 ξίφος
3851 3400 4020 3453 αὑτοῦ

769 3475 1092 3540 μεγεούνειν
1119 3476 1425 3547 ἀρξάμενος
1454 3480 1529 3541 ὡς
1562 3482 1847 3551 βασιλικὸν
1914 3483 2087 3547 ὅντως
2145 3490 2238 3538 καὶ
2306 3506 2597 3560 τμητικον,
2636 3475 2737 3547 wall
2763 3497 2837 3566 μὴ
2862 3498 3222 3566 κουφολογίαν
3251 3475 3534 3567 ἁνύνητον,
3564 3494 3784 3563 ῥήματα
3807 3490 3863 3543 δὲ
3887 3488 4020 3557 ἀλη-

766 3562 917 3624 θείας
957 3558 1186 3618 εἶναιτὰ
1219 3568 1367 3634 παρὰ
1399 3567 1493 3619 τοῦ
1535 3568 1799 3637 βασιλέως
1834 3570 2116 3638 γραφέντα
2143 3558 2431 3630 διετείνετο
2495 3579 2589 3632 καὶ
2658 3558 2899 3652 ἀτεγνιῖις
2951 3558 3358 3654 ἐνσημανθέντα
3403 3558 3574 3652 ’χειρί
3620 3558 3777 3632 θεοῦ.
3855 3576 4018 3628 Ἀλλᾶ

765 3654 864 3705 καὶ
897 3655 1214 3708 eamme):
1286 3658 1593 3725 ἀπόϐλητον
1642 3658 1813 3711 ἐδεῖτο
1876 3660 2152 3727 ἡγεῖσθαι,
2207 3666 2254 3715 εί
2328 3665 2635 3737 δριμύτερα
2681 3671 3013 3724 ἐπέστελὶει
3062 3672 3125 3725 τὸ
3160 3671 3267 3739 γὰρ
3313 3672 3378 3723 ἐκ
3411 3669 3519 3723 τῶν
3580 3666 3790 3737 ἐχθρῶν
3858 3666 4017 3734 μῖσος

765 3743 857 3792 »αἱ
892 3744 922 3810 ἠ
954 3742 1114 3809 φύσχς
1142 3738 1282 3795 οἶδεν
1308 3744 1661 3817 ἀνέγκλητον.

835 3856 888 3909 4.
944 3855 1021 3908 Ad
1067 3871 1129 3909 ea
1160 3856 1326 3911 verba
1360 3860 1623 3913 conticuit
1674 3861 1991 3930 imperator,
2022 3863 2167 3917 baud
2213 3867 2329 3920 scio
2360 3871 2403 3932 C

768 3962 837 3999 an
884 3946 1197 4002 adulatione
1256 3948 1630 4013 ell‘eminatus,
1694 3968 1759 4005 an
1819 3969 1954 4007 vero
2008 3954 2330 4009 defensioue

769 4049 980 4099 motus;
1035 4048 1091 4091 et
1148 4038 1257 4095 illis
1309 4040 1363 4093 in
1412 4043 1658 4095 eamdem
1713 4044 2015 4098 custodiam
2063 4045 2326 4109 reductis,

770 4128 890 4181 aliis
920 4129 1082 4182 rebus
1108 4137 1429 4197 occupatus,
1466 4130 1534 4183 iis
1574 4132 1665 4199 qui
1715 4132 1942 4187 aderant
1984 4137 2243 4189 omnibus
2275 4145 2329 4190 et

769 4220 838 4273 iis
868 4219 957 4287 qui
987 4219 1213 4273 aberant
1256 4228 1363 4272 tam
1413 4221 1628 4275 civibus
1678 4238 1840 4292 quam
1896 4226 2201 4293 peregrinis
2230 4227 2331 4281 de-

765 4310 975 4363 clarare
1010 4310 1250 4363 instituit
1283 4325 1341 4364 se
1375 4310 1444 4363 ab
1479 4326 1545 4365 eo
1572 4313 1681 4373 die,
1724 4316 1974 4382 quamvis
2015 4317 2327 4372 mortalium

766 4403 1010 4453 omnium
1045 4400 1456 4454 inimicissimus
1482 4401 1553 4454 sit
1584 4418 1792 4471 suoque
1838 4404 2071 4472 imperio
2104 4417 2161 4460 et
2205 4409 2330 4464 vitae

766 4488 1081 4545 insidietur.
1108 4487 1417 4541 occisurum
1450 4499 1544 4542 aut
1576 4491 1958 4544 mutilaturum
1998 4508 2120 4548 esse
2150 4497 2327 4549 nemi-

767 4596 910 4632 nem.
946 4579 1109 4649 £30
1139 4579 1214 4632 Ac
1249 4580 1283 4632 ii
1332 4582 1423 4648 qui
1460 4591 1572 4633 tum
1608 4582 1660 4634 in
1709 4583 1942 4637 consilio
1983 4585 2233 4649 aderant,
2262 4603 2326 4641 ea

762 4670 923 4722 verba
965 4682 1017 4723 ut
1050 4670 1312 4724 divinitus
1340 4672 1543 4739 prolata
1571 4674 1802 4726 summis
1823 4674 2077 4728 laudibus
2108 4688 2160 4729 et
2187 4677 2325 4733 laetis

762 4763 1250 4816 acclamationibus
1274 4770 1403 4815 sunt
1436 4765 1736 4830 prosecuti.
1766 4764 1968 4820 Omnes
1995 4768 2062 4820 ad
2088 4783 2323 4836 quorum

760 4868 924 4906 aures
959 4869 1027 4906 ea
1059 4852 1307 4921 pervenit
1341 4855 1538 4916 oratio,
1568 4854 1887 4911 dillicultate
1918 4858 2037 4927 ejus
2080 4860 2157 4913 rei
2194 4876 2326 4915 con-

759 4944 1017 5004 siderata,
1090 4952 1148 4997 et
1196 4942 1403 5012 ingenti
1456 4946 1877 5000 mansuetudine
1934 4948 2323 5017 obstupefacti,

757 5036 1070 5088 absolutum
1130 5034 1222 5088 Dei
1270 5035 1473 5087 donum
1530 5035 1913 5104 imperatorem
1979 5039 2131 5092 illum
2202 5055 2324 5095 esse

758 5128 1118 5181 aﬂirmaruut.
1149 5127 1334 5195 Neque
1369 5128 1515 5179 enim
1550 5143 1707 5196 posse
1742 5144 2095 5198 quemquam.
2144 5132 2323 5201 impe-

2507 3863 2737 3934 ὁ¹.Πρδς
2797 3866 2942 3935 ἅπερ
2991 3865 3346 3934 ἀπεσιώπησε
3402 3862 3691 3933 βασιλεὺς,
3745 3859 3915 3929 μηδέν
3965 3875 4018 3910 τι

2442 3959 2699 4026 προσθεὶς
2732 3959 2941 4027 ἕτερον,
2970 3959 3070 4012 οὐκ
3091 3956 3187 4011 οἶδ’
3213 3959 3322 4009 εἴτε
3355 3959 3421 4029 τῇ
3466 3955 3724 4024 κολακεία
3748 3954 4019 4021 ἐκθηλύν-

2439 4050 2555 4111 θεὶς
2581 4050 2690 4102 εἴτε
2712 4053 2776 4120 τῇ
2809 4050 3148 4121 ὑπερηγορία
3172 4048 3576 4110 καταπεισθείς.
3605 4047 3713 4099 Kal
3739 4046 3895 4097 αὐτοὶ
3916 4045 4019 4112 μὲν

2439 4142 2645 4192 ἐκεῖθεν
2677 4140 2996 4209 ἔξήλθοσαν,
3029 4141 3123 4193 καὶ
3172 4140 3457 4207 γεγόνασιν
3479 4134 3637 4198 αὖθις
3664 4136 3974 4205 ἔμφρουροι
3997 4152 4013 4168 ·

2440 4231 2691 4302 βασιλεὺς
2742 4234 2785 4284 δ’
2844 4234 3058 4303 ἑτέραις
3086 4233 3342 4301 προσχὼν
3369 4230 3659 4282 ὑποθέσεσι
3711 4229 4017 4294 προσέθετο

2439 4326 2533 4377 καὶ
2574 4327 2688 4386 τοῖς
2732 4324 2970 4394 παροῦσι
3005 4321 3507 4392 διατρανώσασθαι,
3535 4323 3627 4373 καὶ
3657 4324 3768 4381 τοῖς
3802 4320 4020 4383 λοιποῖς

2436 4416 2492 4467 δὲ
2524 4417 2691 4467 πᾶσιν
2724 4418 2983 4476 ἀστυκοῖς
3017 4416 3110 4467 καὶ
3143 4415 3375 4475 ἀλλοίοις
3400 4414 3500 4465 οὐκ
3532 4409 3672 4464 εἶναι
3704 4413 3841 4471 ὃὶως
3879 4414 4021 4481 ἀνή-

2437 4523 2560 4557 κοον
2589 4506 2802 4575 ᾗθεῖεν,
2846 4506 2920 4567 ὡς
2950 4504 3058 4557 ἀπὸ
3086 4504 3187 4569 τῆς
3225 4504 3443 4573 ἡμέρας
3471 4504 3685 4570 ἐκείνης
3726 4502 3922 4554 οὐδένα
3959 4505 4019 4564 ἐς

2435 4595 2495 4647 το
2527 4594 2684 4661 σῶμα
2716 4594 3110 4662 διαλωϐήσεται
3131 4635 3144 4655 ,
3197 4594 3302 4646 κᾶν
3402 4611 3488 4655 τις
3520 4593 3733 4661 ἀνδρῶν
3763 4593 4020 4662 ἔχθιστος

2436 4683 2530 4735 καὶ
2550 4685 2614 4749 τῇ
2648 4681 2815 4735 αὐτοῦ
2866 4681 3016 4750 βιοτῇ
3065 4682 3158 4732 καὶ
3190 4681 3438 4749 βασιλείᾳ
3464 4679 3831 4731 ἐπιϐουλεύων
3876 4679 4013 4747 ἁλῷ.

2434 4771 2542 4824 Καὶ
2566 4772 2614 4822 οί
2643 4772 2741 4839 μὲν
2772 4771 2832 4822 τὸ
2863 4771 3141 4840 βασιλικὸν
3163 4770 3310 4839 βῆμα
3337 4771 3460 4823 τότε
3486 4770 3825 4840 πληροῦντες
3849 4774 4017 4823 ἐπευ-

2434 4864 2697 4931 φήμησαν
2725 4864 2836 4925 τοῖς
2864 4862 3248 4931 λελαλημένοις
3268 4860 3477 4925 τούτοις
3508 4862 3597 4914 καὶ
3626 4861 4015 4930 ἐπερρόθησαν

2432 4953 2507 5014 ὼς
2528 4953 2726 5022 μικροῦ
2758 4953 2937 5021 φωνῆς
2961 4953 3262 5021 ἀκηκοότες
3282 4952 3440 5011 Θεοῦ,
3464 4952 3557 5003 καὶ
3589 4954 3692 5011 πᾶς
3721 4954 4012 5021 ἐνηχηθεὶς

2432 5043 2491 5094 τὸ
2520 5043 2667 5109 ῥῆμα
2722 5041 2872 5093 τουτὶ
2922 5039 3155 5109 δώρημα
3189 5040 3326 5093 Θεοῦ
3380 5042 3471 5093 τὸν
3532 5040 3762 5109 βασιλέα
3799 5042 4011 5094 τέλειον

2432 5132 2605 5199 ἔλεγε,
2641 5133 2778 5199 πρὸς
2804 5131 2903 5200 τὴν
2933 5131 3027 5183 τοῦ
3068 5132 3482 5200 ἐπηγγελμένον
3539 5133 3813 5201 ὲργωδίαν
3863 5134 4009 5201 ὀρῶν

757 5229 996 5269 ratorcm
1035 5216 1360 5284 prazscrtim,
1394 5217 1797 5284 improbitatem
1831 5229 2040 5273 natura:
2075 5220 2324 5276 inemeu—
2354 5220 2398 5275 D
2425 5242 2456 5277 κ

2304 5252 2324 5262 -
2354 5220 2398 5275 D
2425 5226 2517 5278 καὶ
2538 5225 2600 5276 τὸ
2632 5225 2731 5292 τῆς
2765 5222 2848 5294 [Ρ.
2872 5223 3006 5295 256]
3032 5224 3334 5294 πραότητος
3365 5225 3501 5276 πολὺ
3536 5224 4004 5293 ἐκπληττόμενος·

756 5307 995 5361 dabilem
1036 5307 1295 5369 tolerare,
1326 5316 1415 5359 aut
1447 5308 1589 5361 ferre
1633 5309 1973 5363 desertorem
2004 5322 2060 5364 et
2103 5312 2319 5381 imperii

753 5407 1111 5455 vastaturmn.
1139 5398 1240 5451 etsi
1276 5398 1534 5452 Davidica
1572 5399 1772 5454 virtute
1800 5402 1869 5454 sit
1913 5403 2195 5469 prreditus.
2225 5406 2318 5472 qui

756 5493 957 5546 malum
1010 5491 1149 5544 malo
1202 5505 1307 5544 non
1358 5504 1548 5561 penset
1602 5502 1697 5545 aut
1750 5493 2073 5561 periculosis
2106 5504 2321 5564 tempo-

760 5587 911 5639 ribus
936 5594 1094 5640 canat
1126 5601 1139 5637 :
1178 5603 1196 5633 ‹
1231 5585 1729 5639 Circumdederunt
1759 5600 1843 5638 me
1867 5594 1924 5637 ut
1954 5602 2084 5655 apes
2111 5588 2317 5654 favum,

753 5694 856 5743 ego
893 5694 1023 5731 vero
1056 5679 1278 5732 nomine
1306 5679 1520 5732 Domini
1568 5694 1663 5731 eos
1710 5680 2047 5749 propulsari.
2090 5699 2107 5729 ι
2143 5680 2317 5734 Caele-

752 5783 875 5824 rum
913 5768 1021 5839 ipse
1052 5769 1350 5837 imperator
1376 5768 1523 5821 brevi
1559 5778 1747 5837 postea
1774 5768 1884 5838 egit
1906 5784 2025 5837 qua:
2048 5783 2170 5823 cum
2194 5769 2311 5840 ejus

2436 5315 2572 5383 μηδὲ
2620 5315 2730 5384 γὰρ
2786 5314 2986 5379 ἐξεῖναί
3036 5331 3167 5376 τινι,
3202 5315 3297 5365 καὶ
3353 5315 3587 5381 μάλιστα
3636 5312 4002 5382 βασιλεύοντι,

2435 5405 2736 5474 μοχθηρίαν
2767 5405 2983 5473 φύσεως
3001 5406 3188 5474 φέρειν
3223 5404 3477 5474 ἀκίνητον
3499 5405 3634 5472 πρὸς
3662 5405 3723 5456 τὸ
3753 5408 4006 5473 κρεῖττον

2426 5497 2459 5565 ἦ
2502 5496 2921 5565 δυσμετάθετον,
3028 5496 3237 5562 στέγειν
3282 5495 3572 5564 ἄνθρωπον
3628 5495 3999 5547 ἀποστατικὺν

2427 5588 2515 5640 καὶ
2543 5587 2875 5658 λῃστεύοντα
2904 5588 3000 5655 τὴν
3022 5587 3215 5655 ἀρχὴν,
3248 5589 3351 5638 κὲζν
3403 5589 3603 5656 ἀρετῆς
3648 5591 3999 5655 μεταποιοῐτο

2431 5678 2665 5746 μάλιστα
2696 5678 2788 5728 καὶ
2822 5678 2958 5736 μετὰ
2981 5677 3144 5729 Δαεὶδ
3171 5677 3268 5728 οὐκ
3294 5677 3669 5744 ἀνταποδιδοίη
3702 5679 3816 5738 τοῖς
3837 5679 3997 5730 ἀντα-

2427 5766 2697 5827 ποδιδοῦσι
2732 5766 2898 5833 κακὰ,
2930 5767 2961 5837 ἦ
2999 5766 3217 5836 ψάλλων
3258 5768 3343 5839 εἴη
3375 5770 3497 5822 κατ’
3546 5770 3754 5822 ἐκεῖνον
3786 5771 3843 5822 ἐν
3876 5786 3990 5821 και-
