4284 6370
255 408 362 470 ’129

1379 411 1476 472 DE
1511 411 1816 471 ISAACIU
1850 413 2156 474 ANGELO
2189 414 2338 474 LIB.
2374 415 2425 473 Ι.

3397 417 3501 478 730

256 521 370 590 ροῖς
403 517 783 574 κινδυνώδεσιν
812 535 825 550 ·
855 537 874 572 ι
928 519 1276 574 Ἐκύκλωσάν
1313 538 1378 591 με
1413 521 1544 574 ῶσεί
1576 523 1829 591 μέλισσαι
1861 549 1901 603 Α
1935 539 1948 576 ι

1814 542 1829 575 ι
1861 549 1901 603 Α
1935 524 2184 579 oratione
2236 524 2463 578 minime
2507 524 2959 588 consentiebant;
2997 531 3140 580 etut
3174 525 3225 579 in
3266 525 3504 580 dicendo

253 611 469 681 κηρίον,
497 611 687 682 καὶτῷ
720 613 945 682 ὀνόματι
980 615 1186 682 Κυρίου
1219 615 1519 684 ἠμυνάμην
1554 615 1777 678 αὐτούς.
1803 635 1820 666 ι

253 705 426 756 Αὐτὸς
457 704 640 772 μέντοι
699 703 955 773 βασιλεὺς
987 705 1498 774 ἀντιφθεγγομένην
1547 705 1829 776 προδήλως

252 796 321 861 τῇ
343 791 558 863 γλώττῃ
587 793 940 862 καθυπέφηνε
967 793 1105 862 μετά
1133 791 1306 862 βραχὺ
1349 793 1447 860 τὴν
1483 794 1826 862 προαίρεσιν,

254 887 348 937 καὶ
380 883 568 955 ῶσπερ
591 885 649 937 ὲν
679 885 756 954 τῷ
793 883 973 951 λέγειν
999 885 1060 937 ού
1082 883 1435 942 διεστείλατο,
1464 883 1606 937 οὕτω
1626 885 1728 936 κάν
1753 880 1832 952 τῷ

257 975 519 1042 πράττειν
545 977 605 1028 ού
633 977 1034 1038 συνεστείλατο,
1086 974 1224 1026 ἀλλά
1269 974 1464 1043 μικροῦ
1503 974 1827 1045 διημιλλήθη

265 1063 594 1133 ’Δνδρονίκῳ
639 1065 698 1118 τδ
728 1065 1174 1135 προσκεκρουκδς
1211 1064 1515 1132 σινόμενος,
1544 1069 1618 1135 μὴ
1685 1068 1747 1119 τὸ
1803 1068 1896 1122 τοῦ

255 1149 515 1212 εὔξασθαι
549 1152 581 1219 ἢ
617 1150 876 1216 εὔξασθαι
901 1153 995 1204 καὶ
1031 1153 1106 1220 μὴ
1131 1150 1440 1206 ἀποδοῦναι.
1492 1171 1508 1202 ι

340 1240 398 1293 '0
423 1242 478 1294 δέ
507 1258 570 1308 γε
613 1243 706 1294 τοῦ
752 1241 972 1294 Ἰκονίου
1028 1240 1322 1302 σουλτάνος
1383 1237 1469 1312 (ἦν
1509 1243 1566 1295 δὲ
1612 1243 1780 1297 εἰσέτι
1807 1247 1834 1298 ό

253 1332 659 1396 Κλιτζασθλάν,
696 1334 960 1402 εὐγηρίαν
998 1336 1146 1402 ἄγων
1172 1335 1266 1387 καὶ
1291 1335 1531 1404 γεγονὼς
1566 1336 1706 1406 ὑπὲρ
1740 1337 1833 1407 ἔτη

251 1428 321 1477 τὰ
341 1426 738 1493 ἑϐδομήκοντα)
765 1426 853 1478 τὸν
883 1426 1226 1495 Ἀνδρονίκου
1261 1428 1573 1489 ὲνωτισθείς
1605 1427 1834 1482 θάνατον

250 1518 347 1568 καὶ
369 1517 468 1585 τὴν
513 1516 817 1587 ἀνάρρησιν
869 1517 1144 1570 Ἰααακίου
1204 1519 1532 1587 πυθόμενος,
1563 1536 1835 1572 καταστο-

251 1607 481 1676 χάζεται
535 1609 776 1676 ἀρίστως
830 1608 929 1660 ὅσα
963 1609 1114 1672 εἰκὸς
1148 1612 1238 1661 ἐπὶ
1270 1613 1387 1671 ταῖς
1425 1609 1534 1661 τῶν
1565 1609 1834 1676 βασιλέων

255 1697 583 1766 μεταθέσεσί
610 1715 667 1750 τε
697 1698 792 1750 καὶ
819 1697 1163 1768 παραλύσεσι
1201 1698 1470 1765 γίνεσθαι,
1506 1698 1599 1750 καὶ
1633 1697 1835 1765 μᾶλλον

252 1789 303 1839 εί
332 1788 567 1856 πόλεμος
600 1787 850 1840 ἀνθέλκει
893 1790 1176 1858 ἑσπέριος,
1208 1789 1300 1840 καὶ
1348 1788 1602 1856 πολέμων
1633 1791 1659 1840 ὁ
1691 1788 1832 1854 κρά-

250 1895 466 1938 τιστοςο
491 1881 582 1932 καὶ
610 1880 672 1947 δὴ
699 1879 950 1949 εἰσϐολὴν
982 1883 1224 1932 ποιεῖται
1251 1880 1391 1932 κατά
1422 1879 1516 1931 τοῦ
1555 1879 1663 1930 τῶν
1689 1880 1833 1949 Θρᾳο

251 1971 460 2039 κησίων
500 1970 730 2038 θέματος
755 1972 821 2023 δι’
845 1973 1079 2023 εύτππου
1113 1973 1208 2024 καὶ
1229 1970 1460 2022 εύόπλου
1487 1969 1829 2038 στρατεύμα-

250 2081 363 2127 τος,
393 2065 486 2117 τοῦ
522 2066 676 2137 Σαμῆ
737 2068 928 2135 ἀμηρᾶ
964 2065 1425 2136 στρατηγοῦντος.
1490 2063 1702 2117 Οὐκοῦν
1736 2065 1831 2117 ἀν-

248 2156 395 2226 δρῶν
444 2159 816 2226 κεκενωμένον
853 2158 1030 2228 εὑρὼν
1083 2158 1144 2209 τὸ
1182 2155 1278 2209 τοῦ
1313 2155 1616 2208 Κελϐιανοῦ
1659 2155 1832 2225 κλίμα

251 2249 396 2301 ὅπλα
448 2249 638 2318 φέρειν
695 2250 913 2302 εἰδότων
964 2249 1202 2318 (πάντες
1259 2248 1366 2315 γάρ
1417 2247 1492 2308 ὡς
1537 2247 1829 2318 χείμαρροι

256 2340 640 2410 μετεῤῥύησαν
664 2343 800 2411 πρὸς
832 2342 923 2394 τὸν
943 2343 1138 2394 νεωστὶ
1168 2340 1268 2409 τὴν
1288 2339 1581 2408 ἁλουργίδα
1617 2339 1831 2407 ἐμπορ-

1931 615 2084 667 nulla
2123 615 2502 678 distinctione,
2536 615 2610 668 ita
2635 616 2797 669 etiam
2833 617 2886 670 in
2909 616 3119 684 agendo
3161 618 3299 674 adeo
3347 618 3504 672 nulla.

1927 705 2303 760 moderatione
2337 722 2468 761 usus
2511 715 2616 768 est.
2645 717 2704 760 ut
2731 722 2919 774 parum
2983 707 3204 761 abesset
3253 709 3383 776 quin
3417 710 3498 760 ul-

1928 795 2197 849 ciscendis
2223 798 2462 852 inimicis
2493 798 2868 852 Andronicum
2898 799 3226 860 imitaretur,
3249 798 3501 867 neglecto

1928 884 2022 939 illo
2078 886 2428 953 Salomonio,
2491 905 2600 959 quo
2654 889 2859 943 dicitur
2903 908 2921 941 ι
2963 899 3217 958 praestare
3261 903 3370 942 non
3423 887 3508 941 fa-

1929 997 2053 1036 cere
2077 991 2262 1036 votum
2293 999 2458 1054 quam
2491 996 2675 1038 votum
2723 999 2832 1038 non
2879 984 3131 1038 reddere.
3170 1002 3188 1033 ι

1930 1072 2274 1144 Σολομῶντος
2322 1076 2606 1149 ὲπῃνεκὼς
2660 1077 2687 1130 ὅ
2731 1091 2926 1148 φησιν·
2991 1094 3010 1127 ι
3059 1075 3288 1142 Ἀγαθὸν
3329 1073 3388 1126 τὸ
3425 1073 3500 1145 μὴ

2005 1247 2228 1301 Interim
2265 1247 2434 1302 lconii
2480 1247 2733 1302 sultanus
2779 1247 3165 1304 Clizasthlanis
3218 1247 3359 1303 felici
3409 1261 3500 1302 se-

1934 1345 2090 1390 necta
2131 1337 2275 1390 ultra
2302 1353 2504 1392 annum
2531 1355 2631 1392 Lxx
2665 1353 3009 1409 progressus,
3046 1354 3167 1392 cum
3198 1337 3498 1393 Andronici

1934 1427 2237 1491 interitum,
2292 1431 2379 1482 cui
2435 1431 2797 1485 successisset
2850 1431 3111 1492 lsaacius,
3170 1431 3498 1494 audivisset,

1931 1528 1986 1574 et
2009 1535 2070 1572 ea
2094 1535 2215 1587 quas
2251 1520 2302 1573 in
2358 1523 2756 1589 imperatorum
2804 1521 3211 1575 mutationibus
3253 1520 3503 1574 accidere

1932 1611 2134 1673 solent.
2175 1609 2333 1681 48],
2387 1611 2690 1681 praesertim
2732 1612 2776 1666 si
2825 1612 3024 1667 bellum
3086 1612 3154 1666 ab
3203 1610 3503 1667 Occidente

1931 1703 2312 1771 gravissimum
2353 1714 2568 1771 urgeat,
2593 1703 2941 1772 sagacissime
2967 1703 3289 1764 divinasset,
3321 1702 3511 1755 lectis-

1932 1795 2072 1847 simo
2103 1795 2350 1863 equitatu
2385 1803 2439 1848 et
2475 1797 2641 1848 armis
2668 1795 3099 1848 instructissimo
3134 1794 3189 1846 in
3211 1787 3503 1844 Thraciam

1933 1883 2350 1951 impressionem
2387 1885 2536 1948 facit,
2571 1885 2733 1938 Same
2769 1885 2965 1938 Amera
3010 1883 3171 1936 duce.
3225 1882 3328 1948 Qui
3377 1896 3506 1934 cum

1931 1973 2248 2028 Celbianum
2277 1983 2508 2028 tractum
2534 1975 2808 2028 bellicosis
2835 1975 2966 2027 viris
2999 1988 3230 2027 vacuum
3255 1972 3503 2026 invenis-

1933 2075 2016 2119 set
2043 2067 2256 2131 (omnes
2277 2065 2422 2119 enim
2449 2065 2710 2119 torrentis
2733 2066 2904 2119 instar
2929 2065 2994 2119 ad
3020 2065 3284 2118 lsaaeium
3309 2077 3502 2116 recens

1934 2157 2169 2223 imperio
2226 2158 2460 2225 potitum
2514 2157 2946 2222 conﬂuxerant),
3006 2157 3206 2210 multos
3251 2155 3514 2209 homines

1935 2246 2100 2314 cepit,
2137 2259 2380 2300 armenta
2419 2256 2475 2300 et
2520 2262 2715 2316 greges
2745 2248 2923 2301 omnis
2968 2246 3182 2314 generis
3227 2245 3407 2314 abegit
3451 2253 3507 2298 et

1935 2338 2123 2392 multis
2153 2338 2434 2392 manubiis
2464 2353 2622 2392 suum
2655 2339 2958 2393 exercitum
2989 2338 3360 2407 locupletavit.

251 2432 572 2501 στησάμενον
611 2435 914 2503 Ἰταάκιον)
971 2434 1293 2504 ἀνθρώπους
1358 2449 1418 2485 τε
1495 2432 1723 2495 πολλοὺς
1791 2432 2122 2503 ἐχειρώσατο
2148 2433 2237 2485 καὶ
2262 2431 2416 2494 ζώων
2471 2432 2674 2505 ἧλασεν
2740 2435 2939 2500 ἀγέλας
2994 2433 3372 2494 παντοδαπῶν,
3411 2433 3506 2484 καὶ

251 2520 532 2589 ὠφελειῶν
564 2521 742 2575 ἄλλων
763 2522 824 2574 τὸ
849 2523 1048 2574 οἰκεῖον
1079 2521 1346 2589 ἐνέπλησε
1382 2519 1719 2588 στράτευμα.

337 2608 770 2677 Ἦρεμησάντων
802 2610 858 2662 δὲ
889 2611 982 2662 καὶ
1015 2609 1123 2661 τῶν
1175 2607 1327 2676 ἑῴων
1358 2606 1526 2659 ἐθνῶν
1559 2607 1740 2665 ἄλλοις
1770 2621 1826 2657 τε

252 2699 616 2769 προσκαίροις
683 2700 1142 2769 φιλοτιμήμασιν,
1202 2698 1340 2750 ἀλλὰ
1377 2699 1441 2767 δὴ
1477 2698 1571 2750 καὶ
1596 2697 1830 2764 ἐτησίων

253 2787 564 2854 ἀπολήψεσι
613 2790 795 2857 φόρων
828 2787 1004 2854 (οὕτω
1031 2787 1140 2857 γὰρ
1179 2787 1228 2838 οἱ
1260 2789 1315 2849 ἐς
1341 2788 1488 2856 ἡμᾶς
1513 2785 1831 2856 ὑπερκάθη-

255 2896 413 2947 μενοι
473 2879 756 2946 Ῥωμαίων
819 2880 1064 2947 μετιέναι
1118 2879 1262 2930 ἴσασι
1286 2879 1346 2929 τὸ
1379 2877 1693 2944 ἀλλόφυλον,
1735 2876 1834 2945 τὴν

251 2971 534 3040 οἰκουρίαν
562 2969 992 3038 μεταδιώκοντες
1029 2971 1117 3022 ἴσα
1143 2971 1238 3022 καὶ
1272 2969 1677 3038 θαλαμηπόλοις
1701 2969 1830 3020 νεά·

252 3081 418 3125 νισιν,
451 3065 506 3117 αἳ
533 3063 658 3132 περί
683 3063 944 3116 ταλασίαν
976 3062 1415 3131 διαπονοῦνται),
1466 3061 1732 3128 ἠθέλησεν
1770 3058 1829 3122 ἐξ

2003 2603 2106 2657 Ubi
2161 2602 2472 2657 Orientales
2517 2609 2712 2672 gentes
2746 2617 2871 2655 cum
2932 2603 3058 2655 aliis
3104 2617 3204 2672 pro
3256 2609 3508 2671 tempore

1932 2695 2270 2756 muneribus,
2309 2702 2421 2746 tum
2451 2694 2649 2747 annuis
2674 2693 2896 2747 tributis
2923 2694 3146 2762 placatae
3175 2694 3507 2760 quieverunt

1934 2789 2035 2857 (sic
2083 2787 2232 2840 enim
2283 2797 2469 2839 nostra
2510 2794 2670 2840 aetate
2727 2787 3099 2839 Romanorum
3146 2787 3514 2854 imperatores

1936 2895 2060 2933 cum
2097 2878 2356 2931 Barbarie
2391 2893 2552 2948 agere
2603 2877 2802 2940 solent,
2857 2877 3004 2931 dumi
3042 2879 3213 2932 instar
3255 2877 3508 2932 nentium

1938 2968 2238 3038 puellarum
2263 2967 2618 3035 desidentes),
2642 2983 2812 3021 uxore
2842 2967 3101 3021 defuncta
3139 2969 3506 3037 alienigenam

1937 3058 2139 3114 ducere
2171 3059 2382 3118 statuit.
2415 3067 2470 3111 et
2495 3074 2591 3126 per
2622 3058 2827 3126 legatos
2861 3058 3001 3110 Belae
3048 3057 3338 3126 llungaria:
3364 3059 3506 3122 regis

250 3157 576 3218 ἀλλοεθνοῦς
628 3157 817 3224 γένους
850 3155 1030 3224 ἐαυτῷ
1059 3154 1505 3224 μνηστεύσασθαι
1539 3154 1787 3222 γαμετήν
1811 3167 1824 3181 ·
1856 3171 1897 3227 C
1935 3154 1942 3200 l

1811 3167 1824 3181 -
1856 3171 1897 3227 ο
1935 3148 2121 3211 filiam,
2165 3148 2409 3202 nondum
2457 3148 2647 3201 decem
2690 3164 2862 3202 annos
2911 3157 3120 3211 natam,
3156 3150 3328 3202 ambit
3400 3149 3503 3201 Sed

251 3248 319 3317 ἢν
348 3247 456 3315 γὰρ
483 3247 891 3315 ἐμνηστεύσατο
923 3246 1213 3314 πρότερον,
1253 3242 1469 3310 θανάτῳ
1499 3240 1824 3292 ἀπεϐάλετο.

252 3337 365 3390 Καὶ
392 3338 454 3405 δὴ
480 3337 1002 3404 κοινολογησάμενος
1035 3335 1120 3386 διὰ
1147 3333 1429 3404 πρεσὸἐων
1450 3331 1528 3401 τῷ
1556 3335 1655 3400 τῆς
1685 3332 1827 3396 Οὐγο

252 3427 419 3496 γρίας
448 3430 578 3496 ρηγί
609 3428 686 3495 τῷ
714 3426 855 3496 Βελᾷ
881 3426 1074 3491 ἄγεται
1110 3425 1189 3485 εἰς
1221 3425 1455 3490 γυναῖκα
1493 3422 1592 3490 τὴν
1615 3420 1824 3473 ἐκείνου

253 3521 554 3589 θυγατέρα,
585 3520 686 3588 τῆς
740 3517 1125 3586 δεκαετηρίδος
1155 3514 1308 3567 οὕπω
1337 3514 1577 3584 ἀκριϐῶς
1606 3514 1826 3584 ἁψαμέ-

250 3631 370 3680 νην.
409 3613 491 3665 Τὰ
513 3613 567 3663 δὲ
596 3611 937 3678 γαμοδαίσια
968 3608 1119 3660 θύειν
1153 3607 1261 3658 ἀπὸ
1307 3604 1608 3675 χρημάτων
1655 3605 1827 3672 δημο-

251 3706 384 3757 σίων
409 3704 941 3773 σμικρολογούμενος
975 3700 1165 3768 ἀμισθί
1193 3699 1365 3751 ταῦτα
1391 3699 1456 3750 ὲκ
1481 3697 1588 3749 τῶν
1611 3695 1826 3748 οἰκείων

252 3797 504 3861 συνέλεγε
533 3797 726 3864 χώρων
749 3810 762 3824 ·
790 3796 883 3846 καὶ
910 3792 1068 3844 ἔλαθε
1102 3791 1191 3843 διὰ
1227 3790 1706 3860 σμικροπρέπειαν
1731 3787 1827 3839 καὶ

249 3891 418 3949 ἄλλας
441 3890 537 3956 μὲν
564 3887 746 3948 πόλεις
771 3885 1265 3954 καλαμησάμενος,
1304 3881 1359 3933 αἲ
1392 3881 1510 3932 κατ’
1537 3877 1827 3948 Ἀγχίαλον

250 3980 633 4050 συνῳκίζοντο,
664 3975 844 4046 ἐαυτῷ
867 3976 922 4028 δὲ
950 3976 1184 4044 μάλιστα
1207 3973 1301 4025 καὶ
1341 3971 1634 4041 Ῥωμαίοις
1665 3971 1830 4022 Exi-to-

247 4072 502 4140 λεμὼσας
529 4073 655 4130 τοὺς
689 4068 826 4120 κατά
849 4067 940 4118 τὸν
973 4060 1148 4134 Αἷμον
1170 4064 1232 4117 τὸ
1260 4066 1385 4133 ὅρος
1411 4062 1754 4132 Βαρϐάρους,
1776 4061 1826 4112 οἶ

247 4164 428 4218 Μυσοὶ
454 4163 724 4230 πρότερον
762 4159 1132 4228 ὠνομάζοντο,
1168 4157 1287 4210 νυν).
1316 4156 1372 4208 δὲ
1401 4155 1595 4224 Βλάχοι
1633 4153 1825 4221 κικλή-

249 4271 499 4306 σκονται.
556 4243 723 4304 Οὗτοι
763 4250 871 4320 γὰρ
931 4252 1051 4310 ταῖς
1098 4248 1436 4316 δυσχωρίαις
1480 4245 1825 4308 πεποιθότες,

248 4349 347 4400 καὶ
377 4349 490 4408 τοῖς
547 4345 830 4414 φρουρίοις
883 4342 1280 4412 θρασυνόμενοι
1313 4341 1348 4393 ἂ
1371 4339 1598 4392 πλεῖστά
1628 4339 1686 4389 τέ
1719 4338 1826 4388 είσι

249 4439 345 4490 καὶ
381 4435 516 4502 ὀρθὰ
575 4433 694 4486 κατ’
724 4434 1029 4501 ἀποτόμους
1086 4432 1314 4500 κείμενα
1341 4430 1570 4498 πέτρας,
1613 4430 1704 4479 καὶ
1733 4425 1825 4479 ἀλ-

1931 3240 2062 3294 dum
2116 3255 2180 3293 ex
2212 3241 2504 3294 tenacitate
2557 3240 2777 3310 nuptias
2819 3257 2885 3294 ex
2933 3242 3045 3294 lisci
3074 3240 3304 3309 pecunia
3368 3239 3509 3293 cele-

1931 3330 2090 3383 brare
2119 3330 2281 3400 482
2320 3331 2641 3384 reformidat
2675 3342 2730 3384 et
2754 3339 3007 3398 sumplus
3036 3331 3157 3384 illos
3184 3331 3251 3384 ab
3275 3332 3513 3385 urbibus

1929 3430 1984 3475 et
2012 3423 2306 3489 provinciis
2351 3422 2556 3474 all‘atim
2588 3423 2775 3489 exigit,
2816 3437 2939 3474 cum
2978 3423 3109 3475 alias
3145 3423 3326 3486 urbes,
3370 3439 3509 3491 pra--

1928 3514 2116 3568 sertim
2163 3514 2429 3568 Anchialo
2488 3515 2770 3578 finitimas,
2822 3515 3033 3578 alllixit,
3084 3523 3196 3567 tum
3239 3515 3505 3567 Barbaros

1929 3605 2098 3658 literni
2133 3607 2333 3660 montis
2379 3608 2592 3660 accolas
2629 3607 2733 3658 sibi
2770 3616 2827 3658 et
2858 3607 3102 3660 Romano
3149 3607 3381 3674 imperio
3423 3607 3504 3657 in-

1929 3696 2256 3750 festissimos
2298 3697 2558 3760 reddidit,
2596 3698 2687 3761 qui
2725 3697 2854 3749 olim
2906 3696 3060 3766 Mysi,
3116 3712 3261 3749 nunc
3316 3697 3507 3751 Blacltt

1928 3789 2302 3842 nominantur.
2338 3789 2399 3841 Hi
2445 3790 2592 3842 enim
2643 3789 2910 3854 anguSIiis
2945 3803 2997 3843 et
3051 3789 3290 3842 castellis
3346 3788 3514 3853 freti,

1927 3902 2048 3953 quae
2098 3886 2333 3954 plurima
2377 3886 2585 3941 habent
2629 3887 2921 3956 pmruptis
2967 3887 3112 3938 saxis
3157 3885 3497 3947 inaedificata,

1926 3991 2052 4029 cum
2089 3979 2242 4046 prius
2267 3980 2432 4032 etiam
2484 3978 2759 4031 Romanos
2815 3993 3010 4046 parum
3048 3986 3336 4039 curarent.
3378 3986 3494 4030 tum

1927 4085 2026 4138 per
2076 4084 2301 4124 causam
2368 4070 2547 4124 abacti
2595 4070 2810 4139 pecoris
2848 4078 2904 4123 et
2961 4071 3310 4122 vexationum
3358 4085 3500 4135 quas

1926 4163 2254 4214 tolerassent
2327 4175 2516 4231 aperte
2572 4162 2915 4215 defecerunt.
2979 4161 3108 4229 Ejus
3177 4159 3512 4214 defectionis

1927 4256 2205 4325 principes
2225 4265 2553 4310 etauctores
2581 4256 2731 4311 fuere
2759 4258 2865 4311 duo
2889 4273 2952 4311 ex
2981 4257 3071 4309 illa
3091 4263 3251 4324 gente
3279 4254 3512 4316 fratres,

1927 4345 2122 4398 Petrus
2167 4355 2223 4398 et
2265 4346 2408 4399 Asan
2434 4365 2447 4402 :
2473 4348 2568 4415 qui
2603 4362 2671 4400 ne
2712 4348 2831 4401 sine
2863 4363 3025 4400 causa
3058 4362 3146 4399 res
3183 4360 3352 4398 novas
3378 4358 3501 4397 mo-

1925 4436 2013 4489 liri
2065 4437 2404 4502 viderentur,
2462 4439 2852 4507 imperatorem
2901 4436 3166 4508 Cypsellid
3210 4438 3508 4505 degentem

249 4531 371 4581 λοτε
424 4527 523 4596 μὲν
569 4526 712 4578 κατὰ
763 4525 1053 4592 Ῥωμαίων
1095 4522 1578 4592 έμεγαλαύχησαν,
1612 4520 1734 4570 τότε
1767 4517 1822 4568 δὲ
1855 4529 1941 4586 υτ

1814 4534 1822 4568 ε
1855 4529 1900 4586 D
1929 4529 2152 4589 adeunt,
2182 4538 2432 4596 petentes
2455 4540 2512 4582 ut
2538 4531 2589 4581 in
2618 4530 2890 4583 Romanas
2912 4529 3153 4599 legiones
3173 4528 3506 4588 referantur,

252 4621 528 4687 πρόφασιν
561 4617 879 4684 εὑρηκότες,
914 4615 941 4666 ὃ
971 4615 1034 4684 δὴ
1081 4614 1323 4682 λέγεται,
1374 4613 1686 4683 Πάτροκλον
1727 4613 1825 4682 τὴν

247 4709 359 4760 τῶν
383 4709 599 4759 οἰκείων
632 4705 969 4774 θρεμμάτων
993 4707 1297 4772 ἀπαγωγὴν
1325 4708 1418 4758 καί
1441 4706 1681 4757 κάκωσιν
1702 4707 1827 4756 ἑαυ-

248 4799 379 4863 τῶν,
413 4800 468 4858 ὲς
486 4799 824 4849 ἀποστατίαν
849 4795 931 4866 [Ρ.
957 4795 1084 4866 25η
1118 4796 1374 4864 λαμπρὰν
1399 4796 1823 4863 ἀνεσκίρτησαν.

247 4884 430 4939 Ἦσαν
484 4887 541 4937 δὲ
593 4886 642 4935 οἰ
675 4884 768 4935 τοῦ
804 4884 976 4935 κακοῦ
1036 4885 1383 4953 πρωτουργοὶ
1433 4883 1528 4934 καὶ
1580 4883 1640 4934 τὸ
1674 4882 1826 4944 έθνος

247 4977 370 5028 ὅλον
398 4975 787 5036 ἀνασείσαντες
817 4974 1022 5044 Πέτρος
1055 4991 1136 5036 τις
1187 4975 1281 5025 καὶ
1314 4974 1503 5036 Ἀαὰν,
1541 4976 1827 5041 ὁμογενεῖς

249 5067 346 5120 καὶ
364 5066 749 5133 ταυτόσποροι,
797 5066 846 5117 οἳ
889 5069 981 5117 καὶ
1013 5067 1088 5134 μὴ
1121 5067 1358 5134 δρῶντες
1380 5067 1478 5136 τὴν
1511 5067 1826 5135 νεωτέριαιν

247 5161 662 5226 ἀπροφάσιστον
695 5160 960 5227 προσίασι
996 5159 1209 5228 βασιλεῖ
1237 5161 1598 5230 σκηνουμένῳ
1625 5160 1682 5212 ἐν
1712 5161 1827 5219 τοῖς

249 5249 590 5318 Κυψέλλοις,
665 5250 983 5318 αἰτούμενοι
1045 5253 1620 5322 συστρατολογηθῆναι
1693 5252 1827 5303 Ῥω-

252 5340 441 5407 μαίοις
472 5339 565 5390 καὶ⁵
594 5339 682 5390 διὰ
717 5339 990 5408 βασιλείου
1025 5344 1358 5412 γράμματός
1408 5345 1559 5412 σφίσι
1592 5343 1825 5414 βραϐευ-

250 5431 409 5499 θῆναι
434 5432 636 5498 χωρίον
661 5448 710 5481 τι
737 5431 1181 5502 βραχυπρὸσοδον
1213 5424 1364 5486 κατά
1391 5437 1483 5489 τὸν
1515 5431 1688 5506 Αἶμον
1712 5437 1827 5489 κεί-

251 5538 434 5589 μενον.
499 5521 639 5572 Ἀλλ’
674 5523 948 5593 ἀπέτυχον
995 5524 1090 5577 τοῦ
1157 5528 1456 5596 αἰτήματος
1483 5543 1495 5556 °
1529 5525 1596 5598 ἦν
1657 5530 1764 5595 γὰρ
1792 5531 1825 5594 ἡ

249 5612 371 5664 θεία
393 5613 831 5683 ὲπικραττστέρα
862 5616 1096 5685 κίνησις.
1141 5617 1612 5688 ’Υπετονθόρυσαν
1635 5617 1727 5674 οὖν
1749 5622 1824 5684 ὡς

247 5705 649 5775 ταροφθέντες,
691 5707 914 5770 είκαίως
949 5707 1003 5760 δὲ
1030 5712 1123 5761 καὶ
1146 5711 1243 5780 τὴν
1282 5713 1500 5780 αἴτησιν
1529 5714 1819 5767 έπανατει⁹

247 5799 475 5867 νάμενοι
530 5798 887 5867 παρέπτυσάν
922 5818 970 5852 τι
1010 5802 1104 5854 καὶ
1138 5803 1289 5872 ῥῆμα
1321 5804 1674 5877 θερμότερον,
1725 5807 1820 5878 τὴν

1929 4631 1984 4674 et
2025 4621 2127 4674 sibi
2163 4623 2423 4691 prredium
2474 4622 2654 4692 exigui
2709 4622 2918 4676 reditus
2971 4622 3022 4674 in
3078 4620 3262 4674 llaamo
3315 4630 3509 4673 monte

1929 4714 2093 4767 situm
2131 4714 2462 4784 assignetur.
2501 4714 2576 4767 Ea
2611 4729 2668 4767 re
2702 4730 2810 4766 non
2863 4714 3148 4781 impetrata
3184 4713 3330 4778 (nam
3363 4710 3500 4764 fato-

1931 4805 2160 4857 rum‘vis
2189 4805 2533 4872 prudentiam
2559 4804 2851 4857 humanam
2879 4801 3221 4870 superabat).
3242 4801 3508 4853 submur-

1929 4896 2220 4950 tnurahant
2248 4905 2303 4948 ut
2338 4896 2639 4962 contempti
2669 4905 2724 4948 et
2751 4896 2859 4948 voti
2890 4896 3159 4962 impotes;
3186 4904 3243 4946 et
3270 4894 3496 4947 verbum

1929 4987 2189 5040 audacius
2237 4988 2566 5045 emiserunt.
2607 5002 2718 5054 quo
2758 4986 3119 5040 defectionem
3173 4996 3229 5038 et
3271 5001 3334 5039 ea
3378 5001 3502 5054 quas

1929 5077 2149 5130 domum
2174 5080 2385 5132 reversi
2415 5080 2589 5133 acturi
2615 5088 2802 5133 essent
2832 5079 3157 5142 innuebant,
3188 5081 3330 5132 Asan
3360 5095 3497 5144 pra!-

1929 5170 2142 5231 sertim,
2179 5170 2349 5224 homo
2380 5170 2641 5225 audacior
2667 5182 2723 5225 et
2753 5171 3052 5232 crudelior,
3085 5173 3173 5225 cui
3210 5172 3280 5225 ob
3321 5171 3502 5237 impu-

1928 5261 2168 5313 dentiam
2229 5261 2461 5316 Joannis
2518 5259 2982 5314 sebastocratoris
3023 5261 3179 5329 jussu
3238 5259 3501 5326 colaphns

1926 5350 2087 5421 483
2118 5350 2452 5420 infringitur.
2495 5351 2570 5404 lta
2605 5366 2712 5404 non
2746 5349 2946 5403 infecta
2985 5349 3147 5402 modo
3177 5365 3235 5402 re
3260 5349 3494 5406 dimissi.

1927 5443 2022 5495 sed
2053 5444 2404 5496 contumeliis
2435 5443 2596 5496 etiam
2628 5442 2832 5495 irritati
2873 5441 3123 5494 homines
3171 5440 3262 5493 isti
3301 5439 3495 5492 nefarii

1925 5545 1980 5588 et
2026 5535 2386 5589 conscelerati
2427 5536 2703 5604 quomodo
2759 5543 2952 5588 contra
3015 5534 3290 5586 Romanos
3346 5547 3497 5600 gras-

1926 5627 2026 5679 sati
2054 5627 2180 5687 sinl,
2217 5627 2344 5694 quis
2375 5627 2562 5682 verbis
2585 5627 2991 5696 consequatur?
3028 5643 3148 5697 qua:
3174 5627 3349 5679 oratio
3377 5634 3464 5678 tan

1928 5725 2040 5769 tum
2080 5716 2347 5770 malorum
2374 5718 2597 5787 pelagus
2629 5719 3064 5787 complectatur?
3105 5717 3210 5770 Sed
3247 5717 3494 5773 nondum

1927 5810 1993 5864 de
2027 5809 2130 5876 his,
2166 5824 2233 5864 ne
2263 5809 2507 5864 historiae
2540 5812 2710 5866 series
2742 5811 3198 5880 interrumpatur.
