4304 6354
746 355 846 418 731

2007 351 2303 414 NICETE
2343 349 2750 412 CHONIATzﬁ

3903 349 4013 411 732

749 467 1091 524 ἀποστασίαν
1145 468 1486 537 ύπεμφατνον
1517 467 1612 520 καὶ
1664 468 1766 521 δσι
1796 469 2115 530 ἐπανιόντες
2174 465 2355 519 οῐκαδε
2401 465 2681 533 δράσουσι,
2719 468 2811 514 καὶ
2861 461 3067 513 τούτων
3099 457 3336 528 μάλιστα
3374 459 3402 512 6
3450 457 3617 514 Ἀσάν
3643 459 3672 512 6
3740 457 3835 512 καὶ
3873 460 4013 528 θρα-

756 557 982 625 σύτερος
1009 559 1103 609 καὶ
1151 555 1451 626 ὠμότερος,
1482 553 1542 617 ὃς
1580 555 1674 608 καὶ
1708 553 1970 608 τύπτεται
2025 553 2167 607 κατά
2217 551 2324 604 τῶν
2362 550 2674 620 προσώπων
2726 550 2961 616 ἐπιταγῇ
3030 545 3125 599 τοῦ
3159 546 3666 615 σεϐαστοκράτορος
3733 546 4013 600 Ἰωάννου.

749 643 1114 711 ἐπιπληχθεὶς
1143 645 1221 700 είς
1247 642 1544 697 ἀναίδειαν.
1579 644 1688 696 Καὶ
1710 643 1758 694 οί
1797 643 1894 711 μέν
1921 641 2199 711 ἄπρακτοι
2231 638 2408 700 οὓτως
2464 636 2776 703 ἐπανῆλθον
2798 634 2892 686 καὶ
2922 633 3338 702 περιύϐριστοι·
3377 634 3477 684 ὃσα
3537 632 3593 684 δὲ
3661 633 3803 686 κατά
3877 633 4017 687 Ῥω·

751 732 928 799 μαὶων
960 729 1376 797 οίάνοσιουργοὶ
1407 723 1556 782 οὖτοι
1627 730 1719 780 καὶ
1757 729 1946 798 μιαροὶ
2009 725 2394 796 διεπράξαντο,
2437 725 2516 784 τίς
2568 721 2632 774 ἂν
2694 722 2941 786 ἐφίκοιτο
2971 719 3150 785 λόγος,
3192 718 3225 787 ἢ
3279 719 3410 770 ποία
3434 718 3688 788 διήγησις
3745 719 4018 780 τοσαύτας

745 817 932 867 κακῶν
975 815 1204 877 Ἰλιάδας
1246 817 1762 886 συμπεριλήψεταις
1795 815 1932 868 ἀλλά
1966 815 2133 884 μήπω
2187 813 2315 881 περὶ
2355 809 2586 868 τούτων,
2619 807 2680 859 τδ
2708 807 2765 858 δέ
2802 806 2987 872 λέγειν
3024 805 3373 874 προϐαινέτω
3410 822 3498 870 μοι
3529 806 3652 857 καθ’
3676 806 3896 875 είρμόν.

817 905 870 959 5.
901 904 1182 958 Comncno
1233 904 1434 959 lsaacio
1489 908 1726 976 Cyprum
1782 907 1962 960 adhuc
2007 915 2252 967 tenente,
2285 919 2313 956 a
2347 909 2388 961 Α
2489 919 2515 952 ε

2347 909 2388 961 Α
2489 907 2550 952 ε’.
2590 900 2712 951 Ἐτι
2761 897 2854 950 τοῦ
2889 898 2952 949 ἐκ
3007 896 3299 965 Κομνηνοῦ
3353 896 3630 949 Ἰσαακίου
3673 913 4018 966 κατατυραν-

744 1012 851 1064 qua
884 1011 1062 1062 neque
1113 998 1356 1065 pecuniae
1406 997 1892 1066 pollicitationibus
1935 1013 2114 1066 neque
2148 996 2321 1065 impe-

745 1089 946 1139 ratoris
975 1087 1280 1140 reverentia
1311 1087 1749 1149 abstrahebatur.
1784 1106 1960 1159 neque
1992 1091 2058 1144 de
2087 1091 2326 1143 crudeli-

742 1187 852 1233 tute
882 1193 1009 1246 erga
1063 1179 1332 1231 insulares
1367 1179 1665 1249 quidquam
1706 1183 2037 1245 remittente,
2062 1183 2154 1235 sed
2189 1184 2323 1236 sub-

743 1270 869 1322 inde
936 1284 1073 1322 nova
1129 1270 1397 1338 supplicia
1466 1271 1829 1339 excogitante,
1861 1275 2089 1326 classem
2136 1283 2324 1326 contra

740 1373 864 1412 eum
903 1357 1202 1428 imperator
1237 1361 1450 1414 mittere
1497 1363 1714 1426 statuit,
1743 1371 1798 1415 et
1828 1380 1926 1416 Lxx
1960 1363 2135 1433 longis
2170 1365 2324 1416 naviv

741 1451 845 1504 bus
892 1451 1159 1505 Joannem
1216 1449 1745 1529 C-mtostephanum,
1785 1456 2062 1508 hominem
2113 1471 2327 1514 senem.

742 1551 795 1594 et
821 1542 1065 1595 Alexium
1116 1542 1460 1596 Comnenum
1499 1547 1614 1613 (qui
1655 1547 1755 1600 etsi
1794 1548 1873 1599 vir
1907 1547 2064 1601 fortis
2096 1559 2146 1601 et
2186 1550 2327 1601 inte-

744 1647 855 1700 gra:
907 1633 1081 1688 aetatis
1136 1645 1253 1686 erat
1288 1643 1342 1687 et
1380 1634 1727 1702 imperatoris
1779 1651 1969 1704 nepos.
2023 1643 2203 1690 tamen
2255 1635 2328 1686 ob

745 1722 980 1777 eﬂossos
1038 1724 1105 1777 ab
1161 1725 1478 1780 Andronico
1530 1727 1720 1780 oculos
1754 1727 1820 1780 ad
1866 1728 1917 1780 id
1969 1741 2167 1780 munus
2217 1741 2325 1778 non

745 1813 909 1866 modo
939 1814 1171 1879 inutilis,
1191 1814 1287 1868 sed
1315 1817 1515 1869 malum
1546 1832 1708 1871 omen
1730 1834 1948 1886 quoque
1977 1819 2043 1870 ab
2071 1818 2329 1872 omnibus

741 1902 1114 1972 jmlicabatur)
1173 1905 1475 1959 navarchos
1534 1907 1821 1974 przeponit.
1859 1907 1934 1960 Ac
1970 1907 2241 1971 navigatio
2273 1906 2326 1960 in

743 1990 983 2060 Cyprum
1042 1993 1270 2060 periculi
1314 2009 1513 2064 expers
1563 1997 1700 2059 fuit,
1749 1998 2005 2050 secundis
2031 2011 2083 2050 et
2113 1997 2330 2050 lenibus

745 2084 926 2134 ventis
978 2083 1370 2151 aspirantibus.
1425 2086 1531 2141 Sed
1578 2086 1668 2140 ubi
1697 2087 1750 2140 in
1780 2087 2049 2156 portubus
2091 2089 2328 2154 appule-

744 2180 905 2230 runt,
977 2175 1376 2229 atrocissimam
1447 2187 1824 2246 tempestatem
1892 2189 2022 2232 sunt
2085 2183 2326 2250 experti.

2429 990 2680 1050 νεύοντος
2709 989 2804 1056 τῆς
2836 986 3089 1056 Κύπρου,
3134 989 3225 1038 καὶ
3260 988 3400 1056 μήτε
3452 989 3752 1056 χρημάτων
3781 989 4018 1056 ὑποσχέ-

2429 1099 2580 1133 σεσιν
2630 1080 2968 1149 ἀποσχέσθαι
3025 1079 3227 1144 ταύτης
3284 1080 3683 1149 προτιθεμένου
3723 1082 3848 1151 μήθ’
3884 1084 4020 1135 ὑπο⁹

2428 1175 2748 1242 κλινομένου
2787 1171 2864 1241 τῷ
2902 1172 3136 1241 βασιλεῖ,
3171 1170 3295 1224 οὔτε
3335 1171 3443 1240 μὴν
3493 1174 3560 1224 τὰ
3585 1173 3736 1226 δεινὰ
3787 1175 4019 1243 μετριά-

2430 1265 2614 1327 ζοντος
2646 1265 2743 1315 ὅσα
2773 1263 3110 1332 ἐκακούργει
3142 1265 3285 1316 κατὰ
3337 1265 3603 1334 Κυπρίων
3645 1267 3731 1318 ἀεὶ
3767 1267 4021 1318 καινοτέ-

2433 1369 2531 1423 ρας
2592 1352 2843 1413 κολάσεις
2885 1351 3142 1416 ἐπινοῶν,
3194 1353 3336 1418 ἐγνω
3410 1353 3534 1404 κατ’
3597 1355 3764 1406 αὐτοῦ
3828 1356 4021 1408 στόλον

2431 1443 2794 1512 καταρτύσειν
2849 1444 2878 1494 6
2935 1443 3212 1512 βασιλεύς.
3253 1443 3365 1495 Καὶ
3400 1443 3592 1513 ἐπειδὴ
3648 1445 3859 1512 μακραὶ
3889 1445 4021 1513 νῆες

2431 1535 2848 1605 ἡτοιμάσθησαν
2880 1537 3281 1604 ἐϐδομήκοντα,
3306 1535 3570 1604 ναύαρχοι
3597 1536 4020 1589 ἁναδείκνυνται

2430 1631 2457 1680 6
2497 1628 2935 1695 Κοντοστέφανος
3006 1627 3282 1694 Ἰωάννης,
3342 1627 3496 1680 οὐδοῦ
3552 1627 3746 1688 ἐπιϐὰς
3782 1629 4017 1696 γήραος,

2431 1721 2524 1770 καὶ
2557 1721 2586 1771 6
2618 1718 2902 1786 Κομνηνδς
2935 1717 3196 1782 Ἀλέξιος,
3231 1717 3290 1780 ὃς
3346 1720 3395 1770 εί
3456 1718 3550 1770 κα)⁸
3581 1717 3766 1786 εὐῆλιξ
3801 1717 3916 1788 (‘25)
3948 1714 4021 1787 ἦν

2432 1810 2526 1861 καὶ
2556 1809 2804 1878 ἀνδρεῖος
2851 1810 2947 1861 καὶ
2992 1811 3085 1862 τοῦ
3119 1810 3506 1880 βασιλεύοντος
3560 1811 3865 1880 ἐξανεψιὸς,
3899 1811 4018 1862 ἀλλ’

2432 1905 2688 1963 ἐκκοπεὶς
2741 1903 2842 1964 τὰς
2870 1902 3037 1969 κόρας
3067 1903 3159 1955 ὑπ’
3193 1903 3547 1973 Ἀνδρονίκου
3607 1905 3821 1971 ἀχρεῖος
3877 1905 4019 1972 πρὸς

2431 1995 2540 2046 τῶν
2568 1995 2707 2046 ὅλων
2748 1995 2828 2057 είς
2868 1995 2966 2064 τὴν
3000 1995 3120 2047 τότε
3173 1996 3552 2064 στρατήγησιν
3606 1995 4017 2060 συλλελόγιστο,

2432 2087 2523 2139 ναὶ
2552 2086 2660 2157 μὴν
2685 2087 2989 2149 ούδάῖσιος
3024 2087 3274 2157 ἐκρίνετο
3297 2087 3507 2149 οἰωνός.
3539 2088 3650 2138 Καὶ
3679 2087 3743 2156 δὴ
3768 2089 3795 2138 6
3831 2085 3929 2155 μέν
3959 2086 4022 2148 ἐς

2435 2179 2662 2250 Κύπρον
2710 2177 2878 2240 πλοῦς
2899 2178 3184 2240 ἀκίνδυνος
3207 2178 3301 2231 καὶ
3328 2177 3390 2230 τὸ
3425 2176 3646 2246 πνεῦμα
3681 2177 3803 2228 λίαν
3827 2175 4022 2245 φορὸν,

745 2262 879 2316 Nam
913 2263 1153 2319 [saucius
1191 2265 1356 2337 Cypri
1406 2276 1671 2339 tyrannus
1696 2285 1794 2324 eos
1821 2280 1875 2324 et
1906 2271 2037 2324 vicit
2066 2281 2122 2324 et
2149 2273 2329 2340 cepit;
2366 2271 2406 2324 Β
2434 2274 2445 2321 1‘

2325 2291 2329 2332 ι
2366 2271 2406 2324 Β
2434 2271 2617 2340 ἠρέμα
2651 2288 2768 2331 πως
2803 2271 3080 2339 ἐμπῖπτον
3131 2273 3245 2334 τοῖς
3280 2269 3528 2338 λαίφεσι,
3589 2269 3656 2321 τά
3681 2269 3726 2320 δ’
3759 2267 3885 2334 ἐξῆς
3923 2267 4025 2318 καὶ

743 2366 797 2408 et
855 2355 1175 2422 potissimus
1231 2360 1406 2427 pirata
1455 2359 1620 2430 484
1677 2359 1969 2428 Megari'a,
2026 2363 2117 2429 qui
2170 2377 2330 2431 Opem

744 2447 951 2501 ferebat
1003 2447 1229 2508 lsaacio.
1284 2449 1423 2503 clam
1476 2467 1643 2504 naves
1689 2467 1890 2505 vacuas
1946 2454 2216 2507 militibus
2265 2455 2330 2508 ad

744 2547 1003 2594 terre-tre
1039 2541 1286 2609 prazlium
1329 2543 1567 2607 egressis
1613 2545 1922 2612 occupavit.
1976 2545 2161 2612 Itaque
2201 2545 2334 2598 trie-

745 2631 954 2685 τινι-ουκ
981 2648 1088 2684 non
1116 2631 1276 2685 modo
1305 2633 1511 2686 nullum
1544 2633 1754 2688 illustre
1781 2635 1993 2688 facinus
2019 2637 2332 2701 ediderunt,

745 2721 840 2774 sed
869 2721 1106 2791 denique
1141 2725 1302 2777 etiam
1335 2725 1387 2776 in
1427 2725 1662 2778 hostium
1714 2741 1907 2779 manus
1943 2737 2248 2792 venerunt;
2281 2736 2336 2780 et

748 2811 1022 2876 Megaritae
1062 2813 1291 2867 arbitrio
1339 2815 1588 2882 permissi
1639 2817 1706 2869 ab
1759 2816 1958 2871 lsaacio
2000 2819 2160 2886 paulo
2212 2827 2336 2883 post

748 2903 814 2955 ad
860 2904 1059 2958 Sicilia!
1115 2915 1426 2975 tyrannum,
1463 2906 1528 2958 ad
1582 2923 1744 2975 quem
1795 2908 1882 2962 ille
1937 2917 1996 2962 ut
2050 2908 2333 2963 dominum

749 3008 878 3048 suas
929 2996 1174 3049 actiones
1253 2996 1547 3058 referebat,
1597 3007 1724 3050 sunt
1775 2999 2045 3067 perducti.
2101 3000 2338 3060 lsaacius

751 3103 884 3140 vero
932 3100 1054 3157 post
1088 3091 1374 3143 victoriam
1430 3091 1632 3144 multos
1687 3092 1964 3145 Romanos
1993 3092 2045 3144 in
2074 3108 2202 3146 suas
2243 3108 2336 3147 eo.

753 3179 942 3234 bortes
977 3183 1185 3245 retulit,
1220 3183 1422 3234 mullos
1470 3183 1787 3236 crudelibus
1831 3185 2008 3251 poenis
2041 3184 2245 3249 affecit,
2280 3192 2338 3237 ut

751 3276 871 3322 erat
904 3277 1075 3322 tortor
1126 3270 1506 3330 inexorabilis,
1541 3281 1702 3340 atque
1735 3272 1879 3324 inter
1922 3283 2146 3326 caeteros
2188 3273 2339 3326 Ren-

755 3368 1010 3413 tacenum
1057 3362 1337 3425 Basilium,
1370 3363 1455 3414 cui
1506 3363 1737 3415 alterum
1791 3363 1982 3431 pedem
2011 3379 2040 3415 a
2067 3380 2208 3432 genu
2252 3379 2341 3418 se-

752 3451 877 3504 curi
939 3453 1194 3506 resecuit.
1249 3454 1375 3506 Erat
1433 3455 1478 3507 is
1526 3454 1610 3507 vir
1670 3454 2138 3521 bellicosissimus,
2182 3466 2237 3510 et
2280 3465 2340 3510 ut

752 3542 1019 3594 Achillem
1057 3542 1303 3601 thnix,
1342 3544 1412 3597 ita
1451 3550 1565 3612 ipse
1603 3546 1731 3598 olim
1769 3547 2031 3600 lsaaeium
2059 3555 2115 3600 et
2144 3550 2195 3600 in
2227 3548 2340 3601 elo-

756 3631 978 3698 quentia
1006 3641 1061 3685 et
1089 3633 1142 3684 in
1176 3649 1232 3686 re
1276 3633 1496 3686 militari
1545 3636 1843 3689 erudierat.
1882 3637 1959 3689 Ac
1993 3637 2080 3690 tali
2116 3641 2338 3705 prremio
2368 3623 2408 3679 ο

755 3719 994 3772 lsaacius
1047 3721 1292 3774 ornnium
1355 3723 1665 3778 mortalium
1719 3727 1954 3780 maxime
2001 3727 2339 3792 iracundus,

750 3818 812 3862 et
860 3809 913 3862 in
967 3810 1048 3862 ira
1095 3810 1295 3865 Iebetis
1351 3812 1526 3866 instar
1571 3824 1914 3878 exzestuans,
1965 3831 2028 3869 ac
2075 3827 2341 3874 tremente

761 3910 946 3953 mento
995 3900 1229 3955 absurde
1280 3903 1531 3971 loquens,
1578 3907 1924 3976 paedagogum
1953 3923 2112 3960 suum
2140 3919 2224 3962 est
2255 3925 2341 3963 re-

758 4001 1097 4045 muneratus.
1157 3993 1445 4049 Nauticam
1499 4013 1628 4050 vero
1672 3997 1909 4062 turbam,
1958 4015 2068 4067 quo
2107 4001 2340 4068 quisque

757 4082 940 4143 vellet,
991 4083 1142 4138 abire
1189 4087 1336 4140 sivit.
1367 4087 1469 4153 Qui
1517 4098 1771 4158 tanquam
1803 4106 1863 4144 ex
1898 4089 2158 4145 diuturno
2205 4108 2340 4145 nau-

758 4175 952 4257 fragio,
996 4191 1121 4230 sero
1162 4178 1385 4232 domum
1424 4181 1727 4245 redierunt,
1756 4183 1800 4235 si
1832 4181 1995 4253 485
2027 4183 2119 4252 qui
2147 4199 2212 4238 ex
2241 4184 2341 4238 tri-

760 4267 863 4320 bus
903 4268 1058 4321 malis
1087 4285 1216 4335 uno,
1246 4271 1503 4326 videlicet
1525 4273 1685 4338 mari,
1713 4273 1856 4328 fame
1883 4283 1978 4328 aut
2003 4285 2198 4337 morte,
2231 4290 2341 4330 non

756 4359 1057 4426 perierant.

2437 2363 2574 2433 μετὰ
2595 2362 2655 2414 τὸ
2684 2363 2980 2433 προσσχεῖν
3013 2363 3093 2422 είς
3131 2362 3256 2422 τοὺς
3311 2361 3560 2430 Κυπρὸθι
3610 2359 3840 2428 λιμένας
3873 2357 4025 2410 6mi-

2437 2471 2536 2524 σης
2567 2453 2887 2522 ἀγριώτερα
2921 2452 3191 2514 λαίλαπος
3213 2467 3227 2481 ·
3258 2450 3458 2514 αὐτούς
3488 2467 3544 2502 τε
3575 2452 3683 2518 γάρ
3717 2451 3744 2500 6
3772 2448 3873 2518 τῆς
3908 2447 4026 2501 Κύ-

2433 2564 2573 2615 πρου
2607 2544 2830 2616 κρατῶν
2874 2544 3144 2603 Ἰσαάκιος
3177 2543 3461 2595 συλλαϐὼν
3492 2543 3872 2614 ἐτροπώσατο,
3927 2541 4027 2593 καὶ

2434 2637 2590 2689 ότῶν
2645 2639 2768 2689 τότε
2819 2636 2961 2686 κατᾶ
2991 2635 3263 2687 θάλατταν
3312 2637 3591 2704 πειρατῶν
3637 2635 3960 2703 κράτιστος,
3997 2632 4027 2682 6

2436 2729 2791 2798 Μεγαρείτης
2829 2726 3187 2796 καλούμενος,
3224 2727 3527 2795 ἐπαμύνων
3587 2727 3842 2794 Ἰσαακίῳ
3869 2728 4023 2776 ἀνωῖ-

2437 2820 2525 2871 στὶ
2552 2819 2782 2870 ἐπέθετο
2806 2821 2925 2880 ταῖς
2958 2817 3140 2878 ναυσὶ,
3177 2816 3567 2884 κεκενωμένας
3596 2815 3772 2886 εὑρὼν
3801 2815 3909 2866 τῶν
3938 2815 4028 2865 άν-

2435 2910 2580 2980 δρῶν
2615 2910 2694 2969 είς
2722 2910 2814 2960 τδν
2841 2912 3098 2977 χερσαῖον
3130 2907 3387 2971 ἐξιόντων
3432 2908 3689 2976 πόλεμον,
3729 2907 3792 2958 Ol
3815 2906 3872 2957 δέ
3901 2921 4028 2974 τρια

2434 3003 2680 3072 ηρὰρχαι
2735 3001 2797 3054 οὐ
2859 3000 3024 3071 μόνον
3056 3000 3212 3052 οὐδέν
3245 3016 3296 3052 τι
3327 3001 3574 3066 γενναῖον
3623 2997 4028 3064 κατώρθωσαν,

2438 3095 2574 3147 άλλά
2598 3095 2690 3147 καὶ
2723 3095 2881 3163 χερσὶ
2909 3091 3017 3145 τῶν
3039 3094 3302 3144 ἐναντίων
3327 3090 3583 3159 εὐμαρῶς
3608 3091 3883 3142 ἑάλωσαν.
3917 3089 4031 3140 Kal.

2438 3185 2637 3245 αὐτοὺς
2665 3184 2763 3252 μὲν
2797 3181 2873 3252 τῷ
2909 3182 3229 3252 Μεγαρείτῃ
3261 3182 3547 3234 ἐκδέδωαιν
3595 3180 3868 3241 Ίσαάκιος
3906 3181 3968 3242 ἐς
4001 3183 4031 3233 6

2439 3294 2493 3328 τι
2533 3276 2784 3346 βούλεται
2811 3274 3162 3344 χρήσασθαι·
3213 3275 3310 3327 καὶ
3359 3268 3477 3342 εἶχε
3508 3272 3736 3334 τούτους
3768 3274 3906 3341 μετὰ
3943 3294 4031 3341 μι-

2441 3368 2572 3436 κρὸν
2603 3367 2827 3419 Σικελία
2877 3369 2969 3419 καὶ
3001 3369 3027 3419 6
3088 3367 3298 3435 ταύτης
3327 3367 3614 3435 τύραννος,
3643 3370 3724 3428 εἰς
3752 3366 3810 3418 ὃν
3837 3366 3911 3428 ὡς
3944 3367 4031 3418 δε-

2443 3458 2647 3527 σπότην
2671 3460 2697 3509 6
2717 3457 3065 3527 Μεγαρείτης
3088 3458 3322 3525 ἀνέφερε
3351 3457 3419 3508 τὰ
3445 3457 3667 3508 ἐαυτοῦ,
3703 3456 3761 3507 Ὀ
3784 3455 3828 3506 δ’
3851 3455 4032 3508 Ἰσαά-

2440 3566 2558 3610 κιος
2621 3549 2848 3611 πολλοὺς
2905 3550 3005 3618 μὲν
3038 3549 3143 3600 τῶν
3206 3547 3499 3614 Ῥωμαίων
3551 3548 3692 3614 μετά
3729 3548 3828 3616 τὴν
3851 3543 4031 3618 ἧτταν

2439 3643 2553 3702 τοῖς
2583 3640 2805 3699 οἶκείοις
2837 3636 3093 3701 κατέλεξε
3115 3637 3316 3702 τέλεσι,
3340 3636 3567 3697 πολλοὺς
3601 3637 3660 3688 δὲ
3691 3641 3784 3688 καὶ
3803 3638 4031 3706 ἀγρίαις

2438 3733 2656 3793 ποιναῖς
2689 3729 3098 3792 καθυπέϐαλεν,
3141 3730 3325 3788 ὁποῖος
3356 3721 3510 3789 οὗτος
3542 3727 3926 3796 ἀπαραίτητος
3953 3729 4033 3780 ὢν

2440 3821 2726 3891 κολαστὴς,
2788 3823 2848 3873 ἐν
2878 3817 2960 3882 οἷς
3014 3821 3109 3872 καὶ
3162 3820 3256 3872 τὸν
3301 3819 3661 3888 Ῥεντακηνὸν
3715 3819 4029 3882 Βασίλειον,

2439 3916 2526 3985 [Ρ.
2559 3913 2690 3985 258]
2719 3914 2946 3965 πελέκει
2979 3915 3044 3965 ἐκ
3072 3909 3167 3963 τοῦ
3200 3913 3424 3977 γόνατος
3457 3911 3688 3980 θάτερον
3717 3911 3825 3963 τῶν
3852 3912 4032 3964 ποδῶν

2440 4005 2712 4075 ἐκτεμὼν.
2745 4001 2853 4057 Ἠν
2888 4004 2946 4056 δὲ
2996 4005 3022 4054 6
3050 4004 3191 4070 ἀνὴρ
3225 3995 3383 4063 οὗτος
3417 4001 3642 4069 ἄριστος
3675 4003 3744 4053 τὰ
3767 4004 4030 4070 πολέμια,

2447 4097 2543 4148 καὶ
2597 4095 2675 4164 τῷ
2721 4094 2981 4162 Ἰσαακίῳ
3028 4092 3212 4161 τούτῳ
3265 4091 3612 4160 ὡς’Δχιλλεῖ
3668 4108 3799 4144 ποτε
3852 4091 4037 4156 Φοῖνιξ

2451 4188 2640 4256 μύθων
2664 4203 2719 4238 τε
2745 4179 2922 4255 ρητὴρ
2951 4186 3046 4236 καὶ
3068 4186 3180 4234 τῶν
3210 4183 3522 4251 πολεμικῶν
3567 4184 3744 4252 ἔργων
3772 4183 4037 4235 διδάσκα-

2446 4277 2536 4339 λος
2574 4276 2863 4342 πεφηνὼς·
2895 4275 3262 4342 ὀργιλώτατος
3281 4274 3326 4327 δ’
3356 4272 3430 4325 ῶν
3453 4272 3758 4342 ἀνθρώπων
3780 4275 3808 4323 6
3849 4273 4035 4326 Ἰσαάο

2447 4382 2565 4425 κιος
2611 4366 2706 4417 καὶ
2753 4366 2896 4416 κατὰ
2955 4365 3156 4434 λέϐητα
3228 4364 3522 4433 καχλάζων
3577 4364 3665 4415 ἀεὶ
3717 4364 3793 4433 τῷ
3849 4364 4036 4441 θυμῷ,

760 4451 1054 4520 παράφορά
1075 4470 1132 4502 τε
1157 4451 1531 4520 φθεγγόμενος
1557 4455 1616 4505 ἐν
1635 4453 1714 4522 τῷ
1740 4454 1903 4525 χολᾷν
1935 4456 2031 4508 καὶ
2089 4456 2190 4526 τὴν
2223 4457 2375 4510 κάτω
2413 4455 2578 4521 γένυν
2632 4455 2945 4523 τρομαλέαν
2981 4456 3217 4517 δεικνὺς,
3277 4456 3372 4506 καὶ
3402 4454 3578 4515 ἄλλως
3613 4454 3670 4505 δὲ
3706 4456 3805 4524 οὐχ
3869 4457 4036 4524 ἱλαρὰ

760 4540 1011 4608 θρέπτρα
1045 4541 1280 4592 ἐκτίνειν
1313 4539 1492 4604 είδὼς,
1545 4541 1773 4612 τοιαύτῃ
1807 4544 2051 4612 τιμωρία
2117 4547 2207 4597 τὸν
2276 4545 2471 4597 ἐαυτοῦ
2543 4543 2950 4596 καθυποϐάλλει
3004 4545 3381 4611 παιδαγωγόν.
3427 4542 3499 4594 Τὸ
3533 4542 3590 4593 δὲ
3619 4544 3874 4594 ναυτικὸν
3901 4545 4039 4610 πλή-

766 4626 858 4685 θος
885 4625 1016 4679 ἐ.θα
1053 4629 1101 4678 οἱ
1134 4628 1272 4696 πρὸς
1313 4627 1512 4696 βουλῆς
1543 4628 1814 4696 διαφῆκεν
1848 4629 2048 4690 ἵεσθαι,
2082 4630 2131 4682 οἶ
2156 4632 2248 4683 καὶ
2299 4631 2374 4694 ὼς
2410 4634 2474 4684 ἐκ
2507 4630 2773 4699 ναυαγίου
2827 4631 3045 4699 μακροῦ
3101 4632 3309 4700 χρόνιοι
3360 4631 3430 4684 τὰ
3501 4629 3643 4680 οἴκοι
3698 4631 4036 4688 κατέλαϐον,

757 4715 876 4765 δσοι
928 4717 1065 4776 τέως
1103 4715 1177 4782 μὴ
1230 4715 1398 4786 τριῶν
1447 4717 1528 4768 ἐνί
1584 4733 1689 4768 τινι
1726 4715 1882 4784 κακῷ
1929 4717 2205 4779 θαλάσσης
2244 4719 2337 4770 καὶ
2378 4717 2535 4788 λιμιῦ
2561 4723 2652 4768 καὶ
2672 4717 2900 4784 τελετῆς
2933 4718 3291 4781 ἀπεγένοντο.

825 4802 958 4858 Cum
1010 4804 1144 4876 Mysi
1202 4816 1395 4875 aperte
1443 4807 1792 4871 defecissent,
1823 4807 1892 4861 ab
1934 4807 2002 4862 iis
2045 4823 2184 4877 quos
2231 4809 2342 4862 dixi

753 4893 1003 4964 impulsi,
1033 4896 1331 4966 imperator
1364 4897 1567 4952 bellum
1595 4900 1676 4954 eis
1704 4899 1892 4953 infert.
1933 4899 2039 4952 Sed
2072 4915 2174 4953 nec
2207 4899 2342 4953 illud

766 4989 1209 5058 pmtereundum
1260 4998 1362 5044 est.
1420 4990 1556 5044 Cum
1611 4990 1797 5044 Blaclii
1856 4989 2129 5062 principio
2168 4991 2238 5046 ab
2278 5005 2345 5046 eo

769 5089 970 5133 conatu
1026 5081 1093 5134 ad
1142 5096 1305 5152 quem
1331 5096 1360 5135 a
1399 5081 1563 5136 Petro
1605 5093 1660 5137 et
1693 5081 1874 5138 Asane
1922 5084 2342 5147 inducebantur,

767 5170 852 5227 rei
880 5171 1199 5230 difﬁcultate
1244 5173 1442 5241 territi,
1489 5174 1872 5240 abhorrerent,
1916 5175 2134 5242 fratres,
2166 5184 2226 5229 ut
2252 5191 2349 5244 po-

2523 4808 2646 4859 Τῶν
2670 4807 2727 4858 δέ
2760 4808 2964 4859 Μυσῶν
3006 4808 3348 4860 ἀποστασίαν
3401 4805 3822 4878 μελετησάντων
3871 4821 4036 4876 ιτιεερι⁹

2453 4897 2622 4966 φανῆ,
2658 4897 2752 4950 καὶ
2773 4898 3036 4965 ἀρχηγῶν
3069 4897 3164 4950 τοῦ
3195 4897 3370 4950 κακοῦ
3407 4897 3560 4949 τοῦδε
3588 4891 3667 4948 ὧν
3701 4896 3906 4968 εἴρηκα
3941 4913 4036 4963 γε-

2455 4989 2800 5059 γενημένων,
2853 4988 3022 5053 ἔξεισι
3079 4987 3334 5058 βασιλεὺς
3361 4987 3482 5040 κατ’
3533 4987 3735 5040 αὐτῶν.
3770 4986 3887 5056 (26)
3918 4987 4038 5056 Χρὴ

2453 5083 2512 5136 δέ
2568 5083 2796 5135 κάκεῖνα
2853 5083 2929 5152 μὴ
2993 5080 3242 5148 παριδεῖν
3294 5080 3647 5147 ἀνιστόρητα.
3707 5079 3770 5132 Oi
3835 5078 4036 5146 Βλάχοι

2457 5173 2664 5227 ῶκνουν
2694 5175 2760 5226 τὰ
2797 5174 2991 5244 πρῶτα
3021 5174 3118 5226 καὶ
3147 5172 3446 5241 ἀπεπήδων
3477 5171 3614 5241 πρὸς
3659 5171 3757 5241 τὴν
3787 5171 4038 5223 ἀπόσταο

2039 5332 2213 5393 Hier.
2259 5330 2465 5392 Wolﬁi
2511 5337 2703 5391 notm.

843 5455 954 5524 (Ξεί)
993 5455 1181 5526 Posset
1216 5457 1276 5507 τδ
1304 5455 1494 5525 εύῆλιξ
1522 5457 1688 5511 etiam
1715 5457 1787 5510 ad
1827 5457 2077 5526 corporis
2109 5457 2354 5526 proceri-

773 5536 939 5582 tatem
983 5525 1202 5592 referri,
1236 5529 1362 5594 quia
1402 5527 1588 5596 ἡλικία
1637 5537 1696 5581 et
1737 5525 1950 5581 :rtatem
1995 5539 2052 5582 et
2086 5525 2354 5580 staturam

771 5598 1064 5663 uiguitirat.

851 5667 965 5733 (9.6)
1006 5668 1080 5721 lla
1108 5666 1436 5723 describitur
1465 5668 1554 5722 hic
1587 5669 1762 5732 locus,
1794 5677 1852 5721 ut
1881 5684 1986 5722 non
2024 5667 2156 5720 satis
2191 5684 2354 5736 appa~

782 5749 897 5791 real
958 5752 1137 5792 utrum
1198 5741 1497 5792 subornata
1554 5756 1622 5791 an
1680 5747 1808 5792 'vera
1868 5740 2086 5792 illorum
2145 5741 2353 5792 insania

2462 5455 2647 5527 fuerit.
2693 5454 2748 5508 Si
2783 5453 3133 5527 simularunt,
3160 5461 3317 5527 atro;
3351 5459 3434 5506 est
3472 5458 3528 5505 et
3567 5450 3681 5527 fere
3711 5449 3841 5527 plus
3871 5463 4033 5516 quam

2463 5525 2672 5578 lberica
2692 5526 2989 5584 simulatio.
3013 5523 3161 5576 ferro
3191 5538 3250 5575 se
3283 5523 3549 5576 lacerare.
3586 5519 3642 5573 Si
3667 5519 4031 5578 insanierunt,

2461 5611 2572 5663 quo
2605 5606 2766 5664 pacto
2805 5593 3025 5647 edoceri
3068 5601 3363 5664 potuerunt
3414 5604 3474 5646 ut
3523 5605 3585 5645 ea
3633 5589 3878 5642 dicerent
3917 5603 4033 5656 qua

2463 5661 2626 5719 Asan}
2667 5677 2722 5719 ct
2754 5663 2914 5719 Petro
2949 5661 3280 5734 placebant?
