4304 6354
268 352 374 414 733

1359 359 1456 417 DE
1497 353 1798 416 ISAACIO
1835 351 2136 411 ANGELO
2168 353 2313 414 LIB.
2362 354 2415 414 Ι.

3403 354 3507 417 τοι

259 482 344 517 σιν
374 464 456 526 είς
483 463 554 532 ἣν
583 463 844 534 ἀνήγοντο
885 465 1021 535 πρὸς
1047 465 1142 518 τοῦ
1164 465 1372 536 Πέτρου
1400 467 1492 518 καὶ
1521 464 1616 518 τού
1639 465 1826 528 Ἀσάν,
1859 465 1902 520 Α
1934 477 1959 532 p

1779 479 1826 528 v,
1859 465 1902 520 A
1934 460 2213 532 pularibus
2257 461 2373 516 suis
2403 474 2530 516 eum
2565 467 2772 516 metum
2822 459 3147 524 adimerent,
3193 461 3364 518 edem
3408 479 3479 520 no

258 557 319 610 τδ
343 555 439 610 τοῦ
478 555 806 624 πράγματος
837 555 1069 624 μέγεθος
1107 556 1472 626 ὗφορὼμενοι.
1496 557 1606 624 Τῆς
1635 555 1691 608 δέ
1720 555 1830 608 δει-

258 647 378 709 λίας
407 650 614 715 ταύτης
643 651 769 709 τοὺς
792 648 1074 717 ὁμογενεῖς
1103 649 1407 714 ἀπάγοντας
1439 649 1486 702 οί
1508 646 1829 712 ταυτόαιμοι

258 739 547 804 εὐκτήριον
589 737 873 806 ἐδείμαντο
914 735 1060 792 οἷκον
1107 740 1195 792 ἐπ’
1239 741 1468 808 ὀνόματι
1510 737 1827 808 Δημητρίου

259 825 349 878 τοῦ
394 825 854 895 καλλιμάρτυρος,
897 829 978 890 είς
1021 827 1079 879 ὃν
1134 829 1359 890 πολλοὺς
1415 829 1526 882 τῶν
1575 829 1831 896 δαιμονο-

261 917 481 983 λήπτων
503 917 915 986 συνηθροικότας
938 917 996 982 ἐξ
1019 918 1276 988 ἐκατέρου
1302 920 1513 990 γένους,
1541 920 1829 987 αίμωποὺς

261 1008 352 1059 καὶ
383 1008 746 1075 διαστρόφους
769 1008 866 1071 τάς
899 1010 1089 1077 κόρας,
1135 1010 1478 1080 λυσιχαίτας,
1523 1011 1618 1064 καὶ
1660 1009 1828 1064 τάλλα

259 1095 502 1165 ἀκριϐῶς
535 1095 895 1160 διασώζοντας
921 1099 1092 1152 ὁπόσα
1135 1102 1183 1152 οί
1212 1103 1324 1162 τοῖς
1359 1099 1576 1168 δαίμοσι
1609 1099 1830 1168 κάτοχοι

260 1188 707 1255 διαπράττονται,
743 1189 920 1242 τοιάδε
966 1189 1180 1253 τούτοις
1228 1191 1582 1243 ἐνθουσιῶσιν
1637 1191 1832 1242 ὑπετί-

261 1276 388 1327 θουν
413 1277 767 1344 φθέγγεσθαι,
794 1280 867 1340 ὡς
898 1281 925 1332 6
949 1279 1080 1342 Θεὸς
1104 1281 1198 1333 τοῦ
1233 1280 1340 1333 τῶν
1377 1281 1704 1348 Βουλγάρων
1738 1281 1830 1334 καὶ

260 1368 372 1420 τῶν
422 1359 640 1438 Βλάχων
687 1369 879 1436 γένους
923 1371 1238 1437 ἐλευθερίαν
1291 1373 1560 1441 ηὑδόκησε
1607 1372 1705 1424 καὶ
1734 1367 1829 1424 τοῦ

262 1460 478 1525 χρονίου
510 1458 676 1525 ζυγοῦ
706 1461 996 1513 ἐπένευσεν
1023 1462 1399 1530 ἀπαυχένισιν,
1428 1456 1489 1514 οὗ
1524 1463 1683 1530 χάριν
1732 1460 1830 1515 καὶ

263 1550 354 1600 τὸν
403 1551 864 1619 Χριστομάρτυρα
918 1551 1230 1620 Δημήτριον
1279 1552 1565 1604 ἀπολιπεῖν
1599 1552 1696 1618 μέν
1729 1551 1831 1618 τὴν

264 1639 704 1692 Θεσσαλονικέων
736 1639 1070 1709 μητρόπολιν
1120 1641 1212 1693 καὶ
1260 1639 1397 1692 νεὼν
1429 1641 1522 1692 τὸν
1572 1642 1692 1693 ἐκεῖ
1734 1641 1832 1693 καὶ

263 1728 359 1788 τὰς
393 1729 541 1794 παρά
573 1729 865 1797 Ῥωμαίοις
897 1729 1202 1798 διατριϐὰς,
1237 1731 1293 1791 ἐς
1320 1730 1364 1782 δ’
1403 1731 1598 1792 αὐτοὺς
1630 1730 1831 1798 ἀφικέ-

268 1817 390 1870 σθαι
439 1817 514 1879 ὼς
566 1816 912 1887 ἐπαρήξοντα
968 1820 1063 1872 καὶ
1113 1819 1463 1890 συλλήπτορα
1517 1821 1610 1874 τοῦ
1665 1821 1832 1888 ἔργου

264 1910 543 1974 ἐσόμενον.
573 1909 1070 1981 Ἀνακωχευόμενοι
1102 1912 1157 1964 δέ
1190 1910 1320 1980 πρὸς
1351 1899 1524 1982 βραχὺ
1564 1911 1616 1965 οι
1647 1911 1831 1982 παρά-

268 2019 424 2070 φοροι
449 1995 619 2066 οὗτοι,
651 2004 745 2054 καὶ
787 2003 983 2073 αἴφνης
1036 2002 1096 2054 τὸ
1145 2003 1364 2072 πνεῦμα
1417 2005 1600 2057 πλεῖον
1642 2003 1832 2056 συλλέ-

266 2110 477 2160 γοντες,
534 2091 1022 2161 ἐπιληπτευόμενοι
1085 2089 1242 2157 αὖθις
1319 2093 1659 2147 διεσοϐοὖντο
1735 2094 1834 2147 καὶ

267 2183 438 2236 ἐϐόων
477 2183 823 2236 ἐνθεαστικὸν
872 2184 964 2237 καὶ
1014 2184 1263 2254 διάτορον
1313 2185 1388 2255 μὴ
1430 2179 1570 2237 εῖναι
1620 2185 1680 2239 τὸ
1728 2184 1838 2240 ἀπὸ

265 2273 420 2327 τοῦδε
451 2273 612 2342 ἐδρας
646 2275 850 2344 ἀκμὴν,
891 2275 1005 2326 ἀλλ’
1051 2277 1189 2329 ὅπλα
1240 2277 1378 2343 μετά
1428 2279 1615 2346 χεῖρας
1644 2277 1832 2330 λαϐεῖν

267 2365 366 2418 καὶ
408 2366 699 2434 Ῥωμαίοις
745 2365 908 2432 ὁμόσε
961 2368 1178 2435 χωρεῖν,
1212 2368 1338 2428 τοὺς
1392 2366 1447 2418 δέ
1486 2383 1549 2433 γε
1602 2367 1840 2436 συλλαμ-

267 2456 601 2524 ϐανομένους
625 2455 762 2508 κατά
794 2456 1030 2525 πόλεμον
1062 2457 1135 2526 μὴ
1155 2457 1406 2527 ζωγρεῖν,
1429 2458 1543 2512 ἀλλ’
1561 2459 1842 2526 ἀποσφάτ-

266 2566 381 2601 τειν
443 2552 535 2602 καὶ
590 2549 941 2603 κατακαίνειν
1000 2550 1262 2618 ἀνηλεῶς,
1316 2552 1440 2620 μηδ’
1470 2553 1562 2604 ἰπὶ
1621 2552 1840 2620 λύτροις

267 2636 514 2705 ἀφιέναι,
563 2638 686 2706 μηδ’
730 2639 1176 2706 ἐπικάμπτεσθαι
1211 2640 1453 2707 δεήσεσι,
1503 2641 1637 2711 μηδὲ
1682 2658 1839 2710 γονυ-

268 2729 506 2790 κλισίαις
561 2727 913 2797 θηλύνεσθαι,
957 2729 1074 2781 ἀλλ’
1121 2728 1310 2800 ὥσπερ
1341 2732 1494 2794 τινάς
1527 2732 1840 2802 ἀδάμαντας

268 2820 408 2888 πρὸς
433 2821 614 2872 πᾶσαν
640 2819 953 2882 ἀνενδότους
995 2819 1133 2874 εἶναι
1167 2823 1516 2891 παράκλησιν
1546 2823 1641 2875 καὶ
1687 2825 1844 2891 φθείο

271 2929 388 2980 ρειν
440 2910 831 2976 ἁπαξάπαντας
879 2910 1004 2973 τοὺς
1057 2912 1482 2982 συλληφθέντας.
1543 2913 1680 2966 Ὑπὸ
1726 2914 1845 2967 θεο-

1861 1779 1908 1838 Β

1931 556 2078 612 mine
2125 557 2376 628 praeclari
2429 555 2682 626 martyris
2727 554 2984 610 Demetrii
3029 554 3402 621 adiﬁcarunt,
3449 557 3506 612 in

1930 664 2162 718 eamque
2193 649 2394 703 multos
2435 645 2798 702 damoniscos
2845 647 3132 717 utriusque
3181 661 3343 702 sexus
3374 663 3507 703 coe-

1931 750 2158 812 gerunt,
2173 741 2266 809 qui
2291 740 2536 796 cruentis
2561 748 2618 795 et
2640 739 2917 809 perversis
2957 739 3181 809 pupillis
3207 739 3506 808 eﬂ‘usisqus

1931 836 2178 889 crinibus
2211 843 2406 888 caetera
2436 834 2618 887 omnia
2642 831 2913 900 exquisite
2952 831 3352 900 exprimebant,
3383 845 3505 899 qua

1934 924 1986 979 id
2015 941 2187 995 genus
2215 925 2498 978 hominum
2524 924 2744 992 propria
2776 921 2974 986 habet;
3001 927 3204 990 eosque
3232 922 3506 976 docebant

1935 1018 1988 1071 in
2017 1017 2203 1071 furore
2232 1015 2478 1084 proloqui
2511 1015 2622 1067 Deo
2653 1013 2825 1066 visum
2858 1027 2978 1068 esse
3005 1020 3066 1066 ut
3091 1026 3226 1082 gens
3248 1011 3510 1078 Bulgaro-

1933 1124 2052 1162 rum
2082 1119 2134 1161 et
2164 1106 2489 1159 Blachorum
2540 1104 2802 1157 diuturno
2828 1103 2958 1172 jugo
3003 1115 3234 1156 excusso
3281 1101 3508 1155 liberta-

1934 1209 2040 1254 tem
2071 1207 2463 1266 consequatur,
2493 1209 2666 1262 eaque
2695 1194 2763 1248 de
2788 1207 2950 1248 causa
2975 1192 3180 1246 Christi
3206 1199 3502 1261 martyrem

1935 1288 2287 1345 Demetrium.
2325 1286 2513 1340 relicta
2549 1283 2841 1352 metropoli
2893 1281 3277 1336 Thessalonica
3303 1287 3361 1334 et
3389 1279 3507 1333 ade

1933 1380 2415 1446 Romanorumque
2444 1375 2864 1438 consuetudine,
2897 1374 2962 1427 ad
2994 1373 3140 1438 ipsos
3171 1370 3507 1440 pervenisse,

1933 1469 2245 1538 adiuturum
2291 1467 2342 1522 id
2392 1481 2548 1535 opus.
2586 1466 2758 1535 Igitur
2811 1464 3075 1519 vecordes
3119 1462 3208 1516 isti
3259 1460 3512 1516 homines

1933 1560 2155 1629 paulum
2205 1556 2420 1619 morati,
2455 1565 2512 1609 et
2555 1555 2738 1609 subito
2784 1555 2990 1623 majore
3039 1552 3235 1616 spiritu
3277 1550 3509 1604 collecto

1934 1665 2124 1706 rursus
2153 1648 2395 1712 alienati,
2442 1646 2885 1717 exagitabantur.
2913 1653 2969 1699 et
2997 1644 3144 1698 clara
3173 1639 3514 1711 merum

1936 1742 2091 1811 quasi
2126 1740 2349 1794 numine
2391 1737 2556 1792 adlati
2586 1736 2935 1790 clamitabant
2963 1749 3074 1788 non
3103 1731 3336 1800 amplius
3361 1731 3511 1784 desi-

1937 1833 2040 1887 dia:
2073 1845 2194 1886 esse
2227 1830 2429 1889 locum.
2466 1827 2561 1884 sed
2586 1827 2821 1895 arreptis
2850 1826 3018 1880 armis
3054 1826 3332 1880 Romanos
3354 1825 3510 1878 inva-

1939 1921 2147 1978 dendos
2191 1935 2338 1985 esse;
2370 1927 2427 1973 et
2453 1918 2546 1988 qui
2576 1919 2631 1972 in
2656 1918 2798 1972 bello
2838 1926 3186 1988 caperentur,
3229 1931 3340 1970 non
3381 1929 3512 1970 eon-

1938 2011 2238 2068 servandos
2286 2018 2380 2063 aut
2423 2009 2768 2071 vendendas,
2821 2008 2918 2062 sed
2966 2007 3325 2061 inclementer
3360 2005 3507 2059 occl-

1939 2101 2150 2157 dendos
2198 2114 2340 2159 esse,
2373 2107 2428 2153 et
2463 2113 2624 2168 prece
2657 2105 2714 2152 et
2742 2097 2923 2166 pretio
2971 2096 3295 2166 repudiatis,
3332 2108 3509 2163 neque

1940 2194 2112 2261 magis
2141 2192 2248 2246 ulla
2275 2191 2638 2246 obtestatione
2668 2190 2872 2243 moveri
2906 2198 3169 2257 'oportere
3192 2202 3354 2258 quam
3382 2186 3512 2242 ada-

1941 2295 2200 2340 mantem.
2238 2284 2374 2338 Tota
2425 2283 2589 2352 igitur
2617 2297 2750 2351 gens
2773 2297 2803 2335 a
2835 2281 3035 2336 talibus
3075 2281 3290 2336 vatibus
3321 2278 3506 2335 conci-

1942 2386 2050 2432 tata
2097 2375 2164 2431 ad
2212 2389 2364 2429 arma
2415 2373 2731 2436 concurrit;
2780 2382 2836 2428 et
2882 2381 2942 2426 ut
2988 2372 3141 2426 initia
3191 2370 3511 2426 deiectionis

1939 2468 2221 2537 auspicata
2276 2465 2530 2530 fuerunt,
2573 2463 2746 2534 magis
2796 2463 2958 2518 etiam
3011 2462 3291 2517 credidere
3337 2461 3506 2514 Deum

1939 2559 2181 2617 libertati
2223 2573 2335 2613 sum
2367 2557 2567 2612 favere.
2617 2556 2732 2611 Nec
2773 2571 2836 2609 ea
2879 2554 3118 2610 contenti
3148 2555 3201 2607 in
3234 2552 3429 2621 oppida
3455 2559 3510 2605 et

1943 2651 2145 2720 praedia
2175 2649 2242 2702 ab
2273 2647 2456 2702 [Itemo
2494 2657 2702 2700 remota
2751 2643 3154 2698 diffunduntur.
3188 2643 3340 2696 Alter
3381 2653 3510 2694 vero

1942 2742 2171 2795 fratrum
2207 2740 2406 2795 Petrus
2437 2752 2656 2792 auream
2697 2736 2956 2790 corollam
2988 2736 3223 2804 imponit
3267 2735 3427 2800 capiti
3455 2742 3512 2788 et

1944 2832 2178 2901 pedibus
2247 2829 2533 2882 coccineos
2583 2827 2796 2880 calceos
2849 2825 3075 2878 inducit.
3150 2823 3508 2877 Pristhlabam

1945 2922 2181 2992 aggressi
2216 2920 2370 2987 (urbs
2398 2934 2459 2972 ea
2489 2918 2688 2986 Ogygia
2718 2925 2820 2978 est,
2855 2924 2960 2968 tota
2994 2914 3236 2968 latericia
3263 2923 3318 2968 et
3339 2913 3512 2966 mari»

267 3002 494 3069 πρόπων
536 3000 633 3092 οὖν,
670 3001 922 3054 τοιούτων
949 3002 1067 3054 ὅλον
1109 3005 1170 3055 τὸ
1217 3004 1374 3069 γένος
1423 3005 1837 3076 ἐξομιληθέντες
1867 3033 1910 3092 c
1948 3029 1967 3067 π

1811 3024 1837 3070 ς
1867 3033 1910 3092 c
1948 3028 2095 3067 rsum
2151 3010 2316 3066 Harmi
2355 3008 2589 3078 spatium
2637 3007 2937 3076 complexa)
2969 3012 3028 3058 ut
3057 2997 3508 3071 oppugnationem

266 3095 378 3144 τῶν
411 3091 590 3145 ὃπλων
611 3091 846 3154 ἀπαντες
873 3093 1131 3159 γίνονται.
1166 3095 1272 3147 Καὶ
1296 3096 1371 3156 ὡς
1403 3096 1600 3149 αὐτίκα
1629 3098 1834 3165 εὑημε-

271 3185 412 3256 ρήθη
440 3185 652 3245 τούτοις
676 3185 744 3237 τὰ
777 3186 874 3253 τῆς
899 3187 1258 3251 ἀποστασίας,
1296 3187 1377 3240 ἔτι
1423 3189 1627 3256 μᾶλλον
1656 3189 1842 3243 ἔθεντο

268 3280 334 3346 τῇ
367 3275 651 3344 ἐλευθερίᾳ.
683 3275 834 3341 σφῶν
857 3276 1171 3329 ἐπευδοκεῑν
1198 3279 1286 3330 τὸν
1317 3279 1471 3334 Θεόν.
1505 3281 1612 3332 Καὶ
1645 3281 1841 3350 μικρὸν

269 3368 607 3438 ἡγησάμενοι
648 3366 708 3418 τὸ
740 3366 859 3419 καθ’
893 3367 1123 3430 ἑαυτοὺς
1171 3369 1358 3421 ἄνετον
1407 3371 1498 3422 καὶ
1547 3371 1839 3433 άπόλυτον,

271 3462 366 3514 καὶ
411 3461 554 3513 κατὰ
602 3460 710 3515 τῶν
749 3459 949 3512 ἀποθεν
1003 3459 1096 3512 τοῦ
1133 3461 1304 3528 Αἴμου
1352 3462 1718 3529 κωμοπόλεων
1748 3462 1842 3514 καὶ

275 3556 631 3622 συγκτήσεων
680 3551 1134 3620 ἐμπλατύνονται.
1163 3554 1393 3622 Ἀτερος
1426 3554 1482 3606 δέ
1521 3553 1632 3606 τῶν
1678 3557 1842 3622 ὁμαι-

277 3643 454 3710 μόνων
487 3643 515 3693 ό
562 3640 764 3710 Πέτρος
813 3644 905 3693 καὶ
961 3642 1306 3711 στεφανίσκῳ
1341 3642 1558 3712 χρυσέῳ
1583 3642 1842 3696 διαδεῖται

273 3735 372 3800 τὴν
406 3731 668 3801 κεφαλὴν,
698 3733 792 3785 καὶ
825 3734 937 3796 τοῖς
981 3734 1140 3785 ποσὶν
1169 3733 1512 3804 ὑπορῤάπτει
1554 3732 1650 3784 καὶ
1683 3749 1844 3802 περι-

273 3824 460 3891 τίθησι
525 3822 866 3890 κοκκοϐαφὲς
945 3825 1177 3876 πέδιλον.
1238 3825 1316 3893 Τῇ
1390 3824 1447 3876 δὲ
1525 3822 1846 3895 Πρισθλάϐᾳ

278 3915 672 3985 προσϐαλόντες
710 3915 886 3983 (πόλις
936 3915 980 3966 δ’
1027 3913 1166 3984 αὕτη
1221 3914 1459 3981 ὠγυγία,
1503 3915 1566 3966 ἐκ
1622 3913 1844 3966 πλίνθου

278 4007 423 4059 πᾶσα
458 4005 646 4071 ὀπτῆς,
679 4003 769 4056 καὶ
801 4004 1059 4072 πλείστην
1091 4005 1222 4073 ὅσην
1259 4005 1388 4074 περὶ
1413 4005 1503 4056 τὸν
1538 3997 1712 4074 Αἷμον
1740 4005 1841 4074 τὴν

279 4097 607 4166 περίμετρον
638 4093 856 4165 ἔχουσα)
906 4094 981 4156 ὡς
1026 4095 1127 4146 οὐκ
1177 4095 1458 4147 ἀκίνδυνον
1507 4095 1696 4163 ἐώρων
1747 4094 1846 4163 τὴν

1950 3121 2058 3160 non
2108 3118 2228 3157 esse
2282 3110 2452 3155 tutam
2506 3099 2782 3161 videbant,
2815 3111 2876 3151 ea
2911 3094 3185 3165 prmterita
3222 3108 3287 3146 ex
3329 3091 3512 3146 Haamo

1946 3191 2321 3252 descendunt;
2353 3198 2408 3242 et
2439 3188 2680 3241 Romana
2713 3185 2910 3253 oppida
2952 3184 3134 3236 subito
3172 3181 3346 3236 adorti
3375 3181 3514 3234 mul-

1949 3295 2029 3338 tos
2082 3297 2343 3352 ingenuos
2393 3281 2662 3340 homines,
2719 3278 2919 3330 multos
2968 3277 3135 3329 boves
3172 3283 3226 3329 et
3269 3276 3514 3343 iumenta

1945 3375 2286 3441 aliarumque
2355 3370 2624 3439 pecudum
2688 3368 2960 3437 ingentem
3019 3365 3180 3436 487
3225 3379 3545 3418 numerum-

1945 3464 2244 3518 abducunt.
2281 3461 2487 3515 Isaacio
2516 3459 2843 3512 adventante
2874 3471 3064 3509 rursus
3089 3456 3141 3508 in
3173 3454 3436 3523 angustiis
3459 3462 3517 3507 et

1947 3552 2238 3608 inaccessis
2270 3550 2406 3604 locis
2449 3548 2617 3602 abditi
2645 3547 2739 3600 diu
2774 3546 3114 3599 restiterunt.
3149 3543 3252 3597 Sed
3283 3542 3515 3612 caligine

1945 3653 2146 3715 prmter
2177 3640 2638 3712 exspectationem
2673 3653 2702 3691 a
2729 3637 2864 3700 Deo,
2901 3637 3057 3705 cujus
3094 3633 3313 3686 latebra:
3352 3634 3404 3685 in
3441 3641 3519 3684 te-

1947 3737 2132 3793 nebris
2163 3743 2312 3798 sunt,
2351 3732 2607 3795 excitata,
2635 3738 2690 3784 et
2715 3737 2928 3781 montes
2951 3740 3088 3795 quos
3120 3723 3341 3778 Barbari
3367 3721 3514 3775 aditu

1946 3826 2320 3896 angustiarum
2374 3822 2599 3875 obsesso
2659 3817 2952 3871 tuebantur
3005 3813 3352 3872 involvente,
3407 3808 3515 3861 Ito-

1947 3917 2094 3972 mani
2148 3929 2245 3969 eos
2299 3911 2675 3980 imprudentes
2734 3911 3160 3975 oppresserunt;
3213 3909 3266 3955 et
3313 3907 3526 3953 terrore-

1946 4008 2208 4062 attonitos
2239 4006 2311 4058 ita
2348 4002 2705 4070 dissiparant,
2734 4007 2795 4052 ut
2835 3996 2961 4050 mali
2998 3994 3155 4048 istius
3183 4000 3433 4046 auctores
3457 4003 3520 4041 et

1945 4101 2114 4152 duces
2142 4112 2264 4150 cum
2299 4095 2600 4147 amicorum
2651 4099 2820 4151 coetu,
2864 4099 2922 4141 ut
2951 4088 3040 4140 ille
3067 4098 3355 4154 porcorum
3391 4096 3522 4150 grex

279 4183 847 4252 πολιόρκησιν,αὑτῆν
885 4184 972 4256 [Ρ.
1003 4183 1137 4254 Ξ59]
1191 4184 1290 4253 μὲν
1330 4185 1844 4252 ἀντιπαρέρχονται,
1948 4191 1979 4244 il

1830 4224 1844 4249 ν
1948 4191 2002 4244 in
2048 4187 2333 4257 evangelio
2365 4185 2418 4238 in
2465 4198 2636 4244 mare,
2687 4181 2758 4234 ita
2791 4180 2892 4249 ipsi
2927 4180 2978 4231 in
3012 4178 3206 4231 Istrum
3245 4174 3419 4242 illapsi
3455 4171 3523 4223 ad

275 4287 368 4327 τον
403 4275 449 4328 δ’
487 4271 661 4340 Αἷμον
700 4274 1200 4342 ὑποκατέρχονται,
1246 4273 1582 4343 Ῥωμαϊκαῖς
1631 4276 1674 4326 δ’
1725 4275 1844 4325 ἐτέ-
1949 4279 1975 4332 ﬁ

1823 4302 1844 4314 -
1949 4279 2209 4332 ﬁnitimos
2244 4275 2474 4345 Scythas
2514 4273 2848 4341 trajicerent.
2889 4270 3189 4336 Imperator
3218 4279 3369 4328 vero,
3397 4276 3520 4314 cum

279 4384 404 4437 ραις
462 4366 999 4436 ἔπικαταῤῥαγὲντες
1049 4365 1447 4433 ἀπροσδόκητοι
1499 4365 1844 4432 κωμοπόλεσι
1879 4359 1922 4413 1)
1952 4384 1979 4420 n

1840 4359 1922 4418 ιι)
1952 4367 2170 4421 nemine
2216 4377 2441 4433 prorsus
2476 4361 2800 4430 prohibente
2848 4364 3015 4411 totam
3070 4353 3289 4422 Mysiam
3337 4362 3540 4418 perva-

280 4455 450 4508 πολλὰ
477 4455 573 4522 μὲν
618 4453 845 4520 σώματα
883 4453 1172 4520 Ῥωμαίων
1211 4451 1492 4521 ἐλεύθερα,
1527 4451 1757 4513 πολλοὺς
1788 4452 1845 4503 δέ
1945 4477 1978 4531 8

1828 4455 1845 4502 ἒ
1945 4461 2058 4531 gari
2090 4470 2142 4513 et
2174 4457 2425 4527 praasidia
2463 4456 2517 4509 in
2553 4453 2754 4528 urbes,
2800 4465 2920 4520 quae
2956 4448 3226 4516 pleraeque
3256 4446 3308 4498 in
3342 4442 3528 4496 Hmmo

278 4549 408 4617 βόας
477 4548 571 4599 καὶ
615 4545 886 4610 ὑποζύγια
941 4544 1037 4597 καὶ
1097 4543 1205 4596 τῶν
1254 4543 1430 4596 ἄλλων
1480 4541 1844 4610 βοσκημάτων
1946 4565 1973 4604 s

1825 4558 1844 4592 ν
1946 4558 2095 4611 sunt,
2137 4548 2231 4602 sed
2267 4549 2452 4616 plures
2482 4560 2542 4598 ac
2571 4543 2754 4613 potius
2786 4543 2901 4594 fere
2930 4552 3122 4592 omnes
3152 4536 3206 4588 in
3241 4533 3525 4603 praeruptis

275 4639 468 4708 χρῆμά
493 4655 545 4688 τι
586 4638 686 4690 οὐκ
718 4637 998 4705 ἐλάχιστον
1030 4633 1446 4702 διαρπάζουσιν.
1493 4634 1703 4696 Ἕξεισι
1736 4633 1850 4685 τοί»
1947 4657 1973 4694 r

1831 4659 1850 4676 ν
1947 4641 2177 4709 rupibus
2197 4648 2251 4692 et
2274 4636 2554 4691 altissimis
2583 4633 2805 4687 tumulis
2831 4637 3137 4686 exstructa,
3171 4624 3522 4678 introducere

272 4749 369 4783 νυν
395 4731 514 4783 κατ’
548 4729 729 4782 αὐτῶν
760 4728 1053 4790 Ἰσαάκιος.
1084 4729 1148 4780 Oi
1180 4727 1236 4779 δὲ
1260 4727 1368 4780 τῶν
1390 4725 1712 4795 δυσχωριῶν
1748 4724 1846 4777 καὶ
1946 4729 1961 4783 1

1825 4724 1846 4777 ὶ
1946 4729 2160 4792 liceret,
2192 4738 2448 4782 neutrum
2471 4726 2618 4786 fecit,
2638 4722 2730 4777 sed
2753 4719 2986 4776 cumulis
3005 4715 3259 4772 frumenti
3290 4713 3525 4768 incensis

272 4819 636 4888 ἀπροσϐάτων
660 4814 813 4877 αὖθις
847 4817 1232 4886 ἐπιλαϐόμενοι
1265 4817 1525 4885 ἀντέσχον
1554 4816 1649 4868 ἐπὶ
1684 4815 1844 4870 πολύ.
1951 4837 1972 4878 ε

1829 4855 1844 4870 ο
1951 4820 2254 4890 supplicum
2274 4817 2597 4871 Blachorum
2613 4813 2861 4868 conﬁctis
2879 4811 3062 4864 verbis
3073 4809 3334 4876 deceptus
3345 4806 3526 4858 statim

274 4912 482 4977 Γνόφου
516 4910 570 4963 δὲ
599 4910 751 4979 παρὰ
769 4908 927 4972 δόξαν
959 4908 1262 4970 ἀναϐάντος
1304 4910 1411 4960 ὑπὸ
1437 4906 1599 4971 Θεοῦ,
1630 4907 1688 4970 ὃς
1721 4908 1848 4960 σκό-
1953 4929 1974 4965 r

1831 4937 1848 4949 -
1953 4920 2104 4966 retro
2135 4908 2293 4972 abiit,
2328 4907 2534 4962 relictis
2569 4905 2678 4958 illis
2713 4903 2877 4958 rebus
2903 4902 3085 4956 adhuc
3130 4899 3285 4967 plane
3312 4897 3531 4950 exulce-

270 5019 367 5066 τος
421 5001 603 5069 τίθησι
657 5001 755 5069 τὴν
812 5001 1021 5055 οίκείαν
1084 4999 1432 5069 ἀποκρυϐὴν,
1481 4999 1576 5052 καὶ
1623 4999 1693 5051 τά
1747 4999 1848 5068 δρη
1958 5017 1970 5054 1

1829 5017 1848 5068 q
1958 5000 2110 5055 ratis.
2142 4999 2297 5055 Unde
2349 4996 2553 5050 factum
2585 5003 2646 5048 ut
2676 4994 2898 5049 Barbari
2955 4990 3214 5046 Romanis
3267 4986 3529 5042 audacius

271 5092 615 5160 καλύψαντος
642 5091 679 5144 ἀ
701 5093 932 5161 ἐτήρουν
953 5093 1008 5143 οι
1033 5091 1308 5159 Βάρϐοροι
1329 5091 1427 5152 τάς
1455 5091 1563 5145 τῶν
1593 5090 1846 5159 παρόδων
1963 5091 1971 5145 i

610 5109 615 5147 π
642 5091 679 5144 a
701 5093 932 5161 ἐτήρουν
953 5093 1008 5143 oi
1033 5091 1308 5159 Βάρϐοροι
1329 5091 1427 5152 τάς
1455 5091 1563 5145 τῶν
1593 5090 1846 5159 παρόδων
1963 5091 2310 5145 insultarent.

271 5183 469 5245 στενάς
509 5182 944 5251 προλοχίσαντες,
977 5182 1168 5235 ελαθον
1208 5183 1471 5251 Ῥωμαῖοι
1556 5182 1732 5250 λάθρα
1780 5183 1964 5245 αὐτοῖς
2043 5182 2385 5243 ἐπιστάντες,
2458 5180 2552 5232 καὶ
2635 5176 3078 5239 διασκεδάζουσιν
3124 5173 3264 5228 οὕτω
3359 5189 3528 5226 ιιαταο

270 5272 491 5339 πλῆγας
520 5269 757 5338 θέμενοι.
799 5270 908 5322 Καὶ
941 5271 990 5322 oi
1020 5269 1120 5337 μὲν
1149 5269 1384 5339 ἀρχηγοὶ
1416 5269 1509 5322 τοῦ
1541 5270 1713 5322 κακοῦ
1787 5270 1881 5322 καὶ
1919 5269 2020 5338 τῆς
2047 5271 2326 5340 στρατιᾶς,
2348 5271 2374 5320 ὁ
2405 5269 2609 5338 Πέτρος
2633 5265 2834 5335 δηλαδὴ
2861 5267 2954 5318 καὶ
2995 5264 3158 5316 Ἀσάν
3185 5303 3199 5325 ,
3266 5262 3364 5314 καὶ⁵
3403 5261 3558 5313 ὅσον-

274 5359 409 5426 περὶ
440 5357 639 5418 αὐτοὺς
687 5355 966 5424 ἑταιρικὸν
1008 5356 1399 5419 ἀποστατικὺν,
1422 5355 1561 5408 κατὰ
1599 5357 1698 5425 τὴν
1769 5355 1877 5408 τῶν
1916 5357 2286 5424 εὐαγγελικῶν
2359 5355 2556 5421 χοίρων
2616 5353 2817 5420 ἀγέλην
2863 5353 2937 5413 ὡς
2983 5355 3064 5413 είς
3113 5351 3387 5404 θάλασσαν
3437 5349 3531 5401 τὸν

275 5446 496 5511 Ἴστρον
526 5443 834 5512 ὥρμησαν,
867 5443 961 5495 καὶ
984 5441 1176 5494 τοῦτον
1225 5443 1686 5510 διαπλωῖσάμενοι
1769 5445 1882 5505 τοῖς
1925 5445 1988 5495 ὲκ
2037 5444 2295 5511 γειτόνων
2349 5442 2582 5495 Σκύθαις
2637 5441 3016 5508 προσέμιξαν·
3086 5442 3114 5490 ὁ
3165 5438 3219 5490 δέ
3272 5437 3527 5505 βασιλεὺς

272 5531 422 5584 κατὰ
480 5529 681 5598 πολλὴν
720 5529 815 5581 τοῦ
863 5528 1202 5591 κωλύσοντος
1249 5531 1486 5598 ἐρημίαν
1540 5532 1719 5582 πᾶσαν
1790 5531 1889 5598 τὴν
1923 5532 2134 5584 Μυσίαν
2182 5529 2320 5598 ἔχων
2385 5528 2690 5595 περιελθεῖν
2740 5531 2833 5579 καὶ
2895 5526 3141 5596 φρουρὰν
3229 5526 3522 5592 ἐπιστῆσαι

271 5621 395 5680 ταῖς
429 5621 602 5671 ἐκεῖσε
635 5618 878 5681 πόλεσιν,
904 5618 959 5670 αἶ
1014 5619 1206 5672 πολλαὶ
1266 5621 1364 5688 μέν
1415 5622 1522 5672 εἰσι
1580 5619 1718 5672 κατὰ
1766 5620 1856 5671 τὸν
1928 5613 2204 5687 Αἴμον,αἱ
2258 5615 2312 5666 δὲ
2365 5615 2580 5676 πλείους
2666 5613 2872 5683 ἢ¹γοῦν
2940 5617 3150 5669 ἆπασαι
3204 5613 3388 5682 σχεδον
3439 5615 3545 5664 ἐπι-ν

274 5705 497 5774 πετρῶν
541 5707 836 5774 ἀποτόμων
907 5707 998 5760 καὶ
1047 5709 1354 5776 περινεφῶν
1405 5708 1654 5778 γηλόφων
1731 5706 2150 5776 πεπολισμέναι,
2219 5703 2464 5754 τοιοῦτον
2533 5703 2722 5772 μέντοι
2757 5702 2908 5755 οὐδέν
2943 5720 2993 5754 τι
3031 5704 3122 5755 καί
3155 5702 3526 5770 διαπέπραχει
