4284 6370
238 413 344 474 τιι

1339 408 1436 469 DE
1476 407 1778 468 lSAAClO
1816 406 2117 466 ANGELO
2151 408 2296 468 LIB.
2341 407 2384 468 ι.

3375 411 3483 473 ἨΞ

214 527 380 584 λείοις
422 521 596 574 ἐποίει
650 519 1063 575 ἀποπάλλεσθαι
1111 517 1321 572 τούτων
1378 516 1520 570 κατά
1566 515 1794 583 καμπὴν
1823 514 1906 572 Α¹

1790 535 1794 553 ι
1823 515 1870 572 Α
1898 513 2184 585 Tyrannus
2210 530 2343 570 vero
2371 515 2487 569 suis
2517 513 2582 566 aii
2609 513 2774 586 494
2795 514 2917 571 dies
2940 530 2972 568 v
3002 517 3267 571 recreatis
3289 533 3482 574 rursus

217 615 318 665 καὶ
361 612 621 666 ἐπάνοδον
651 611 759 663 τῶν
803 609 1040 664 ἀκτίνων
1075 607 1497 677 σελαγισμάτων
1544 609 1790 673 ἐκπυρη-

218 710 481 774 ν’σματα,
518 703 594 765 ὡς
637 701 762 756 καθ’
807 703 1114 772 ὀμηγύρεις
1164 699 1259 752 τὸν
1310 698 1548 753 ἀστυκδν
1598 696 1791 748 συλλέ-

217 797 412 864 γεσθαι
464 794 636 864 δῆμον
685 796 763 856 εις
801 796 870 848 τά
921 794 1262 862 ἀνεστηκότα
1315 793 1412 861 τῆς
1440 791 1652 852 πόλεως
1691 790 1794 857 γή-

218 891 358 956 λοφα
391 888 487 939 καὶ
520 887 591 939 τὰ
619 889 976 958 πραττόμενα
1018 885 1246 939 θεᾶσθαι
1293 892 1388 938 καὶ
1424 883 1512 935 διὰ
1540 881 1796 935 πλείστου

218 980 467 1036 τίθεσθαι
523 980 822 1050 θαύματος.
860 979 1015 1032 Μετά
1063 980 1118 1032 δέ
1173 979 1332 1031 τοῦτο
1387 978 1483 1030 καὶ
1518 975 1646 1038 τοὺς
1695 975 1799 1041 τῆς

221 1071 588 1140 Προποντίδος
648 1072 942 1138 οἰκήτορας
991 1073 1070 1132 εἰς
1114 1069 1342 1128 ἑαυτοὺς
1382 1068 1796 1128 ἐπεσπάσαντο,

221 1163 272 1215 οῖ
302 1163 483 1231 μάχης
515 1165 612 1232 μὶν
637 1163 701 1213 οὐ
733 1162 930 1223 πάντες
961 1163 1196 1231 ἴστορες,
1231 1159 1428 1228 κώπην
1458 1160 1502 1212 δ’
1545 1161 1796 1213 ἐλαύνειν

225 1254 552 1323 παμπληθεὶ
592 1255 826 1323 ἄριστοι.
857 1253 1018 1306 Ὅθεν
1055 1253 1124 1305 τά
1184 1253 1323 1321 πρὸς
1380 1251 1579 1322 ἰχθύων
1619 1251 1798 1319 άγραν

223 1349 358 1416 παρ’
405 1345 586 1397 αὐτῶν
637 1347 1066 1416 ναυπηγούμενα
1121 1348 1303 1416 σκάφη
1353 1349 1433 1408 είς
1465 1346 1800 1411 πολεμιστηο

226 1435 382 1501 ρίους
437 1433 844 1503 συνεκρότησαν
895 1429 1041 1488 οὗτοι
1087 1434 1239 1499 ναῦς,
1303 1435 1483 1488 σανίσι
1541 1433 1799 1502 παχείαις

225 1523 573 1591 ἑκατέρωθεν
618 1527 756 1577 αὑτά
803 1525 1163 1594 διειληφότες,
1201 1529 1296 1578 καὶ
1343 1528 1394 1578 οἱ
1436 1526 1537 1595 μέν
1576 1525 1795 1592 σφενδό-

225 1633 348 1676 ναις
381 1615 717 1679 ὡπλίσαντο,
744 1617 792 1667 οί
824 1616 882 1668 δέ
930 1616 1058 1679 τόξα
1089 1616 1183 1669 καὶ
1220 1618 1467 1685 γωρυτὸν
1515 1617 1794 1669 ἀνέλαϐον.

1900 610 2120 661 eosdem
2150 608 2368 662 labores
2397 606 2751 676 oppugnandi
2794 609 2994 662 mania
3027 610 3289 680 capessit,
3315 610 3482 665 simul

1903 709 1960 754 ut
1986 714 2044 753 se
2077 699 2305 752 urbanis
2346 697 2751 752 formidabilem
2799 700 3089 766 praeberet,
3119 701 3282 754 simul
3318 703 3485 756 etiam

1899 803 1954 844 ut
1985 789 2274 843 dissidiuni
2301 788 2442 841 inter
2468 791 2618 844 cives
2645 793 2922 855 exitaret;
2963 808 3026 846 ac
3053 802 3265 862 partem
3296 794 3486 862 cupia-

1905 898 2027 935 rum
2060 881 2124 934 ad
2163 881 2592 948 septentrionale
2621 882 2763 936 latus
2799 882 2922 936 urbi
2953 883 3247 939 obversum
3296 886 3488 950 mittit,

1901 975 1994 1044 qui
2026 974 2300 1042 Bosporus
2329 973 2554 1029 dicitur.
2583 974 2738 1030 Unde
2768 985 2975 1031 tractus
2997 979 3165 1030 maris
3183 979 3277 1047 qui
3311 994 3489 1047 usque

1902 1066 1970 1121 ad
2003 1065 2382 1119 Blacbernium
2417 1065 2681 1132 palatium
2726 1069 2963 1134 pertinet
2997 1079 3188 1137 aperte
3223 1071 3488 1136 cernitur,

1903 1169 2222 1227 caetera-que
2269 1168 2453 1225 partes
2509 1157 2661 1211 urbis
2708 1173 2831 1226 qua!
2871 1160 2937 1214 ad
2988 1161 3317 1229 Aquilonem
3364 1177 3496 1216 ver-

1904 1259 2057 1318 gunt.
2089 1247 2126 1302 li
2168 1261 2300 1316 ergo
2329 1249 2480 1317 jussa
2532 1258 2918 1317 exsequentes,
2969 1251 3186 1304 vexillis
3231 1253 3283 1306 in
3319 1253 3496 1306 altum

1901 1341 2081 1402 elatis,
2112 1339 2354 1391 tumulos
2396 1349 2687 1406 occupant.
2714 1340 2785 1393 At
2815 1340 2947 1395 solis
2996 1341 3134 1396 radii
3167 1344 3260 1410 qui
3287 1344 3338 1396 in
3371 1342 3496 1397 thu-

1901 1447 2059 1484 races
2087 1440 2142 1483 et
2167 1444 2316 1481 arma
2364 1429 2597 1482 militum
2643 1445 2838 1486 recens
2890 1433 3057 1500 polita
3081 1443 3139 1487 et
3166 1435 3320 1487 laevia
3358 1434 3494 1488 inci-

1904 1523 2150 1582 debant,
2205 1519 2420 1572 refracti
2476 1521 2617 1589 ignis
2674 1522 2846 1576 instar
2907 1525 3248 1578 relucrbant.
3303 1525 3493 1593 Itaque

1906 1611 2151 1664 urbanus
2179 1611 2413 1678 papulus
2448 1612 2729 1665 turmatim
2762 1614 2814 1664 in
2845 1614 3110 1667 editiores
3140 1615 3306 1669 colles
3337 1617 3494 1670 urbis

229 1709 340 1760 Καὶ
380 1708 552 1769 οὕτως
605 1710 684 1768 εἰς
738 1709 995 1778 ἀρεῖκοὺς
1035 1710 1237 1779 ἀνδρας
1287 1711 1350 1761 ἐκ
1393 1709 1800 1762 δικτυοπλόκων
1909 1705 1921 1755 i

1799 1734 1800 1739 η
1909 1702 2059 1755 illius
2092 1703 2387 1769 spectaculi
2435 1704 2606 1771 gratia
2643 1705 2968 1768 convolans,
3012 1720 3223 1758 summa
3259 1708 3491 1760 admirar-

232 1798 769 1867 μετασκευασθέντες
825 1801 963 1852 κατὰ
1031 1800 1139 1851 τῶν
1191 1800 1489 1868 βασιλικῶν
1537 1801 1621 1872 [1³.
1671 1801 1801 1872 245]
1839 1807 1924 1872 __|

1800 1807 1874 1872 ,__
1912 1797 2058 1849 tione
2106 1795 2361 1848 allicitur.
2411 1795 2616 1848 Deinde
2673 1797 3021 1865 Propontidis
3070 1798 3236 1852 ctiam
3287 1799 3492 1855 incolas

232 1864 483 1953 ίσχύουσι
522 1888 612 1938 καὶ
655 1888 1045 1957 κραταιοῦνται
1095 1864 1388 1959 τριηρέων,
1419 1891 1479 1943 αἶ
1519 1864 1616 1961 τὴν
1650 1864 1804 1944 πόλιν
1839 1864 1924 1941 Ba

1839 1864 1878 1916 Β
1907 1893 2271 1948 attraxcrunt,
2311 1900 2416 1938 non
2447 1885 2502 1937 in
2537 1901 2594 1939 re
2632 1887 2850 1939 militari
2891 1887 2986 1940 sed
3023 1888 3078 1941 in
3112 1888 3278 1943 remis
3329 1905 3497 1958 agen-

227 1976 541 2046 περιιοῦσαι
594 1982 691 2039 τὰς
745 1982 810 2031 ἐκ
854 1978 949 2030 τοῦ
1007 1983 1414 2049 στρατεύματος
1459 1982 1553 2035 τοῦ
1617 1981 1803 2052 Βρανᾶ

231 2069 554 2136 νυκτερινὰς
576 2068 798 2134 ἐφόδους
822 2069 1090 2121 ἐσκόπουν
1121 2072 1215 2122 καὶ
1241 2073 1472 2139 ἐτήρουν
1528 2071 1806 2138 ἐπιμελῶς

229 2160 323 2211 τὸν
363 2160 632 2227 πορθμὸν,
664 2161 738 2228 μή
770 2178 887 2222 πως
915 2161 1014 2232 τὴν
1052 2163 1140 2215 διὰ
1173 2163 1280 2215 τῶν
1313 2164 1586 2231 χερσαίων
1620 2165 1805 2217 πυλῶν

230 2253 469 2321 πάροδον
512 2254 538 2305 ὁ
588 2254 851 2320 τύραννος
896 2256 1166 2323 ἀπογνοὺς
1210 2257 1298 2308 διὰ
1341 2257 1448 2308 τῶν
1485 2258 1806 2326 παρακτίων

230 2343 388 2396 λάθοι
436 2344 648 2397 ἔνδοθεν
693 2347 1014 2414 παρεισδύς.
1059 2349 1123 2399 0i
1171 2347 1217 2399 δ’
1270 2349 1365 2401 ἐπὶ
1415 2349 1524 2401 τῶν
1573 2352 1808 2420 μακρῶν

231 2439 379 2506 νηῶν
402 2437 470 2490 τά
503 2435 610 2507 ’μὲν
641 2439 836 2509 πρῶτα
883 2440 1173 2508 μαίνεσθαι
1203 2440 1370 2510 ᾣοντο
1409 2443 1650 2512 ἀτεχνῶς
1676 2449 1806 2507 τοὺς

230 2528 342 2579 τῶν
387 2529 586 2598 ἰχθύων
633 2531 931 2597 ἀγρευτάς,
962 2532 1010 2582 εἰ
1058 2531 1231 2593 οὕτως
1280 2535 1373 2584 ἐπὶ
1418 2535 1528 2586 τῶν
1574 2535 1810 2588 ἁλιάδων

235 2621 394 2688 μόλις
442 2620 760 2683 σαλεύοντες
803 2623 1087 2690 ἐγχρίψειν
1136 2624 1322 2686 αὐτοῖς
1364 2626 1766 2696 ἀπεθάρρησαν
1792 2644 1807 2660 ο

231 2709 310 2771 ὡς
332 2710 393 2762 δέ
423 2711 615 2780 καιρὸς
646 2713 954 2782 ἐνειστήκει
985 2713 1079 2766 τοῦ
1115 2714 1330 2782 βάλλειν
1364 2717 1462 2767 καὶ
1489 2715 1805 2785 βάλλεσθαι,

232 2802 294 2854 αι
321 2802 420 2869 μὲν
449 2802 589 2870 μετά
614 2802 864 2871 βυκάνων
904 2805 998 2856 καὶ
1039 2805 1360 2872 σαλπίγγων
1389 2807 1612 2876 ἔξορμοι
1640 2809 1812 2876 γίνον·

234 2908 352 2953 ται,
385 2893 455 2944 τά
491 2893 547 2944 δέ
577 2893 688 2946 τῶν
726 2893 1110 2948 ἀσπαλιευτῶν
1137 2896 1414 2966 πορθμεῖα
1449 2902 1602 2968 σιγῇ,
1632 2900 1728 2952 καὶ
1761 2900 1812 2952 οἱ

235 2983 326 3034 ἐπ’
366 2982 547 3036 αὐτῶν
592 2985 762 3051 μένεα
800 2985 1055 3049 πνέοντες
1105 2987 1337 3038 ἔτυπτον
1382 2989 1482 3057 τὴν
1532 2990 1813 3043 θάλασσαν

233 3072 515 3140 ἐρετμοῖς,
563 3073 660 3124 καὶ
698 3073 1069 3142 συμϐαλόντες
1099 3075 1464 3147 ὑπερτεροῦσι
1508 3079 1617 3130 τῶν
1669 3084 1814 3131 ἀντι-

234 3161 427 3214 πάλων
459 3162 732 3230 μεγίστων
765 3165 993 3232 σκαφῶν
1023 3168 1116 3220 καὶ
1148 3171 1270 3230 ταῖς
1302 3169 1403 3238 τῆς
1449 3169 1659 3232 πόλεως
1689 3172 1812 3240 ῂόσι
1837 3185 1882 3247 C

235 3249 611 3315 συγκλείουσι.
649 3253 730 3304 Τὰ
756 3254 856 3320 μέν
893 3254 1005 3322 γάρ
1033 3254 1122 3307 διά
1152 3256 1213 3308 τὸ
1252 3259 1497 3325 μήκιστα
1544 3254 1684 3311 εἶναι
1717 3263 1813 3313 xui.

233 3340 583 3394 δυσδιέλικτα
608 3345 710 3395 οὐκ
743 3344 808 3396 ἐκ
835 3343 932 3396 τοῦ
974 3345 1173 3398 αὐτίκα
1201 3348 1438 3400 ἐκάκουν
1456 3347 1520 3400 τὸ
1549 3348 1811 3405 ἀνθιστάο

239 3446 428 3498 μενον,
471 3432 542 3483 τά
579 3432 636 3485 δέ
669 3435 1017 3503 συμφορηδδν
1055 3437 1279 3493 ἐπιόντα
1322 3441 1418 3493 καὶ
1465 3443 1635 3495 πολλὰ
1681 3444 1812 3514 μίαν

233 3523 436 3592 τριήρη
493 3525 809 3593 συμμίγδην
850 3529 1159 3596 περιιόντα.
1199 3530 1262 3583 εκ
1306 3548 1367 3584 τε
1418 3536 1681 3605 πρύμνης
1709 3537 1809 3590 καὶ

235 3611 472 3680 πρώρας
502 3613 597 3663 καὶ
632 3614 762 3682 παρ’
790 3615 1054 3685 ἑκάτερον
1080 3621 1261 3689 τοῖχον
1307 3625 1618 3693 μαχόμενα,
1647 3627 1720 3690 ώς
1750 3629 1811 3681 ἐν

237 3705 553 3772 στενοπόρῳ
590 3705 825 3776 πορθμῷ
864 3707 964 3778 τὴν
1010 3710 1169 3780 νίκην
1206 3708 1354 3782 εἶχον
1403 3715 1809 3786 ἐπινηχομένην

235 3794 424 3855 αὐτοῖς
466 3795 564 3846 καὶ
593 3795 850 3866 λαμπρὸν
891 3799 1126 3851 ἀνίστων
1175 3801 1436 3868 τρόπαιον
1483 3805 1620 3874 (29).
1661 3807 1808 3859 Ἀλλ’

235 3884 340 3935 οὐκ
375 3883 433 3944 ἐς
467 3883 604 3936 πολὺ
632 3885 691 3936 τὸ
730 3887 795 3938 ἐκ
836 3885 936 3952 τῆς
983 3887 1151 3956 ἥττης
1175 3884 1364 3957 αῐσχος
1413 3891 1809 3959 ὑπενεγκόντες

234 3978 284 4028 οι
316 3976 413 4029 τοῦ
442 3978 629 4030 στόλου
656 3976 750 4030 τοῦ
777 3977 1042 4046 βασιλέως
1068 3979 1331 4043 παλίωξιν
1361 3981 1469 4033 τῶν
1498 3983 1809 4051 λεμϐαδίων

234 4065 471 4119 τιθέασι.
508 4067 660 4136 Τάχα
687 4067 732 4119 δ’
759 4067 825 4119 ἀν
856 4069 950 4120 καὶ
977 4069 1052 4138 τῷ
1086 4069 1238 4137 ὑγρῷ
1257 4070 1392 4135 πυρὶ
1430 4071 1499 4122 τὸ.
1533 4073 1809 4141 πορθμεῖα

235 4158 524 4224 ἠφάνισαν,
545 4159 590 4209 εί
621 4157 696 4228 μὴ
725 4159 788 4211 ἐκ
809 4158 907 4212 τοῦ
949 4159 1135 4228 σχεδὸν
1161 4161 1394 4224 ἐστῶτες
1428 4163 1812 4233 ἐπεϐοήθησαν

1908 1978 1990 2032 dis
2045 1980 2282 2031 maximo
2333 1991 2565 2029 numero
2611 1979 3122 2033 exercitatissimos.
3176 1979 3214 2033 li
3260 1980 3494 2048 scaphas

1905 2071 1973 2126 ad
2025 2070 2258 2138 piscium
2299 2077 2578 2136 rapturam
2620 2067 2913 2122 fabricatas
2961 2069 3013 2122 in
3053 2085 3221 2124 naves
3266 2071 3494 2125 bellicas

1908 2170 2209 2221 mutarunt.
2256 2158 2417 2229 495
2466 2160 2666 2213 crassis
2722 2160 2921 2214 tabulis
2984 2162 3242 2230 utrinque
3295 2161 3490 2225 allixis,

1909 2253 2001 2307 alii
2038 2252 2242 2316 fundis,
2274 2251 2364 2304 alii
2400 2251 2640 2304 arcubus
2667 2262 2722 2304 et
2755 2251 3024 2318 pharetris
3054 2254 3269 2307 artnati.
3313 2254 3494 2324 Atque

1910 2347 1983 2399 ita
2015 2362 2080 2400 ex
2115 2343 2483 2413 piscatoribus
2516 2343 2569 2395 in
2606 2341 2900 2396 Mavortios
2939 2347 3087 2399 viros
3133 2348 3323 2398 mutati
3365 2362 3488 2400 cuin

1912 2437 2278 2506 imperatoriis
2310 2434 2625 2488 triremibus
2671 2436 2887 2489 fortiter
2922 2435 3203 2491 dimicant.
3239 2439 3370 2503 Quae
3398 2454 3492 2491 ur-

1914 2529 2036 2583 be‘m
2082 2528 2486 2587 circumeuntes
2527 2535 2825 2582 nocturnas
2867 2526 3054 2583 Branz
3105 2531 3496 2598 impressiones

1912 2619 2296 2680 observabant,
2348 2633 2410 2670 ac
2457 2618 2657 2672 fretum
2707 2619 3002 2687 diligenter
3058 2620 3372 2688 tuebantur,
3421 2640 3490 2676 ne

1913 2713 2054 2766 forte
2090 2722 2350 2780 tyrannus
2397 2710 2689 2778 desperato
2721 2728 2816 2779 per
2847 2722 3134 2766 terrestres
3183 2726 3366 2781 portas
3407 2717 3491 2767 ir.-

1913 2818 2100 2874 gressu
2149 2802 2286 2855 clam
2322 2817 2418 2869 per
2445 2802 2712 2857 Iittorales
2749 2804 3150 2872 ingrederetur.
3182 2808 3256 2860 Ac
3288 2809 3492 2875 princi-

1914 2893 2004 2961 pio
2039 2892 2342 2960 piscatores
2371 2890 2613 2943 insanire
2641 2893 2762 2955 visi,
2797 2894 2942 2960 quod
2973 2909 3114 2964 aegre
3141 2895 3197 2948 in
3229 2898 3440 2949 navicul
3465 2911 3491 2952 ε

1914 2979 2240 3033 ﬂuctuantes
2290 2979 2552 3046 impetum
2584 2981 2637 3032 in
2671 2981 2858 3051 longas
2892 2992 3056 3037 naVes
3093 2984 3271 3038 facere
3320 2988 3489 3038 audc-

1917 3081 2038 3125 rent
2069 3089 2081 3124 :
2111 3071 2202 3123 ubi
2233 3070 2298 3123 ad
2331 3085 2480 3122 arma
2520 3081 2742 3123 ventum
2788 3082 2899 3133 est,
2948 3075 3208 3129 maximas
3250 3076 3490 3132 hostium

1916 3176 2082 3215 naves
2106 3175 2231 3214 cum
2262 3162 2508 3215 buccinis
2532 3169 2586 3215 et
2622 3163 2768 3216 tubis
2804 3162 3048 3217 invectas
3081 3167 3240 3219 tacite
3268 3166 3491 3235 quidem

1919 3252 2014 3307 sed
2065 3251 2275 3305 fortiter
2326 3251 2502 3305 adorti
2546 3261 2807 3322 superant
2854 3261 2910 3307 ct
2953 3254 3007 3307 in
3055 3256 3264 3310 urbana
3308 3258 3490 3313 littora

1920 3344 2275 3412 compellunt.
2308 3343 2442 3396 Nam
2472 3359 2550 3398 ea
2581 3344 2707 3412 quia
2742 3345 3068 3414 longissimas
3117 3357 3274 3403 erant
3299 3358 3354 3402 et
3386 3360 3494 3403 tar-

1919 3435 2021 3498 das,
2055 3435 2248 3488 lembis
2279 3433 2608 3503 piscatorum
2636 3450 2744 3488 non
2764 3436 2947 3489 statim
2975 3451 3173 3491 nocere
3204 3446 3490 3506 poteiant:

1920 3525 1976 3581 bi
2023 3541 2150 3581 vero
2196 3527 2325 3596 quia
2376 3526 2664 3580 confertim
2712 3528 2993 3582 irruebant
3031 3538 3088 3584 et
3131 3532 3285 3585 multi
3327 3548 3490 3588 unam

1917 3619 2198 3674 triremem
2229 3618 2665 3682 circumdabant,
2694 3633 2724 3671 a
2753 3620 2917 3688 puppi
2950 3629 3005 3674 et
3029 3620 3192 3691 5.96
3231 3637 3393 3691 prora
3439 3631 3495 3676 nt

1918 3719 2149 3775 utroque
2183 3708 2352 3760 latere
2385 3717 2714 3777 pugnantes,
2742 3710 2796 3760 in
2827 3719 3056 3778 angusto
3091 3711 3234 3764 freto
3262 3713 3490 3765 victoria

1918 3799 2074 3868 potiti
2111 3799 2321 3852 illustre
2361 3808 2622 3867 trapaeutn
2669 3809 2984 3854 erexerunt.
3017 3800 3122 3854 Sed
3153 3802 3491 3870 imperatorii

1916 3889 2204 3954 classiarii,
2244 3905 2353 3942 non
2385 3889 2479 3942 diu
2505 3904 2571 3942 eo
2600 3889 2870 3944 dedecore
2926 3891 3178 3955 tolerato,
3217 3893 3495 3947 naviculas

1916 3982 2156 4035 vicissim
2206 3981 2430 4049 fugant;
2480 3996 2684 4050 easque
2725 3982 2954 4036 lorsitan
3009 3983 3120 4053 igni
3164 3983 3353 4038 Graeco
3399 3985 3497 4037 ab-

1919 4073 2299 4141 sumpsissent,
2330 4073 2434 4126 nisi
2479 4073 2667 4126 Brana:
2720 4074 2920 4128 milites
2947 4091 3012 4128 ex
3044 4075 3277 4129 collibus
3305 4075 3371 4132 ad
3399 4075 3496 4129 lit-

1921 4171 2041 4218 tora
2071 4164 2300 4233 digressi
2340 4166 2622 4233 suppetias
2658 4165 2765 4218 illis
2799 4165 3070 4218 tulissent.

238 4252 288 4302 οἱ
318 4249 414 4302 τοῦ
451 4251 634 4319 Βρανᾶ
655 4251 982 4324 ὁπλομάχοι,
1014 4257 1080 4307 ἐκ
1111 4256 1219 4308 τῶν
1251 4256 1430 4326 λόφων
1467 4259 1803 4325 καταϐάντες
1846 4263 1940 4314 καὶ
1997 4260 2087 4312 τὸν
2143 4259 2389 4326 αἰγιαλὸν
2414 4260 2867 4329 ἐπιπορευόμενοι
2890 4259 3052 4312 ’ἑνεκα
3076 4259 3169 4312 τοῦ
3194 4258 3494 4330 ἐπαρήγειν

240 4337 318 4406 τῷ
349 4337 611 4407 ναυτικῷ.

314 4428 385 4490 ζ’.
435 4428 661 4480 Ἰδὼνδέ
706 4427 735 4480 ὁ
777 4429 1094 4495 ἀποστάτης
1118 4429 1192 4491 ὡς
1236 4431 1361 4484 οὔτε
1408 4434 1662 4487 κλέπτειν
1700 4436 1810 4505 ἔχει
1846 4443 1888 4498 D
1988 4436 2006 4487 ’Ξ

1799 4455 1810 4489 ι
1846 4443 1888 4498 ῐι
1988 4436 2040 4487 7.
2080 4431 2351 4486 Ceterum
2383 4428 2474 4483 ubi
2522 4428 2812 4483 seditionis
2864 4439 3056 4482 auctor
3100 4431 3491 4485 animadvertit

239 4524 342 4592 τὴν
398 4521 636 4590 πάροδον
683 4521 808 4573 οὗτε
862 4523 969 4589 μὴν
1016 4522 1305 4592 πολέμῳῆ
1347 4525 1528 4577 πειθοῖ
1575 4527 1818 4597 ἀνύσιμά

240 4615 386 4666 εἰσίν
410 4615 456 4663 oi
487 4614 557 4664 τὰ
590 4611 969 4680 μελετώμενα,
999 4611 1167 4679 ἀλλην
1196 4614 1504 4681 τραπέσθαι
1536 4616 1818 4671 διενοεῖτοσ

239 4704 275 4774 ἢ
309 4703 417 4772 γὰρ
446 4702 590 4770 λιμῴ
613 4701 712 4769 τὴν
743 4701 987 4770 βασιλίδα
1012 4703 1476 4773 παραστήσασθαι
1507 4705 1685 4770 πόλιν,
1717 4725 1815 4778 με·

240 4797 438 4862 γίστην
469 4797 770 4861 ἐπιστήσας
806 4794 946 4862 αὑτῇ
982 4795 1076 4844 καὶ
1107 4796 1410 4865 κρατίστην
1443 4796 1688 4849 ἑλέπολιν
1715 4802 1814 4869 τὴν

241 4885 353 4937 τῶν
399 4882 680 4951 ἐδωδίμων
724 4885 1086 4937 ὑποσπάνισιν
1121 4885 1243 4954 (ἤδη
1277 4888 1386 4956 γὰρ
1417 4890 1450 4956 ὴ
1482 4887 1589 4956 ἐῴα
1624 4905 1680 4940 τε
1721 4891 1814 4942 καὶ

242 4976 496 5044 ἑσπέριος
532 4975 638 5026 ὑπὸ
681 4973 988 5043 Ῥωμαίους
1019 4975 1171 5044 λῆξις
1195 4976 1345 5045 αὐτῷ
1378 4978 1812 5048 προσεχώρησε),

244 5066 525 5133 μηδεμίαν
554 5067 871 5134 ἐπισκήψας
904 5068 1011 5136 νῆα
1057 5069 1365 5134 σιταγωγδν
1415 5071 1701 5139 καταίρειν
1732 5074 1812 5134 είς

237 5160 301 5210 τὸ
330 5157 647 5222 Βυζάντιον,
681 5160 712 5227 ἢ
743 5159 1068 5225 προσϐαλεῖν
1089 5161 1207 5229 μετ’
1232 5162 1598 5229 άκμαιοτέρου
1627 5163 1810 5215 στόλου

240 5252 340 5299 καὶ
371 5249 638 5311 πλείονος.
676 5249 892 5304 Ἐκεῖνα
932 5250 978 5302 δ’
1009 5247 1077 5322 ἦν
1109 5251 1400 5305 ἀνελίττων
1427 5257 1567 5306 κατὰ
1613 5253 1736 5307 νοῦν
1774 5255 1809 5308 ἃ

245 5341 323 5407 μὴ
357 5340 419 5392 τὸ
444 5340 601 5392 Θεῖον
638 5341 862 5411 ἐπιτελῆ
905 5344 1160 5409 γενέσθαι
1202 5344 1550 5400 κατένευσεν.
1607 5347 1663 5397 ’0
1699 5347 1806 5414 γὰρ

1916 4537 1975 4576 se
2005 4534 2183 4587 neque
2210 4519 2350 4572 clam
2385 4526 2673 4585 penetrare
2722 4531 2824 4569 nec
2875 4526 3064 4585 aperta
3114 4518 3168 4570 vi
3197 4519 3490 4573 consilium

1915 4624 2072 4666 suum
2118 4606 2342 4676 exsequi
2395 4620 2578 4674 posse,
2629 4603 2734 4656 alia
2773 4604 2859 4656 via
2909 4619 3026 4658 rem
3067 4605 3490 4673 aggrediendam

1914 4699 2148 4762 censuit,
2177 4713 2240 4751 ac
2269 4698 2676 4766 imperatricem
2727 4696 2918 4748 urbem
2969 4705 3060 4751 aut
3106 4697 3248 4751 fame
3295 4698 3361 4750 ad
3393 4697 3491 4752 de-

1912 4794 2175 4848 ditionem
2213 4787 2668 4857 compellendam,
2702 4803 2934 4841 annona:
2977 4790 3206 4856 penuria
3235 4791 3486 4845 machina

1913 4883 2222 4938 ﬁrmissima
2245 4891 2300 4934 ct
2336 4880 2603 4933 acerrima
2635 4883 2856 4934 admota
2884 4882 3011 4950 (jam
3038 4883 3185 4934 enim
3208 4891 3263 4936 ct
3287 4883 3484 4938 Orien-

1915 4976 2048 5029 tales
2075 4981 2132 5027 et
2155 4971 2536 5026 Occidentales
2569 4973 2863 5038 provincia:
2891 4975 2955 5026 ad
2985 4989 3112 5027 eum
3136 4973 3478 5040 deiecerant,

1911 5067 2110 5134 quibus
2140 5064 2389 5117 edixerat
2422 5078 2490 5117 ne
2524 5079 2630 5131 qua
2678 5064 3040 5120 frumentaria
3077 5068 3237 5121 navis
3265 5067 3482 5137 Byzan-

1911 5159 2041 5210 tium
2069 5157 2412 5225 appelleret),
2443 5166 2684 5210 autcum
2711 5157 2953 5214 ﬁrmiore
2982 5168 3040 5214 et
3070 5161 3272 5229 majore
3305 5161 3479 5216 clam

1911 5253 2172 5317 impetum
2202 5248 2534 5302 faciendum.
2561 5248 2756 5302 Verum
2779 5266 2840 5304 ca
2868 5253 3119 5306 volvebat
3148 5252 3334 5305 animo
3355 5266 3477 5321 qua:

1916 5344 2056 5398 Deus
2083 5341 2224 5394 haud
2263 5356 2629 5397 concessurus
2674 5354 2812 5398 erat.
2844 5345 2978 5398 Nam
3018 5345 3318 5413 imperator
3348 5358 3473 5398 cum

1507 5563 1679 5622 Hier.
1725 5560 1929 5624 Wolﬁi
1969 5569 2154 5622 notas.

309 5754 420 5820 (29)
453 5754 711 5822 Turpiter
745 5753 958 5824 fugiunt
994 5755 1351 5824 imperatorii,
1381 5764 1433 5811 et
1461 5755 1603 5810 inter
1665 5753 1871 5808 navalia

243 5826 344 5879 αοῦ
380 5825 607 5889 intelligi
646 5825 826 5879 debet.

1945 5768 1999 5807 sc
2047 5752 2350 5817 includunt,
2383 5753 2424 5805 si
2460 5752 2619 5805 modo
2652 5751 2935 5823 ἐξάρτυσις
3008 5755 3127 5806 ἀντὶ
3204 5754 3465 5806 ιαυιταθ-
