4304 6354
799 374 908 435 7H

2068 367 2366 426 NICETE
2402 324 2820 427 maxumi

3948 372 4057 435 7H

795 492 1068 543 urbanum
1105 485 1368 555 populum
1396 482 1500 535 sibi
1546 481 1825 537 addictum
1876 496 1996 536 esse
2037 498 2099 534 at:
2135 481 2366 535 Branam
2398 485 2443 540 Α
2477 479 2495 547 β

2353 496 2366 533 t
2398 485 2443 540 Α
2477 479 2733 547 βασιλεὺς
2785 480 2927 551 ὁρῶν
2974 481 3123 551 αὐτῷ
3173 485 3572 551 προσκείμενον
3602 483 3662 536 τὸ
3692 484 3791 552 τῆς
3841 486 4053 550 πόλεως

787 585 929 634 aleo
993 578 1151 649 497
1218 574 1467 630 aversari.
1517 585 1770 628 cerneret
1845 583 1905 627 ut
1986 573 2150 627 etiam
2210 588 2368 625 exse-

783 680 1061 730 craretur,
1103 668 1195 722 Dei
1250 666 1561 720 Genetricis
1624 665 1892 735 imagine,
1945 680 2066 734 quas
2124 663 2194 715 ab
2262 662 2368 716 Ho-

788 763 952 831 degio
1032 759 1367 813 monasterio
1451 758 1775 826 llodegetria
1854 764 2240 823 nuncupatur,
2310 754 2363 808 in

790 853 989 907 muenia
1047 866 1148 919 pro
1202 850 1345 904 vallo
1407 848 1815 918 inexpugnabili
1892 848 2170 910 translata,
2239 862 2363 901 cum

791 951 983 1011 siapte
1026 942 1295 995 industria
1352 940 1418 993 ad
1471 955 1709 1009 pugnam
1761 940 2024 993 incitatus
2070 949 2174 1003 est,
2218 941 2366 1008 quod

788 1038 1106 1091 d:uturnain
1164 1035 1509 1090 obsidionem
1578 1051 1607 1087 e
1656 1050 1715 1088 re
1782 1048 1878 1087 sua
1949 1050 2060 1087 non
2130 1050 2252 1089 esse
2314 1046 2371 1089 et

790 1127 997 1195 aliquid
1083 1125 1299 1179 adversi
1382 1140 1762 1193 novarumque
1847 1140 2029 1178 rerum
2119 1126 2366 1180 studium

786 1221 1079 1273 allaturum
1136 1219 1384 1286 putabat.
1463 1227 1575 1271 tum
1645 1217 1883 1272 Couradi
1949 1217 2179 1272 Caesaris
2240 1220 2371 1273 bor-

793 1321 909 1365 titu
961 1311 1195 1364 maxime
1241 1311 1528 1380 impulsus.
1577 1310 1708 1363 Erat
1758 1310 1805 1362 is
1844 1312 1926 1362 vir
1968 1325 2166 1377 genere
2207 1309 2373 1363 Lom-

788 1401 1019 1466 bordus,
1054 1399 1443 1454 Montisferrati
1496 1399 1704 1451 domini
1756 1399 1921 1460 lilius,
1975 1398 2261 1465 prudentia
2311 1409 2370 1452 et

790 1490 1115 1543 fortitudine
1167 1499 1375 1543 tantum
1445 1490 1720 1543 excellens
1777 1497 1837 1541 ut
1892 1503 2001 1541 non
2072 1490 2217 1556 apud
2260 1489 2371 1543 Ro-

790 1595 982 1635 manos
1033 1582 1297 1635 duntaxat
1361 1590 1510 1636 esset
1592 1579 1849 1643 celebris,
1928 1572 2162 1634 Manu'eli
2236 1597 2373 1649 pra:-

791 1677 983 1728 sertim
1044 1674 1270 1736 chartis,
1316 1682 1373 1725 ut
1412 1674 1479 1726 ab
1523 1672 1637 1741 ipsa
1697 1682 1892 1725 natura
1950 1682 2007 1726 et
2066 1672 2271 1741 ingenii
2318 1682 2373 1727 et

794 1781 1054 1817 manuum
1097 1767 1423 1819 dexteritate
1463 1765 1770 1817 luculenter
1797 1774 2044 1823 ornatus.
2089 1765 2185 1818 sed
2220 1767 2369 1833 apud

791 1854 1086 1923 populares
1132 1870 1352 1924 quoque
1417 1870 1548 1907 suos
1609 1856 1865 1921 inclytus.
1951 1854 2049 1907 llic
2100 1865 2207 1919 est,
2276 1859 2369 1923 qui

794 1944 1043 1996 maximis
1094 1943 1480 2011 largitionibus
1541 1958 1569 1995 a
1629 1943 1877 1996 Manu-cie
1932 1944 2197 2011 impulsus
2247 1947 2373 1997 Ale-

793 2052 1121 2092 mannorum
1192 2035 1308 2100 regi
1383 2035 1621 2098 restitit,
1685 2045 1742 2087 et
1806 2035 2180 2104 Moguntinum
2251 2038 2371 2103 epi-

786 2143 1017 2197 scopum
1081 2127 1469 2181 cancellarium
1531 2125 1674 2192 regis
1742 2126 2045 2192 superavit,
2100 2127 2193 2195 qui
2245 2143 2369 2181 cum

786 2218 1049 2273 maximis
1130 2218 1306 2284 copiis
1381 2216 1799 2283 impressionem
1880 2217 1935 2269 in
2014 2218 2224 2272 Italiam
2296 2219 2374 2272 fe-

792 2319 974 2375 cerat;
1014 2325 1253 2379 eumque
1313 2309 1366 2362 in
1438 2309 1657 2362 vincula
1719 2310 2027 2377 conjectum
2096 2311 2257 2365 aliter
2312 2330 2371 2369 se

794 2403 1152 2457 dimissurum
1206 2401 1458 2471 negavit,
1518 2401 1622 2455 nisi
1687 2417 1717 2454 a
1767 2401 2139 2455 Romanorum
2202 2403 2374 2473 impe-

796 2506 978 2549 ratore
1034 2495 1342 2565 juberetur.
1404 2493 1546 2546 Tum
1612 2500 1795 2546 autem
1858 2508 1983 2546 cum
2072 2496 2374 2563 imperator

798 2587 1041 2641 Isaac-ius
1111 2586 1179 2639 ad
1262 2585 1487 2638 fratrem
1561 2585 1684 2655 ejus
1747 2583 2085 2638 Bonifatium
2165 2586 2376 2651 legatos

800 2679 1039 2733 misisset
1088 2678 1155 2733 de
1204 2694 1392 2733 sorore
1454 2678 1745 2732 Theodora
1813 2680 1891 2731 illi
1950 2679 2372 2747 despondenda,

800 2770 851 2826 ις
901 2787 1031 2825 vero
1094 2772 1204 2841 jam
1251 2787 1374 2823 cum
1440 2772 1544 2823 alia
1611 2770 1835 2837 nuptias
1882 2771 2237 2831 celebrasset,
2294 2772 2374 2824 le-

803 2864 913 2932 gati
989 2877 1195 2931 magna:
1267 2861 1545 2914 fclicitatis
1620 2861 1741 2913 loco
1818 2860 1984 2930 498
2037 2861 2376 2925 habuerunt,

798 2954 950 3023 quod
1010 2955 1099 3006 hic
1148 2953 1433 3022 conjugem
1488 2953 1790 3016 amisisset,
1842 2968 1905 3005 ac
1964 2958 2163 3005 bonum
2215 2954 2375 3022 longe

807 3048 983 3116 majus
1023 3045 1346 3115 judicarunt
1390 3062 1552 3114 quam
1606 3046 1650 3099 si
1697 3046 1749 3097 id
1801 3044 2171 3099 confecissent
2218 3045 2376 3115 cujus

2474 573 2776 642 πλήρωμα,
2809 575 2907 626 καὶ
2942 575 3018 643 μὴ
3052 575 3213 644 μόνον
3242 576 3340 627 οὐκ
3365 576 3697 645 ἀνεχόμενον
3740 575 4052 646 βασιλεύειν

2472 669 2712 736 Βρανᾶν,
2746 668 2883 720 ἀλλὰ
2918 669 3012 721 καὶ
3062 670 3266 737 μᾶλλον
3296 671 3602 736 ἁναθέματι
3636 672 4050 728 καθυποϐάλλον

2471 761 2679 813 ἐκεῖνον
2702 798 2718 822 ,
2762 761 2876 814 ἄνω
2902 761 3014 812 τῶν
3042 762 3267 831 τειχέων
3295 761 3594 828 ἀναγαγὼν
3619 758 3710 816 οἷά
3738 781 3797 816 τε
3831 764 4051 833 ἄμαχον

2468 852 2736 921 ὀχύρωμα
2782 854 2876 906 καὶ
2921 851 3202 906 ἀνάλωτον
3246 854 3560 922 χαράκωμα
3582 854 3681 924 τὴν
3712 856 3899 909 είκόνα
3946 856 4052 924 τῆς

2464 943 2831 1011 ηθεομήτορος,
2868 945 2991 1013 ἥτις
3025 946 3091 996 ἐκ
3122 945 3221 1010 τῆς
3253 947 3363 997 τῶν
3408 945 3653 1014 Ὀδηγῶν
3680 948 3875 1016 μονῆς,
3921 950 4053 1001 καθ’

2468 1035 2535 1103 ῆν
2573 1035 3091 1104 προσκεκλήρωται,
3134 1036 3475 1106 Ὅδηγήτρια
3518 1037 3903 1107 ἐπικέκληται,
3946 1042 4051 1110 ηῤ-

2472 1124 2684 1194 ῥενώθη
2721 1124 2821 1193 μὲν
2857 1127 2951 1179 καὶ
2980 1126 3194 1180 οἴκοθεν
3228 1127 3367 1196 πρὸς
3413 1130 3808 1197 ἀντιμάχτ,σιν,
3854 1131 4055 1198 κρίνας

2471 1217 2762 1285 ἀλυσιτελῆ
2789 1218 2890 1287 τὴν
2920 1220 3136 1286 χρόνιον
3162 1220 3311 1282 ἐντὸς
3342 1219 3435 1272 τοῦ
3465 1219 3675 1281 ἄστεως
3720 1221 4004 1290 κὰθειρξιν
4034 1258 4056 1284 ,

2472 1313 2567 1363 καὶ
2613 1314 2953 1363 ἁπευκταίον
2997 1311 3053 1363 δέ
3096 1329 3149 1364 τι
3197 1314 3699 1381 καινοποιήσουσαν
3756 1314 3845 1366 ἐπ’
3874 1314 4055 1382 αὐτῷ,

2473 1402 2733 1462 πλειόνως
2774 1402 2819 1452 δ’
2865 1403 3053 1468 ὑπεῖξε
3084 1407 3203 1463 ταῖς
3240 1403 3573 1470 ἐπιπλήξεσι
3626 1404 3903 1470 Καίσαρος
3951 1405 4055 1456 τοῦ

2474 1493 2786 1562 Κορράδου.
2812 1487 2926 1545 Ἢν
2954 1494 3010 1545 δὲ
3043 1496 3071 1546 6
3100 1493 3238 1561 ἀνὴρ
3269 1486 3424 1554 οὗτος
3456 1495 3520 1543 τὸ
3558 1495 3658 1561 μὲν
3691 1495 3850 1559 γένος
3907 1495 4055 1547 Ἰτα-

2470 1582 2693 1651 λιώτης,
2729 1583 2933 1655 πατρὸς
2968 1585 3013 1637 δ’
3042 1584 3209 1651 ἐξέφυ
3241 1584 3334 1636 τοῦ
3361 1587 3462 1653 τὴν
3489 1585 3678 1654 χώραν
3706 1586 3805 1652 τῆς
3828 1587 4056 1655 Μὸντης

2475 1675 2753 1744 φεράντης
2792 1675 3140 1742 κατέχοντος.
3188 1673 3458 1727 Τοσοῦτον
3490 1675 3534 1726 δ’
3579 1675 3662 1727 ἐπ’
3721 1675 3920 1744 ἀνδρία
3953 1677 4059 1728 καὶ

2477 1767 2692 1816 συνέσει
2722 1766 2974 1835 διέφερεν
2999 1765 3142 1818 ὥστε
3168 1766 3229 1818 οὺ
3268 1766 3425 1832 παρὰ
3469 1760 3767 1833 Ῥωμαίοις
3793 1767 3955 1835 μόνον
3987 1762 4059 1837 ῆν

2478 1858 2852 1928 περιώνυμος,
2877 1861 2971 1912 καὶ
3007 1860 3243 1929 μάλιστα
3273 1856 3351 1927 τῷ
3383 1857 3595 1927 βασιλεί
3627 1857 3891 1926 Μανουὴλ
3934 1861 4061 1910 ἐπι-

2475 1953 2713 2021 πόθητον
2753 1951 3009 2021 ἄκουσμα
3036 1953 3111 2015 ὡς
3138 1952 3358 2020 φύσεως
3387 1949 3567 2021 λαχὼν
3589 1948 3676 2021 [Ρ.
3694 1949 3826 2020 2M]
3856 1949 4060 2018 εὐκληο

2479 2045 2604 2111 ρίαν
2640 2045 2734 2096 καὶ
2770 2043 3012 2107 διανοίας
3054 2044 3296 2113 ὀξύτητα
3349 2044 3443 2096 καὶ
3485 2043 3688 2112 χειρῶν
3728 2043 4061 2110 δραστηριό-

2473 2151 2645 2199 τητα,
2703 2137 2839 2189 ἀλλὰ
2874 2136 2968 2188 καὶ
3009 2134 3162 2204 παρὰ
3205 2137 3318 2195 τοῖς
3351 2134 3674 2203 ὀμογινέσιν
3715 2132 3865 2201 αύτῷ
3899 2148 4061 2200 περι-

2477 2226 2747 2288 κλεῖστός.
2815 2223 2985 2287 Οὗτός
3033 2226 3183 2278 ἔστιν
3232 2223 3262 2276 6
3311 2224 3588 2292 μεγίστοις
3636 2222 4058 2290 φιλοδωρήμασι

2477 2317 2629 2385 παρὰ
2663 2315 2761 2369 τοῦ
2814 2315 3082 2385 βασιλέως
3115 2313 3375 2381 Μανουὴλ
3406 2311 3668 2382 ἐπαρθεὶς
3696 2312 3786 2363 καὶ
3816 2312 4061 2379 ἀντάρας

2475 2411 2664 2479 χεῖρας
2696 2407 2773 2476 τῷ
2806 2409 2906 2477 τῆς
2948 2406 3282 2473 ’Δλαμανίας
3322 2405 3474 2477 ῥηγὶ,
3510 2404 3606 2457 καὶ
3636 2402 3786 2473 μάζῃ
3813 2401 3907 2454 τὸν
3940 2403 4067 2453 ini-

2479 2516 2682 2552 σκοπον
2707 2496 3037 2566 Μαγέντζης
3060 2494 3366 2562 νενικηκὼς
3386 2493 3787 2561 κατκελλὰριον
3806 2490 3939 2541 δντα
3967 2486 4063 2540 τοῦ

2480 2592 2649 2661 ρηγὸς
2704 2589 2799 2643 καὶ
2869 2589 3013 2642 κατὰ
3073 2588 3173 2657 τὴν
3251 2585 3489 2638 Ἰταλίαν
3545 2583 3854 2652 ἐμϐαλόντα
3923 2581 4064 2647 μετὰ

2477 2678 2754 2730 πλείστων
2797 2676 3106 2743 δυνάμεων,
3156 2670 3500 2740 συνειληφώς
3540 2686 3598 2721 τε
3634 2669 3798 2721 αὑτὸν
3842 2674 3940 2720 καὶ
3971 2668 4061 2717 δε-

2478 2773 2637 2839 σμοῖς
2668 2767 2984 2838 περιϐαλὼν
3006 2806 3022 2830 ,
3054 2768 3152 2818 καὶ
3177 2767 3279 2818 οὐκ
3310 2764 3485 2824 ἄλλως
3516 2759 3811 2816 ἀπολύσειν
3846 2759 4064 2826 ἰσχυρι-

2479 2861 2708 2928 ζόμενος
2743 2863 2791 2911 εἰ
2829 2859 2904 2928 μὴ
2945 2859 3030 2926 εἴη
3062 2856 3220 2909 τοῦτο
3248 2856 3344 2908 καὶ
3380 2855 3460 2922 τῷ
3500 2852 3791 2920 Ῥωμαίων
3844 2849 4062 2917 βασιλεί

2480 2937 2846 3021 προσταχθέν.
2904 2950 3041 3001 Τότε
3096 2948 3154 2999 δὲ
3207 2946 3303 3000 τοῦ
3348 2943 3620 3013 βασιλέως
3655 2941 3936 2993 ἰσαακίου
3973 2940 4063 2990 τὸν

2478 3042 2645 3094 αὑτοῦ
2674 3041 2951 3109 ὁμαίμονα
2982 3038 3300 3106 Βονιφάτιον
3322 3036 3409 3088 διὰ
3445 3032 3729 3100 πρέσϐεων
3765 3045 4064 3098 μεταστει-

807 3136 985 3205 gratia
1035 3146 1320 3195 venerant,
1361 3144 1416 3187 et
1452 3133 1764 3187 Conradum
1811 3135 2064 3187 maximis
2105 3134 2375 3202 pollicita—
2402 3143 2447 3203 ρ
2478 3135 2507 3183 λ

2361 3162 2375 3173 -
2402 3143 2447 3203 ρ
2478 3132 2739 3202 λαμένου,
2783 3130 2857 3193 ὡς
2906 3130 3047 3183 κατὰ
3106 3129 3287 3196 γάμον
3338 3123 3639 3191 συναφθείη
3694 3120 3956 3189 Θεοδώρα
3998 3122 4061 3186 τῇ

804 3227 1049 3281 tionibus
1081 3226 1375 3294 impulsum
1430 3240 1617 3279 secum
1672 3226 2040 3280 adduxerunt.
2071 3224 2208 3280 Cum
2249 3242 2377 3279 vero

809 3333 917 3369 non
949 3316 1119 3368 multo
1146 3324 1268 3381 p051
1311 3331 1404 3368 eas
1440 3316 1659 3382 nuptias
1689 3314 1894 3367 Branas
1926 3314 2148 3377 defecit,
2186 3317 2232 3368 is
2278 3316 2379 3367 im-

806 3406 1082 3474 peratoris
1120 3406 1364 3458 animum
1392 3405 1603 3474 erigere
1649 3413 1707 3458 et
1743 3404 1889 3457 bona
1933 3418 2031 3472 spe
2065 3414 2377 3459 sustentare

805 3499 914 3568 jam
948 3497 1313 3551 labascentein
1338 3507 1394 3550 et
1417 3498 1893 3551 remollescentem
1916 3497 2246 3551 conﬁrmare
2270 3513 2378 3551 non

807 3589 1052 3653 destitit;
1086 3589 1286 3656 quippe
1318 3589 1410 3657 qui
1436 3588 1501 3642 iis
1519 3589 1805 3643 monachis
1826 3589 1921 3658 qui
1953 3590 2118 3643 nudis
2144 3590 2380 3658 pedibus

810 3679 1130 3733 incedentes
1163 3693 1216 3733 et
1253 3680 1407 3733 humi
1434 3681 1703 3734 cubantes
1733 3681 1903 3734 veluti
1932 3681 2206 3735 columnis
2236 3681 2379 3735 ultra

810 3771 1036 3823 humum
1062 3770 1398 3832 eﬂcruntur,
1450 3770 1504 3822 in
1551 3769 1811 3838 palatium
1862 3772 2232 3839 congregatis,
2271 3772 2381 3826 Deo

804 3858 1142 3927 supplicaret
1173 3868 1230 3910 ut
1265 3858 1426 3910 civile
1459 3857 1666 3910 bellum
1706 3858 2057 3926 propulsaret
2091 3873 2193 3913 nec
2221 3859 2379 3914 alteri

807 3950 1054 4005 traderet
1084 3950 1401 4017 imperium,
1439 3964 1554 4003 rem
1588 3964 1719 4002 vero
1751 3949 1999 4003 bellicam
2032 3951 2253 4019 penitus
2280 3965 2382 4005 ne-

803 4039 1228 4109 gligeret,omni
1259 4054 1352 4106 spe
1396 4053 1493 4092 sua
1545 4038 1601 4090 in
1631 4038 1804 4093 armis
1835 4038 2067 4106 spiritus
2091 4038 2380 4093 collocata.

803 4131 1078 4186 Cancrum
1095 4131 1384 4185 Conradus
1409 4146 1562 4194 eum,
1583 4140 1644 4184 ut
1665 4146 1865 4185 cancer
1886 4130 2131 4199 pinnam,
2148 4130 2385 4185 subinde

807 4223 1100 4278 vellicabat
1133 4232 1189 4276 et
1210 4222 1510 4285 excitabat,
1536 4237 1766 4277 monens
1791 4237 1859 4276 ne
1891 4222 1946 4274 in
1975 4222 2241 4276 mendicis
2265 4223 2385 4277 istis

805 4330 1027 4369 omnem
1066 4314 1325 4368 fiduciam
1360 4314 1679 4377 collocaret,
1710 4314 1805 4367 sed
1836 4314 1912 4367 rei
1947 4314 2198 4367 militaris
2217 4316 2383 4369 etiam

806 4405 1084 4459 rationem
1124 4403 1355 4457 haberet
1382 4411 1436 4457 et
1470 4402 1695 4457 armatis
1728 4402 2098 4472 pbalaugibus
2119 4401 2385 4455 seditioso

808 4500 1172 4555 occurreret,
1227 4506 1329 4545 nec
1374 4491 1584 4545 dextris
1614 4490 1877 4543 duntaxat
1920 4493 2110 4555 armis,
2166 4491 2273 4545 hoc
2300 4472 2463 4547 estD

811 4593 1133 4638 sanctorum
1166 4582 1415 4636 virorum
1459 4581 1974 4645 intercessionibus,
2017 4581 2113 4636 sed
2148 4582 2389 4637 sinistris

803 4674 975 4747 499
997 4677 1187 4739 etiam,
1213 4689 1335 4743 qua:
1357 4688 1490 4727 ense
1512 4680 1568 4725 et
1592 4671 1819 4725 thorace
1841 4679 2178 4735 constarent,
2202 4673 2389 4729 hostes

812 4769 1200 4822 ulcisceretur.
1235 4764 1425 4833 Neque
1458 4762 1795 4832 parcendum
1825 4777 1948 4817 esse
1978 4765 2244 4831 pecunia,
2291 4765 2388 4820 sed

810 4861 879 4912 ad
932 4856 1395 4913 conseribendum
1465 4854 1697 4909 militem
1757 4854 2203 4922 impendendam.
2252 4856 2389 4911 Nam

814 4956 1016 5020 praeter
1042 4956 1309 5016 cognatos
1352 4944 1728 5015 imperatoris,
1770 4956 1826 4998 et
1870 4960 1966 5000 eos
2011 4946 2106 5015 qui
2156 4946 2209 5000 in
2247 4947 2387 5003 urbe

817 5039 1163 5101 habitabant,
1213 5036 1402 5091 caeteri
1434 5049 1628 5091 omnes
1655 5034 1846 5089 Branaa
1888 5051 1947 5089 se
1995 5037 2387 5103 submiserant,

818 5144 1000 5198 neque
1033 5127 1173 5183 l’oris
1194 5126 1371 5195 copia:
1404 5126 1582 5194 parari
1611 5124 1887 5193 poterant.
1921 5126 2132 5191 Quibus
2160 5127 2392 5184 Cesaris

818 5224 1008 5276 verbis
1054 5222 1204 5286 velut
1249 5217 1485 5273 assiduis
1529 5216 1769 5272 stimulis
1810 5225 2033 5285 torpore
2069 5219 2161 5271 illo
2196 5229 2252 5272 et
2303 5235 2395 5273 so-

818 5312 1011 5367 cordia
1034 5324 1285 5377 excussa,
1310 5308 1514 5363 auxilia
1532 5307 1864 5362 contrahere
1895 5308 2155 5362 instituit.
2174 5308 2244 5361 Et
2265 5310 2394 5377 quia

820 5405 930 5461 sibi
964 5403 1257 5474 pecuniam
1287 5404 1482 5459 deesse
1510 5400 1875 5471 querebatur,
1903 5414 2028 5453 vasa
2062 5415 2129 5453 ex
2158 5401 2397 5472 impera-

2483 3224 2651 3278 αὑτοῦ
2703 3222 3061 3289 κασιγνήτῳ,
3095 3219 3221 3271 ἐπεὶ
3259 3216 3482 3286 νύμφην
3517 3215 3728 3273 ἐκεῖνος
3778 3210 4066 3278 ἡρμόσατο

2481 3318 2579 3368 κα¹ι
2606 3315 2747 3385 ᾅσας
2777 3311 2890 3381 εἶχε
2920 3311 3205 3382 προσεχῶς
3233 3309 3325 3361 τὸν
3356 3309 3636 3376 ὑμέναιον,
3671 3299 3827 3365 οὗτος
3849 3303 3953 3370 τὴν
3972 3297 4066 3351 τοῦ

2486 3406 2604 3475 βίου
2663 3403 2925 3458 κοινωνὸν
2970 3402 3189 3471 Θανάτῳ
3234 3398 3650 3465 ἀποϐαλόμενος
3701 3393 3778 3458 ὡς
3830 3394 4067 3461 ἕρμαιον

2486 3501 2602 3560 τοῖς
2635 3496 2901 3568 πρέσϐεσι
2946 3495 3196 3564 κρίνεται
3234 3492 3331 3544 καὶ
3370 3490 3431 3543 τὸ
3462 3490 3741 3558 πάρεργον
3767 3487 3863 3538 τοῦ
3898 3486 4069 3554 ἔργου

2485 3591 2674 3661 μεῖζον
2706 3588 2846 3642 κατὰ
2878 3586 3033 3639 πολύ.
3067 3586 3175 3638 Ναὶ
3201 3584 3308 3653 μὴν
3342 3581 3705 3649 ὑποσχέσεσιν
3728 3578 3777 3631 ot
3800 3576 4071 3646 πρέσϐεις

2486 3685 2775 3754 μεγίσταις
2830 3682 2921 3735 τὸν
2978 3679 3265 3748 Κορράδον
3316 3675 3681 3743 κουφίσαντες
3746 3671 3847 3723 σὺν
3915 3669 4069 3738 αὐτῷ

2485 3777 2877 3843 ἔπανέςευξαν,
2912 3776 3007 3829 καὶ
3035 3776 3112 3837 ὼς
3145 3774 3413 3826 είστιάκει
3446 3769 3574 3831 τοὺς
3601 3767 3814 3835 γάμους
3846 3767 3876 3817 6
3912 3764 4069 3833 βασι-

2485 3868 2634 3933 λεὺς,
2673 3866 2814 3937 μετὰ
2860 3864 3071 3935 μικρὸν
3100 3862 3159 3915 δὲ
3203 3864 3236 3931 ή
3272 3860 3368 3913 τοῦ
3397 3858 3584 3926 Βρανᾶ
3620 3852 4069 3924 ἐπηκολούθησεν

2490 3960 2894 4018 ἐπανάστασις,
2923 3957 2984 4008 οὺ
3016 3954 3226 4008 διέλιπε
3257 3952 3319 4006 τὸ
3351 3950 3449 4003 τοῦ
3482 3948 3747 4019 βασιλέως
3772 3944 4069 3999 διανιστὼν

2487 4049 2748 4120 φρόνημα
2784 4047 2878 4101 καὶ
2917 4047 3038 4107 ταῖς
3067 4041 3467 4113 χρηστιπέραις
3492 4036 3825 4092 ἀναθάλπων
3850 4035 4069 4091 ἐλπίσιν

2490 4136 2810 4205 ἁπεσϐηκὺς
2837 4136 2942 4205 ἤδη
2974 4136 3069 4187 καὶ
3100 4134 3182 4195 είς
3211 4131 3416 4199 ἀγεννῆ
3450 4127 3793 4195 καταϐληθὲν
3822 4126 4067 4196 χαλαρό-

2490 4245 2654 4299 τητα,
2705 4226 2802 4279 καὶ
2846 4225 3037 4295 ὥσπερ
3067 4225 3237 4292 ἀκόνη
3272 4222 3353 4293 τῷ
3392 4222 3604 4291 βασιλεῖ
3649 4218 3787 4287 πρὸς
3835 4221 3932 4268 τὸν
3973 4212 4066 4267 τοῦ

2490 4321 2729 4390 πολέμου
2789 4317 2952 4385 ξυρὸν
3013 4315 3321 4384 γινόμενος.
3389 4310 3608 4381 Ἀμέλει
3656 4308 3749 4361 καὶ
3808 4304 4069 4375 βασιλεὺς

2490 4410 2591 4478 μὲν
2624 4408 2752 4468 τοὺς
2786 4403 3134 4473 γυμνόποδας
3168 4402 3261 4454 καὶ
3287 4397 3636 4469 χαμαιεύνας
3663 4395 3773 4447 τῶν
3807 4393 4061 4463 μοναχῶν

2488 4495 2785 4569 ἠθροικὼς,
2816 4497 2909 4549 καὶ
2938 4495 3053 4547 ὅσοι
3080 4492 3223 4546 κίοσι
3260 4489 3375 4561 (30)
3405 4488 3507 4556 τῆς
3532 4489 3634 4556 γῆς
3665 4485 4064 4555 ὑπερήρθησαν

2490 4590 2574 4650 είς
2628 4586 2700 4638 τὰ
2747 4585 2949 4654 ἀρχεῖα
2993 4578 3389 4651 συνηθροικὼς,
3441 4577 3615 4630 ἐδεῖτο
3643 4574 3923 4627 διἀὑτῶν
3970 4572 4065 4625 τοῦ

2489 4677 2628 4731 Θεοῦ
2649 4673 3108 4743 διασκεδασθῆναι
3126 4671 3218 4724 τὸν
3236 4671 3519 4740 ἐφεστῶτα
3539 4669 3807 4739 ἐμφύλιον
3826 4669 4068 4737 πόλεμον

2491 4770 2588 4825 καὶ
2644 4770 2721 4840 μὴ
2771 4766 3075 4838 μεταϐῆναι
3116 4765 3150 4835 ἢ
3198 4766 3513 4834 ἀποπτῆναι
3563 4766 3626 4817 τὸ
3670 4764 3879 4833 κράτος
3930 4765 4066 4830 πρὸς

2454 4864 2458 4867 Α
2491 4861 2705 4931 ἕτερον,
2734 4859 2845 4911 τῶν
2872 4858 2930 4910 δὲ
2960 4857 3104 4910 κατὰ
3132 4855 3394 4925 πόλεμον,
3423 4854 3691 4926 ὴτημέλει
3722 4856 4064 4917 παντάπασι,

2495 4952 2595 5013 τὰς
2634 4948 2857 5011 ἐλπίδας
2890 4947 3073 5009 πάσας
3122 4944 3456 5000 ἑπανάπτων
3498 4947 3564 5014 τῇ
3616 4945 3922 5014 παντευχίᾳ
3970 4942 4065 4996 τοῦ

2496 5041 2831 5107 πνεύματοςο
2861 5040 2889 5091 6
2918 5038 2974 5091 δὲ
2998 5036 3074 5100 ὡς
3102 5039 3132 5089 6
3152 5036 3409 5107 καρκίνος
3435 5035 3534 5105 τὴν
3569 5036 3765 5088 πίνναν
3800 5036 4063 5096 πολλάκις

2490 5131 2679 5183 τοῦτον
2708 5129 2956 5191 διύπνιζε
2986 5128 3080 5181 καὶ⁵
3105 5127 3418 5180 ὑπονύττων
3446 5125 3719 5191 διανίστα,
3752 5126 3962 5178 πείθων
3992 5125 4063 5193 μὴ

2496 5222 2677 5274 πάντα
2702 5222 2815 5283 τοῖς
2841 5220 3016 5282 ἀϐίοις
3042 5218 3254 5281 τούτοις
3287 5219 3536 5289 θαρρεῖν,
3564 5217 3681 5270 ἀλλ’
3706 5219 3768 5269 ἐν
3794 5217 3878 5287 τῷ
3907 5217 4061 5286 μέρει

2496 5315 2589 5366 καὶ
2623 5311 2874 5382 στρατῶν
2908 5309 3266 5379 ἐπιμέλεσθαι
3295 5309 3391 5361 καὶ
3429 5306 3701 5377 φάλαγξιν
3728 5307 4062 5378 ὀπλομάχοις

2498 5403 2643 5456 κατὰ
2678 5402 2771 5455 τοῦ
2802 5402 3124 5456 ἀντιστάτου
3156 5398 3486 5471 κεχρῆσθαι,
3516 5400 3663 5464 ὅπως
3685 5400 3771 5471 ειη
3797 5400 3874 5470 μὴ
3908 5402 4061 5469 μόνον

2104 5560 2275 5622 Hier.
2316 5561 2519 5622 Wollii
2564 5567 2750 5623 notis.

894 5704 1007 5775 (50)
1066 5703 1239 5755 Ὅσοι
1294 5701 1475 5755 κίοσι.
1539 5698 1803 5754 Fortassis
1863 5698 1994 5752 ὡσεὶ
2062 5700 2238 5768 κίοσι,
2305 5701 2391 5755 vel
2438 5698 2635 5765 κίονες.
