4304 6354
181 422 288 487 745

1280 405 1379 467 DE
1420 393 1723 462 ISAACIO
1761 390 2063 451 ANGEID
2104 390 2230 451 LIB
2290 393 2335 452 I.

3331 384 3436 443 746

184 541 272 592 διὰ
306 536 418 589 τῶν
443 530 633 597 δεξιῶν
666 528 868 587 ὅπλων,
909 521 1018 577 τῶν
1052 516 1367 588 συνάρςεων
1393 511 1600 584 δηλαδὴ
1646 508 1760 562 τῶν
1786 504 1879 565 At

1742 524 1760 559 ν
1786 504 1837 565 Α
1862 506 2022 559 toriis
2054 504 2277 558 scriniis
2304 503 2625 572 deprompta
2659 501 2902 570 templis,
2948 515 3070 569 qua:
3117 515 3312 552 aurum
3349 500 3442 551 lia-

182 629 355 695 ἁγίων
403 622 634 687 ἀνδρῶν,
700 616 837 672 ἀλλὰ
887 612 980 665 καὶ
1017 610 1105 664 διὰ
1139 610 1249 662 τῶν
1295 604 1600 676 ἀριστερῶν
1643 600 1753 651 τῶν

189 694 611 787 κρατυνομένων
642 711 786 775 ξίφει
826 706 921 758 καὶ¹
953 703 1162 774 θώρακι
1190 700 1283 752 τὸν
1320 694 1754 761 ἀντικαθήμενον

189 781 449 876 πολέμιον
505 801 707 871 μετιὼν
736 838 750 861 ,
793 797 925 867 μηδὲ
966 793 1266 864 χρημάτων
1313 786 1585 845 ὑποτιθεὶς
1638 781 1757 876 φεί-

186 873 399 959 δεσοαι,
444 896 579 947 ἀλλὰ
615 892 711 945 καὶ
738 889 914 944 ταῦτα
946 884 1282 952 διαφθείρειν
1312 883 1391 943 είς
1424 873 1763 945 στρατευμά-

190 1008 301 1042 των
330 984 681 1049 συναγωγὴν,
722 983 847 1034 ἐπεὶ
878 978 973 1031 καὶ
1015 977 1145 1029 ἄνευ
1180 973 1287 1027 τῶν
1341 972 1463 1023 καθ’
1510 964 1647 1036 αἷμα
1682 964 1761 1033 τῷ

195 1075 413 1146 βασιλεῖ
458 1071 885 1139 συναπτομένων
920 1067 1017 1119 καὶ
1057 1067 1167 1118 τῶν
1212 1066 1330 1117 ὅσοι
1370 1063 1470 1122 τὰς
1519 1060 1763 1127 οἰκήσεις

197 1169 269 1235 μὴ
305 1167 465 1227 ὲκτδς
492 1161 639 1233 εἶχον
684 1162 786 1229 τῆς
830 1158 1058 1220 πόλεως,
1108 1156 1309 1214 πάντες
1356 1152 1639 1221 ὑπέκυψαν
1687 1150 1767 1219 τῷ

196 1260 405 1326 Βρανᾷ,
459 1257 568 1307 κάκ
618 1252 728 1305 τῶν
784 1251 985 1315 ἔξωθεν
1036 1249 1138 1301 οὐκ
1178 1243 1247 1317 ἦν
1277 1240 1770 1312 ἐπεισενέγκασθαι

197 1353 547 1417 στράτευμα.
583 1338 678 1404 Οἷς
721 1344 785 1413 δὴ
829 1342 926 1395 τοῦ
961 1340 1243 1408 Καίσαρος
1291 1337 1473 1403 λόγοις
1518 1332 1771 1402 καθάπερ

198 1440 469 1506 ἐνδελεχεϊ
528 1436 796 1505 βουπλῆγι
859 1430 1193 1500 τιτρὼμενος
1263 1426 1499 1497 ἀνένηψέ
1552 1443 1611 1477 τε
1676 1423 1771 1476 τοῦ

200 1533 374 1600 κάρου
426 1530 521 1581 καὶ
572 1528 671 1594 τῆς
709 1512 943 1592 ἀκηδίας
989 1522 1379 1591 μεθήρμοστο,
1425 1519 1521 1569 καὶ
1569 1514 1778 1585 ἧρξατο

202 1622 492 1687 συλλέγειν
526 1615 902 1684 συμμαχικόν.
937 1614 1029 1681 Μὴ
1056 1613 1310 1679 εὐπορεῖν
1342 1611 1401 1662 δὲ
1435 1610 1611 1674 λέγων
1644 1622 1777 1674 χρυσ

204 1712 399 1769 σίνων,
434 1711 499 1760 ὲκ
526 1706 635 1758 τῶν
668 1705 963 1775 βασιλικῶν
997 1702 1265 1772 ταμιείων
1307 1700 1556 1768 ἀργύρεα
1605 1695 1775 1764 σκεύη

204 1800 532 1869 ἀνελόμενος
560 1797 985 1867 παρακατέθετο
1012 1793 1188 1846 ταῦτα
1219 1793 1331 1851 τοῖς
1357 1789 1584 1859 χρυσίου
1613 1788 1779 1839 εὐποο

1868 598 2092 658 bebant,
2121 594 2529 665 oppignoravit,
2556 602 2613 647 et
2654 593 2944 662 pecuniam
2987 590 3113 645 inde
3161 601 3444 658 acceptam

1869 689 1934 743 ad
1962 688 2330 758 colligendum
2376 684 2679 740 exercitum
2711 683 3011 748 distribuit,
3040 680 3292 753 quamvis
3325 687 3450 749 post

1872 777 2157 831 victoriam
2196 789 2299 829 nec
2337 773 2627 843 pecuniam
2679 771 2918 825 restituit
2950 778 3007 826 et
3039 787 3163 825 vasa
3196 771 3286 824 illa
3320 769 3451 825 abs-

1874 872 2018 923 tulit.
2063 867 2348 921 Conradus
2386 880 2519 919 vero
2550 864 2748 934 exiguo
2785 873 3029 931 tempore
3061 864 3276 931 equites
3302 859 3452 915 Lati-

1876 974 1978 1012 nos
2008 959 2060 1010 in
2096 957 2229 1009 urbe
2268 956 2490 1009 circiter
2518 955 2645 1009 CCL
2682 955 2862 1023 coegit
2898 968 3090 1006 onmes
3118 954 3267 1006 viros
3293 951 3452 1007 belli-

1877 1050 2218 1111 cosissimos,
2238 1057 2291 1098 et
2321 1047 2534 1116 pedites
2566 1047 2625 1108 D,
2657 1063 2755 1099 nec
2787 1046 2943 1112 pauci
2968 1061 3034 1099 ex
3062 1044 3453 1106 Ismaelitis,et

1878 1139 2239 1194 Orientalium
2279 1137 2493 1192 Iberum
2529 1137 2708 1199 multi,
2742 1140 2831 1205 qui
2861 1134 3180 1206 negotiandi
3208 1148 3376 1189 causa
3397 1133 3453 1187 in

1884 1230 2075 1285 urbem
2134 1238 2439 1291 venerant,
2497 1228 2720 1281 nomina
2770 1227 2979 1299 militia:
3031 1226 3329 1281 dederunt.
3378 1223 3460 1277 Ex

1882 1338 2080 1391 genere
2118 1320 2425 1375 illustribus
2457 1328 2513 1373 et
2557 1318 2764 1387 alioqui
2801 1318 3064 1385 palatium
3108 1318 3461 1386 frequentare

1885 1414 2068 1468 solitis
2095 1413 2160 1465 ad
2196 1413 2344 1466 mille
2372 1411 2757 1467 connumerati
2796 1419 2948 1464 sunt.
2989 1408 3279 1464 Conradus
3326 1420 3460 1461 vero

1890 1514 2038 1559 tanta
2077 1504 2434 1557 contentione
2459 1504 2620 1572 500
2646 1504 2997 1572 imperatoris
3021 1511 3205 1572 partes
3233 1498 3466 1553 tuendas

1892 1596 2171 1663 suscepit,
2226 1605 2287 1647 ut
2336 1594 2407 1647 ab
2455 1595 2714 1647 omnibus
2769 1594 3035 1648 divinitus
3088 1594 3291 1647 missus
3342 1604 3466 1644 esse

1894 1695 2138 1756 tempore
2173 1687 2410 1740 maxime
2435 1687 2748 1740 necessario
2778 1685 3118 1740 crederetur.
3144 1684 3322 1753 Atque
3366 1682 3469 1734 ali-

1890 1778 2110 1846 quando
2124 1778 2191 1831 ad
2214 1779 2603 1847 imperatorem
2632 1778 3012 1831 comedentem
3041 1780 3468 1845 ingressuscum

208 1846 669 1963 ροῦσιιῗτεμένεσιῖ
683 1846 893 1939 διαὶ-τὰ
923 1883 1134 1937 ἐκεῖθεν
1165 1846 1495 1953 πορισθέντα
1524 1878 1786 1949 χρήματα
1821 1846 1861 1900 Β
1888 1886 1908 1923 ε

1766 1894 1786 1928 ι
1821 1846 1861 1900 Β
1888 1871 2134 1937 suspirio
2164 1846 2343 1921 dixit:
2376 1888 2393 1917 ι
2423 1869 2638 1923 Utinam
2672 1870 2744 1922 ita
2777 1885 2891 1923 rem
2924 1869 3180 1922 bellicam
3218 1880 3466 1928 curares,

204 1984 289 2044 είς
322 1982 591 2049 συλλογὴν
621 1978 849 2030 διέδωκε
881 1976 1166 2043 στρατιᾶς,
1214 1975 1318 2025 κᾶν
1362 1973 1591 2040 ὕστερον
1646 1969 1787 2038 μετὰ

206 2075 308 2141 τὴν
343 2076 505 2141 νίκην
543 2071 638 2123 καὶ
677 2071 737 2120 τὸ
776 2069 1001 2137 χρυσίον
1030 2068 1132 2118 οὐκ
1162 2065 1418 2118 ἀπέδωκε
1456 2063 1548 2115 καὶ
1582 2062 1646 2115 τὰ
1682 2078 1791 2113 πα-

215 2162 665 2234 ρακατατεθέντα
720 2162 986 2214 ἀνείλετο.
1058 2158 1281 2226 ’Δμέλει
1339 2160 1434 2209 καὶ
1485 2157 1544 2207 ὲν
1596 2155 1795 2226 βραχεῖ

208 2254 392 2323 καιρῷ
439 2256 467 2303 ὁ
502 2253 600 2319 μὲν
646 2248 929 2319 Κορραδος
978 2248 1088 2299 ἀπὸ
1136 2247 1247 2298 τῶν
1300 2245 1443 2298 κατὰ
1491 2247 1592 2314 τὴν
1630 2244 1790 2297 πόλιν

213 2344 525 2410 συναγήοχε
558 2326 811 2393 Λατίνων
846 2338 1079 2399 ἱππότας
1108 2336 1195 2408 [Ρ.
1222 2336 1349 2407 245]
1393 2338 1523 2407 περί
1554 2336 1688 2397 τοὺς
1714 2336 1795 2397 δὶς

212 2435 413 2489 ἑκατὸν
451 2434 547 2486 καὶ
584 2433 952 2498 πεντήκοντα,
994 2428 1203 2490 πάντας
1250 2428 1645 2497 ἀρειμανίους,
1700 2429 1794 2478 καὶ

214 2530 419 2592 πεζοὺς
458 2524 877 2582 πεντακοσίους,
909 2522 1024 2573 Οὐκ
1054 2519 1226 2587 ὀλίγοι
1257 2519 1301 2570 δ’
1325 2517 1793 2588 ἐστρατολογήθη-

216 2638 318 2674 σαν
344 2619 441 2670 καὶ
473 2618 582 2670 ἀπὸ
636 2598 998 2683 Ἰσμαηλιτῶν
1034 2612 1127 2665 καὶ
1169 2612 1280 2663 τῶν
1325 2612 1475 2680 ἑῴων
1531 2610 1755 2678 Ἰϐήρων
1779 2647 1795 2671 ,

216 2712 342 2763 κατ’
402 2706 674 2776 ἐμπορίαν
725 2703 1098 2773 στειλαμένων
1151 2702 1251 2772 τὴν
1307 2703 1365 2763 ἐς
1414 2702 1513 2769 τὴν
1553 2699 1799 2769 βασιλίδα

214 2803 327 2852 τῶν
356 2800 589 2851 πόλεων.
629 2799 700 2849 Τὸ
732 2797 787 2848 δὲ
830 2796 962 2865 περὶ
996 2795 1086 2847 τὸν
1134 2792 1361 2861 βασιλέα
1404 2791 1676 2858 ἐπίσημον
1720 2792 1799 2859 τῷ

216 2895 372 2959 γένει
415 2891 513 2942 καὶ
552 2889 730 2949 ἄλλως
785 2887 916 2955 περὶ
956 2886 1054 2954 τὴν
1105 2884 1380 2952 βασίλειον
1427 2882 1597 2952 αὐλὴν
1626 2880 1799 2933 εἱλούο

220 2999 389 3051 μενον
434 2983 565 3050 περὶ
607 2980 735 3039 τοὺς
781 2978 989 3046 χιλίους
1041 2977 1340 3045 ἠρίθμητο.
1392 2972 1672 3038 Τοσαύτην
1699 2971 1742 3023 δ’
1771 2973 1799 3023 ὁ

218 3074 505 3143 Κορρἁος
542 3070 686 3139 ὑπὲρ
717 3070 813 3122 τοῦ
862 3068 1194 3137 κρατοῦντος
1239 3066 1597 3135 εἰσηνέγκατο
1631 3079 1798 3115 σπουο

1890 1968 1949 2010 ιιι
1980 1956 2240 2010 alacriter
2274 1956 2339 2010 ad
2373 1972 2545 2010 cmnae
2574 1957 2829 2010 Iautieias
2858 1958 3106 2010 accurris
3128 1964 3184 2009 ct
3220 1955 3469 2007 animum

1894 2049 1947 2100 in
1982 2047 2183 2116 patinis
2219 2047 2409 2100 habes.
2446 2066 2464 2097 ι
2498 2047 2577 2100 Eo
2608 2046 2756 2099 dicto
2790 2046 3090 2115 imperator
3133 2044 3378 2104 erubuit,
3414 2051 3473 2096 ct

1894 2140 2174 2209 prehenso
2197 2139 2346 2192 illius
2380 2140 2547 2207 pallio
2575 2153 2700 2191 eum
2727 2137 2839 2191 risu
2864 2146 3057 2192 coacto
3073 2137 3209 2189 dixit
3233 2153 3245 2188 :
3274 2153 3291 2184 ι
3326 2135 3473 2188 lleus

1896 2240 1976 2294 tu,
2010 2244 2112 2283 suo
2148 2239 2397 2298 tempore
2439 2239 2494 2282 et
2537 2229 2884 2283 cenabimus
2934 2239 2990 2282 et
3048 2227 3404 2282 bellabianus.
3446 2243 3467 2277 ι

1898 2322 2036 2375 Tum
2063 2336 2283 2390 quoque
2312 2330 2530 2375 ostenta
2568 2329 2965 2390 apparuerunt.
3009 2320 3146 2374 Nam
3182 2319 3352 2373 stellae
3386 2318 3474 2370 in-

1898 2414 2078 2467 tcrdiu
2112 2422 2242 2467 sunt
2286 2424 2618 2482 conspectae,
2654 2428 2748 2467 aer
2800 2411 3153 2468 turbulentus
3195 2411 3321 2472 fuit,
3359 2409 3472 2465 cir-

1897 2506 2007 2558 culi
2043 2520 2181 2572 quas
2218 2520 2373 2558 areas
2415 2514 2615 2558 vocant
2661 2504 2833 2557 solem
2882 2502 3270 2568 ambiverunt;
3329 2500 3476 2554 unde

1900 2602 2085 2653 lumen
2144 2600 2262 2671 ejus
2318 2615 2428 2653 non
2477 2614 2675 2668 purum
2737 2596 2831 2651 sed
2901 2596 3161 2666 pallidius
3221 2593 3472 2648 emicuit.

1904 2692 2204 2761 Imperator
2251 2706 2381 2744 vero
2448 2698 2599 2743 tanto
2654 2687 2900 2742 exercitu
2964 2695 3158 2741 coacto
3203 2693 3475 2753 quantum

1903 2799 1989 2836 res
2021 2782 2297 2845 sinebant,
2328 2796 2436 2834 non
2470 2781 2682 2833 diutius
2708 2777 3079 2834 cunctandum
3113 2786 3169 2830 et
3197 2775 3301 2830 sub
3329 2784 3474 2829 tecto

1900 2874 2263 2928 desidendum
2299 2888 2420 2928 esse
2464 2882 2616 2927 ratus
2660 2881 2765 2937 est,
2794 2872 2889 2926 sed
2933 2869 3175 2924 vicissim
3206 2885 3356 2923 arma
3386 2883 3475 2922 se-

1901 2966 2119 3021 ditiosis
2184 2965 2491 3019 inferenda.
2563 2964 2750 3033 Itaque
2829 2964 3153 3017 thoracatus
3205 2963 3345 3015 intra
3410 2975 3477 3015 ea

1901 3058 2106 3112 mtenia
2137 3056 2339 3125 quibus
2372 3055 2585 3110 Manuel
2622 3055 2922 3124 imperator
2950 3053 3338 3108 Blachernium
3374 3067 3473 3121 pa-

217 3167 314 3234 δὴν
336 3166 483 3217 ὥστε
509 3163 856 3229 θεόπεμπτον
882 3159 1084 3229 ἀγαθὸν
1108 3164 1246 3211 κατὰ
1269 3160 1468 3227 καιρὸν
1484 3156 1561 3225 τῷ
1590 3155 1801 3225 βασιλεῖ
1826 3178 1869 3236 C
1902 3152 1917 3205 I

1774 3157 1801 3206 ηῖ
1826 3178 1869 3236 c
1902 3150 2096 3205 latium
2122 3149 2343 3210 muniit,
2368 3160 2521 3203 stans
2560 3147 2875 3217 hujusmodi
2905 3147 3162 3201 oratione
3210 3155 3474 3215 cognatos

220 3259 460 3309 ἐπιστὰν
500 3257 615 3315 τοῖς
650 3253 855 3304 ἅπασιν
909 3252 1205 3318 ἐλογίζετο.
1266 3251 1420 3303 Ἐστι
1478 3250 1523 3302 δ’
1571 3250 1657 3300 ὅτε
1724 3247 1800 3314 τῷ

220 3346 438 3414 βασιλεῖ
474 3343 711 3395 ἐσθίοντι
729 3340 1009 3407 ὲποφθεὶς,
1049 3361 1065 3388 ι
1089 3338 1214 3391 Εἴθε
1239 3339 1431 3400 οὕτως,
1460 3357 1479 3388 ι
1506 3337 1800 3390 ὑποστενά-

221 3432 317 3494 ξας
347 3430 564 3499 εἴρηκε,
600 3446 619 3478 ι
651 3427 757 3479 τῶν
788 3427 927 3479 κατὰ
957 3427 1049 3478 τὸν
1116 3429 1397 3495 ἐφεστῶτα
1434 3427 1666 3492 πόλεμον
1706 3428 1802 3477 έπ-

219 3522 445 3586 εμέλου,
465 3519 658 3587 ῶσπερ
682 3517 806 3586 γίνῃ
825 3516 1229 3585 τρεχέδειπνος,
1256 3517 1348 3567 ἐπὶ
1369 3515 1439 3566 τὰ
1463 3513 1801 3583 προκείμενα

224 3607 503 3676 βρώματα
551 3603 935 3671 λιχνευόμενος
980 3603 1076 3654 καὶ
1108 3602 1237 3668 ὃλην
1266 3604 1367 3667 τὴν
1397 3602 1653 3670 φροντίδα
1690 3606 1800 3664 τοῖς

224 3698 739 3763 παρακενουμένοις
795 3692 1069 3763 διαχαλῶν
1122 3693 1533 3759 δαιτρεύμασιν.
1570 3711 1588 3742 ι
1654 3692 1712 3744 Ὀ
1741 3693 1798 3744 δὲ

220 3785 567 3854 ἐρυθριάσας
589 3784 684 3836 ἐπὶ
701 3783 780 3853 τῷ
803 3786 1007 3853 ῥήματι
1041 3784 1216 3852 τούτῳ
1246 3784 1340 3836 καὶ
1371 3783 1799 3857 πυρῥωπότερος

221 3876 419 3942 φανεὶς
452 3874 651 3926 ἑαυτοῦ
686 3874 782 3925 καὶ
813 3875 1099 3942 μειδιάσας
1124 3874 1481 3942 βεϐιασμένον
1503 3875 1800 3928 ἐπελάϐετο

221 3967 325 4032 τῆς
352 3963 605 4032 χλανίδος
632 3964 729 4017 τοῦ
756 3965 1059 4033 Καίσαρος,
1086 3965 1184 4016 καὶ
1211 3964 1620 4034 διασεσοϐηκὼς
1645 3961 1799 4020 εἶπεν

217 4056 296 4116 ὡς
344 4071 364 4102 ι
407 4055 567 4105 Κατὰ
600 4053 815 4122 καιρὸν,
857 4046 902 4104 ὦ
932 4047 1106 4116 οὗτος,
1138 4053 1574 4122 ἑστιαθησόμεθά
1604 4072 1663 4107 τε
1704 4056 1797 4107 καὶ

226 4142 610 4210 μαχεσόμεθα.
652 4159 671 4191 ι
723 4142 1005 4208 Ἐγένοντο
1043 4142 1099 4193 δὲ
1140 4144 1235 4193 καὶ
1278 4142 1584 4212 διοσημεῖαι
1641 4161 1797 4213 τηνι-

222 4235 404 4286 καῦτα
427 4249 443 4265 ·
477 4234 693 4302 ἡμέρας
730 4234 839 4300 γὰρ
880 4233 1110 4302 ἀστέρες
1157 4233 1468 4302 ἐφάνησαν,
1506 4237 1596 4287 καὶ
1631 4238 1659 4287 ὁ
1689 4237 1796 4305 ἀὴρ

222 4321 551 4393 ταραχώδης
605 4320 784 4389 ὤφθη,
839 4322 932 4372 καὶ
972 4323 1101 4389 περὶ
1144 4322 1236 4374 τὸν
1282 4323 1432 4391 ἥλιον
1485 4325 1635 4395 πάθη
1674 4327 1795 4377 τινὰ

222 4413 646 4482 συμϐεϐήκασιν
700 4411 736 4463 ἃ
786 4429 953 4477 φασιν
1014 4414 1255 4479 ἅλωνας,
1316 4416 1393 4478 ὼς
1443 4418 1576 4484 μηδὲ
1606 4420 1796 4470 τοῦτον

1901 3249 1955 3294 et
1985 3240 2230 3309 proxime
2263 3248 2503 3292 astantes
2530 3239 2730 3292 milites
2764 3238 3115 3293 confirmavit
3141 3252 3155 3288 :
3181 3255 3199 3287 ι
3236 3234 3475 3290 Omnino

1902 3338 2147 3400 prastat,
2185 3330 2403 3398 Deoque
2434 3331 2642 3398 gratius
2675 3341 2781 3392 est,
2818 3339 2880 3384 ut
2928 3328 3140 3383 subditi
3191 3343 3290 3397 pro
3336 3327 3476 3398 legi-

1905 3422 2039 3476 timo
2069 3422 2394 3490 imperatore
2425 3420 2580 3490 501
2632 3430 2874 3489 pugnent
2924 3436 3089 3490 quam
3142 3435 3266 3473 cum
3328 3418 3478 3473 sedi-

1903 3516 2046 3568 tioso
2077 3530 2139 3567 ac
2168 3513 2345 3566 civilis
2372 3513 2495 3566 belli
2534 3523 2760 3565 auctore
2793 3528 2850 3565 se
2880 3513 3242 3582 conjungant.
3289 3510 3345 3564 Si
3378 3510 3475 3579 qui

1901 3618 2032 3657 vero
2064 3613 2191 3655 sunt
2217 3616 2450 3668 quorum
2480 3601 2648 3652 animi
2681 3600 2937 3652 vacillent
2968 3615 3032 3652 ac
3062 3598 3352 3661 lluctnent,
3376 3609 3476 3653 aut

1899 3692 2126 3746 omnino
2156 3690 2220 3742 ad
2255 3690 2583 3743 seditiosum
2641 3704 2835 3755 magno
2886 3691 3095 3757 impetu
3153 3687 3359 3742 amoris
3391 3686 3475 3741 fe-

1900 3792 2114 3843 rantur,
2136 3789 2194 3833 et
2220 3796 2383 3850 quem
2418 3782 2537 3833 heri
2568 3792 2628 3834 ut
2660 3782 2929 3849 mancipia
2976 3782 3261 3835 dominum
3289 3780 3475 3834 colue-

1899 3882 2049 3938 runt,
2074 3888 2199 3925 eum
2233 3872 2394 3926 hodie
2430 3874 2698 3942 rejiciant,
2723 3874 2791 3927 ab
2825 3874 2892 3926 iis
2916 3874 3262 3941 impetratam
3292 3874 3462 3928 velim

1900 3980 2014 4019 rem
2043 3963 2269 4015 omnino
2294 3965 2690 4033 aequissimam,
2722 3975 2780 4017 ut
2804 3964 2953 4017 domi
2993 3964 3251 4019 sedentes
3279 3964 3467 4019 neutri

1898 4056 2261 4126 Opitulentur,
2286 4057 2462 4110 donec
2492 4056 2677 4124 praelia
2704 4056 2977 4125 dirempta
3031 4057 3198 4110 fuerit
3243 4067 3467 4110 contro-

1896 4150 2094 4214 versia,
2130 4164 2193 4203 ac
2221 4158 2334 4201 tum
2368 4159 2427 4201 ut
2466 4150 2648 4201 cmtvri
2701 4164 2825 4202 cum
2871 4150 3081 4202 victore
3126 4164 3184 4203 se
3234 4151 3467 4220 conjun-

1897 4246 2053 4306 gant;
2086 4245 2182 4289 aut
2206 4238 2390 4289 statim
2427 4245 2554 4289 ante
2592 4251 2827 4305 pugnam
2850 4236 2915 4289 ad
2946 4236 3157 4290 hostem
3181 4237 3467 4292 abeaattac

1897 4342 1998 4396 pro
2020 4329 2137 4395 ejus
2170 4328 2345 4380 salute
2372 4327 2658 4384 dimicent,
2698 4341 2807 4393 quo
2833 4326 3059 4393 gratiam
3096 4327 3165 4380 ab
3190 4342 3257 4381 eo
3291 4328 3467 4382 victo-

1899 4420 2035 4471 riam
2076 4420 2273 4487 atlepto
2302 4421 2560 4486 majorem
2592 4416 2799 4469 ineant.
2834 4418 2967 4470 Nam
3004 4433 3090 4471 me
3125 4418 3347 4487 quidem
3376 4419 3461 4472 Ia-

221 4506 470 4572 ιαθαρὸν
492 4504 588 4554 καὶ⁸
619 4502 907 4562 ἀθόλωτον,
947 4504 1062 4554 ἀλλ’
1085 4504 1387 4572 ὠχρότερον
1412 4507 1795 4559 ἀποόισκεύειν
1827 4519 1871 4573 Ῑ)
1901 4510 1921 4562 ι

1760 4526 1795 4558 ,ν
1827 4519 1871 4573 ι)
1901 4510 2007 4563 hiis
2036 4511 2328 4573 honorare,
2363 4510 2530 4564 corde
2565 4526 2694 4563 vero
2748 4510 2904 4562 alteri
2960 4510 3208 4565 addictos
3248 4527 3369 4565 esse
3399 4528 3460 4567 ac

219 4599 284 4648 τὺ
324 4596 466 4660 φῶς.
516 4595 797 4664 Τοσαύτην
820 4595 888 4658 δ’,
938 4595 1012 4657 ὡς
1056 4596 1294 4648 ἐνεδίδου
1352 4598 1420 4648 τὰ
1471 4602 1793 4668 πράγματα,

223 4686 603 4757 συνηθροικὼς
648 4689 676 4738 ὁ
722 4687 974 4756 βασιλεὺς
1012 4688 1276 4753 στρατιὰν
1308 4688 1448 4753 ἔγνω
1484 4690 1557 4757 μὴ
1599 4692 1792 4743 ἀναδύ·

219 4779 385 4831 εσθαι
409 4782 505 4831 καὶ
533 4776 751 4845 μέλλειν
775 4780 946 4829 είσέτι
978 4781 1286 4847 καθήμενος
1312 4782 1642 4850 ὑπωρόφιος,
1679 4783 1793 4833 ἀλλ’

220 4882 284 4922 εν
316 4870 398 4937 τῷ
430 4871 589 4937 μέρει
623 4869 719 4921 κα)⁵
762 4870 927 4931 αὐτὸς
982 4870 1221 4939 ξιφήρης
1263 4872 1497 4939 ὀφθῆναι
1541 4872 1618 4942 τῷ
1664 4876 1798 4926 ἁπο-

220 4960 422 5029 στᾶτῃ.
450 4958 588 5020 Στὰς
611 4959 791 5011 τοίνυν
813 4958 1196 5027 θωρακοφόρος
1227 4958 1358 5011 εἵσω
1386 4959 1480 5010 τοῦ
1506 4960 1793 5029 περιϐόλου

216 5052 317 5119 τῆς
349 5051 582 5115 πόλεως,
614 5052 671 5103 ὃν
701 5052 729 5103 ὸ
766 5050 1024 5119 βασιλεὺς
1048 5052 1306 5122 ἀνήγειρε
1333 5053 1587 5124 Μανουὴλ
1612 5056 1792 5125 ἔρυμα

217 5146 331 5196 τῶν
368 5145 426 5194 ὲν
456 5142 787 5210 Βλαχὲρναις
821 5144 1081 5212 ἀρχείων,
1113 5144 1498 5216 παρεθάρρυνε
1522 5146 1703 5212 λόγοις
1732 5149 1793 5200 τὸ

224 5234 496 5301 συγγενὲς
560 5236 653 5285 καὶ
714 5234 775 5284 τὸ
829 5231 1121 5301 παρεστὼς
1184 5236 1416 5302 ἐγγύθεν
1471 5237 1787 5304 ὁπλιτικὸν,

218 5327 400 5380 τοιάδε
457 5325 993 5393 παρακελευόμενος
1046 5348 1064 5380 ι
1114 5330 1383 5396 Κρείσσόν
1424 5332 1538 5381 ἐστι
1587 5331 1791 5401 δήπου-

219 5422 338 5481 υεν,
376 5419 469 5469 καὶ
498 5419 649 5487 παρὰ
680 5436 741 5485 γε
776 5421 894 5490 θεῷ
933 5422 1344 5488 ἀνεπέγκλητον
1372 5462 1388 5488 ,
1419 5421 1515 5473 τοῦ
1549 5422 1789 5492 ἐννόμως

221 5508 565 5577 κρατοῦντος
596 5512 1048 5579 προκινδυνεύειν
1075 5513 1203 5573 τοὺς
1245 5512 1335 5563 ὑπ’
1363 5516 1560 5581 ἀρχὴν,
1593 5514 1625 5584 ἢ
1658 5516 1786 5580 γοῦν

217 5603 565 5671 προσρέπειν
588 5604 747 5672 ἀνδρὶ
776 5608 1109 5675 νεωτεριστῇ
1144 5606 1237 5656 καὶ
1266 5608 1385 5659 κατ’
1414 5605 1659 5674 αλλήλων
1694 5609 1786 5658 ὲκ-

213 5692 603 5760 πολεμὼσαντι
640 5696 699 5745 τὺ
721 5696 1093 5762 ὁμὸγλωττον.
1124 5696 1185 5749 Ei
1218 5696 1273 5749 δέ
1302 5714 1445 5760 τινες
1480 5695 1589 5749 εἷεν
1618 5716 1784 5768 μετα-

209 5786 593 5852 κυϋευομένην
622 5785 835 5851 ἔχοντες
867 5790 966 5856 τὴν
990 5789 1220 5856 γνώμην
1248 5789 1342 5839 καὶ
1374 5789 1781 5859 ἁμφιτὰλαντον

538 5882 807 5945 Parnm.
855 5886 971 5945 Gn.
1002 5884 1338 5948 CXXXIX.

1905 4617 2067 4655 omne
2102 4602 2343 4654 studium
2377 4602 2612 4663 deferre,
2654 4600 2798 4653 haud
2834 4601 2947 4653 scio
2977 4616 3043 4653 an
3077 4602 3147 4654 ab
3197 4603 3306 4654 ullo
3338 4618 3464 4671 pro-

1899 4696 2015 4748 bari
2044 4703 2139 4747 aut
2167 4696 2275 4747 Deo
2307 4694 2523 4760 placere
2570 4693 2760 4759 possit.
2810 4692 2907 4759 qui
2950 4693 3225 4760 aequitatis
3271 4709 3460 4748 amans

1899 4784 1952 4835 in
1985 4784 2288 4835 animorum
2324 4794 2570 4832 recessus
2608 4778 2855 4845 inquirit.
2906 4779 3038 4831 Nam
3077 4780 3147 4831 ab
3194 4796 3261 4834 eo
3308 4785 3456 4850 quod

1896 4874 1963 4926 iis
1993 4874 2149 4942 pejus
2172 4881 2255 4925 est
2282 4886 2344 4923 ac
2370 4871 2611 4922 omnium
2646 4857 3206 4936 impudentissimum,
3238 4872 3457 4926 animus

1896 4980 2112 5033 quoque
2142 4963 2420 5023 abhorret,
2442 4960 2699 5014 videlicet
2741 4976 2810 5013 ne
2840 4961 2932 5028 qui
2970 4976 3166 5029 pugna:
3201 4972 3451 5031 tempore

1896 5056 1960 5108 ad
2014 5064 2303 5125 tyrannum
2356 5051 2611 5106 deﬁciant
2666 5059 2723 5103 et
2777 5052 3037 5120 probatos
3093 5053 3260 5106 etiam
3304 5054 3453 5107 viros

1894 5148 2145 5215 exemplo
2176 5163 2274 5199 suo
2307 5152 2682 5213 corrumpant.
2712 5144 2770 5198 Id
2806 5145 2949 5212 quod
2995 5145 3049 5197 in
3093 5146 3285 5197 avibus
3328 5161 3451 5212 qua:

1894 5238 2153 5308 gregatim
2190 5237 2371 5288 volant
2394 5239 2659 5287 cernitur.
2692 5233 2827 5287 Nam
2858 5233 2950 5287 ubi
2994 5249 3098 5287 una
3122 5234 3447 5298 subvolarit,

1893 5329 2115 5398 reliquae
2143 5341 2333 5379 omnes
2377 5341 2482 5377 una
2519 5326 2778 5379 avolant:
2812 5326 2904 5378 ubi
2957 5339 3060 5376 una
3113 5324 3445 5387 consederit,

1892 5420 2115 5489 reliqua:
2146 5421 2305 5471 etiam
2339 5416 2643 5468 consident.
2683 5434 2700 5465 ι
2739 5415 2862 5468 ΙΙωο
2889 5423 3177 5482 propterea
3208 5415 3444 5478 dicebat,

1890 5512 2033 5581 quod
2093 5509 2353 5563 Joannem
2411 5506 2569 5577 502
2636 5507 3121 5559 sebastocratoreni
3192 5515 3443 5574 patruum

1889 5621 2047 5659 suum
2070 5612 2383 5671 suspectum
2409 5600 2642 5653 habebat
2669 5607 2727 5650 ut
2752 5608 2808 5652 et
2836 5598 3007 5652 veteri
3037 5597 3442 5653 necessitudine

1888 5707 1944 5752 et
1968 5696 2173 5751 recenti
2205 5693 2463 5745 :ullinilate
2490 5706 2612 5745 cum
2644 5690 2817 5743 Brana
2866 5691 3242 5757 conjunctum,
3286 5692 3441 5757 cujus

1890 5791 2053 5845 tiliam
2089 5804 2193 5842 non
2233 5787 2301 5840 ita
2338 5783 2545 5854 pridem
2573 5784 2684 5837 lilio
2705 5797 2805 5835 suo
2825 5781 3208 5852 desponderat.
3234 5778 3443 5844 Quibus

3063 5874 3133 5937 9t
