4284 6370
207 423 315 488 749

1281 412 1377 473 DE
1420 410 1721 473 ISAACIO
1762 409 2063 469 .\.\'GELO
2099 410 2247 468 LIB.
2288 410 2335 470 l.

3324 410 3431 472 750

208 539 238 588 6
288 531 565 605 Κορῤάδος
622 529 983 592 διακινςῖται,
1040 526 1427 595 φοινικοϐαφές
1470 527 1607 593 μετά
1654 523 1762 576 τῶν
1790 525 1833 580 Α
1866 536 1900 589 p

1744 525 1833 580 υΑ
1866 536 2100 589 pugnam
2171 519 2359 573 inituri
2414 518 2631 573 lanceas
2681 518 2851 573 instar
2908 518 3075 571 turris
3139 528 3436 573 erexerunt

207 628 357 693 αὐτῷ
394 625 661 678 συνόντων
687 623 932 676 Λατίνων
960 620 1021 673 τδ
1050 619 1159 673 τῶν
1184 620 1365 672 ὃπλων
1398 621 1535 686 ἔχων
1567 620 1762 683 ἐπίση-

210 732 332 783 μον.
368 712 538 773 Αὐτὸς
567 712 749 779 μέντοι
776 711 905 764 ἀνευ
942 708 1137 777 θυρεοῦ
1171 709 1471 778 τηνικαῦτα
1509 708 1734 776 διηγωνί
1754 733 1767 745 -

203 805 351 867 ζετο,
384 808 447 856 ἐκ
464 803 519 854 δέ
546 802 692 855 λίνου
722 801 1091 869 πεποιημένον
1113 801 1339 869 ὕφασμα
1361 802 1489 868 οϊνῳ
1512 797 1768 866 αὐστηρῷ

210 894 413 954 ἱκανῶς
441 895 716 963 ὴλισμένῳ
754 892 1041 961 διάϐροχον
1086 892 1349 951 πολλάκις
1398 890 1768 958 περιπτυχθέν

210 984 371 1049 δίκην
420 983 667 1052 θώρακος
706 980 952 1033 ἐνεδύετο
982 997 996 1011 ·
1056 984 1113 1043 ἐς
1146 981 1403 1034 τοσοῦτον
1444 982 1488 1031 6‘
1520 977 1586 1047 ἦν
1618 983 1767 1032 ἀντι-

210 1069 385 1131 τυπές
437 1070 560 1122 άλσὶ
616 1070 710 1120 καὶ
753 1069 881 1136 οἴνῳ
928 1069 1268 1138 συμπιληθέν
1321 1072 1393 1129 ὡς
1441 1071 1535 1124 καὶ
1584 1070 1769 1137 βέλους

211 1156 357 1212 εἶναι
412 1161 614 1222 παντὸς
680 1160 1086 1228 στεγανώτερον
1138 1176 1153 1191 ο
1199 1158 1535 1229 ἠριθμοῦντο
1591 1160 1635 1212 δ’
1694 1162 1772 1222 είς

206 1252 585 1307 ὀκτωκαίδεκα
604 1254 698 1304 καὶ
727 1252 879 1323 [247]
903 1252 1072 1303 πλείω
1092 1251 1157 1303 τά
1174 1253 1267 1303 τοῦ
1287 1252 1605 1319 ὑφάσματος
1632 1269 1771 1319 συμ-

206 1345 529 1411 πτύγματα.
583 1344 820 1412 Ποιήσας
863 1342 919 1393 δέ
951 1342 1010 1393 τὸ
1057 1342 1379 1409 μεταίχμιον
1430 1341 1775 1411 βραχύτερον

212 1436 373 1495 αὖθις
424 1435 662 1487 ἵσταται.
718 1435 829 1486 Kal.
868 1433 993 1484 ἐπεὶ
1030 1434 1079 1483 οί
1110 1433 1214 1498 μὶν
1252 1433 1405 1495 πεζοὶ
1434 1434 1533 1489 τὰς
1574 1434 1776 1500 λόγχας

207 1528 288 1588 ὡς
320 1527 457 1595 πρὸς
494 1526 816 1594 συμπλοκὴν
867 1526 1173 1591 ἀνέστησαν
1218 1526 1495 1596 πυργηδὸν
1526 1542 1775 1593 παρατα-

209 1616 438 1684 ξάμενοι
458 1618 650 1683 (ἀσπὶς
677 1616 785 1682 γὰρ
812 1615 1017 1667 ἀσπίδα
1042 1618 1134 1667 καὶ
1164 1617 1330 1683 κόρυς
1350 1615 1553 1685 κόρυθα
1571 1616 1772 1685 ἤρειδε,

208 1706 308 1757 καὶ
356 1706 405 1755 oi
448 1704 637 1771 θυρεοὶ
679 1703 932 1771 ἀλληλοις
965 1705 1285 1771 συνέμυον),
1313 1705 1361 1755 oi
1392 1704 1448 1755 δὲ
1482 1705 1663 1765 ἱππεῖς
1707 1706 1775 1756 τά

204 1797 410 1865 δόρατα
462 1794 835 1863 ηγκωνίσαντο
869 1796 965 1845 καὶ
1000 1794 1066 1843 τὰ
1096 1794 1205 1844 τῶν
1234 1795 1412 1845 ποδῶν
1438 1796 1634 1863 κέντρα
1667 1798 1776 1855 τοῖς

206 1883 399 1944 ἵπποις
422 1884 730 1951 ἐνέπειραν,
756 1881 857 1949 ήδη
889 1880 945 1932 δέ
975 1882 1067 1932 καὶ
1104 1881 1165 1931 τὸ
1191 1880 1282 1931 τοῦ
1316 1880 1576 1947 βασιλέως
1596 1880 1779 1945 τάγμα

206 1973 590 2040 ἐπηκολούθει,
615 1970 736 2022 οὺδέ
759 1972 857 2037 τὴν
880 1970 1102 2038 πρώτην
1130 1970 1410 2038 ἔμπτωσιν
1426 1970 1521 2022 τοῦ
1545 1972 1674 2038 περὶ
1688 1970 1781 2021 τὸν

208 2064 495 2134 Κορῤἀδον
552 2062 931 2124 ὀπλιτεύοντος
981 2061 1209 2123 πεζικοῦ
1270 2061 1390 2113 οὐδὲ
1455 2063 1550 2131 τὴν
1604 2064 1780 2131 ῥόθιον

209 2157 516 2223 ἐπαγωγὴν
544 2155 654 2209 τῶν
699 2156 915 2207 ἱππέων
947 2156 997 2206 οἱ
1035 2156 1162 2222 περὶ
1187 2153 1279 2205 τὸν
1310 2154 1521 2223 Βρανᾶν
1552 2156 1781 2223 ὑπενεγ-

210 2246 404 2307 κόντες
427 2288 443 2311 ,
484 2247 555 2298 τά
588 2246 735 2296 νῶτα
772 2244 1177 2311 μεταϐαλόντες
1211 2244 1618 2298 διασκίδνανται
1646 2266 1659 2277 ·
1689 2250 1781 2299 ἐπὶ

208 2339 265 2389 δὲ
293 2337 507 2397 τούτοις
547 2338 641 2387 καὶ
665 2336 733 2387 τά
758 2335 921 2386 λοιπὰ
953 2333 1345 2403 διαθροηθέντα
1374 2337 1632 2405 τάγματα
1666 2338 1785 2405 τρέ-

211 2428 431 2479 πονταί
464 2428 600 2497 πρὸς
652 2430 852 2496 φυγήν.
902 2428 1074 2489 Λύτὸς
1122 2428 1167 2479 δ’
1214 2431 1241 2479 6
1278 2429 1491 2495 Βρανᾶς
1542 2431 1783 2495 γεγωνὸν

212 2518 499 2586 κεκραγὼς
541 2519 637 2570 καὶ
670 2518 943 2584 διάτορον,
979 2535 997 2566 ι
1032 2517 1531 2585 Στῆσε,⁹ί⁵ωμαίοι·
1565 2520 1785 2584 πλείους

211 2607 323 2676 γὰρ
354 2606 489 2677 πρὸς
525 2606 817 2666 ἐλάττονας
848 2606 1220 2675 μαχεσόμεθα,
1252 2611 1347 2659 καὶ
1378 2609 1591 2677 πρῶτος
1609 2609 1783 2675 ἔγωγε

212 2699 358 2748 κατά
406 2695 516 2747 τῶν
566 2696 813 2747 ἐνωπίων
854 2696 1076 2765 ἐμϐαλῶ
1117 2697 1424 2764 πολεμίων,
1466 2717 1485 2745 ι
1541 2701 1634 2751 καὶ
1668 2700 1784 2767 ἄμα

210 2787 355 2855 δρών
383 2787 412 2837 ὂ
443 2787 749 2850 ὑπετίθετο,
773 2787 1169 2856 παλίνοτροφον
1196 2789 1296 2854 μέν
1324 2789 1515 2842 ούδένα
1538 2793 1785 2859 ποιήσειν

216 2880 433 2949 ἴσχυσε,
465 2884 608 2933 κατὰ
633 2881 689 2931 δέ
718 2879 812 2931 τοῦ
841 2881 1124 2949 Κορῤἀδου
1166 2882 1301 2948 ἄτερ
1344 2880 1575 2947 κόρυθος
1619 2897 1784 2949 μαχο-

220 2970 391 3037 μένου
424 2968 487 3017 τὸ
515 2966 644 3034 δόρυ
677 2965 882 3027 ίθυνεν,
920 2966 982 3017 οὐ
1023 2966 1252 3033 καιρίως
1296 2964 1341 3016 δ’
1391 2966 1605 3028 ἔϐαλεν,
1650 2968 1785 3019 άλλά

216 3062 280 3110 τὸ
342 3059 442 3125 μέν
473 3058 563 3108 τὸν
613 3056 709 3107 τοῦ
750 3057 1029 3123 Καίσαρος
1076 3050 1227 3125 ὦμον
1264 3058 1583 3126 παραεέσαν
1635 3058 1786 3111 ἅλιον

1870 616 2020 675 (nam
2071 615 2282 681 clipeus
2324 612 2585 679 clipeum,
2635 609 2784 679 galea
2828 610 3035 679 galeam
3092 611 3339 678 urgebat,
3377 623 3433 664 et

1870 716 2020 758 senta
2058 704 2479 770 eollidebantnr)
2512 709 2566 753 et
2594 700 2811 768 equites
2861 701 3093 753 subditis
3128 701 3436 755 calcaribus

1870 815 2039 868 equos
2065 796 2287 851 directis
2316 798 2480 849 hastis
2504 796 2871 856 concitarunt,
2894 795 3245 863 imperatoria
3273 797 3437 849 etiam

1872 892 2081 959 legione
2110 890 2429 951 subsm'uta;
2456 886 2642 939 Branze
2671 888 2892 949 milites,
2924 902 2990 938 ne
3016 887 3192 955 primo
3214 887 3438 956 quidem

1874 984 2077 1048 impetu
2113 979 2395 1032 Corradini
2427 978 2704 1031 exercitus
2729 978 2980 1032 tolerato.
3003 976 3252 1031 obversis
3278 978 3443 1046 tergis

1874 1072 2228 1138 dissipantur.
2256 1070 2451 1121 deinde
2483 1076 2692 1123 cetera:
2714 1068 2877 1119 etiam
2912 1068 3154 1136 legiones
3182 1069 3236 1121 in
3264 1067 3441 1137 fugam

1875 1171 2188 1218 vertuntur.
2226 1161 2429 1213 Branas
2474 1173 2603 1212 vero
2639 1167 2841 1227 quanta
2894 1172 3025 1210 voce
3072 1165 3287 1226 poterat
3333 1157 3477 1210 cla-'

1876 1254 2111 1307 mitans:
2148 1270 2165 1301 ι
2194 1250 2365 1310 State,
2385 1248 2648 1301 Romani:
2676 1250 2861 1318 plures
2891 1247 3037 1301 enim
3068 1263 3191 1301 cum
3224 1248 3448 1317 paucio-

1878 1342 2034 1395 ribus
2070 1338 2450 1407 pugnabimus,
2471 1345 2525 1389 et
2556 1336 2763 1403 primus
2783 1351 2884 1405 ego
2915 1335 3125 1388 hastam
3156 1336 3207 1389 in
3236 1338 3445 1391 hostem

1880 1431 2129 1492 vibrabo,
2164 1424 2185 1480 ι’
2223 1430 2386 1497 idque
2445 1426 2593 1496 quod
2646 1427 2782 1479 alios
2834 1428 3091 1482 monebat
3114 1443 3445 1497 exsequens,

1881 1523 2152 1577 neminem
2184 1535 2313 1572 sane
2345 1536 2373 1571 a
2403 1520 2526 1584 fuga
2567 1517 2866 1576 revocavit.
2908 1519 3001 1571 sed
3048 1520 3156 1572 telo
3198 1520 3252 1572 in
3301 1520 3452 1573 Con-

1883 1614 2071 1665 radnm
2111 1610 2227 1661 sine
2257 1610 2407 1675 galea
2442 1617 2772 1674 pugnantem
2808 1607 3020 1660 directo
3052 1624 3157 1661 non
3192 1610 3449 1663 letltalem

1885 1704 2052 1754 ictum
2092 1700 2164 1751 illi
2201 1699 2403 1757 intulit.
2442 1698 2533 1749 sed
2560 1699 2792 1750 (La-saris
2836 1697 2995 1767 505
3045 1699 3277 1753 humero
3329 1718 3452 1767 pcr-

1882 1791 2071 1844 stricto
2101 1792 2264 1842 telum
2293 1806 2323 1841 e
2356 1789 2606 1842 manibus
2636 1790 2835 1842 amisit.
2860 1792 2928 1843 At
2954 1792 3042 1843 ille
3067 1792 3276 1845 hastam
3297 1809 3450 1847 suam

1886 1891 2118 1949 utraque
2170 1896 2331 1933 manu
2388 1880 2717 1948 prebensarn
2767 1879 2840 1932 ita
2893 1882 2944 1933 in
2998 1881 3187 1936 Branze
3234 1886 3452 1939 maxilla

1882 1974 2089 2042 deﬁgit,
2119 1983 2176 2024 ut
2206 1972 2399 2024 oborta
2440 1972 2706 2041 vertigine
2743 1986 2887 2040 equo
2930 1974 3367 2042 praacipitaretur
3396 1985 3453 2030 et

1881 2084 1911 2121 a
1946 2067 2276 2121 satellitibus
2325 2065 2558 2119 Caesaris
2613 2063 3027 2118 confoderetur.
3084 2064 3274 2127 Aiunt,
3316 2082 3451 2120 cum

1883 2160 2061 2229 primo
2084 2158 2312 2209 vulnere
2348 2165 2571 2223 accepto
2605 2164 2836 2208 mortem
2866 2156 3281 2225 deprecaretur,
3310 2157 3454 2213 Con-

1883 2250 2076 2304 radum
2105 2264 2229 2301 eum
2265 2248 2407 2299 bono
2445 2247 2626 2299 animo
2657 2261 2777 2300 esse
2803 2246 3053 2315 iussisse,
3087 2263 3268 2317 neque
3304 2250 3451 2303 enim

1884 2340 2179 2407 quidquam
2250 2338 2471 2406 gravius
2511 2351 2674 2403 quam
2715 2336 2911 2404 capitis
2963 2339 3365 2392 truncationem
3402 2341 3455 2393 ei

1885 2427 2240 2482 metuendum
2263 2440 2412 2481 esse:
2438 2425 2598 2491 idque
2626 2425 2809 2477 statim
2838 2424 3059 2479 accidit.
3091 2425 3147 2479 ln
3172 2428 3261 2482 illa
3283 2428 3457 2482 eﬂ'usa

1887 2518 2013 2587 fuga
2046 2515 2357 2586 proximum
2385 2527 2716 2582 quemquam
2756 2513 2986 2581 quilibet
3019 2517 3258 2582 occidit;
3290 2518 3456 2587 idque

1885 2607 2157 2677 principio
2188 2604 2326 2673 fuge
2356 2603 2619 2655 duntaxat
2659 2602 2861 2656 factum
2906 2619 3016 2658 non
3061 2606 3292 2661 ulterius
3327 2622 3456 2677 pro-

1885 2698 2069 2752 cessit.
2099 2696 2232 2750 Nam
2252 2704 2309 2748 ct
2334 2693 2565 2748 Romani
2585 2703 2815 2763 cognato
2841 2696 3089 2764 sanguini
3123 2699 3456 2765 parcebant;

1886 2798 1943 2840 et
1981 2788 2015 2839 ii
2047 2800 2186 2855 quos
2224 2784 2718 2853 persequebantur,
2747 2786 2949 2853 quippe
2988 2803 3075 2841 res
3102 2789 3298 2856 capitis
3328 2806 3459 2860 age-

1887 2878 2070 2940 batur,
2094 2893 2303 2932 summa
2325 2876 2674 2930 festinatione
2698 2876 3067 2944 aufugiebant.
3087 2879 3275 2934 Castra
3299 2897 3327 2934 a
3345 2881 3460 2936 vic-

1894 2968 2109 3022 toribus
2155 2968 2369 3035 direpta
2397 2976 2544 3029 sunt,
2592 2982 2692 3019 nec
2744 2967 3012 3021 militibus
3058 2968 3323 3025 duntaxat
3362 2972 3460 3026 sed

1890 3060 2113 3114 urbanae
2158 3058 2323 3113 etiam
2355 3057 2696 3110 multitudini
2744 3058 2941 3127 prada:
2992 3059 3233 3114 fuerunt.
3268 3063 3326 3117 In
3358 3063 3463 3118 hac

216 3147 328 3198 τῶν
358 3147 571 3197 ἐκείνου
610 3150 810 3215 χειρῶν
852 3146 1085 3216 ἐξερρύη
1109 3187 1122 3210 ,
1160 3151 1187 3200 6
1220 3147 1265 3200 δ’
1298 3149 1639 3217 ἀμφοτέραις
1689 3150 1783 3201 τοῦ
1811 3180 1856 3242 C
1890 3169 1908 3221 1

1768 3150 1856 3242 BC
1890 3168 2070 3221 pugna
2100 3150 2497 3205 Constantinus
2537 3150 2820 3203 Stethatus
2868 3151 3147 3213 occubuit,
3197 3154 3351 3210 hasta
3404 3156 3460 3211 in

218 3236 427 3287 οἰκείου
467 3236 664 3299 ξυστοῦ
697 3236 1003 3303 λαϐόμενος
1027 3240 1350 3306 ἐμπήγνυσι
1389 3239 1548 3290 τοῦτο
1579 3242 1643 3309 τῇ
1682 3258 1785 3292 πα-

222 3328 354 3395 ρειᾷ
381 3328 476 3378 τοῦ
505 3327 709 3395 Βρανά,
741 3330 837 3379 καὶ
878 3328 1195 3396 σκοτοδίνης
1224 3331 1434 3380 ἐκεῖνον
1456 3331 1785 3398 ἐμπίπλησι,

1892 3244 2114 3311 inguine
2142 3243 2483 3305 vulneratus,
2513 3243 2595 3293 vir
2630 3242 2813 3325 bonus
2838 3254 2893 3297 et
2944 3245 3157 3311 suavis;
3209 3250 3302 3316 qui
3334 3264 3460 3304 cum

1890 3332 2143 3387 Anchiali
2175 3334 2472 3401 provincia:
2525 3344 2803 3401 praeesset,
2851 3334 3079 3391 Branam
3117 3355 3223 3393 non
3263 3350 3461 3410 spontc

218 3418 318 3468 καὶ
366 3418 797 3488 κατακρημνίζει
835 3418 931 3470 τοῦ
972 3420 1140 3471 ἵππου
1186 3420 1417 3489 Βρανᾶν.
1470 3422 1542 3472 Τὸ
1586 3420 1632 3473 δ’
1684 3422 1789 3474 ἀπὸ
1892 3438 1910 3475 ε

1767 3422 1789 3474 6
1892 3434 2136 3487 secutus,
2170 3438 2272 3476 nec
2302 3422 2426 3491 ipsi,
2472 3433 2530 3475 ut
2579 3424 3021 3492 exspectabatur,
3064 3431 3459 3498 commodavit,

216 3506 378 3558 τοῦδε
409 3507 769 3575 περιστάντες
804 3508 969 3558 αὑτὸν
994 3510 1041 3559 οἱ
1071 3511 1359 3581 δορυφόροι
1390 3510 1484 3563 τοῦ
1516 3514 1790 3583 Καίσαρος

221 3600 731 3669 καταδορατίζουσι.
785 3603 923 3652 Φασὶ
982 3601 1041 3653 δὲ
1084 3603 1161 3662 ώς
1217 3604 1271 3652 ἐν
1312 3603 1388 3671 τῷ
1418 3606 1651 3673 πρώτως
1685 3607 1788 3657 ὑπὸ

220 3690 507 3758 Κορῤἀδου
546 3691 825 3760 τ’ρωθῆναι
861 3692 957 3760 τὴν
996 3694 1255 3763 τελευτὴν
1305 3698 1560 3764 πτοηθείς
1604 3701 1787 3766 ίκετη-

225 3775 385 3842 ρίασε
443 3775 657 3845 Βρανᾶς
708 3779 803 3829 τοῦ
852 3780 926 3846 μὴ
971 3779 1247 3843 τεθνάναι,
1286 3784 1379 3834 τὸν
1418 3784 1476 3836 δέ
1509 3785 1786 3853 Κορράδον

222 3865 425 3933 ἐκείνῳ
458 3864 535 3935 μὴ
563 3867 763 3937 χρῆναι
787 3869 1019 3921 δεδιέναι
1047 3871 1446 3939 ἀποκρίνασθαι
1482 3889 1493 3901 ·
1523 3876 1644 3927 οὐδὲ
1676 3878 1785 3943 γάρ

220 3956 385 4025 ἀὴδές
420 3974 472 4009 τι
500 3960 750 4011 πείσεται
778 3960 966 4027 ἕτερον
990 3962 1020 4030 ἢ
1049 3961 1149 4031 τὴν
1180 3964 1423 4032 κεφαλὴν
1453 3965 1611 4033 μόνον
1644 3968 1781 4019 ἀπο-

220 4054 552 4115 κοπησεται.
600 4050 665 4100 '0
699 4051 794 4103 καὶ
820 4051 1166 4121 παραχρῆμα
1204 4054 1491 4107 πέπονθεν.
1514 4056 1781 4122 Ἀκόσμου

218 4138 281 4188 δέ
325 4139 426 4207 τῆς
468 4139 651 4207 φυγῆς
712 4143 1011 4209 γενομένης
1054 4143 1285 4205 ἕκαστος
1332 4144 1424 4197 τὸν
1462 4146 1584 4198 καθ’
1621 4150 1783 4200 αὐτόν

218 4227 436 4281 διώκων
484 4228 702 4299 ἀνῄρει.
741 4229 911 4281 Τοῦτο
961 4230 1018 4282 δὲ
1060 4233 1374 4301 ἀρχομένης
1414 4236 1629 4303 συμϐάν
1683 4242 1781 4307 τῆς

219 4322 433 4390 τροπῆς
480 4320 543 4372 ού
608 4322 920 4389 περαιτέρω
968 4322 1281 4391 προϐέϐηκε
1316 4341 1329 4355 ·
1380 4329 1473 4379 καὶ
1520 4328 1779 4397 Ῥωμαῖοι

220 4414 335 4483 γὰρ
396 4411 692 4481 ὁμογενοῦς
748 4412 1019 4480 ἐφείδοντο
1060 4416 1322 4484 αἵματος,
1371 4419 1464 4469 καὶ
1508 4421 1661 4473 αὐτοὶ
1721 4424 1778 4475 δὲ

220 4503 274 4554 οἱ
332 4502 653 4571 διωκόμενοι
709 4503 802 4554 τὸν
876 4505 1005 4571 περὶ

223 4597 445 4662 ἀπάσης
490 4594 667 4663 ὁρμῆς
720 4594 1139 4661 ἀπεδίδρασκον.
1205 4598 1563 4651 Ἐσκύλευται
1604 4599 1698 4654 οὖν
1750 4605 1779 4654 ὁ

219 4686 400 4754 χάραξ
428 4685 533 4736 ὑπὸ
561 4685 668 4735 τῶν
701 4684 998 4746 νικώντων,
1036 4687 1131 4736 καὶ
1166 4688 1242 4747 είς
1268 4688 1573 4758 διαρπαγὴν
1604 4692 1783 4743 ἐκκεί-

225 4792 388 4844 μενος
417 4770 483 4842 ἦν
512 4774 573 4823 οὑ
607 4773 765 4841 μόνον
802 4776 910 4835 τοῖς
935 4774 1029 4825 τοῦ
1063 4776 1324 4843 βασιλέως
1355 4780 1778 4847 στρατεύμασιν,

219 4867 357 4917 ἀλλά
392 4867 486 4917 καὶ
516 4866 627 4927 τοῖς
661 4866 1011 4933 ἐκχεομένοις
1046 4868 1455 4931 άστυπολίταις.
1516 4872 1780 4941 ’Ᾱνλιρεί-

218 4974 310 5008 ται
339 4957 397 5009 δέ
429 4957 571 5008 κατὰ
606 4958 797 5008 τοῦτον
836 4958 925 5010 τὸν
958 4957 1196 5026 πόλεμον
1238 4962 1331 5011 καὶ
1367 4962 1780 5027 Κωνσταντῖνος

218 5052 245 5100 ὁ
270 5048 565 5118 Στηθάτος,
603 5053 732 5117 περὶ
766 5049 857 5101 τὸν
887 5048 1131 5117 βουϐῶνα
1161 5050 1327 5120 λόγχῃ
1356 5054 1605 5120 τρωθεὶς,
1644 5054 1780 5122 ἀνὴρ

218 5140 425 5209 ἀγαθὸς
470 5143 564 5193 καὶ
597 5141 858 5209 μείλιχος,
894 5142 952 5205 ὃς
988 5143 1191 5196 διέπων
1232 5145 1331 5212 τὴν
1379 5144 1649 5215 ἐπαρχίαν
1680 5148 1778 5215 τῆς

1892 3528 1994 3565 nec
2068 3515 2421 3581 semetipsum
2500 3515 2880 3578 conservavit,
2945 3518 3240 3584 quominus
3310 3520 3462 3575 ferro

1892 3601 2165 3664 interiret,
2191 3603 2443 3669 quamvis
2469 3604 2867 3673 astrologorum
2912 3605 3033 3673 ejus
3081 3610 3258 3663 etatis
3300 3608 3464 3682 506

1889 3693 2179 3762 princeps;
2231 3693 2489 3745 nimirum
2539 3696 2799 3763 scrupulo
2853 3698 3039 3765 aliquo
3088 3701 3460 3756 minutissima

1888 3784 2153 3851 deceptus
2187 3783 2243 3836 in
2274 3784 2511 3836 tentorio
2537 3795 2831 3850 manserat,
2868 3787 3078 3842 hostem
3110 3791 3455 3859 ingruentem

1890 3875 2031 3927 nihil
2066 3875 2285 3928 timens.
2315 3875 2614 3928 Ferebatur
2648 3886 2830 3930 autem
2856 3878 3045 3933 Brana:
3077 3895 3141 3933 ex
3174 3882 3307 3935 artis
3352 3883 3456 3937 ob-

1885 3965 2196 4020 servatione
2226 3966 2538 4034 praadixissc
2566 3964 2682 4017 fore
2714 3975 2773 4018 ut
2818 3982 2885 4020 eo
2912 3968 3000 4021 die
3042 3971 3232 4024 urbem
3275 3974 3456 4043 ingre-

1886 4058 2112 4111 deretur
2133 4068 2187 4109 et
2210 4072 2405 4125 magno
2432 4072 2553 4110 curn
2580 4058 2868 4124 splendore
2897 4061 3275 4128 triumpharet.
3297 4065 3451 4130 Quod

1886 4159 2070 4202 utrum
2128 4148 2329 4201 dixerit
2364 4163 2555 4210 necne,
2580 4147 2846 4202 aﬂirmare
2893 4167 2999 4204 non
3046 4169 3299 4220 possum:
3326 4159 3452 4212 novi

1884 4237 2028 4290 enim
2064 4238 2217 4289 fanne
2258 4252 2362 4289 non
2399 4252 2615 4304 semper
2651 4237 2703 4289 in
2760 4238 3069 4307 huiusmodi
3132 4246 3451 4302 rumoribus

1886 4327 2046 4379 fidem
2078 4326 2378 4378 habendam
2408 4341 2548 4379 esse.
2583 4326 2687 4378 Sed
2718 4327 2761 4379 si
2807 4328 2897 4381 illa
2928 4331 3065 4382 dixit
3106 4349 3226 4401 qua:
3259 4335 3448 4390 ferun-

1889 4426 1995 4480 tur,
2027 4426 2179 4468 vates
2210 4415 2398 4481 utique
2430 4415 2693 4485 deceptus
2724 4426 2828 4480 est,
2865 4428 2921 4470 ut
2970 4436 3056 4471 res
3108 4422 3219 4488 ipsa
3264 4424 3446 4479 decla-

1085 4504 1264 4573 ψυχῆς
1321 4508 1600 4575 τρέχοντες
1660 4512 1780 4578 μεθ’
1813 4520 1855 4574 ι)
1888 4507 2049 4571 ravit,
2096 4506 2198 4560 nisi
2230 4507 2353 4575 quis
2387 4506 2527 4561 forte
2557 4507 2777 4577 astrolog

1751 4512 1780 4559 ι’
1813 4520 1855 4574 ι)
1888 4507 2049 4571 ravit,
2096 4506 2198 4560 nisi
2230 4507 2353 4575 quis
2387 4506 2527 4561 forte
2557 4507 2861 4577 astrologia:
2912 4510 3131 4563 deditus
3173 4528 3297 4565 eum
3334 4531 3443 4569 non

1882 4612 2108 4667 prorsus
2150 4597 2435 4651 aberrasse
2463 4611 2565 4651 nec
2601 4609 2774 4651 artem
2821 4599 3046 4662 omnino
3091 4616 3283 4654 vanam
3322 4620 3445 4660 esse

1882 4701 2169 4761 pr0pterea
2197 4689 2515 4750 contendat,
2534 4689 2678 4756 quod
2715 4704 2877 4759 caput
2906 4692 3023 4760 ejus
3056 4702 3110 4745 et
3137 4694 3327 4747 dexter
3346 4712 3443 4763 pes

1878 4798 1946 4836 eo
2002 4782 2089 4835 die
2138 4782 2307 4834 hastis
2332 4778 2485 4831 aﬂixa
2514 4794 2609 4846 per
2642 4779 2818 4833 forum
2850 4783 3094 4834 traducta
3130 4794 3276 4846 sunt,
3310 4800 3444 4839 una-

1880 4888 1986 4949 que
2017 4882 2178 4940 caput
2208 4868 2625 4923 circumforanei
2651 4869 2954 4933 cujusdam,
2983 4872 3075 4937 qui
3104 4869 3267 4925 Poeta
3296 4872 3444 4926 dice-

1889 4964 2069 5025 batur,
2101 4959 2283 5013 nonin
2326 4959 2468 5011 bello
2513 4961 2659 5021 caesi,
2687 4960 2779 5013 sed
2824 4970 2943 5027 post
2987 4961 3257 5015 illustrem
3292 4963 3439 5018 illam

1888 5054 2173 5106 victoriam
2209 5051 2362 5118 jussu
2403 5049 2768 5118 imperatoris,
2806 5049 2949 5102 haud
2996 5052 3110 5103 scio
3160 5066 3271 5120 quo
3306 5050 3436 5116 ﬂne,

1887 5144 2177 5198 interfecti.

232 5234 523 5302 ’Δγχιάλου
567 5235 664 5304 οὺχ
712 5236 945 5299 ἐκόντως
992 5236 1395 5306 ἐπηκολούθησε
1442 5238 1520 5308 τῷ
1555 5240 1733 5310 Βρανᾷ
1759 5277 1772 5299 ,
1814 5238 1928 5291 ἀλλ’
1958 5236 2081 5289 οὕτε
2110 5234 2201 5286 τὸν
2241 5232 2682 5301 προσλαϐόμενον
2721 5230 2896 5298 ὤνησέ
2962 5251 3044 5295 τι,
3094 5234 3274 5299 καθὼς
3345 5238 3437 5288 καὶ

222 5323 613 5390 προσεδοκᾶτο,
645 5322 878 5391 Βρανᾶν,
910 5326 1002 5388 καὶ
1035 5324 1359 5393 ἐαυτδνδούκ
1402 5323 1637 5387 ἐξέσωσε
1671 5324 1765 5377 τοῦ
1831 5323 2074 5394 μαχαίρᾳ
2106 5323 2311 5382 πεσεῖν,
2342 5321 2450 5370 τῶν
2476 5321 2594 5369 τότε
2643 5318 2985 5385 ἀστρολόγων
3011 5322 3038 5371 ὁ
3069 5320 3437 5389 δοκιμώτατϋς

218 5407 314 5473 ὣν,
379 5410 515 5462 ἀλλά
549 5426 604 5462 τι
638 5409 735 5480 τὴν
801 5410 1011 5462 ἐκείνου
1038 5412 1239 5477 γνῶσιν
1304 5411 1634 5481 διαδραμδιν,
1671 5413 1743 5473 ώς
1780 5412 1945 5472 ἔοικε,
2010 5406 2431 5459 λεπτεπίλεπτον
2464 5406 2634 5473 ἡσυχῇ
2708 5406 2890 5471 μένειν
2915 5405 3175 5459 πέπεικεν
3198 5409 3288 5458 ἐπὶ
3340 5409 3434 5471 τῆς

222 5495 452 5563 σκηνῆς,
488 5501 580 5547 καὶ
652 5498 805 5548 ἐπιὸν
833 5498 931 5549 οὐκ
957 5497 1133 5549 ἔδεισε
1194 5498 1255 5547 τὸ
1286 5497 1562 5566 πολέμιον.
1603 5498 1845 5565 Ἐλέγετο
1877 5498 1933 5549 δὲ
1962 5496 2039 5564 τῷ
2072 5494 2251 5562 Βρανᾷ
2298 5493 2556 5560 φοιϐάσαι
2605 5491 3011 5561 προρρητικῶς,
3068 5494 3133 5544 ἐκ
3176 5494 3286 5544 τῶν
3337 5497 3439 5563 τῆς

216 5582 415 5650 τέχνης
482 5582 763 5635 ἐκϐάσεων
825 5584 1306 5653 τεκμαιρόμενος,
1344 5584 1417 5645 ώς
1449 5586 1590 5637 κατὰ
1648 5592 1745 5655 τὴν
1776 5586 1988 5653 ἡμέραν
2045 5581 2259 5647 ἐκείνην
2317 5580 2417 5647 τῆς
2471 5579 2674 5639 πόλεως
2733 5581 2879 5640 ἐντὸς
2926 5578 3291 5631 ε.σελεύσεται
3343 5584 3437 5631 καὶ

216 5670 577 5739 θριαμϐεύσει
639 5674 979 5741 περιφανῶς.
1039 5672 1210 5723 Τοῦτο
1239 5672 1375 5725 δὲ.εί
1404 5674 1503 5741 μὲν
1566 5674 1725 5736 αὐτὸς
1782 5672 1997 5743 ἀληθῶς
2028 5673 2245 5739 είρηκεν
2284 5671 2311 5720 6
2353 5668 2645 5737 Σηθάτος.
2690 5667 2946 5733 ἀσφαλῶς
2976 5668 3077 5719 οὐκ
3123 5671 3301 5735 ίσημι,
3353 5668 3438 5721 ὅτι

220 5759 344 5828 μηδ’
422 5756 671 5826 ἀψευδῶς
738 5760 805 5812 τά
847 5759 1079 5829 πάντιὴ
1116 5759 1270 5830 φήμη
1308 5757 1643 5839 μυθεύεταιι,
1678 5759 1849 5813 ὁπόσα
1897 5758 2230 5831 περιλάλητα
2256 5756 2463 5810 τιθέναι
2490 5756 2655 5824 φιλεῖ.
2702 5756 2822 5807 Ὅτι
2860 5754 2938 5820 δὲ,
2976 5755 3226 5822 εἰδῶμεν
3265 5754 3436 5806 ὁπόσα
