4304 6354
236 383 343 448 75')
1344 386 1445 448 DE
1495 386 1796 448 lSAACIO
1836 381 2142 447 ANGELO
2180 385 2331 447 LIB.
2377 384 2425 446 ῐ.
3378 372 3483 440 754

239 516 310 569 τῃ
340 497 814 568 ἐπηκολούθησαν,
843 502 936 553 καὶ
965 500 1115 571 παρὰ
1140 500 1407 567 βασιλέως
1436 500 1805 569 λαμϐάνοντες
1844 504 1879 557 Δ
1905 516 1936 554 e

1784 517 1805 558 :
1844 504 1879 557 Δ
1905 514 2111 569 eosque
2139 515 2240 569 pro
2274 498 2467 554 amicis
2502 496 2666 553 colat.
2698 496 2829 563 Quae
2861 510 2985 551 cum
3021 493 3183 563 legati
3224 492 3484 547 submur-

240 590 305 641 τὸ
342 588 678 656 ἀνέγκλητον
719 590 915 655 ιὶγαθο)⁴
950 592 1045 642 καὶ
1087 592 1269 642 πιστοὶ
1308 592 1641 659 θεράποντες
1674 593 1731 651 ἐς
1755 591 1814 641 τὸ
1913 607 1940 646 I1

1787 591 1814 641 δ
1913 600 2241 654 murassent,
2278 591 2569 659 imperator
2602 588 2926 657 impunitate
2955 585 3215 639 omnibus
3254 599 3484 639 conces-

244 680 447 747 μέλλον
478 679 703 732 ἔσεσθαι
739 679 1103 743 συνετίθεντο,
1133 682 1241 732 κάκ
1272 681 1380 733 τῶν
1416 680 1593 748 ἔργων
1636 681 1816 734 αὐτῶν
1915 698 1944 735 s

1781 700 1816 732 ιν
1915 698 1996 746 sa,
2021 698 2117 736 eos
2140 683 2233 751 qui
2263 683 2600 737 accedebant
2646 680 2881 748 benigne
2911 686 3197 747 susceptos
3221 677 3481 731 monebat

244 770 531 834 υποδεῖξαι
579 772 681 840 τὴν
711 773 1006 839 μετάνοιαν
1037 770 1123 838 ἐφ’
1150 765 1231 824 οἷς
1265 774 1328 823 ὲκ
1373 772 1676 840 παρανοίας
1720 785 1816 823 πε·
1920 789 1944 826 t1

1782 785 1816 822 ε·
1920 783 1980 827 ut
2037 776 2376 842 poenitentiae
2435 774 2509 827 ob
2562 773 2827 827 violatum
2877 767 3262 839 jusjurandum
3302 768 3482 821 decla-

243 862 613 930 παρῳνήκασι
660 864 802 915 κατὰ
849 862 944 915 τοῦ
989 862 1182 931 κυρίου
1217 861 1483 926 βασιλέως
1521 862 1817 927 ἐφοπλισά-

246 968 423 1018 μενοι.
459 952 520 1001 El
551 951 605 1002 δὲ
637 950 915 1019 βασιλεὺς,
959 940 1118 1018 φασὶ,
1160 953 1224 1004 τὸ
1273 953 1375 1019 τῆς
1400 951 1581 1020 ψυχῆς
1615 951 1812 1019 θυμού-

244 1058 412 1109 μενον
440 1041 686 1093 πλουτῶν
715 1042 1056 1110 ἀμετάθετον
1078 1043 1178 1093 οὐκ
1203 1041 1467 1110 αὐτῆμαρ
1498 1040 1810 1109 καταπέψει

238 1130 345 1198 τὴν
392 1131 719 1198 ὀργιλότητα
743 1170 758 1192 ,
795 1131 910 1184 ἀλλ’
948 1132 1206 1183 ὲσέπειτα
1242 1133 1428 1201 στήσει
1460 1132 1525 1184 τὰ
1557 1133 1811 1200 ἡμαρτη-

243 1222 389 1290 μένα
423 1224 604 1288 σφίσιν
632 1223 852 1285 αὐτοῖς,
892 1224 951 1276 δν
988 1224 1233 1290 ὑπέτυςρε
1268 1226 1427 1275 κότον
1473 1224 1553 1285 είς
1584 1222 1811 1288 σπινθῆ-

244 1331 349 1383 ρας
378 1314 753 1385 ἀναρριπίζων
782 1314 980 1383 θυμοῦ,
1023 1319 1118 1369 καὶ
1157 1316 1315 1369 αὐτοὶ
1350 1314 1672 1383 φευξοῦνται
1706 1315 1813 1367 ἀπὸ

244 1405 544 1473 προσώπου
600 1408 696 1459 τοῦ
743 1408 1009 1476 βασιλέως
1052 1412 1146 1461 καί.
1195 1409 1288 1460 τὸν
1322 1409 1474 1475 παρὰ
1505 1409 1632 1477 Ιτοῖς
1697 1407 1816 1473 φιλ-

1918 864 2100 919 ηηάαι
2133 880 2296 919 causa
2332 866 2697 932 patriarcham
2731 864 2993 925 adirent,
3042 876 3210 929 seque
3260 859 3486 913 anathe-

1920 962 2063 1006 mate
2092 954 2229 1007 solvi
2256 962 2526 1022 peterent,
2554 969 2671 1021 quo
2719 968 2749 1005 a
2804 951 3045 1011 civibus,
3076 965 3199 1003 cum
3262 949 3480 1003 illorum

1919 1044 2159 1098 facinora
2185 1059 2253 1097 ex
2277 1044 2524 1097 turribus
2546 1050 2878 1111 spectarent,
2899 1040 3147 1095 obstricti
3173 1048 3379 1092 essent.
3410 1039 3488 1092 Ac

1914 1136 2094 1196 multi.
2116 1137 2320 1205 quibus
2345 1138 2535 1205 religio
2551 1136 2701 1190 cordi
2721 1145 2862 1195 erat.
2881 1136 2954 1190 ita
2987 1136 3243 1189 fecerunt
3270 1133 3487 1191 :caeteri

1912 1242 2043 1281 vero
2063 1237 2200 1280 nutu
2240 1228 2435 1296 capitis
2469 1227 2735 1282 duntaxat
2767 1227 3130 1281 admonitioni
3161 1226 3238 1278 illi
3277 1221 3489 1280 assensi

1913 1318 2091 1387 magni
2119 1318 2301 1386 templi
2330 1318 2638 1387 ingressum
2685 1326 2741 1370 et
2773 1317 3180 1372 confessionem
3207 1331 3308 1383 pro
3334 1314 3491 1383 nugis

1913 1408 2247 1472 habuerunt;
2268 1424 2337 1462 ne
2353 1410 2529 1462 dicam
2557 1409 2725 1462 fuisse
2748 1409 3013 1477 quosdam
3035 1407 3366 1476 petulantes,
3392 1404 3491 1473 qui

248 1495 540 1564 εχθροῦσιν
574 1497 754 1549 ἔθνεσι
826 1497 1121 1566 Ῥωμαίοις
1188 1500 1518 1567 ζητήσουσιν
1586 1498 1948 1574 ἔσχατονΒε

1794 1516 1815 1550 ν
1846 1516 1893 1574 Β
1919 1514 2045 1554 eum
2073 1500 2355 1564 exiissent,
2376 1500 2762 1568 imperatorem
2785 1499 3079 1553 deriserint
3106 1506 3162 1551 et
3186 1497 3494 1549 subsanna-

251 1585 518 1653 σταθμὸν,
569 1590 797 1640 κάκεῖνα
859 1587 1174 1656 Ῥωμαίους
1219 1590 1549 1657 ἐργάσονται
1592 1588 1695 1641 ὃσα
1740 1583 1823 1650 οἷς
1925 1606 1951 1641 r

1796 1605 1823 1650 ς
1925 1590 2036 1643 rint
2063 1590 2201 1644 nihil
2234 1605 2357 1643 esse
2389 1590 2517 1643 novi
2549 1590 2815 1649 dicentes.
2846 1586 3008 1658 510
3040 1588 3085 1640 si
3120 1588 3164 1638 is
3193 1586 3285 1653 qui
3318 1585 3495 1638 sacri-

249 1678 677 1748 προπρῤύησαν
701 1680 836 1751 δρᾷν
869 1681 1122 1748 ὤφειλον,
1174 1683 1299 1735 ἐπεὶ
1345 1682 1484 1749 μηδὲ
1528 1684 1715 1734 καινὸν
1774 1684 1823 1734 εί
1921 1682 1949 1733 ﬂ

1790 1684 1823 1734 εί
1921 1680 2113 1734 ﬁculus
2134 1680 2265 1733 olim
2284 1680 2477 1735 fuisset
2497 1681 2642 1748 (nam
2664 1681 2714 1734 id
2734 1683 2901 1735 etiam
2918 1679 2966 1733 ei
2995 1677 3212 1732 crimini
3234 1676 3490 1741 dabatur)

248 1766 424 1836 διφῲη
462 1784 548 1830 τις
576 1770 671 1822 τδν
702 1772 1001 1824 ἀντίπαλον
1037 1773 1131 1825 καὶ
1166 1773 1491 1825 κολακεύσει
1519 1772 1728 1825 τουτονὶ
1748 1775 1824 1835 ὡς
1918 1771 1948 1837 i|

1790 1789 1824 1835 ις
1918 1771 2052 1837 ipsis
2077 1772 2242 1825 etiam
2268 1786 2331 1824 ea
2354 1771 2741 1839 przescriberet
2770 1786 2891 1838 qua:
2921 1785 2951 1823 a
2993 1784 3165 1839 puero
3182 1767 3490 1823 didicisset.

250 1859 449 1923 φίλιον.
480 1859 571 1910 τὶιν
594 1862 798 1913 οἰκεῖον
826 1862 1100 1931 εὑρίσκων
1122 1862 1401 1931 πολέμιον.
1427 1862 1612 1915 Ταῦτα
1641 1862 1690 1914 οί
1722 1862 1823 1929 μὲν
1926 1863 1950 1917 I

1795 1879 1823 1912 ν
1926 1863 2078 1917 Multi
2113 1864 2208 1930 qui
2241 1862 2306 1916 ad
2352 1862 2587 1916 Asanem
2623 1869 2679 1915 et
2723 1862 2944 1915 Petrum
2989 1876 3047 1914 se
3102 1858 3489 1921 contulerant,

250 1950 517 2019 πρέσϐεις
554 1952 992 2021 ὑπετονθόρυσαν
1024 1971 1038 1985 ·
1067 1954 1322 2023 βασιλεὺς
1350 1956 1405 2007 δὲ
1445 1956 1612 2007 πᾶσιν
1642 1955 1822 2023 ἀμνη·
1918 1970 1950 2023 p

1577 1971 1612 2005 .v
1642 1955 1822 2023 ἀμνη·
1918 1953 2082 2023 paulo
2107 1962 2229 2022 post
2259 1954 2604 2022 imperatoris
2628 1952 2826 2006 litteris
2854 1953 3096 2007 revocati
3128 1959 3277 2004 sunt.

251 2042 411 2094 στίαν
476 2042 818 2111 ὲϐράϐευσε.
868 2048 962 2098 καὶ
1019 2048 1143 2108 τοὺς
1205 2048 1530 2116 προσιόντας
1578 2048 1824 2117 εὐμενῶς
1856 2046 2287 2116 προσδεχόμενος
2338 2046 2572 2117 παρῄνει
2627 2044 2938 2114 μετάμελον
2975 2046 3064 2110 ἐπὶ
3082 2047 3147 2113 τῇ
3170 2041 3481 2110 παραϐάσει

248 2129 362 2179 τῶν
406 2130 543 2197 πρδς
585 2130 749 2181 αὐτὸν
800 2132 1218 2203 ὀμωμοσμένων
1272 2134 1668 2195 ἐνδείκνυσθαι,
1727 2135 1822 2187 καὶ
1860 2135 2108 2204 ἀρχιερεῖ
2174 2134 2511 2187 όπτάνεσθαι
2576 2133 2655 2201 τῷ
2698 2133 2948 2202 μεγάλῳ,
2980 2132 3077 2183 καὶ
3112 2130 3296 2199 ζητεῖν
3331 2129 3479 2181 Exsi-

250 2215 347 2267 θεν
382 2216 537 2268 λύσιν
565 2217 662 2270 τοῦ
687 2220 1030 2288 ἀναθέματος
1064 2216 1217 2289 ᾧπερ
1288 2222 1484 2283 αὐτοὺς
1553 2224 1602 2275 οί
1671 2222 1769 2290 τῆς
1825 2222 2029 2274 πόλεως
2072 2223 2356 2293 οίκήτορες
2394 2221 2797 2284 καθυπέϐαλον,
2848 2221 3056 2275 ἄνωθεν
3096 2217 3332 2279 ἑστῶτες
3372 2216 3487 2268 τῶν

252 2302 651 2375 ττυργοϐάρεων
674 2306 765 2357 καὶ
787 2308 856 2369 τὰ
887 2307 1016 2375 παρ’
1047 2307 1228 2361 αὐτῶν
1248 2308 1512 2378 θεώμενοι
1546 2309 1821 2378 δρωμενα,
1866 2309 1973 2360 Καὶ
2037 2310 2222 2360 πολλοὶ
2287 2308 2365 2377 τῷ
2396 2310 2707 2379 πατριάρχῃ
2744 2308 3145 2379 προσήλθοσαν,
3177 2307 3321 2367 ὅσοις
3341 2306 3482 2368 τέως

254 2389 543 2452 εὐλαϐείας
588 2392 758 2460 μετῆν
785 2409 799 2424 ο
832 2395 883 2444 οἱ
922 2393 983 2444 ’δ’
1019 2394 1169 2448 ἄλλοι
1221 2398 1286 2465 τῇ
1333 2395 1658 2448 κατανεύσει
1710 2396 1809 2458 τῆς
1850 2395 2091 2463 κεφαλῆς
2150 2395 2213 2448 τὸ
2272 2398 2444 2462 πέρας
2490 2396 2588 2464 τῆς
2627 2395 3020 2466 παραιφάσεως
3054 2394 3484 2463 συμμετρήσαν-
3526 2410 3527 2413 ‘

251 2495 347 2539 τες
386 2478 458 2540 ὼς
497 2479 664 2546 λῆρον
712 2481 987 2549 ἡγήσαντο
1039 2483 1261 2550 τὴν-εἰς
1314 2480 1405 2532 τὸν
1460 2482 1634 2550 μέγαν
1674 2479 1811 2534 νεὼν
1849 2482 2031 2548 ἄφιξίν
2064 2500 2123 2535 τε
2186 2485 2282 2535 καὶ
2312 2482 2684 2553 ὲξαγόρευσιν.
2763 2482 2867 2535 Ἐὦ
2900 2484 3005 2551 γάρ
3037 2483 3217 2548 λέγειν
3239 2480 3314 2542 ὡς
3336 2475 3477 2549 ἦσαν

251 2564 305 2617 οἳ
350 2565 461 2618 τῶν
501 2565 828 2618 άτασθάλων
865 2568 1002 2635 μετὰ
1031 2568 1127 2637 τὴν
1172 2570 1234 2619 ὲκ
1268 2568 1562 2636 προσώπου
1606 2567 1699 2620 τοῦ
1768 2567 2033 2637 βασιλέως
2107 2570 2379 2634 ὲξέλευσιν
2415 2568 2759 2637 διεχλεύαζον
2824 2570 2988 2621 αὑτὸν
3042 2570 3135 2621 καὶ
3161 2567 3467 2634 ἐξεμυκτὴ-

254 2652 428 2722 ριξον,
460 2655 557 2705 καὶ
597 2656 657 2706 οὐ
692 2654 878 2707 καινὸν
916 2656 1101 2720 ελεγον
1172 2658 1218 2707 εἰ
1283 2655 1402 2723 Θεῷ
1442 2656 1706 2725 πρότερον
1771 2655 2093 2724 κληρωθεῖς,
2142 2657 2263 2707 ἐπεὶ
2328 2656 2422 2707 καὶ
2451 2655 2610 2708 τοῦτο
2640 2654 3123 2724 προσοιεϐιϐλητο,
3153 2656 3336 2708 ἐκεῖνα
3378 2656 3476 2707 καὶ

248 2741 437 2803 αὐτοῖς
476 2742 764 2809 ὑφηγεῖται
820 2741 913 2793 νῦν
959 2743 1127 2795 ὁπόσα
1180 2744 1244 2811 δὴ
1272 2745 1363 2795 καὶ
1403 2744 1461 2808 ἐξ
1520 2742 1723 2811 ἐφήϐου
1787 2743 2110 2795 ὁεδίδακται.
2167 2742 2357 2794 Πολλοὶ
2429 2741 2487 2793 δὲ
2538 2744 2631 2795 καὶ
2670 2743 2748 2811 τῇ
2790 2742 2953 2794 Ἀσάν
3009 2744 3101 2794 καὶ
3144 2741 3224 2811 τῷ
3290 2738 3482 2810 Ιιιτρῳ

248 2829 681 2897 προσερῥύησαν
702 2846 715 2857 ·
735 2829 871 2881 ἀλλὰ
897 2834 990 2881 καὶ
1018 2825 1164 2882 οῦτοι
1195 2832 1486 2900 γράμμασι
1513 2830 1810 2900 βασιλικοῖς
1849 2828 1985 2896 μετὰ
2018 2830 2213 2897 μικρὸν
2241 2828 2635 2897 ὲπανήλθοσαν.

323 2942 379 2990 ι’.
410 2935 573 2988 Ἀλλο
623 2935 669 2987 δ’
720 2936 811 2987 ἐπὶ
861 2935 1070 2998 τούτοις
1131 2938 1610 3007 παρηκολούθησεν
1654 2937 1815 3005 ἔργον

248 3025 717 3095 παραλογώτατον
746 3042 761 3057 ο
807 3026 836 3077 δ
888 3027 996 3096 γάρ
1050 3027 1305 3097 βασιλεὺς
1340 3034 1505 3081 πᾶσιν
1552 3032 1815 3081 ἐνέδωκεν

1993 2936 2081 2989 to.
2110 2937 2238 2991 Post
2270 2938 2383 2991 haec
2417 2939 2748 3007 imperator,
2777 2936 2924 3006 quod
2955 2936 3101 2991 haud
3133 2936 3267 2993 satis
3300 2939 3489 2993 mirari

1927 3043 2115 3095 queas,
2149 3030 2421 3083 concessit
2451 3030 2711 3083 omnibus
2740 3038 2848 3083 tam
2886 3029 3099 3084 civibus
3126 3045 3288 3099 quam
3325 3046 3486 3099 pere-

250 3116 498 3186 ἀτεχνῶς
542 3117 800 3179 ἀστυκοῖς
854 3133 914 3169 τε
960 3117 1055 3170 καὶ
1099 3118 1430 3189 ἀλλοχώροις
1483 3121 1817 3190 διεκχεῖσθαι
1843 3144 1887 3205 C
1922 3134 1950 3186 ε

1792 3141 1817 3175 ηι
1843 3144 1887 3205 C
1922 3119 2114 3186 grinis.
2164 3128 2225 3172 ut
2270 3121 2407 3173 urbe
2449 3120 2610 3173 eil'usi
2652 3136 2844 3175 omnes
2887 3134 2985 3173 eos
3021 3121 3162 3175 male
3191 3128 3492 3176 tractarent

251 3210 347 3263 καὶ
373 3208 559 3270 κακῶς
597 3208 733 3279 δρᾷν
792 3206 981 3260 ὀπόσοι
1033 3208 1169 3279 πρὸς
1204 3210 1419 3277 Βρανάν
1457 3212 1821 3279 μετετάξαντο

248 3299 361 3351 τῶν
392 3316 453 3351 τε
508 3299 678 3367 αγχοῦ
736 3300 835 3365 τῆς
895 3299 1108 3363 πόλεως
1165 3302 1414 3372 άγροτῶν
1461 3304 1554 3354 καὶ
1584 3303 1695 3355 τῶν
1723 3303 1819 3372 τὴν

252 3391 597 3459 Προποντίδα
625 3391 899 3461 λαχόντων
933 3394 1013 3456 είς
1047 3394 1281 3462 οἴκησιν.
1320 3396 1430 3445 Καὶ
1458 3394 1557 3463 τὴν
1596 3396 1695 3463 μὲν
1723 3394 1820 3463 τῆς

248 3484 466 3553 ἡμέρας
527 3484 743 3553 ἐκείνης
794 3485 1037 3553 διάδοχον
1098 3485 1270 3538 νύκτα
1329 3486 1455 3539 καθ’
1489 3489 1558 3558 ἢν
1608 3488 1818 3556 Βροινᾶς

246 3576 652 3643 κατηγώνιστο,
703 3577 903 3628 ὲνίεται
958 3580 1079 3640 ταῖς
1126 3578 1330 3639 οἰκίαις
1379 3577 1488 3629 τῶν
1541 3578 1818 3646 δυστήνων

245 3664 596 3730 Προποντίων
649 3665 707 3716 τὸ
759 3664 845 3735 [Ρ.
893 3665 1020 3737 230]
1072 3667 1238 3735 ὑγρὸν
1275 3668 1410 3737 πῦρ,
1463 3668 1491 3719 ὅ
1539 3672 1650 3730 τοῖς
1702 3671 1822 3722 στέ-

242 3768 440 3818 γουσιν
493 3753 764 3814 ἑφυπνοῦν
821 3754 1040 3809 σκεύεσι
1064 3758 1203 3810 κατὰ
1233 3758 1330 3819 τὰς
1359 3759 1644 3826 ἀστραπάς
1676 3761 1821 3824 ἐξαί·

242 3859 388 3912 φνης
454 3846 679 3913 προΐησι
710 3844 778 3897 τὰ
820 3845 1103 3914 ὲξάλματα
1147 3848 1247 3900 καὶ
1303 3853 1528 3919 πιμπρᾷ
1591 3852 1710 3905 καθ’
1746 3847 1821 3906 ὧν

240 3936 574 3987 διεκπῖπτον
636 3935 876 4003 ἀφίεται.
942 3938 1015 3990 Τδ
1059 3938 1118 3990 δὲ
1180 3938 1379 4008 λάϐρον
1412 3943 1651 4009 ἐμπεσὸν
1708 3948 1821 4008 τοῖς

239 4027 579 4095 δρυφάκτοις
638 4029 1016 4099 ἐπυρπόλησεν
1066 4029 1216 4083 άπαν
1268 4033 1631 4103 οἰκοδόμημα,
1709 4037 1818 4089 εἴτε

238 4114 476 4172 τένενος
524 4116 680 4168 τοῦτο
737 4116 894 4184 ἅγιον
945 4112 1012 4187 ἦν
1061 4118 1173 4171 είτε
1232 4124 1479 4188 σεμνεῖον
1538 4125 1682 4193 ίερδν
1712 4127 1819 4177 εἴτε

244 4203 459 4270 οἴκημα
516 4203 787 4257 ίδιωτικόν
826 4220 839 4234 ·
908 4210 1002 4259 καὶ
1048 4208 1141 4259 τοῦ
1198 4209 1372 4261 κακοῦ
1434 4214 1586 4281 παρὰ
1639 4215 1819 4265 πᾶσαν

243 4293 471 4360 δόκησιν
514 4295 834 4358 ἐπελθόντος
886 4298 947 4348 οὐ
1007 4299 1169 4365 μόνον
1223 4301 1291 4352 τά
1346 4303 1589 4373 μέλαθρα
1619 4304 1681 4357 τὸ
1711 4309 1821 4375 πῦρ

243 4382 549 4449 ἐπενέμετο
579 4386 672 4436 καὶ
705 4385 889 4453 ήφλὺξ
921 4388 1117 4457 μικροῦ
1134 4390 1375 4461 διεῖρπεν
1396 4394 1657 4463 αίθέριος,
1683 4396 1821 4449 ἀλλὰ

245 4475 347 4525 καὶ
377 4474 476 4534 τάς
501 4472 689 4535 οὐσίας
720 4476 1051 4529 ἐπεϐόσκετο
1096 4480 1205 4531 τῶν
1239 4480 1565 4551 ἀνθρώπων,
1604 4486 1820 4548 οὐδενὸς

246 4563 499 4632 ἁρπάσαι
530 4579 583 4614 τι
613 4565 710 4616 καὶ
760 4570 1109 4633 μετενεγκεῖν
1152 4569 1370 4639 ἔχοντος
1400 4576 1448 4625 εἰ
1483 4574 1556 4644 μὴ
1584 4576 1683 4627 ὅσα
1714 4578 1819 4630 τῶν

245 4654 552 4723 χρημάτων
606 4655 909 4722 εὐάγκαλα.
956 4659 1127 4712 ’Κατὰ
1150 4661 1206 4713 δὲ
1250 4662 1349 4732 τὴν
1400 4669 1516 4731 μετ’
1548 4668 1719 4737 αὐτὴν
1745 4668 1819 4721 ἕω

247 4743 453 4806 ἔξεισιν
482 4746 557 4807 ὡς
608 4747 677 4823 ἐκ
720 4750 1109 4820 προσκλήσεως
1144 4754 1206 4806 τὸ
1253 4756 1542 4809 Δατινικὺν
1574 4762 1762 4827 στῖφος
1791 4762 1819 4812 δ

242 4833 324 4901 τῷ
357 4834 620 4904 Κορῤάδῳ
646 4837 888 4909 Καίσαρι
935 4843 1299 4896 συνετέτακτο
1327 4847 1421 4898 καὶ
1473 4849 1531 4899 τὸ
1563 4851 1815 4915 ἀγελαῖον

249 4926 348 4976 καὶ
384 4928 662 4994 πτωχεῦον
692 4929 894 4998 πλῆθος
918 4932 1016 5001 τῆς
1040 4933 1267 4999 πόλεως,
1301 4938 1396 4988 καὶ
1425 4940 1493 4991 τά
1516 4940 1675 5007 πέριξ
1704 4941 1819 4995 δια-

244 5014 569 5082 δραμόντες,
593 5021 641 5071 οί
678 5020 777 5088 μιν
799 5020 879 5073 ἔτι
908 5022 978 5075 τὰ
1007 5025 1147 5077 ὅπλα
1174 5027 1455 5096 φέροντες,
1485 5032 1535 5081 οἱ
1563 5031 1607 5083 δ’
1638 5034 1814 5101 ἀμυν‹

241 5107 423 5175 τηρίῳ
455 5110 533 5176 τῷ
559 5112 953 5180 παρευρεθέντι
986 5115 1277 5184 χρώμενοι,
1303 5121 1355 5170 τί
1391 5124 1488 5189 μὲν
1518 5122 1613 5191 οὐχ
1635 5124 1818 5193 ἣρπα-

248 5214 373 5257 σαν,
436 5198 486 5248 τί
532 5199 588 5251 δὲ
642 5203 912 5271 χείριστον
975 5206 1077 5258 οὐκ
1136 5196 1499 5276 είργάσαντο;
1539 5215 1816 5283 οἰκήματα

242 5286 609 5354 κατήρειψαν,
650 5291 742 5342 τὸν
774 5290 921 5345 ἔνδον
974 5295 1207 5349 πλοῦτον
1256 5300 1662 5367 περιεϐάλοντο,
1696 5305 1819 5373 ἱερά

244 5377 625 5447 ἀνηρεύνησαν
652 5386 1067 5455 φροντιστήρια,
1102 5388 1311 5441 ἔπιπλα
1359 5393 1643 5459 ἀφείλοντο
1670 5412 1813 5448 παν-

245 5464 378 5531 αγῆ,
411 5468 581 5534 σκεύη
613 5469 770 5537 τίμια
803 5472 1175 5543 ὲϐεϐήλωσαν,
1220 5479 1436 5546 σεμνῶν
1473 5482 1818 5548 μοναζόντων

245 5553 353 5644 οῦκ
405 5555 712 5626 ᾐδέσθησαν
770 5563 983 5627 πολιὰν,
1041 5567 1265 5636 ἀρετῆς,
1326 5569 1518 5638 ἦνκαὶ
1561 5572 1817 5644 πολέμιος

240 5639 357 5694 οἶδε
418 5648 604 5716 τιμᾷν,
655 5648 952 5718 ἦλόγησαν,
983 5657 1077 5706 καὶ
1114 5656 1200 5708 ἴνα
1230 5658 1297 5709 τά
1343 5659 1516 5711 πολλὰ
1545 5639 1811 5730 συντέμω,

240 5735 427 5786 πὶσαν
492 5737 734 5792 κάκωσιν
760 5741 881 5794 καθ’
910 5735 985 5797 ὧν
1020 5745 1259 5814 ἐπῄεσαν
1280 5749 1649 5814 ἐπεδείξαντο.
1680 5753 1813 5806 Πολ-

1923 3211 2014 3273 qni
2050 3210 2115 3261 ad
2144 3210 2376 3263 Branam
2411 3211 2750 3273 defccerant,
2777 3212 3126 3266 suburbanos
3145 3252 3163 3276 ,
3193 3214 3409 3268 villicos
3436 3223 3492 3270 et

1922 3301 2273 3369 Pr0pontidis
2310 3303 2537 3357 incolas.
2571 3305 2755 3372 anue
2790 3316 2951 3360 nocte
2997 3322 3119 3375 qua:
3164 3307 3357 3360 Branzc
3401 3308 3490 3361 in-

1923 3394 2145 3447 teritum
2196 3403 2491 3448 consecuta
2539 3406 2624 3448 est
2649 3435 2663 3455 ,
2696 3396 2919 3451 Graecus
2954 3398 3094 3467 ignis
3121 3398 3369 3452 aediliciis
3420 3399 3492 3453 ad

1920 3484 2122 3538 fretum
2160 3484 2282 3538 sitis
2313 3485 2578 3555 injicitur,
2611 3487 2703 3555 qui
2738 3488 2792 3541 in
2829 3489 2973 3541 vasis
3005 3488 3277 3551 occultus,
3307 3489 3491 3543 subito

1921 3576 2151 3644 fulguris
2177 3577 2349 3629 instar
2376 3578 2640 3639 emicans,
2680 3578 2864 3633 omnia
2918 3594 3040 3647 qua:
3086 3579 3380 3648 contigerit
3410 3581 3492 3633 in-

1921 3667 2125 3721 condit.
2162 3667 2264 3731 Qui
2298 3683 2422 3721 cum
2450 3669 2505 3720 in
2536 3670 2776 3721 tabulata
2810 3670 3113 3731 incidisset,
3144 3672 3328 3723 omnia
3356 3669 3491 3724 acdi-

1922 3760 2044 3815 ﬁcia
2073 3769 2179 3815 tam
2204 3776 2355 3814 sacra
2384 3777 2549 3830 quam
2597 3761 2824 3831 profana
2848 3803 2864 3827 ,
2913 3772 3021 3816 tam
3071 3763 3280 3831 privata
3326 3778 3491 3831 quam

1921 3851 2140 3922 publica
2176 3851 2441 3905 incendit.
2484 3852 2542 3906 ld
2583 3852 2785 3906 malum
2831 3868 2956 3907 cum
2997 3864 3193 3922 praeter
3209 3862 3521 3923 exspecta-.

1924 3944 2127 3995 tionem
2147 3943 2460 4002 accidisset.
2485 3958 2594 3997 non
2630 3945 2777 3999 aedes
2814 3945 2977 3998 modo
3008 3944 3225 3999 ﬂamma
3247 3945 3301 3998 in
3322 3944 3494 4000 altum

1920 4034 2061 4086 elata
2085 4034 2177 4088 sed
2196 4035 2361 4088 etiam
2384 4035 2527 4088 bona
2546 4037 2875 4091 miserorum
2895 4036 3240 4099 absumebat,
3259 4050 3385 4091 cum
3409 4037 3497 4091 ni-

1922 4123 1994 4176 hil
2012 4125 2225 4193 eripere
2246 4134 2341 4178 aut
2361 4126 2659 4181 transferre
2677 4136 2900 4194 possent
2914 4128 3014 4181 nisi
3037 4142 3201 4195 parva
3219 4126 3490 4196 quaedam.

1921 4217 2198 4270 Postridie
2235 4233 2395 4269 mane
2446 4217 2637 4271 Latina
2686 4218 2884 4271 cohors
2912 4218 3148 4272 Conradi
3179 4219 3410 4273 Cmsaris
3437 4226 3494 4271 et

1921 4308 2233 4375 promiscua
2261 4320 2316 4360 et
2344 4311 2677 4377 paupercula
2716 4310 2875 4363 turba
2906 4311 3042 4363 urbe
3070 4311 3374 4379 egreditur.
3421 4310 3489 4364 Hi
3569 4318 3573 4323 ‘

1921 4398 2366 4465 circumjacentia
2392 4398 2547 4468 511
2571 4400 2754 4453 omnia
2773 4400 3073 4469 pervagati,
3091 4402 3287 4469 partim
3310 4400 3492 4455 adhuc

1851 4473 1897 4528 ί)
1922 4490 2136 4546 armati,
2177 4486 2372 4554 partim
2423 4487 2543 4540 telis
2572 4488 2751 4542 obiter
2781 4490 3014 4559 arreptis
3041 4528 3054 4552 ,
3084 4489 3214 4556 quid
3243 4502 3354 4542 non
3400 4504 3489 4543 ra-

1921 4577 2181 4646 puerunt?
2201 4592 2308 4645 quo
2335 4579 2542 4632 scelere
2571 4578 2981 4633 abstinuerunt?
3008 4578 3300 4633 diruerunt
3320 4578 3485 4641 aedes,

1919 4681 2054 4735 opes
2105 4667 2498 4737 diripuerunt,
2538 4670 2873 4722 monasteria
2908 4669 3137 4722 scrutati
3170 4670 3484 4738 suppellec-

1920 4757 2035 4810 tilia
2060 4754 2408 4812 sacrosancta
2434 4760 2818 4823 abstulerunt,
2859 4774 2983 4813 vasa
3016 4760 3257 4828 pretiosa
3304 4759 3488 4829 profa-

1918 4857 2143 4913 narunt,
2174 4849 2544 4903 venerabilem
2574 4850 2970 4903 monachorum
2997 4859 3339 4904 senectutem
3370 4865 3482 4905 non

1919 4942 2140 4996 reveriti
2177 4950 2324 5004 sunt;
2352 4942 2613 4995 virtutem
2647 4954 2810 5008 quam
2843 4940 3017 4994 hostis
3040 4940 3204 4994 etiam
3229 4940 3481 4994 venerari

1917 5034 2075 5097 solet,
2110 5031 2730 5102 neglexerunt;denique
2762 5046 2831 5084 ne
2864 5032 2966 5085 sim
2999 5030 3285 5100 prolixior,
3316 5046 3480 5086 omne

1918 5126 2187 5179 malorum
2242 5139 2415 5192 genus
2466 5124 2714 5192 quolibet
2745 5135 2931 5176 secum
2965 5123 3291 5175 attulerunt.
3326 5121 3478 5174 Multi

1917 5216 2062 5283 quod
2082 5215 2151 5267 ob
2167 5213 2533 5285 direptionem
2557 5212 2756 5267 aedium
2780 5226 3004 5266 suarum
3023 5218 3477 5274 murmurassent,

1918 5307 2081 5359 occisi
2114 5314 2262 5358 sunt.
2304 5307 2385 5358 Ac
2420 5320 2481 5359 ea
2510 5304 2795 5356 calamitas
2841 5303 3007 5356 latius
3043 5310 3229 5370 vagata
3258 5315 3321 5355 ac
3354 5300 3478 5353 diu-

1920 5398 2028 5448 tius
2054 5404 2107 5447 ct
2136 5395 2391 5448 acerbius
2442 5402 2683 5461 grassata
2708 5400 2891 5456 esset,
2922 5392 3023 5444 nisi
3055 5391 3274 5459 quidam
3324 5389 3474 5459 gravi

1917 5485 2105 5539 dolore
2137 5486 2395 5538 commoti
2431 5500 2547 5537 eam
2572 5483 2853 5538 audaciam
2888 5482 3207 5550 imperatori
3237 5480 3474 5535 indicas-

1917 5584 2059 5639 sent,
2094 5590 2327 5643 eumque
2378 5573 2746 5642 perpulissent
2799 5583 2859 5626 ut
2914 5571 3049 5626 viris
3099 5570 3379 5625 nobilibus
3421 5578 3475 5623 et

1916 5664 2181 5735 dignitate
2206 5662 2588 5733 preestantibus
2614 5663 2795 5718 missis
2826 5656 3262 5732 importunorum
3296 5657 3473 5714 homiv

1918 5770 2050 5809 num
2084 5754 2346 5822 impetum
2382 5754 2753 5836 repressisset.
