4284 6370
810 353 909 413 759

2034 354 2332 415 NlCET/E
2370 351 2777 413 CHONIATA‘I

3917 349 4029 413 760

801 462 1076 518 mandavit
1139 474 1193 518 ut
1242 465 1378 519 citra
1426 466 1830 519 cunctationem
1884 467 2075 521 exiret.
2130 466 2179 522 Is
2224 468 2493 526 veroAn

2333 482 2356 521 ι)
2382 468 2432 526 Α
2459 467 2648 537 πόρρω
2673 464 2758 537 [Ρ.
2788 461 2916 537 255]
2964 464 3061 532 τῆς
3134 460 3413 533 Ἀδριανοῦ
3459 460 3736 533 κείμενον)
3791 461 4025 530 ἐπέμενε

796 572 919 607 cum
968 555 1309 622 imperatoris
1355 570 1480 623 erga
1513 570 1570 608 sc
1614 555 2027 622 benignitatem.
2077 572 2200 610 cum
2258 570 2357 609 suo

795 659 995 713 genere
1027 658 1132 695 non
1166 645 1599 698 consentientem
1651 655 1705 697 et
1751 646 1821 699 ab
1863 648 2209 715 imperatoria
2244 644 2357 699 alli-

798 736 962 788 nitate
983 733 1388 799 abhorrentem,
1413 735 1554 788 haud
1579 734 1988 790 dissimulanter
2005 753 2143 806 argre
2166 739 2357 799 ferret,

795 835 847 878 et
882 825 1219 895 magniﬁcam
1248 825 1394 878 illam
1422 840 1572 894 spem
1596 843 1698 878 non
1725 826 1870 879 aliud
1890 829 2087 882 afferre
2106 843 2357 884 cerneret

797 916 902 968 nisi
936 923 996 968 ut
1022 916 1223 968 calceis
1246 914 1528 979 Caesareis,
1555 930 1582 966 a
1612 916 1772 983 vulgo
1791 915 2083 980 distinctis,
2112 928 2358 973 uteretur

797 1020 883 1071 {eo
937 1005 1249 1066 accedebat,
1299 1006 1444 1073 quod
1497 1022 1662 1060 cruce
1715 1009 1873 1060 domo
1918 1023 2099 1062 secum
2152 1019 2357 1078 gestata

793 1096 1133 1149 Palmstinam
1160 1095 1226 1148 ab
1252 1094 1518 1164 Egyptiis
1549 1097 1867 1151 Sarracenis
1897 1099 2005 1167 jam
2037 1111 2355 1167 occupatam

795 1190 1026 1241 invisere
1058 1190 1439 1251 constituerat,
1459 1200 1514 1242 et
1540 1189 1717 1242 obiter
1743 1190 2090 1255 imperatoris
2112 1205 2354 1244 sororem

792 1280 1072 1344 duxerat),
1105 1281 1297 1331 annuit
1330 1280 1418 1333 ille
1452 1281 1668 1348 quidem
1704 1297 1761 1333 se
1810 1284 2194 1350 imperatorem
2225 1298 2357 1336 con-

792 1366 1080 1423 venturum
1107 1382 1163 1425 et
1211 1372 1408 1423 bellum
1444 1387 1544 1423 una
1592 1372 2121 1427 administraturum.
2152 1374 2353 1428 Verum

794 1477 917 1513 cum
963 1461 1104 1515 Deus
1160 1461 1417 1515 Romanis
1467 1463 1647 1529 plures
1674 1464 1855 1517 clades
1903 1480 1999 1532 per
2031 1464 2233 1533 Mysios
2271 1466 2354 1517 in-

793 1552 934 1604 ferre
959 1552 1314 1612 decrevisset,
1348 1562 1555 1605 mutato
1587 1555 1841 1613 consilio.
1878 1570 2014 1608 nave
2049 1556 2353 1609 ﬁrmissima

791 1654 847 1693 et
880 1658 1016 1695 nova
1051 1658 1380 1704 conscensa,
1418 1645 1470 1696 in
1507 1645 1849 1697 Palaestinam
1880 1646 2185 1699 contendit.
2216 1646 2353 1699 Cum

792 1732 918 1800 Tyri
947 1735 1266 1801 appulisset,
1316 1750 1344 1787 a
1398 1735 1751 1803 popularibus
1782 1738 1896 1789 suis
1928 1738 2093 1791 veluti
2151 1753 2351 1791 numen

2460 557 2557 618 τὰς
2583 557 2843 625 δυνάμεις
2864 554 3161 618 συνελθεῖν,
3177 555 3453 624 ἐπέσκηψε
3472 556 3527 608 δὲ
3548 553 3749 609 καὶτὸν
3773 553 4029 624 Καίσαρα

2461 648 2742 718 Κορρἀον
2803 648 2970 717 μηδέν
3017 666 3068 700 τι
3122 648 3470 717 μελλήσαντα
3521 640 3783 713 ἐξελθεῖν.
3854 647 3918 699 ’0
3970 644 4031 698 ἃ

2458 740 2831 808 δνλσχεραίνων
2862 740 3144 809 προδήλως
3170 739 3306 808 πρὸς
3334 739 3402 811 ἥν
3433 738 3637 809 εὕρατο
3665 739 3726 790 ἐκ
3762 733 4030 807 βασιλέως

2462 826 2865 897 φιλοφροσύνης
2884 828 2960 890 ὡς
2993 826 3071 897 τῷ
3095 826 3352 896 βασιλείῳ
3379 827 3530 897 κήδει
3549 826 3878 896 ἀσύμφωνον
3932 827 4031 879 καὶ

2457 917 2537 986 τῷ
2561 919 2755 971 ἑαυτοῦ
2779 919 2927 984 γένει
2978 918 3290 989 ἀπᾴδουσαν
3317 934 3331 949 ο
3364 917 3507 988 ὁρῶν
3529 918 3585 971 δὲ
3614 918 3707 971 καὶ
3734 917 3833 979 τάς
3858 918 4034 985 ὑπερ·

2460 1011 2701 1077 ηφάνους
2733 1008 2959 1072 ἐλπίδας
3027 1009 3414 1076 καταληξάσας
3439 1010 3495 1071 ἐς
3525 1008 3686 1078 μόνον
3713 1008 3774 1061 τὺ
3805 1008 3879 1077 μὴ
3911 1010 4029 1068 τοῖς

2460 1100 2675 1162 πολλοῖς
2726 1102 3053 1170 ὀμόχρωμον
3106 1100 3362 1170 ὑπόδημα
3413 1101 3509 1153 τοῦ
3563 1099 3725 1159 ποδὸς
3779 1100 3861 1169 (τὸ
3916 1097 4029 1150 τῶν

2464 1191 2764 1262 Καισάρων
2827 1191 2971 1258 λέγω
3035 1190 3412 1261 παράσημον),
3442 1192 3540 1244 καὶ
3573 1191 3748 1252 ἄλλως
3773 1190 3828 1241 δέ
3868 1205 4029 1241 σταυ-

2465 1287 2672 1355 ροφορή
2684 1303 2778 1339 σας
2826 1284 3041 1337 οἷκοθεν
3068 1286 3158 1337 καὶ
3198 1289 3296 1355 τὴν
3322 1287 3379 1347 ἐς
3405 1286 3771 1354 Παλαιστίνην
3800 1282 4023 1337 ὁδεῦσαι

2461 1375 2634 1428 πάλαι
2661 1377 2999 1445 προθέμενος
3031 1376 3131 1445 ήδη
3150 1377 3583 1447 κατασχεθεῖσαν
3606 1377 3711 1429 ὑπὸ
3732 1376 3840 1428 τῶν
3884 1375 4031 1426 κατά

2456 1467 2554 1533 τὴν
2580 1467 2855 1531 Αἴγυπτον
2886 1466 3241 1533 Σαρακηνῶν,
3300 1467 3394 1520 καὶ
3420 1471 3699 1539 πάρεργον
3752 1466 3874 1519 ὀδοῦ
3919 1466 4023 1536 τὴν

2460 1556 2598 1622 μετὰ
2647 1556 2747 1623 τῆς
2803 1557 3041 1623 ἀδελφῆς
3070 1555 3166 1610 τοῦ
3220 1556 3487 1625 βασιλέως
3518 1557 3837 1619 ἐπιτελέσας
3861 1555 4031 1608 συνάο

2456 1665 2637 1715 φειαν,
2656 1648 2917 1700 ἐπένευσε
2938 1647 3038 1715 μὲν
3052 1644 3359 1711 συνεξιέναι
3371 1648 3448 1716 τῷ
3464 1646 3675 1715 βασιλεῖ
3700 1649 3795 1699 καὶ
3813 1647 4033 1698 συνδια-

2456 1734 2644 1787 Θέσοαι
2661 1735 2752 1786 τὸν
2772 1737 3132 1803 προκείμενον
3164 1736 3419 1803 πόλεμον,
3446 1736 3521 1797 ὡς
3538 1736 3582 1786 δ’
3604 1736 3937 1804 ἀντέκρουσε
3968 1737 4033 1788 τὸ

789 1799 1065 1888 quoddam
1100 1799 1734 1892 susceptus-Sarracenis
1758 1827 1978 1889 restitit,
2030 1837 2086 1881 et
2119 1828 2349 1897 Joppen,
2390 1799 2427 1852 Β
2461 1823 2481 1891 β

2342 1870 2349 1889 ,
2390 1799 2427 1852 Β
2461 1799 2845 1891 βεϐουλεῦσθαι
2878 1799 3010 1875 Θεὸν
3057 1799 3381 1892 κακοτυχεῖν
3414 1799 3902 1893 εἰσέτιῬωμαίους
3927 1828 4034 1878 ὑπὸ

789 1930 910 1981 qua:
942 1912 1100 1982 517
1130 1930 1278 1968 nunc
1315 1918 1422 1968 Are
1451 1917 1673 1977 dicitur,
1700 1916 1913 1984 aliaque
1944 1918 2139 1985 oppida
2190 1934 2349 1972 recu-

788 2006 1022 2071 paravit.
1061 2004 1165 2058 Sed
1214 2006 1341 2074 quia
1378 2006 1483 2059 illis
1533 2022 1752 2075 quoque
1796 2008 1929 2059 locis
1977 2009 2158 2064 fatalis
2205 2010 2352 2063 cala-

793 2095 955 2147 mitas
984 2095 1356 2163 impendebat,
1389 2097 1542 2149 multi
1577 2098 1822 2164 praaclari
1853 2108 1907 2150 et
1958 2099 2129 2153 fortes
2160 2100 2351 2164 duces,

787 2185 881 2252 qui
917 2184 1287 2239 Christianum
1335 2187 1464 2239 illud
1510 2188 1617 2240 iter
1646 2189 1788 2242 ultro
1828 2197 1883 2241 ct
1916 2190 2030 2242 suis
2062 2190 2353 2258 stipendiis

786 2285 1181 2344 susceperant,
1235 2277 1552 2346 perierunt;
1614 2289 1671 2331 et
1716 2282 1831 2347 ipse
1884 2280 2168 2336 Conradus
2244 2298 2351 2335 non

786 2368 964 2420 multo
994 2375 1137 2436 post,
1184 2368 1275 2421 vix
1319 2367 1467 2421 edito
1511 2369 1809 2437 specimine
1846 2370 2065 2425 virtutis
2116 2382 2170 2425 et
2225 2388 2355 2439 pru-

788 2461 987 2515 dentia:
1044 2477 1179 2523 sure,
1236 2470 1293 2514 ut
1342 2461 1612 2530 Agarenis
1681 2462 2027 2515 admirationi
2090 2472 2264 2526 esset,
2323 2478 2352 2515 a

787 2550 989 2603 (lhasio
1034 2549 1271 2617 quodam
1306 2551 1596 2605 occiditur.
1633 2550 1777 2605 Gens
1819 2562 2002 2604 autem
2029 2550 2353 2605 Chasiorum

726 2690 732 2696 .
789 2656 920 2695 suos
947 2641 1226 2709 principes
1261 2641 1332 2694 ita
1365 2643 1541 2694 vereri
1580 2652 1635 2695 et
1667 2646 1962 2695 observare
2014 2653 2070 2695 et
2106 2643 2161 2695 in
2186 2642 2355 2712 jussis

790 2747 984 2785 eorum
1015 2731 1381 2801 exsequendis
1406 2732 1543 2786 adeo
1573 2733 1770 2786 alacris
1815 2747 1937 2787 esse
1959 2733 2178 2798 dicitur,
2218 2742 2276 2787 ut
2307 2734 2353 2789 si

792 2831 1001 2876 tantum
1024 2822 1329 2891 supercilio
1363 2822 1711 2891 magistratus
1745 2823 2011 2887 innuerit,
2059 2823 2246 2878 statim
2287 2823 2356 2878 de

794 2914 1027 2982 rupibus
1066 2928 1124 2967 se
1160 2915 1519 2984 praecipitent,
1544 2915 1598 2968 in
1632 2931 1793 2970 enses
1822 2916 2056 2981 irruant,
2093 2916 2149 2970 in
2182 2916 2357 2971 undas

795 3003 1072 3067 desiliant,
1103 3004 1157 3059 in
1189 3006 1368 3075 ignem
1400 3022 1459 3061 se
1482 3008 1820 3076 conjiciant;
1869 3016 1925 3061 et
1954 3008 2019 3061 ad
2073 3022 2170 3062 eos
2206 3008 2358 3061 missi

795 3108 935 3159 quos
967 3108 1157 3145 eorum
1194 3094 1469 3163 principes
1495 3097 1705 3150 occisos
1732 3097 1946 3160 volunt,
2003 3106 2063 3150 ut
2115 3097 2360 3165 hospites

796 3192 851 3235 et
879 3184 1037 3237 amici
1069 3184 1295 3249 adeunt,
1324 3195 1378 3240 et
1409 3195 1504 3240 aut
1538 3203 1594 3241 se
1631 3188 1831 3241 habere
1862 3189 2006 3257 quod
2048 3189 2127 3242 eis
2151 3189 2360 3254 dicant,

798 3281 891 3326 :ut
936 3274 1145 3341 legatos
1192 3277 1379 3331 venire
1425 3277 1766 3342 simulantes,
1810 3294 1952 3347 saepe
2010 3278 2362 3334 dominorum

797 3378 1019 3416 siturum
1067 3364 1412 3419 adversarios
1455 3369 1785 3436 pugionibus
1849 3368 2129 3434 occidunt,
2215 3369 2364 3421 nulla

798 3452 1135 3508 difﬁcultatis
1185 3466 1241 3508 et
1288 3456 1555 3524 explorati
1603 3458 1856 3525 supplicii
1888 3458 2101 3512 ratione
2156 3457 2363 3520 habita,

798 3544 1011 3597 etiamsi
1037 3546 1268 3598 alterum
1294 3561 1403 3600 non
1442 3548 1765 3605 occiderint.

2458 1914 2682 1975 Μυσῶν,
2713 1915 2800 1965 ἐπ’
2837 1912 3016 1974 ἄλλοις
3033 1915 3220 1981 τρέπει
3242 1915 3333 1965 τὸν
3349 1915 3493 1968 γοῦν.
3520 1915 3639 1981 Νῆα
3668 1916 3778 1982 γὰρ
3802 1914 4035 1985 ἐξαρτύ-

2461 2020 2559 2065 σας
2575 2004 2787 2072 εὐπαγῆ
2805 2019 2865 2054 τε
2882 2004 2975 2055 καὶ
2991 2004 3367 2071 νεογόμφωτον
3386 2004 3475 2055 τὸν
3492 2000 3725 2070 πλόῦνξές
3746 2006 4037 2059 Παλαιστί-

2460 2113 2557 2164 νην
2581 2095 2751 2156 ἔθετο,
2780 2095 2874 2148 καὶ
2903 2098 2968 2163 τῇ
3024 2095 3186 2165 Τύρῳ
3217 2096 3590 2164 προσορμίσας
3616 2099 3709 2147 καὶ
3754 2097 3905 2165 παρά
3928 2098 4035 2149 τῶν

2462 2188 2640 2239 ἐκεῖσε
2663 2186 2941 2255 ὁμογενῶν
2964 2181 3051 2237 οἷά
3068 2204 3147 2248 τις
3167 2187 3428 2255 κρείττων
3448 2188 3665 2253 ὁραθεὶς
3683 2189 3778 2240 καὶ
3801 2189 4037 2257 προσδε-

2461 2278 2606 2348 χθεὶς
2640 2279 2867 2347 δύναμις
2929 2282 3039 2343 τοῖς
3061 2282 3398 2348 Σαρακηνοῖς
3431 2283 3775 2350 ἀντεφέρετο,
3812 2283 4036 2344 Ἰόππην

2462 2370 2972 2439 ἐπανασωσάμενος,
2997 2371 3142 2441 ἢνῦν
3162 2374 3296 2424 Ἀκε
3326 2373 3565 2437 λέγεται,
3598 2374 3691 2425 καὶ
3725 2375 3919 2440 ἐτέρας
3942 2373 4036 2425 πό-

2460 2463 2572 2525 λεις
2589 2467 2699 2526 τοῖς
2714 2465 3024 2532 ὁμοτύλοις.
3042 2465 3200 2517 Ἀλλά
3221 2467 3328 2533 γὰρ
3350 2468 3431 2519 ὅτι
3464 2472 3553 2520 καὶ
3575 2469 3645 2519 τά
3668 2471 3782 2519 ἐκεῖ
3801 2469 4034 2536 πάσχειν

2462 2553 2648 2615 κακῶς
2662 2552 2960 2624 ἀφώριστο.
2981 2554 3196 2606 ἄλλοι-τε
3220 2555 3375 2606 καλοὶ
3397 2556 3489 2607 καὶ
3504 2558 3740 2621 γενναῖοι
3759 2556 4039 2608 ἀπώλοντο

2463 2642 2765 2711 στρατηγοὶ
2793 2643 2891 2710 τὴν
2954 2644 3095 2694 κατά
3155 2644 3387 2711 Χριστὸν
3445 2644 3659 2706 ἑκόντες
3689 2646 3780 2696 καὶ
3808 2645 4038 2706 οἰκείοις

2462 2729 2714 2798 ὀψωνίοις
2752 2732 2974 2796 πορείαν
3023 2733 3388 2797 στειλάμενοι,
3456 2733 3552 2785 καὶ
3585 2733 3747 2793 αὐτὸς
3777 2734 3837 2786 δὲ
3878 2734 4035 2785 ἀναι-

2465 2820 2636 2887 ρεῖται
2677 2818 2780 2870 ὑπὸ
2826 2818 3111 2880 Χασισίου,
3151 2818 3345 2886 μικρόν
3373 2836 3425 2870 τι
3458 2819 3731 2880 ἐπιϐιοὺς,
3764 2822 3859 2871 καὶ
3897 2821 4039 2872 νὸσον

2467 2910 2662 2979 πεῖραν
2693 2912 2792 2979 τῆς
2816 2909 2981 2962 αὑτοῦ
3004 2909 3259 2979 ἀνδρείας
3280 2926 3337 2962 τε
3366 2910 3460 2961 καὶ
3488 2912 3805 2979 φρονήσεως
3853 2910 4039 2962 δοῦναι

2464 3005 2575 3065 τοῖς
2611 3004 2931 3072 ’Δγαρηνοῖς
2950 3004 3043 3055 καλ
3075 3003 3480 3071 θαυμασθῆναι.
3514 3004 3676 3065 Γένος
3702 3004 3757 3055 δέ
3812 3005 3952 3054 εἰσιν
3983 3004 4035 3053 oi

2465 3091 2714 3144 Χασίσιοι
2775 3089 3046 3157 τοσαύτην
3103 3090 3397 3156 λεγόμενον
3450 3092 3641 3159 τηρεῖν
3673 3090 3750 3158 τῷ
3807 3093 4036 3159 ἄρχοντι

2465 3184 2616 3250 σφῶν
2673 3182 2936 3250 συστολὴν
2961 3185 3052 3233 καὶ
3080 3183 3188 3232 τῶν
3208 3180 3604 3249 ἐντελλομένων
3633 3180 3930 3249 πλήρωσιν,
3963 3182 4039 3243 ὡς

2460 3276 2555 3328 καὶ
2582 3275 2723 3327 κατὰ
2755 3274 3016 3343 κρημνῶν
3041 3273 3199 3325 ὼυεῖν
3222 3272 3451 3333 ἑαυτοὺς
3476 3271 3685 3322 ἐκείνου
3716 3272 3803 3321 ἐπ’
3832 3271 4033 3339 ὀφρύσι

2461 3370 2746 3429 νεύσαντος
2811 3370 2972 3436 μόνον
3039 3371 3127 3419 καῖ
3191 3365 3441 3435 χορεύειν
3505 3365 3651 3417 κατά
3707 3364 3881 3429 ξιφῶν
3943 3365 4040 3415 καὶ

2463 3461 2669 3512 ὑδάτων
2724 3458 3086 3514 διαϐάλλεσθαι
3146 3461 3240 3509 καὶ
3297 3459 3440 3509 κατᾶ
3512 3458 3687 3525 πυρδς
3750 3456 4039 3515 ἀκοντίζε-

2465 3552 2611 3603 σθαι.
2650 3552 2862 3619 Ἀμέλει
2897 3567 2979 3602 τοι
3012 3552 3103 3601 καί
3136 3550 3270 3614 πρὸς
3301 3548 3395 3611 οὓς
3438 3550 3502 3599 ἂν
3534 3548 3792 3599 ἐθέλωσιν
3822 3548 3869 3597 οἱ
3928 3547 4039 3603 τῶν

799 3636 1077 3689 Χασισῑων
1130 3638 1532 3701 ἐξουσιάζοντες
1582 3641 1973 3693 ἀποστέλλουσι
2032 3641 2159 3701 τοὺς
2221 3642 2361 3708 σφᾶς
2398 3641 2797 3712 ἀναιρήσοντας
2824 3661 2838 3674 ⁸
2908 3645 2958 3697 οι
2993 3644 3047 3695 δὲ
3087 3643 3159 3702 t'o;
3222 3642 3388 3708 φίλιοι
3423 3640 3740 3709 προσιόντες
3772 3639 3804 3705 ἢ
3843 3638 4037 3699 καλῶς

798 3723 1063 3791 ἐπήλυδες
1107 3724 1335 3787 ἐκείνοις
1392 3727 1791 3796 ὀφθέντεςητι
1841 3728 1949 3779 τῶν
2007 3729 2359 3796 καθηκόντων
2399 3731 2573 3781 εἰπεῖν
2626 3731 2864 3797 ἔχοντες,
2912 3730 2943 3791 ἢ
3007 3730 3100 3779 καὶ
3150 3728 3224 3788 ὼς
3254 3726 3511 3792 πρέσϐεις
3574 3726 3631 3788 ἐξ
3680 3724 3849 3776 ἐθνῶν
3880 3726 4038 3793 ἥκειν

796 3809 1184 3879 πλαττόμενοι,
1220 3812 1515 3880 πλήττουσι
1540 3814 1800 3874 πολλάκις
1865 3813 2232 3882 παραξιφιδίῳ
2287 3817 2382 3867 καὶ
2420 3814 2709 3867 Θανατοῦσι
2772 3818 2897 3876 τοὺς
2962 3816 3074 3873 τοῖς
3126 3814 3334 3881 κυρίοις
3368 3812 3546 3863 αὐτῶν
3577 3810 3925 3878 ἀντίφρονας,
3962 3810 4039 3876 μὴ

797 3898 859 3949 τὸ
885 3896 979 3949 τοῦ
1017 3900 1338 3967 πράγματος
1365 3898 1597 3968 ἐργῶδες
1623 3899 1760 3962 ὅλως
1813 3902 1872 3951 ἐν
1896 3900 1971 3969 νῷ
2017 3899 2360 3969 βαλλόμενοι,
2404 3901 2528 3971 μηδ’
2587 3903 2666 3954 ὅτι
2691 3901 2753 3953 ἐκ
2815 3918 2908 3953 του
2935 3900 3205 3967 δήπουθεν
3220 3897 3670 3968 ἀναιρεθήσονται
3702 3897 3831 3961 γοῦν
3859 3897 4035 3958 αὐτοὶ,

802 3983 897 4035 καὶ
932 3983 1005 4051 μὴ
1037 3984 1126 4035 τὸν
1154 3983 1343 4053 ἐτέρου
1379 3984 1866 4054 καταπραξάμενοι
1903 3986 2155 4039 θάνατον.

871 4077 1169 4143 Imperator
1202 4092 1331 4130 vero
1362 4077 1582 4131 circiter
1616 4078 1701 4131 his
1732 4077 1880 4131 mille
1930 4077 2158 4132 delectis
2207 4077 2362 4143 viris,

802 4168 1001 4237 quibus
1040 4183 1190 4220 arma
1244 4179 1299 4221 et
1350 4170 1565 4222 veloces
1596 4184 1769 4237 equos
1821 4168 1994 4232 dedit,
2025 4169 2367 4224 Taurocomo

800 4259 866 4313 ad
894 4260 1079 4312 hostes
1108 4259 1427 4323 contendit;
1459 4259 1848 4326 impedimenta
1901 4261 2104 4326 omnia,
2139 4261 2276 4314 lixas
2311 4269 2367 4313 et

802 4348 1023 4401 calones
1048 4347 1454 4415 Adrianopolim
1517 4348 1596 4401 ire
1624 4350 1808 4418 jussit.
1867 4347 2077 4403 Interea
2120 4352 2368 4417 specula-

805 4449 948 4492 tores
976 4437 1139 4507 518
1171 4439 1427 4490 nuntiant
1460 4439 1690 4492 Blachos
1732 4440 1850 4492 loca
1894 4439 2115 4494 Lartlea:
2141 4440 2368 4495 ﬁnitima
2404 4447 2445 4501 ι)
2475 4438 2497 4489 ὅ

2179 4442 2368 4495 nilirna
2404 4447 2445 4501 ι)
2475 4438 2629 4505 ὄχλον
2659 4438 2715 4497 ἐς
2758 4434 3195 4503 Ἀδριανούπολιν
3257 4435 3469 4484 ἱκέσθαι
3523 4433 3826 4498 ὃτατετάχει
3858 4448 3869 4458 ·

803 4538 1016 4581 vastare
1054 4568 1067 4588 ,
1143 4543 1207 4581 ac
1280 4529 1466 4582 multis
1553 4530 1749 4582 occisis
1830 4545 1929 4583 nec
2019 4531 2370 4598 paucioribus

804 4618 979 4684 captis
1029 4633 1155 4670 cum
1214 4620 1446 4672 maxima
1505 4620 1685 4688 pra-da
1747 4620 2031 4674 discedere
2088 4624 2368 4677 statuisse.

805 4710 973 4777 Igitur
997 4718 1159 4760 noctu
1194 4709 1437 4763 classicis
1481 4710 1807 4764 canentibus
1856 4724 2156 4766 conscenso
2205 4729 2367 4782 equo,

805 4812 929 4851 cum
975 4798 1040 4850 ad
1090 4799 1377 4853 Basternas
1430 4799 1555 4865 (loci
1607 4816 1805 4854 nomen
1867 4805 1971 4869 cst)
2010 4804 2370 4871 pervenisset,

804 4890 957 4943 nullo
980 4890 1134 4943 hoste
1153 4899 1471 4957 apparente,
1497 4891 1681 4959 quiete
1698 4892 2024 4947 refocillavit
2048 4895 2369 4946 exercitum.

806 4981 1014 5035 Triduo
1046 4983 1317 5051 postinde
1365 4982 1664 5052 digressus,
1713 4998 1870 5036 mane
1906 4984 2141 5037 Berroen
2186 5000 2374 5037 versus

808 5075 913 5128 iter
944 5073 1267 5141 ingreditur.
1301 5073 1436 5127 Cum
1491 5072 1735 5125 nondum
1785 5083 2018 5141 quatuor
2051 5089 2375 5142 parasangas

812 5165 1189 5234 processisset,
1249 5166 1385 5218 mali
1435 5166 1663 5217 nuntius
1710 5164 1882 5222 adest.
1939 5164 2102 5215 homo
2152 5164 2373 5230 quidam

810 5260 1141 5328 expeditus,
1196 5259 1289 5326 qui
1346 5257 1539 5327 spiritu
1606 5274 1670 5308 ex
1725 5256 2071 5309 festinatione
2146 5255 2375 5307 subinde

815 5354 1127 5420 interrupto
1174 5359 1360 5404 narrat
1419 5351 1604 5404 hostes
1659 5365 1767 5402 non
1828 5349 2017 5416 procul
2073 5348 2196 5398 inde
2251 5361 2376 5397 cum

815 5442 997 5511 praeda
1032 5445 1254 5502 reverti,
1313 5457 1376 5495 ac
1409 5441 1741 5510 pedetentim
1778 5440 1889 5492 fere
1927 5438 2201 5498 incedere,
2231 5438 2375 5505 quod

813 5542 862 5585 ct
901 5531 1112 5584 nullum
1150 5532 1361 5586 hostem
1410 5531 1748 5584 invenissent
1792 5537 1848 5581 et
1882 5527 2156 5580 manubiis
2193 5526 2375 5580 onusti

814 5633 1016 5678 esst-nt.
1045 5623 1225 5690 Quare
1256 5626 1436 5678 statim
1456 5622 1697 5678 exercitu
1723 5622 1864 5674 inter
1889 5619 2058 5673 duces
2082 5616 2381 5671 distributo

813 5722 866 5768 et
891 5715 1006 5768 acie
1060 5718 1346 5778 instructa,
1385 5731 1504 5769 eam
1537 5714 1678 5768 viam
1723 5712 1921 5766 institit
1969 5724 2075 5779 qua
2124 5708 2379 5764 incedere

2558 4076 2697 4129 Ἀλλ’
2724 4079 2752 4129 ὁ
2779 4077 2878 4146 μὲν
2919 4074 3172 4145 βασιλεὺς
3217 4075 3343 4140 περὶ
3400 4074 3691 4143 δισχιλίους
3714 4073 4039 4137 ἐπιλέκτους

2477 4168 2802 4237 ἀποκρίνας,
2856 4167 2951 4219 καὶ
2974 4165 3185 4225 τούτοις
3220 4165 3361 4217 ὅπλα
3409 4167 3501 4215 καλ.
3528 4165 3727 4225 ἵππους
3750 4164 4039 4224 ὠκύποδας

2474 4260 2708 4322 διαδοὺς,
2743 4258 2998 4327 ὥρμησεν
3025 4260 3086 4308 ἐκ
3113 4254 3207 4307 τοῦ
3265 4254 3634 4325 Ταυροκώμου
3670 4255 3806 4321 πρὸς
3852 4253 3909 4303 τὸ
3939 4268 4039 4303 πο-

2475 4350 2682 4416 λέμιον,
2709 4348 2808 4417 τὴν
2836 4348 2879 4399 δ’
2922 4346 3233 4415 ἀποσκευὴν
3261 4348 3438 4396 πᾶσαν
3462 4347 3553 4396 καὶ
3583 4346 3670 4394 τὸν
3707 4342 4042 4411 ὑπηρετικὸν

3905 4433 3956 4482 οί
3983 4431 4041 4482 δὲ

2475 4527 2805 4595 ἠγγέλλοντο
2831 4524 2980 4592 παρά
3007 4524 3114 4575 τῶν
3146 4526 3280 4590 ὀπτή
3293 4540 3399 4591 ρων
3423 4522 3490 4574 τα
3520 4523 3645 4588 περὶ
3676 4522 3762 4571 τὴν
3794 4521 4041 4590 Λαρδέαν

2476 4617 2832 4685 κατατρέχειν
2868 4616 3062 4683 χωρία,
3099 4616 3191 4665 καὶ
3220 4614 3505 4672 πλείστους
3531 4614 3628 4680 μὲν
3651 4613 4037 4673 ἀπεκτονέναι,

2473 4708 2572 4758 οὐκ
2629 4706 2885 4765 ἐλάττους
2917 4704 2970 4755 δὲ
3003 4703 3400 4770 συνειληφέναι,
3459 4704 3550 4753 καὶ
3610 4704 3683 4762 ὡς
3737 4703 4041 4760 ἐπαναζευ-

2475 4798 2658 4865 γνύειν
2686 4796 2955 4863 ἐγνώκασι
2988 4795 3198 4846 πολλῶν
3260 4794 3705 4861 ἐμπεπλησμένοι
3735 4794 4041 4861 ὠφελειῶν.

2489 4889 2763 4955 Ἐννύχιος
2816 4886 2996 4938 τοίνυν
3049 4886 3155 4937 ὑπὸ
3210 4886 3470 4950 σάλπιγγι
3517 4886 3604 4934 τὸν
3637 4885 3805 4937 ἵππον
3832 4884 4043 4944 ἀναϐὰς

2477 4979 2791 5045 ἐπορεύετο,
2824 4977 2917 5027 καὶ
2946 4974 3086 5026 κατά
3108 4974 3270 5025 τόπον
3321 4972 3443 5023 τινά
3467 4974 3773 5041 Βαστέρνας
3816 4971 4047 5037 λεγόμε-

2476 5087 2565 5120 νον
2591 5067 2889 5135 ἀφιγμένος
2907 5065 3267 5119 διανέπαυσεν
3298 5064 3479 5114 ἐκεῖσε
3509 5063 3607 5129 τὴν
3647 5063 3929 5131 στρατιὰν,
3968 5063 4045 5129 μὴ

2478 5159 2914 5225 ἐπιφαινομένων
2943 5156 3051 5206 τῶν
3084 5154 3376 5222 πολεμίων.
3410 5154 3561 5205 Μετά
3588 5153 3643 5204 δέ
3661 5154 3805 5217 τρεῖς
3832 5151 4043 5220 ἡμέρας

2481 5247 2565 5320 [Ρ.
2598 5246 2728 5318 254]
2787 5248 2999 5298 ἐκεῖθεν
3064 5248 3281 5315 ἀπάρας
3331 5246 3429 5307 τῆς
3482 5246 3610 5296 εὐθὺ
3656 5244 3753 5311 τῆς
3805 5244 4046 5313 Βερμης

2479 5339 2989 5407 ἐπορθρευσάμενος
3028 5338 3254 5407 ἥπτετο.
3296 5336 3434 5386 ’Λλλ“
3485 5333 3639 5386 οὔπω
3678 5334 4044 5400 παρασάγγας

2482 5431 2723 5498 παρῆλθε
2762 5432 3049 5498 τέσσαρας,
3082 5427 3172 5479 καί
3197 5445 3278 5486 τις
3302 5426 3534 5490 εΰζηνιος
3563 5425 3850 5489 ἐῳὶσταται
3884 5427 4043 5491 ἀνὴρ,

2480 5524 2541 5574 τὸ
2562 5525 2657 5589 τῆς
2684 5520 2939 5588 ἀγγελίας
2965 5524 3102 5587 ἔχων
3128 5519 3219 5570 ἐπὶ
3242 5516 3333 5568 τοῦ
3375 5514 3665 5582 προσώπου
3732 5516 3921 5574 κακὸν,
3958 5518 4049 5566 καὶ

2482 5615 2633 5678 ἔλεγε
2700 5613 2762 5662 τὸ
2803 5610 3015 5677 πνεῦμα
3076 5608 3331 5677 συχνάκις
3382 5606 3821 5671 ἀνακαλούμενῦς
3870 5606 4048 5671 ἀγχοῦ

2486 5722 2586 5755 που
2646 5704 2759 5771 μετ’
2811 5702 3185 5772 αἰχμαλωσίας
3226 5700 3287 5751 τὸ
3322 5697 3611 5751 ἀντίπαλον
3660 5697 4048 5764 ὑποστρέφειν,
