4304 6354
236 357 337 420 τδι

1296 368 1396 429 DE
1440 366 1740 428 ISAACIO
1779 366 2086 426 ANGELO
2131 369 2277 429 LIB.
2323 369 2401 427 ll.

3390 375 3499 437 762

235 474 531 544 ἀνειμένην
568 474 635 528 τὰ
657 478 886 532 πλεῖστα
909 480 1007 549 τὴν
1032 482 1258 552 πορείαν
1292 484 1416 537 κατ’
1440 488 1610 557 ἄμφω
1639 504 1823 542 ποιου-
1854 487 1895 543 Α
1925 484 1935 535 Ι

1802 516 1823 528 .
1854 487 1895 543 Α
1925 484 2110 538 Ilvates
2139 484 2477 536 ferebantur.
2527 484 2677 549 Quos
2739 485 2830 539 ubi
2888 486 3125 541 vidimus
3159 499 3216 543 et
3263 490 3499 545 vicissim

239 581 425 633 μενον,
452 566 532 619 ὅτι
562 583 622 620 τε
665 569 859 624 οὐδένα
911 572 1161 643 ἑώρακεν
1212 576 1538 647 άντίμαχον,
1589 581 1679 634 καὶ
1744 581 1821 642 ὡς

235 658 512 730 ἐμφορτον
567 664 904 731 παμπόλλων
959 667 1231 737 ληῖσμῶν.
1294 671 1503 725 Δῦτίκα
1550 672 1684 741 γοῦν
1744 675 1823 735 εἰς

234 752 519 819 ἡγεμόνας
548 752 611 806 τὸ
659 756 819 808 συνὸν
862 757 1057 829 ἐκείνῳ
1102 760 1293 815 διελών
1352 765 1695 833 στράτευμα.
1729 763 1823 816 καὶ

236 844 430 912 σχῆμα
476 848 837 913 παρατάξεως
891 849 1121 919 θέμενος
1152 891 1168 914 .
1250 854 1451 909 ὥδευεν
1513 857 1733 924 ἐκείνην
1756 857 1823 924 ἦν

232 934 539 1004 ὁδοιπορεῖν
587 936 808 1003 ἐλέγετο
859 940 920 991 τὸ
978 942 1256 1011 πολέμιον.
1318 945 1549 999 Ἐπεὶδέ
1609 946 1823 1014 εἷδομέν

232 1037 297 1074 τε
322 1023 418 1073 καὶ
439 1021 745 1091 ἐθεάθημεν
786 1028 1151 1097 (συνειπόμην
1186 1033 1297 1101 γὰρ
1331 1035 1426 1085 καὶ
1464 1034 1632 1096 αὐτὸς
1662 1034 1820 1102 βασι-

233 1113 321 1165 λεί
352 1114 916 1185 ὑπογραμματεύων),
974 1122 1024 1173 οί
1055 1123 1156 1189 μὲν
1210 1123 1417 1177 Σκύθαι
1481 1128 1575 1179 καὶ
1629 1126 1822 1195 Βλάχοι

232 1203 335 1273 τὴν
368 1205 518 1259 λείαν
551 1210 887 1277 παραδόντες
941 1216 1085 1265 τισὶν
1114 1214 1173 1278 ἐξ
1202 1216 1385 1269 αὐτῶν
1436 1216 1657 1287 μοίραις
1701 1222 1821 1272 ἐκέ-

233 1298 436 1351 λευσαν
484 1301 584 1362 τάς
646 1303 1062 1373 ἐπιτομωτέρας
1120 1309 1485 1375 ἀναλέγεσθαι
1548 1311 1655 1363 τῶν
1681 1312 1821 1364 ὁδῶν

232 1393 331 1445 καὶ
359 1390 457 1460 τὴν
503 1392 729 1461 πορείαν
754 1396 1073 1461 ἐπιτείνειν,
1131 1399 1236 1462 lio;
1260 1400 1328 1453 ἂν
1358 1400 1677 1470 ἐφάψωνται
1712 1405 1821 1455 τῶν

231 1484 524 1552 όρειαίωνδ
584 1487 633 1537 οί
664 1485 710 1538 δ’
735 1486 884 1540 ἄλλοι
930 1492 1339 1560 συστραφέντες
1391 1493 1636 1563 ἐδέχοντο
1658 1495 1822 1547 εὐπε-

232 1573 349 1636 τῶς
378 1576 506 1638 τοὺς
531 1578 654 1629 κατ’
684 1579 863 1631 αὐτῶν
890 1582 1297 1651 ίππαζομένους
1344 1584 1671 1654 Ῥωμαίους,
1729 1586 1820 1639 τὸν

231 1665 467 1735 πάτριον
496 1671 677 1730 αὐτοῖς
714 1670 809 1722 καὶ
836 1670 1009 1739 ἠθάδα
1029 1672 1230 1741 τρόπον
1260 1676 1556 1745 μαχόμενοι
1577 1692 1592 1707 ’
1644 1675 1823 1729 ἐπιόν-

229 1770 326 1817 τες
357 1756 468 1825 γὰρ
497 1758 733 1826 ἠφίεσαν
758 1759 995 1830 βέλεμνα
1018 1767 1112 1815 καὶ
1134 1763 1324 1834 δόρασι
1350 1765 1812 1832 προσεπλέκοντο,

235 1847 380 1916 μετὰ
418 1846 593 1927 βραχὺ
622 1849 677 1901 δὲ
708 1852 1105 1919 μεταϐαλόντες
1163 1857 1265 1919 τὴν
1297 1856 1476 1925 ὁρμὴν
1510 1858 1591 1919 εἰς
1638 1857 1816 1927 φυγὴν

232 1939 331 1989 καὶ
356 1940 723 1994 καταδιώκειν
755 1943 933 1996 ὀπίσω
976 1948 1127 2013 σφῶν
1174 1947 1251 2010 ὡς
1282 1949 1539 2015 φυγάδων
1570 1950 1631 2001 τὸ
1661 1950 1817 2002 ἀνθι-

232 2031 505 2097 στάμενον
563 2034 927 2100 ἐρεθίζοντες,
982 2035 1138 2096 αὖθις
1188 2040 1261 2100 ὡς
1313 2041 1435 2092 οὐδὲ
1493 2042 1674 2109 πτηνὰ
1726 2046 1816 2093 τὸν

228 2120 376 2188 ἀέρα
397 2121 664 2186 τέμνοντα
695 2125 763 2176 τὰ
806 2127 950 2179 νῶτα
980 2130 1059 2189 εἱς
1090 2130 1189 2197 τὴν
1213 2130 1321 2181 τῶν
1349 2131 1528 2197 ὄψεων
1591 2150 1818 2200 μετατι-

230 2211 453 2279 θέμενοι
503 2215 688 2284 χώραν
742 2218 967 2270 ἐνώπιοι
999 2223 1109 2281 τοῖς
1148 2222 1395 2274 ἐπιοῦσιν
1419 2223 1690 2291 ἐμάχοντο
1724 2225 1817 2275 καὶ

229 2304 416 2373 πολλῷ
441 2309 816 2377 γενναιότερον
848 2312 1267 2366 συνεπλέκοντο.
1301 2315 1404 2366 Καὶ
1457 2316 1619 2366 τοῦτο
1685 2315 1815 2367 πολ-

228 2393 390 2457 λάκις
454 2400 835 2466 πεποιηκότες,
889 2402 963 2460 ὡς
1022 2403 1125 2472 ἢδη
1180 2405 1287 2454 τῶν
1332 2405 1621 2473 Ῥωμαίων
1677 2401 1816 2477 ἦσαν

229 2490 709 2556 ἐπικρατέστεροι,
736 2494 917 2546 οὐκέτ’
944 2495 1255 2564 ἐμέμνηντο
1279 2498 1388 2549 τῶν
1419 2498 1660 2564 ἐλίξεων,
1685 2501 1815 2554 ἀλλὰ

229 2583 301 2632 τὰ
333 2582 465 2650 ξίφη
494 2584 886 2650 γυμνώσαντες
914 2588 1007 2639 καί
1042 2606 1165 2641 τινα
1207 2591 1336 2659 βοὴν
1367 2593 1815 2662 ἐκπληκτικωτά-

229 2688 334 2740 την
389 2675 721 2741 ἐκρήξαντες
780 2679 978 2747 μικροῦ
1053 2683 1148 2733 καὶ
1231 2683 1562 2752 ἐννοήματος
1628 2686 1814 2757 τάχιον

245 2761 543 2831 Ῥωμαίοις
568 2769 847 2831 ἐνέπεσον,
908 2772 1002 2822 καὶ
1039 2771 1131 2821 τὸν
1164 2775 1471 2842 μαχόμενον
1499 2778 1699 2845 ὁμοίως
1724 2780 1812 2831 καὶ

229 2855 326 2905 τὸν
357 2855 760 2925 δειλαινόμενον
792 2860 1308 2929 καταλαμϐάνοντες
1342 2866 1673 2935 ἐξεθέριζον.
1706 2869 1812 2921 Καὶ

230 2947 353 3013 τάχ’
386 2949 450 2997 ἂν
486 2947 581 3015 τὴν
636 2950 757 3001 τότε
816 2952 1033 3020 ἡμέραν
1080 2954 1128 3004 οί
1191 2956 1393 3007 Σκύθαι
1450 2958 1597 3025 μέγα
1658 2959 1813 3021 κλέος

229 3038 503 3105 ἀράμενοι
573 3044 1067 3110 κατικαυχήσαντο
1122 3046 1278 3111 ἡμῶν
1334 3050 1427 3097 καὶ
1476 3049 1586 3115 λαῷ
1616 3050 1811 3117 ἄφρονι

1926 576 2204 644 conspecti
2266 590 2457 628 sumus
2505 577 2651 633 (nam
2701 587 2758 630 et
2801 593 2903 643 ego
2970 578 3353 647 imperatorem
3408 598 3506 649 pro

1927 667 2105 723 scriba
2138 666 2485 735 comitabar),
2518 666 2732 737 Scytha:
2761 678 2815 720 et
2839 668 3045 729 Blacbi,
3084 670 3263 737 przeda
3304 672 3506 725 cohor-

1930 760 2077 814 tibus
2104 759 2314 828 aliquot
2338 774 2568 813 suorum
2599 759 2796 815 tradita
2828 776 2924 815 eos
2958 763 3283 832 compendia
3337 764 3503 816 itine-

1926 866 2050 904 rum
2088 851 2286 904 sectari
2309 859 2366 903 et
2400 850 2737 912 accelerare,
2769 850 2901 904 dum
2954 862 3214 905 montana
3265 858 3506 921 attinge-

1928 953 2072 1003 rent.
2105 943 2409 1011 juSserunt.
2432 941 2595 1010 519
2626 943 2846 1012 Reliqui
2866 942 3178 1010 conglobati
3200 944 3506 996 Romanun:

1924 1031 2234 1099 equitatum
2291 1031 2568 1097 intrepide
2622 1042 2983 1100 exceperunt,
3040 1032 3217 1099 patrio
3272 1033 3378 1086 ritu
3411 1050 3509 1101 pu-

1926 1133 2178 1191 gnantes.
2213 1121 2347 1175 Nam
2407 1136 2532 1173 cum
2586 1121 2933 1183 accederent,
2990 1124 3218 1191 sagittas
3252 1122 3510 1190 conjicie-

1926 1212 2057 1266 bant
2087 1224 2143 1267 ct
2192 1213 2365 1265 hastis
2408 1211 2928 1281 congrediebantur.
2986 1212 3157 1266 Paulo
3204 1228 3336 1265 vero
3389 1225 3515 1280 post

1925 1304 2133 1373 impetu
2170 1304 2224 1355 in
2258 1302 2439 1372 fugam
2471 1317 2765 1363 converso,
2804 1303 3058 1357 hostibus
3080 1304 3147 1356 ad
3179 1320 3511 1372 persequen-

1924 1394 2053 1447 dum
2130 1392 2396 1455 irritatis,
2463 1408 2654 1446 rursus
2736 1392 2911 1445 instar
2975 1393 3261 1446 volucrum
3327 1394 3510 1447 su|.ito

1924 1483 2134 1538 reversi
2166 1482 2396 1536 adversa
2454 1482 2636 1536 fronte
2688 1485 2863 1537 multo
2919 1483 3115 1537 fortius
3148 1484 3507 1537 dimicabant.

1922 1578 2042 1643 an
2076 1591 2219 1645 saepe
2251 1575 2394 1629 facto
2422 1591 2547 1629 cum
2574 1578 2684 1645 jam
2713 1576 3033 1644 superiores
3053 1590 3265 1633 esseut.
3291 1578 3511 1631 omissis

1924 1668 2034 1721 illis
2063 1666 2410 1720 anfractibus
2445 1665 2660 1734 gladios
2706 1667 3050 1720 strinxerunt
3084 1686 3097 1720 :
3139 1679 3195 1720 et
3255 1668 3507 1721 horribili

1923 1762 2163 1814 clamore
2192 1759 2412 1813 sublato
2439 1758 2589 1811 dicto
2610 1759 2775 1811 citius
2807 1759 2860 1812 in
2883 1760 3158 1813 Romanos
3190 1760 3499 1815 irrnoruut.

1918 1860 1974 1905 et
2004 1857 2319 1920 pugnantes
2349 1858 2403 1901 et
2433 1848 2706 1919 fugientes
2736 1865 2800 1903 cx
2833 1865 2991 1919 atquo
3050 1850 3394 1905 occiderunt.
3431 1850 3510 1904 Ac

1918 1958 1986 1996 eo
2014 1943 2103 1995 die
2148 1941 2385 1994 fortasse
2411 1955 2665 2009 magnam
2714 1940 2898 2009 adepti
2942 1941 3170 2011 gloriam
3222 1948 3511 2009 contemp-

1922 2032 2118 2085 tissimi
2148 2031 2332 2100 populi
2393 2030 2553 2083 nobis
2614 2030 2992 2094 insnltassent,
3049 2032 3153 2085 nisi
3209 2032 3508 2101 imperator

1921 2138 2044 2177 cum
2074 2124 2338 2191 phalange
2366 2138 2463 2174 sna
2490 2122 2669 2175 adhuc
2722 2122 2931 2188 integra
2986 2124 3416 2191 supervenisset,
3451 2134 3507 2178 et

1921 2214 2183 2267 incitatus
2238 2212 2595 2265 classicorum
2648 2223 2845 2265 cantus
2873 2223 2927 2265 et
2978 2216 3203 2283 clangor
3248 2216 3504 2269 tubarum

1918 2315 1973 2359 et
2014 2304 2188 2357 rictus
2223 2303 2489 2356 hiantium
2515 2304 2843 2366 draconum,
2876 2305 3051 2359 hastis
3104 2307 3355 2375 suspensi
3388 2316 3442 2360 et
3476 2323 3504 2361 a

1916 2396 2098 2449 ventis
2150 2394 2359 2464 agitati,
2400 2395 2587 2448 hostes
2636 2396 2858 2464 majoris
2903 2397 3180 2449 exercitus
3244 2399 3504 2465 opinione

1921 2489 2265 2543 terruissent.
2294 2491 2371 2541 Ac
2404 2497 2533 2540 tunc
2588 2489 2886 2555 imperator
2935 2504 3097 2556 parva
3155 2491 3500 2559 captivorum

1917 2588 2073 2649 parte
2108 2579 2257 2631 velut
2291 2594 2356 2631 ex
2404 2578 2656 2632 faucibus
2680 2579 2920 2633 ferarum
2966 2592 3176 2650 erepta,
3244 2583 3499 2636 instituto

1920 2669 2121 2724 itinere
2158 2670 2385 2731 omisso,
2422 2670 2839 2738 Adrianopolim
2876 2674 3141 2741 pervenit.
3194 2673 3356 2744 520
3395 2675 3502 2729 Sed

1916 2764 2044 2832 quia
2076 2762 2290 2816 barbari
2322 2778 2430 2815 non
2458 2763 2835 2832 quiescebant,
2856 2780 3020 2832 quam
3046 2765 3187 2819 viam
3213 2768 3499 2829 omiserat,

1916 2853 2103 2907 denuo
2177 2868 2401 2906 currere
2462 2854 2732 2919 instituit;
2785 2866 2841 2908 et
2892 2854 3131 2909 Berroen
3198 2859 3499 2926 profectus,

1918 2942 2241 2997 Blachorum
2292 2952 2347 2996 et
2396 2942 2721 3013 Scytharum
2803 2945 3160 3001 excursiones
3222 2963 3345 3000 cum
3408 2964 3504 3015 per

1916 3036 2086 3089 duces
2148 3036 2222 3087 rei
2297 3034 2501 3087 bellica!
2560 3037 2765 3104 peritos
2817 3045 2930 3089 tum
2990 3053 3087 3106 per
3143 3040 3499 3106 semetipsum

230 3127 438 3189 ὃνειδος
474 3097 960 3198 παίνεδ·5οη;αεν,.εἰ
989 3132 1061 3200 μὴ
1085 3097 1247 3194 catt;
1290 3097 1627 3202 ἐπεϐοήθησε
1660 3097 1813 3205 ἐθάσι-
1838 3097 1882 3158 C
1918 3144 1930 3180 t

1794 3168 1813 3176 _
1838 3097 1882 3158 C
1918 3128 2206 3195 repressit.
2231 3127 2336 3192 Qui
2362 3129 2464 3181 etsi
2503 3130 2779 3182 Romanos
2803 3129 3139 3182 verebantur
3164 3140 3219 3183 et
3265 3132 3494 3199 impera-

229 3219 362 3280 λεὺς
397 3222 478 3269 ἔτι
519 3221 616 3287 τὴν
657 3223 784 3288 περὶ
832 3225 995 3274 αὐτῖην
1052 3226 1190 3291 ἔχων
1222 3229 1501 3295 ἀκραιφνῆ
1532 3230 1810 3295 φάλαγγα,

229 3313 371 3365 αἵτε
400 3313 697 3379 σάλπιγγες
764 3316 1012 3383 ἐπίτοροι
1070 3317 1411 3379 ἀλαλάξασαι
1446 3321 1538 3370 καὶ
1588 3321 1642 3372 αἱ
1685 3322 1812 3389 χαλ-

231 3404 493 3469 κόστομοι
529 3404 777 3465 κώδωνες
801 3405 1128 3472 διηχήσασαι
1153 3409 1218 3459 τά
1248 3426 1303 3459 τε
1337 3409 1445 3459 τῶν
1500 3410 1814 3479 δρακόντων

228 3495 467 3561 ὀᾳοέντα
497 3496 829 3563 εἰκάσματα,
864 3497 895 3549 ἃ
936 3498 1028 3549 ἐπὶ
1068 3499 1308 3566 δοράτων
1340 3500 1621 3570 ῂώρηνται
1656 3521 1811 3571 περι-

233 3584 544 3650 σοὸούμενα
606 3586 901 3653 πνεύμασι,
958 3592 1079 3651 τοὺς
1135 3591 1428 3657 πολεμίους
1457 3593 1812 3661 κατέπληξαν

232 3677 544 3739 φαντασῐαν
566 3680 919 3746 παρασχόντα
949 3679 1195 3743 μείζονος
1224 3684 1505 3750 στρατιᾶς.
1536 3685 1673 3737 Τότε
1710 3687 1812 3752 μὲν

230 3766 325 3818 οὖν
358 3766 612 3834 βασιλεὺς
647 3768 820 3837 βραχύ
854 3787 901 3819 τι
939 3774 1036 3838 τῆς
1068 3772 1446 3837 αἰχμαλωσίας
1483 3775 1555 3837 ὡς
1583 3777 1645 3827 ἐκ
1690 3777 1815 3826 στό-

235 3873 409 3925 ματος
443 3857 626 3926 Οηριὺν
650 3860 979 3927 ἀφαρπάσας
1040 3861 1302 3915 κατέλαϐε
1350 3866 1447 3933 τὴν
1509 3866 1818 3936 Ἀδριανού-

233 3950 419 4010 πολιν,
471 3951 537 4020 ἦν
606 3950 847 4019 βαδίζειν
914 3952 1185 4022 προύθετο
1232 3955 1553 4026 παρεικὼς·
1604 3961 1711 4012 τῶν
1757 3961 1815 4014 δὲ

236 4044 533 4113 βαρϐάρων
555 4045 656 4095 οὐκ
683 4043 1137 4115 ἡρεμούντων,ἣν
1164 4049 1381 4117 παρῆκε
1412 4052 1627 4121 τρέχειν
1662 4053 1816 4117 αὖθις

232 4136 433 4188 είλετο.
492 4136 600 4186 Καὶ
634 4136 695 4204 δὴ
752 4137 1047 4205 γενόμενος
1106 4141 1248 4190 κατὰ
1289 4140 1529 4212 Βερῤόην
1580 4144 1675 4207 τὰς
1704 4146 1814 4198 τῶν

235 4225 462 4283 Σκυθῶν
514 4227 608 4278 καὶ
642 4226 844 4276 Μυσῶν
898 4228 1219 4280 ἀνέστελλεν
1274 4232 1545 4299 ἐκδρομὰς
1596 4237 1689 4285 καὶ
1737 4236 1817 4287 δι’

235 4316 448 4384 ἀνδρῶν
500 4316 600 4383 μὲν
664 4316 1055 4384 ἡκριὸωκότων
1114 4320 1175 4369 τὸ
1210 4325 1559 4389 στρατηγεῖν,
1613 4324 1709 4375 καὶ
1736 4324 1814 4376 δι’

234 4407 432 4464 ἑαυτοῦ
460 4407 515 4460 δὲ
560 4408 657 4475 οὐχ
707 4408 929 4476 ἣκιστα.
990 4411 1050 4460 ΟΞ
1094 4409 1149 4460 δὲ
1205 4411 1406 4479 καίπερ
1469 4414 1810 4481 ὑφορώμενοι

247 4497 552 4565 Ῥωμαίους
579 4496 672 4547 καὶ
731 4496 995 4563 βασιλέως
1020 4498 1286 4566 παρόντος
1327 4500 1809 4567 ἐπιστρεφόμενοι,

232 4592 383 4657 ὅμως
412 4582 476 4640 αὖ
517 4586 671 4641 πάλιν
695 4586 1004 4638 ἐπετίθεντο
1042 4582 1463 4654 λαθραίως,ὦδέ
1498 4607 1573 4655 πη
1607 4590 1811 4659 ἐμϐαλ-

230 4682 418 4740 λοντες
447 4680 520 4739 ὡς
548 4680 1004 4748 πολεμησείοντες
1064 4682 1156 4731 καὶ
1219 4682 1541 4749 καραδοκεῖν
1574 4683 1649 4744 ώς
1696 4686 1817 4734 ἐπι-

230 4778 395 4834 όντας
420 4773 618 4833 αὐτοὺς
645 4774 1034 4843 παρεχόμενοι,
1073 4773 1258 4825 ἄλλοθι
1296 4774 1347 4823 δὲ
1389 4774 1813 4840 μεταϐαίνοντες

232 4865 327 4912 καί
348 4861 436 4912 άςί
469 4879 517 4912 τι
549 4860 782 4929 δρῶντες
802 4863 1075 4930 ἐπιτυχὲς.
1111 4858 1215 4913 ἾΙν
1240 4863 1282 4914 δ’
1309 4864 1397 4914 ὅτε
1434 4866 1525 4915 καί
1559 4864 1809 4932 βασιλεῦς

233 4956 333 5019 μὲν
360 4954 440 5014 εἰς
481 4952 844 5017 Ἅγαθίπολιν
874 4953 1122 5020 ἤλαυνεν.
1153 4956 1471 5022 ἐπισχήσων
1510 4958 1635 5015 τους
1666 4955 1807 5021 Βαρ-

231 5046 441 5113 ϐάρους
466 5043 572 5094 τῶν
602 5044 905 5111 ἐκδρομῶν,
942 5045 1095 5095 αὐτοὶ
1127 5046 1179 5096 δὲ
1227 5048 1323 5105 τὰς
1360 5045 1553 5114 κώμας
1601 5046 1812 5112 ἔκειρον

232 5133 288 5185 αἳ
320 5133 557 5196 ἄγχιστα
610 5125 751 5197 ἦσαν
807 5130 906 5197 τῆς
960 5131 1469 5193 Φιλιππουπὸὶεως.
1539 5134 1623 5203 [Ρ.
1683 5132 1811 5203 9.355]

232 5224 509 5275 Κάκείνου
571 5223 705 5288 πρὸς
749 5222 808 5271 τὸ
840 5223 1048 5289 πάσχον
1104 5226 1349 5285 ἐπιόντος
1411 5228 1607 5277 ἐκεῖνοι
1654 5223 1810 5287 αὖθις

233 5314 541 5380 ἐπήλαυνον
574 5312 629 5377 ἐξ
662 5306 735 5363 ὦν
774 5315 801 5364 ό
835 5313 1089 5380 βασιλεὺς
1132 5317 1485 5368 ἁπανίστατο.
1550 5316 1734 5368 Ταῦτα
1757 5317 1814 5368 δ’

234 5406 413 5457 ἐποίει
470 5404 663 5472 ἅτερος
712 5406 819 5456 τῶν
871 5406 1118 5473 ἀδελφῶν
1144 5411 1169 5458 ό
1215 5410 1403 5471 Ἄσαν,
1447 5409 1702 5477 ἀγχίνους
1736 5408 1811 5460 ὢν

232 5500 605 5563 διαφερόντως
636 5498 735 5547 κάν
765 5501 878 5559 τοῖς
896 5499 1121 5567 ἀπόροις
1152 5502 1439 5566 ἐπινοῆσαι
1460 5500 1526 5552 τὰ
1556 5502 1810 5571 ξύμφορα

234 5581 597 5639 ἱκανώτατος.
636 5583 896 5649 Ἐγνώκει
949 5588 1039 5637 ουν
1071 5589 1096 5637 ὀ
1127 5588 1383 5653 βασιλεὺς
1414 5591 1508 5638 καὶ
1536 5588 1699 5640 πάλιν
1732 5593 1809 5650 εἰς

239 5678 337 5743 τὴν
372 5674 621 5743 Ζαγοράν
656 5677 936 5738 εἰσελθεῖν,
971 5678 1064 5728 καὶ
1087 5674 1301 5741 ὼςόἶόν
1331 5697 1388 5731 τε
1417 5680 1805 5747 πειράσασθαι,

235 5768 703 5838 παραστήσασθαι
761 5771 883 5834 τοὺς
929 5772 1169 5834 Μυσούς.
1237 5774 1343 5827 Καὶ
1369 5773 1431 5842 δὴ
1467 5774 1671 5843 ἐξάρας
1702 5774 1809 5824 rit-3

1918 3218 2052 3270 teris
2084 3220 2430 3285 pra-sentiam
2461 3218 2855 3278 formidabant.
2888 3230 3067 3273 tamen
3118 3220 3311 3273 iterum
3362 3222 3498 3273 claui

1915 3310 2340 3370 insidiabantur,
2404 3311 2474 3360 ita
2529 3322 2888 3365 excurrentes
2948 3321 3006 3364 ut
3042 3328 3233 3381 pugna:
3272 3313 3413 3365 avidi
3447 3323 3502 3366 et

1914 3401 2148 3454 subimle
2211 3401 2563 3469 exspectandi
2642 3402 2992 3468 viderentur;
3073 3412 3129 3457 et
3189 3404 3323 3457 alias
3392 3406 3501 3458 alio

1917 3491 2249 3551 transibant,
2275 3507 2376 3543 nec
2400 3507 2630 3560 usquam
2671 3492 3059 3545 occasionibus
3084 3494 3332 3547 deerant.
3360 3496 3497 3547 Cum

1918 3583 2221 3650 imperator
2249 3582 2313 3635 ad
2342 3598 2438 3635 eos
2467 3583 2851 3651 reprimendus
2885 3584 3269 3653 Agatbopolim
3304 3601 3498 3652 propc-

1919 3675 2094 3736 rabal,
2126 3675 2199 3726 illi
2236 3690 2400 3744 pagos
2450 3676 2816 3743 Pliilippopoli
2854 3677 3129 3743 proximos
3160 3678 3445 3729 vastabant
3483 3695 3496 3730 :

1917 3780 2043 3817 cum
2089 3765 2302 3817 aﬂlictm
2356 3767 2495 3833 parti
2548 3766 2933 3827 succurrebat,
2973 3766 3047 3818 illi
3100 3781 3165 3819 eo
3218 3767 3501 3820 irruebant

1918 3855 2064 3908 unde
2096 3856 2185 3909 ille
2223 3858 2573 3910 discesserat.
2613 3857 2738 3911 llam
2778 3858 2915 3911 alter
2948 3857 3117 3913 frater
3150 3859 3289 3911 Asan
3333 3858 3499 3911 facie-

1918 3945 2032 4009 bat,
2061 3946 2224 3999 bomo
2250 3947 2725 4016 ingeniosissimus
2750 3956 2805 4001 et
2829 3947 2883 3999 in
2915 3947 3078 4000 rebus
3111 3949 3290 3999 dubiis
3324 3950 3497 4001 soler-

1920 4040 2185 4093 tissimus.
2235 4039 2422 4107 Itaque
2477 4040 2777 4107 imperator
2828 4056 2951 4094 cum
3008 4041 3189 4099 denuo
3236 4040 3496 4109 Zagoram

1918 4130 2197 4191 invadere.
2245 4140 2299 4183 ct
2353 4142 2616 4198 quantum
2664 4131 2888 4193 liceret,
2959 4131 3264 4198 periculum
3320 4130 3498 4183 facere

1919 4222 2245 4276 instituisset
2300 4238 2366 4273 an
2424 4221 2602 4289 Mysos
2655 4220 2721 4273 ad
2776 4220 3110 4273 deditionem
3170 4220 3498 4288 compellere

1920 4324 2122 4382 posset.
2159 4314 2517 4381 Philippopoli
2552 4312 2859 4365 Triadizam
2901 4313 3180 4382 digressus
3214 4323 3317 4365 est.
3363 4312 3495 4367 lude

1919 4407 2065 4457 enim
2124 4405 2370 4458 llzrmnin
2434 4404 2596 4457 facile
2651 4406 2790 4458 adiri
2846 4420 3024 4473 posse,
3085 4405 3283 4457 alicubi
3332 4405 3496 4464 etiam

1920 4495 2110 4561 planos
2142 4494 2387 4546 tramites
2421 4504 2628 4560 patere.
2664 4495 2795 4548 item
2825 4510 2979 4563 aqua:
3004 4494 3211 4547 aﬂ'atim
3239 4505 3293 4547 et
3325 4496 3497 4563 pabu-

1918 4586 2318 4654 lnmjunientis
2344 4594 2638 4653 suppetere
2669 4585 2942 4647 audierat,
2993 4585 3036 4639 si
3084 4587 3208 4654 quis
3243 4602 3309 4639 eo
3360 4599 3495 4638 tctu-

1920 4679 2126 4745 pestivc
2191 4676 2656 4745 proficisceretur.
2707 4676 2843 4739 Quia
2907 4691 3036 4729 vero
3089 4678 3282 4730 bruma
3336 4676 3491 4745 521

1920 4771 2179 4825 instabat.
2205 4778 2260 4820 et
2295 4767 2521 4820 ﬂumina
2560 4767 2639 4837 (in
2687 4767 2869 4837 gelido
2920 4768 3013 4821 illo
3050 4777 3107 4821 et
3160 4774 3479 4837 septentrio-

1918 4861 2027 4913 nali
2056 4859 2361 4928 prmsertim
2391 4857 2635 4927 climate)
2661 4861 3043 4928 congelabant.
3075 4868 3129 4911 et
3154 4859 3495 4915 densissima)

1918 4952 2071 5005 nives
2096 4967 2201 5003 nou
2238 4951 2411 5003 solum
2440 4958 2639 5002 terram
2669 4950 2992 5018 cpericbant
3033 4959 3088 5019 et
3116 4950 3283 5003 valles
3310 4949 3494 5017 exple-

1917 5044 2069 5105 bant,
2110 5043 2203 5097 sed
2245 5042 2443 5094 :cdium
2479 5056 2697 5111 quoque
2743 5040 2890 5095 fores
2933 5042 3319 5105 obstruebant,
3366 5058 3492 5094 eum

1918 5144 2173 5187 conatum
2215 5135 2268 5186 in
2304 5150 2531 5188 vernum
2575 5142 2791 5200 tempus
2809 5133 3039 5195 distulit,
3070 5142 3124 5185 et
3156 5134 3403 5186 exercitu
3438 5132 3493 5184 in

1920 5224 2007 5275 illa
2042 5223 2324 5291 provincia
2388 5224 2680 5276 hibernare
2711 5223 2884 5292 jusso.
2935 5238 3058 5275 cum
3119 5222 3389 5291 expeditis
3437 5222 3489 5273 in

1918 5315 2108 5367 urbem
2147 5330 2404 5368 reversus
2453 5316 2596 5369 ludis
2641 5313 2996 5368 Circensibus
3050 5326 3106 5367 et
3161 5313 3488 5381 spectaculis

1917 5408 2158 5459 animum
2192 5409 2483 5468 recreavit,
2516 5405 2669 5460 Veris
2702 5406 2859 5459 initio
2881 5422 3068 5459 rursus
3090 5416 3277 5460 contra
3312 5404 3486 5474 Mysos

1916 5514 2190 5567 egressus.
2219 5508 2273 5552 et
2310 5500 2484 5553 tribus
2517 5500 2743 5570 integris
2768 5498 3049 5552 mensibus
3103 5498 3155 5550 in
3196 5496 3483 5550 obsidione

1918 5591 2102 5643 Loliizi
2139 5593 2345 5644 castelli
2374 5592 2571 5645 frustra
2605 5608 2729 5645 cum
2752 5590 2985 5645 maximo
3011 5590 3197 5643 labore
3223 5602 3484 5643 consum-

1920 5684 2046 5753 ptis,
2089 5682 2290 5735 infecta
2343 5698 2398 5735 re
2432 5682 2653 5737 demum
2706 5683 2896 5737 rediit.
2948 5681 3079 5736 Nam
3140 5677 3487 5748 Propontidis

1916 5775 2223 5839 aiumnilas,
2291 5773 2617 5831 suavissima
2671 5773 3011 5842 diversoria,
3070 5770 3388 5824 venationes
3430 5781 3489 5837 οι
