4304 6354
812 360 916 419 763
2061 369 2361 432 NICET/E
2395 374 2801 436 CHONIATIE
3946 374 4055 435 τθι

811 482 1346 551 equitatimxes,quze
1402 488 1548 541 velut
1613 488 1820 541 catenis
1869 492 2252 561 constringere
2296 509 2389 546 so-
2422 497 2511 574 At}

2365 524 2389 536 -
2422 520 2459 574 Α
2493 491 2983 556 Φιλιππουπόλεως
3015 494 3093 555 εἰς
3121 494 3451 563 Τριάδιτζαν
3471 489 3859 559 παραγίνεται.
3882 488 4061 542 Ἐκεῖ-

813 576 929 628 lout
960 586 1159 627 nostra?
1187 579 1365 632 atatis
1401 581 1778 647 imperatores.
1811 600 1919 637 uou
1968 586 2060 637 diu
2106 600 2232 638 eum
2287 586 2390 638 sub
2489 586 2513 639 θ

2360 586 2390 638 b
2489 586 2581 639 θεν
2609 586 2716 655 γὰρ
2740 587 2969 656 ἠκηκόει
3008 586 3081 655 μὴ
3115 584 3517 652 δυσπορεύτους
3543 576 3685 635 εἶναι
3712 579 3854 633 κατά
3918 578 4060 629 πολὺ

815 666 907 716 dio
938 684 1053 716 ρεερ
1088 669 1361 731 sini-bant.
1400 674 1490 725 rei!
1542 674 1708 727 veluti
1747 676 1924 742 clipeo
1984 676 2197 745 abjecto
2230 675 2389 729 aufu-
2486 695 2515 728 τ

2363 706 2389 715 -
2486 678 2585 739 τὰς
2629 679 2706 737 είς
2751 678 2843 729 τὸν
2892 674 3063 743 Αἷμον
3113 674 3505 743 πορείας.ἀλλ⁹
3557 672 3669 725 ἔσθ’
3700 672 3807 738 ὅπη
3856 672 3954 721 καὶ
4002 669 4063 731 ἐς

814 774 940 823 gere
974 761 1263 823 cogebant.
1301 760 1413 815 Etsi
1443 775 1699 817 autemet
1739 766 1932 819 Asauis
1969 782 2193 819 uxorem
2226 782 2388 834 cepe-
2495 786 2514 819 ε

2364 795 2388 807 -
2495 769 2712 830 εὐθείας
2766 768 3111 836 ἀνοίγεσθαι,
3163 767 3255 819 καὶ
3313 767 3457 833 ὕδωρ
3512 763 3652 817 εἶναι
3687 765 3763 823 εἰς
3812 762 4064 829 ἄντλημα

820 856 980 899 ratet
1016 850 1235 903 fratrem
1290 854 1410 918 ejus
1460 855 1726 909 Joannem
1777 858 2023 910 obsidem
2082 867 2385 927 receperat,
2490 860 2520 911 t:

2371 898 2385 921 ,
2490 859 2824 927 ίκανῴτατον
2882 860 2977 912 καὶ
3029 859 3177 927 χιλὸν
3234 860 3347 920 τοῖς
3400 856 3717 921 ὑποζυγίοις
3752 852 3974 911 ἐνὸδιον,
4012 852 4066 901 εί

811 937 1169 994 nihilominus
1202 952 1506 998 tameu‘res
1545 948 1598 999 in
1630 949 1783 1016 pejus
1820 949 2070 1001 ruebant.
2486 965 2511 1000 ιι

2486 949 2626 1001 κατὰ
2659 949 2850 1018 καιρὸν
2882 950 3098 1011 ἐκεῖτις
3130 949 3439 1017 πορεύοιτο.
3486 947 3574 1008 Ὠς
3604 944 3650 998 δ’
3683 944 3761 1005 είς
3783 942 4068 1011 χειμέριον

810 1030 1020 1097 τροπὴν
1072 1036 1443 1100 παρεγκλίνας
1499 1039 1733 1105 ἧλαυνεν
1781 1041 1952 1108 ἦλιος.
2010 1043 2100 1092 καὶ
2181 1041 2419 1108 ποταμοὶ
2461 1039 2561 1108 μὲν
2609 1042 2712 1093 ὑπὸ
2762 1040 2971 1110 ψύχους
3022 1042 3325 1110 ἐπήσσοντο
3379 1040 3471 1091 καὶ
3501 1038 3678 1098 ἄλλως
3731 1035 3940 1104 βορείου
3973 1035 4072 1087 καὶ

808 1116 1022 1187 ψυχροῦ
1056 1121 1149 1172 τοῦ
1182 1124 1359 1175 ἐκεῖσε
1390 1124 1654 1193 κλίματος
1690 1126 1861 1189 ὄντος,
1896 1128 2030 1197 χιὼν
2058 1128 2114 1181 δέ
2145 1128 2374 1196 πλείστη
2416 1126 2805 1196 κατενεχθεῖσα
2850 1128 2915 1180 τὸ
2972 1128 3074 1197 τῆς
3152 1129 3257 1197 γῆς
3316 1127 3550 1195 ἠφάνισε
3611 1124 3930 1193 πρόσωπον,
4004 1122 4070 1172 οὐ

815 1202 974 1269 μόνον
1028 1205 1282 1273 πλήσασα
1310 1209 1628 1276 φάραγγας,
1662 1210 1799 1263 ἀλλὰ
1826 1214 1920 1264 καὶ
1948 1213 2117 1280 θύρας
2172 1214 2490 1281 οἰκημάτων
2526 1214 2940 1281 ἐπιζυγώσασα,
3004 1214 3305 1283 ὑπερέθετο
3372 1213 3433 1264 τὸ
3462 1213 3623 1282 ἔργον
3671 1210 3752 1271 είς
3823 1208 4073 1276 ἀνάφαν-

813 1289 1098 1360 σινέαρος.
1132 1295 1228 1346 καὶ
1256 1294 1318 1363 δὴ
1353 1298 1448 1364 τὴν
1484 1296 1581 1361 μὲν
1609 1299 1869 1365 στρατιὰν
1896 1300 2215 1360 αὖλῐζεσθαι
2292 1299 2530 1367 διαφῆκε
2585 1301 2728 1352 κατά
2776 1299 2875 1370 τὴν
2937 1301 3110 1352 ἐκεῖθι
3168 1300 3461 1368 ἐπαρχίαν,
3494 1297 3660 1359 αὐτὸς
3719 1296 3766 1348 δ’
3824 1293 4067 1357 εὔζωνος

809 1373 906 1440 τὴν
936 1376 1181 1441 βασιλίδα
1238 1381 1561 1433 καταλαϐὼν
1611 1383 1845 1453 διεχεῖτο
1893 1387 2078 1437 ἵππων
2126 1386 2384 1453 ἁμίλλαις
2424 1388 2520 1438 καὶ¹
2576 1386 2857 1453 θεωρείοις
2925 1387 3384 1453 ἐγάννυτο.⁶Ἀμα
3413 1385 3459 1436 δ’
3485 1381 3580 1454 ἦρι
3612 1384 3833 1450 φανέντι
3864 1381 4069 1444 ἔξεισιν

808 1460 962 1523 αὖθις
987 1466 1077 1515 καὶ
1118 1467 1326 1532 μέτεισι
1379 1470 1507 1528 τοὶς
1562 1470 1799 1532 Μυσούς.
1834 1472 2031 1535 Ὅλους
2096 1470 2190 1523 οὖν
2246 1472 2421 1538 μῆνας
2455 1474 2604 1540 τρεῖς
2669 1471 2970 1540 ἐξηνυκὼς,
3008 1472 3262 1540 καὶπερὶ
3318 1470 3419 1540 τὴν
3452 1469 3547 1522 τοῦ
3585 1466 3845 1536 φρουρίου
3894 1466 4069 1518 κατά-

812 1550 1053 1615 σχεσινό
1085 1553 1344 1617 Λοόιτζὸς
1376 1556 1735 1624 ἐπικέκληται
1816 1558 2042 1612 πλεῖστα
2102 1556 2455 1625 πεπονηκὼς,
2494 1558 2687 1619 ἀτελὲς
2749 1559 2809 1609 τὸ
2856 1558 3166 1627 ἐγχείρημα
3223 1559 3315 1609 καὶ
3361 1556 3525 1608 πάλιν
3548 1552 3828 1607 ἀπολιπὼν
3853 1551 4070 1603 ἐκεῖθεν

811 1636 1128 1701 μεθίσταται
1168 1642 1261 1692 καὶ
1293 1644 1391 1713 τὴν
1422 1644 1671 1713 βασιλίδα
1699 1645 1810 1697 τῶν
1842 1646 2053 1697 πόλεων
2108 1644 2335 1697 εἴσεισιν
2364 1658 2378 1673 ³
2421 1646 2477 1698 αί
2543 1644 2653 1714 γὰρ
2679 1646 2780 1713 τῆς
2846 1645 3209 1714 Προποντίδος
3258 1644 3484 1714 χάριτες
3540 1642 3633 1693 καὶ⁵
3663 1639 3733 1692 τά
3785 1638 4066 1707 ἐπιτερπῆ

812 1725 1133 1793 κατάὖτὴν
1157 1729 1494 1798 σκηνώματα
1552 1732 1619 1785 τά
1642 1749 1696 1783 τε
1720 1733 2022 1799 κυνηγέσια
2080 1732 2176 1785 καὶ
2242 1730 2502 1797 ίππάσια,
2575 1732 2930 1785 ἀλυσιδοῦντα
2984 1727 3096 1783 οἷον
3139 1731 3263 1795 τοὺς
3295 1732 3353 1792 ἐς
3418 1730 3565 1797 ἡμᾶς
3635 1727 4071 1795 αὐτοκράτορας,
4136 1778 4151 1799 ί

808 1809 907 1861 οὐκ
931 1812 1058 1864 εῖινιν
1091 1816 1181 1866 ἐπὶ
1211 1818 1421 1886 μακρὸν
1454 1820 1764 1887 θυραυλεῖν,
1800 1819 1917 1873 ἀλλ’
1940 1820 2022 1884 5b;
2080 1819 2416 1889 ριψάσπιδας
2455 1819 2776 1887 γινομένους
2829 1819 3049 1870 ἔπειθον
3113 1816 3438 1883 αὐτομολεῖν
3475 1816 3556 1875 είς
3612 1814 3774 1866 αὐτά.
3828 1810 3967 1863 Τότε
3998 1811 4061 1862 δέ

810 1898 905 1947 καὶ
967 1898 1066 1966 τὴν
1106 1902 1198 1953 τοῦ
1274 1905 1430 1955 Ἄσαν
1477 1908 1711 1971 γυναῖκα
1739 1906 2007 1974 κατέσχεν
2038 1908 2065 1958 ὁ
2101 1905 2377 1973 βασιλεὺς.
2422 1904 2517 1956 καὶ
2582 1906 2672 1956 τὸν
2734 1905 2962 1969 ἀδελφὸν
3024 1902 3190 1956 αὐτοῦ
3248 1903 3475 1972 θάτερον
3523 1901 3616 1953 τὸν
3676 1899 3934 1966 Ἰωάννην
3984 1896 4075 1954 είς

810 1983 1021 2053 ὅμηρον
1051 1987 1297 2056 εἴληφεν.
1337 1991 1497 2043 Ἀλλά
1522 1994 1615 2042 καὶ
1645 1992 1817 2051 οὕτως
1875 1992 1967 2042 ἐπὶ
2002 1992 2070 2043 τὰ
2101 1991 2269 2059 χείρω
2322 1993 2390 2043 τι
2430 1991 2737 2060 πράγματα
2770 1991 3087 2059 προΰῦαινε.

881 2077 934 2129 2.
978 2078 1093 2133 Sub
1126 2080 1231 2135 boc
1263 2092 1479 2151 tempus
1514 2086 1841 2139 Theodorus
1876 2084 2227 2153 Mangaphas.
2259 2085 2389 2138 Phi—
2416 2086 2462 2143 B
2568 2084 2581 2152 ἑ

2374 2116 2389 2125 -
2416 2086 2462 2143 Β
2568 2084 2635 2152 β’.
2678 2086 2833 2136 Kal-ra
2863 2085 2918 2136 δὲ
2936 2085 3025 2137 τὸν
3048 2084 3239 2153 καιρὸν
3266 2082 3453 2135 τοῦτον
3482 2080 3759 2151 τυραννίδι
3786 2080 4074 2149 ἐπικεχεί-

808 2166 1226 2236 ladelpbieusis,
1285 2189 1509 2241 regnum
1568 2178 1876 2243 affectavit;
1914 2196 1979 2234 ac
2009 2183 2245 2249 primum
2272 2182 2392 2250 ejus

812 2257 964 2309 urbis
1004 2258 1463 2328 frequentissian
1515 2265 1729 2331 plebem
1782 2267 1940 2336 522
1968 2268 2389 2323 audacissimam

810 2346 918 2415 sibi
950 2350 1268 2403 conciliavit
1300 2362 1349 2404 et
1392 2354 1757 2423 jurejurando
1786 2360 2102 2415 obstrinxit.
2142 2374 2206 2413 ac
2257 2376 2391 2428 pau-

816 2438 966 2490 latim
1004 2456 1347 2511 progressus.
1387 2446 1548 2515 l.)ilis
1607 2449 1864 2504 erunibus
1900 2451 1966 2503 ad
2026 2451 2388 2504 defectionem

816 2528 1089 2596 impulsis,
1126 2535 1332 2603 regiqu
1356 2552 1554 2590 nomen
1584 2542 1888 2609 usurpavit.
1911 2541 2112 2596 Deinde
2143 2541 2391 2595 finitimis

815 2634 1036 2687 quoque
1093 2627 1389 2690 provinciis
1444 2630 1665 2683 tentatis
1741 2642 2056 2699 argenteam
2114 2642 2390 2685 monetam

813 2725 938 2765 cum
1004 2729 1099 2766 sua
1145 2714 1380 2785 imagine
1425 2721 1713 2787 percussit.
1774 2723 1845 2778 Ut
1906 2733 2084 2777 autem
2153 2724 2391 2780 defectio

814 2802 1143 2867 augebatur,
1176 2813 1232 2860 et
1285 2817 1343 2859 ut
1380 2809 1537 2863 initio
1592 2811 1769 2865 derisa
1816 2813 2018 2878 fuerat,
2055 2815 2136 2868 sic
2191 2816 2390 2870 deinde

816 2893 1167 2960 imperatoris
1240 2900 1483 2951 animum
1534 2902 1774 2969 graviter
1828 2906 2193 2972 percellebat,
2256 2909 2389 2962 nihil

814 2986 1186 3061 cunctandum
1219 2999 1369 3043 ratus
1416 2991 1771 3061 Mangapham
1804 3011 2167 3065 cognomento
2212 2999 2390 3054 Moro-

797 3075 1140 3130 ‘theodormn
1205 3082 1275 3132 ob
1351 3098 1543 3150 parum
1598 3101 1888 3154 prosperos
1946 3104 2235 3144 successus
2279 3107 2388 3144 non

815 3168 989 3219 multo
1014 3180 1135 3237 post
1164 3172 1370 3225 dictum
1429 3174 1819 3245 Philadelphia:
1849 3178 2087 3232 obsidet.
2129 3180 2231 3234 Sed
2260 3198 2386 3234 cum

818 3259 1011 3311 urbem
1045 3262 1305 3316 diuturna
1338 3265 1627 3320 obsidione
1655 3268 1721 3320 ad
1777 3269 2112 3323 deditionem
2147 3275 2390 3341 compel-

815 3349 928 3402 lere
976 3367 1083 3403 non
1148 3364 1351 3420 posset,
1398 3357 1463 3408 iis
1509 3358 1922 3413 conditionibus
1979 3362 2274 3429 paciscitur
2333 3376 2391 3419 ut

817 3438 1144 3494 Theodorus
1204 3445 1468 3511 depositis
1529 3448 1677 3516 regni
1749 3450 2057 3517 insignibus
2122 3454 2388 3521 privatam

816 3533 982 3586 vitam
1014 3546 1135 3602 agat
1188 3546 1245 3588 ut
1296 3539 1468 3603 prius,
1521 3542 1669 3594 cives
1727 3559 1856 3595 vero
1907 3545 1957 3597 ei
2017 3558 2245 3613 pareant
2300 3549 2389 3602 cui

817 3625 1007 3692 prius;
1033 3636 1087 3679 et
1115 3628 1404 3682 obsidibus
1460 3646 1559 3683 suo
1590 3633 1862 3687 arbitratu
1920 3636 2161 3704 acceptis
2193 3642 2246 3691 in
2276 3654 2391 3692 ma,

817 3730 977 3781 gnam
1007 3718 1194 3769 urbem
1223 3720 1536 3771 revertitur.
1587 3721 1645 3773 ιιι
1704 3738 1764 3774 ea
1802 3738 2021 3791 quoque
2081 3723 2390 3780 defectione

816 3804 973 3857 multi
1032 3806 1134 3859 viri
1186 3807 1357 3861 fortes
1411 3812 1718 3876 perierunt.
1779 3812 2047 3867 Caeterum
2083 3831 2190 3868 non
2221 3817 2392 3869 multo

818 3903 941 3959 post
972 3892 1204 3947 Basilius
1238 3896 1503 3959 Batatzes.
1534 3900 1769 3953 obscuro
1787 3918 1986 3970 genere
2018 3912 2194 3967 ortus,
2231 3904 2389 3975 523

820 3992 1001 4035 tamen
1033 3984 1103 4037 ob
1141 3987 1360 4039 ductam
1394 3990 1741 4057 imperatoris
1786 4002 2007 4060 neptem
2054 3995 2392 4050 domesticus

815 4072 1059 4125 OFlClllia
1088 4084 1142 4126 et
1176 4074 1425 4131 Thracia:
1461 4078 1570 4130 dux
1601 4080 1942 4146 designatus,
1977 4082 2242 4150 plurimos
2262 4100 2393 4138 con-

819 4164 1037 4230 iuratos
1067 4164 1380 4234 Mangaplue
1414 4168 1801 4237 largitionibus
1838 4173 2110 4240 corrupit.
2139 4175 2391 4243 thuan-

822 4269 987 4320 quam
1023 4256 1301 4309 hominem
1335 4261 1805 4328 comprehendere
1835 4273 1890 4316 et
1924 4264 1979 4315 in
2010 4264 2226 4318 vincula
2258 4281 2391 4319 con-

815 4345 988 4413 jicere
1050 4362 1158 4399 non
1214 4350 1433 4418 potuit,
1495 4352 1626 4405 illud
1687 4363 1864 4408 tamen
1919 4356 2104 4410 ell‘ecit
2153 4343 2391 4413 ut-urbe

820 4437 1136 4502 pelleretur.
1177 4438 1295 4501 Quo
1330 4440 1473 4492 facto
1505 4456 1629 4493 cum
1677 4458 1930 4511 maguum
1966 4444 2225 4511 quiddam
2262 4461 2394 4499 con-

820 4536 1044 4579 secutus
1068 4536 1122 4579 et
1168 4529 1481 4597 imperatori
1536 4532 1828 4587 admodum
1875 4534 2206 4601 gratificatus
2241 4537 2391 4589 vide-

823 4628 999 4682 retur,
1035 4619 1363 4690 Maugaplias
1412 4623 1480 4676 ad
1514 4624 1883 4679 Caichosroen
1916 4626 2085 4680 lconii
2114 4629 2392 4681 sultanum

2495 2176 2709 2242 ρηκενὸ
2740 2173 3101 2241 Φιλαδελφεὺς
3131 2174 3402 2242 Θεόδωρος
3442 2175 3469 2225 ὁ
3497 2173 3829 2240 Μαγκαφᾶς.
3865 2173 3977 2223 Καὶ
4002 2172 4073 2224 τά

2497 2263 2595 2331 μὲν
2642 2263 2830 2332 πρῶτα
2869 2262 3021 2333 [ἓῖιϐ]
3062 2263 3123 2315 τὸ
3160 2264 3262 2331 τῆς
3317 2266 3522 2325 πόλεως
3550 2262 3751 2331 ταύτης
3794 2262 4071 2328 ἀγελαῖον,

2493 2354 2998 2423 πολυανδρούμενον
3046 2354 3106 2407 ὃν
3159 2356 3333 2424 θρασύ
3389 2372 3446 2407 τε
3510 2355 3604 2405 καὶ
3662 2352 4072 2413 ἀναιδέστατον,

2494 2445 2668 2513 ἐαυτῷ
2701 2446 3109 2514 προσῳκείωσε,
3130 2448 3222 2497 καὶ
3258 2448 3441 2515 ὅρκοις
3464 2445 3562 2515 τὴν
3594 2445 3674 2507 είς
3702 2444 3866 2495 αὐτὸν
3886 2444 4073 2494 πίστιν

2494 2534 2957 2587 κατενεπέδωσεψ
2989 2536 3093 2603 ὁὸᾠ
3138 2536 3191 2587 δέ
3215 2534 3418 2604 προῖὼν
3458 2535 3551 2587 καὶ
3582 2533 3857 2603 βασιλείας
3891 2534 4073 2599 ἐαυτῷ

2496 2624 2828 2694 περιέθηκεν
2856 2626 3048 2693 ὄνομα,
3080 2626 3205 2686 τοὺς
3234 2625 3439 2687 Λυδοὺς
3471 2624 3679 2685 πάντας
3726 2626 3807 2686 είς
3830 2624 4073 2676 ἀποστα-

2495 2716 2613 2767 σίαν
2658 2716 3125 2781 ἐπισπασάμενος·
3182 2715 3374 2768 ἔπειτα
3400 2715 3580 2767 δὲκαὶ
3623 2713 3731 2765 τῶν
3781 2714 4075 2782 ἀγχούρων

2492 2804 3119 2874 ἀποπειρᾶταιχωρῶν,
3149 2806 3243 2857 καὶ
3276 2805 3549 2876 ἀργύρεον
3576 2807 3778 2873 κέκοφε
3823 2805 4072 2873 νόμισμα

2492 2896 2590 2963 τὴν
2644 2895 2856 2947 οἰκείαν
2914 2894 3222 2963 ἐγχαράξας
3279 2897 3335 2948 ἐν
3387 2895 3534 2965 αὐτῷ
3594 2895 3820 2965 στήλην.
3896 2895 3983 2955 Ὠς
4016 2896 4072 2946 δὲ

2492 2986 2805 3054 προύκοπτε
2835 2987 2904 3038 τὰ
2934 2987 3032 3051 τῆς
3064 2987 3402 3048 ἀποστασίας
3431 2987 3524 3038 καὶ
3545 2990 3570 3040 ὁ
3594 2988 3687 3038 ἐπὶ
3720 2989 3832 3048 τοῖς
3856 2988 4074 3054 δρωμέ-

2492 3088 2599 3132 νοις
2619 3074 2886 3142 πρότερον
2911 3073 3092 3137 γέλως
3124 3075 3203 3134 είς
3232 3074 3448 3144 πληγὴν
3479 3076 3737 3143 γενναίαν
3773 3075 4073 3143 μεθίστατο

2493 3164 2630 3227 πρὸς
2684 3157 2837 3232 ἧπαρ
2882 3163 3172 3231 χωροῦσαν
3231 3164 3323 3215 τοῦ
3377 3165 3665 3232 βασιλέως,
3717 3165 3791 3235 μὴ
3856 3166 4072 3235 μέλλειν

2490 3247 2646 3313 οὗτος
2677 3253 2908 3319 ἐγνώκει
2930 3296 2943 3317 ,
2970 3255 3105 3307 ἀλλὰ
3138 3258 3257 3308 κατ’
3287 3257 3452 3310 αὑτοῦ
3483 3260 3549 3310 τὰ
3578 3259 3718 3311 ὅπλα
3756 3260 3938 3329 διφᾷν.
3968 3261 4074 3314 Καὶ

2492 3344 2556 3413 δὴ
2583 3346 2723 3396 κατά
2757 3344 2856 3413 τὴν
2890 3346 3278 3413 Φιλαδέλφειαν
3306 3348 3547 3414 γεγονὼς
3575 3349 3887 3419 ἔμφρουρον
3932 3354 4070 3422 αὐτῇ

2416 3419 2460 3481 C
2491 3438 2583 3490 τὸν
2635 3438 2947 3505 Μαγκαφᾶν
3001 3440 3315 3506 εἰργάσατο,
3352 3438 3411 3501 ὃς
3443 3442 3539 3492 καὶ
3586 3442 3687 3510 τὴν
3717 3441 3809 3493 τοῦ
3867 3419 4073 3513 Mpr;

2495 3530 2762 3599 θεοδώρου
2808 3532 3199 3599 προσωνυμίαν
3230 3533 3500 3601 ἐκτήσατο
3537 3534 3644 3585 τῶν
3675 3534 3818 3585 κατὰ
3865 3536 4071 3588 σκοπὸν

2493 3623 2683 3692 ἐκείνῳ
2715 3624 3081 3676 διαπεσόντων
3104 3624 3383 3677 ἐσέπειτα.
3446 3625 3555 3677 Καὶ
3640 3626 3824 3677 ἱκανὸν
3866 3629 4065 3696 χρόνον

2491 3715 2558 3781 τῇ
2600 3712 2889 3782 πολιορκία
2917 3714 3336 3784 ἐγκαρτερήσας
3370 3715 3471 3766 οὐκ
3520 3715 3710 3782 ῐσχυσε
3744 3717 3872 3780 τοὺς
3902 3717 4071 3769 Φιλα-

2493 3800 2707 3867 δελφεϊς
2739 3803 3212 3872 παραστήσασθαι’
3277 3805 3400 3857 ὅθεν
3436 3806 3571 3873 πρὸς
3634 3805 3930 3873 ὁμολογίαν
3975 3811 4070 3859 καὶ

2496 3892 2797 3961 συμϐάσεις
2848 3896 3136 3963 ἐτράπετο,
3165 3895 3303 3948 ὥστε
3332 3897 3424 3948 τὸν
3454 3898 3554 3966 μὲν
3576 3899 3856 3968 Θεόδωρον
3880 3900 3951 3952 τὰ
3974 3901 4071 3969 τῆς

2494 3982 2773 4052 βασιλείας
2807 3985 3106 4038 ἀποθέσθαι
3151 3987 3453 4055 παράσημα
3488 3989 3581 4040 καὶ
3617 3989 3737 4040 καθ’
3780 3991 3977 4042 ἑαυτὸν
3996 3990 4072 4053 ὡς

2494 4078 2759 4146 πρότερον
2791 4078 3191 4141 πολιτεύεσθαι,
3240 4080 3299 4130 τὸ
3331 4079 3386 4131 δέ
3434 4080 3532 4147 τῆς
3583 4080 3791 4143 πόλεως
3849 4084 4072 4153 ἐκείνης

2496 4168 2769 4237 πλήρωμα
2797 4168 3176 4238 βασιλεύεσθαι
3211 4172 3374 4223 πάλιν
3408 4172 3499 4238 ὑφ’
3538 4166 3599 4224 οὗ
3635 4173 3903 4242 πρότερον
3942 4177 4070 4229 ἐδαο

2497 4259 2760 4313 σιλεύετο.
2786 4263 2897 4313 Καὶ
2930 4262 3115 4331 ὅμηρα
3152 4262 3361 4313 ἐκεῖθεν
3417 4263 3710 4331 δεξάμενος
3761 4258 3836 4316 ὧν
3873 4268 4065 4335 ᾑρεῖτο

2492 4351 2619 4412 τοὺς
2649 4353 2845 4414 παῖδας
2883 4352 3242 4416 ἐπανέζευξεν
3277 4356 3353 4415 εἰς
3382 4354 3478 4420 τὴν
3523 4355 3914 4422 μεγαλόπολιν.
3950 4360 4068 4411 Οὐκ

2494 4439 2668 4505 ὀλίγοι
2703 4441 2759 4492 δὲ
2792 4442 2894 4493 κάν
2952 4444 3019 4508 τῇ
3078 4441 3447 4492 ἐπαναστάσει
3510 4440 3684 4510 ταύτῃ
3748 4441 3947 4506 ἀγαθοὶ⁵
3974 4445 4073 4495 καὶ

2494 4532 2733 4596 γενναῖοι
2791 4531 2985 4599 ἄνδρες
3048 4529 3347 4585 ἀπώλοντο.
3409 4531 3544 4583 Μετ’
3589 4531 3650 4582 ού
3705 4531 3837 4583 πολὺ
3885 4532 3943 4584 δέ
3977 4535 4073 4585 καὶ

2494 4622 2779 4683 Βασίλειος
2806 4624 2834 4673 ὀ
2865 4622 3147 4686 Βατάτζης
3175 4622 3366 4689 γένους
3398 4622 3495 4691 μὲν
3530 4622 3745 4691 ἀσήμου
3793 4623 4067 4691 βλαστὼν,

818 4716 1085 4783 profugus
1114 4718 1316 4772 auxilia
1354 4731 1542 4771 contra
1576 4720 1852 4774 Romanos
1893 4736 2000 4774 non
2056 4722 2387 4790 impetravit,
2425 4714 2518 4811 D5

2373 4763 2387 4786 ,
2425 4758 2468 4811 D
2497 4714 2584 4766 διὰ
2624 4715 2678 4767 δὲ
2708 4716 2767 4766 τὸ
2798 4718 2875 4777 εἰς
2924 4715 3158 4782 γυναῖκά
3204 4718 3251 4766 οἱ
3304 4716 3550 4811 γαμετὴν
3590 4716 3923 4783 συναφθῆναι
3968 4718 4070 4779 τὴν

818 4805 1029 4860 litteras
1078 4818 1265 4861 tamen
1312 4809 1572 4873 obtinuit,
1624 4810 1827 4877 quibus
1880 4811 2283 4865 concedebatur
2334 4820 2393 4864 ut

820 4897 1031 4951 Turcas
1060 4899 1283 4961 liberos,
1318 4900 1412 4968 qui
1452 4916 1583 4953 arcu
1627 4910 1683 4953 et
1732 4901 1988 4969 pharetra
2025 4902 2147 4955 freti
2194 4904 2396 4955 Roma—

818 5006 923 5045 nos
952 4992 1352 5059 pnedarentur,
1388 4993 1704 5045 ascisceret.
1740 4993 1858 5057 Qua
1888 4993 2101 5046 ratione
2136 5010 2259 5047 cum
2287 5010 2391 5047 non

820 5098 1017 5152 parvas
1048 5084 1232 5150 copias
1286 5084 1670 5146 contraxisset,
1722 5083 1923 5135 civium
1956 5101 2180 5137 suorum
2243 5101 2395 5137 man-

819 5175 960 5243 cipia
991 5184 1046 5227 et
1072 5175 1316 5241 jumenta
1347 5175 1594 5235 abduxit,
1628 5186 1685 5228 et
1738 5175 1977 5244 Phryges
2034 5175 2396 5230 Laodicenses

821 5269 1127 5320 innumeris
1160 5266 1408 5320 cladibus
1466 5268 1666 5323 all'ecit.
1706 5277 1763 5319 ut
1815 5275 1871 5319 et
1908 5268 2199 5334 populares
2245 5283 2396 5322 meos

822 5356 1135 5419 Choniatas,
1166 5356 1308 5409 areis
1332 5372 1522 5409 eorum
1550 5357 1739 5409 τινειίιύ
1764 5366 2012 5424 tempore
2048 5358 2307 5417 incensis,
2341 5367 2400 5409 et

832 5447 1003 5500 Jbviis
1059 5449 1367 5516 quibusque
1428 5448 1677 5501 hostilem
1730 5448 1783 5499 in
1837 5447 2059 5500 modum
2128 5448 2392 5500 tractatis.

821 5539 958 5592 Nam
990 5551 1049 5593 ut
1077 5555 1183 5592 non
1210 5541 1385 5593 dicam
1420 5540 1626 5592 'l‘urcas
1653 5540 1724 5592 ob
1744 5540 2089 5593 clementiam
2136 5541 2188 5591 in
2232 5539 2399 5591 [initi-

826 5646 945 5685 tuos
976 5630 1318 5684 Christianos
1358 5631 1425 5683 ab
1467 5646 1534 5683 eo
1577 5630 1894 5699 objurgatos
1916 5646 2058 5693 esse,
2090 5640 2141 5683 et
2173 5628 2313 5683 facta
2341 5631 2395 5683 in

824 5722 1037 5775 liariaut
1091 5722 1449 5793 impressione
1487 5723 1687 5777 multos
1744 5722 1869 5777 inde
1922 5726 2163 5791 captivos
2199 5722 2395 5776 Turcis

2497 4807 2589 4858 τοῦ
2640 4805 2904 4873 βασιλέως
2953 4806 3089 4873 πρὸς
3135 4806 3339 4873 πατρὸς
3401 4803 3688 4873 ἐξανεψιάν
3743 4806 4071 4873 δομέστικος

2492 4900 2591 4967 τῆς
2631 4899 2921 4966 Ἀνατολῆς
2946 4900 3195 4967 τιμηθεὶς
3220 4900 3315 4952 καὶ
3338 4900 3434 4969 τὴν
3458 4901 3715 4968 δουκικὴν
3755 4901 3933 4968 ἀρχὴν
3961 4901 4070 4952 τῶν

2492 4990 2819 5059 Θρακησίων
2879 4992 3340 5057 ἀναζωσάμενος,
3406 4993 3684 5060 χρήμασιν
3766 4992 4068 5059 ύπέφθειρε

2496 5080 2785 5142 πλείστους
2807 5081 2917 5131 τῶν
2940 5082 3034 5133 τοῦ
3066 5082 3352 5148 Μαγκαφᾶ
3384 5082 3620 5150 ὁμοτῶν,
3648 5082 3742 5134 καὶ
3776 5083 3944 5134 αὐτὸν
3972 5083 4070 5151 μὲν

2492 5169 2593 5221 οὐκ
2629 5169 2756 5238 ἔσχε
2817 5170 3127 5232 συλλαϐεῖν,
3174 5171 3271 5238 τῆς
3303 5170 3359 5223 δὲ
3410 5172 3618 5233 πόλεως
3672 5172 4069 5239 Φιλαδελφείας

2495 5260 2702 5323 ἐξώσας
2728 5261 2878 5325 ἔδειξε
2904 5263 2998 5313 καὶ
3027 5261 3169 5314 οὕτω
3203 5261 3342 5330 μέγα
3394 5278 3447 5312 τι
3488 5262 3913 5327 κατωρθωκέναι
3976 5265 4068 5315 καὶ

2491 5354 2760 5406 ἀσπάσιον
2778 5354 2936 5422 ἔργον
2956 5354 3031 5421 τῷ
3050 5353 3276 5421 βασιλεῖ.
3299 5352 3437 5403 Ἀλλ’
3454 5346 3607 5411 οὗτος
3632 5351 3706 5419 τῴ
3728 5351 3818 5402 τοῦ
3840 5353 4067 5406 Ἰκονίου

2496 5444 2722 5497 σουλτάν
2756 5446 3077 5513 προσρυεὶς,
3110 5438 3155 5513 ᾧ
3192 5446 3224 5513 ἡ
3265 5444 3458 5511 κλῆσις
3518 5445 3887 5513 Καῖχοσρύης,
3924 5465 4065 5517 συμ-

2500 5536 2731 5603 μαχικὸν
2756 5536 2855 5603 μὲν
2886 5536 3119 5605 αἰτήσας
3150 5537 3290 5589 κατά
3354 5536 3640 5603 Ῥωμαίων
3691 5537 3790 5587 οὐκ
3847 5537 4065 5598 ἐλαϐεν,

2492 5625 2712 5694 ἐνεδόθη
2740 5626 2794 5677 δέ
2824 5627 2873 5677 οἱ
2922 5626 3439 5696 προσλαμόάνεσθαι
3471 5626 3901 5695 άνεπεγκλήτως
3937 5630 4066 5679 ὀπέ-

2493 5735 2575 5771 σοι
2600 5714 2708 5772 τῶν
2742 5716 3001 5787 Τούρκων
3032 5718 3486 5788 κερδαλεόφρονες
3545 5720 3676 5772 κάπὶ
3718 5718 3792 5789 τῷ
3826 5720 4063 5787 γιιτρυτῲ
