4284 6370
190 364 300 429 765

1248 367 1346 429 DE
1389 366 1686 427 ISAACIO
1724 364 2022 424 ANGELU
2056 364 2203 423 LIB.
2247 362 2326 420 Il.

3306 337 3414 401 766

192 486 291 539 καὶ
338 482 417 554 τῷ
475 486 615 555 τόξῳ
644 484 743 556 τὴν
796 486 1127 555 πεποίθησιν
1175 485 1391 553 ιχοντες
1455 482 1760 551 Ῥωμαίους
1787 491 1835 545 Α
1863 500 1884 536 a

1737 498 1760 542 ς
1787 491 1835 545 Α
1863 479 2214 537 abducendus
2259 491 2379 531 esse
2426 476 2603 534 datos,
2661 468 2938 524 Michaelis
2969 478 3188 535 quoque
3242 460 3428 514 archi-

192 581 566 651 λῃστεύουσιν.
596 580 710 634 Οὐκ
738 579 925 647 ὀλίγην
972 579 1064 632 οὖν
1089 578 1167 648 τῷ
1193 580 1381 646 τρόπῳ
1418 576 1593 645 τούτῳ
1636 593 1760 627 συνε-

1862 572 2021 627 dueis
2056 569 2339 637 templum,
2383 579 2520 630 opus
2565 560 2858 614 maximum
2893 563 2947 608 et
2995 549 3434 609 celeberrimum,

193 669 423 739 αγηόχει
452 669 699 738 δύναμιν,
736 672 832 723 καὶ⁵
859 668 1030 723 ἐπιὼν
1056 667 1180 731 τούς
1202 685 1260 721 τε
1298 666 1610 737 πατριώτας
1641 672 1765 717 tau-
1860 682 1885 733 q

1742 691 1765 705 -
1860 662 2005 733 quod
2073 636 2336 727 elegantia
2394 652 2555 723 524¹
2607 662 2662 705 et
2716 645 3059 716 longitudine
3107 641 3215 704 divi
3274 636 3434 693 Mucii

196 760 293 814 τοῦ
322 764 380 823 ὲς
402 760 493 812 τὸν
519 761 823 831 γεωργικὸν
843 760 998 830 δχλον
1015 762 1108 811 καὶ
1135 759 1240 810 τών
1270 758 1424 821 ζώων
1446 757 1763 825 ἐλυμαίνετο

195 854 267 904 τὰ
300 853 404 904 ὑπὸ
425 851 613 914 ζυγὸν,
638 853 730 905 καὶ
760 851 886 913 τοὺς
905 851 1197 913 Λαοδικεῖς
1224 849 1279 902 δὲ
1313 848 1532 918 Φρύγας
1572 864 1767 917 μυρία-

197 942 311 1009 χῶς
344 941 644 1005 ἐκάκωσεν,
705 942 898 1011 ὥσπερ
954 942 1047 994 καὶ
1093 943 1216 1003 τοὺς
1270 942 1380 992 τῶν
1407 939 1608 991 Χωνῶν
1653 937 1762 989 τῶν

198 1033 352 1101 ἐμῶν
376 1034 691 1101 οἰκήτορας,
715 1034 813 1096 τὰς
841 1035 1050 1098 άλωνας
1091 1034 1232 1087 κατὰ
1262 1032 1356 1085 τὸν
1380 1032 1585 1100 θέρειον
1638 1046 1764 1082 και-

202 1123 298 1190 ρὸν
324 1124 617 1192 πυρπολῶν
648 1126 743 1177 καὶ
768 1126 830 1177 τὸ
861 1126 1168 1195 προστυχὸν
1200 1124 1275 1185 ὼς
1302 1123 1563 1191 πολέμιος
1589 1121 1731 1191 χειρί
1742 1151 1763 1161 -

201 1230 342 1275 στως
380 1215 772 1283 διατιθέμενος·
812 1214 886 1267 ὲῶ
909 1214 1016 1283 γὰρ
1041 1215 1220 1281 λέγειν
1235 1214 1310 1274 ὠς
1341 1214 1466 1273 τοὺς
1493 1211 1768 1279 Τούρκους

201 1304 827 1377 φιλανθρωπευομένους
884 1306 1101 1374 ινιαχοῦ
1138 1304 1272 1372 πρὸς
1293 1305 1355 1355 τὸ
1394 1303 1459 1355 εκ
1510 1302 1767 1369 γειτόνων

201 1393 359 1460 σφίσι
402 1396 797 1463 Χριστώνυμον
830 1394 1018 1457 κακῶς
1046 1395 1255 1463 ἔφασκε
1286 1393 1381 1446 καὶ
1407 1392 1764 1460 ἐπέπληττεν.

214 1485 499 1554 Ἐμϐαλὼν
527 1486 585 1539 δι
623 1487 717 1540 καὶ.
750 1490 818 1556 τῇ
851 1487 1037 1555 Καρίᾳ
1089 1486 1187 1539 καὶ
1222 1484 1447 1545 πολλοὺς
1491 1483 1599 1535 τῶν
1652 1483 1770 1534 ἐκεῖ

201 1576 582 1646 προνομεύσας
610 1579 723 1637 τοῖς
749 1575 1057 1647 Βαρϐάροις
1104 1572 1404 1628 ικδέδωκεν
1433 1573 1512 1633 είς
1540 1575 1770 1637 ἀπαγω-

198 1668 330 1735 γήν.
371 1665 532 1719 Ἀλλὰ
562 1666 758 1718 καὶτὸν
790 1664 926 1717 νεὼν
957 1664 1051 1717 τοῦ
1080 1664 1518 1734 ἀρχιστρατήγου
1546 1660 1767 1730 Μιχαὴλ

1862 728 2119 823 martyris
2167 749 2336 802 aedem
2387 747 2440 797 in
2502 742 2636 796 urbe
2705 737 3054 805 imperatrice
3114 728 3431 799 superabat,

1863 818 2076 898 incendi
2106 854 2298 907 passus
2320 846 2422 890 est.
2453 834 2520 889 Ut
2544 841 2726 886 autem
2759 824 3070 894 huiusmodi
3098 818 3437 876 facinoribus

1863 938 2056 1007 plenus
2086 932 2303 986 tandem
2335 929 2400 982 ad
2427 927 2699 981 soltanum
2738 920 2921 977 rediit,
2954 925 3010 968 et
3041 918 3336 981 imperator
3366 907 3437 961 ad

1864 1025 2037 1082 Iconii
2070 1021 2365 1091 principem
2397 1017 2786 1073 Caichusroen,
2844 1010 3001 1078 cujus
3045 1016 3201 1075 pater
3257 1015 3436 1069 nuper

1866 1117 2157 1172 defunctus
2206 1120 2348 1173 erat,
2414 1110 2623 1177 legatos
2669 1105 2837 1163 misit.
2869 1100 3016 1170 quod
3048 1111 3173 1151 eum
3206 1110 3235 1147 a
3281 1093 3433 1146 Man-

1865 1208 2037 1279 gapha
2076 1208 2129 1259 in
2160 1202 2524 1272 cogitationes
2550 1206 2606 1251 et
2637 1198 2882 1250 actiones
2905 1207 3013 1245 non
3046 1190 3216 1243 bonas
3246 1182 3433 1238 induci

1867 1275 2107 1357 videbat.
2148 1306 2202 1350 et
2231 1292 2611 1361 largitionibus
2662 1282 2977 1354 impetravit
3010 1290 3070 1333 ut
3117 1279 3207 1330 ille
3243 1275 3434 1328 deser-

1869 1397 1957 1441 ttts
1980 1400 2045 1439 ac
2073 1384 2323 1453 proditus
2354 1380 2418 1431 ad
2460 1392 2517 1430 se
2556 1377 2889 1431 mitteretur,
2926 1385 2988 1423 ea
3030 1378 3208 1421 tamen
3241 1362 3436 1417 condi-

1870 1477 2018 1530 tione
2056 1449 2118 1526 ut
2155 1468 2517 1523 defectionem
2574 1477 2677 1517 nec
2724 1460 2899 1528 capite
2938 1472 3039 1510 nec
3092 1449 3438 1507 mutilatione

1868 1570 2157 1625 laesioneve
2193 1561 2355 1616 ullius
2384 1556 2613 1612 membri
2641 1556 2839 1609 lueret.
2870 1551 2985 1615 Qua
3015 1548 3082 1600 de
3124 1557 3288 1599 causa
3316 1555 3439 1593 om-

1871 1661 1957 1715 nis
2008 1656 2233 1712 alterius
2271 1653 2397 1707 mali
2435 1662 2630 1717 expers
2667 1647 2733 1699 ad
2793 1643 3113 1697 diuturnum
3156 1645 3434 1689 carcerem

198 1718 230 1807 ό
259 1718 456 1824 άνομος
485 1750 645 1815 οὗτος
667 1755 934 1824 διαφῆκεν
959 1718 1266 1823 εμπρῆσαι.
1285 1718 1467 1823 Ἰργον
1516 1718 1769 1822 μεγίστόν
1804 1820 1835 1824 _
1870 1766 1890 1805 ε

1744 1769 1769 1802 ν
1804 1820 1835 1824 _
1870 1758 1955 1805 est
2026 1749 2323 1801 lamnatus.
2382 1740 2439 1794 Id
2497 1742 2696 1792 factum
2750 1734 2887 1788 adeo
2957 1728 3171 1783 exteris
3221 1718 3436 1775 Sultani

202 1846 300 1898 καὶ
328 1809 671 1915 περίπυστον
704 1809 861 1906 δντά,
893 1809 1005 1897 καὶ.
1034 1809 1437 1913 ὑπερϐαίνοντα
1483 1809 1541 1903 εξ
1576 1809 1770 1901 κάλλος
1802 1820 1843 1876 Β
1871 1842 1894 1896 f

1746 1857 1770 1901 ς
1802 1820 1843 1876 θ
1871 1840 2153 1897 fratribus,
2193 1834 2288 1905 qui
2321 1845 2548 1900 regnum
2596 1842 2719 1881 cum
2770 1840 2836 1878 eo
2882 1821 3202 1875 divi-serant,
3244 1809 3438 1878 displi-

200 1937 303 1990 καὶ
334 1905 433 2006 τὴν
458 1938 539 1999 είς
569 1936 745 2004 μῆκος
784 1905 1011 1989 ἔκτασιν
1041 1935 1103 1986 τὸ
1141 1905 1200 1987 εν
1237 1937 1302 2005 τῇ
1350 1932 1583 2003 βασιλίδι
1623 1933 1774 1984 πόλει
1873 1949 1892 1989 ε

1741 1950 1774 1984 ει
1873 1934 2007 1995 cuit,
2044 1939 2104 1983 ut
2130 1937 2187 1983 et
2216 1941 2366 1981 arma
2398 1924 2450 1978 ei
2475 1920 2681 1976 illaturi
2719 1916 2941 1977 fuerint,
2980 1910 3125 1981 quod
3157 1905 3433 1961 hominem

198 2027 299 2079 τοῦ
330 2002 775 2097 καλλιμάῖρτῖυρος
829 2027 1051 2082 Μωκίου
1104 2002 1359 2095 τέμενος,
1408 2026 1496 2087 Ὠς
1525 2024 1581 2076 δέ
1642 2042 1770 2077 ποτε
1872 2042 1890 2093 ι

1747 2043 1770 2077 ε
1872 2022 2162 2093 profugum
2194 2027 2248 2073 et
2274 2016 2573 2084 supplicem
2608 2009 2853 2082 pecuniae
2880 2019 3040 2059 causa
3068 2002 3438 2055 Romanorum

206 2118 344 2186 πρὸς
380 2119 469 2171 τὸν
502 2119 732 2172 σουλτάν
762 2118 1089 2183 ὲπανέξευξε
1124 2115 1384 2169 τοιούτων
1412 2115 1772 2184 παρανομιῶν
1874 2114 1898 2169 ἱ

1751 2133 1772 2167 ν
1874 2111 2188 2183 imperatori
2224 2107 2576 2179 prodidisset,
2614 2101 2718 2156 nisi
2743 2098 2993 2168 specioso
3024 2103 3285 2161 responso
3330 2087 3443 2138 ira-

204 2176 443 2277 πλήρης,
471 2210 567 2280 καί
594 2208 819 2261 πύθοιτο
872 2176 1127 2278 βασιλεὺς
1166 2207 1268 2260 οὐκ
1314 2208 1394 2268 είς
1441 2176 1651 2273 ἀγαθὰς
1684 2205 1769 2256 ὲν·
1875 2220 1896 2259 ε

1751 2234 1769 2245 -
1875 2176 2128 2259 cundiam
2161 2176 2382 2254 illorum
2425 2200 2713 2265 placasset.
2746 2191 2940 2247 Aiebat
2990 2186 3135 2240 enim
3168 2198 3229 2236 se
3257 2176 3443 2249 pacifi-

202 2300 355 2362 νοίας
391 2303 486 2353 καὶ
550 2302 776 2371 πράξεις
810 2303 901 2354 τὸν
957 2300 1293 2370 Ἰκονιάρχην
1363 2298 1578 2365 ὲνάγειν
1638 2297 1773 2348 Καῖ-
1869 2312 1894 2351 c

1750 2326 1773 2337 -
1869 2295 2101 2351 eationis
2151 2307 2284 2361 ergo
2337 2290 2491 2343 illum
2547 2286 2846 2343 remisisse,
2904 2288 3245 2346 nequaquam
3312 2283 3442 2322 vero

203 2394 442 2461 χοσρόην
472 2358 996 2463 ἄρτι-πρδς-πατρδς
1036 2358 1410 2451 ἐκλελοιπότος
1455 2358 1516 2440 τὸ
1554 2390 1652 2457 ζῇν
1675 2386 1772 2456 τὴν
1871 2404 1895 2456 p

1752 2404 1772 2437 ν
1871 2385 2211 2456 prodidisse;
2242 2393 2297 2435 et
2325 2379 2601 2433 hominem
2635 2389 2830 2444 vagum
2881 2372 2937 2424 in
2993 2368 3227 2437 patriam
3283 2358 3444 2413 resti-

204 2482 387 2551 άρχὴν
411 2461 522 2535 τοῦ-
560 2461 785 2535 Ἰκονίου
812 2461 1125 2550 δεξάμενον,
1158 2480 1417 2548 πρέσϐεις
1445 2478 1653 2532 ἔστειλε
1682 2478 1774 2529 καὶ
1875 2487 1893 2530 t

1755 2478 1774 2528 i.
1875 2477 2064 2540 tuisse,
2093 2484 2151 2527 ut
2180 2490 2283 2527 nec
2309 2474 2423 2541 ipse
2449 2471 2584 2525 alios
2618 2484 2717 2523 nec
2743 2468 2923 2536 ipsum
2948 2461 3041 2517 alii
3071 2472 3236 2530 porro
3260 2467 3447 2524 perse-

203 2575 468 2643 χρήματα
528 2572 829 2643 παρασχὼν
884 2572 965 2643 τῷ
1025 2572 1253 2625 σουλτὰν
1305 2568 1775 2638 καταπροδοθέντα
1874 2585 1895 2636 η

1172 2572 1253 2624 τὰν
1305 2568 1775 2638 καταπροδοθέντα
1874 2578 2194 2637 querentur.
2230 2566 2406 2632 Atque
2430 2564 2548 2616 haec
2579 2562 2864 2615 hactenus.

203 2638 443 2735 καὶ
476 2638 831 2733 ἀνάπεμπτον
865 2638 1011 2732 αὐτῷ
1049 2664 1343 2730 γενόμενον
1398 2662 1490 2714 τὸν
1555 2662 1891 2728 Μαγκαφᾶν,
1959 2658 2103 2727 πλήν
2168 2675 2231 2724 γε
2275 2656 2394 2725 μεθ’
2451 2652 2742 2723 ὁμολογίας
2779 2650 2873 2701 καὶ
2908 2646 3145 2704 πίστεως
3196 2640 3270 2710 μὴ
3299 2638 3442 2692 ὥστε

202 2726 553 2819 τόύπιτίμιον
607 2726 753 2819 αύτῷ
770 2752 868 2819 τῆς
887 2726 1223 2813 ἀποστασίας
1251 2749 1527 2802 κείσεσθαι
1593 2726 1822 2800 θάνατον
1855 2748 1888 2815 ἢ
1960 2726 2124 2816 μέρος
2158 2744 2524 2814 περικοπῆναι
2548 2739 2646 2793 καὶ
2680 2733 3091 2803 διαλωϐηθῆναι
3113 2729 3205 2783 τοῦ
3264 2726 3447 2796 σώμα-

203 2856 323 2901 τος·
362 2816 610 2909 οἶδ-χάριν
655 2816 875 2908 ἀπαθης
906 2839 1092 2907 ἑτέρου
1159 2838 1360 2900 παντὸς
1401 2836 1586 2904 ὀφθεὶς
1637 2836 1807 2887 κακοῦ
1840 2835 2014 2903 δεσμὰ
2040 2832 2409 2897 κατακέκριτο
2443 2828 2653 2896 χρόνια.
2725 2822 2992 2877 Τοσοῦτον
3058 2819 3115 2872 δὲ
3172 2816 3233 2869 τὸ
3283 2816 3445 2884 ἔργον

202 2926 325 2978 τάδε
357 2902 705 2978 τοῦησδυλτάν
744 2902 857 2986 τοῖξ
886 2902 1091 2988 λοιτέοτς
1120 2924 1285 2979 αὐτοῦ
1339 2902 1711 2992 κασιγνήτοις,
1749 2920 1903 2993 [257]
1943 2902 2129 2975 όπόσοι
2174 2919 2272 2989 τὴν
2326 2915 2587 2986 πατρῴαν
2621 2913 2795 2982 ἀρχὴν
2838 2907 3197 2962 συνδιείλοντο
3228 2902 3445 2965 ἐκείνῳ.

205 3014 515 3083 ἀποθύμιον
567 3015 764 3080 ἔδοξεν,
793 3013 932 3066 ὥστε
995 3014 1086 3066 καὶ
1133 3014 1273 3065 ὅπλα
1330 2988 1641 3083 ἧραντο-ἂν
1710 2988 1829 3062 κατ’
1867 2988 2030 3061 αὑτοῦ
2081 3008 2155 3070 ώς
2208 3006 2492 3074 ἄνθρωπον
2525 3004 2581 3065 ὲς
2646 3002 2807 3053 αὑτὸν
2856 2996 3117 3056 ἑκουσίως
3150 2988 3447 3057 ἀφιγμένον

207 3076 587 3168 συνειληφότος
615 3076 707 3154 καὶ
739 3101 1167 3169 καταπροωντος
1198 3076 1487 3167 Ῥωμαίων
1534 3098 1744 3167 βασιλεῖ
1772 3099 1861 3149 ἐπὶ
1900 3097 2205 3166 λήμμασιν,
2238 3095 2286 3145 εί
2321 3093 2395 3161 μὴ
2419 3084 2572 3153 οὗτος
2604 3089 2958 3154 εὐπρόσωπον
2986 3083 3155 3142 τιθεὶς
3185 3080 3280 3147 τὴν
3310 3076 3447 3127 ἀπό.

204 3201 394 3253 κρισιν
441 3188 532 3237 ἐπὶ
572 3187 907 3255 συμϐάσεσιν
942 3185 1280 3245 ἀποστεῖλαι,
1311 3185 1371 3236 ού
1403 3184 1509 3252 μὴν
1536 3184 1968 3252 καταπροδοῦναι
2007 3180 2392 3250 διισχυρίζετο,
2443 3180 2538 3231 καὶ
2567 3176 2811 3243 πλάνητα
2840 3173 2967 3224 ὄντα
3004 3172 3058 3231 ἐς
3088 3168 3185 3236 τὴν
3218 3163 3450 3233 πατρίδα

208 3276 559 3339 καταγαγεῖν,
621 3272 692 3333 ὡς
728 3273 923 3339 μηκέτι
980 3271 1241 3323 διώκοντα
1289 3265 1426 3322 εἶναι
1477 3272 1570 3322 καὶ
1611 3272 1961 3341 διωκόμενον.
1989 3274 2097 3325 Καὶ
2126 3272 2299 3324 ταῦτα
2329 3272 2426 3338 μὲν
2453 3264 2596 3337 εἶχεν
2629 3268 2825 3326 οὕτως.

281 3364 352 3433 γ’.
382 3367 496 3416 Οὐκ
532 3361 597 3432 ἦν
624 3365 682 3416 δὲ
711 3364 1020 3416 λυκάϐαντα
1043 3363 1337 3432 παρελθεῖν
1366 3364 1440 3432 μή
1473 3381 1524 3414 τι
1552 3367 1781 3430 ὲπενεγ-
1817 3378 1857 3431 C

206 3458 377 3509 κόντα
429 3460 608 3509 κοινὸν
671 3454 1075 3524 ἀποτρόπαιον,
1144 3455 1219 3515 ὠς
1275 3456 1435 3522 είπερ
1515 3454 1577 3505 τὸ
1631 3454 1787 3505 Θεῐον

206 3548 526 3600 ἐπέκλωσεν
588 3545 1005 3615 ἀνειρηνεύτους
1074 3546 1172 3606 τὰς
1228 3545 1446 3614 ἡμέρας
1494 3544 1605 3595 τῶν
1663 3542 1784 3596 καθ’

205 3640 359 3707 ἡμᾶς
391 3638 649 3707 μερόπων
710 3635 1121 3706 παραδραμεῖνο
1154 3635 1226 3697 ὡς
1260 3637 1367 3705 γάρ
1391 3652 1445 3687 τι
1499 3636 1789 3688 ὲνδεόντων

210 3727 352 3794 πρὸς
409 3726 469 3776 τὸ
518 3724 759 3791 καθῆκον
810 3724 909 3792 τῆς
966 3724 1362 3791 μαστιγώσεως
1420 3725 1529 3776 τῶν
1576 3730 1640 3777 ὲκ
1692 3723 1788 3775 τοῦ

208 3816 398 3884 κύκλῳ
429 3814 777 3884 Βαρϐαρικοῦ
819 3816 1134 3884 μαχισμῶν,
1170 3816 1265 3867 καὶ
1300 3816 1592 3884 ὑπερόριον
1616 3816 1784 3869 κακὸν

208 3903 557 3971 εἰσεκώμασε
589 3904 913 3973 Φρεδέριχος
935 3906 963 3956 ό
991 3905 1099 3956 τῶν
1126 3905 1448 3972 Ἀλαμανῶν
1486 3906 1611 3975 ῥήξ.
1641 3908 1789 3975 Πρὸς

209 3997 321 4064 γὰρ
350 3996 440 4046 τὸν
469 3994 692 4063 βασιλέα
738 3994 1307 4063 διαπρεσϐευσάμενος
1383 3997 1676 4057 Ἰσαάκιον,
1712 3998 1789 4058 ώς

209 4088 302 4140 διὰ
334 4086 522 4151 φιλίας
550 4086 733 4154 ᾐτεῖτο
758 4085 856 4151 τῆς
898 4085 1186 4152 Ῥωμαίων
1203 4087 1308 4155 γῆς
1348 4092 1607 4157 παριέναι
1628 4090 1790 4152 αὑτός

211 4194 276 4229 τε
303 4178 399 4229 καὶ
428 4178 555 4228 ὅσον
573 4177 622 4226 oi
663 4177 919 4243 ὲφέποιτο
944 4178 1265 4246 στράτευμα
1295 4180 1353 4230 ὲν
1413 4179 1491 4248 τῷ
1529 4181 1789 4251 ἀπαίρειν

212 4270 297 4329 είς
350 4266 740 4333 Παλαιστίνην,
798 4270 893 4319 καὶ
950 4268 1016 4319 τὰ
1064 4269 1202 4337 πρδς
1234 4270 1295 4321 τὸ
1335 4270 1435 4339 ζῇν
1459 4271 1789 4340 ὠνουμένοις

211 4361 404 4418 αὐτοῖς
429 4351 808 4427 χορῆγεῖσθαι,
843 4361 938 4410 καὶ
960 4360 1018 4410 τὸ
1050 4361 1244 4412 δοκοῦν
1288 4364 1382 4414 ἐπὶ
1402 4362 1614 4425 τούτοις
1641 4365 1790 4427 αὐτῷ

216 4452 493 4517 σημανεῖν
553 4448 624 4500 δι’
701 4448 919 4499 οἰκείων
1001 4450 1409 4519 άνταπυστολῆς
1477 4416 1784 4520 πρέσϐεων..

215 4540 508 4591 Στέλλεται
528 4539 709 4589 τοίνυν
739 4538 872 4605 πρὸς
902 4537 1065 4589 αὑτὸν
1095 4541 1122 4591 ό
1146 4539 1238 4591 τοῦ
1261 4542 1464 4610 δρόμου
1496 4542 1790 4609 λογοθέτης

228 4632 492 4698 Ἰωάννης
525 4630 805 4688 όΔούκας,
844 4630 935 4680 καὶ
971 4628 1184 4690 πίστεις
1218 4630 1340 4693 δοὺς
1387 4634 1481 4685 καὶ
1512 4633 1692 4686 λαϐὼν
1716 4633 1789 4696 ὡς

1967 3367 2021 3419 5.
2065 3366 2255 3431 Neque
2304 3379 2435 3416 vero
2476 3363 2621 3415 ullus
2668 3374 2844 3412 annus
2888 3357 3028 3411 elabi
3066 3360 3279 3423 poterat
3316 3351 3448 3419 quin

1891 3459 2105 3529 publice
2150 3454 2500 3509 abominandi
2558 3452 2765 3521 aliquid
2823 3450 3066 3510 afferret,
3132 3461 3238 3499 non
3293 3445 3451 3498 aliter

1889 3562 2053 3617 quam
2099 3546 2141 3599 si
2178 3545 2429 3599 Numinis
2468 3540 2772 3610 indignatio
2810 3540 2884 3591 illi
2927 3536 3085 3606 525
3128 3535 3273 3588 tutati
3328 3548 3453 3601 pcr-

1890 3647 2053 3708 petua
2093 3637 2233 3690 bella
2282 3634 2634 3688 decrevisset.
2670 3631 2835 3696 Quasi
2873 3631 3020 3683 enim
3073 3627 3299 3679 Barbari
3345 3626 3453 3677 cir-

1891 3725 2163 3779 cumcirca
2221 3724 2423 3776 nostris
2467 3720 2777 3775 cervicibus
2831 3717 3177 3769 imminentes
3233 3714 3300 3766 ad
3352 3726 3452 3765 nos

1890 3814 2235 3885 castigandus
2290 3829 2399 3866 non
2461 3812 2595 3866 satis
2646 3817 2869 3872 essent,
2927 3808 3090 3863 etiam
3153 3805 3449 3873 longinquo

1891 3908 2035 3961 tnalo
2080 3919 2271 3960 sumus
2316 3902 2583 3972 oppressi.
2648 3901 2783 3954 Nam
2831 3898 3147 3954 Friderieus
3201 3896 3449 3948 Aleman-

1889 4013 2085 4052 norum
2117 4012 2212 4049 rex
2242 3996 2434 4065 legatis
2472 3994 2539 4047 ad
2583 3993 2851 4047 lsaacium
2891 3992 3278 4057 imperatorem
3319 3984 3452 4037 mis-

1892 4090 1968 4144 sis
2012 4086 2169 4155 petiit
2199 4093 2258 4137 ut
2296 4083 2396 4136 sibi
2429 4097 2553 4136 cum
2587 4080 2844 4134 omnibus
2887 4077 3063 4146 cupiis
3111 4074 3453 4129 Palaestinam

1892 4178 2208 4249 petentibus
2262 4192 2359 4245 per
2413 4175 2689 4228 Romanas
2742 4169 3054 4241 provincias
3104 4175 3291 4235 pacate
3353 4166 3456 4216 iter

1893 4272 2073 4327 facere
2104 4281 2161 4325 ΘΙ.
2206 4275 2574 4324 commeatum
2606 4279 2790 4320 emere
2818 4263 3032 4320 liceret.
3061 4269 3116 4313 et
3149 4272 3300 4311 suam
3331 4269 3457 4309 sen-

1899 4363 2128 4415 tentiam
2191 4373 2289 4427 per
2350 4355 2606 4424 proprios
2656 4353 2865 4421 legatus
2933 4348 3039 4403 sibi
3100 4345 3452 4415 significaret.

1894 4450 2128 4505 Mittitur
2176 4449 2344 4517 igitur
2393 4445 2459 4499 ad
2507 4459 2634 4497 eum
2672 4436 2854 4496 dromi
2904 4439 3181 4509 logotheta
3215 4436 3457 4491 Joannes

1895 4542 2112 4605 Ducas;
2160 4540 2378 4607 fideque
2426 4536 2553 4591 data
2581 4543 2637 4590 et
2670 4541 2894 4602 accepta
2928 4546 3110 4601 regem
3140 4530 3257 4583 sine
3287 4527 3457 4580 male-

1897 4634 2021 4687 ﬁcio
2074 4632 2456 4693 transitttrum,
2516 4626 2726 4681 nullam
2772 4625 2986 4687 urbem,
3036 4622 3245 4675 nullum
3300 4617 3460 4688 uppi-

214 4723 382 4782 αὐτὸς
413 4720 511 4787 μὲν
541 4721 570 4769 ὁ
610 4720 711 4787 ρὴξ
737 4720 835 4790 τὴν
858 4722 961 4771 ὑπὸ
1010 4720 1317 4790 Ῥωμαίους
1345 4724 1551 4793 ἀμαχεὶ
1583 4725 1790 4777 διελεύ-
1818 4711 1870 4770 D
1898 4744 1906 4775 ι

1765 4711 2052 4787 -Ddum,
2086 4723 2295 4776 nullum
2347 4719 2629 4775 castellum
2690 4726 2787 4771 aut
2851 4730 3048 4785 pagum
3101 4713 3456 4771 violaturum,

217 4828 375 4863 σεται
403 4812 497 4861 καὶ
536 4808 701 4877 μηδέν
732 4826 783 4860 τι
814 4809 1018 4877 δράσας
1068 4813 1270 4863 ὲσεῖται
1304 4814 1489 4875 κακὸν,
1522 4815 1579 4865 ού
1615 4816 1789 4879 πόλιν,

215 4899 278 4949 οὐ
314 4894 537 4965 κώμην,
580 4897 641 4947 οὐ
678 4896 962 4965 φρούριον,
998 4899 1057 4950 ού
1105 4900 1402 4969 πολίχνιον,
1448 4902 1712 4970 Ῥωμαῖοι
1739 4905 1794 4956 δὲ

217 4986 588 5056 προϐαλοῦσιν
617 4987 767 5054 αὐτῷ
791 4989 859 5039 τά
887 4990 1168 5055 ἐπιτήδεια
1193 4990 1420 5057 ἄφθονα,
1437 4992 1510 5054 ὼς
1556 4994 1631 5063 μή
1652 5011 1795 5056 τινος

218 5076 505 5139 σπανίζειν
538 5078 634 5144 τὴν
662 5076 752 5128 ὑπ’
781 5078 945 5131 αὑτὸν
967 5080 1245 5147 στρατιάν,
1276 5082 1393 5133 ἀλλ’
1427 5084 1796 5151 ἀπραγμόνως

216 5170 314 5221 καὶ
346 5171 491 5222 κατὰ.
513 5168 710 5236 λαιμὸν
762 5169 913 5237 ἔχειν
960 5171 1150 5239 ὥσπερ
1203 5175 1593 5243 ὲπεμϐυόμενα
1649 5177 1791 5236 ὅσοις

214 5262 498 5331 ἄνθρωποι
515 5262 805 5328 τρέφονται
830 5264 923 5314 καὶ
952 5256 1042 5315 οἷα
1061 5266 1173 5325 τοῖς
1196 5266 1379 5325 ἵπποις
1404 5266 1790 5332 συμϐάλλεται,

219 5351 362 5418 μετὰ
385 5350 577 5415 καιρὸν
605 5348 820 5399 ἐκεῖθεν
852 5349 1098 5402 ἐπάνεισι
1143 5353 1233 5405 καὶ
1267 5352 1523 5416 ἀγγέλλει
1548 5352 1615 5403 τὰ
1658 5350 1793 5418 ξυμο

217 5439 542 5507 φωνηθέντα
574 5438 653 5506 τῷ
676 5438 908 5505 βασιλεῖ.
935 5441 1044 5492 Καὶ
1070 5441 1095 5491 ὁ
1124 5439 1371 5508 βασιλεὺς
1398 5443 1495 5505 τῆς
1531 5442 1789 5508 ξυλλογῆς

214 5530 326 5582 τῶν
352 5530 530 5580 ὠνίων
567 5529 822 5596 φροντίδα
852 5529 1058 5598 τίθησι,
1101 5532 1189 5583 καὶ
1210 5527 1278 5600 ἦν
1311 5532 1370 5596 ἐξ
1416 5530 1788 5602 ἐπιτάγματος

218 5618 326 5671 ὑπὸ
346 5616 458 5667 τῶν
484 5616 844 5683 ὲπαρχιωτῶν
870 5616 1067 5669 αὐτίκα
1093 5619 1512 5686 μεταφερόμενον.
1536 5618 1657 5670 καθ’
1696 5616 1789 5679 οὒς

218 5705 417 5773 ῐμελλε
450 5702 655 5766 τόπους
702 5706 730 5756 ό
766 5704 867 5775 ρὴξ
895 5705 1232 5775 διέρχεσθαι.
1277 5707 1361 5768 Ὠς
1393 5706 1451 5758 δὲ
1491 5708 1582 5760 καὶ
1629 5707 1787 5768 αὐτὸς

1893 4819 2171 4872 Ruinanos
2210 4821 2572 4867 commeatum
2606 4808 2658 4863 ei
2713 4806 2932 4862 abunde
2987 4803 3456 4873 suppeditaturos.

1895 4909 2097 4976 utejus
2128 4904 2405 4959 exercitus
2443 4902 2593 4955 nulla
2650 4915 2708 4954 re
2764 4897 3074 4953 necessaria
3124 4901 3333 4956 careat,
3362 4892 3459 4945 sed

1894 4998 2073 5052 omnia
2120 4997 2173 5047 in
2220 5002 2475 5062 promptu
2512 4990 2889 5060 copiosissime
2948 4987 3147 5040 babeat
3188 4998 3308 5052 quae
3350 4992 3457 5035 tam

1892 5085 2152 5156 jumentis
2193 5098 2357 5152 quam
2412 5080 2731 5135 hominibus
2772 5078 2894 5133 usui
2960 5084 3109 5141 sunt,
3161 5072 3462 5141 aliquando

1896 5186 2018 5244 post
2092 5173 2409 5226 revertitur.
2476 5171 2547 5224 lis
2631 5167 3040 5223 conditionibus
3110 5161 3457 5224 renuntiatis,

1900 5267 2198 5334 imperator
2267 5278 2364 5331 per
2427 5261 2742 5329 provincias
2797 5257 2965 5312 edicit
3029 5267 3122 5317 ut.
3193 5269 3298 5322 qua
3363 5268 3458 5305 rex

1895 5361 2227 5414 transiturus
2260 5365 2425 5419 esset,
2453 5362 2790 5409 commeatus
2816 5361 3190 5421 comportetur
3226 5363 3240 5400 :
3285 5346 3461 5416 ipsius

1897 5468 2027 5507 vero
2058 5452 2111 5504 in
2148 5453 2281 5505 lines
2316 5452 2584 5502 ltotnanus
2630 5448 2909 5516 ingressus
2947 5444 3217 5496 victurum
3263 5452 3458 5509 genere

1852 5564 1857 5569 '
1894 5557 1949 5600 et
1977 5545 2239 5615 dignitate
2272 5543 2433 5613 526
2455 5543 2728 5596 clarorum
2779 5537 2978 5591 litteris
3024 5533 3277 5588 nuntiato
3305 5544 3455 5583 euru-

1894 5638 2018 5692 dctn
2076 5635 2433 5706 Logothetam
2482 5633 2664 5687 denuo
2725 5630 2911 5691 mittit,
2954 5639 3171 5694 unaque
3221 5637 3344 5677 cum
3390 5635 3455 5673 eo

1896 5726 2265 5782 Andronicum
2328 5726 2788 5788 (lantacuzenurn,
2820 5720 2914 5789 qui
2963 5716 3106 5787 regis
3166 5711 3456 5769 transitum
