4284 6370
852 408 951 466 771

2085 407 2384 466 NlCET/E
2426 408 2830 469 CllONIAT/E

3994 420 4107 482 772

848 534 906 577 ut
933 519 1179 574 divinum
1232 518 1515 571 hominum
1556 515 1811 570 laudibus
1870 519 2182 580 extulisset,
2237 529 2420 574 muta-

2459 528 2497 583 Α
2529 525 2767 590 νήσοντα
2793 523 2892 593 τὴν
2922 523 3218 593 ἐκκλησίαν
3242 525 3446 595 εὑρεῖν,
3478 527 3890 598 προχειρίζεται
3925 529 4106 601 μέγαν

845 616 1046 670 tionem
1110 615 1364 675 instituit,
1395 613 1945 683 llierosolymitaunm
1982 615 2300 668 Dositlrcum
2352 616 2416 669 ad

841 707 1237 762 mcnmeuicnm
1273 703 1701 770 patriarchatum
1737 715 2047 758 evecturus.
2098 704 2253 769 Quod
2289 721 2411 758 cum

844 811 1082 851 canones
1114 810 1220 846 non
1276 797 1592 863 permittere
1624 797 1810 858 sciret,
1841 793 2192 848 Theodorum
2240 795 2424 848 Balsa-

844 903 1015 946 mum,
1042 901 1248 952 magna:
1273 885 1575 938 Antiochia:
1591 887 1933 952 episeopum,
1960 885 2137 937 virum
2165 902 2226 938 ea
2264 894 2422 939 :etatc

838 975 1460 1046 juriscousultissimnm,
1505 983 1622 1025 astu
1655 975 2058 1038 circumvenit;
2111 985 2166 1029 et
2202 977 2254 1028 in
2308 974 2419 1042 pri-

839 1075 967 1118 vato
990 1067 1261 1134 colloquio
1291 1064 1715 1131 indignationem
1741 1064 1982 1125 simulat,
2004 1066 2146 1132 quod
2177 1064 2422 1117 Ecclesia

843 1158 948 1226 piis
975 1165 1031 1209 et
1085 1155 1261 1208 doctis
1320 1155 1452 1206 viris
1509 1155 1579 1206 ita
1633 1154 1966 1206 destituatur
2011 1165 2066 1206 et
2122 1156 2424 1208 monastica

841 1247 1017 1299 virtus
1049 1245 1118 1296 ita
1150 1243 1481 1298 obsoleverit
1521 1255 1685 1310 atque
1723 1245 2036 1307 evanuerit,
2077 1253 2136 1297 ut
2164 1261 2324 1297 nemo
2356 1246 2428 1298 sit

842 1336 934 1404 qui
998 1329 1361 1388 universalem
1417 1333 1623 1397 sedem,
1668 1347 1773 1385 non
1823 1348 1982 1388 secus
2023 1349 2087 1386 ac
2135 1335 2264 1387 solis
2292 1334 2426 1386 irre-

841 1427 1058 1495 quietus
1084 1426 1346 1479 circuitus
1373 1407 1561 1476 orbem
1592 1433 1883 1485 terrarum,
1909 1425 2164 1487 illustret,
2195 1434 2426 1479 rmtum-

841 1532 948 1584 que
979 1515 1219 1568 fidelium
1271 1531 1433 1582 quam
1503 1516 1708 1583 optimc
1739 1515 2031 1583 gubernet.
2088 1514 2212 1568 ll:ec
2263 1524 2316 1567 et
2374 1514 2426 1567 id

841 1621 1015 1674 genus
1068 1605 1172 1657 alia
1245 1621 1352 1657 non
1413 1605 1531 1657 sine
1601 1605 1786 1658 dolore
1838 1609 2095 1673 praefatus
2146 1605 2428 1672 subjuuxit

845 1697 975 1747 olim
1030 1696 1198 1747 fuisse
1256 1696 1358 1747 sibi
1423 1698 1474 1746 in
1524 1693 1706 1745 animo
1749 1694 1899 1744 illum
1948 1707 2014 1744 ex
2083 1693 2426 1745 Antiorheua

847 1787 977 1840 sede
1007 1787 1058 1838 in
1088 1785 1507 1847 (ecumenicam,
1542 1793 1600 1836 nt
1635 1785 1903 1836 illustrem
1957 1784 2142 1850 legalis
2173 1784 2427 1849 purilatis

2525 613 2758 681 ποιμένα
2795 614 3047 667 Λεόντιόν
3101 632 3224 668 τινα
3284 618 3558 686 μοναχὸν,
3611 619 4106 692 διαϐεϐαιούμενος

2527 709 2618 757 ἐπὶ
2650 704 2753 773 βασ
2776 704 2930 756 ξιικοῦ
2965 707 3058 757 καὶ
3083 707 3436 776 διομνύμενος
3461 709 3702 777 βήματος
3735 711 3810 773 ὡς
3839 714 3940 765 οὑκ
3983 715 4105 784 ᾔδει

2524 795 2616 845 τὸν
2647 795 2815 863 ἄνδρα
2850 795 3140 862 πρότερον,
3196 799 3388 859 νυκτὸς
3413 797 3467 848 δὲ
3510 801 3542 866 ἠ
3576 799 3874 872 Θεομήτωρ
3911 804 4106 856 τοῦτον

2524 883 2675 950 αὐτῷ
2725 884 3102 948 καθυπέδειξε,
3133 887 3194 937 οὑ
3226 887 3283 938 τὸ
3306 885 3444 950 εἶδος
3470 893 3630 957 μόνον
3661 895 3753 943 καὶ
3783 896 3882 963 τὴν
3901 895 4112 966 ἀρετὴν

2529 974 2921 1042 ὑπογράψασα,
2987 975 3121 1028 ἀλλὰ
3192 976 3287 1027 καὶ
3342 979 3434 1030 τὸν
3489 981 3658 1032 τόπον
3711 982 4111 1055 διασαφήσασα

2527 1062 2650 1114 καθ’
2691 1063 2751 1114 ὃν
2797 1064 2895 1132 τὴν
2953 1064 3169 1134 οἴκησιν
3234 1065 3444 1136 ἔλαχεν.
3484 1070 3622 1121 Ἀλλ’
3657 1071 3810 1126 οὔπω
3855 1076 4112 1140 ὲνιίιυτδς

2528 1153 2760 1219 ἐξίκετο,
2783 1155 2877 1205 καὶ
2903 1161 3346 1224 καταστρέφεται
3378 1159 3471 1210 καὶ
3499 1157 3654 1224 οὗτος
3696 1164 3790 1216 τοῦ
3832 1183 4111 1236 πατριαρο

2531 1245 2689 1314 χικοῦ
2749 1246 3066 1315 ὑψιυματος.
3115 1249 3712 1320 Ἀποσκορακισθέντος
3749 1258 3797 1309 δ’
3825 1257 3977 1311 οὑτω
4010 1260 4108 1312 καὶ

2529 1337 2810 1398 Λεοντίου,
2846 1337 2988 1403 ἔγνω
3024 1339 3518 1411 δραματουργῆπαι
3557 1347 3851 1413 μετάθεσιν
3896 1353 3994 1403 καὶ
4024 1354 4107 1415 εἰς

2531 1424 2630 1494 τὴν
2661 1427 3056 1498 οἱκουμενικὴν
3093 1432 3296 1498 ἐπᾶραι
3341 1436 3703 1503 προέδρευσιν
3742 1439 3831 1491 τὸν
3853 1441 3967 1492 τῶν
4011 1442 4111 1495 Ἰε-

2534 1515 2854 1585 ροσολύμων
2883 1522 3160 1574 Δοσίθεον.
3201 1523 3368 1586 Εἰδὼς
3395 1524 3452 1576 δὲ
3499 1531 3628 1589 τοὺς
3669 1531 3905 1592 κανόνας
3949 1533 4113 1585 τοῦτο

2534 1610 2608 1677 μὴ
2638 1610 3082 1678 συγχωροῦντας,
3130 1614 3380 1676 μέτεισιν
3425 1616 3674 1678 ὑπούλως
3725 1620 3818 1668 τὸν
3850 1625 4114 1675 διέποντα

2529 1699 2621 1748 τὸν
2650 1701 2841 1766 Θρόνον
2873 1702 2968 1769 τῆς
3018 1691 3152 1752 Θεοῦ
3204 1704 3410 1780 πόλεως
3463 1707 3706 1777 μεγάλης
3776 1711 4114 1777 Ἀντιοχείας

2531 1790 2812 1859 Θεόδωρον
2844 1795 2933 1842 τὸν
2989 1793 3321 1862 Βαλσαμὼν,
3377 1795 3544 1864 ἄνδρα
3602 1800 3742 1869 ὑπὲρ
3796 1804 3923 1865 τοὺς
3983 1804 4113 1855 τότε

843 1878 1142 1936 lucernam,
1177 1875 1492 1928 transferre.
1540 1875 1644 1926 Sed
1691 1875 1758 1926 ab
1812 1892 1874 1927 ca
1925 1877 2225 1927 mutatione
2268 1874 2426 1943 532

2459 1858 2503 1914 B
2537 1882 2743 1941 πάντας
2764 1883 2893 1935 ὄντα
2929 1887 3250 1954 νομοτριϐἧ.
3290 1889 3398 1938 Καὶ
3431 1889 3496 1959 δὴ
3548 1893 3690 1942 κατὰ
3740 1895 3912 1960 μόνας
3956 1894 4112 1960 αὑτῷ

844 1975 1092 2020 veterum
1133 1978 1402 2017 cmmnuni
1439 1973 1491 2015 et
1531 1963 2026 2014 ecclesiasticarum
2077 1964 2423 2016 sanctiouum

847 2055 1137 2109 interdicto
1186 2053 1476 2105 deterreri.
1531 2051 1588 2103 Si
1643 2066 1774 2104 vero
1835 2053 1971 2118 ipse,
2032 2063 2092 2105 ut
2139 2054 2316 2120 legum
2367 2064 2424 2106 et

847 2159 1117 2199 canonum
1170 2127 1556 2211 peritissimus.
1595 2142 2028 2204 translationem,
2067 2151 2126 2193 ut
2167 2144 2323 2205 olim,
2351 2143 2423 2195 ita

847 2251 994 2290 nunc
1023 2250 1242 2303 quoque
1281 2233 1480 2286 habere
1508 2233 1709 2293 locum,
1748 2233 2127 2286 demonstrare
2160 2250 2223 2286 ac
2264 2235 2425 2300 vulgo

849 2327 1176 2396 persuadere
1233 2327 1422 2392 possit,
1475 2339 1533 2376 se
1582 2326 1808 2376 omnino
1845 2325 1894 2376 id
1947 2324 1998 2375 iu
2053 2324 2206 2375 lucro
2245 2323 2420 2392 depu-

851 2430 1110 2478 taturum,
1145 2428 1402 2482 eumque,
1431 2413 1594 2465 modo
1620 2412 1802 2473 liceat,
1856 2413 2237 2465 incunctanter
2281 2413 2427 2466 desi-

847 2518 1160 2578 gnatorum.
1215 2505 1327 2558 lloc
1363 2503 1528 2556 modo
1580 2511 1844 2556 tractatus
1870 2503 2195 2557 Theodorus
2242 2506 2426 2558 omnia

850 2607 964 2650 rata
995 2599 1109 2649 fore
1167 2593 1477 2648 allirmavit.
1517 2591 1788 2644 Postridie
1841 2591 2078 2643 concilio
2109 2593 2424 2658 pontiﬁcum

849 2689 905 2742 in
943 2687 1058 2740 aede
1117 2700 1272 2738 sacra
1323 2684 1547 2744 indicto,
1609 2691 1664 2734 et
1715 2682 2019 2748 quaestione
2054 2681 2145 2734 illa
2201 2681 2422 2750 agitata,

850 2780 1134 2832 translatio
1164 2778 1347 2830 statim
1403 2789 1662 2826 Concessa
1715 2789 1770 2827 et
1804 2773 2005 2826 litteris
2052 2772 2426 2841 imperatoriis

849 2870 1167 2924 conﬁrmata
1204 2876 1305 2921 est.
1359 2866 1437 2919 Ac
1491 2865 1888 2926 Autiocheuus,
1949 2875 2008 2917 ut
2066 2873 2191 2918 ante
2226 2866 2424 2930 luerat,

853 2960 926 3013 ita
987 2960 1182 3011 mansit
1236 2956 1630 3010 Antiochenus.
1688 2955 1982 3008 Dositheus
2017 2970 2147 3008 vero
2199 2971 2228 3008 a
2296 2957 2426 3010 sede

852 3051 1339 3119 Hierosolymitaua
1392 3048 1602 3114 Cpolim
1651 3054 1738 3099 est
1778 3045 2094 3110 translatus,
2149 3062 2272 3100 cum
2317 3057 2424 3100 tam

850 3141 1124 3208 frequenti
1179 3148 1237 3192 et
1291 3139 1577 3206 splendido
1631 3140 1892 3190 comitatu
1945 3148 2004 3191 ut
2055 3138 2200 3190 haud
2261 3139 2428 3192 dubie

854 3232 1060 3299 regium
1119 3231 1455 3297 triumphum
1505 3237 1768 3296 aequaret.
1827 3230 1895 3281 At
1945 3229 2188 3296 priinarii
2249 3235 2433 3282 sacer:

851 3323 1010 3376 dotes
1047 3322 1337 3389 exterique
1383 3320 1638 3374 facundia
1691 3319 1951 3388 insignes,
2011 3320 2105 3388 qui
2154 3335 2213 3373 se
2263 3336 2429 3373 cano-

852 3414 1015 3466 nibus
1046 3423 1250 3466 temere
1297 3413 1514 3465 violatis
1554 3411 1817 3480 deceptos
1849 3411 2133 3473 videbant,
2171 3412 2434 3480 obstupe-

852 3507 1003 3569 facti,
1058 3520 1182 3558 cum
1235 3505 1404 3557 risum
1456 3503 1664 3557 diutius
1714 3503 1959 3572 perferre
2024 3519 2134 3556 non
2187 3515 2431 3572 possent,

852 3595 1284 3649 extraordinaria
1329 3595 1692 3648 conciliabula
1742 3604 1796 3646 et
1822 3592 2000 3661 plebis
2048 3595 2432 3647 conventicula

855 3672 1146 3738 instituunt
1193 3697 1205 3734 :
1246 3682 1437 3735 aliena:
1479 3680 1723 3733 ecclesiae
1755 3687 2053 3745 occupatur
2091 3677 2242 3731 audit
2282 3677 2436 3730 Dosi-

857 3777 1046 3840 thcns;
1105 3776 1346 3828 secundo
1381 3774 1591 3827 honore
1622 3774 1888 3840 abrogato
1933 3789 1963 3826 e
1993 3772 2123 3826 sede
2156 3772 2432 3833 educitur,

857 3866 1016 3935 533
1043 3867 1338 3934 imperator
1372 3879 1503 3918 vero
1535 3863 1886 3930 ignominiam
1923 3861 2069 3913 illam
2099 3876 2208 3914 non
2254 3864 2436 3915 ferens

856 3957 1110 4009 etnnibus
1164 3954 1341 4006 modis
1394 3953 1733 4015 adversatur,
1775 3966 1840 4004 ac
1889 3951 2026 4004 nihil
2052 3965 2161 4003 nou
2197 3949 2330 4003 facit
2376 3959 2436 4002 ut

857 4050 1154 4116 approbata
1198 4047 1288 4100 illa
1347 4046 1629 4099 translatio
1679 4048 1880 4098 valeat.
1927 4044 2040 4098 Nec
2103 4045 2273 4098 multo
2315 4051 2436 4111 post

859 4139 1217 4206 abrogatioue
1263 4138 1498 4200 sublata,
1552 4137 1869 4190 Dosnthcum
1912 4131 2102 4189 denuo
2145 4135 2437 4189 conﬁrma.

862 4238 974 4281 tum
1032 4241 1129 4296 per
1161 4227 1538 4294 bipenniferos
1592 4226 1862 4279 satellites
1907 4236 1964 4279 et
1994 4227 2266 4294 palatinos
2310 4241 2437 4294 pro-

859 4330 1014 4370 ceres
1072 4316 1126 4368 in
1185 4329 1396 4368 sacram
1445 4315 1617 4368 aedem
1676 4315 1943 4372 deducit.
1993 4315 2181 4384 populi
2227 4325 2436 4369 motum

861 4405 1087 4457 veritus.
1144 4403 1274 4457 Erat
1321 4403 1468 4456 enim
1519 4403 1813 4456 Dositheus
1867 4403 1938 4456 ob
1973 4403 2330 4458 ambitionem
2381 4413 2438 4457 et

2532 1971 2623 2042 [l’.
2662 1973 2789 2045 200]
2840 1977 3234 2043 συγγενόμενος
3289 1981 3688 2056 σχηματίζεται
3746 1984 3838 2034 τὸν
3896 1988 4111 2054 ἀσχάλ-

2527 2062 2688 2115 λοντα
2722 2067 2768 2114 εἰ
2797 2065 2967 2128 οὕτως
3011 2066 3222 2135 ἀνδρῶν
3245 2069 3512 2136 φιλοθέων
3556 2074 3654 2124 καὶ
3685 2074 3881 2140 λογίων
3910 2079 3943 2146 ἠ
3982 2078 4113 2132 Ἐκ-

2530 2154 2728 2223 κλησία
2765 2157 3086 2220 σπανίζεται
3143 2161 3237 2212 καὶ
3266 2162 3300 2230 ὴ
3340 2148 3612 2235 μοναχικὴ
3663 2167 3979 2238 διέρριπται
4013 2173 4112 2223 καὶ

2531 2246 2846 2312 ἡφάντωται
2887 2249 3079 2318 ἁρετὴ,
3131 2252 3208 2314 ὡς
3260 2255 3334 2321 μὴ
3388 2255 3654 2326 πρότερον
3683 2259 3792 2326 (56)
3829 2257 3970 2314 εἶναι
4017 2263 4112 2315 τὸν

2528 2337 2760 2405 ἡμέριον
2790 2343 3002 2393 τουτονὶ
3051 2343 3374 2414 λαμπτῆρα,
3409 2347 3501 2399 τὸν
3549 2350 3866 2418 ἀεικίνητον
3928 2354 4108 2422 ἥλιον,

2527 2425 2560 2495 ἢ
2597 2427 2689 2478 τὸν
2724 2429 2818 2478 ἐπὶ
2844 2427 2954 2479 τῶν
2987 2432 3298 2497 κεροιάκων
3334 2435 3428 2488 τοῦ
3463 2438 3614 2504 ἱεροῦ
3669 2441 4112 2512 καθιζησόμενον

2529 2517 2722 2585 θρόνου
2751 2521 2847 2572 καὶ
2906 2521 3148 2589 ἀρίστως
3208 2526 3270 2577 τὸ
3333 2528 3443 2579 τῶν
3508 2532 3715 2583 πιστῶν
3765 2534 4112 2587 διιθυνοῦντα

2528 2607 2825 2678 πλήρωμα.
2864 2613 2973 2665 Καὶ
3001 2615 3211 2667 τοιαῦθ’
3237 2617 3400 2687 ἕτερα
3454 2621 3884 2690 σχετλιαστικῶς
3933 2644 4112 2695 προα-

2527 2699 2899 2768 ναὸαλόμενος
2945 2705 3200 2774 ἐπήγαγε
3263 2709 3432 2761 πάλαι
3494 2713 3593 2780 μὲν
3645 2713 3935 2781 βούλεσθαι
3982 2733 4115 2785 μετ-

2527 2796 2771 2857 ενεγκεῖν
2801 2793 2965 2845 αὐτόν
2996 2797 3059 2846 ὲκ
3083 2795 3186 2862 τῆς
3230 2799 3551 2868 Ἀντιοχέων
3585 2805 3854 2874 καθέδρας
3900 2808 3984 2870 είς
4011 2815 4113 2878 τήν

2531 2884 2926 2954 οἰκουμενικὴν
2953 2889 3242 2956 περιωπὴν
3269 2889 3344 2949 ὼς
3387 2889 3584 2958 λύχνον
3614 2896 3734 2954 ταῖς
3782 2894 3893 2946 τῶν
3928 2897 4114 2966 νόμων

2526 2975 2884 3040 τηλαυγείαις
2928 2978 3254 3045 πάμφωτον,
3293 2979 3716 3035 ὑποστέλλεσθαι
3766 2984 3823 3035 δὲ
3875 2988 3979 3054 τὴν
4019 3005 4114 3054 με-

2526 3064 2745 3117 τάθεσιν
2778 3065 2854 3126 ὼς
2921 3067 3093 3119 πάλαι
3145 3071 3259 3130 τοῖς
3321 3070 3545 3123 κανόσιν
3595 3074 3979 3144 ἀπειρημένην
4021 3079 4113 3128 καὶ

2459 3197 2501 3257 C
2533 3158 2643 3216 τοῖς
2692 3157 3169 3226 ἐκκλησιαστικαῖς
3232 3161 3547 3228 ἀπᾴδουσαν
3583 3164 3824 3230 θεσμοῖς·
3871 3169 3921 3217 εί
3951 3167 4113 3218 δἀὐ-

2533 3247 2622 3306 τὸς
2653 3247 2806 3314 σχοίη
2836 3247 2901 3298 ἂν
2929 3247 3004 3309 ὼς
3031 3247 3231 3316 νόμους
3264 3251 3361 3299 καὶ
3386 3251 3620 3308 κανόνας
3659 3251 4113 3321 ἀκριϐωσὰμενος

2533 3336 2716 3404 χώραν
2744 3337 2972 3405 ἔχουσαν
3035 3337 3460 3408 ἁποδεδειχέναι,
3501 3341 3646 3393 καθά
3677 3360 3827 3405 ποτε,
3878 3347 3980 3398 καὶ
4019 3348 4114 3398 νῦν

2533 3427 2632 3495 τὴν
2671 3427 2983 3495 μετάθεσιν,
3016 3430 3112 3480 καὶ
3155 3431 3253 3492 τας
3282 3431 3392 3481 τῶν
3438 3432 3652 3484 πολλῶν
3684 3437 3766 3495 εἰς
3800 3434 3961 3487 τοῦτο
3985 3438 4113 3504 μεθ-

2536 3520 2800 3586 αρμόσειε
2883 3518 3138 3589 γνώμας,
3195 3522 3422 3591 ἕρμαιον
3496 3524 3665 3587 ὅντως
3725 3527 4000 3595 ἡγήσεται
4055 3531 4113 3580 τὸ

2537 3610 2784 3679 πραχθὲν
2811 3611 2906 3662 καὶ
2952 3612 3052 3664 οὑκ
3087 3612 3439 3666 ἀναϐαλεῖται
3491 3615 3551 3666 τὸ
3598 3617 3773 3685 πέρας
3821 3618 4114 3671 ἀνεύθυνον

2536 3698 2726 3750 ποιοῦν
2761 3701 2861 3767 τὴν
2890 3700 3258 3770 προχείρισιν.
3297 3705 3408 3756 Καὶ
3443 3706 3471 3756 6
3503 3706 3604 3774 μὲν
3633 3707 3893 3775 βασιλεὺς
3941 3710 4115 3773 οὕτως

2538 3789 2770 3858 μετῆλθε
2817 3789 2910 3842 τὸν
2982 3791 3311 3860 ’Δντιοχείας
3374 3795 3676 3866 Θεόδωρον,
3737 3799 3766 3849 6
3822 3799 3882 3849 δὲ
3935 3800 4115 3852 πάντα

2537 3878 2732 3946 ἐκτελῆ
2771 3878 3026 3944 γενέσθαι
3064 3880 3344 3935 κατέθετο.
3384 3883 3636 3950 Σύλλογοι
3679 3883 3774 3938 οὖν
3805 3887 3923 3953 μετ’
3970 3889 4116 3940 ἐκεῖ·

2537 3985 2636 4035 νην
2671 3968 2769 4037 τὴν
2816 3969 3032 4039 ἡμέραν
3061 3973 3368 4040 ἀρχιερέων
3401 3973 3506 4024 ἀνὰ
3532 3974 3607 4026 τὰ
3635 3977 3829 4044 ἀρχεῖα
3875 3979 3944 4029 τὰ
3993 3980 4114 4048 ιερὰ

2536 4062 2634 4112 καὶ
2669 4060 2883 4112 σύνοδοι
2911 4062 3006 4112 καὶ
3056 4064 3353 4132 συζήτησις
3406 4068 3534 4134 περὶ
3593 4068 3963 4134 μεταθέσεως,
4022 4074 4116 4124 καὶ

2540 4151 2696 4221 παρὰ
2745 4152 2917 4214 πόδας
2969 4153 3283 4223 ὲκχώρησις
3341 4157 3437 4208 καὶ
3489 4158 3655 4227 τόμος
3699 4161 3793 4212 ἐπὶ
3834 4162 4115 4228 βασιλικοῦ

2539 4242 3036 4312 συμπληρούμενος
3101 4243 3367 4314 βήματος,
3427 4248 3522 4300 καὶ
3552 4251 3580 4300 6
3609 4249 3710 4317 μὲν
3785 4251 4114 4321 Ἀντιοχείας

2539 4332 2704 4384 πάλιν
2739 4333 3072 4402 Ἀντιοχείας
3116 4333 3380 4404 ὲώμενος,
3408 4338 3437 4388 6
3465 4337 3523 4389 δὲ
3555 4340 3809 4402 Δοσίθεος
3867 4342 3978 4394 ἀπὸ
4021 4343 4113 4395 τοῦ

2536 4422 2646 4477 τῶν
2683 4422 3083 4495 Ἱεροσολύμων
3135 4426 3314 4479 θὼκου
3359 4429 3439 4490 είς
3485 4430 3575 4482 τὸν
3629 4431 3726 4498 τῆς
3761 4432 4113 4486 Κωνσταντι-

862 4494 1211 4562 imperatoris
1249 4493 1687 4561 intempestivam
1739 4495 2094 4562 pertinaciam
2129 4505 2186 4548 et
2240 4512 2429 4564 parum

2470 4515 2844 4576 ῡνουπόλεως
2877 4493 3240 4586 ἀναγόμενος,
3287 4521 3381 4571 καὶ
3425 4520 3458 4589 ἡ
3497 4493 3806 4589 προπομπὴ
3851 4521 3928 4583 ὠς
3973 4522 4112 4591 λαμ-

806 4585 822 4629 -’
859 4584 1136 4638 laudatum
1165 4586 1248 4638 sui
1278 4587 1518 4638 studium
1567 4587 1826 4639 omnibus
1875 4587 2103 4640 invisus.
2156 4588 2429 4641 Czeterum

860 4693 1052 4730 rursus
1099 4678 1228 4730 sede
1283 4678 1525 4745 ejicitur,
1580 4679 1892 4746 eodemque
1923 4680 2087 4732 lllOdO
2125 4695 2235 4748 quo
2279 4682 2434 4734 canis

861 4768 1173 4836 Ilisopicus,
1218 4777 1274 4821 et
1332 4770 1709 4836 pontificatum
1749 4786 1910 4838 quem
1954 4780 2203 4824 tenuerat
2236 4773 2437 4824 amittit

865 4867 1011 4929 (nam
1069 4862 1210 4915 alius
1274 4861 1667 4931 Hierosolymis
1699 4863 1908 4916 electus
1943 4871 2102 4923 erat)
2134 4876 2190 4916 et
2242 4862 2435 4932 majori

864 4955 993 5007 sede
1051 4954 1271 5017 excidit,
1322 4969 1517 5023 magno
1567 4969 1825 5008 vasorum
1875 4956 2103 5010 custode
2158 4954 2437 5024 Xiphiliuo

863 5043 1093 5114 Georgio
1122 5047 1430 5114 patriarcha
1475 5048 1777 5116 designato.

2538 4602 2784 4670 προτάτη
2837 4602 2934 4653 καὶ
2987 4603 3524 4674 πολυανθρωποτάτη
3579 4608 3692 4659 τῶν
3742 4608 3990 4672 πώποτε,
4041 4612 4112 4675 ὠς

2540 4688 2684 4744 εἶναι
2708 4695 2800 4745 καὶ
2822 4694 3115 4762 θριὰμόοις
3143 4697 3415 4765 βασιλέων
3441 4700 3815 4769 ἀμφήριστος,
3851 4706 3945 4754 καὶ
3978 4706 4110 4773 ἀχα-

2541 4787 2653 4840 νεῖς
2694 4784 2786 4835 ἐπὶ
2810 4785 2988 4852 τούτῳ
3026 4787 3076 4837 oi.
3099 4788 3521 4854 φενακισθέντες
3555 4791 3833 4859 ἀρχιερεῖς
3872 4795 4113 4856 καὶτοὺς

2544 4871 2776 4935 κανόνας
2797 4876 2922 4945 εἰκῆ
2949 4879 3484 4948 κατανωτισάμενοι.
3526 4881 3749 4951 ’Λμέλει
3787 4900 3871 4937 τοι
3914 4886 4010 4936 καὶ
4041 4887 4111 4952 μὴ

2544 4964 2635 5015 ἐπὶ
2671 4965 2837 5018 πολὺν
2863 4968 3055 5037 χρόνον
3090 4973 3337 5038 ἐνεγκεῖν
3351 4975 3442 5026 τὸν
3465 4975 3679 5041 γέλωτα
3705 4979 3922 5047 ἔχοντες
3938 4995 4111 5047 παρα-

2546 5055 2871 5120 συναγωγὰς
2921 5057 3135 5111 ποιοῦσι
3189 5063 3283 5114 καὶ
3331 5063 3647 5134 όχλαγώγια
3692 5067 3744 5118 οι
3773 5066 3996 5134 λογάδες
4019 5066 4109 5119 τοῦ

2147 5208 2314 5268 llier.
2364 5209 2563 5273 Wolﬁi
2609 5224 2796 5276 llOllB.

940 5369 1053 5438 ('56)
1092 5370 1189 5435 Ὠς
1224 5371 1308 5437 μὴ
1360 5372 1671 5440 πρότερον.
1719 5376 2058 5442 Depravatus
2101 5375 2319 5432 videtur
2348 5379 2438 5432 hic

865 5441 1038 5494 locus.
1076 5441 1185 5509 Ego
1219 5443 1270 5492 in
1319 5445 1578 5497 vertendo
1621 5446 2056 5512 qualemcunque
2108 5453 2434 5501 sententiam

866 5525 987 5582 sum
1022 5522 1264 5582 secutus.
1311 5512 1571 5566 Vetusms
1612 5515 1784 5582 codex
1824 5523 1880 5566 et
1924 5516 2038 5582 ipse
2072 5514 2236 5570 habet
2276 5520 2436 5572 verba

867 5581 999 5651 satis
1031 5581 1284 5648 perplexa
1325 5597 1337 5631 ε
1380 5583 1465 5642 Ὡς
1496 5585 1577 5635 ὅτι
1623 5585 1656 5651 ή
1701 5579 1998 5651 Ἐκκλησία
2033 5614 2101 5623 —
2131 5586 2385 5647 διῐῡὺνεις
2421 5604 2435 5618 ο

867 5649 1158 5702 Ecclesium
1177 5665 1280 5701 non
1320 5653 1507 5725 habere
1540 5649 1676 5705 uiros
1703 5655 1813 5725 pios
1843 5649 2164 5719 el'eruditos,
2187 5673 2349 5725 eaque
2378 5662 2441 5709 de

867 5735 1026 5772 causa
1055 5729 1106 5791 et
1160 5723 1502 5773 monasticam
1549 5726 1711 5775 vitam
1759 5723 2012 5791 dejeclam
2069 5734 2116 5777 et
2177 5723 2441 5779 desertam

866 5804 995 5842 esse.
1046 5789 1109 5842 Et
1154 5801 1230 5856 tu,
1279 5791 1466 5860 inquit,
1516 5793 1724 5846 illustre
1771 5789 1934 5859 sidus,
1988 5810 2090 5847 non
2145 5799 2442 5864 apparuisti

2540 5384 2732 5465 prius,
2771 5394 2828 5438 ut
2873 5386 2926 5440 in
2976 5387 3108 5440 solio
3155 5390 3248 5441 hoc
3274 5462 3283 5465 _
3309 5393 3662 5465 patriar-chrea
3713 5399 4006 5451 consideres
4061 5408 4103 5451 et

2542 5455 2908 5530 (fin-istianunt
2938 5473 3144 5530 gregem
3175 5455 3367 5528 optime
3411 5464 3748 5530 gubernans.
3795 5471 3850 5520 In
3901 5470 4106 5522 tuteris

2543 5522 2759 5606 duobus
2791 5522 3075 5606 codicibus
3102 5522 3528 5600 ιιι-θ’κεροιαέιων
3554 5533 3788 5606 [οι-ιιιεςε
3819 5537 4103 5606 lege-tuum

2543 5597 2764 5674 οἰάκων,
2799 5597 2917 5674 sine
2949 5601 3150 5674 syllaba
3185 5597 3308 5669 κερ,
3335 5614 3391 5656 et
3418 5617 3519 5670 pro
3547 5604 3696 5672 ἥλιον
3728 5606 3760 5674 ἢ
3795 5597 4104 5662 τὸνἿοτιαε-

2545 5676 2610 5737 se
2635 5664 2920 5737 legendum
2953 5664 2990 5737 ἦ
3024 5671 3209 5732 αὑτὸν,
3249 5664 3308 5723 ut
3329 5664 3442 5726 haec
3469 5675 3536 5725 de
3559 5664 3672 5728 sole
3705 5664 3976 5730 sententia
4006 5694 4104 5732 non

2547 5732 2612 5784 ad
2644 5736 2810 5789 alium
2842 5732 3002 5806 quam
3035 5738 3102 5792 ad
3137 5741 3313 5810 ipsum
3341 5741 3647 5798 Balsamutn
3677 5746 3971 5802 referatur.
