4284 6370
851 379 958 438 τῖε)
2088 371 2384 433 ΝΙΟΕΤΕ
2425 371 2832 432 (ΞΗΟΝῘΑΤίΕ
3992 382 4110 442 ’ἷῗδ

844 484 1059 538 mannis
1084 485 1314 555 sejuneti
1341 499 1548 548 sumus,
1595 492 1654 535 ιιι
1681 483 1820 537 ultra
1852 499 1915 538 ιι
1941 482 2112 537 stadia
2133 481 2416 536 recedere-

2415 510 2420 519 ι
2450 491 2491 545 Α
2525 484 2721 535 ἔπεσον
2767 482 2968 546 πάντες
3023 481 3101 545 ὡς
3138 484 3291 552 μόνοι
3328 485 3421 538 καὶ
3464 487 3671 559 πρῶτοι
3719 491 4108 560 μαχεσάμενοι

845 589 987 626 mus.
1019 574 1154 628 Nam
1186 574 1262 626 illi
1285 575 1348 624 ad
1382 572 1802 640 Philippopolim
1859 571 2278 641 permanebant,
2313 583 2412 621 nos

842 665 983 717 citra
1023 664 1398 717 extremitates
1449 663 1672 716 Aenridi
1729 663 2168 731 quiescebamus,
2203 659 2270 712 de
2303 659 2412 711 vita

843 757 1105 809 duntaxat
1157 755 1530 808 conservanda
1587 755 1844 808 solliciti:
1885 754 1992 805 imo
2041 762 2098 804 et
2168 759 2410 804 nostram

763 885 768 890 .
845 845 1177 912 provinciam
1275 844 1883 913 populabamur,536
1952 853 2011 894 ut
2079 849 2416 895 commeatus

843 941 1182 1000 suppeteret.
1259 932 1389 996 Qua:
1449 951 1572 986 eum
1648 935 1712 985 ad
1761 933 2148 1000 imperatorem
2208 933 2414 1002 perlata

839 1030 1043 1079 essent.
1085 1022 1174 1074 vix
1200 1038 1324 1074 eum
1361 1033 1648 1075 moverunt
1681 1032 1740 1074 ut
1779 1023 2024 1074 nonnihil
2059 1023 2127 1074 de
2181 1022 2420 1090 pertina-

841 1114 924 1164 ria
949 1111 1274 1165 remitteret.
1313 1112 1497 1164 Etnos
1543 1111 1708 1164 etiam
1764 1112 1928 1180 paulo
1979 1120 2101 1180 post
2153 1112 2218 1163 ad
2293 1126 2416 1163 eum

844 1201 1075 1269 profecti
1144 1201 1356 1266 singula
1427 1201 1744 1266 diligentius
1829 1202 2256 1270 exponebamus,
2327 1201 2419 1251 illo

841 1294 1076 1361 adjecto,
1132 1293 1469 1344 Aletnannos
1509 1293 1696 1347 dicere
1752 1293 1888 1346 nihil
1916 1308 2034 1344 esse
2070 1291 2215 1343 aliud
2272 1289 2417 1358 quod

846 1387 1229 1452 imperatorem
1261 1387 1327 1436 ad
1367 1384 1685 1453 negligenda
1705 1384 2135 1438 Occidentalium
2157 1383 2420 1435 Christia-

843 1492 1036 1528 norum
1107 1483 1260 1542 pacta
1297 1475 1592 1542 impulerit,
1628 1475 1732 1526 nisi
1804 1475 1948 1542 quod
2004 1490 2127 1527 cum
2177 1472 2421 1541 principe

845 1564 1246 1617 Saracenorum
1274 1577 1460 1631 pacem
1493 1564 1735 1627 fecisset,
1793 1574 1846 1617 et
1896 1571 1951 1616 ut
1999 1565 2166 1616 moris
2203 1564 2419 1615 illorum

844 1667 990 1708 esset
1023 1657 1074 1708 in
1137 1655 1378 1708 amicitia
1443 1655 1849 1715 constituenda,
1909 1666 2138 1721 uterque
2202 1668 2337 1704 vena
2365 1653 2418 1704 in

845 1757 1064 1812 pectore
1105 1745 1277 1797 incisa
1329 1760 1486 1798 suum
1507 1745 1660 1798 alteri
1683 1744 2001 1812 sanguinem
2050 1743 2416 1812 propinasset.

2517 572 2629 632 τοῖς
2675 571 3024 639 Ἀλαμανοῖς,
3052 573 3101 623 οί
3132 571 3188 624 δὲ
3232 573 3495 642 Ῥωμαῖοι
3539 576 3906 644 ἐδραπέτευον
3957 597 4110 651 προ-

2517 662 2792 731 τροπάδην
2820 663 2915 716 καὶ
2954 663 3190 727 ἀκλεῶς,
3224 665 3358 735 μηδέ
3397 668 3652 737 καθαρῶς
3681 671 3955 740 ἐμϐλέψαι
3979 677 4105 736 τοῖς

2519 752 2782 814 ἐναντίοις
2802 752 3225 818 ὑπενεγκόντες.
3263 755 3373 808 Καὶ
3399 757 3563 820 αὐτὸς
3595 760 3652 813 δὲ
3677 763 3704 813 ό
3735 767 4106 832 πρωτοστρὰ-

2516 860 2630 911 τωρ
2665 843 2730 895 δι’
2772 842 2938 912 ἄλλης
2976 843 3098 896 ὁδοῦ
3146 847 3587 919 άνακεχωρηκὼς
3632 853 3873 920 ἄφαντος
3923 850 3998 926 ἧν
4034 857 4102 909 ἐκ

2515 935 2673 987 τοῦδε
2704 935 2835 1004 ἡμῖν
2866 937 2946 995 είς
2985 936 3179 1006 τρίτην
3213 939 3452 1005 ἡμέραν,
3491 941 3862 1010 τρισάσμενος
3896 945 3954 998 δέ
3998 948 4104 1007 τὰς

2519 1029 2707 1096 χεῖρας
2734 1025 2843 1076 τῶν
2873 1024 3148 1092 πολεμίων
3177 1027 3487 1093 διεκφυγὼν
3518 1030 3670 1098 μόλις
3701 1033 4101 1100 ἐπανέξευξεν,

2521 1113 2595 1174 ὡς
2627 1115 2690 1163 ἐκ
2725 1112 2938 1181 μακροῦ
2995 1113 3273 1178 πελάγους
3335 1117 3417 1178 είς
3462 1116 3656 1185 λιμένα
3708 1122 3976 1189 κατάρας,
4019 1125 4106 1177 ἐτι

2520 1202 2618 1268 τὴν
2647 1201 2827 1270 ἅλμην
2881 1203 3178 1256 ἀποπτύων
3227 1203 3323 1257 τοῦ
3386 1207 3662 1274 μαχισμοῦ
3712 1213 3805 1262 καὶ
3854 1213 3968 1272 τοῖς
3995 1211 4107 1263 ὠσὶ

2522 1292 2706 1360 φέρων
2748 1293 3008 1355 ἐναύλους
3032 1295 3132 1357 τὰς
3161 1296 3252 1346 ἐπὶ
3277 1295 3354 1364 τῷ
3389 1297 3552 1349 αὑτὸν
3579 1299 3783 1352 ἁλῶναι
3821 1304 4102 1371 προϊεμέ-

2522 1400 2614 1444 νας
2668 1383 2948 1451 διατόρους
2997 1384 3184 1450 φωνάς
3243 1385 3354 1437 τῶν
3409 1388 3748 1454 ’Λλαμανῶν.
3789 1393 3983 1445 Πολλοὶ
4045 1395 4108 1448 δὲ

2525 1476 2618 1528 καὶ
2657 1474 2878 1527 ἄνοπλοι
2929 1477 3024 1526 καὶ
3081 1475 3309 1528 ἄνιπποι
3359 1480 3416 1540 ἐς
3452 1481 3515 1530 τὸ
3580 1483 3944 1551 στρατόπεδον
3994 1487 4106 1537 ἑπ-

2527 1565 2856 1633 ανήλθοσαν,
2893 1569 2959 1636 τῇ
3017 1569 3269 1637 συντονία
3326 1567 3421 1622 τοῦ
3477 1571 3680 1639 δρόμου
3733 1573 4109 1644 λακησάντων

2526 1656 2676 1722 σφίσι
2721 1656 2830 1707 τῶν
2880 1657 3195 1725 ὀχημάτων.
3256 1659 3328 1712 Τὸ
3372 1659 3418 1711 δ’
3473 1663 3580 1713 ἀπὸ
3638 1663 3790 1715 τοῦδε
3839 1668 4107 1718 τοσοῦτον

2526 1747 2990 1818 ἀπεσχοινίσμεθα
3015 1748 3259 1817 αλλήλων
3303 1751 3594 1819 Ἀλαμανοί
3625 1771 3685 1805 τε
3718 1756 3813 1808 καὶ
3849 1754 3939 1826 [Ρ.
3964 1755 4110 1822 262]

845 1835 938 1888 Sic
999 1836 1216 1888 tandem
1277 1835 1394 1904 eius
1444 1836 1846 1888 contumaciam
1909 1835 1982 1887 ita
2044 1834 2324 1901 fregimus,
2367 1843 2416 1885 ul

2415 1817 2498 1885 ιθ
2539 1838 2802 1906 Ῥωμαῖοι
2833 1839 2906 1901 ὡς
2944 1839 3190 1902 σταδίους
3238 1840 3514 1895 διεστάναι
3567 1847 3784 1908 πλείους
3828 1849 3941 1899 τῶν
3978 1848 4110 1918 ἐξή-

843 1928 1146 1980 consilioin
1168 1926 1506 1979 contrarium
1532 1936 1738 1978 mutato
1779 1927 2202 1979 Alemannorum
2249 1935 2428 1978 trans-

845 2021 980 2071 itum
1009 2019 1078 2082 ,in
1121 2016 1405 2071 Orientem
1437 2024 1732 2081 expeteret.
1774 2016 1943 2079 Quem
1967 2030 2092 2067 cum
2145 2029 2325 2082 regem
2356 2014 2426 2065 ob

845 2115 1140 2165 instantem
1199 2109 1616 2167 hiemetnlnam
1687 2107 1980 2160 Nmetnbri
2045 2121 2233 2160 mense
2307 2107 2426 2158 haec

844 2215 966 2257 acta
990 2211 1150 2269 sunt)
1192 2202 1245 2253 in
1303 2215 1530 2253 vernum
1601 2209 1817 2267 tempus
1880 2199 2101 2252 differre
2156 2204 2422 2259 cerneret,

845 2309 1038 2348 rursus
1067 2292 1132 2345 ad
1155 2291 1433 2359 ingenium
1470 2290 1668 2350 rediit;
1699 2301 1753 2342 et
1807 2305 1904 2357 per
1945 2290 2181 2351 litteras,
2236 2296 2423 2340 contra

844 2384 1104 2437 decorum
1136 2381 1576 2450 imperatorium.
1626 2379 1738 2445 regi
1775 2377 2105 2430 vaticinatus
2162 2384 2247 2429 est
2299 2389 2425 2428 eum

845 2485 973 2528 ante
997 2475 1204 2528 Pascha
1233 2474 1581 2525 moriturum.
1611 2471 1678 2524 Et
1708 2479 1767 2522 ut
1803 2471 1908 2521 alia
1929 2485 2051 2536 qum
2076 2477 2420 2520 antecessere

846 2564 1380 2636 prattercanuplura
1426 2563 1572 2614 enim
1630 2561 1835 2615 habent
1873 2576 1992 2627 qua:
2047 2561 2101 2611 in
2159 2557 2322 2609 dictis
2373 2564 2428 2608 et

849 2659 1006 2712 lactis
1037 2658 1274 2710 auctoris
1291 2656 1582 2722 culpentnr
1603 2670 1764 2722 quam
1787 2669 1911 2721 qua:
1937 2649 2273 2717 laudentur)
2297 2689 2312 2710 ,
2338 2647 2427 2698 vix

845 2750 1138 2802 adducitur
1163 2756 1221 2798 ut
1243 2747 1451 2814 legatos
1471 2745 1535 2797 ad
1563 2746 1714 2797 illum
1735 2744 1936 2796 reverti
1959 2738 2212 2810 patiatur.
2240 2740 2282 2792 Ε
2310 2740 2430 2806 qui-

851 2842 956 2892 bus
987 2838 1078 2891 ubi
1101 2839 1148 2890 is
1168 2827 1421 2903 cognovit
1443 2834 1820 2902 imperatorem
1844 2848 1938 2885 eos
1963 2845 2138 2898 neque
2162 2843 2425 2883 consessu

849 2945 1025 2997 neque
1060 2928 1171 2980 ullo
1203 2926 1309 2978 alio
1326 2923 1586 2991 singulari
1619 2924 1825 2975 honore
1854 2921 2134 2991 dignatum
2161 2933 2303 2982 esse,
2332 2921 2427 2973 sed

848 3037 1000 3089 aeque
1033 3028 1092 3072 ut
1142 3019 1413 3070 ltomanos
1455 3016 1730 3067 serviliter
1789 3023 1965 3066 astare
2020 3013 2236 3072 sivisse,
2270 3011 2428 3080 537

850 3111 1099 3180 quamvis
1121 3108 1407 3176 episcopos
1435 3115 1491 3156 et
1515 3116 1775 3172 cognatos
1807 3118 1956 3163 suos,
1991 3102 2422 3169 indignationem

851 3213 907 3255 et
940 3200 1276 3254 iracundiam
1327 3197 1673 3248 dissimulare
1726 3209 1834 3246 non
1889 3194 2083 3260 potuit.
2145 3191 2211 3244 Ut
2243 3201 2423 3243 autem

853 3293 1012 3360 legati
1043 3289 1215 3340 nostri
1247 3287 1311 3338 ad
1348 3300 1472 3337 eum
1509 3291 1804 3345 venerunt,
1831 3291 1887 3334 et
1925 3282 2074 3348 ipsos
2131 3281 2232 3332 sibi
2289 3282 2426 3331 assi-

853 3385 984 3434 dere
1028 3381 1212 3450 jUSbll,
1245 3394 1342 3431 nec
1402 3378 1706 3437 ministros,
1770 3388 1975 3440 coquos
2022 3381 2078 3422 et
2135 3371 2428 3437 equisones

853 3488 1043 3524 eorum
1073 3482 1248 3523 astare
1288 3485 1477 3538 passus
1499 3477 1605 3520 est.
1637 3467 1740 3530 Qui
1768 3480 1892 3517 eum
1941 3464 2140 3515 decere
2164 3467 2428 3528 negarent

857 3573 916 3616 ut
940 3563 1170 3615 ministri
1202 3561 1312 3629 regi
1358 3560 1593 3612 maximo
1622 3557 1949 3616 assiderent,
1981 3554 2113 3606 satis
2143 3549 2424 3618 essequod

855 3657 969 3707 suis
1012 3651 1246 3707 dominis
1277 3653 1450 3703 honos
1483 3652 1527 3702 is
1563 3650 1876 3708 haberetur,
1908 3660 2014 3698 non
2065 3643 2298 3704 destitit,
2331 3641 2426 3694 sed

857 3750 1057 3802 invitas
1084 3748 1246 3798 etiam
1292 3745 1396 3796 illis
1426 3744 1666 3795 assidere
1691 3742 1881 3807 coegit.
1909 3739 2026 3802 Quo
2050 3737 2192 3790 facto
2230 3736 2428 3788 Roma-

857 3855 956 3894 nos
1000 3841 1408 3896 subsannabat;
1443 3843 1498 3885 et
1523 3831 1784 3883 inuuehat
1820 3843 1916 3879 eos
1959 3840 2139 3893 neque
2206 3824 2429 3876 virtutis

858 3946 1038 3999 neque
1090 3928 1310 3997 generis
1369 3925 1570 3976 habere
1629 3933 1915 3978 rationem,
1971 3917 2067 3970 sed
2105 3925 2164 3967 ut
2215 3913 2429 3968 suhnlci

860 4036 1054 4091 porcos
1102 4034 1313 4079 omnes,
1365 4016 1478 4067 sive
1519 4015 1744 4082 pingues
1775 4022 1825 4062 et
1857 4010 2016 4078 pretii
2063 4009 2285 4077 majoris
2315 4013 2428 4060 sive

861 4115 1200 4172 macilentos,
1254 4111 1304 4162 in
1345 4109 1588 4162 eamdem
1647 4107 1831 4157 haram
1888 4102 2299 4170 compellerent,
2359 4104 2430 4151 ita

864 4204 1123 4258 Romanis
1138 4203 1305 4254 etiam
1338 4201 1457 4252 sine
1483 4199 1800 4251 disc-nmine
1822 4195 2045 4262 quosvis
2071 4205 2248 4245 astare
2271 4208 2433 4259 (ψυτ-

864 4300 1000 4342 tcre.
1033 4288 1150 4341 Non
1183 4288 1354 4339 multo
1388 4294 1533 4358 post,
1566 4293 1905 4337 commeatus
1927 4283 2154 4350 penuria
2185 4291 2430 4340 coactus,

862 4379 1106 4435 exercitu
1135 4377 1311 4431 diviso
1357 4375 1698 4430 Orestiadem
1765 4374 1924 4435 abiit,
1977 4373 2086 4425 lilio
2152 4387 2252 4424 suo
2307 4385 2430 4424 cmn

2531 1945 2727 1980 κονταο
2786 1930 2833 1980 οί
2891 1929 2990 1998 μὲν
3020 1930 3130 1999 γάρ
3165 1930 3248 1982 ἔτι
3296 1933 3363 2001 τῇ
3417 1931 3684 1984 Φιλίππου
3735 1939 4106 2004 προσέμενον,

2530 2020 2692 2087 ἡμεῖς
2727 2018 2782 2070 δὲ
2825 2021 2954 2086 περὶ
2992 2020 3062 2071 τὰ
3109 2019 3314 2087 ἔσχατα
3369 2020 3471 2088 τῆς
3529 2023 3776 2091 Ἀχριδοῦ
3813 2029 4109 2093 γενόμενοι

2527 2109 2896 2176 ἡσυχάζομεν,
2952 2110 3001 2159 εί
3069 2109 3382 2178 σωζοίμεθα
3448 2112 3609 2179 μόνον
3682 2115 4104 2181 ἐπιμελόμενοι.

2529 2199 2682 2250 Εἴπω
2708 2200 2764 2250 δέ
2801 2217 2853 2250 τι
2894 2200 2988 2251 καὶ
3035 2200 3240 2268 ἕτερον,
3270 2202 3547 2268 κείροντες
3580 2203 3678 2274 τὴν
3711 2205 3849 2255 ἰδίαν
3873 2208 3944 2258 τὰ
3975 2210 4107 2259 σῖτα.

2528 2291 2946 2359 είσειρερόςιεθα.
3001 2291 3108 2340 Καὶ
3158 2292 3223 2342 τὰ
3278 2291 3504 2344 τοιαῦτα
3559 2294 3946 2363 εἰσεληλυθότα
4009 2295 4106 2348 τοῦ

2532 2382 2792 2450 βασιλέως
2822 2381 3048 2433 ἐνώπιον
3081 2381 3322 2434 ἐνδοῦναι
3356 2385 3516 2452 μόγις
3552 2386 3644 2437 τοῦ
3675 2388 3734 2451 ti;
3750 2405 3815 2439 αν
3849 2388 4105 2444 ἔτεισαν.

2532 2473 2641 2526 Καὶ
2695 2476 2854 2542 ἡμεῖς
2903 2474 2949 2524 δ’
3003 2473 3160 2525 αὐτοὶ
3205 2476 3353 2542 μετὰ
3376 2474 3552 2546 βραχὺ
3595 2478 3924 2546 ἀφικόμενοι
3959 2485 4108 2531 κατα

2531 2563 2695 2631 μέρος
2726 2564 2905 2615 πάντα
2955 2563 3362 2633 διηγησάμεθα,
3397 2568 3765 2637 προσθέμενοι
3813 2568 3886 2629 ὥς
3939 2586 4108 2636 φισιν

2527 2655 2577 2706 oi
2629 2655 2924 2722 Ἀλαμανοὶ
2980 2656 3148 2726 μηδὲν
3201 2659 3390 2726 ἕτερον
3441 2655 3582 2712 εἶναι
3641 2661 3699 2712 τὸ
3765 2666 3965 2714 πεῖσαν
4013 2665 4106 2715 τὸν

2532 2743 2753 2811 βασιλέα
2805 2746 3092 2812 Ῥωμαίων
3155 2748 3222 2798 τὰ
3255 2749 3365 2800 τῶν
3427 2752 3700 2820 ἐσπερίων
3753 2752 4108 2820 Χρ;στ.ανῶν

2528 2835 2688 2903 ὅρκια
2746 2836 3202 2904 παραϐλέψασθαι
3233 2838 3265 2907 ἢ
3316 2839 3377 2891 τὸ
3409 2841 3548 2909 μετὰ
3575 2840 3667 2891 τοῦ
3711 2843 3820 2892 τῶν
3857 2844 4109 2911 Σαρακη-

2528 2919 2635 2970 νῶν
2669 2920 2927 2989 ἄρχοντος
2968 2924 3316 2988 σπείσασθαι,
3343 2928 3436 2977 καὶ
3465 2929 3606 2980 κατὰ
3653 2929 3714 2979 τὸ
3748 2930 3879 2997 παρ’
3915 2932 4105 2992 αὐτοῖς

2531 3013 2659 3077 περὶ
2717 3012 2901 3079 φιλίας
2957 3014 3190 3082 κρατοῦν
3260 3016 3450 3084 ἔθιμον
3499 3021 3844 3088 ἀμφοτέρους
3902 3025 4103 3089 σχάσαι

2453 3149 2494 3177 ρ
2533 3103 2704 3169 φλέϐα
2734 3102 2832 3172 τὴν
2875 3105 3190 3173 ἐπιστήθιρν
3232 3107 3328 3158 καὶ
3363 3107 3423 3158 τὸ
3457 3108 3672 3162 ἐκεῖθεν
3725 3112 3928 3179 ἐκρυέν
3966 3107 4105 3179 αἷμα

2532 3195 2794 3261 ἑκάτερον
2835 3194 2912 3254 εἰς
2959 3194 3117 3246 πόσιν
3171 3195 3710 3265 ἁντιπροτείνασθαι.
3773 3203 3883 3254 Καὶ
3938 3219 4104 3270 μετα-

2533 3284 2714 3335 ῦαλεῖν
2760 3284 2932 3346 οὕτως
2986 3286 3292 3354 ἰσχύσαμεν
3352 3290 3449 3358 τῆς
3511 3291 3835 3352 ἐνστάσεως.
3883 3293 4107 3361 Ἀμέλει

2530 3374 2629 3440 τὴν
2663 3375 2912 3426 ἐναντίαν
2953 3376 3298 3444 τραπόμενος
3334 3379 3432 3446 τῆς
3465 3381 3741 3447 προτέρας
3774 3381 3802 3431 ὁ
3850 3381 4107 3450 βασιλεὺς

2533 3464 2867 3533 προθέσεως,
2909 3465 3152 3535 ἐγλίχετο
3213 3467 3313 3534 τῆς
3364 3473 3420 3529 ἐς
3475 3469 3591 3521 Ἕω
3617 3471 3725 3522 τῶι
3785 3473 4106 3541 Ἀλαμανῶν

2534 3555 2904 3622 περαιώσεως.
2944 3557 3120 3625 Ὁρῶν
3143 3557 3198 3609 δὲ
3233 3561 3324 3610 τὶν
3350 3561 3494 3627 ρἧα
3525 3563 3612 3614 διά
3636 3563 3734 3629 τὴν
3766 3564 3824 3627 ἐς
3849 3565 4100 3634 χειμῶνα

2533 3650 2630 3714 τῆς
2661 3646 2808 3713 ὥρας
2852 3649 3202 3716 μετατροπὴν
3236 3645 3324 3718 (ἦν
3356 3652 3462 3720 γάρ
3504 3652 3812 3721 Νοέμόριος
3865 3656 3974 3724 μὴν
4012 3659 4102 3709 ὅτε

2535 3738 2710 3789 ταῦτα
2747 3738 2977 3807 ἐγίνετο)
3006 3741 3084 3800 είς
3109 3739 3208 3808 ἔαρ
3235 3743 3333 3810 τὴν
3361 3742 3662 3809 μετάϐασιν
3687 3746 4104 3814 άνατιθέμενον,

2539 3829 2700 3882 πάλιν
2761 3831 2871 3891 τοῖς
2941 3831 3226 3900 προτέροις
3287 3834 3547 3900 ἐνέμενε,
3607 3837 3702 3887 καὶ
3769 3839 4102 3891 ἐπιστέλλων

2538 3920 2878 3989 προηγόρευε
2908 3919 2986 3987 τῷ
3015 3923 3164 3990 ρηγὶ,
3202 3923 3518 3988 βασιλεῦσιν
3551 3926 3648 3992 οὐχ
3683 3927 3984 3994 ἁρμοδίως,
4028 3929 4102 3990 ὠς

2538 4010 2780 4061 θανείται
2833 4012 2936 4078 πρὸ
2966 4011 3073 4061 τῶν
3133 4013 3447 4081 πασχαλίων
3503 4017 3745 4085 ἡμερῶν.
3780 4021 3892 4072 Καὶ
3919 4021 4008 4072 ἵνα
4041 4021 4097 4072 τὰ

2538 4104 2596 4152 ἐν
2641 4103 2790 4171 μέσῳ
2817 4102 2977 4169 παρῶ
3017 4102 3184 4156 πλείω
3224 4107 3562 4175 κατηγορίαν
3604 4109 3696 4160 τοῦ
3741 4110 3983 4175 δρῶντος
4015 4114 4104 4164 καὶ

2538 4195 2783 4259 λέγοντος
2833 4196 2978 4263 ἤπερ
3023 4195 3242 4247 ἔπαινον
3285 4197 3495 4264 ἔχοντα,
3537 4200 3785 4252 πείθεται
3827 4203 3979 4268 μόλις
4031 4206 4104 4256 δι-

2538 4290 2759 4354 αφεῖναι
2792 4287 2912 4346 τοὺς
2939 4286 3194 4352 πρέσϐεις
3221 4289 3276 4349 ἐς
3301 4289 3388 4340 τὸν
3414 4289 3556 4358 ρἧα
3578 4291 3910 4344 ἐπανελθεῖν.
3937 4296 4107 4356 Αὐτὸς

2538 4380 2594 4430 δὲ
2627 4379 2847 4440 τούτους
2896 4378 3041 4442 ἰδὼν,
3078 4380 3171 4430 καὶ
3233 4380 3418 4445 μαθὼν
3474 4381 3548 4442 ὼς
3599 4382 3719 4434 οὔτε
3776 4385 4048 4455 καθέδρας
4077 4388 4106 4437 ό

865 4470 1134 4539 episcopis
1161 4477 1216 4522 et
1240 4468 1400 4533 iustis
1423 4466 1593 4533 copiis
1630 4465 1991 4533 Philippopoli
2040 4463 2267 4526 relictis,
2312 4463 2416 4529 qui!

2415 4490 2433 4501 -
2462 4491 2511 4548 Β
2541 4467 2790 4536 βασιλεὺς
2845 4467 3026 4526 αὐτοῖς
3084 4465 3389 4531 μετέδωκεν
3420 4465 3554 4516 ἀλλα
3588 4469 3979 4533 δουλοπρεπῶς
4022 4473 4089 4522 ἐπ

865 4566 970 4617 bus
1021 4561 1188 4615 dixit;
1222 4579 1240 4610 ι
1269 4561 1432 4614 Vobis
1466 4559 1628 4628 538
1661 4559 1748 4612 hic
1811 4555 2266 4626 requiescendum
2325 4567 2429 4617 est,

865 4657 994 4708 dum
1024 4654 1194 4707 fessas
1233 4653 1392 4706 tibias
1408 4651 1822 4706 etlabascentia
1864 4665 2038 4718 genua
2076 4664 2142 4701 ex
2169 4649 2258 4701 illa
2288 4648 2429 4715 apud

866 4746 1110 4800 Grazcum
1143 4760 1322 4814 regem
1361 4744 1594 4796 statione
1624 4740 2074 4794 refocillaveritis.
2102 4758 2120 4790 ι

2542 4558 2663 4621 ῐσης
2705 4553 2996 4622 Ῥωμαίοις
3031 4553 3176 4622 αὐτῷ
3231 4556 3692 4624 παρειστήκεισαν
3721 4558 4101 4625 ὁπτανόμενοι,

2541 4647 2667 4698 οὒτε
2728 4646 2870 4707 τινος
2921 4645 3108 4714 ἐτέρου
3167 4644 3477 4713 ἠξιώθησαν
3551 4646 3755 4712 ἀγαθοῦ
3827 4648 4101 4714 ἐξαι;.ἑτου

2546 4735 2836 4786 ἐπίσκοποί
2859 4749 2916 4782 τε
2944 4733 3096 4794 ὄντες
3127 4732 3221 4784 καὶ
3245 4732 3395 4798 αὐτῷ
3427 4734 3766 4798 προσγενεῖς,
3804 4735 4102 4800 ἠγανάκτει

869 4841 961 4890 καὶ
983 4838 1142 4906 δῆλος
1191 4833 1256 4906 ἢν
1298 4837 1390 4888 ἐπὶ
1424 4837 1500 4903 τῷ
1550 4836 1798 4902 γεγονότι
1829 4834 1961 4902 τῷδε
2017 4831 2423 4899 διαπριόςιενος.
2480 4829 2564 4884 Ὠς
2591 4827 2645 4877 δὲ
2699 4829 2793 4876 καί
2858 4823 3116 4892 πρέσϐεις
3152 4823 3409 4891 ἡμέτεροι
3437 4821 3565 4889 παρ’
3592 4823 3798 4874 ἐκεῖνον
3825 4823 4100 4890 ἀφίκοντο,

868 4925 1048 4991 ἐαυτῷ
1086 4923 1500 4992 συμπαρέδρους
1529 4921 1831 4988 πεποίηκεν
1861 4918 2058 4976 αὐτούς
2091 4933 2150 4968 τε
2218 4922 2309 4966 καί

2377 4914 2502 4974 τοὺς
2538 4911 3012 4980 ὑπηρετουμένους
3061 4911 3264 4969 αὐτοῖς,
3315 4908 3448 4976 μηδὲ
3497 4909 3624 4968 τοὺς
3677 4908 3849 4973 ὁῴοπο
3874 4911 3967 4970 οὓς
4017 4913 4103 4960 καὶ

873 5011 1206 5079 ἱπποκόμους
1251 5014 1344 5061 καὶ
1391 5011 1690 5077 μάττοντας
1743 5005 2115 5076 παρίστασθαι
2168 5003 2430 5072 ἀφεικώς.
2470 5002 2561 5068 Mi;
2628 4998 2771 5050 εἶναι
2829 4997 2885 5048 δὲ
2913 4997 3178 5063 λεγόντων
3206 4995 3430 5046 ἐκείνων
3457 4996 3600 5054 εἰκὸς
3626 4993 3837 5061 βασιλεῖ
3870 4996 4102 5063 μεγίστῳ

872 5098 1234 5151 συνθωκεύειν
1268 5098 1550 5163 ὑπηρέτας
1577 5096 1830 5164 (ἀρκετὸν
1877 5097 1985 5162 γὰρ
2052 5096 2132 5144 ὅτι
2202 5094 2297 5142 καὶ
2361 5091 2407 5141 οἱ
2454 5089 2634 5154 κύριοι
2687 5085 2866 5136 αὐτῶν
2921 5081 3351 5149 συνεδρεύουσιν)
3393 5082 3452 5131 οὺ
3484 5079 3767 5147 καθυφῆκὲ
3829 5096 3882 5132 τι
3919 5085 4102 5149 μικρὸν

871 5187 966 5238 τοῦ
1016 5184 1243 5241 σκοποῦ,
1272 5184 1406 5236 ἄλλα
1464 5183 1556 5234 καὶ
1609 5183 1684 5250 μὴ
1733 5181 1958 5240 ἑκόντας
2005 5182 2115 5240 τοῖς
2186 5177 2475 5236 δεσπόταις
2552 5172 2748 5232 αὐτοὺς
2810 5169 3255 5235 συγκατέκλινεν,
3291 5168 3348 5219 ὲν
3401 5162 3480 5226 οἷς
3526 5166 3763 5233 ἔπραττε
3805 5168 4101 5229 Ῥωμαίους

877 5268 1379 5338 καταμωκώμενος,
1415 5268 1508 5320 καὶ
1537 5268 1752 5328 δεικνὺς
1779 5266 1852 5334 μὴ
1891 5266 2092 5334 ἀρετῆς
2157 5266 2252 5316 καὶ
2318 5264 2503 5328 γένους
2543 5256 2684 5311 εἶναι
2719 5256 2849 5325 παρ’
2878 5258 3061 5316 αὐτοῖς
3106 5253 3410 5322 διαστολὴν,
3445 5251 3562 5304 ἀλλ’
3597 5254 3672 5314 ὡς
3705 5256 3785 5313 είς
3833 5257 4028 5320 συφεὸν
4060 5254 4103 5305 οἱ

876 5357 1138 5424 συφορϐοὶ
1186 5358 1284 5418 τὰς
1339 5354 1434 5417 σῦς
1469 5353 1838 5418 ἁπαξαπάσας
1887 5352 2171 5403 εἰσελώσιν
2223 5354 2300 5411 είς
2338 5351 2434 5402 ἕνα
2469 5347 2728 5413 σταθμὸν,
2804 5343 2877 5411 μὴ
2931 5341 3244 5401 διιστῶντες
3295 5340 3392 5400 τάς
3461 5340 3650 5399 πίονας
3703 5341 3797 5390 καὶ
3854 5342 4103 5400 πλειόνως

875 5444 1112 5511 διαχέειν
1167 5445 1397 5510 ἐχοᾶσας
1489 5441 1551 5492 τὸ
1609 5439 1997 5502 ἀποδίδοσθαι,

2086 5439 2228 5490 οὕτω
2285 5438 2350 5507 δὴ
2415 5439 2507 5489 καὶ
2560 5434 2818 5500 Ῥωμαῖοι
2883 5425 3368 5496 παραστατοῦντας
3433 5425 3647 5493 ἔχουσιν
3700 5425 3973 5486 ἅπαντας.
4037 5428 4101 5477 03

884 5530 1079 5580 πολλοῦ
1134 5528 1191 5579 δὲ
1240 5525 1622 5596 διαγενομένου
1649 5527 1846 5594 καιροῦ
1876 5527 2184 5593 ἠνάγκασεν
2241 5525 2402 5577 αὐτὸν
2466 5525 2500 5592 ἡ
2538 5518 2643 5571 τῶν
2697 5515 3020 5584 επιτηδείων
3091 5513 3452 5575 ὑποσπάνισις
3512 5512 3738 5579 μερίσαι
3789 5515 3850 5561 τι

3919 5513 4102 5562 οἰκεῖον

884 5617 1215 5682 στράτευμα.
1261 5615 1468 5666 Οὐκοῦν
1541 5613 1704 5674 αὐτὸς
1766 5612 1864 5683 μὲν
1915 5611 2135 5665 ἄπεισιν
2179 5614 2259 5673 είς
2328 5611 2667 5681 Ὀρεστιάῦα,
2735 5608 2874 5659 κατα
2923 5605 2975 5655 δὲ
3021 5603 3118 5670 τὴν
3187 5600 3614 5653 Φιλιππούπολιν
3648 5603 3793 5651 είαςε
3843 5602 3934 5650 τὸν
3994 5602 4102 5651 sau-

883 5701 976 5750 τοῦ
1009 5701 1118 5753 υἱὸν
1149 5703 1240 5754 καὶ
1308 5702 1432 5760 τοὺς
1482 5700 1813 5761 ἐπισκόπους
1883 5699 2002 5769 μεθ’
2073 5699 2258 5752 ἱκανοῦ
2324 5700 2754 5767 στρατεύματος,
2805 5690 2974 5744 εἰπὼν
3039 5690 3112 5751 ὼς
3165 5707 3182 5738 ι
3229 5685 3672 5741 Ἀνατταύσασθαι
3730 5685 3910 5755 χρεὼν
3977 5689 4100 5752 ὐμὲς
