4304 6354
293 426 398 488 πῖ

1358 410 1458 470 DE
1501 406 1799 467 ISAACIO
1840 400 2149 465 ANGELO
2192 403 2339 465 UB.
2384 400 2465 463 ll.

3422 400 3529 459 778

292 532 565 595 ἐνταυθοῖ,
596 525 814 597 ἀχριδὴ
865 521 958 587 τὰς
992 522 1331 594 παρειμίνας
1380 521 1597 591 κνήμας
1647 520 1746 572 καὶ
1787 517 1855 569 τά
1897 517 2318 587 παραλελυμένοι
2369 514 2572 566 γόνατα
2628 514 2691 564 ἐκ
2755 511 2849 564 τοῦ
2902 509 3271 581 παρίστασθαι
3334 508 3409 578 τῷ
3437 512 3535 581 βα-

293 626 432 678 σιλεῖ
461 618 713 691 Γραικῶν
742 615 825 688 [Ρ.
859 613 987 686 263]
1022 610 1483 683 ἀναρρωσθείητε.
1525 629 1544 662 ι

462 668 823 765 natura-
846 668 1052 778 χειμῶν
1076 668 1321 773 πάρῆλθε
1344 668 1437 757 καὶ
1468 705 1536 757 τά
1567 700 1702 769 ἀνθη
1730 668 1856 753 ἐδω-
1885 707 1931 763 Δ
2027 699 2062 750 6

1832 731 1856 742 -
1885 707 1931 763 Α
2027 699 2081 750 6.
2107 695 2303 763 Elapsa
2328 692 2526 756 hieme,
2574 707 2699 747 cum
2744 702 2895 760 prata
2937 693 3047 761 jam
3082 692 3530 761 .reﬂorescerent,

290 823 387 859 κεν
436 802 635 871 ὀσμὴν,
681 800 1001 851 ἀνανεοῡται
1043 798 1168 858 τοὺς
1203 797 1396 864 ὅρκους
1435 797 1463 846 ὀ
1514 809 1573 845 τε
1604 791 1857 860 βασιλεὺς

290 896 385 946 καὶ
429 894 459 944 ό
505 891 627 960 ρὴξ,
660 889 753 942 καὶ
790 888 883 940 τοῦ
939 886 1039 954 μὶν
1088 886 1454 955 όμωμόκεσαν
1495 885 1544 935 οί
1581 884 1855 951 τοπάρχαι

289 985 388 1035 καὶ
442 982 767 1051 μεγιστᾶνες
810 976 1244 1046 παρελεύσεσθαι
1295 976 1387 1026 τὸν
1433 975 1580 1045 ρἧα
1624 975 1715 1027 διὰ
1759 975 1858 1040 τῆς

300 1073 614 1141 Ῥωμαῖκῆς
673 1068 779 1136 γῆς
839 1068 932 1120 καὶ
980 1069 1056 1137 μὴ
1082 1068 1152 1119 δι’
1204 1065 1395 1136 ἀγρῶν
1454 1064 1858 1135 ῆάμπελὼνων

287 1161 683 1221 διελεύσεσθαι,
718 1159 823 1227 est;
877 1157 1134 1226 βασιλικῇ
1180 1157 1573 1226 πορεύσεσθαι,
1606 1154 1718 1208 οὐδ’
1768 1154 1861 1206 ικ-

288 1256 492 1307 κλινεῖν
548 1250 700 1316 δεξιά
751 1252 783 1318 ἢ
837 1247 1126 1316 ἀριστερὰ,
1170 1247 1275 1308 ἕως
1326 1248 1394 1300 τὰ
1424 1247 1531 1299 τῶν
1570 1245 1859 1311 Ῥωμαίων

288 1343 691 1414 παρελεύσεται
745 1344 890 1409 ὅρια.
929 1339 1195 1401 Βασιλεὺς
1239 1339 1296 1391 δὲ
1334 1339 1569 1392 δέδωκεν
1614 1337 1859 1406 ὁμήρους

286 1433 442 1494 τινὰς
494 1434 602 1484 τῶν
649 1432 710 1495 ἐξ
750 1431 1005 1498 αἵματος.
1046 1428 1400 1497 Ὠρκώθησαν
1456 1428 1513 1481 δὲ
1563 1428 1660 1479 καὶ
1713 1427 1858 1479 ἔνδον

285 1523 384 1576 τοῦ
412 1524 673 1591 μεγίστου
706 1520 810 1573 νεὼ
853 1522 963 1573 ἀπὸ
990 1521 1099 1574 τῶν
1139 1523 1415 1589 ἀγοραίων
1449 1520 1546 1571 καὶ
1570 1519 1671 1587 τῆς
1702 1517 1858 1588 βασι-

286 1613 435 1663 λείου
484 1610 655 1677 αύλῆς
705 1611 1075 1671 πεντακόσιοι,
1108 1612 1183 1671 ὼς
1215 1610 1244 1661 ό
1269 1608 1524 1677 βασιλεὺς
1567 1608 1860 1678 ἀπαραδά-

285 1718 413 1761 τους
464 1703 559 1762 τὰς
620 1702 895 1769 συνθήκας
955 1701 1184 1767 φυλάξει
1242 1700 1337 1751 καὶ
1387 1701 1689 1770 χορηγήσει
1741 1702 1857 1761 τοῖς

298 1790 624 1861 ’Δλαμανοίς
676 1797 952 1861 ἡγεμόνας
1001 1791 1126 1843 ὁδοῦ
1183 1797 1278 1845 καὶ
1334 1793 1544 1859 ἐφόδια.
1582 1793 1717 1844 Τότε
1764 1793 1859 1843 καὶ

284 1882 396 1933 τῶν
435 1883 638 1951 κριτῶν
688 1882 783 1933 τοῦ
836 1881 1010 1949 Βήλου
1053 1881 1193 1943 τινὲς
1244 1883 1325 1942 είς
1382 1882 1473 1932 τὸν
1529 1880 1675 1949 ρῆγα
1715 1882 1857 1933 κατά

1961 787 2139 841 {mdes
2168 787 2310 839 inter
2364 799 2546 852 regem
2568 795 2624 837 et
2672 785 3056 850 imperatorem
3110 795 3439 852 renovatur;
3470 802 3535 842 ac

1960 878 2111 932 illius
2163 877 2442 945 principes
2508 885 2567 929 et
2620 884 2902 945 magnates
2958 875 3145 943 jurant
3199 892 3380 946 regem
3433 893 3533 947 per

1962 968 2237 1022 Romanas
2280 967 2590 1036 provincias
2614 967 2701 1018 via
2738 965 2885 1034 regia
2921 965 3305 1029 transiturum,
3351 983 3532 1038 neque

1960 1060 2092 1114 lzeva
2129 1073 2306 1127 neque
2334 1057 2525 1111 dextra
2555 1058 2640 1109 vel
2670 1058 2728 1111 in
2763 1058 2951 1111 vineas
2980 1058 3059 1112 vel
3085 1058 3138 1111 in
3199 1074 3357 1128 agros
3406 1076 3536 1115 era-

1960 1160 2199 1218 gantem,
2223 1149 2399 1203 donec
2428 1147 2800 1202 Romanorum
2830 1147 2967 1202 ﬂues
2995 1152 3316 1207 excesserit.
3357 1151 3535 1221 Impe-

1960 1250 2109 1294 rator
2138 1255 2268 1295 vero
2288 1239 2553 1309 quosdam
2596 1246 2857 1309 cognatos
2904 1253 3033 1293 suos
3081 1242 3233 1296 dedit
3288 1243 3530 1309 obsides,

1957 1346 2016 1385 et
2081 1331 2135 1384 in
2183 1331 2420 1384 maxime
2476 1330 2681 1399 templo
2730 1328 3151 1383 circumloranei
3200 1342 3257 1386 et
3306 1334 3530 1401 palatini

1961 1420 2513 1492 proceresquingenti
2545 1419 2906 1488 jurejurando
2936 1429 3066 1474 sunt
3118 1422 3294 1477 adacti
3357 1426 3530 1493 impe-

1960 1524 2200 1567 ratorem
2231 1520 2389 1581 pacta
2418 1510 2678 1564 inviolata
2715 1522 3169 1566 conservaturum
3195 1525 3251 1568 et
3273 1514 3532 1569 Aleman-

1960 1606 2047 1658 nis
2072 1604 2174 1657 viae
2196 1602 2451 1656 ductores
2472 1610 2529 1656 et
2559 1601 2819 1655 viaticum
2849 1604 3351 1671 suppeditaturnm.
3389 1607 3529 1661 Tum

1960 1697 2125 1750 etiam
2150 1694 2370 1763 quidam
2399 1708 2466 1746 ex
2488 1691 2597 1745 Beli
2625 1692 2909 1760 judicibus
2955 1694 3021 1745 ad
3063 1709 3245 1763 regem
3271 1696 3527 1750 obsidunt

1960 1790 2081 1843 loco
2130 1786 2403 1849 mittendi,
2473 1784 2601 1853 quia
2656 1784 2832 1853 palam
2898 1784 3216 1854 imperatori
3272 1787 3527 1855 refragari

1962 1890 2187 1950 tutoque
2209 1879 2406 1934 sedere
2442 1877 2590 1931 domi
2629 1892 2736 1930 non
2792 1887 3066 1945 poterant,
3123 1877 3177 1930 in
3223 1879 3529 1933 alienarum

284 1972 443 2038 λόγον
468 1975 694 2041 ὁμήρων
743 1973 1085 2041 στελλόμενοι
1132 1974 1231 2042 οὐχ
1279 1975 1623 2083 ὑπήκουσιαν,
1653 1974 1747 2025 καὶ
1780 1974 1855 2043 μὴ
1885 2019 1929 2083 Β
1957 1991 1984 2027 a

1827 1974 1855 2043 ὴ
1885 2019 1929 2083 Β
1957 1975 2155 2029 mdium
2192 1973 2427 2040 angulis,
2454 1970 2631 2023 donec
2658 1987 2753 2023 rex
2795 1971 2850 2022 in
2886 1969 3165 2025 Orientem
3200 1972 3527 2033 Iransiisset,

1833 2081 1847 2083 _
1963 2075 2073 2083 μ---
2118 2061 2442 2083 -1..12.Ι-..--..ι
2507 2061 2796 2083 D_.:_.-.__-
2834 2060 3130 2083 2-.-.Α-ΑΑΑ..
3180 2064 3349 2083 1--.---
3391 2064 3501 2083 2,-19

283 2061 499 2128 ἔχοντες
553 2062 899 2114 ἀντιπίπτειν
959 2062 1177 2129 βασιλεί
1210 2061 1305 2114 καὶ
1338 2061 1611 2131 καθῆσθαι
1666 2065 1853 2115 οἴκαδε
1889 2060 1929 2083 ν
1959 2075 1983 2116 s

1832 2081 1853 2114 ε
1889 2060 1929 2083 ν
1959 2075 2078 2116 sese
2116 2061 2468 2116 abdiderunt.
2505 2061 2799 2114 Enimvero
2834 2060 3131 2125 imperator
3180 2064 3351 2116 iratus
3385 2064 3532 2131 judi-

282 2152 457 2210 ἀδεῶς
504 2156 731 2218 γωνίαις
776 2153 1078 2220 ἀλλοτρίων
1129 2152 1310 2222 δόμων
1355 2155 1585 2215 ἑαυτοὺς
1618 2156 1851 2222 ἑνετύμο
1902 2201 1906 2205 .

284 2241 490 2294 εευσαν
548 2243 711 2310 μέχρι
776 2245 876 2311 τῆς
904 2246 982 2305 είς
1022 2244 1097 2297 ἕω
1147 2243 1242 2295 τοῦ
1308 2247 1477 2314 ρηγὸς
1528 2246 1853 2305 διαϐάσεως.

286 2333 551 2395 Βασιλεὺς
582 2332 637 2386 δὲ
660 2334 917 2402 χολωθεὶς
945 2335 1065 2387 ἀντὶ
1102 2336 1202 2405 μὲν
1233 2337 1343 2387 τῶν
1372 2337 1579 2404 κριτῶν
1603 2338 1700 2388 τοῦ
1743 2338 1851 2404 Βή-

283 2425 375 2477 λου
406 2426 755 2487 τασελλίονας
785 2427 1109 2478 ἀπέστειλεν
1138 2427 1352 2493 θψιδας,
1395 2427 1494 2489 τὰς
1533 2429 1590 2480 δὲ
1635 2429 1744 2481 τῶν
1777 2431 1852 2497 μὴ

282 2516 616 2568 πεισθέντων
646 2518 868 2585 κτήσεις
909 2533 966 2567 τε
1002 2518 1096 2569 καὶ
1131 2519 1376 2588 οἰκήσεις
1413 2514 1494 2579 οἷς
1526 2521 1711 2588 ᾑρεῖτο
1748 2537 1850 2572 πα-

284 2608 530 2677 ρέσχετο,
561 2608 653 2659 καὶ
678 2606 941 2669 δικαστὰς
981 2609 1204 2677 ἑτέρους
1246 2609 1613 2679 προύϐάλετο.
1647 2612 1853 2662 ’Υστε-

286 2715 377 2766 ρον
405 2699 463 2749 δὲ
493 2700 571 2766 μὴ
593 2698 907 2762 ἀπείθειαν,
940 2701 1075 2752 ἀλλά
1101 2700 1308 2753 δειλίαν
1350 2699 1492 2753 εἶναι
1525 2702 1625 2753 οὐκ
1655 2703 1853 2769 ἄλογον

282 2790 541 2853 ἐπιγνοὺς
582 2789 642 2841 τὸ
694 2788 961 2858 πραχθὲν,
1017 2789 1127 2840 τῶν
1182 2807 1241 2843 τε
1306 2794 1558 2860 κτήσεων
1622 2794 1852 2859 κυρίους

282 2873 438 2939 αὖθις
480 2879 745 2948 πεποίηκε
778 2883 875 2932 καὶ
920 2881 1030 2932 τῶν
1062 2882 1344 2951 προτέρων
1389 2883 1614 2951 ήξιὼκει
1648 2884 1847 2953 τιμῶν.

282 2968 403 3020 Τῶν
442 2968 498 3021 δὲ
526 2970 859 3036 συμφωνιῶν
887 2972 1319 3040 πεπερασμένων
1357 2972 1614 3041 βασιλεὺς
1639 2974 1739 3044 μὲν
1768 2975 1849 3046 τῷ

282 3060 415 3123 ρηγὶ
475 3059 766 3126 ἀργυρέων
820 3061 1179 3129 νομισμάτων
1251 3062 1461 3113 στέλλει
1515 3063 1849 3133 κεντηνάρια

280 3145 524 3213 τέσσαρα
554 3150 648 3197 καὶ
686 3150 963 3217 περιφανῆ
1000 3152 1216 3218 νήματα
1246 3155 1554 3222 χρυσοϋφῆ,
1597 3155 1849 3217 κάκεῖνος

279 3233 461 3294 ἀλλοις
510 3236 903 3297 ἀντιδεξιουται
942 3238 1132 3291 τοῦτον
1170 3240 1477 3311 δωρήμασι.
1535 3244 1847 3297 Κάντεῦθεν

279 3322 483 3374 πλοίων
552 3324 822 3377 πλείστων
883 3328 1227 3397 ἱππαγωγῶν
1294 3333 1708 3401 ἀπενεχθέντων
1762 3338 1916 3413 είςα

278 3414 700 3476 Καλλιούπολιν,
732 3419 854 3468 ἐπεὶ
901 3421 992 3469 καὶ
1045 3420 1206 3473 τοῦτο
1261 3422 1513 3492 ἀλλήλοις
1563 3427 1844 3490 συνέδοξεν

276 3502 415 3554 ῶστε
459 3504 817 3556 διαπλωῖσεσι
866 3507 1071 3568 διτταῖς
1128 3514 1263 3577 μετᾶ
1304 3513 1396 3562 τοῦ
1434 3516 1631 3574 παντὸς
1679 3517 1845 3569 αὐτὸν

274 3590 740 3659 διαπεραιωθῆναι
770 3594 1181 3662 στρατεύματος
1222 3598 1432 3666 (ἐδεδίει
1479 3602 1589 3668 γὰρ
1626 3604 1702 3671 μὴ
1736 3621 1842 3655 πα-

277 3681 750 3750 ρασπονδήσαντες
787 3684 1050 3752 Ῥωμαῖοι
1103 3688 1217 3749 τοῖς
1258 3689 1399 3741 κατά
1450 3690 1675 3759 βραχεῖς
1729 3694 1843 3746 δια-

274 3788 517 3839 περιυσιν
556 3776 634 3834 είς
676 3776 775 3843 τήν
804 3776 1105 3845 ἀντιπέραν
1163 3778 1506 3849 επίθωνται),
1535 3784 1711 3847 οὕτως
1742 3785 1841 3855 οὐχ

272 3861 512 3929 ᾐμὲραις
552 3862 761 3915 πλείοσι
811 3864 921 3916 τῶν
970 3868 1248 3935 τεττάρων
1294 3870 1437 3921 κατὰ
1468 3874 1563 3941 τὴν
1586 3875 1661 3926 ἕω
1691 3876 1839 3942 γίνε-

269 3968 383 4003 ται.
430 3951 520 4013 Ὠς
556 3953 601 4003 δ’
633 3953 827 4021 ήγγισε
882 3955 1026 4007 κατά
1078 3957 1177 4025 τὴν
1231 3958 1654 4027 Φιλαδέλφειαν,
1712 3962 1838 4017 οὕτε

270 4040 518 4108 παρῆλθε
582 4040 671 4092 δια
720 4043 818 4110 τῆς
850 4043 1077 4107 πόλεως,
1142 4047 1237 4097 καὶ
1290 4046 1340 4115 oi
1389 4048 1593 4119 ταύτης
1656 4052 1839 4119 φιλεν-

267 4128 609 4190 ὃεικτοῦντες
661 4131 948 4200 οἰκήτορες
1008 4133 1066 4183 ὲν
1116 4134 1195 4201 τῷ
1241 4135 1502 4203 ἀπαίρειν
1548 4138 1641 4189 τὸν
1690 4140 1839 4209 ρἦα

267 4218 479 4270 ἐκεῖθεν
504 4223 639 4288 πρὸς
667 4220 903 4290 πόλεμον
935 4223 1400 4293 μεθηρμόσθησαν
1432 4226 1524 4279 καὶ
1550 4229 1707 4295 μέρει
1737 4231 1837 4298 τῆς

268 4312 535 4380 στρατιᾶς
566 4312 708 4363 κατά
735 4311 990 4380 λῃστείαν
1038 4313 1322 4367 ἐπέθεντο.
1372 4314 1459 4379 ’ος
1499 4319 1541 4363 δ’
1569 4321 1629 4369 οὺ
1664 4322 1836 4387 προὺ-

265 4402 435 4467 χώρει
464 4402 674 4460 τούτοις
707 4403 774 4451 τά
812 4401 1150 4470 καταθύμια,
1182 4404 1300 4457 ἀλλ’
1344 4408 1594 4476 ἀνδριᾶσι
1632 4411 1834 4480 χαλκή-

266 4491 470 4560 ρεσινῆ
503 4491 725 4557 γίγασιν
750 4492 1149 4561 ἀκλταόλήτοις
1180 4498 1636 4565 προσεγγίζοντες
1665 4503 1833 4568 ἔγνω-

1957 2168 2083 2206 cum
2112 2153 2233 2207 loco
2266 2153 2587 2207 tabelliones
2617 2154 2763 2206 misit
2787 2151 3098 2211 obsides.et
3121 2158 3527 2208 contumacium

1958 2247 2330 2313 possessiones
2372 2255 2427 2299 et
2484 2247 2627 2299 mdes
2686 2246 2752 2299 iis
2806 2247 3030 2299 donavit
3089 2246 3530 2313 quiliusgvoluit,

1956 2337 2199 2405 aliosque
2222 2336 2439 2405 iudices
2481 2336 2803 2404 designavit.
2834 2337 2961 2389 Post
2982 2351 3113 2389 vero
3140 2353 3264 2390 cum
3303 2339 3353 2391 id
3417 2355 3526 2393 non

1953 2431 2299 2482 contumacia
2332 2426 2493 2498 539
2542 2426 2637 2481 sed
2697 2439 2844 2480 metu
2928 2442 3035 2480 non
3120 2444 3531 2498 supervacaneo

1955 2520 2158 2573 factum
2211 2532 2333 2573 esse
2390 2519 2772 2587 comperisset,
2827 2520 2911 2572 eis
2957 2526 3013 2571 et
3054 2520 3431 2589 possessiones
3471 2532 3531 2575 et

1954 2606 2276 2675 dignitatem
2325 2607 2611 2675 pristinam
2656 2609 2918 2662 restituit.
2978 2611 3236 2665 Pactione
3284 2624 3525 2681 peracta,

1954 2696 2066 2763 regi
2091 2703 2322 2765 quatuor
2365 2698 2709 2751 centenarios
2735 2709 3005 2767 argentea:
3032 2711 3266 2756 moneta:
3296 2709 3353 2756 et
3408 2704 3529 2757 exi-

1955 2788 2094 2841 mias
2125 2787 2261 2841 telas
2287 2802 2423 2841 auro
2455 2786 2782 2843 intertextas
2828 2789 3018 2852 mittit,
3052 2792 3267 2861 aliaque
3305 2793 3374 2847 ab
3432 2796 3529 2849 illo

1955 2893 2180 2933 munera
2239 2880 2452 2948 recipit.
2487 2877 2615 2934 Inde
2644 2881 2897 2950 plurimis
2918 2884 3147 2940 navibus
3174 2888 3526 2955 equestribus

1951 2971 2291 3039 CalliOpoiim
2331 2971 2787 3040 perductis(nam
2813 2974 2865 3025 id
2895 2989 3115 3043 quoque
3171 2992 3523 3046 convenerat,

1954 3069 2015 3113 ut
2050 3060 2264 3113 duabus
2290 3058 2730 3129 navigationibus
2759 3069 2907 3114 totus
2922 3063 3194 3115 exercitus
3219 3065 3516 3131 trajiceret.

1951 3165 2079 3219 rege
2105 3159 2382 3204 metuente
2412 3165 2477 3203 ne
2503 3149 2732 3203 Romani
2803 3154 2979 3219 pactis
3044 3154 3262 3207 violatis
3318 3172 3522 3224 paucos

1952 3254 2058 3292 una
2110 3239 2373 3293 vehentes
2409 3238 2462 3291 in
2516 3240 2747 3306 trajectu
2802 3241 3274 3309 occiderent)rex
3326 3245 3521 3299 diebus

1952 3342 2057 3379 non
2086 3328 2322 3394 amplius
2346 3336 2580 3395 quatuor
2609 3332 2661 3381 in
2693 3329 2971 3383 Orientem
3026 3334 3300 3399 pervenit.
3357 3333 3428 3387 Ut
3452 3338 3519 3389 ad

1949 3414 2378 3485 Philadelphiam
2410 3418 2660 3484 accessit,
2690 3434 2867 3488 neque
2894 3435 2988 3488 per
3052 3423 3244 3475 urbem
3278 3426 3518 3490 transiit,

1946 3516 2000 3559 et
2021 3509 2138 3576 ejus
2165 3508 2356 3562 incola:
2386 3509 2639 3562 simulata
2670 3511 2930 3575 amicitia,
2978 3511 3031 3564 in
3061 3514 3202 3582 regis
3247 3514 3515 3581 discessu,

1947 3597 1998 3650 in
2024 3598 2337 3652 inimicitias
2363 3608 2686 3668 erumpente
2734 3612 2944 3669 partem
2983 3605 3257 3659 exercitus
3301 3622 3398 3675 per
3435 3608 3514 3663 Ia.—

1946 3688 2238 3741 trocinium
2267 3704 2396 3741 sunt
2418 3688 2619 3743 adorti.
2650 3689 2720 3745 Ut
2740 3706 2866 3744 vero
2893 3706 2982 3745 res
3014 3708 3205 3761 parum
3228 3698 3514 3760 successit,

1945 3776 2039 3830 sed
2082 3776 2288 3831 ferreas
2350 3786 2560 3833 statuas
2616 3790 2712 3833 aut
2754 3781 2999 3850 gigantes
3048 3784 3151 3836 sibi
3199 3800 3514 3856 oppugnare

1942 3867 2287 3930 videbantur,
2348 3878 2496 3939 terga
2543 3869 2838 3926 dederunt.
2892 3872 3174 3928 Alemanni
3238 3892 3369 3933 vero
3417 3896 3516 3950 ptr

1938 3958 2145 4026 Aquilae
2168 3961 2593 4031 praediumUeci
2625 3978 2822 4017 nomen
2881 3966 2932 4018 id
2986 3968 3101 4033 est)
3154 3970 3383 4037 profecti
3443 3974 3512 4027 ad

1938 4050 2184 4122 Phrygia:
2208 4053 2529 4109 Laodiceam
2569 4066 2743 4110 castra
2804 4070 3135 4126 posuerunt;
3170 4061 3355 4132 ibique
3414 4064 3513 4119 hu-

1940 4145 2258 4200 manissime
2330 4148 2569 4216 suscepti
2643 4157 2700 4203 et
2765 4150 3094 4219 hospitalius
3154 4169 3316 4223 quam
3382 4157 3513 4211 alibi

1942 4253 2167 4305 usquam
2253 4241 2504 4303 tractati,
2589 4256 2713 4295 cum
2797 4258 2990 4298 omnes
3078 4244 3512 4304 Laodicensibus

1939 4329 2268 4385 faustissima
2332 4346 2562 4399 quasque
2621 4348 2652 4385 a
2703 4334 2817 4387 Deo
2897 4345 3027 4389 sunt
3078 4340 3330 4405 precati,
3390 4350 3503 4395 tum

1936 4435 2029 4474 rex
2054 4422 2306 4474 manibus
2348 4434 2405 4478 et
2427 4423 2603 4477 oculis
2634 4424 2688 4477 in
2740 4426 2941 4478 caelum
2986 4429 3236 4491 sublatis,
3272 4434 3508 4497 genibus

1932 4523 2062 4562 vero
2099 4509 2250 4561 humi
2305 4508 2477 4575 ﬂexis,
2534 4511 2896 4583 oravitm
2951 4524 3009 4568 ut
3064 4518 3330 4587 quidquid
3384 4523 3511 4576 vita:

264 4597 387 4643 σαν,
424 4581 712 4648 μετέθεντο
761 4582 861 4649 τὴν
915 4585 1092 4653 ὁρμήν
1141 4588 1220 4647 εἰς
1273 4589 1506 4656 τροπήν.
1550 4592 1613 4641 0i
1652 4591 1706 4642 δὲ
1743 4592 1832 4645 διά
1935 4615 1964 4667 p

1805 4593 1832 4645 ι
1935 4600 2258 4667 prodesset,
2321 4600 2588 4669 quidquid
2619 4581 2830 4656 animis
2882 4581 3112 4661 salutem
3162 4581 3420 4673 all‘erret,
3455 4616 3505 4666 id

258 4673 355 4722 τοῦ
390 4672 576 4723 ’Δετοῦ
621 4674 915 4740 λεγομένου
961 4676 1141 4745 χώρου
1181 4681 1541 4748 πορευθέντες
1598 4684 1833 4751 παρενέ-
1867 4683 1908 4735 ι)
1934 4704 1958 4740 a

1810 4712 1833 4723 -
1867 4683 1908 4735 ι)
1934 4704 1965 4740 a
1989 4689 2356 4757 gubernatore
2384 4690 2756 4745 universitatis
2788 4692 2899 4746 Deo
2917 4694 3076 4749 Patre
3098 4695 3204 4751 illis
3231 4672 3504 4753 tribuere-

259 4761 428 4813 ϐαλον
461 4764 541 4824 είς
572 4764 670 4830 τὴν
697 4765 754 4814 ὲν
795 4765 1008 4835 Φρυγίᾳ
1041 4768 1385 4825 Λαοδίκειαν.
1423 4773 1533 4826 Καὶ
1571 4773 1832 4843 φιλοφρο-
1938 4790 1958 4833 ι

1802 4801 1832 4823 ν-
1938 4790 2046 4844 tur,
2068 4780 2169 4834 hac
2186 4780 2395 4850 adjecta
2409 4782 2672 4846 clausula,
2688 4785 2733 4837 si
2751 4783 3009 4840 Romanae
3031 4790 3326 4856 provincim
3345 4795 3502 4847 (lin-i-

258 4854 517 4922 νηθέντες
559 4856 737 4905 ἐκεῖσε
780 4858 1173 4911 ἀσπασιωτατα
1221 4861 1329 4938 καὶ.θ
1357 4863 1831 4935 ξεναγωγηθέντες
1937 4885 1958 4923 ε

1803 4885 1831 4930 ς
1937 4869 2128 4923 stianis
2152 4869 2463 4939 bujusmodi
2500 4871 2763 4927 ﬂorerent
2797 4884 2857 4929 et
2872 4876 3012 4930 adeo
3032 4854 3272 4948 benigne
3298 4882 3501 4937 Christi

255 4947 459 5015 ὡςοὺχ
506 4946 756 5015 ἑτέρωθι,
804 4950 895 4999 καὶ
936 4950 1138 5011 πάντες
1190 4952 1293 5020 μὲν
1340 4956 1455 5016 τοῖς
1492 4958 1827 5015 Λαοδικεῦσι
1934 4979 1955 5016 1

1799 4979 1827 5015 τι
1934 4962 2137 5016 milites
2162 4961 2525 5030 susciperent,
2560 4978 2619 5017 se
2647 4974 2705 5017 et
2731 4964 2839 5018 illis
2873 4981 3006 5035 opes
3032 4946 3499 5037 quas—attulissent

255 5040 441 5091 πάντα
496 5038 566 5090 τα
620 5038 803 5090 θεόθεν
865 5042 1173 5112 ἐπηύξαντο
1210 5046 1411 5113 ἀγαθὰ,
1435 5049 1464 5099 ό
1504 5048 1565 5100 δὲ
1590 5050 1693 5120 pi]:
1732 5053 1827 5105 καὶ
1935 5055 1955 5108 l

1794 5053 1827 5105 :‘t
1935 5055 2167 5108 libenter
2185 5052 2355 5109 fuisse
2400 5053 2649 5121 daturos,
2682 5068 2991 5112 commeatu
3021 5070 3212 5129 pacate
3247 5075 3494 5134 accepto,

256 5131 498 5199 μάλιστα
520 5148 536 5164 ·
583 5136 869 5198 ἀνατείνας
897 5138 1007 5205 γάρ
1027 5139 1123 5198 τάς
1154 5139 1342 5205 χεῖρας
1364 5139 1443 5201 είς
1472 5139 1701 5213 οὐρανὸν
1731 5144 1825 5196 καὶ
1929 5162 1956 5199 e

1795 5144 1825 5195 ιὶ
1929 5156 1984 5199 et
2018 5144 2153 5200 lines
2186 5144 2557 5200 Romanorum
2581 5147 2907 5217 jampridem
2939 5150 3106 5205 fuisse
3139 5131 3495 5216 transituros.

251 5224 394 5291 ἄρας
426 5225 538 5278 ἀνω
581 5225 648 5276 τά
680 5227 923 5295 ὄμματα,
954 5229 1015 5279 τὸ
1039 5227 1095 5280 δὲ
1123 5229 1249 5294 γόνυ
1291 5231 1515 5298 κάμψας
1544 5233 1624 5295 είς
1688 5235 1818 5303 γῆν,
1929 5237 1951 5292 ιτ

1802 5274 1818 5299 ,
1929 5237 2098 5292 hastis
2151 5235 2359 5290 nullius
2404 5235 2702 5291 Christiani
2753 5238 3023 5306 sanguine
3083 5244 3495 5301 contaminatis.

250 5334 301 5366 ιι
347 5333 401 5366 τι
468 5316 751 5386 βιωφελὲς,
798 5318 853 5369 ετ
895 5334 949 5369 τι
983 5318 1171 5387 ψυχῶν
1214 5322 1501 5389 σωτήριον,
1534 5325 1599 5375 ἐκ
1640 5326 1734 5376 τοῦ
1786 5328 1892 5381 τῶν
1926 5331 2059 5382 ὅλων
2101 5327 2403 5397 κηδεμόνος
2460 5328 2596 5380 Θεοῦ
2646 5329 2739 5383 καὶ
2792 5331 3007 5401 [ἰατρὸς
3055 5335 3497 5407 ιπικαταπτῆναι

249 5409 461 5471 τούτοις
530 5411 836 5473 ἱκέτευσεν,
906 5412 1152 5465 ἐπειπὼν
1206 5412 1303 5477 ὡς.
1361 5416 1410 5465 εἰ
1479 5416 1824 5485 Χριστ.ανοίς
1886 5420 2149 5482 τοιούτοις
2207 5422 2542 5487 ὲνευθηνεῖτο
2591 5422 2625 5489 ή
2674 5422 2962 5492 Ῥωμαίων
3009 5427 3078 5495 γῆ
3136 5430 3232 5481 καὶ
3277 5431 3485 5498 εὐγνω-

247 5502 432 5571 μόνως
468 5502 611 5554 οὕτω
661 5506 788 5566 τοὺς
843 5505 941 5556 τοῦ
998 5505 1236 5575 Χριστοῦ
1288 5506 1511 5568 ὁπλίτας
1578 5507 1661 5579 lP.
1721 5512 1848 5582 26H
1884 5512 2335 5582 καθυπεδὲχοντο,
2385 5514 2627 5565 κάκεῖνοι
2668 5514 2760 5566 τὸν
2813 5518 3209 5586 ἐπιφερόμενον
3256 5522 3491 5581 πλοῦτον

247 5593 431 5658 σφίσιν
469 5594 770 5665 ἀγαπητῶς
807 5597 1163 5650 ἑδεδώκεισαν
1207 5598 1293 5659 ἂν,
1337 5600 1404 5650 τά
1443 5601 1723 5671 ἐπιτήδεια
1767 5606 1887 5671 μετ’
1923 5605 2143 5674 εἰρήνης
2206 5603 2560 5674 παρέχοντες,
2592 5608 2689 5659 καὶ
2728 5609 2883 5662 αὐτοὶ
2915 5612 2983 5663 τά
3018 5612 3145 5682 ὅρια
3202 5616 3497 5685 Ῥωμαίων

250 5683 419 5736 πάλαι
461 5686 832 5755 παρήλθοσαν,
859 5689 1161 5755 ἀγεύστους
1204 5690 1543 5757 Χριστιανῶν
1574 5691 1802 5757 αἵματος
1845 5697 1936 5747 καὶ
1963 5694 2237 5756 ὑπνούσας
2276 5696 2372 5748 ἐπὶ
2399 5694 2637 5752 κουλεῶν
2667 5699 2763 5761 τὰς
2789 5700 2988 5769 λόγχας
3023 5702 3305 5773 φέροντες.

566 5821 833 5881 Panos.
887 5824 1000 5882 Gn.
1048 5823 1353 5884 CXXXIX.
3013 5836 3088 5897 25
