4304 6354
728 401 829 460 807

1918 384 2216 455 ΝΙΟΕΤᾹΞ
2256 386 2658 457 (ΣΠΟΧΙᾹΤΕ

3862 411 3973 472 808

723 516 1019 587 Cogitabat,
1053 517 1145 571 sed
1182 515 1387 576 omnia,
1440 512 1586 566 nulla
1642 512 1913 582 probabili
1964 515 2173 568 ratione
2205 513 2299 565 ad-
2331 516 2373 573 Α
2405 530 2423 564 ε

2279 543 2299 553 -
2331 516 2373 573 Α
2405 515 2625 567 εἵποντο
2686 516 2879 585 ἐκείνῳ
2935 517 3030 569 καὶ
3094 520 3515 591 προπέμποντες
3577 522 3838 575 ἑκύκλουν
3889 526 3976 576 τὸν

725 611 947 671 ductus,
983 606 1332 677 approbabat.
1377 604 1620 673 Denique
1646 605 1808 658 etiam
1839 620 2143 673 purpureas
2171 605 2299 673 pha-

722 700 866 753 leras
897 700 969 760 ei.
1003 712 1313 767 quanquam
1346 713 1410 750 ex
1443 712 1597 749 sacro
1650 703 1792 749 cmtu
1827 708 1995 759 esset,
2039 710 2093 750 et
2122 697 2299 751 simile

722 790 945 857 pallium
976 788 1028 838 in
1063 786 1363 855 equitando
1411 784 1771 852 cumdemque
1811 784 2049 836 colorem
2081 786 2133 839 in
2162 788 2297 840 sub-

723 874 1031 930 scribendis
1064 874 1300 943 publicis
1350 871 1550 926 libellis
1577 880 1632 923 et
1658 870 1855 924 litteris
1899 874 2186 926 concessit.
2221 874 2297 927 Ita

726 982 813 1020 rcs
862 966 927 1019 ad
972 967 1289 1021 inusitatum
1350 978 1554 1017 morem
1609 963 1877 1017 devoltiue
1935 972 2139 1017 naturae
2186 979 2299 1018 sua:

726 1064 1135 1126 repugnarunt,
1191 1055 1369 1108 donec
1426 1055 1651 1107 morbus
1706 1054 1989 1107 hominum
2042 1057 2298 1108 misertus

724 1146 923 1200 aﬂluxu
959 1146 1242 1198 noxiorum
1296 1144 1588 1197 humerum
1634 1143 1897 1196 articulos
1926 1146 2045 1212 ejus
2069 1144 2215 1198 elisit
2244 1152 2299 1197 et

726 1238 954 1291 rationis
1004 1237 1169 1292 etiam
1216 1252 1396 1290 arcem
1452 1235 1669 1288 invasit.
1707 1235 1939 1287 'Decima
1993 1237 2183 1304 quinta
2210 1236 2297 1290 die

727 1327 930 1381 mensis
965 1326 1190 1394 Augusti
1219 1340 1341 1378 cum
1379 1324 1517 1377 fastu
1551 1331 1606 1377 et
1636 1322 2079 1389 frequentissimo
2128 1322 2301 1375 comi-

726 1427 838 1471 tatu
888 1432 987 1485 per
1014 1416 1189 1468 forum
1223 1414 1275 1473 in
1308 1414 1654 1467 Pantanassa:
1709 1412 1971 1480 templum
2004 1412 2068 1464 ad
2098 1411 2295 1464 festum

724 1505 1242 1575 Assumptionis'Dei
1270 1503 1564 1557 Genitricis
1606 1502 1992 1555 celebrandum
2041 1502 2299 1555 incedens

725 1598 960 1666 primunt
1009 1595 1263 1649 dominus
1304 1604 1359 1647 et
1405 1594 1697 1661 imperator
1736 1591 1945 1643 audivit
1992 1592 2137 1656 (nam
2172 1607 2297 1644 eum

726 1702 943 1757 quoque
976 1686 1191 1739 titulttm
1235 1684 1550 1737 adulatores
1575 1693 1628 1735 et
1657 1679 2025 1750 potentiorum
2058 1690 2299 1733 assenta-

729 1790 872 1833 tores
923 1776 1320 1845 usurpabant).
1373 1782 1429 1826 et
1480 1785 1591 1827 tum
1650 1774 1881 1841 primum
1929 1772 2293 1825 cordatiorum

723 1871 931 1941 judicio
982 1868 1047 1920 ad
1092 1866 1407 1935 epilepsiam
1464 1865 1728 1917 inclinare
1782 1865 1929 1916 visus
1978 1874 2062 1917 est
2089 1865 2158 1916 ob
2183 1866 2301 1932 ejus

728 1958 1109 2029 appellationis
1176 1956 1545 2011 insolentiam.
1607 1954 1769 2024 576
1822 1955 1926 2008 Sed
1977 1965 2032 2009 et
2080 1956 2301 2024 quidam

730 2052 839 2105 Beli
888 2050 1073 2119 iudex,
1126 2049 1283 2117 cujus
1338 2062 1536 2099 nomen
1584 2046 1651 2100 de
1700 2047 1964 2098 industria
2016 2056 2299 2115 prmterco,

731 2152 881 2197 veste
913 2142 1086 2194 laxata
1121 2154 1277 2194 suras
1310 2138 1597 2205 legothetm
1647 2137 1867 2205 cingulo
1894 2153 1993 2190 suo
2031 2139 2305 2190 constrin-

729 2234 909 2301 gebat,
945 2241 1003 2285 ut
1032 2231 1273 2283 obstaret
1317 2230 1613 2298 quominus
1661 2228 1918 2281 humores
1951 2243 2165 2281 sursum
2200 2230 2306 2282 fer—

732 2335 943 2378 rentur.
981 2320 1085 2376 Sed
1115 2321 1159 2375 is
1189 2337 1255 2376 ne
1287 2321 1365 2372 sic
1394 2318 1612 2387 quidem
1643 2333 1671 2370 a
1699 2318 1892 2371 delirio
1930 2318 2300 2385 liberabatur;

730 2424 786 2468 et
812 2414 902 2467 ille
933 2412 1002 2466 ab
1037 2411 1293 2464 omnibus
1320 2425 1444 2463 cum
1471 2408 1542 2461 ob
1573 2407 1770 2459 ﬂuxam
1800 2416 2004 2459 restem
2033 2418 2145 2459 tum
2176 2423 2303 2475 pro-

732 2516 850 2576 pter
894 2504 1060 2558 animi
1116 2503 1431 2557 facilitatem
1481 2500 1783 2553 ridebatur.
1817 2499 1929 2551 Etsi
1963 2510 2143 2552 autem
2190 2508 2305 2553 tum

733 2589 983 2642 nonnihil
1030 2588 1098 2640 ab
1136 2586 1433 2639 acerbitate
1486 2584 1692 2637 doloris
1744 2586 2067 2652 respiravit,
2116 2602 2308 2639 rursus

734 2693 913 2733 tamen
940 2679 994 2732 in
1028 2678 1168 2732 idem
1208 2677 1407 2730 malum
1459 2677 1671 2740 incidit,
1704 2687 1761 2728 et
1791 2687 1914 2743 post
1950 2677 2068 2729 dies
2101 2679 2308 2747 aliquot

731 2770 1050 2838 exspiravit,
1098 2767 1260 2820 etiam
1310 2766 1515 2833 alioqui
1561 2778 1793 2833 corpore
1842 2764 2115 2828 mo’rhido,
2152 2774 2208 2818 et
2240 2782 2307 2819 ex

736 2861 927 2913 inorbo
982 2861 1125 2915 circa
1176 2863 1359 2916 sedem
1414 2863 1609 2915 ﬁstulis
1662 2870 1973 2916 excavatus.
2014 2863 2307 2916 Enimvero

739 2951 1022 3019 turpitudo
1052 2966 1175 3005 eum
1209 2953 1618 3020 pulclmtudine
1648 2967 1958 3021 comparata
1996 2953 2162 3022 magis
2190 2954 2309 3007 elu-

736 3041 923 3093 «escit.
956 3040 1087 3093 Nam
1114 3040 1478 3095 Castamonita
1520 3052 1735 3095 mortuo
1767 3044 2112 3111 imperatoris
2140 3046 2306 3097 bene-

2404 605 2741 674 ~.sxpo;;690v
2774 606 3031 677 ἄντικρυς
3060 609 3341 674 ὀκλαδίαν,
3395 613 3491 674 τὰς
3544 612 3752 673 οίκείας
3781 614 3976 682 τύχας.

2400 696 2499 747 οὐκ
2556 697 2763 747 ἐκεῖνον
2827 700 3275 769 ἀποκλαιόμενοι.
3330 703 3404 755 Οὐ
3462 702 3571 773 γὰρ
3639 698 3707 773 ἦν
3764 718 3813 754 τι
3868 706 3980 755 τῶν

2402 787 2706 854 γινομένων
2732 788 2859 841 ἄνευ
2908 792 3121 843 ἐκείνου
3166 790 3653 862 διαπραττόμενον,
3710 775 3828 845 an"
3855 793 3978 844 οὐδέ

2400 894 2488 938 τις
2519 878 2629 930 τῶν
2666 879 2724 931 ὲν
2752 880 3046 950 ὑπεροχαῖς
3100 884 3435 952 συμμετεῖχε
3472 883 3548 950 τῷ
3584 885 3976 952 Κασταμονξτῃ

2401 968 2703 1037 καθέδρας,
2756 969 2893 1021 ἀλλὰ
2964 972 3300 1038 παρίσταντο
3356 974 3561 1034 πάντες
3614 973 3979 1044 δουλοπρεπεῖ

2400 1060 2670 1125 σχήματι.
2697 1060 2809 1111 Καὶ
2827 1061 2854 1112 6
2889 1060 3107 1129 κρατῶν
3134 1062 3225 1113 ἐπὶ
3252 1065 3461 1126 τούτοις
3482 1063 3581 1115 οὐκ
3603 1063 3975 1131 ὲδυσχέραινε,

2399 1151 2495 1201 καὶ
2525 1150 2625 1217 τὴν
2661 1152 2870 1203 οἰκείαν
2906 1153 3064 1216 δόξαν
3103 1154 3244 1223 δρῶν
3293 1156 3569 1224 ἀναρσίως
3615 1156 3748 1222 προς
3782 1154 3977 1222 ἕτερον

2405 1241 2838 1311 μεταϐαίνουσαν
2893 1244 2990 1297 καὶ
3041 1246 3483 1314 διαρπαζομένην
3538 1245 3636 1313 τὴν
3697 1244 3979 1315 βασλείαν

2400 1332 2665 1400 οὐμενοῦν
2696 1332 2848 1384 οὐδέν
2881 1349 2931 1383 τι
2959 1335 3096 1402 πρὸς
3137 1335 3232 1403 τὴν
3271 1334 3501 1388 ἀτοπίαν
3527 1337 3733 1405 ταύτην
3761 1336 3978 1405 ἐφρόνει

2400 1423 2703 1490 ἐνδόσιμον,
2739 1422 2852 1474 ἀλλ’
2878 1418 2948 1493 ἦν
2985 1426 3096 1485 τοῖς
3134 1424 3480 1493 τελουμέ·.οις
3513 1426 3826 1478 ὲπευδοκῶν
3850 1425 3979 1479 κατ’

2400 1512 2588 1564 οὐδένα
2647 1512 2911 1582 πρόδηλον
2964 1512 3174 1564 δίκαιον
3228 1513 3450 1568 σκοπόν.
3510 1512 3719 1582 Προϊὼν
3772 1512 3829 1565 δι
3882 1513 3981 1564 καὶ

2402 1600 2619 1666 φάλαρα
2679 1599 2925 1667 ὀξυσαφῆ
2971 1600 3119 1668 αὑτῷ
3164 1600 3430 1651 ἐνέδωκεν
3482 1600 3628 1669 ἔχειν
3675 1599 3769 1652 τοῦ
3822 1601 3979 1667 ἱεροῦ

2402 1691 2789 1757 σχοινίσματος
2819 1692 2933 1745 ὄντι
2970 1693 3249 1762 πρότερον,
3285 1692 3377 1744 καὶ
3403 1692 3696 1758 ἐφεστρίδα
3718 1693 3982 1761 τοιαύτην

2404 1780 2460 1829 ὲν
2507 1779 2584 1849 τῷ
2621 1780 2874 1833 ἱππεύειν
2905 1783 3230 1848 κεκτῆσθαι,
3283 1783 3377 1834 καὶ
3430 1782 3514 1833 διὰ
3562 1782 3745 1850 βαφῆς
3789 1783 3983 1849 ὁμοίας

2406 1871 2880 1938 ὑποσημαίνεσθαι
2912 1874 3039 1933 τοὺς
3087 1874 3288 1940 τόμους
3330 1874 3438 1924 τῶν
3482 1873 3758 1941 δημοσίων
3804 1869 3983 1936 λόγων

2403 1963 2497 2014 καὶ
2552 1964 2619 2013 τὰ
2656 1963 3005 2032 γραμμάτια.
3059 1964 3166 2015 Καὶ
3215 1959 3285 2032 ἦν
3341 1964 3510 2025 ὅντως
3564 1963 3631 2016 τὰ
3678 1962 3982 2030 πράγματα.

2410 2048 2842 2117 μετακεκλικότα
2875 2049 3013 2119 πρὸς
3035 2050 3096 2101 τὸ
3126 2050 3397 2118 ἀσύνηθες
3437 2052 3531 2100 καὶ
3554 2052 3618 2118 τῇ
3663 2050 3769 2117 ἰδίᾳ
3815 2046 3979 2115 φύσει

2406 2141 2862 2209 ἀντιτασσόμενα,
2910 2141 3014 2201 ἓως
3064 2158 3147 2201 τις
3201 2142 3350 2203 νόσος
3400 2140 3785 2208 φιλάνθρωπος
3846 2139 3980 2190 ἐπέ-

2407 2231 2563 2297 6543:
2600 2231 2677 2299 τῷ
2709 2231 2978 2299 ἀνθρώπῳ
3011 2232 3067 2297 ἐξ
3093 2231 3225 2299 ύλης
3278 2231 3711 2301 μοχθηροτέρας,
3748 2232 3871 2300 ἥτις
3911 2230 3985 2280 τὰ

2405 2320 2584 2390 ἄρθρα
2617 2320 2713 2373 τοῦ
2753 2322 3006 2391 σώματος
3044 2321 3494 2389 ἁναμοχλεύουσα
3525 2322 3843 2387 ἐπενέμετο,
3884 2317 3983 2369 καὶ

2406 2412 2635 2463 ἐπέθετο
2681 2412 2760 2480 τῷ
2801 2413 3100 2481 λογιστικῷ
3148 2412 3558 2481 κραταιόττρον.
3590 2407 3735 2477 Ἥγε
3768 2411 3825 2459 δὲ
3853 2410 3981 2460 τότε

2407 2503 2904 2573 πεντεκαιδεκάτην
2927 2505 2956 2553 ό
2980 2504 3293 2570 Αὔγουστος
3318 2504 3446 2571 μὴν,
3483 2502 3578 2554 καὶ
3612 2503 3640 2552 δ
3678 2502 3982 2567 Κασταμο-

2408 2595 2559 2661 νίτης
2588 2596 2724 2662 μετὰ
2768 2596 3091 2662 φυσήματος
3121 2594 3216 2645 καὶ
3247 2591 3573 2660 πολυοχλίας
3600 2590 3984 2661 ἀρχικωτάτης

2406 2689 2471 2754 τῇ
2490 2684 2641 2754 [281]
2689 2688 2823 2753 μο-,ῇ
2864 2685 2957 2751 «ﬁ;
2983 2682 3462 2751 παντανάσσηςίδιὰ
3490 2681 3591 2746 τῆς
3610 2682 3814 2749 ἀγορᾶς
3850 2682 3987 2731 ἐπε-

2408 2773 2659 2841 φοίτησε,
2683 2774 2749 2823 τὰ
2780 2777 2902 2823 ἰσια
2938 2771 3169 2822 τελέσων
3190 2774 3257 2838 τῇ
3293 2768 3618 2838 μεταστάσει
3644 2768 3741 2831 τῆς
3769 2767 3986 2835 Θεομή-

2406 2878 2587 2931 τορος,
2616 2864 2704 2913 ὅτε
2740 2862 2834 2912 καὶ
2877 2859 3111 2929 πρώτως
3142 2861 3380 2919 ἀκούσας
3410 2859 3677 2927 δεσπότης
3706 2858 3804 2909 καὶ
3832 2857 3992 2926 βαστ-

2408 2952 2557 3015 λεὺς,
2590 2953 2714 3003 ἐπεὶ
2746 2952 2843 3002 καὶ
2875 2950 3036 3001 τοῦτο
3067 2954 3394 3018 προσεφεῖτο
3424 2948 3698 3013 ἐπιλέγειν
3738 2952 3851 3009 τοις
3883 2949 3979 2998 κά-

2408 3044 2531 3108 λαξι
2562 3043 2655 3094 xal.
2685 3045 2797 3103 τοῖς
2830 3043 3110 3093 αἰκάλλειν
3144 3043 3360 3091 εἰωθόσι
3387 3040 3511 3100 τοὺς
3535 3036 3984 3101 δυναστεύοντας,

736 3131 974 3184 volentia
1023 3133 1076 3184 in
1112 3133 1577 3187 adolescentulum
1638 3137 1948 3201 quemdam,
1994 3134 2082 3187 cui
2127 3134 2307 3187 adhuc
2335 3138 2432 3210 σε

2290 3149 2307 3187 3
2335 3154 2376 3210 ρ
2410 3138 2552 3201 εδοξε
2587 3139 2701 3198 τοῖς
2744 3136 3101 3203 κομψοτέροις
3134 3135 3244 3187 τῶν
3290 3133 3657 3187 συνελθόντων
3685 3136 3766 3194 είς
3796 3133 3990 3200 ἐπιλη·

736 3218 1038 3273 ὶιιιειι-αιοινθ
1068 3228 1123 3273 et
1154 3221 1349 3275 tabella
1379 3233 1497 3275 erat
1523 3238 1682 3289 opus,
1715 3224 2031 3276 traul‘ertur.
2062 3224 2139 3276 Eo
2168 3239 2303 3291 quo-

736 3324 843 3377 que
888 3312 1159 3364 exstincto
1214 3327 1413 3379 parvus
1459 3328 1613 3379 puer,
1666 3314 1758 3380 qui
1794 3328 1902 3366 non
1932 3314 2001 3367 ita
2034 3314 2243 3381 pridem
2277 3330 2305 3368 a

738 3398 944 3449 calamo
973 3406 1027 3449 et
1057 3408 1363 3449 atramento
1416 3399 1766 3465 discesserat,
1808 3416 2071 3453 Summam
2128 3417 2306 3455 rerum

737 3488 1172 3540 administrabat.
1212 3487 1317 3541 Nec
1352 3488 1735 3557 imperatorem
1793 3490 2053 3543 duntaxat
2092 3507 2192 3545 suo
2221 3508 2282 3545 ar

740 3578 960 3635 lzitratu.
995 3587 1051 3629 ut
1082 3580 1373 3630 niaximum
1409 3588 1529 3632 cete
1560 3579 1959 3633 minutissimus
2009 3582 2171 3650 piscis
2214 3583 2305 3651 qui

740 3680 1071 3733 prepotnpus
1118 3666 1345 3730 dicitur,
1410 3668 1732 3723 traducebat
1757 3678 1812 3722 et
1845 3672 2306 3724 eirenmlercbat:

740 3758 832 3806 sed
878 3755 1138 3808 militares
1170 3756 1334 3809 etiam
1386 3758 1662 3825 catalogus
1697 3760 1981 3819 tractabat,
2010 3776 2116 3811 non
2151 3760 2308 3829 577

740 3860 900 3898 secus
931 3860 994 3899 ac
1024 3847 1067 3898 si
1098 3863 1127 3899 ει
1157 3847 1444 3900 cunabulis
1487 3848 1551 3900 ad
1584 3850 1943 3902 maximarum
1999 3867 2179 3905 rerum
2217 3853 2312 3905 ad-

744 3936 1198 3990 ministrationem
1244 3946 1391 3991 esset
1424 3940 1717 4002 enutritus,
1758 3952 1853 3994 aut
1900 3956 2078 3994 rerum
2116 3942 2310 3994 buma-

742 4045 935 4081 narum
993 4029 1275 4081 scientiam
1331 4038 1458 4083 ante
1504 4031 1737 4082 natalem
1794 4045 1954 4083 suum
2011 4031 2310 4098 habuisset,

745 4118 1202 4186 quemadmodum
1254 4119 1536 4187 Sibyllam,
1570 4119 1730 4171 simul
1762 4133 1825 4173 ac
1852 4135 1882 4173 e
1914 4130 2154 4173 materna
2192 4124 2313 4175 alvo

742 4211 1025 4278 prodierit,
1050 4212 1115 4264 de
1136 4211 1335 4264 fabrica
1366 4211 1740 4265 universitatis
1772 4228 1953 4265 rerum
1987 4214 2313 4268 disseruisse

744 4307 941 4353 terunt.
978 4300 1143 4368 Igitur
1179 4301 1225 4353 is
1257 4317 1476 4369 quoque
1522 4302 1912 4355 auctoritatem
1954 4304 2110 4372 longe
2148 4306 2316 4373 majo—

745 4407 859 4442 rem
891 4407 1052 4459 quam
1088 4390 1456 4444 Castamonita
1504 4403 1852 4456 consecutus,
1890 4404 1947 4445 ut
1972 4402 2087 4445 erat
2116 4394 2169 4446 in
2198 4395 2313 4462 ple-

2406 3230 2535 3296 ιξιίαν
2566 3227 2859 3281 ἀποκλῖναι
2907 3227 2996 3277 διὰ
3025 3229 3083 3277 τὸ
3131 3226 3447 3295 καινότερον
3491 3224 3586 3276 τοῦ
3614 3225 3986 3290 ἀκούσματο·.

2423 3313 2584 3365 Ἀλλὰ
2610 3314 2701 3365 καί
2733 3330 2817 3373 τις
2856 3313 2966 3363 τῶν
3016 3312 3109 3364 τοῦ
3146 3301 3317 3379 Βήλίυ
3350 3313 3555 3379 κριτῶν
3586 3309 3873 3378 παρεστὼς
3908 3310 3991 3375 (τὸ

2408 3405 2462 3456 δὲ
2538 3405 2709 3472 ὄνομα
2788 3401 2930 3453 ἑκὼν
2987 3401 3395 3469 ὑπερϐήσομαι)
3482 3400 3819 3467 διαχαλασας
3890 3400 3993 3464 τὴν

2409 3495 2612 3562 ἐσθῆτα
2645 3493 2757 3559 (58)
2799 3493 3015 3561 ἐδέσμει
3048 3492 3145 3553 τὰς
3174 3491 3655 3560 γαστροκνημίδας
3695 3488 3789 3540 τοῦ
3835 3489 3991 3552 λογοο

2411 3585 2568 3636 θέτου
2595 3586 2660 3651 τῇ
2690 3583 2835 3652 ζώνη
2859 3581 2961 3648 τῆς
2994 3582 3219 3648 ὀσφύος,
3268 3582 3588 3648 ἐπισχήσειν
3615 3579 3677 3630 τὸ
3709 3579 3993 3646 ἀνωφερὲς

2408 3674 2506 3741 τῆς
2564 3673 2694 3739 ὕλης
2741 3670 2991 3723 ἐντεῦθεν
3036 3668 3397 3737 πειρώμενος.
3454 3669 3599 3734 Πλὴν
3644 3668 3673 3718 6
3734 3669 3833 3733 μὲν
3892 3668 3995 3718 καὶ

2409 3763 2580 3823 οὕτως
2618 3761 2830 3821 ἀλύτως
2872 3755 2982 3827 εἶχε
3015 3759 3115 3825 τῆς
3145 3758 3253 3809 τῶν
3300 3758 3513 3826 φρενῶν
3560 3755 3917 3824 παρακοπῆς,
3961 3756 3997 3807 6

2412 3853 2469 3904 δὲ
2509 3853 2592 3903 τὸν
2626 3851 2778 3919 παρὰ
2813 3852 3024 3902 πάντων
3051 3846 3107 3899 εὖ
3135 3848 3279 3915 μάλα
3305 3847 3617 3913 ὠφλίσκανε
3651 3847 3864 3912 γέλωτα
3902 3846 3929 3897 δ
3957 3846 3997 3897 ἁ.

2411 3959 2469 3994 τε
2507 3942 2619 3993 τῶν
2656 3941 2887 4007 ἱματίων
2915 3940 2974 3991 τὸ
3001 3940 3192 3992 ἄνετον
3242 3939 3423 3989 καὶτὸ
3458 3938 3560 4004 τῆς
3596 3940 3824 4005 γνώμης
3862 3939 3997 3989 εὑά-

2412 4045 2610 4095 γωγον.
2664 4028 2823 4079 Ἀλλὰ
2870 4028 2989 4079 τότε
3019 4028 3085 4096 δὴ
3113 4025 3286 4095 βραχύ
3320 4042 3373 4077 τι
3426 4026 3522 4077 καὶ
3565 4026 3689 4077 ὅσον
3723 4025 3939 4093 ήδοτέρ.
3962 4042 3996 4075 ν

2413 4125 2511 4191 τὴν
2540 4122 2752 4189 ἡμέραν
2786 4117 3214 4183 ὑπολογίσασθαι
3244 4120 3342 4185 τῆς
3367 4116 3628 4183 καχξξιας
3652 4116 3989 4179 ἀνα-δεύσας,

2415 4213 2581 4264 πάλιν
2608 4211 2970 4277 ἐμπέπτωκεν
3005 4209 3084 4266 είς
3110 4206 3281 4273 αὐτὴν
3308 4208 3402 4258 καὶ
3442 4205 3561 4273 μεθ’
3584 4207 3793 4274 ἡμέρας
3828 4210 3996 4275 ἀπέρ-

2420 4299 2550 4369 ρηξε
2599 4300 2695 4365 την
2724 4297 2923 4364 ψυχὴν,
2961 4298 3055 4348 καὶ
3085 4297 3260 4352 ἄλλως
3292 4296 3579 4357 ἀσθενικὸς
3624 4294 3703 4346 ὢν
3728 4301 3790 4345 τὸ
3831 4296 3995 4361 σῶμα

2418 4390 2509 4441 καὶ
2571 4391 2638 4439 τὰ
2702 4389 2829 4455 περὶ
2874 4389 2972 4455 τὴν
3039 4388 3201 4455 ἕδραν
3254 4388 3359 4438 ὑπὸ
3415 4388 3573 4437 νόσου
3625 4386 3991 4455 πολύτρητος.

744 4486 928 4549 risque
967 4480 1129 4533 rebus
1172 4490 1367 4533 acutus
1397 4491 1450 4532 et
1482 4482 1537 4533 in
1575 4482 1874 4535 tractandis
1920 4483 2152 4550 negotiis
2181 4483 2317 4537 dex-
2348 4465 2389 4519 θ
2430 4482 2443 4501 ’

2296 4465 2389 4523 -θ
2430 4478 2809 4544 Ἐκδηλότερον
2867 4477 2925 4526 δὲ
2985 4477 3045 4527 τὸ
3079 4472 3299 4542 ιαῖσχος
3382 4476 3550 4541 ἐγγὺς
3606 4475 3703 4526 τοῦ
3758 4476 3996 4535 κάλλους

745 4584 848 4635 ter,
887 4571 1197 4640 imperatori
1245 4572 1511 4640 quidquid
1555 4582 1674 4626 erat
1717 4572 1954 4638 libitum,
2002 4575 2227 4642 probat,
2259 4585 2314 4630 et

744 4674 1016 4712 summum
1049 4660 1117 4712 ab
1147 4673 1211 4712 eo
1240 4669 1404 4726 atque
1459 4660 1884 4727 incomparabile
1922 4662 2123 4715 bonum
2168 4664 2315 4731 judi-

746 4753 970 4805 eabatur
1015 4771 1027 4805 :
1068 4767 1174 4804 non
1226 4750 1493 4803 absimilis
1520 4750 1746 4818 apicula:
1793 4762 1887 4805 aut
1932 4752 2093 4805 culici
2128 4768 2315 4806 aurem

745 4843 919 4895 leonis
950 4841 1392 4902 circumsonanti,
1431 4848 1525 4891 aut
1555 4852 1673 4892 atro
1702 4841 1988 4907 pumilioni
2020 4842 2314 4895 maximum

746 4944 903 4984 terrm
949 4931 1163 4999 pondus
1211 4930 1558 4996 elephantum
1615 4928 1967 4995 gubernanti,
2017 4941 2112 4982 aut
2167 4931 2316 4983 tenui

744 5024 989 5074 lnniculo
1034 5020 1301 5077 eamelum
1333 5035 1464 5072 naso
1497 5018 1754 5083 trahenti,
1788 5028 1883 5071 aut
1911 5020 2094 5087 potius
2135 5022 2321 5076 densis

747 5113 1003 5164 sordibus
1050 5126 1211 5163 aures
1259 5111 1627 5176 imperatoris,
1674 5124 1741 5163 ne
1789 5110 1920 5177 quid
1968 5111 2113 5163 aliud
2158 5113 2314 5165 audi-

750 5212 904 5263 rent.
950 5202 1404 5266 obstruentibus,
1454 5210 1547 5253 aut
1602 5209 1845 5269 angusta:
1892 5216 2065 5269 portae
2105 5212 2160 5257 et
2200 5214 2320 5259 arto

750 5294 951 5345 tramiti
985 5294 1049 5345 ad
1078 5293 1342 5362 palatium
1394 5291 1639 5344 ducenti.
1675 5290 1805 5342 Nam
1837 5290 1927 5342 lati
1960 5292 2089 5344 olim
2137 5294 2319 5347 aditus

749 5385 965 5451 penitus
1011 5384 1282 5437 obstructi
1314 5382 1465 5435 fuere
1496 5397 1593 5450 per
1622 5398 1759 5451 quos
1787 5384 1880 5450 qui
1918 5382 2082 5452 578
2115 5384 2319 5437 intrare

746 5475 1106 5536 conabantur,
1137 5473 1294 5541 plane
1328 5470 1493 5525 iatuis
1527 5470 1635 5524 illis
1667 5472 1967 5540 virginibus
1991 5483 2147 5526 erant
2168 5474 2319 5527 sitni-

2417 4567 2714 4637 ὁρώμενον.
2766 4566 2872 4618 Τοῦ
2929 4569 3036 4635 γὰρ
3101 4566 3519 4634 Κασταμονίτου
3569 4563 3996 4632 τελευτήσαντος

2414 4658 2721 4726 διαδέχεται
2776 4657 2875 4725 τὴν
2920 4656 3187 4725 βασιλέως
3244 4655 3460 4707 εὔνοιαν
3514 4656 3893 4724 νεανισκάριόν
3936 4673 3994 4708 τι

2415 4747 2842 4817 γραμματιστοῦ
2867 4748 2963 4799 καὶ
3010 4747 3317 4799 πινακιδίου
3352 4746 3634 4813 δ-όμενον.
3664 4747 3772 4797 Και
3796 4746 3922 4796 sonit
3960 4766 3992 4797 υ

2420 4841 2507 4892 τὸν
2546 4843 2603 4891 ὲν
2642 4842 2774 4907 ἡμῖν
2829 4837 2942 4905 βίον
2982 4837 3340 4898 ἀπολιπόντος
3385 4836 3599 4887 παιδίον
3648 4836 3845 4904 μικρὸν
3890 4840 3994 4900 τὴν

2418 4929 2526 4982 τῶν
2568 4931 2763 4982 κοινῶν
2809 4928 3077 4995 διοίκησιν
3123 4925 3524 4991 ἁναζώννυται,
3555 4926 3712 4978 οὒπω
3758 4927 3996 4990 πέρυσιν

2417 5021 2716 5088 ἀφειμένον
2776 5018 3098 5071 δονακίσκου
3167 5018 3264 5069 καὶ
3321 5016 3589 5082 μέλανος,
3660 5016 3719 5075 ὃς
3786 5014 3849 5065 οὐ
3900 5014 3996 5065 τὸν

2420 5109 2729 5179 κρατοῦντα
2780 5109 2941 5178 μόνον
2988 5110 3151 5159 at}th
3181 5106 3257 5168 ὡς
3296 5109 3358 5158 τὸ
3416 5108 3580 5173 κῆτος
3630 5105 3659 5155 ὸ
3697 5105 3994 5172 λεγόμενος

2420 5201 2780 5271 προπομπεὺς
2836 5198 3074 5267 μετῆγεν
3107 5198 3182 5259 ὼς
3240 5199 3428 5266 ᾑρεῖτο
3486 5196 3580 5246 καὶ
3637 5198 3993 5263 αριέςερε-ι,

2418 5293 2555 5344 ἀλλὰ
2584 5289 2776 5361 μετῄει
2812 5292 2903 5341 καὶ
2933 5290 3033 5341 ὅσα
3074 5288 3180 5338 τῶν
3228 5285 3640 5354 στρατιωτικῶν
3680 5287 3787 5335 εισι
3824 5298 3997 5334 κατα-

2420 5383 2619 5448 λόγων,
2661 5384 2734 5442 ὡς
2791 5381 2948 5449 εἴπερ
3002 5381 3065 5431 ἐκ
3117 5378 3451 5447 σπαργάνων
3482 5374 3663 5427 αὐτῶν
3707 5376 3776 5442 τῇ
3825 5372 4002 5441 πηδα-

2425 5475 2638 5544 λιουχία
2690 5474 2796 5526 τῶν
2837 5475 3110 5543 μεγίστων
3164 5469 3913 5538 ὲνετέθραπτοηπραγμάτων
3964 5464 3999 5531 ἦ

2031 5635 2202 5697 Hier.
2250 5632 2455 5695 Wolili
2498 5647 2685 5698 noue.

818 5783 927 5852 (7.8)
950 5784 1097 5838 Alter
1134 5781 1377 5838 materia:
1406 5796 1694 5836 ascensum
1724 5782 1789 5837 ad
1818 5793 1980 5852 caput
2004 5781 2321 5853 prohibere,
2360 5782 2497 5836 alter
2523 5782 2731 5835 eamad
2765 5781 2930 5852 pedes
2962 5779 3243 5835 retrahere
3282 5780 3536 5833 instituit.
