4292 6396
210 423 314 487 809

1251 401 1350 462 DE
1391 398 1695 461 ISAACIO
1737 395 2036 456 ANGELO
2076 394 2221 452 LIB.
2269 391 2377 449 Ill.

3338 381 3447 441 810

211 539 308 596 τὰς
367 527 633 598 κοσμικάς
680 520 966 592 φροντίδας
1016 520 1284 588 ἠπίστατο
1339 514 1444 582 πρδ
1492 511 1779 578 γενέσεως,
1811 516 1852 570 Α
1884 510 1906 562 1.

1752 527 1779 567 :.
1811 516 1852 570 Α
1884 510 1980 570 les.
2018 506 2162 576 quod
2209 519 2369 558 nemo
2411 508 2531 555 erat
2564 498 2657 567 qui
2693 498 2764 550 ibi
2795 493 3141 563 pulsantibus
3191 493 3447 560 aperiret.

214 625 360 680 καθά
385 624 480 675 καὶ⁵
500 619 630 688 περὶ
651 614 913 680 Σιϐύλλης
939 611 1106 679 φασὶν
1133 608 1208 670 ὡς
1242 607 1358 675 ἀμα
1390 605 1486 672 τῆς
1519 599 1775 670 μητρῴας

217 717 408 784 νηδύος
452 709 673 776 έξίθορε
724 705 816 759 καὶ
848 703 966 771 ἅμα
1001 699 1252 770 περὶτῆς
1295 692 1621 784 τοῦῗπαντδς
1655 693 1779 784 ἔφι-

218 809 438 872 λοσόφει
487 799 819 858 συστάσεως.
875 792 1318 847 Πολλαπλασίονα
1364 783 1455 841 οῦν
1485 786 1580 838 καὶ
1623 779 1780 846 οὗτος

217 897 312 949 τοῦ
357 889 773 960 Κασταμονίτου
818 885 920 954 τὴν
970 884 1122 952 ἰσχὺν
1150 881 1446 940 ἐνεδέδυτο,
1476 876 1782 943 θυμόσοφος

222 987 299 1038 ὢν
343 985 399 1035 έν
446 980 719 1042 πλείστοις
782 977 877 1029 καὶ
915 971 1216 1042 περιδέξιος
1263 971 1353 1022 τὸν
1393 968 1520 1020 νοῦν
1572 968 1630 1018 ἐν
1664 966 1784 1026 ταῖς

224 1074 500 1136 ἐπιϐολαῖς
551 1072 660 1124 τῶν
697 1067 1059 1138 πραγμάτων,
1110 1063 1341 1116 κάκεῖνα
1394 1059 1472 1127 τῷ
1516 1056 1786 1125 αὐτοκρά-

225 1182 343 1234 τορι
370 1164 570 1231 θεμιτά
599 1161 778 1212 ὁπόσα
809 1161 856 1210 οί
888 1157 1093 1225 θελητά
1158 1151 1403 1205 ιδέδοκτο
1432 1166 1446 1180 ⁸
1485 1151 1606 1203 ὅθεν
1639 1150 1782 1200 ἀπα-

228 1258 482 1328 ραίτητον
527 1253 664 1322 ῷετο
713 1249 915 1316 ἀγαθὸν
961 1247 1055 1299 καὶ
1105 1246 1393 1308 ἀσπάσιον,
1447 1243 1544 1294 ὅσα
1591 1241 1687 1291 καὶ
1730 1239 1790 1290 τὸ

230 1348 578 1416 παμϐότανον
603 1345 696 1396 τοῦ
732 1341 925 1410 ἀγροῦ,
955 1340 1132 1390 εἰπεῖν
1159 1337 1215 1388 δὲ
1240 1337 1334 1388 καὶ
1361 1333 1687 1403 τριπόθητον
1717 1333 1792 1390 ὼς

229 1438 290 1488 τὸ
320 1436 412 1488 τοῦ
470 1435 705 1504 Περόζου
758 1433 1044 1500 μάργαρον
1097 1427 1247 1496 παρὰ
1300 1425 1434 1494 τῷδε
1480 1422 1557 1487 τῷ
1589 1419 1795 1488 βασιλεῖ

230 1527 627 1590 συλλελόγιστο.
658 1522 765 1573 Καὶ
789 1516 855 1588 ἦν
881 1518 1170 1586 βομσύλιος
1197 1516 1434 1582 ἀτεχνῶς
1459 1513 1567 1564 εἴτε
1598 1510 1793 1576 κώνωψ

229 1619 389 1668 ὠτίον
418 1612 770 1682 περισομσῶν
795 1611 1027 1671 λέοντος,
1075 1608 1107 1676 ἢ
1153 1604 1666 1676 μυρμηκάνθρωπος
1701 1618 1796 1670 με-

230 1707 497 1775 λάγχροος
528 1704 589 1754 τὸ
613 1706 712 1772 τῆς
760 1701 863 1768 γῆς
920 1700 1179 1768 μέγιστον
1221 1695 1384 1763 ἄχθος
1424 1693 1795 1760 διακυὸερνῶν

231 1799 521 1862 ἐλέφαντα,
566 1795 598 1862 ἢ
654 1791 914 1861 μήρινθος
945 1787 1118 1855 λεπτὴ
1151 1787 1259 1838 ἀπὸ
1293 1784 1438 1854 ῥινὸς
1484 1783 1790 1849 ἐφέλκουσα

1881 604 1936 658 Si
1967 604 2087 672 quis
2137 615 2266 654 vero
2308 613 2404 665 per
2441 596 2606 648 rimas
2654 592 2853 645 torium
2887 590 2953 644 iis
2978 587 3306 643 cernebatur
3357 588 3454 654 qui

1882 695 2098 764 pulsare
2147 704 2252 742 non
2289 687 2643 746 desistehant,
2697 682 2908 736 nullum
2956 691 3134 733 tamen
3175 678 3324 733 aliud
3370 693 3456 730 re-

1883 796 2141 852 sponsum
2196 777 2536 845 accipiebant
2583 774 2685 828 nisi
2718 782 2778 826 ut
2807 773 3056 841 exiguam
3088 780 3141 824 et
3173 771 3453 840 obliquam

1887 872 2155 942 portulam
2190 868 2426 930 adirem;
2457 881 2521 918 ac
2551 879 2620 917 ne
2651 864 2725 917 ibi
2756 863 2978 932 quidem
3009 861 3223 930 patebat
3249 861 3457 930 ingres-

1886 977 1980 1016 sus
2009 961 2113 1013 nisi
2143 958 2465 1012 muneribus
2517 955 2839 1023 aperiretur,
2871 953 3085 1008 etiamsi
3126 953 3294 1005 vestis
3325 967 3458 1004 ven-

1888 1052 2063 1106 denda
2113 1058 2277 1104 esset.
2309 1047 2373 1103 Ut
2400 1055 2583 1100 autem
2620 1059 2786 1098 senex
2842 1045 2942 1097 iste
2992 1057 3127 1112 puer
3159 1042 3457 1111 plurimum

1889 1148 1958 1199 ab
2001 1147 2329 1212 imperatore
2382 1142 2702 1210 diligeretur
2749 1146 2806 1192 ct
2850 1137 2997 1190 solus
3022 1137 3072 1190 ei
3102 1146 3249 1190 esset
3290 1136 3461 1188 instar

1891 1237 2158 1296 omnium.
2195 1234 2248 1287 id
2295 1242 2409 1284 tum
2457 1230 2753 1299 sophistico
2786 1238 2842 1282 et
2877 1228 3052 1280 faceto
3102 1243 3163 1281 2c
3208 1236 3462 1295 prompto

1894 1329 2132 1395 ingenio,
2183 1333 2294 1375 tum
2328 1321 2510 1374 animo
2560 1321 2772 1373 occulto
2802 1329 2858 1373 et
2884 1320 3122 1371 obscuro
3163 1332 3464 1384 conseque-

1897 1420 2078 1477 batur,
2109 1413 2252 1481 quod
2285 1414 2490 1463 hirsuta
2520 1410 2808 1477 supercilia
2835 1421 2887 1461 et
2910 1409 3062 1476 juxta
3090 1422 3282 1460 nasum
3315 1408 3464 1459 nullo

1898 1502 2193 1560 interstitio
2237 1502 2493 1554 distincta
2544 1500 2863 1568 arguebant.
2911 1498 3016 1551 Sed
3055 1497 3287 1550 maxime
3333 1496 3464 1548 illud

1897 1597 1948 1650 ei
1975 1594 2378 1654 commodabat,
2415 1590 2564 1658 quod
2609 1604 2837 1641 munera
2883 1588 2988 1641 sibi
3020 1589 3086 1640 ab
3117 1590 3239 1641 aliis
3283 1588 3466 1640 oblata

1902 1686 2216 1754 imperatori
2255 1679 2598 1736 restituebat.
2626 1679 2756 1733 Erat
2779 1678 2924 1732 enim
2967 1677 3103 1731 adeo
3143 1679 3469 1732 mercatoria

1913 1777 2149 1846 ingenio,
2194 1784 2302 1827 tam
2341 1770 2649 1840 inexplebili
2680 1769 2980 1837 accipiendi
3022 1769 3162 1822 fame
3191 1768 3472 1837 ﬂagrabat,

231 1841 677 1957 κάμῖηλον,ἐί’;ιῖῖ
712 1841 759 1935 δί
792 1841 990 1942 ἀν’τις
1031 1841 1134 1931 οὐκ
1172 1841 1435 1944 ἀκόμψως
1465 1841 1561 1927 καὶ
1597 1876 1797 1939 παχεῖα
1832 1841 1870 1894 Β
1903 1886 1926 1922 tl

1774 1889 1797 1922 ι
1832 1841 1870 1894 Β
1903 1881 1961 1922 ut
1990 1884 2096 1922 non
2128 1880 2322 1920 aurum
2349 1875 2403 1918 et
2427 1872 2608 1917 vestes
2650 1861 2912 1915 duntaxat
2950 1861 3243 1928 acciperet.
3292 1860 3385 1912 sed
3414 1868 3469 1910 et

232 1951 456 2042 κυιινελὶς
501 1951 744 2044 περὶητδ
785 1973 884 2040 τῆς
935 1968 1217 2038 βασιλικῆς
1275 1965 1443 2031 ἀκοῆς
1479 1960 1796 2031 ἐνσκήψασα
1903 1978 1927 2015 a

1772 1979 1796 2012 κ
1903 1962 2007 2015 alia
2035 1959 2265 2020 minuta,
2307 1970 2478 2022 usque
2504 1953 2571 2008 ad
2602 1967 2842 2022 pepones
2869 1961 2924 2006 et
2952 1962 3146 2006 caetera
3187 1951 3467 2005 esCuIenta

230 2068 434 2134 ἕλιγμα
463 2067 558 2118 καὶ
597 2064 704 2117 τῶν
744 2061 1009 2132 ἑτέρωθεν
1041 2057 1423 2126 ὲνηχουμένων
1451 2053 1548 2122 τὴν
1580 2055 1797 2123 εἰσροὴν
1904 2067 1925 2104 ε

923 2061 1009 2114 θεν
1041 2057 1423 2126 ὲνηχουμένων
1451 2053 1548 2122 τὴν
1580 2055 1797 2123 elopth
1904 2062 1960 2105 et
1993 2049 2170 2103 omnis
2201 2045 2412 2117 generis
2440 2059 2618 2114 poma.

231 2161 682 2229 ἀποφράττουσα,
719 2158 758 2225 ἢ
804 2157 898 2208 καὶ
957 2150 1293 2219 τεθλιμμένη
1351 2148 1664 2216 παράυυρος
1708 2149 1802 2197 καὶ
1841 2144 2005 2212 στενὴ
2026 2143 2187 2204 πυλὶς
2222 2141 2312 2193 καὶ
2341 2136 2760 2206 συνεπτυγμένη
2825 2137 2940 2200 δδδς
2974 2138 3267 2206 εἰσάγουσα
3335 2139 3471 2205 πρὸς

230 2251 300 2303 τὰ
359 2227 627 2318 βασίλεια.
666 2247 732 2300 Δί
777 2245 823 2296 δ’
875 2243 1082 2312 εὐρεῖαι
1138 2240 1248 2293 τῶν
1305 2239 1550 2298 εἰσόδων,
1606 2237 1676 2287 δι’
1727 2231 1802 2287 ὡν
1841 2233 2214 2302 προσεφοίτων
2265 2232 2531 2299 πρότερον
2597 2231 2710 2289 τοῖς
2769 2227 3063 2296 κρατοῦσιν
3103 2229 3152 2279 οἱ
3201 2227 3469 2298 δεόμενοι⁹

231 2316 418 2394 τέλεον
447 2337 900 2405 επεςυγὼθησαν,
934 2337 1025 2387 καὶ
1054 2334 1174 2394 ταῖς
1209 2333 1420 2399 μωραῖς
1486 2329 1595 2379 τῶν
1672 2326 1958 2396 παρθένων
2027 2327 2076 2376 οἰ
2138 2323 2204 2375 δι’
2231 2324 2456 2374 ἐκείνων
2508 2317 2768 2371 εἰσελθεῖν
2851 2317 3178 2387 πειρώμενοι
3231 2316 3472 2386 ἐῴκεσαν

236 2431 473 2499 ἀτεχνῶς
508 2432 591 2482 ὅτι
623 2427 746 2497 μηδ’
795 2424 859 2496 ῆν
901 2428 927 2477 ό
972 2425 1091 2476 κατ’
1126 2423 1338 2483 ὲκείνας
1367 2419 1444 2489 τῷ
1473 2419 1718 2487 κρούοντι
1764 2416 1910 2488 [282]
1939 2418 2263 2482 ὑπανοίγων.
2304 2414 2365 2465 Εἰ
2404 2413 2461 2464 δέ
2485 2429 2566 2473 τις
2595 2411 2691 2479 ὀψέ
2722 2428 2852 2463 ποτε
2887 2411 2973 2463 διὰ
3004 2412 3104 2479 τῆς
3149 2410 3257 2463 τῶν
3293 2411 3475 2462 πυλῶν

235 2523 566 2595 συμμύσεως
586 2525 698 2581 τοῖς
721 2520 1042 2588 ἐπιμένουσι
1071 2516 1152 2583 τῷ
1209 2515 1426 2584 κρούειν
1486 2515 1869 2575 ὲπαπταίνετο,
1911 2513 2064 2564 οὐδὲν
2112 2511 2295 2576 μέντοι
2338 2508 2471 2577 πρὸς
2522 2507 2620 2576 τὴν
2678 2505 2870 2558 πεῦσιν
2925 2508 3275 2574 ἀπεκρίνετο,
3326 2509 3386 2559 τὸ
3431 2505 3475 2558 δ’

235 2593 495 2669 ἀπελθεῖν
531 2612 806 2678 εἰσηγεῖτο
834 2609 978 2660 κατά
1007 2608 1106 2674 τὴν
1175 2603 1530 2674 παραπυλίδα
1596 2603 1694 2670 τὴν
1737 2602 1988 2668 πλάγιον.
2059 2599 2184 2651 Οὐδ’
2221 2598 2434 2666 ἐκείνης
2463 2593 2531 2667 ἦν
2571 2597 2792 2666 εὐμαρῆ
2821 2597 2917 2667 τῆν
2951 2598 3156 2650 εἴσοδον
3213 2599 3478 2668 εὕρασθαι

239 2709 316 2776 μὴ
367 2704 733 2772 καταθέμενόν
781 2716 835 2752 τι
889 2699 997 2750 τῶν
1035 2697 1198 2766 ἐντῷ
1231 2697 1414 2764 κόλπῳ
1480 2696 1514 2763 ἦ
1580 2695 1679 2763 τὴν
1732 2694 1870 2745 οῖκοι
1913 2693 2245 2761 ἀποδόμενον
2297 2689 2554 2743 δίπλακα.
2613 2690 2957 2758 Συνεμάχετο
2984 2691 3040 2740 δὲ
3081 2691 3161 2758 τῷ
3199 2692 3479 2756 παιδιογέ-

239 2816 386 2870 ροντι
419 2799 595 2866 τούτῳ
623 2795 760 2865 πρὸς
785 2795 846 2844 τὸ
873 2789 1286 2859 ὐπερφιλείσθαι
1326 2788 1480 2854 παρὰ
1507 2783 1601 2836 τοῦ
1674 2784 2074 2853 αὐτοκράτορος
2141 2785 2238 2836 καὶ
2302 2779 2384 2843 εἰς
2410 2783 2533 2835 ἀντὶ
2567 2784 2770 2845 παντὸς
2794 2782 3104 2849 λογίζεσθαι
3139 2785 3203 2836 τό
3256 2802 3313 2838 τε
3350 2782 3480 2856 ἦθος

241 2891 553 2958 σοφιστικὸν
647 2888 741 2939 καὶ
790 2885 1120 2954 εὐτράπελον
1171 2882 1229 2933 ὃν
1289 2882 1348 2931 ἐν
1402 2881 1515 2939 τοῖς
1600 2878 2051 2945 παρεμπίπτουσι
2105 2877 2397 2946 πράγμασι
2458 2879 2551 2927 καὶ¹
2613 2876 2675 2926 τὸ
2723 2876 3000 2937 πολυειδὲς
3071 2877 3330 2940 ὡσαύτως
3380 2878 3478 2946 τῆς

239 2985 461 3052 γνώμης
504 2982 598 3033 καὶ
631 2979 857 3047 ὐφαλον,
899 2978 1018 3028 επεὶ
1084 2975 1179 3026 καὶ
1236 2971 1537 3039 κατηγόρει
1583 2967 1759 3022 ταῦτα
1807 2971 1842 3037 ἡ
1881 2968 1987 3020 τῶν
2053 2968 2272 3038 ὀφρύων
2322 2966 2556 3036 γραμμὴ
2613 2967 2841 3034 συνεχὴς
2884 2970 3078 3033 φυείσα
3113 2971 3206 3019 καὶ
3239 2969 3402 3038 μηδέν
3429 2988 3480 3022 τι

244 3075 569 3143 μεταίχμιον
597 3073 816 3141 ἔχουσα.
859 3070 982 3121 Ἐπὶ
1019 3067 1182 3118 πλέον
1209 3063 1251 3114 δ’
1282 3062 1457 3113 ὲποίει
1525 3061 1686 3112 αὐτὸν
1751 3059 2070 3127 ἀγαπᾶσθαι
2099 3060 2189 3110 καὶ
2245 3058 2584 3110 οἰκειοῦσθαι
2617 3059 2648 3125 η
2677 3058 2787 3107 τῶν
2813 3057 3108 3125 διδομένων
3141 3058 3289 3126 αὐτῷ
3330 3061 3483 3128 παρά

239 3181 402 3219 τινων
428 3165 562 3232 πρὸς
589 3164 682 3214 τὸν
710 3160 932 3229 βασιλέα
969 3158 1226 3216 ἀπόδοσις
1269 3157 1363 3206 καὶ
1425 3154 1484 3204 τὸ
1547 3154 1846 3221 ἐμπορικὸν
1887 3151 2140 3220 φρόνημα
2202 3151 2296 3202 καὶ
2326 3153 2353 3201 ό
2399 3150 2771 3218 ὐπεράπειρος
2815 3148 3205 3216 λημματισμός
3231 3165 3244 3180 ·
3277 3152 3337 3200 οὐ
3375 3153 3482 3220 γὰρ

245 3264 404 3332 μόνον
437 3264 547 3321 τοῖς
596 3258 654 3321 εξ
707 3257 836 3326 ὕλης
887 3256 1000 3324 (59)
1038 3250 1632 3316 παντοίας.στατῆρσιν
1697 3247 2166 3315 ἐνσχολιευόμενος
2199 3247 2427 3315 ὐφεῖρπε
2473 3249 2563 3298 καὶ
2601 3244 2852 3312 ένήδρευε
2903 3246 3014 3304 τοῖς
3055 3247 3191 3312 πρὸς
3244 3245 3482 3315 δίαιταν,

244 3358 381 3409 ἀλλά
407 3355 498 3406 καὶ
527 3353 784 3412 ποτάνοις
812 3350 1069 3402 ενελύττα
1103 3347 1198 3397 καὶ
1225 3345 1467 3411 ὲνέχαινε
1494 3345 1692 3394 πέποσι
1756 3341 1850 3392 καὶ
1891 3340 2107 3407 σύμπαν
2175 3338 2303 3391 ἀλλο
2341 3338 2758 3408 περιειργάζετο
2805 3336 2901 3404 τῆς
2958 3338 3058 3407 γῆς
3107 3338 3306 3406 ὡραῖον
3353 3345 3483 3393 iam-

239 3452 290 3504 δι
298 3466 416 3520 μον.

315 3549 390 3606 ς’.
438 3541 578 3594 Ἀλλ’
615 3537 950 3592 επανακτέον
971 3537 1062 3588 τὸν
1092 3533 1250 3601 λόγον
1276 3533 1685 3603 εκτραπόμενον
1712 3529 1805 3581 τοῦ
1838 3537 1881 3592 c
1988 3524 2010 3576 θ

1789 3529 1805 3581 i
1838 3537 1881 3592 (ζ
1988 3524 2040 3576 6.
2101 3521 2205 3575 Sed
2257 3521 2324 3574 ad
2371 3523 2682 3576 institutum
2720 3523 3058 3578 redeundum
3089 3533 3195 3588 est,
3230 3535 3285 3578 et
3314 3528 3484 3580 multa

241 3635 420 3701 ιχνους
451 3630 534 3698 ἔφ’
561 3630 699 3697 ὅπερ
746 3627 1005 3697 ὥρμησεν
1058 3626 1116 3690 ἐξ
1171 3625 1365 3694 ἀρχῆς.
1397 3625 1475 3676 Τά
1503 3625 1546 3675 δ’
1577 3623 1659 3688 ἐφ’
1684 3623 1806 3672 ὅσον
1908 3633 1936 3669 e

1786 3638 1806 3671 ν
1908 3632 1975 3669 ex
2009 3629 2217 3683 paucus,
2254 3623 2314 3666 ut
2342 3613 2647 3681 imperator
2671 3614 2835 3684 579
2876 3616 2929 3668 in
2963 3616 3100 3670 urbe
3142 3633 3200 3671 se
3228 3623 3481 3688 gesserit.

241 3723 493 3790 ἑνεδήμει
537 3721 729 3788 χρόνον
778 3721 844 3786 τῇ
897 3716 1125 3785 βασιλίδι
1168 3714 1276 3766 τῶν
1319 3713 1526 3764 πόλεων
1579 3711 1681 3762 ὑπὸ
1715 3709 1808 3760 τοῦ
1909 3723 1936 3759 e

1789 3709 1808 3760 3
1909 3706 2398 3774 explicanda.Erat
2423 3708 2588 3774 igitur
2612 3706 2664 3758 in
2696 3707 2839 3760 victu
2872 3710 3403 3776 sumptuosissimus,
3427 3723 3484 3764 et

246 3814 510 3882 βασιλέως
541 3809 738 3862 τούτου
775 3808 1145 3876 πραττόμενα,
1182 3805 1256 3865 ὡς
1289 3804 1352 3854 ὲκ
1400 3800 1609 3853 πολλῶν
1656 3799 1811 3865 ὀλίγα
1911 3799 1941 3850 d

1787 3816 1811 3850 ι
1911 3799 1980 3850 de
2031 3797 2262 3850 ferculis
2308 3797 2685 3850 distribuebat
2719 3798 2786 3851 iis
2817 3799 2910 3866 qui
2944 3815 3149 3853 mensa:
3186 3791 3482 3856 astabant.

243 3905 441 3964 εἰπεῖν,
477 3899 674 3952 οὐτωσί
716 3914 832 3957 πως
883 3895 1292 3963 διετετράνωτο.
1317 3888 1424 3944 Ἦν
1459 3890 1551 3943 οὖν
1582 3893 1649 3941 τὰ
1683 3889 1811 3957 περὶ
1914 3889 1938 3941 h

1789 3889 1811 3940 ἱ
1914 3889 2154 3942 Mensam
2189 3889 2414 3941 omnino
2448 3888 2819 3941 Salomoniam
2866 3898 2961 3941 aut
2995 3889 3354 3959 Sybariticam
3385 3893 3483 3945 ha-

241 3993 343 4060 τὴν
399 3990 608 4041 δίαιταν
659 3989 687 4039 ό
731 3986 982 4052 βασιλεὺς
1010 3979 1165 4045 οὗτος
1198 3982 1656 4041 πολυτελέστατος
1718 3980 1811 4030 καὶ

246 4081 550 4142 διαδοτικὸς
583 4077 890 4147 βρωμάτων
952 4077 1062 4135 τοῖς
1112 4072 1479 4141 παρεστῶσιν.
1532 4065 1690 4138 Εἷχεν
1720 4065 1810 4120 οὖν

246 4169 488 4237 ἀτεχνῶς
544 4169 644 4235 τὴν
716 4163 996 4232 τράπεζαν
1071 4163 1500 4230 Σολομώντειον,
1563 4161 1654 4211 καὶ
1715 4161 1811 4219 τὰς

246 4260 478 4327 ἐσθῆτας
530 4257 604 4317 ὡς
660 4258 863 4316 ἐκεῖνος
898 4257 1242 4322 καινοφανεῖς
1301 4254 1630 4321 περιέκειτο,
1694 4248 1814 4318 βου-

244 4349 408 4412 νίζων
433 4349 531 4416 μὲν
561 4348 684 4410 τούς
717 4346 939 4414 ἄρτους,
973 4345 1181 4413 λόχμην
1209 4343 1265 4395 δὲ
1304 4343 1588 4394 κνωδάλων
1617 4341 1813 4409 ἰχθύων

246 4457 304 4492 τε
334 4439 646 4491 διάπλευσιν
676 4440 769 4489 καὶ
804 4438 997 4489 πόντον
1034 4438 1224 4488 οίνοπα
1261 4436 1472 4495 δεικνὺς
1498 4434 1594 4501 τὴν
1629 4434 1818 4485 ἑστία-

251 4549 357 4584 σιν.
417 4531 522 4583 Ναὶ
594 4531 700 4598 μὴν
756 4527 1112 4596 ἕτερημέροις
1174 4526 1467 4592 ὲνηυπάθει
1536 4525 1812 4592 λουτροῖς,

245 4621 588 4689 ὼσφραίνετό
627 4636 685 4672 τε
745 4617 1171 4686 μυρεψουμένων
1232 4615 1491 4678 εὐωδιῶν,
1553 4618 1646 4666 καὶ
1695 4617 1817 4675 ταῖς

249 4712 506 4769 στακταῖς
538 4708 910 4778 ἔρραντίςετο,
943 4706 1017 4767 ὡς
1049 4704 1300 4773 ὁμοίωμά
1336 4721 1395 4755 τε
1438 4704 1568 4756 ναοῦ
1607 4705 1817 4766 στολαῖς

249 4801 489 4866 ἐξάλλοις
536 4799 802 4850 ἐκέκαστο
851 4797 1356 4866 βοστρυχιζόμενος.
1424 4797 1815 4859 Ἐπιδεικτικός

1913 3966 2098 4042 ιιοίιιιι,
2133 3993 2189 4034 et
2221 3980 2374 4032 novis
2409 3989 2467 4030 ut
2495 3979 2584 4032 ille
2631 3979 2875 4031 vestibus
2907 3979 3156 4046 quotidie
3203 3983 3480 4045 utebatur;

1915 4087 2018 4124 nec
2045 4082 2163 4125 erat
2194 4072 2311 4139 ejus
2339 4071 2655 4124 convivium
2688 4071 2835 4123 aliud
2870 4086 3032 4138 quam
3068 4073 3224 4126 collis
3256 4089 3483 4140 panum,

1914 4164 2086 4216 saltus
2115 4164 2374 4225 ferarum,
2412 4163 2639 4230 piscium
2672 4178 2841 4224 male,
2869 4163 2978 4214 vini
3010 4177 3269 4217 oceanus.
3301 4164 3483 4218 Alter-

1916 4257 1999 4307 nis
2020 4255 2214 4307 diebus
2238 4255 2464 4307 lavacris
2480 4270 2537 4307 se
2562 4253 3102 4306 reﬁciebat.Pastillis
3119 4262 3173 4307 et
3189 4256 3482 4323 unguentis

1916 4348 2095 4398 omnis
2122 4350 2336 4414 generis
2382 4345 2657 4396 delibutus
2699 4344 2870 4396 instar
2916 4345 3142 4413 pavonis
3165 4346 3388 4413 superbi
3423 4363 3481 4399 se

1916 4436 2273 4500 ostentabat;
2316 4443 2372 4488 et
2429 4445 2487 4486 ut
2515 4449 2749 4502 sponsus
2787 4449 2817 4486 e
2859 4435 3095 4487 thalamo
3119 4446 3213 4488 aut
3237 4438 3394 4489 utsol
3415 4438 3483 4489 ab

1917 4524 2238 4587 0riente,ita
2260 4527 2373 4593 ipse
2391 4541 2420 4578 e
2440 4526 2637 4593 palatio
2654 4525 2898 4592 quotidie
2914 4526 3483 4593 prodibat.(.‘audebat

1919 4617 2128 4669 facetiis
2154 4627 2209 4669 et
2241 4616 2497 4668 mollibus
2525 4615 2830 4668 cantilenis.
2863 4615 3218 4679 Morionibus,
3247 4619 3479 4683 scurris,

1922 4706 2289 4759 histrionibus
2314 4745 2328 4766 ,
2357 4706 2640 4773 parasitis.
2673 4705 2854 4758 mimis
2880 4745 2894 4767 ,
2930 4707 3250 4762 cantoribus
3295 4710 3480 4775 palatii

1919 4798 2064 4851 fores
2096 4799 2376 4865 patebant;
2395 4812 2517 4848 cum
2543 4796 2745 4864 quibus
2778 4798 2939 4850 rebus
2959 4807 3014 4851 et
3037 4799 3354 4853 hominibus
3378 4803 3484 4853 uti-

246 4909 307 4943 τε
341 4887 410 4960 ῆν
437 4891 512 4952 ὼς
545 4887 689 4950 ταὼς
729 4891 757 4940 ὁ
796 4888 1124 4956 φιλόκοσμος
1155 4890 1250 4941 καὶ
1289 4890 1363 4958 μὴ
1398 4889 1495 4950 δὶς
1516 4890 1606 4940 τὸν
1653 4891 1816 4942 αὐτὸν
1846 4874 1892 4933 D
1923 4909 1941 4960 ς

1789 4907 1816 4940 ν
1846 4874 1892 4933 D
1923 4905 2030 4962 que
2060 4892 2257 4945 Bacchi
2282 4899 2338 4946 et
2369 4891 2597 4944 Veneris
2628 4892 3061 4960 intemperantia
3105 4894 3481 4962 conjungitur.

250 4984 450 5054 χιτῶνα
484 4982 924 5051 ενδιδυσκόμενος
971 4979 1160 5048 ὥσπερ
1217 4983 1280 5032 ὲκ
1330 4980 1537 5033 παστοῦ
1584 4983 1816 5050 νυμφίος

249 5076 347 5128 καὶ
377 5075 450 5134 ὡς
499 5075 564 5125 εκ
613 5073 806 5142 λίμνης
855 5073 1215 5143 περικαλλοῦς
1263 5073 1413 5142 ἥλιος
1466 5074 1658 5143 προῄει
1696 5074 1817 5126 καθ⁹

250 5167 489 5232 ἑκάστην
513 5163 621 5215 τῶν
661 5163 997 5229 ἀνακτόρων.
1045 5163 1263 5230 Χαίρων
1297 5161 1354 5214 δὲ
1395 5165 1516 5221 ταῖς
1547 5163 1816 5229 εὐτραπε-

251 5257 394 5316 λίαις
451 5259 552 5312 καὶ
589 5255 704 5315 τοῖς
762 5255 825 5304 ἑκ
878 5253 976 5321 τῆς
1032 5254 1245 5322 ἁπαλῆς
1300 5252 1524 5319 Μούσης
1577 5252 1815 5320 ᾄσμασιν

254 5345 633 5414 ἁλισκόμενος,
672 5346 1060 5416 ἔγερσιγέλωσί
1093 5363 1152 5398 τε
1174 5345 1575 5415 ἀνθρωπίσκοις
1601 5361 1816 5413 συμπα-

1923 4994 2232 5052 cazteraque
2253 4983 2456 5035 bonum
2489 4983 2608 5035 sani
2647 4983 2862 5050 imperii
2899 4994 3099 5036 statum
3132 4999 3486 5054 corrumpere

1923 5075 2101 5127 solita.
2159 5074 2293 5128 Cum
2348 5073 2642 5140 aliquando
2700 5074 2754 5126 in
2799 5088 2955 5127 coena
3004 5073 3109 5127 sibi
3154 5076 3258 5128 alia
3301 5078 3484 5128 atl'erri

1919 5167 2193 5233 jussisset,
2216 5169 2506 5219 mimorum
2532 5165 2679 5219 illius
2700 5166 2874 5218 aetatis
2898 5165 3299 5226 festivissimus,
3324 5165 3487 5233 580

1924 5267 2286 5322 cognomento
2312 5256 2598 5310 Calibures
2623 5295 2637 5317 .
2687 5265 2984 5323 compecto
3012 5265 3155 5308 caatu
3191 5255 3485 5308 mulierum

1925 5363 2018 5415 qui
2078 5349 2292 5402 ancillis
2342 5360 2398 5400 et
2449 5349 2696 5417 cognatis
2744 5348 3095 5418 imperatoris
3150 5349 3484 5403 constabat:

1529 5497 1700 5561 Hier.
1752 5503 1954 5564 Woliii
1998 5512 2183 5564 notua.

331 5649 444 5716 (59)
487 5650 569 5702 Οὐ
598 5647 708 5716 τὰρ
733 5648 924 5716 μόνον
961 5647 1085 5711 τοῖς
1119 5647 1188 5712 ἐξ
1212 5647 1386 5718 ὕλης.
1415 5649 1628 5716 Οὐγάρ
1654 5651 1816 5718 μόνον

255 5723 514 5789 χρήματα
539 5719 633 5771 καὶ
657 5719 845 5787 βλατία
875 5719 1196 5787 ελάμὸανεν,
1225 5717 1358 5772 ἀλλά
1383 5721 1474 5772 καὶ
1496 5717 1663 5790 ’ἐτεραί
1695 5721 1810 5790 είδη

578 5812 840 5872 Parnm.
889 5812 1002 5874 GR.
1055 5818 1370 5881 CXXXIX.

1925 5655 2116 5731 μικρά.
2161 5654 2275 5708 Non
2321 5660 2528 5731 tantum
2572 5652 2848 5721 pecuniam
2877 5661 2925 5707 et
2959 5660 3140 5718 vestes,
3177 5652 3270 5706 sed
3311 5653 3485 5707 ιιιίιιιιο

1919 5724 2053 5775 tioru
2075 5740 2277 5794 quoque
2296 5723 2598 5790 accipiebat.

3101 5811 3173 5873 Ξϋ
