4304 6354
235 403 344 464 813
1293 386 1393 446 DE
1434 378 1738 443 ISAACIO
1769 375 1935 436 ANG]

1770 374 2072 436 ANGELO
2107 374 2253 432 LIB.
2300 370 2412 430 lli.
3362 361 3470 423 8M

226 511 458 566 παθῶν·
514 507 634 568 ὅλος
692 504 800 574 γὰρ
868 502 1142 569 ἀνήρτητο
1206 498 1325 557 ταῖς
1385 493 1638 551 ἐλπίσιν,
1697 487 1802 545 ἕως
1832 492 1926 553 ΑΙ

1781 503 1802 545 ς
1832 492 1877 548 Α
1912 484 2217 554 peregrinis
2258 481 2503 536 donariis
2550 490 2606 534 et
2659 479 2853 532 alienis
2902 474 3244 532 ornamentis
3289 473 3476 542 splen-

224 603 440 655 ἐκεῖθεν
471 601 568 651 σὺν
597 596 735 664 δόλῳ
775 593 1062 662 ἀφῄρηκεν
1089 605 1103 619 ⁸
1135 587 1194 642 οὺ
1243 586 1352 655 γὰρ
1399 583 1683 642 ἀκίνδυνος
1729 574 1798 646 ἦν
1906 576 2182 628 desceret.

227 696 577 748 παντάπασιν
630 694 665 762 ή
707 659 996 758 ’προφανὴς
1049 681 1407 750 ἐπιχείρησις,
1486 674 1650 728 Ἀλλά
1703 672 1798 724 καὶ
1835 669 1934 731 τὰς
1991 668 2202 736 χαλκᾶς
2241 664 2417 726 πύλας
2481 666 2658 717 ἐκεῖσε
2694 662 3016 732 μετέθηκεν,
3055 660 3111 714 αῖ
3147 660 3339 730 πρώην
3377 659 3480 728 μέν

227 787 532 853 ἐπεζύγουν
561 757 665 836 τοῦ⁷
702 757 940 852 μεγάλου
989 776 1258 829 παλατίου
1305 775 1406 840 τὴν
1459 769 1664 822 εἴσοδον
1716 766 1924 834 εὐρεῖαι
1990 760 2152 813 οὖσαι
2221 760 2316 813 καὶ
2377 759 2626 826 ὕψισται,
2685 762 2742 822 ἐς
2793 759 2840 812 δ’
2899 760 3046 828 ἡμᾶς
3091 758 3194 829 τὴν
3254 757 3480 826 είρκτὴν

229 847 478 946 συνεῖχον
499 877 646 945 ἤπερ
679 847 738 939 ἐξ
766 872 948 926 αὐτῶν
985 869 1176 934 Χαλκῆ
1213 862 1653 929 κατωνόμασται.
1729 857 1837 908 Καὶ
1875 852 1968 904 τὸν
2015 853 2074 904 ἐν
2128 850 2452 912 ἀνακτόροις
2488 851 2836 918 περιώνυμον
2907 851 3034 904 ναὸν
3061 848 3124 914 ὃς
3176 850 3289 901 Nec:
3344 847 3483 918 μονὴ

227 975 615 1040 κικλήσκεται,
651 970 798 1022 θείου
835 965 1035 1025 παντὸς
1074 960 1306 1013 ἐπίπλου
1343 958 1436 1007 καὶ
1505 952 1650 1022 ίερού
1707 948 1936 1008 σκεύους
2014 946 2268 1015 ἐψίλωσε.
2331 947 2484 1000 Kcin“.
2533 946 2743 1006 τούτοις
2781 943 3238 1014 λαμπρυνόμενος
3277 939 3345 1014 ἦν
3390 943 3486 994 καὶ

228 1033 716 1137 θρυπτόμενοςώς
745 1061 807 1113 οὔ
846 1077 929 1121 τις
962 1058 1120 1118 ἀλλος
1150 1055 1238 1106 ἐπ’
1287 1053 1469 1122 ἔργοις
1504 1044 1839 1115 θαυμαστοῖς
1879 1042 2214 1137 ἀὸρυνόμενο
2250 1076 2265 1090 .
2316 1039 2474 1107 ’ῼετο
2540 1040 2650 1107 γὰρ
2689 1039 3003 1106 προσένεξιν
3051 1037 3148 1106 τήν
3197 1033 3485 1105 ἀφαίρεσιν

231 1130 328 1209 καὶ
398 1130 699 1225 πρόσθεσιν
759 1151 857 1219 τὴν
922 1150 1259 1218 μετάθεσιν*
1328 1142 1427 1211 τὴν
1488 1141 1595 1207 γὰρ
1657 1137 1817 1188 σκιὰν
1856 1131 2149 1203 προύκρινε
2207 1133 2303 1200 τῆς
2361 1132 2676 1193 είκόνο;,ού
2705 1132 2802 1197 τὴν
2829 1130 3200 1198 ἀγαθοεργίας
3231 1145 3490 1197 σκιαγρα-

230 1254 359 1319 φίαν
396 1223 490 1301 καὶ
516 1247 715 1318 μικρὸν
751 1244 784 1314 ἢ
818 1244 969 1297 οὐδὲν
1014 1240 1292 1309 φιλοθεϊας
1333 1235 1566 1303 ῖνδαλμα
1623 1231 1924 1293 σώζουσαν.
2010 1227 2148 1279 Ἀλλ’
2215 1227 2334 1279 οὐδὲ
2376 1228 2438 1276 τὸ
2494 1226 2636 1276 θεῖον
2678 1223 2864 1293 χολᾷν,
2929 1226 3140 1292 χαίρειν
3174 1223 3484 1291 δὲμᾶλλον,

228 1316 279 1396 εἰ
332 1337 486 1404 οὗτος
521 1316 650 1407 ἠμὲν
697 1336 886 1397 όνεὼς
919 1337 1018 1404 τῆς
1090 1332 1284 1402 πρώην
1337 1324 1656 1397 ἀχρειοῦται
1710 1323 2099 1389 λαμπρότητος
2155 1321 2236 1378 είς
2307 1317 2651 1367 ἐννόσσευσιν
2725 1316 2945 1384 πτηνῶν
3011 1317 3106 1368 καὶ
3165 1318 3486 1385 κατοίκησιν

227 1441 426 1509 ἐχίνων
482 1435 744 1504 ἐώμενος,
811 1427 1182 1498 ἐγκαινίζεται
1229 1425 1274 1477 δ’
1334 1424 1522 1492 ἐτερος
1579 1417 1809 1477 ὀθνείοις
1847 1415 2154 1482 κειμηλίοις
2199 1412 2292 1463 καὶ
2343 1413 2571 1476 κόσμοις
2604 1411 2908 1474 ἀλλοτρίοις
2966 1410 3413 1477 καταγλαῖζεται,

303 1559 387 1631 [Ρ.
419 1554 570 1625 284.]
604 1553 667 1617 ζ’.
703 1555 770 1605 Ὃ
802 1552 858 1603 δέ
897 1550 1103 1617 τόλμης
1141 1547 1411 1616 μετεῖχεν,
1449 1542 1536 1594 ἵνα
1571 1537 1809 1608 μετρίως
1840 1547 1881 1600 Β
1951 1535 2003 1631 ΔἸ

1784 1553 1809 1598 ς
1840 1547 1881 1600 Β
1983 1535 2034 1586 7.
2066 1533 2141 1587 Ea
2175 1547 2397 1601 quoque
2431 1531 2532 1584 fuit
2566 1529 2795 1583 audacia
2829 1536 2841 1598 (
2872 1549 2937 1583 ne
2984 1531 3116 1602 quid
3151 1534 3329 1586 dicam
3363 1549 3484 1601 gra—

229 1623 364 1718 γούν
392 1623 625 1716 εἴποιμι,
658 1644 866 1696 ἐκοίνου
899 1642 966 1693 τὰ
995 1640 1115 1710 ἱερά
1146 1635 1336 1702 σκεύη,
1369 1635 1477 1685 κάκ
1506 1632 1615 1684 τῶν
1651 1631 1809 1680 θείων
1910 1642 1929 1677 ι

1787 1643 1809 1676 ν
1910 1626 2055 1690 vius)
2078 1632 2300 1676 utsacra
2326 1639 2450 1676 vasa
2477 1623 3091 1691 profanaretcttemplis
3121 1625 3304 1678 avulsa
3336 1642 3487 1676 men-

232 1740 374 1792 αὐτά
404 1737 548 1788 ναῶν
575 1732 840 1788 ἀποσπῶν
873 1733 991 1790 ταῖς
1018 1725 1215 1780 ἐαυτοῦ
1250 1721 1552 1792 τραπέζαις
1588 1734 1812 1786 παρεισ-
1912 1730 1932 1766 ε

1789 1745 1812 1756 ο
1912 1715 1986 1767 sis
2009 1714 2125 1766 suis
2153 1712 2456 1765 adhiberet.
2487 1710 2542 1763 In
2567 1711 3061 1766 comessationibus
3086 1711 3244 1782 583
3268 1730 3486 1782 quoque

231 1831 454 1897 ἐφερεν.
495 1827 648 1893 Ὠχει
677 1824 734 1877 δέ
766 1823 997 1881 καὶτοῖς
1037 1815 1325 1876 δακτύλοις
1368 1814 1512 1868 κατά
1543 1812 1704 1861 πότον
1747 1813 1811 1859 τὰ
1912 1819 1931 1856 ε

1785 1813 1811 1859 ii
1912 1819 1978 1856 ex
2012 1802 2240 1871 gemmis
2289 1800 2549 1870 pretiosis
2579 1811 2634 1853 et
2667 1802 2840 1854 solido
2870 1818 3005 1855 auro
3042 1804 3276 1856 calicum
3315 1804 3485 1856 instar

233 1893 294 1974 ἐν
317 1893 506 1988 τάφοις
542 1916 810 1988 βασιλέων
844 1912 1141 1982 ῂωρημένα
1193 1903 1547 1972 κυπελλοε.δῆ
1580 1902 1654 1970 τῷ
1692 1897 1812 1965 Θεῷ
1915 1897 1933 1946 ί

1784 1897 1812 1965 ξ)
1915 1897 2054 1947 facta
2077 1894 2330 1958 donaria,
2355 1908 2477 1962 qua:
2507 1908 2672 1962 supra
2704 1893 3091 1962 imperatorum
3148 1897 3484 1952 monimenta

235 2013 588 2080 ἀναθήματα,
615 2011 680 2060 ἐκ
703 2006 867 2057 λίθων
887 2002 1173 2071 τιμαλφῶν
1196 2001 1289 2052 καὶ
1311 1997 1540 2067 χρυσίου
1565 1991 1812 2059 ἀπέφθου

235 2103 654 2171 ἐσκευασμένα,
688 2099 782 2150 καὶ
816 2099 896 2157 είς
933 2093 1167 2164 χέρνιϐα
1197 2091 1396 2159 χειρῶν
1428 2084 1670 2155 ὑδροχόοι
1719 2096 1814 2131 πε-

240 2197 554 2264 ριεφέροντο
607 2192 810 2259 ἄμαχοι
872 2187 934 2238 τὸ
996 2184 1192 2244 κάλλος
1248 2183 1342 2233 καὶ
1392 2179 1656 2245 ἄπληστοι
1708 2173 1812 2264 τὴν

1916 1985 2261 2052 pendebant,
2318 1984 2571 2036 manibus
2629 1984 3000 2049 versabat;et
3034 1986 3282 2052 pelvibus
3333 1987 3485 2039 insu-

1917 2075 2177 2144 perabilis
2208 2075 2515 2144 elegantize,
2550 2073 2752 2141 quibus
2783 2089 2840 2128 se
2870 2073 3072 2127 Levitze
3124 2084 3177 2128 et.
3228 2080 3485 2129 sacerdo-

1918 2177 2017 2228 tes,
2053 2183 2175 2220 cum
2210 2182 2366 2220 sacra
2396 2166 2650 2235 mysteria
2698 2175 2953 2228 tractant,
2993 2167 3256 2220 mundare
3286 2169 3484 2229 solent,

1917 2274 2015 2327 pro
2064 2257 2341 2310 mallnviis
2393 2258 2670 2310 utebatur.
2719 2257 3019 2311 Auferebat
3067 2260 3364 2326 particulas
3419 2261 3487 2314 de

237 2287 413 2354 ῶραν,
456 2279 534 2344 οἷς
565 2282 978 2350 ἀπομόργυνται
1022 2275 1246 2328 Λεὸῖται
1282 2272 1374 2324 καὶ
1408 2273 1449 2321 ίε
1463 2271 1570 2337 ρεῖς
1600 2265 1668 2317 τά
1699 2263 1815 2314 θεῖα

1918 2350 2251 2402 venerandis
2282 2350 2566 2412 crucibus,
2600 2351 2728 2403 item
2760 2358 3017 2402 ornatum
3069 2351 3289 2404 maximi
3324 2352 3486 2419 pretii

243 2378 519 2447 μετιόντες
555 2376 854 2443 μυστήρια.
905 2367 1182 2436 ’Δφαιρῶν
1227 2365 1284 2417 δέ
1330 2364 1425 2416 καὶ
1463 2359 1572 2414 ἀπὸ
1619 2355 1816 2447 τιμίων

241 2442 494 2537 σταυρῶν
532 2442 626 2516 καὶ
665 2463 888 2530 πτυχῶν
940 2458 1050 2511 τῶν
1100 2453 1397 2523 ἀκηράτων
1439 2446 1675 2520 Χριστοῦ
1731 2446 1818 2495 λο-
1918 2442 1941 2495 ι]

1787 2471 1818 2486 ι-
1918 2442 1988 2496 de
2020 2443 2420 2496 immortalibus
2460 2442 2663 2496 Christi
2694 2443 2930 2496 oraculis
2956 2484 2969 2505 ,
3025 2443 3201 2512 iisque
3235 2460 3334 2513 pro
3371 2460 3487 2497 mu-

237 2563 375 2629 γίων
405 2560 643 2626 κόσμους
674 2553 990 2613 πολυτελεῖς
1026 2549 1349 2618 περιδέραια
1393 2546 1487 2595 καὶ
1518 2539 1817 2610 στρεπτοὺς
1921 2548 1937 2584 1

1791 2553 1817 2597 ς
1921 2532 2128 2584 nilibus
2162 2540 2216 2584 et
2252 2532 2542 2599 torquibus
2575 2531 2832 2584 utebatur
2865 2552 2876 2584 :
2915 2530 3063 2598 ipsos
3095 2546 3226 2585 vero
3268 2532 3488 2584 codices

239 2621 451 2706 ἐτίθετο
479 2621 540 2712 ἐξ
567 2646 767 2707 αὐτῶν,
809 2647 904 2696 καὶ
947 2643 1174 2700 τούτους
1207 2633 1274 2690 αὖ
1306 2634 1446 2688 κατά
1471 2632 1535 2684 τὸ
1565 2628 1714 2696 αύτῷ
1737 2627 1821 2677 δο-
1921 2639 1939 2676 ε

1788 2645 1821 2675 ν-
1921 2624 2044 2676 aliis
2078 2623 2448 2690 imperatoriis
2479 2621 2656 2681 stolis,
2694 2637 2814 2689 qua:
2841 2621 2978 2675 nihil
3011 2621 3283 2678 haberent
3313 2625 3488 2677 adrni-

238 2743 370 2795 κοῡν
403 2739 753 2809 μεταϐάλλων
779 2735 996 2803 ἑτέραις
1023 2729 1326 2800 ἐνήρμοζεν
1352 2719 1819 2792 ἀπεριθαμδήτως
1923 2731 1938 2768 l

1786 2733 1819 2778 ις
1923 2717 2152 2768 rationis
2183 2754 2196 2776 ,
2235 2715 2565 2767 involvebat.
2601 2712 2666 2764 Et
2699 2714 2938 2782 graviter
2966 2713 3330 2769 succensebat
3362 2715 3428 2768 iis
3460 2733 3486 2767 a

241 2831 556 2902 βασιλικαῖς
603 2829 839 2887 στολαῖς.
898 2822 1039 2891 Πρὸς
1090 2821 1147 2872 δέ
1191 2819 1314 2878 τοὺς
1355 2815 1676 2879 εἰσάγοντας
1711 2824 1816 2902 πα-

1922 2807 2123 2874 quibus
2154 2805 2479 2857 monebatur
2512 2819 2575 2857 ea
2608 2805 2748 2857 facta
2783 2820 2894 2860 non
2921 2806 3178 2874 expedire
3232 2809 3487 2877 religiosi;

242 2895 498 2991 ραίφασιν
550 2916 624 2984 μὴ
672 2913 976 2982 συμφέρειν
1038 2907 1186 2973 αὐτῷ
1219 2905 1288 2957 τὰ
1333 2903 1594 2970 γινόμενα
1645 2895 1814 2991 ταῦτα
1843 2897 1936 2962 Ci

1786 2911 1814 2945 α
1843 2907 1885 2962 c
1921 2897 2262 2965 imperatOri,
2298 2895 2390 2964 qui
2436 2898 2694 2963 pietatem
2741 2913 2769 2949 a
2804 2898 3104 2966 majoribus
3164 2901 3486 2968 accepisset,

237 2985 484 3077 θεοφιλεῖ
521 3004 886 3072 αὐτοκράτορι
917 3000 1031 3050 ὄντι
1071 2997 1166 3048 καὶ
1195 2991 1403 3046 ἄνωθεν
1434 2992 1497 3040 ἐκ
1536 2985 1813 3077 προγόνων

238 3101 340 3169 τήν
370 3095 655 3150 εὐσέϐειαν
693 3088 1229 3144 ἐπικαταδαίνουσαν
1266 3082 1464 3152 ἔχοντι,
1500 3079 1593 3130 καὶ
1623 3075 1812 3126 θεοσυ-

241 3165 363 3244 λίαν
414 3185 554 3240 εἶναι
596 3184 850 3256 προφανῆ
891 3184 959 3233 τὰ
994 3182 1297 3247 γινόμενα,
1345 3171 1573 3240 σφοδρὸς
1627 3165 1690 3239 ῆν
1723 3166 1813 3217 καὶ⁸

243 3275 676 3350 παροξυντικδς,
749 3275 842 3326 καὶ
897 3270 1238 3335 ἐπέπληττεν
1303 3265 1377 3323 ὡς
1435 3257 1813 3350 ἀνοηταίνουσι

241 3374 528 3443 προδήλως
559 3371 654 3420 καὶ
680 3361 1084 3433 δυσπραγοῦσιν
1115 3357 1341 3423 ἄγνοιαν
1374 3350 1470 3402 τοῦ
1508 3346 1674 3401 καλοῦ
1702 3347 1814 3405 τοῖς

241 3437 390 3518 ούτω
405 3437 688 3530 φάσκουσι
707 3470 723 3486 ⁸
759 3455 937 3507 πάντα
968 3451 1077 3518 γὰρ
1104 3447 1300 3513 ἐξεῖναι
1328 3445 1440 3504 τοῖς
1472 3437 1812 3530 βασιλεύουσι

242 3559 419 3610 ποιεῖν
477 3533 787 3608 διετείνετο,
838 3545 933 3598 καὶ
979 3539 1116 3595 Θεοῦ
1160 3540 1255 3591 καὶ
1302 3537 1538 3594 ἀνακτος
1584 3530 1725 3583 κατὰ
1753 3526 1814 3578 τὸ

241 3649 437 3715 ἄρχειν
465 3642 575 3694 τῶν
606 3638 861 3706 ἐπιγείων
905 3635 978 3704 μὴ
998 3634 1074 3695 ώς
1099 3630 1301 3683 ἐπίπαν
1333 3622 1474 3677 εῖναι
1506 3623 1565 3676 τὸ
1589 3617 1814 3715 Stas-ub:

240 3707 564 3803 ἀσύμὸατον
617 3728 711 3781 καὶ
743 3724 1042 3785 ἀντίθετον,
1092 3719 1168 3781 ὡς
1207 3718 1277 3786 τῇ
1318 3714 1629 3803 καταφάσει
1661 3707 1814 3803 *ἀπό-

245 3798 439 3894 φασῖις.
468 3818 740 3876 Συνιστῶν
773 3817 830 3868 δέ
864 3815 937 3876 ὡς
962 3811 1125 3880 δῆθεν
1161 3803 1396 3877 ἀμεμφῆ
1425 3803 1520 3894 καὶ
1546 3798 1814 3894 ἀνεύθυνα

243 3889 313 3968 τὰ
341 3912 634 3981 γινόμενα,
672 3908 922 3975 παρῆγεν
961 3905 1042 3963 είς
1066 3899 1418 3969 παράδειγμα
1449 3893 1540 3944 τὸν
1574 3893 1632 3943 ἐν
1664 3889 1815 3958 βασι-

244 4007 397 4058 λεῦσι
448 4002 792 4072 Χριστιανοῖς
841 3996 1149 4065 πρώτιστον
1188 3992 1282 4043 καὶ
1327 3987 1617 4057 κράτιστον
1661 3984 1814 4034 Κων·

246 4100 546 4159 σταντῖνον,
591 4094 682 4144 τὸν
721 4091 818 4160 μὶν
865 4089 972 4141 τῶν
1019 4087 1166 4156 ἥλων
1195 4085 1265 4135 δι’
1294 4077 1368 4134 ὧν
1399 4081 1426 4132 ὁ
1462 4077 1663 4143 Κύριος
1715 4075 1813 4142 τῆς

243 4189 402 4255 δόξης
429 4185 506 4254 τῷ
537 4184 679 4252 ξύλῳ
718 4182 819 4249 τῆς
862 4179 1108 4247 κατάρας
1141 4173 1463 4245 προσήλωτο
1493 4171 1571 4240 τῷ
1613 4167 1814 4236 ἱππείῳ

243 4278 448 4352 χαλινῷ
502 4272 978 4333 πατταλεύσαντα,
1015 4269 1108 4320 τὸν
1146 4267 1200 4319 δὲ
1250 4268 1318 4333 τῇ
1372 4262 1563 4331 κόρυθι
1610 4259 1816 4352 ἐνερείῖ

245 4348 436 4425 σαντα.
471 4368 574 4419 Τὸν
619 4366 678 4417 δέ
724 4363 926 4415 σκοπὸν
970 4357 1114 4411 ἐκὼν
1150 4353 1522 4424 παρεὸλέπετο
1544 4390 1559 4414 ,
1605 4349 1671 4403 δι’
1699 4348 1757 4398 ὃν
1788 4348 1816 4398 ό

242 4468 339 4531 τῆς
379 4461 617 4520 πίστεως
660 4454 900 4526 ἀρχηγὸς
934 4449 1073 4514 ἀναξ
1101 4449 1222 4510 ταῖς
1265 4442 1540 4503 τοιαύταις
1594 4439 1815 4492 ἐνεκαλ-

1923 3002 2025 3041 nec
2055 2987 2200 3039 aliud
2235 3000 2352 3040 esse
2379 3001 2539 3054 quam
2573 2987 2953 3056 sacrilegium;
2988 3005 3190 3058 eosque
3225 3001 3282 3044 ut
3315 3007 3492 3044 mam-

1919 3076 2059 3129 feste
2088 3077 2291 3127 deliros
2318 3084 2373 3127 et
2412 3075 2712 3128 honestatis
2738 3077 2955 3144 ignaros
2982 3079 3245 3146 arguebat
3281 3098 3294 3134 :
3323 3080 3489 3138 licere

1919 3168 2066 3221 enim
2101 3165 2523 3233 imperatoribus
2549 3168 2770 3228 omnia;
2805 3179 2859 3220 et
2889 3170 3031 3222 inter
3076 3170 3243 3224 Deum
3300 3182 3356 3226 et
3406 3189 3492 3228 re-

1921 3273 2066 3326 gem,
2114 3257 2260 3325 quod
2315 3257 2380 3309 ad
2438 3265 2779 3310 terrenarum
2814 3275 2998 3313 rerum
3034 3263 3487 3329 gubernationem

1921 3351 2200 3409 attineret,
2241 3362 2350 3400 non
2387 3363 2508 3401 eam
2537 3365 2655 3401 esse
2691 3353 3106 3419 repugnantiam
3135 3371 3256 3422 qua:
3287 3358 3355 3411 sit
3399 3359 3486 3411 in-

1923 3451 2007 3494 ter
2039 3439 2385 3508 negationem
2436 3449 2492 3492 et
2541 3439 2954 3494 aiﬁrmationem
2984 3445 3371 3501 contendebat.
3404 3450 3483 3502 Ac

1923 3539 1983 3582 ut
2010 3532 2272 3599 probaret
2301 3529 2512 3583 scilicet
2540 3545 2598 3584 se
2629 3545 2695 3584 eo
2730 3532 2951 3585 nomine
2998 3549 3107 3587 non
3143 3550 3265 3589 esse
3294 3553 3485 3606 repre.

1922 3624 2276 3677 hendendum
2334 3622 2498 3691 primi
2553 3630 2609 3676 et
2668 3623 2869 3676 summi
2930 3624 3074 3678 inter
3139 3626 3488 3684 Christianos

1922 3715 2270 3782 imperatoris
2298 3712 2647 3766 Constantini
2695 3715 3005 3781 exemplum
3039 3715 3203 3788 584,
3246 3720 3489 3775 adduce.

1921 3804 2035 3866 bat,
2059 3803 2151 3871 qui
2177 3803 2410 3856 alterum
2441 3803 2680 3866 clavum,
2709 3803 2911 3870 quibus
2928 3805 3197 3873 gloriosus
3221 3806 3488 3866 Dominus

1919 3894 2244 3948 exsecrabili
2280 3893 2432 3947 cruci
2459 3894 2563 3947 fuit
2595 3893 2805 3957 allixus,
2822 3895 2977 3949 freno
3001 3897 3127 3969 equi
3160 3899 3481 3964 inseruerit,

1921 3986 2152 4038 alterum
2201 3984 2365 4053 galea:
2399 3984 2659 4040 inﬁxerit.
2697 3983 2804 4038 Sed
2841 3999 3062 4042 causam
3110 3987 3178 4042 de
3215 3989 3481 4044 industria

1921 4076 2338 4138 dissimulabat,
2386 4090 2483 4127 cur
2521 4075 2850 4132 Christiana:
2898 4079 3180 4147 religionis
3231 4082 3489 4150 princeps

1921 4166 2184 4233 ejusmodi
2235 4167 2398 4218 rebus
2431 4180 2489 4219 se
2519 4167 2751 4230 ornarit,
2799 4177 2857 4220 ut
2909 4168 3166 4224 videlicet
3190 4173 3487 4240 gentilibus

1923 4259 2242 4312 ostenderet
2303 4259 2743 4328 praedicationem
2805 4263 2984 4315 crucis
3058 4277 3180 4316 esse
3241 4264 3486 4320 divinant

1923 4349 2268 4414 potentiam,
2326 4363 2488 4416 quant
2539 4349 2642 4416 ipsi
2703 4359 2762 4402 ut
2814 4352 3150 4405 dementiam
3220 4369 3486 4422 asperna-

1922 4440 2145 4491 bantur.

243 4556 513 4619 λωπίζετο
539 4551 794 4623 πράξεσι,
825 4549 1053 4617 δύναμιν
1113 4542 1395 4611 θειοτέραν
1466 4537 1561 4589 τὸν
1620 4535 1716 4587 τοῦ
1760 4533 1995 4606 σταυροῦ
2036 4532 2193 4600 λόγον
2223 4532 2434 4594 δεικνὺς
2481 4534 2592 4595 τοῖς
2648 4533 2876 4603 Ἕλλησι
2923 4536 3016 4588 καὶ
3088 4536 3391 4604 τιθέμενος,
3439 4541 3489 4594 οἳ

247 4650 460 4719 μωρίαν
491 4647 554 4698 τὸ
581 4646 845 4713 κήρυγμα
869 4641 1098 4710 ἥγηντο.

327 4769 494 4822 Ἀλλά
537 4766 633 4818 καὶ
679 4763 742 4816 τὸ
768 4761 1031 4832 ἀργύριον
1067 4757 1425 4827 κιδδηλεύσας
1450 4753 1708 4821 ἀδόκιμον
1756 4751 1818 4805 τὸ

245 4861 493 4928 νόμισμα
538 4857 772 4921 κέκοφε,
807 4851 899 4906 καὶ
945 4851 1044 4920 τὴν
1071 4848 1178 4901 τῶν
1224 4847 1524 4916 χρημάτων
1554 4843 1817 4911 συλλογὴν

242 4956 345 5007 ούκ
381 4950 714 5018 ἀνέγκλητον
741 4948 978 4999 ἐποιεῖτο
1006 4942 1345 5001 παντάπασι,
1377 4937 1474 4998 τάς
1503 4953 1562 4993 τε
1585 4936 1694 4988 τῶν
1715 4936 1814 5002 δη-

248 5043 455 5113 μοσίων
491 5041 673 5107 φόρων
725 5035 1045 5105 εἰσπράξεις
1099 5031 1366 5090 ἐπέτεινε,
1410 5028 1504 5081 καὶ
1554 5026 1683 5094 περ)⁸
1719 5024 1816 5092 τὴν

241 5151 447 5185 τουτων
476 5133 782 5198 ἀπόχρησιν
815 5125 1142 5196 ησωτεύετο.
1177 5123 1287 5174 Καὶ
1311 5121 1408 5180 τὰς
1440 5117 1614 5186 ἀρχὰς
1649 5114 1816 5185 προύσ-

244 5222 440 5274 6αλλεν
490 5222 567 5280 είς
623 5215 885 5284 ἐξώνησιν
936 5214 1012 5276 ώς
1065 5212 1161 5271 τὰς
1185 5208 1408 5277 ὀπώρας
1447 5209 1495 5259 oi
1547 5207 1813 5274 ἀγοραῖοι.

258 5313 461 5364 Ἐνίοτε
507 5310 563 5361 δέ
600 5311 693 5360 καὶ
738 5307 869 5375 ἀτερ
918 5302 1202 5373 βαλαντίου
1239 5301 1333 5354 καὶ
1375 5300 1556 5367 πήρας
1586 5298 1817 5348 ἀποστο-

241 5402 410 5462 λικῶς
443 5402 521 5461 είς
555 5399 650 5460 τὰς
694 5396 960 5465 ἐπαρχίας
991 5393 1304 5460 ἐξέπεμπεν
1345 5389 1434 5450 οὓς
1470 5387 1589 5456 ᾔδει
1626 5385 1817 5455 μερίδα

238 5495 320 5562 τῷ
370 5493 562 5558 δικαίῳ
604 5489 842 5549 διδόντας
883 5486 978 5537 καὶ
1029 5480 1536 5551 ἀκαταγοητεύτους
1585 5476 1814 5546 χρυσίῳ,

245 5580 370 5647 μηδ’
396 5580 536 5630 οἴκοι
555 5577 942 5638 ’καταϐύοντας
970 5575 1149 5626 πάντα
1175 5575 1242 5622 τά
1267 5568 1655 5636 συλλεγόμενα,
1680 5566 1816 5618 ἀλλὰ

242 5675 338 5724 καὶ
362 5670 440 5741 τῷ
463 5668 709 5738 δημοσίῳ
734 5667 946 5736 ταμείῳ
976 5662 1436 5732 κατατιθεμένους
1480 5661 1540 5712 τὸ
1565 5658 1810 5728 ἐφάρμο-

242 5762 370 5814 στ’ον
398 5759 640 5829 ὄφλημα.
673 5757 840 5820 Ναοῖς
873 5756 928 5809 δὲ
963 5757 1058 5809 καί
1084 5754 1340 5827 τεμένεσι
1375 5751 1471 5804 καὶ
1502 5749 1812 5821 εὐκτηρίοις

1981 4749 2308 4817 Argenteam
2333 4755 2606 4800 monetam
2627 4743 2983 4810 adulteravit,
3002 4761 3180 4818 neque
3197 4749 3484 4818 pecuniam

1914 4840 2077 4908 plane
2122 4839 2258 4892 citra
2309 4836 2794 4906 reprehensionem
2838 4837 3080 4906 collegit.
3134 4839 3486 4893 Publicorum

1913 4930 2262 4999 vectigalium
2310 4928 2622 4982 exactiones
2654 4928 2827 4993 auxit,
2858 4929 3061 4996 quibus
3092 4929 3160 4983 ad
3185 4929 3370 4983 luxum
3402 4945 3488 4986 est

1915 5020 2514 5088 abusus.Magistratus,
2543 5030 2604 5071 ut
2629 5019 3055 5074 circumforanei
3092 5035 3273 5090 poma,
3319 5036 3488 5075 vena-

1916 5113 1998 5165 les
2029 5112 2219 5164 habuit
2248 5129 2261 5174 ;
2312 5125 2518 5178 eosque
2551 5125 2964 5178 nonnumquam
2991 5112 3295 5180 apostolico
3334 5127 3486 5168 more

1921 5205 2040 5258 sine
2077 5218 2235 5256 sacco
2286 5211 2341 5254 et
2386 5216 2650 5254 crumena
2700 5202 2754 5254 in
2811 5202 3123 5270 provincias
3173 5203 3482 5271 ablegabat,

1919 5309 2061 5360 quos
2089 5294 2363 5361 atquitatis
2389 5293 2656 5346 rationem
2690 5292 2931 5360 aliquam
2965 5293 3190 5356 habere,
3223 5306 3325 5346 nec
3350 5308 3485 5346 auro

1920 5382 2123 5450 decipi,
2157 5397 2257 5434 nec
2307 5380 2569 5448 quicquid
2605 5380 2956 5449 collegissent
2981 5380 3129 5434 domi
3158 5378 3483 5434 abstrudere

1920 5483 2098 5534 norat,
2137 5473 2230 5524 sed
2268 5471 2414 5538 quod
2441 5471 2572 5524 lisco
2595 5470 2890 5524 deberetur
2914 5470 3052 5523 bona
3087 5469 3191 5522 ﬁde
3219 5469 3485 5534 pendere.

1920 5564 2126 5618 Tamen
2157 5564 2484 5617 liberalitate
2517 5564 2570 5615 in
2601 5562 2801 5631 templa
2847 5571 2904 5615 et
2950 5562 3283 5615 monasteria
3317 5576 3484 5628 supc-

1918 5656 2094 5709 riores
2126 5656 2485 5716 imperatores
2512 5670 2703 5708 omnes
2734 5653 3032 5722 superavit.
3067 5653 3200 5707 Nam
3235 5663 3484 5719 tempore

1918 5749 2143 5803 ruinosa
2193 5747 2458 5811 sull‘ulsit,
2489 5754 2763 5802 vetustate
2804 5747 3105 5800 deformata
3139 5747 3489 5804 incruStatiuv
