  <div class='ocr_page' id='page_1' title='image "/cluster/home/n/w/nwhite01/storage/ocr_20150623/139/nnc1.0046979840/425.png"; bbox 0 0 4304 6354; ppageno 0'>
   <div class='ocr_carea' id='block_1_1' title="bbox 776 383 886 444">
    <p class='ocr_par' dir='ltr' id='par_1_1' title="bbox 776 383 886 444">
     <span class='ocr_line' id='line_1_1' title="bbox 776 383 886 444; baseline -0.018 0"><span class='ocrx_word' id='word_1_1' title='bbox 776 383 886 444; x_wconf 71' lang='lat'><strong>815</strong></span> 
     </span>
    </p>
   </div>
   <div class='ocr_carea' id='block_1_2' title="bbox 2005 371 2742 432">
    <p class='ocr_par' dir='ltr' id='par_1_2' title="bbox 2005 371 2742 432">
     <span class='ocr_line' id='line_1_2' title="bbox 2005 371 2742 432; baseline 0 -1"><span class='ocrx_word' id='word_1_2' title='bbox 2005 373 2300 432; x_wconf 77' lang='lat' dir='ltr'><strong>NlCET/E</strong></span> <span class='ocrx_word' id='word_1_3' title='bbox 2339 371 2742 432; x_wconf 69' lang='lat' dir='ltr'><strong>CHONIA&#39;IVE</strong></span> 
     </span>
    </p>
   </div>
   <div class='ocr_carea' id='block_1_3' title="bbox 3928 367 4034 431">
    <p class='ocr_par' dir='ltr' id='par_1_3' title="bbox 3928 367 4034 431">
     <span class='ocr_line' id='line_1_3' title="bbox 3928 367 4034 431; baseline 0 -1"><span class='ocrx_word' id='word_1_4' title='bbox 3928 367 4034 431; x_wconf 71' lang='lat'><strong>816</strong></span> 
     </span>
    </p>
   </div>
   <div class='ocr_carea' id='block_1_4' title="bbox 784 477 2484 560">
    <p class='ocr_par' dir='ltr' id='par_1_4' title="bbox 784 483 2484 560">
     <span class='ocr_line' id='line_1_4' title="bbox 784 483 2484 560; baseline -0.008 -12"><span class='ocrx_word' id='word_1_5' title='bbox 784 493 952 549; x_wconf 78' lang='lat' dir='ltr'><strong>nibus</strong></span> <span class='ocrx_word' id='word_1_6' title='bbox 982 497 1037 545; x_wconf 89' lang='lat' dir='ltr'><strong>et</strong></span> <span class='ocrx_word' id='word_1_7' title='bbox 1072 489 1302 560; x_wconf 81' lang='lat' dir='ltr'><strong>picturis</strong></span> <span class='ocrx_word' id='word_1_8' title='bbox 1338 483 1655 538; x_wconf 80' lang='lat' dir='ltr'><strong>illustravit.</strong></span> <span class='ocrx_word' id='word_1_9' title='bbox 1697 484 1792 536; x_wconf 78' lang='lat' dir='ltr'><strong>Dei</strong></span> <span class='ocrx_word' id='word_1_10' title='bbox 1839 483 2178 536; x_wconf 85' lang='lat' dir='ltr'><strong>Genitricem</strong></span> <span class='ocrx_word' id='word_1_11' title='bbox 2210 493 2356 536; x_wconf 80' lang='lat' dir='ltr'><strong>tanta</strong></span> <span class='ocrx_word' id='word_1_12' title='bbox 2389 494 2428 545; x_wconf 75' lang='grc' dir='ltr'>Α</span> <span class='ocrx_word' id='word_1_13' title='bbox 2460 501 2484 534; x_wconf 85' lang='grc' dir='ltr'>ο</span> 
     </span>
    </p>
   </div>
   <div class='ocr_carea' id='block_1_5' title="bbox 2335 477 4035 560">
    <p class='ocr_par' dir='ltr' id='par_1_5' title="bbox 2335 477 4035 551">
     <span class='ocr_line' id='line_1_5' title="bbox 2335 477 4035 551; baseline 0.001 -17"><span class='ocrx_word' id='word_1_14' title='bbox 2335 497 2356 534; x_wconf 82' lang='lat' dir='ltr'><strong>tt</strong></span> <span class='ocrx_word' id='word_1_15' title='bbox 2389 494 2428 545; x_wconf 76' lang='grc' dir='ltr'>Α</span> <span class='ocrx_word' id='word_1_16' title='bbox 2460 483 2629 542; x_wconf 78' lang='grc' dir='ltr'><strong>οἴκοις</strong></span> <span class='ocrx_word' id='word_1_17' title='bbox 2673 484 2769 535; x_wconf 73' lang='grc' dir='ltr'><strong>καὶ</strong></span> <span class='ocrx_word' id='word_1_18' title='bbox 2801 483 2966 551; x_wconf 86' lang='grc' dir='ltr'><strong>ίεροῖς</strong></span> <span class='ocrx_word' id='word_1_19' title='bbox 3013 480 3473 551; x_wconf 82' lang='grc' dir='ltr'><strong>φροντιστηρίοις,</strong></span> <span class='ocrx_word' id='word_1_20' title='bbox 3523 480 3601 542; x_wconf 82' lang='grc' dir='ltr'><strong>ὼς</strong></span> <span class='ocrx_word' id='word_1_21' title='bbox 3633 477 3695 532; x_wconf 78' lang='grc' dir='ltr'><strong>οὔ</strong></span> <span class='ocrx_word' id='word_1_22' title='bbox 3722 496 3806 543; x_wconf 86' lang='grc' dir='ltr'><strong>τις</strong></span> <span class='ocrx_word' id='word_1_23' title='bbox 3836 484 4035 550; x_wconf 77' lang='grc' dir='ltr'><strong>πρότε-</strong></span> 
     </span>
    </p>
   </div>
   <div class='ocr_carea' id='block_1_6' title="bbox 784 573 2359 646">
    <p class='ocr_par' dir='ltr' id='par_1_6' title="bbox 784 573 2359 646">
     <span class='ocr_line' id='line_1_6' title="bbox 784 573 2359 646; baseline -0.01 -8"><span class='ocrx_word' id='word_1_24' title='bbox 784 583 1141 640; x_wconf 84' lang='lat' dir='ltr'><strong>veneratione</strong></span> <span class='ocrx_word' id='word_1_25' title='bbox 1165 579 1335 634; x_wconf 86' lang='lat' dir='ltr'><strong>coluit</strong></span> <span class='ocrx_word' id='word_1_26' title='bbox 1366 575 1526 646; x_wconf 77' lang='lat'><strong>585</strong></span> <span class='ocrx_word' id='word_1_27' title='bbox 1552 583 1607 629; x_wconf 82' lang='lat' dir='ltr'><strong>ut</strong></span> <span class='ocrx_word' id='word_1_28' title='bbox 1643 574 1709 628; x_wconf 92' lang='lat' dir='ltr'><strong>ad</strong></span> <span class='ocrx_word' id='word_1_29' title='bbox 1735 576 1853 644; x_wconf 87' lang='lat' dir='ltr'><strong>ejus</strong></span> <span class='ocrx_word' id='word_1_30' title='bbox 1884 573 2152 642; x_wconf 87' lang='lat' dir='ltr'><strong>imagines</strong></span> <span class='ocrx_word' id='word_1_31' title='bbox 2174 575 2359 624; x_wconf 91' lang='lat' dir='ltr'><strong>animo</strong></span> 
     </span>
    </p>
   </div>
   <div class='ocr_carea' id='block_1_7' title="bbox 787 666 2356 745">
    <p class='ocr_par' dir='ltr' id='par_1_7' title="bbox 787 666 2356 745">
     <span class='ocr_line' id='line_1_7' title="bbox 787 666 2356 745; baseline -0.011 -15"><span class='ocrx_word' id='word_1_32' title='bbox 787 691 927 745; x_wconf 89' lang='lat' dir='ltr'><strong>pene</strong></span> <span class='ocrx_word' id='word_1_33' title='bbox 962 675 1344 740; x_wconf 73' lang='lat' dir='ltr'><strong>linqueretur;</strong></span> <span class='ocrx_word' id='word_1_34' title='bbox 1385 669 1617 734; x_wconf 87' lang='lat' dir='ltr'><strong>ideoque</strong></span> <span class='ocrx_word' id='word_1_35' title='bbox 1651 666 1914 734; x_wconf 90' lang='lat' dir='ltr'><strong>plurimas</strong></span> <span class='ocrx_word' id='word_1_36' title='bbox 1940 678 2082 714; x_wconf 83' lang='lat' dir='ltr'><strong>auro</strong></span> <span class='ocrx_word' id='word_1_37' title='bbox 2117 672 2174 714; x_wconf 92' lang='lat' dir='ltr'><strong>et</strong></span> <span class='ocrx_word' id='word_1_38' title='bbox 2204 675 2356 730; x_wconf 90' lang='lat' dir='ltr'><strong>gem-</strong></span> 
     </span>
    </p>
   </div>
   <div class='ocr_carea' id='block_1_8' title="bbox 791 752 2356 820">
    <p class='ocr_par' dir='ltr' id='par_1_8' title="bbox 791 752 2356 820">
     <span class='ocr_line' id='line_1_8' title="bbox 791 752 2356 820; baseline -0.012 0"><span class='ocrx_word' id='word_1_39' title='bbox 791 768 896 820; x_wconf 89' lang='lat' dir='ltr'><strong>mis</strong></span> <span class='ocrx_word' id='word_1_40' title='bbox 923 772 1146 819; x_wconf 88' lang='lat' dir='ltr'><strong>ornatas</strong></span> <span class='ocrx_word' id='word_1_41' title='bbox 1174 763 1227 813; x_wconf 92' lang='lat' dir='ltr'><strong>in</strong></span> <span class='ocrx_word' id='word_1_42' title='bbox 1260 761 1328 813; x_wconf 91' lang='lat' dir='ltr'><strong>iis</strong></span> <span class='ocrx_word' id='word_1_43' title='bbox 1357 759 1495 812; x_wconf 76' lang='lat' dir='ltr'><strong>lanis</strong></span> <span class='ocrx_word' id='word_1_44' title='bbox 1522 755 1787 808; x_wconf 82' lang='lat' dir='ltr'><strong>adorandi</strong></span> <span class='ocrx_word' id='word_1_45' title='bbox 1845 769 2007 806; x_wconf 81' lang='lat' dir='ltr'><strong>causa</strong></span> <span class='ocrx_word' id='word_1_46' title='bbox 2062 752 2356 816; x_wconf 86' lang='lat' dir='ltr'><strong>dedicavit,</strong></span> 
     </span>
    </p>
   </div>
   <div class='ocr_carea' id='block_1_9' title="bbox 788 842 2360 922">
    <p class='ocr_par' dir='ltr' id='par_1_9' title="bbox 788 842 2360 922">
     <span class='ocr_line' id='line_1_9' title="bbox 788 842 2360 922; baseline -0.013 -11"><span class='ocrx_word' id='word_1_47' title='bbox 788 858 879 911; x_wconf 91' lang='lat' dir='ltr'><strong>ubi</strong></span> <span class='ocrx_word' id='word_1_48' title='bbox 936 851 1417 922; x_wconf 78' lang='lat' dir='ltr'><strong>frequentissimus</strong></span> <span class='ocrx_word' id='word_1_49' title='bbox 1469 856 1589 899; x_wconf 87' lang='lat' dir='ltr'><strong>erat</strong></span> <span class='ocrx_word' id='word_1_50' title='bbox 1633 847 1848 914; x_wconf 90' lang='lat' dir='ltr'><strong>piorum</strong></span> <span class='ocrx_word' id='word_1_51' title='bbox 1888 842 2171 895; x_wconf 84' lang='lat' dir='ltr'><strong>hominum</strong></span> <span class='ocrx_word' id='word_1_52' title='bbox 2229 857 2360 894; x_wconf 84' lang='lat' dir='ltr'><strong>con-</strong></span> 
     </span>
    </p>
   </div>
   <div class='ocr_carea' id='block_1_10' title="bbox 787 932 2360 1000">
    <p class='ocr_par' dir='ltr' id='par_1_10' title="bbox 787 932 2360 1000">
     <span class='ocr_line' id='line_1_10' title="bbox 787 932 2360 1000; baseline -0.011 -1"><span class='ocrx_word' id='word_1_53' title='bbox 787 960 1004 1000; x_wconf 87' lang='lat' dir='ltr'><strong>cursus.</strong></span> <span class='ocrx_word' id='word_1_54' title='bbox 1056 943 1287 996; x_wconf 91' lang='lat' dir='ltr'><strong>Domum</strong></span> <span class='ocrx_word' id='word_1_55' title='bbox 1344 938 1534 990; x_wconf 87' lang='lat' dir='ltr'><strong>lsaacii</strong></span> <span class='ocrx_word' id='word_1_56' title='bbox 1583 932 2037 988; x_wconf 84' lang='lat' dir='ltr'><strong>sebastocraloris</strong></span> <span class='ocrx_word' id='word_1_57' title='bbox 2087 932 2142 983; x_wconf 90' lang='lat' dir='ltr'><strong>in</strong></span> <span class='ocrx_word' id='word_1_58' title='bbox 2188 932 2360 983; x_wconf 87' lang='lat' dir='ltr'><strong>ardua</strong></span> 
     </span>
    </p>
   </div>
   <div class='ocr_carea' id='block_1_11' title="bbox 789 1023 2364 1106">
    <p class='ocr_par' dir='ltr' id='par_1_11' title="bbox 789 1023 2364 1106">
     <span class='ocr_line' id='line_1_11' title="bbox 789 1023 2364 1106; baseline -0.012 -15"><span class='ocrx_word' id='word_1_59' title='bbox 789 1045 944 1106; x_wconf 90' lang='lat' dir='ltr'><strong>parte</strong></span> <span class='ocrx_word' id='word_1_60' title='bbox 977 1031 1239 1102; x_wconf 80' lang='lat' dir='ltr'><strong>Sophiani</strong></span> <span class='ocrx_word' id='word_1_61' title='bbox 1278 1038 1468 1099; x_wconf 89' lang='lat' dir='ltr'><strong>portus</strong></span> <span class='ocrx_word' id='word_1_62' title='bbox 1494 1027 1653 1082; x_wconf 89' lang='lat' dir='ltr'><strong>sitam</strong></span> <span class='ocrx_word' id='word_1_63' title='bbox 1674 1027 1738 1078; x_wconf 90' lang='lat' dir='ltr'><strong>.in</strong></span> <span class='ocrx_word' id='word_1_64' title='bbox 1775 1023 2155 1093; x_wconf 88' lang='lat' dir='ltr'><strong>pandocheum</strong></span> <span class='ocrx_word' id='word_1_65' title='bbox 2185 1030 2364 1073; x_wconf 88' lang='lat' dir='ltr'><strong>trans-</strong></span> 
     </span>
    </p>
   </div>
   <div class='ocr_carea' id='block_1_12' title="bbox 790 1112 2361 1189">
    <p class='ocr_par' dir='ltr' id='par_1_12' title="bbox 790 1112 2361 1189">
     <span class='ocr_line' id='line_1_12' title="bbox 790 1112 2361 1189; baseline -0.011 -8"><span class='ocrx_word' id='word_1_66' title='bbox 790 1126 1046 1181; x_wconf 81' lang='lat' dir='ltr'><strong>formavit</strong></span> <span class='ocrx_word' id='word_1_67' title='bbox 1081 1165 1096 1189; x_wconf 93' lang='lat'><strong>,</strong></span> <span class='ocrx_word' id='word_1_68' title='bbox 1142 1122 1234 1176; x_wconf 89' lang='lat' dir='ltr'><strong>ubi</strong></span> <span class='ocrx_word' id='word_1_69' title='bbox 1263 1133 1487 1175; x_wconf 88' lang='lat' dir='ltr'><strong>centum</strong></span> <span class='ocrx_word' id='word_1_70' title='bbox 1521 1119 1624 1171; x_wconf 87' lang='lat' dir='ltr'><strong>viri</strong></span> <span class='ocrx_word' id='word_1_71' title='bbox 1653 1115 1834 1170; x_wconf 84' lang='lat' dir='ltr'><strong>cibum</strong></span> <span class='ocrx_word' id='word_1_72' title='bbox 1869 1129 2065 1182; x_wconf 85' lang='lat' dir='ltr'><strong>capere</strong></span> <span class='ocrx_word' id='word_1_73' title='bbox 2086 1153 2100 1175; x_wconf 89' lang='lat'><strong>,</strong></span> <span class='ocrx_word' id='word_1_74' title='bbox 2131 1112 2361 1166; x_wconf 89' lang='lat' dir='ltr'><strong>totidem</strong></span> 
     </span>
    </p>
   </div>
   <div class='ocr_carea' id='block_1_13' title="bbox 791 1206 2359 1276">
    <p class='ocr_par' dir='ltr' id='par_1_13' title="bbox 791 1206 2359 1276">
     <span class='ocr_line' id='line_1_13' title="bbox 791 1206 2359 1276; baseline -0.01 -5"><span class='ocrx_word' id='word_1_75' title='bbox 791 1219 947 1271; x_wconf 89' lang='lat' dir='ltr'><strong>tectis</strong></span> <span class='ocrx_word' id='word_1_76' title='bbox 981 1215 1208 1276; x_wconf 79' lang='lat' dir='ltr'><strong>cubare,</strong></span> <span class='ocrx_word' id='word_1_77' title='bbox 1235 1222 1292 1266; x_wconf 88' lang='lat' dir='ltr'><strong>et</strong></span> <span class='ocrx_word' id='word_1_78' title='bbox 1323 1211 1554 1266; x_wconf 86' lang='lat' dir='ltr'><strong>totidem</strong></span> <span class='ocrx_word' id='word_1_79' title='bbox 1603 1207 1730 1275; x_wconf 86' lang='lat' dir='ltr'><strong>equi</strong></span> <span class='ocrx_word' id='word_1_80' title='bbox 1784 1206 2054 1260; x_wconf 80' lang='lat' dir='ltr'><strong>stabulari</strong></span> <span class='ocrx_word' id='word_1_81' title='bbox 2109 1214 2359 1273; x_wconf 82' lang='lat' dir='ltr'><strong>possent.</strong></span> 
     </span>
    </p>
   </div>
   <div class='ocr_carea' id='block_1_14' title="bbox 793 1294 2364 1377">
    <p class='ocr_par' dir='ltr' id='par_1_14' title="bbox 793 1294 2364 1377">
     <span class='ocr_line' id='line_1_14' title="bbox 793 1294 2364 1377; baseline -0.009 -16"><span class='ocrx_word' id='word_1_82' title='bbox 793 1310 858 1362; x_wconf 80' lang='lat' dir='ltr'><strong>Et</strong></span> <span class='ocrx_word' id='word_1_83' title='bbox 882 1309 974 1377; x_wconf 84' lang='lat' dir='ltr'><strong>qui</strong></span> <span class='ocrx_word' id='word_1_84' title='bbox 1007 1322 1073 1361; x_wconf 90' lang='lat' dir='ltr'><strong>eo</strong></span> <span class='ocrx_word' id='word_1_85' title='bbox 1110 1307 1431 1362; x_wconf 84' lang='lat' dir='ltr'><strong>veniebant,</strong></span> <span class='ocrx_word' id='word_1_86' title='bbox 1469 1306 1590 1354; x_wconf 88' lang='lat' dir='ltr'><strong>sine</strong></span> <span class='ocrx_word' id='word_1_87' title='bbox 1610 1299 1851 1370; x_wconf 75' lang='lat' dir='ltr'><strong>pecunia</strong></span> <span class='ocrx_word' id='word_1_88' title='bbox 1883 1297 2082 1351; x_wconf 81' lang='lat' dir='ltr'><strong>diebus</strong></span> <span class='ocrx_word' id='word_1_89' title='bbox 2112 1294 2364 1363; x_wconf 88' lang='lat' dir='ltr'><strong>complu-</strong></span> 
     </span>
    </p>
   </div>
   <div class='ocr_carea' id='block_1_15' title="bbox 792 1387 2365 1468">
    <p class='ocr_par' dir='ltr' id='par_1_15' title="bbox 792 1387 2365 1468">
     <span class='ocr_line' id='line_1_15' title="bbox 792 1387 2365 1468; baseline -0.01 -16"><span class='ocrx_word' id='word_1_90' title='bbox 792 1401 947 1454; x_wconf 87' lang='lat' dir='ltr'><strong>ribus</strong></span> <span class='ocrx_word' id='word_1_91' title='bbox 989 1398 1376 1468; x_wconf 90' lang='lat' dir='ltr'><strong>pascebautur.</strong></span> <span class='ocrx_word' id='word_1_92' title='bbox 1417 1392 1615 1461; x_wconf 81' lang='lat' dir='ltr'><strong>Regias</strong></span> <span class='ocrx_word' id='word_1_93' title='bbox 1663 1390 1809 1444; x_wconf 64' lang='lat' dir='ltr'><strong>mdes</strong></span> <span class='ocrx_word' id='word_1_94' title='bbox 1840 1403 1980 1458; x_wconf 88' lang='lat' dir='ltr'><strong>quas</strong></span> <span class='ocrx_word' id='word_1_95' title='bbox 2009 1387 2365 1441; x_wconf 77' lang='lat' dir='ltr'><strong>Andronicus</strong></span> 
     </span>
    </p>
   </div>
   <div class='ocr_carea' id='block_1_16' title="bbox 791 1478 2364 1548">
    <p class='ocr_par' dir='ltr' id='par_1_16' title="bbox 791 1478 2364 1548">
     <span class='ocr_line' id='line_1_16' title="bbox 791 1478 2364 1548; baseline -0.01 -2"><span class='ocrx_word' id='word_1_96' title='bbox 791 1493 858 1546; x_wconf 81' lang='lat' dir='ltr'><strong>ad</strong></span> <span class='ocrx_word' id='word_1_97' title='bbox 907 1491 1078 1544; x_wconf 72' lang='lat' dir='ltr'><strong>tndem</strong></span> <span class='ocrx_word' id='word_1_98' title='bbox 1132 1489 1460 1541; x_wconf 88' lang='lat' dir='ltr'><strong>Sanctorum</strong></span> <span class='ocrx_word' id='word_1_99' title='bbox 1516 1480 1886 1548; x_wconf 81' lang='lat' dir='ltr'><strong>Quadraginta</strong></span> <span class='ocrx_word' id='word_1_100' title='bbox 1940 1486 2258 1541; x_wconf 77' lang='lat' dir='ltr'><strong>struxerat,</strong></span> <span class='ocrx_word' id='word_1_101' title='bbox 2309 1478 2364 1530; x_wconf 87' lang='lat' dir='ltr'><strong>in</strong></span> 
     </span>
    </p>
   </div>
   <div class='ocr_carea' id='block_1_17' title="bbox 792 1571 2366 1637">
    <p class='ocr_par' dir='ltr' id='par_1_17' title="bbox 792 1571 2366 1637">
     <span class='ocr_line' id='line_1_17' title="bbox 792 1571 2366 1637; baseline -0.01 -1"><span class='ocrx_word' id='word_1_102' title='bbox 792 1581 1169 1636; x_wconf 90' lang='lat' dir='ltr'><strong>nosocomium</strong></span> <span class='ocrx_word' id='word_1_103' title='bbox 1223 1577 1474 1630; x_wconf 82' lang='lat' dir='ltr'><strong>mutavit.</strong></span> <span class='ocrx_word' id='word_1_104' title='bbox 1536 1573 1790 1626; x_wconf 84' lang='lat' dir='ltr'><strong>Redemit</strong></span> <span class='ocrx_word' id='word_1_105' title='bbox 1846 1581 1902 1624; x_wconf 91' lang='lat' dir='ltr'><strong>et</strong></span> <span class='ocrx_word' id='word_1_106' title='bbox 1957 1571 2181 1624; x_wconf 89' lang='lat' dir='ltr'><strong>domum</strong></span> <span class='ocrx_word' id='word_1_107' title='bbox 2243 1583 2366 1637; x_wconf 73' lang='lat' dir='ltr'><strong>quae</strong></span> 
     </span>
    </p>
   </div>
   <div class='ocr_carea' id='block_1_18' title="bbox 792 1663 2368 1743">
    <p class='ocr_par' dir='ltr' id='par_1_18' title="bbox 792 1663 2368 1743">
     <span class='ocr_line' id='line_1_18' title="bbox 792 1663 2368 1743; baseline -0.011 -15"><span class='ocrx_word' id='word_1_108' title='bbox 792 1674 970 1743; x_wconf 87' lang='lat' dir='ltr'><strong>magni</strong></span> <span class='ocrx_word' id='word_1_109' title='bbox 1002 1669 1282 1740; x_wconf 90' lang='lat' dir='ltr'><strong>drungarii</strong></span> <span class='ocrx_word' id='word_1_110' title='bbox 1319 1668 1522 1721; x_wconf 89' lang='lat' dir='ltr'><strong>dicitur</strong></span> <span class='ocrx_word' id='word_1_111' title='bbox 1559 1681 1588 1717; x_wconf 92' lang='lat' dir='ltr'><strong>a</strong></span> <span class='ocrx_word' id='word_1_112' title='bbox 1621 1677 1957 1733; x_wconf 83' lang='lat' dir='ltr'><strong>possessore;</strong></span> <span class='ocrx_word' id='word_1_113' title='bbox 1990 1671 2044 1715; x_wconf 87' lang='lat' dir='ltr'><strong>et</strong></span> <span class='ocrx_word' id='word_1_114' title='bbox 2069 1663 2123 1713; x_wconf 89' lang='lat' dir='ltr'><strong>in</strong></span> <span class='ocrx_word' id='word_1_115' title='bbox 2146 1676 2208 1715; x_wconf 90' lang='lat' dir='ltr'><strong>ea</strong></span> <span class='ocrx_word' id='word_1_116' title='bbox 2232 1675 2368 1728; x_wconf 90' lang='lat' dir='ltr'><strong>quo-</strong></span> 
     </span>
    </p>
   </div>
   <div class='ocr_carea' id='block_1_19' title="bbox 792 1751 2366 1836">
    <p class='ocr_par' dir='ltr' id='par_1_19' title="bbox 792 1751 2366 1836">
     <span class='ocr_line' id='line_1_19' title="bbox 792 1751 2366 1836; baseline -0.01 -16"><span class='ocrx_word' id='word_1_117' title='bbox 792 1782 898 1836; x_wconf 83' lang='lat' dir='ltr'><strong>que</strong></span> <span class='ocrx_word' id='word_1_118' title='bbox 931 1765 1069 1818; x_wconf 90' lang='lat' dir='ltr'><strong>male</strong></span> <span class='ocrx_word' id='word_1_119' title='bbox 1104 1761 1367 1815; x_wconf 87' lang='lat' dir='ltr'><strong>habentes</strong></span> <span class='ocrx_word' id='word_1_120' title='bbox 1398 1756 1790 1811; x_wconf 82' lang='lat' dir='ltr'><strong>refocillandos</strong></span> <span class='ocrx_word' id='word_1_121' title='bbox 1841 1754 2090 1815; x_wconf 86' lang='lat' dir='ltr'><strong>curavit,</strong></span> <span class='ocrx_word' id='word_1_122' title='bbox 2123 1751 2275 1805; x_wconf 89' lang='lat' dir='ltr'><strong>nulla</strong></span> <span class='ocrx_word' id='word_1_123' title='bbox 2308 1766 2366 1804; x_wconf 86' lang='lat' dir='ltr'><strong>re</strong></span> 
     </span>
    </p>
   </div>
   <div class='ocr_carea' id='block_1_20' title="bbox 2468 572 4036 643">
    <p class='ocr_par' dir='ltr' id='par_1_20' title="bbox 2468 572 4036 643">
     <span class='ocr_line' id='line_1_20' title="bbox 2468 572 4036 643; baseline 0.001 -18"><span class='ocrx_word' id='word_1_124' title='bbox 2468 590 2580 642; x_wconf 82' lang='lat' dir='ltr'><strong>pov,</strong></span> <span class='ocrx_word' id='word_1_125' title='bbox 2617 576 2676 626; x_wconf 80' lang='grc' dir='ltr'><strong>τὸ</strong></span> <span class='ocrx_word' id='word_1_126' title='bbox 2721 575 3003 643; x_wconf 76' lang='grc' dir='ltr'><strong>φιλότιμον</strong></span> <span class='ocrx_word' id='word_1_127' title='bbox 3055 573 3397 637; x_wconf 75' lang='grc' dir='ltr'><strong>ὲπεξέτεινεο</strong></span> <span class='ocrx_word' id='word_1_128' title='bbox 3451 574 3578 634; x_wconf 83' lang='grc' dir='ltr'><strong>τοὺς</strong></span> <span class='ocrx_word' id='word_1_129' title='bbox 3612 572 3723 642; x_wconf 84' lang='grc' dir='ltr'><strong>γὰρ</strong></span> <span class='ocrx_word' id='word_1_130' title='bbox 3754 575 4036 641; x_wconf 66' lang='grc' dir='ltr'><strong>καμόντας</strong></span> 
     </span>
    </p>
   </div>
   <div class='ocr_carea' id='block_1_21' title="bbox 2463 662 4036 733">
    <p class='ocr_par' dir='ltr' id='par_1_21' title="bbox 2463 662 4036 733">
     <span class='ocr_line' id='line_1_21' title="bbox 2463 662 4036 733; baseline 0 -19"><span class='ocrx_word' id='word_1_131' title='bbox 2463 667 2639 732; x_wconf 79' lang='grc' dir='ltr'><strong>χρόνῳ</strong></span> <span class='ocrx_word' id='word_1_132' title='bbox 2663 665 2951 733; x_wconf 77' lang='grc' dir='ltr'><strong>ὐπήρεισε,</strong></span> <span class='ocrx_word' id='word_1_133' title='bbox 2976 665 3070 717; x_wconf 75' lang='grc' dir='ltr'><strong>καὶ</strong></span> <span class='ocrx_word' id='word_1_134' title='bbox 3095 666 3244 726; x_wconf 82' lang='grc' dir='ltr'><strong>ὅσοις</strong></span> <span class='ocrx_word' id='word_1_135' title='bbox 3264 665 3324 716; x_wconf 76' lang='grc' dir='ltr'>το</span> <span class='ocrx_word' id='word_1_136' title='bbox 3346 662 3694 731; x_wconf 74' lang='grc' dir='ltr'><strong>άγλαοφανὲς</strong></span> <span class='ocrx_word' id='word_1_137' title='bbox 3718 664 4036 732; x_wconf 72' lang='grc' dir='ltr'><strong>ἠμαύρωτο,</strong></span> 
     </span>
    </p>
   </div>
   <div class='ocr_carea' id='block_1_22' title="bbox 2465 755 4039 825">
    <p class='ocr_par' dir='ltr' id='par_1_22' title="bbox 2465 755 4039 825">
     <span class='ocr_line' id='line_1_22' title="bbox 2465 755 4039 825; baseline 0.002 -20"><span class='ocrx_word' id='word_1_138' title='bbox 2465 756 2673 816; x_wconf 75' lang='grc' dir='ltr'><strong>τούτοις</strong></span> <span class='ocrx_word' id='word_1_139' title='bbox 2706 758 2820 816; x_wconf 82' lang='grc' dir='ltr'><strong>τοῖς</strong></span> <span class='ocrx_word' id='word_1_140' title='bbox 2857 757 2922 807; x_wconf 70' lang='grc' dir='ltr'><strong>εκ</strong></span> <span class='ocrx_word' id='word_1_141' title='bbox 2961 755 3212 824; x_wconf 68' lang='grc' dir='ltr'><strong>ψηφίδων</strong></span> <span class='ocrx_word' id='word_1_142' title='bbox 3244 756 3342 808; x_wconf 70' lang='grc' dir='ltr'><strong>καὶ</strong></span> <span class='ocrx_word' id='word_1_143' title='bbox 3388 755 3701 825; x_wconf 80' lang='grc' dir='ltr'><strong>χρωμάτων</strong></span> <span class='ocrx_word' id='word_1_144' title='bbox 3735 755 4039 824; x_wconf 71' lang='grc' dir='ltr'><strong>ὼραῖσμοίς</strong></span> 
     </span>
    </p>
   </div>
   <div class='ocr_carea' id='block_1_23' title="bbox 2462 845 4042 922">
    <p class='ocr_par' dir='ltr' id='par_1_23' title="bbox 2462 845 4042 922">
     <span class='ocr_line' id='line_1_23' title="bbox 2462 845 4042 922; baseline 0.008 -28"><span class='ocrx_word' id='word_1_145' title='bbox 2462 845 2867 913; x_wconf 81' lang='grc' dir='ltr'><strong>κατεκόσμησε.</strong></span> <span class='ocrx_word' id='word_1_146' title='bbox 2912 846 3053 916; x_wconf 85' lang='grc' dir='ltr'><strong>Πρὸς</strong></span> <span class='ocrx_word' id='word_1_147' title='bbox 3083 848 3139 901; x_wconf 88' lang='grc' dir='ltr'><strong>δέ</strong></span> <span class='ocrx_word' id='word_1_148' title='bbox 3168 865 3230 914; x_wconf 85' lang='grc' dir='ltr'><strong>γε</strong></span> <span class='ocrx_word' id='word_1_149' title='bbox 3263 849 3362 919; x_wconf 81' lang='grc' dir='ltr'><strong>τὴν</strong></span> <span class='ocrx_word' id='word_1_150' title='bbox 3416 851 3738 922; x_wconf 87' lang='grc' dir='ltr'><strong>Θεομήτορα</strong></span> <span class='ocrx_word' id='word_1_151' title='bbox 3770 855 4042 922; x_wconf 74' lang='grc' dir='ltr'><strong>τοσαύτην</strong></span> 
     </span>
    </p>
   </div>
   <div class='ocr_carea' id='block_1_24' title="bbox 2463 932 4044 1011">
    <p class='ocr_par' dir='ltr' id='par_1_24' title="bbox 2463 932 4044 1011">
     <span class='ocr_line' id='line_1_24' title="bbox 2463 932 4044 1011; baseline 0.008 -29"><span class='ocrx_word' id='word_1_152' title='bbox 2463 932 2659 1001; x_wconf 77' lang='grc' dir='ltr'><strong>ἔτρεφε</strong></span> <span class='ocrx_word' id='word_1_153' title='bbox 2703 934 2890 986; x_wconf 88' lang='grc' dir='ltr'><strong>πίστιν</strong></span> <span class='ocrx_word' id='word_1_154' title='bbox 2930 936 3005 997; x_wconf 79' lang='grc' dir='ltr'><strong>ὡς</strong></span> <span class='ocrx_word' id='word_1_155' title='bbox 3049 941 3144 988; x_wconf 85' lang='grc' dir='ltr'><strong>καὶ</strong></span> <span class='ocrx_word' id='word_1_156' title='bbox 3175 939 3272 1008; x_wconf 80' lang='grc' dir='ltr'><strong>τὴν</strong></span> <span class='ocrx_word' id='word_1_157' title='bbox 3297 937 3392 1010; x_wconf 81' lang='grc' dir='ltr'><strong>[Ρ.</strong></span> <span class='ocrx_word' id='word_1_158' title='bbox 3427 938 3557 1010; x_wconf 65' lang='lat'><strong>285]</strong></span> <span class='ocrx_word' id='word_1_159' title='bbox 3603 940 3779 1010; x_wconf 80' lang='grc' dir='ltr'><strong>ψυχὴν</strong></span> <span class='ocrx_word' id='word_1_160' title='bbox 3807 943 4044 1011; x_wconf 70' lang='grc' dir='ltr'><strong>ὲκκεχύ-</strong></span> 
     </span>
    </p>
   </div>
   <div class='ocr_carea' id='block_1_25' title="bbox 2465 1024 4044 1096">
    <p class='ocr_par' dir='ltr' id='par_1_25' title="bbox 2465 1024 4044 1096">
     <span class='ocr_line' id='line_1_25' title="bbox 2465 1024 4044 1096; baseline 0.008 -22"><span class='ocrx_word' id='word_1_161' title='bbox 2465 1024 2590 1075; x_wconf 82' lang='grc' dir='ltr'><strong>σθαι</strong></span> <span class='ocrx_word' id='word_1_162' title='bbox 2617 1025 2737 1085; x_wconf 86' lang='grc' dir='ltr'><strong>ταῖς</strong></span> <span class='ocrx_word' id='word_1_163' title='bbox 2783 1025 2993 1076; x_wconf 75' lang='grc' dir='ltr'><strong>εἰκόσιν</strong></span> <span class='ocrx_word' id='word_1_164' title='bbox 3042 1028 3235 1094; x_wconf 79' lang='grc' dir='ltr'><strong>αὐτῆς.</strong></span> <span class='ocrx_word' id='word_1_165' title='bbox 3292 1031 3401 1082; x_wconf 80' lang='grc' dir='ltr'><strong>Καὶ</strong></span> <span class='ocrx_word' id='word_1_166' title='bbox 3448 1031 3536 1083; x_wconf 76' lang='grc' dir='ltr'><strong>διὰ</strong></span> <span class='ocrx_word' id='word_1_167' title='bbox 3580 1031 3741 1084; x_wconf 82' lang='grc' dir='ltr'><strong>τοῦτο</strong></span> <span class='ocrx_word' id='word_1_168' title='bbox 3777 1034 4044 1096; x_wconf 81' lang='grc' dir='ltr'><strong>πλείστας</strong></span> 
     </span>
    </p>
   </div>
   <div class='ocr_carea' id='block_1_26' title="bbox 2465 1104 4047 1188">
    <p class='ocr_par' dir='ltr' id='par_1_26' title="bbox 2465 1104 4047 1188">
     <span class='ocr_line' id='line_1_26' title="bbox 2465 1104 4047 1188; baseline 0.006 -25"><span class='ocrx_word' id='word_1_169' title='bbox 2465 1114 2677 1181; x_wconf 81' lang='grc' dir='ltr'><strong>χρυσίῳ</strong></span> <span class='ocrx_word' id='word_1_170' title='bbox 2721 1115 3073 1182; x_wconf 88' lang='grc' dir='ltr'><strong>περιστείλας</strong></span> <span class='ocrx_word' id='word_1_171' title='bbox 3114 1117 3210 1168; x_wconf 86' lang='grc' dir='ltr'><strong>καὶ</strong></span> <span class='ocrx_word' id='word_1_172' title='bbox 3245 1104 3415 1180; x_wconf 83' lang='grc' dir='ltr'><strong>λίθοις</strong></span> <span class='ocrx_word' id='word_1_173' title='bbox 3461 1119 3758 1188; x_wconf 82' lang='grc' dir='ltr'><strong>τιμαλφέσι</strong></span> <span class='ocrx_word' id='word_1_174' title='bbox 3813 1137 4047 1188; x_wconf 84' lang='grc' dir='ltr'><strong>περιαν-</strong></span> 
     </span>
    </p>
   </div>
   <div class='ocr_carea' id='block_1_27' title="bbox 2459 1203 4048 1279">
    <p class='ocr_par' dir='ltr' id='par_1_27' title="bbox 2459 1203 4048 1279">
     <span class='ocr_line' id='line_1_27' title="bbox 2459 1203 4048 1279; baseline 0.005 -24"><span class='ocrx_word' id='word_1_175' title='bbox 2459 1203 2619 1266; x_wconf 85' lang='grc' dir='ltr'><strong>θίσας</strong></span> <span class='ocrx_word' id='word_1_176' title='bbox 2661 1204 2901 1272; x_wconf 78' lang='grc' dir='ltr'><strong>ἀνέθηκε</strong></span> <span class='ocrx_word' id='word_1_177' title='bbox 2944 1209 3092 1268; x_wconf 74' lang='grc' dir='ltr'><strong>ναοῖς</strong></span> <span class='ocrx_word' id='word_1_178' title='bbox 3141 1211 3221 1269; x_wconf 88' lang='grc' dir='ltr'><strong>είς</strong></span> <span class='ocrx_word' id='word_1_179' title='bbox 3254 1210 3655 1279; x_wconf 75' lang='grc' dir='ltr'><strong>προσκύνησιν,</strong></span> <span class='ocrx_word' id='word_1_180' title='bbox 3690 1211 3812 1262; x_wconf 85' lang='grc' dir='ltr'><strong>καθ’</strong></span> <span class='ocrx_word' id='word_1_181' title='bbox 3843 1211 3934 1271; x_wconf 82' lang='grc' dir='ltr'><strong>οὓς</strong></span> <span class='ocrx_word' id='word_1_182' title='bbox 3963 1213 4048 1277; x_wconf 79' lang='grc' dir='ltr'><strong>γί-</strong></span> 
     </span>
    </p>
   </div>
   <div class='ocr_carea' id='block_1_28' title="bbox 2465 1286 4048 1369">
    <p class='ocr_par' dir='ltr' id='par_1_28' title="bbox 2465 1286 4048 1369">
     <span class='ocr_line' id='line_1_28' title="bbox 2465 1286 4048 1369; baseline 0.005 -23"><span class='ocrx_word' id='word_1_183' title='bbox 2465 1311 2649 1347; x_wconf 83' lang='grc' dir='ltr'><strong>νονται</strong></span> <span class='ocrx_word' id='word_1_184' title='bbox 2677 1295 2941 1358; x_wconf 85' lang='grc' dir='ltr'><strong>πολλάκις</strong></span> <span class='ocrx_word' id='word_1_185' title='bbox 2971 1297 3082 1348; x_wconf 84' lang='grc' dir='ltr'><strong>τῶν</strong></span> <span class='ocrx_word' id='word_1_186' title='bbox 3110 1298 3354 1351; x_wconf 78' lang='grc' dir='ltr'><strong>εὐσεὸὦν</strong></span> <span class='ocrx_word' id='word_1_187' title='bbox 3385 1286 3708 1369; x_wconf 79' lang='grc' dir='ltr'><strong>συνδρομαῖ.</strong></span> <span class='ocrx_word' id='word_1_188' title='bbox 3755 1300 3920 1354; x_wconf 84' lang='grc' dir='ltr'><strong>Ἀλλά</strong></span> <span class='ocrx_word' id='word_1_189' title='bbox 3953 1308 4048 1354; x_wconf 78' lang='grc' dir='ltr'><strong>καὶ</strong></span> 
     </span>
    </p>
   </div>
   <div class='ocr_carea' id='block_1_29' title="bbox 2465 1384 4048 1459">
    <p class='ocr_par' dir='ltr' id='par_1_29' title="bbox 2465 1384 4048 1459">
     <span class='ocr_line' id='line_1_29' title="bbox 2465 1384 4048 1459; baseline 0.006 -25"><span class='ocrx_word' id='word_1_190' title='bbox 2465 1384 2564 1452; x_wconf 82' lang='grc' dir='ltr'><strong>τὴν</strong></span> <span class='ocrx_word' id='word_1_191' title='bbox 2621 1385 2716 1436; x_wconf 62' lang='grc' dir='ltr'><strong>ἐπὶ</strong></span> <span class='ocrx_word' id='word_1_192' title='bbox 2769 1386 2831 1437; x_wconf 82' lang='grc' dir='ltr'><strong>τὸ</strong></span> <span class='ocrx_word' id='word_1_193' title='bbox 2884 1386 3152 1449; x_wconf 81' lang='grc' dir='ltr'><strong>κάταντες</strong></span> <span class='ocrx_word' id='word_1_194' title='bbox 3191 1390 3250 1439; x_wconf 72' lang='grc' dir='ltr'><strong>ιν</strong></span> <span class='ocrx_word' id='word_1_195' title='bbox 3298 1389 3377 1457; x_wconf 85' lang='grc' dir='ltr'>τῷ</span> <span class='ocrx_word' id='word_1_196' title='bbox 3423 1391 3606 1458; x_wconf 80' lang='grc' dir='ltr'><strong>λιμένι</strong></span> <span class='ocrx_word' id='word_1_197' title='bbox 3661 1392 3772 1443; x_wconf 86' lang='grc' dir='ltr'><strong>τῶν</strong></span> <span class='ocrx_word' id='word_1_198' title='bbox 3833 1387 4048 1459; x_wconf 65' lang='grc' dir='ltr'><strong>Σοφιῶν</strong></span> 
     </span>
    </p>
   </div>
   <div class='ocr_carea' id='block_1_30' title="bbox 2467 1473 4050 1551">
    <p class='ocr_par' dir='ltr' id='par_1_30' title="bbox 2467 1473 4050 1551">
     <span class='ocr_line' id='line_1_30' title="bbox 2467 1473 4050 1551; baseline 0.007 -26"><span class='ocrx_word' id='word_1_199' title='bbox 2467 1473 2654 1525; x_wconf 76' lang='grc' dir='ltr'><strong>ἑστίαν</strong></span> <span class='ocrx_word' id='word_1_200' title='bbox 2713 1475 2982 1527; x_wconf 78' lang='grc' dir='ltr'><strong>Ἰσαακίου</strong></span> <span class='ocrx_word' id='word_1_201' title='bbox 3036 1478 3133 1528; x_wconf 83' lang='grc' dir='ltr'><strong>τοῦ</strong></span> <span class='ocrx_word' id='word_1_202' title='bbox 3170 1478 3674 1551; x_wconf 77' lang='grc' dir='ltr'><strong>σεϐαστοκράτορος</strong></span> <span class='ocrx_word' id='word_1_203' title='bbox 3717 1483 3796 1543; x_wconf 86' lang='grc' dir='ltr'><strong>είς</strong></span> <span class='ocrx_word' id='word_1_204' title='bbox 3849 1485 4050 1536; x_wconf 87' lang='grc' dir='ltr'><strong>πανδο-</strong></span> 
     </span>
    </p>
   </div>
   <div class='ocr_carea' id='block_1_31' title="bbox 2467 1571 4049 1644">
    <p class='ocr_par' dir='ltr' id='par_1_31' title="bbox 2467 1571 4049 1644">
     <span class='ocr_line' id='line_1_31' title="bbox 2467 1571 4049 1644; baseline 0.004 -24"><span class='ocrx_word' id='word_1_205' title='bbox 2467 1572 2614 1637; x_wconf 83' lang='grc' dir='ltr'><strong>χεῖον</strong></span> <span class='ocrx_word' id='word_1_206' title='bbox 2645 1571 3084 1636; x_wconf 77' lang='grc' dir='ltr'><strong>μετασκευάσας,</strong></span> <span class='ocrx_word' id='word_1_207' title='bbox 3116 1571 3330 1640; x_wconf 78' lang='grc' dir='ltr'><strong>ἀνδρῶν</strong></span> <span class='ocrx_word' id='word_1_208' title='bbox 3361 1574 3462 1640; x_wconf 74' lang='grc' dir='ltr'><strong>μὶν</strong></span> <span class='ocrx_word' id='word_1_209' title='bbox 3509 1575 3709 1628; x_wconf 81' lang='grc' dir='ltr'><strong>ἑκατὸν</strong></span> <span class='ocrx_word' id='word_1_210' title='bbox 3758 1571 4049 1644; x_wconf 85' lang='grc' dir='ltr'><strong>παρέθηκε</strong></span> 
     </span>
    </p>
   </div>
   <div class='ocr_carea' id='block_1_32' title="bbox 2467 1663 4049 1738">
    <p class='ocr_par' dir='ltr' id='par_1_32' title="bbox 2467 1663 4049 1738">
     <span class='ocr_line' id='line_1_32' title="bbox 2467 1663 4049 1738; baseline 0.005 -25"><span class='ocrx_word' id='word_1_211' title='bbox 2467 1663 2746 1732; x_wconf 78' lang='grc' dir='ltr'><strong>τράπεζαν</strong></span> <span class='ocrx_word' id='word_1_212' title='bbox 2796 1663 2892 1716; x_wconf 80' lang='grc' dir='ltr'><strong>καὶ</strong></span> <span class='ocrx_word' id='word_1_213' title='bbox 2939 1664 3129 1727; x_wconf 77' lang='grc' dir='ltr'><strong>κλίνας</strong></span> <span class='ocrx_word' id='word_1_214' title='bbox 3184 1666 3544 1737; x_wconf 85' lang='grc' dir='ltr'><strong>ίσομέτρους,</strong></span> <span class='ocrx_word' id='word_1_215' title='bbox 3586 1669 4049 1738; x_wconf 88' lang='grc' dir='ltr'><strong>τοσαυταρίθμων</strong></span> 
     </span>
    </p>
   </div>
   <div class='ocr_carea' id='block_1_33' title="bbox 2468 1755 4052 1826">
    <p class='ocr_par' dir='ltr' id='par_1_33' title="bbox 2468 1755 4052 1826">
     <span class='ocr_line' id='line_1_33' title="bbox 2468 1755 4052 1826; baseline 0.004 -20"><span class='ocrx_word' id='word_1_216' title='bbox 2468 1755 2525 1806; x_wconf 84' lang='grc' dir='ltr'><strong>δὲ</strong></span> <span class='ocrx_word' id='word_1_217' title='bbox 2584 1755 2893 1822; x_wconf 77' lang='grc' dir='ltr'><strong>ὑποζυγίων</strong></span> <span class='ocrx_word' id='word_1_218' title='bbox 2950 1757 3204 1819; x_wconf 73' lang='grc' dir='ltr'><strong>ἱππῶνας</strong></span> <span class='ocrx_word' id='word_1_219' title='bbox 3257 1758 3560 1826; x_wconf 80' lang='grc' dir='ltr'><strong>ἀνέστησε·</strong></span> <span class='ocrx_word' id='word_1_220' title='bbox 3611 1761 3706 1812; x_wconf 79' lang='grc' dir='ltr'><strong>καὶ</strong></span> <span class='ocrx_word' id='word_1_221' title='bbox 3765 1760 4052 1812; x_wconf 78' lang='grc' dir='ltr'><strong>εἱστιῶντο</strong></span> 
     </span>
    </p>
   </div>
   <div class='ocr_carea' id='block_1_34' title="bbox 795 1821 2495 1925">
    <p class='ocr_par' dir='ltr' id='par_1_34' title="bbox 795 1821 2495 1925">
     <span class='ocr_line' id='line_1_34' title="bbox 795 1821 2495 1925; baseline -0.011 -15"><span class='ocrx_word' id='word_1_222' title='bbox 795 1821 990 1925; x_wconf 72' lang='lat' dir='ltr'><strong>negata</strong></span> <span class='ocrx_word' id='word_1_223' title='bbox 1016 1869 1136 1923; x_wconf 67' lang='lat' dir='ltr'><strong>qua:</strong></span> <span class='ocrx_word' id='word_1_224' title='bbox 1167 1850 1509 1904; x_wconf 84' lang='lat' dir='ltr'><strong>sanationem</strong></span> <span class='ocrx_word' id='word_1_225' title='bbox 1537 1860 1732 1899; x_wconf 86' lang='lat' dir='ltr'><strong>eorum</strong></span> <span class='ocrx_word' id='word_1_226' title='bbox 1775 1846 1968 1912; x_wconf 80' lang='lat' dir='ltr'><strong>juvare</strong></span> <span class='ocrx_word' id='word_1_227' title='bbox 2001 1851 2202 1910; x_wconf 86' lang='lat' dir='ltr'><strong>posset.</strong></span> <span class='ocrx_word' id='word_1_228' title='bbox 2227 1842 2362 1896; x_wconf 86' lang='lat' dir='ltr'><strong>Cum</strong></span> <span class='ocrx_word' id='word_1_229' title='bbox 2402 1821 2440 1873; x_wconf 78' lang='grc' dir='ltr'><strong><em>Β</em></strong></span> <span class='ocrx_word' id='word_1_230' title='bbox 2470 1863 2495 1898; x_wconf 67' lang='grc' dir='ltr'><strong>κ</strong></span> 
     </span>
    </p>
   </div>
   <div class='ocr_carea' id='block_1_35' title="bbox 2352 1821 4052 1925">
    <p class='ocr_par' dir='ltr' id='par_1_35' title="bbox 2352 1821 4052 1917">
     <span class='ocr_line' id='line_1_35' title="bbox 2352 1821 4052 1917; baseline 0.006 -24"><span class='ocrx_word' id='word_1_231' title='bbox 2352 1857 2362 1893; x_wconf 92' lang='lat' dir='ltr'><strong>l</strong></span> <span class='ocrx_word' id='word_1_232' title='bbox 2402 1821 2440 1873; x_wconf 78' lang='grc' dir='ltr'><strong><em>Β</em></strong></span> <span class='ocrx_word' id='word_1_233' title='bbox 2470 1846 2598 1898; x_wconf 86' lang='grc' dir='ltr'><strong>καθ’</strong></span> <span class='ocrx_word' id='word_1_234' title='bbox 2655 1821 2894 1915; x_wconf 77' lang='grc' dir='ltr'><strong>ἑκάστην</strong></span> <span class='ocrx_word' id='word_1_235' title='bbox 2931 1849 2981 1900; x_wconf 90' lang='grc' dir='ltr'>οί</span> <span class='ocrx_word' id='word_1_236' title='bbox 3033 1821 3476 1917; x_wconf 72' lang='grc' dir='ltr'><strong>παραϐάλλοντες</strong></span> <span class='ocrx_word' id='word_1_237' title='bbox 3532 1851 3663 1917; x_wconf 83' lang='grc' dir='ltr'><strong>άτερ</strong></span> <span class='ocrx_word' id='word_1_238' title='bbox 3708 1853 4052 1914; x_wconf 84' lang='grc' dir='ltr'><strong>καταθέσεως</strong></span> 
     </span>
    </p>
   </div>
   <div class='ocr_carea' id='block_1_36' title="bbox 797 1932 2366 2013">
    <p class='ocr_par' dir='ltr' id='par_1_36' title="bbox 797 1932 2366 2013">
     <span class='ocr_line' id='line_1_36' title="bbox 797 1932 2366 2013; baseline -0.01 -13"><span class='ocrx_word' id='word_1_239' title='bbox 797 1947 952 2000; x_wconf 86' lang='lat' dir='ltr'><strong>urbis</strong></span> <span class='ocrx_word' id='word_1_240' title='bbox 977 1959 1102 2013; x_wconf 91' lang='lat' dir='ltr'><strong>pars</strong></span> <span class='ocrx_word' id='word_1_241' title='bbox 1133 1938 1577 2010; x_wconf 83' lang='lat' dir='ltr'><strong>septentrionalis</strong></span> <span class='ocrx_word' id='word_1_242' title='bbox 1607 1934 2014 2004; x_wconf 80' lang='lat' dir='ltr'><strong>conﬂagrasset,</strong></span> <span class='ocrx_word' id='word_1_243' title='bbox 2039 1947 2134 1986; x_wconf 91' lang='lat' dir='ltr'><strong>eos</strong></span> <span class='ocrx_word' id='word_1_244' title='bbox 2165 1933 2256 1999; x_wconf 85' lang='lat' dir='ltr'><strong>qui</strong></span> <span class='ocrx_word' id='word_1_245' title='bbox 2282 1932 2366 1986; x_wconf 88' lang='lat' dir='ltr'><strong>vel</strong></span> 
     </span>
    </p>
   </div>
   <div class='ocr_carea' id='block_1_37' title="bbox 797 2023 2360 2100">
    <p class='ocr_par' dir='ltr' id='par_1_37' title="bbox 797 2023 2360 2100">
     <span class='ocr_line' id='line_1_37' title="bbox 797 2023 2360 2100; baseline -0.01 -9"><span class='ocrx_word' id='word_1_246' title='bbox 797 2037 992 2091; x_wconf 68' lang='lat' dir='ltr'><strong>aedium</strong></span> <span class='ocrx_word' id='word_1_247' title='bbox 1023 2035 1104 2088; x_wconf 87' lang='lat' dir='ltr'><strong>vel</strong></span> <span class='ocrx_word' id='word_1_248' title='bbox 1141 2031 1688 2100; x_wconf 61' lang='lat' dir='ltr'><strong>ltonorumjacturam</strong></span> <span class='ocrx_word' id='word_1_249' title='bbox 1713 2027 1953 2079; x_wconf 79' lang='lat' dir='ltr'><strong>fecerant</strong></span> <span class='ocrx_word' id='word_1_250' title='bbox 1973 2023 2360 2077; x_wconf 83' lang='lat' dir='ltr'><strong>distributione</strong></span> 
     </span>
    </p>
   </div>
   <div class='ocr_carea' id='block_1_38' title="bbox 801 2115 2365 2197">
    <p class='ocr_par' dir='ltr' id='par_1_38' title="bbox 801 2115 2365 2197">
     <span class='ocr_line' id='line_1_38' title="bbox 801 2115 2365 2197; baseline -0.009 -17"><span class='ocrx_word' id='word_1_251' title='bbox 801 2128 1042 2197; x_wconf 77' lang='lat' dir='ltr'><strong>pecunia:</strong></span> <span class='ocrx_word' id='word_1_252' title='bbox 1072 2123 1399 2178; x_wconf 73' lang='lat' dir='ltr'><strong>sublevavit.</strong></span> <span class='ocrx_word' id='word_1_253' title='bbox 1435 2120 1673 2188; x_wconf 91' lang='lat' dir='ltr'><strong>Imperio</strong></span> <span class='ocrx_word' id='word_1_254' title='bbox 1701 2119 1926 2187; x_wconf 88' lang='lat' dir='ltr'><strong>potitus,</strong></span> <span class='ocrx_word' id='word_1_255' title='bbox 1961 2115 2208 2184; x_wconf 87' lang='lat' dir='ltr'><strong>quinque</strong></span> <span class='ocrx_word' id='word_1_256' title='bbox 2246 2115 2365 2167; x_wconf 90' lang='lat' dir='ltr'><strong>auri</strong></span> 
     </span>
    </p>
   </div>
   <div class='ocr_carea' id='block_1_39' title="bbox 801 2205 2367 2276">
    <p class='ocr_par' dir='ltr' id='par_1_39' title="bbox 801 2205 2367 2276">
     <span class='ocr_line' id='line_1_39' title="bbox 801 2205 2367 2276; baseline -0.01 -3"><span class='ocrx_word' id='word_1_257' title='bbox 801 2219 1147 2273; x_wconf 85' lang='lat' dir='ltr'><strong>ccutenarios</strong></span> <span class='ocrx_word' id='word_1_258' title='bbox 1204 2215 1417 2268; x_wconf 83' lang='lat' dir='ltr'><strong>civibus</strong></span> <span class='ocrx_word' id='word_1_259' title='bbox 1478 2209 1688 2264; x_wconf 81' lang='lat' dir='ltr'><strong>divisit.</strong></span> <span class='ocrx_word' id='word_1_260' title='bbox 1747 2209 1935 2276; x_wconf 83' lang='lat' dir='ltr'><strong>Magna</strong></span> <span class='ocrx_word' id='word_1_261' title='bbox 2003 2205 2367 2267; x_wconf 86' lang='lat' dir='ltr'><strong>hebdomade,</strong></span> 
     </span>
    </p>
   </div>
   <div class='ocr_carea' id='block_1_40' title="bbox 801 2299 2372 2379">
    <p class='ocr_par' dir='ltr' id='par_1_40' title="bbox 801 2299 2372 2379">
     <span class='ocr_line' id='line_1_40' title="bbox 801 2299 2372 2379; baseline -0.008 -17"><span class='ocrx_word' id='word_1_262' title='bbox 801 2326 923 2379; x_wconf 74' lang='lat' dir='ltr'><strong>qua:</strong></span> <span class='ocrx_word' id='word_1_263' title='bbox 955 2308 1206 2377; x_wconf 88' lang='lat' dir='ltr'><strong>supplicii</strong></span> <span class='ocrx_word' id='word_1_264' title='bbox 1236 2305 1382 2374; x_wconf 88' lang='lat' dir='ltr'><strong>quod</strong></span> <span class='ocrx_word' id='word_1_265' title='bbox 1418 2305 1559 2357; x_wconf 85' lang='lat' dir='ltr'><strong>Deus</strong></span> <span class='ocrx_word' id='word_1_266' title='bbox 1589 2312 1645 2356; x_wconf 92' lang='lat' dir='ltr'><strong>et</strong></span> <span class='ocrx_word' id='word_1_267' title='bbox 1680 2302 1841 2354; x_wconf 83' lang='lat' dir='ltr'><strong>homo</strong></span> <span class='ocrx_word' id='word_1_268' title='bbox 1879 2317 1977 2366; x_wconf 88' lang='lat' dir='ltr'><strong>pro</strong></span> <span class='ocrx_word' id='word_1_269' title='bbox 2006 2299 2166 2352; x_wconf 87' lang='lat' dir='ltr'><strong>nobis</strong></span> <span class='ocrx_word' id='word_1_270' title='bbox 2201 2299 2372 2352; x_wconf 88' lang='lat' dir='ltr'><strong>subiit</strong></span> 
     </span>
    </p>
   </div>
   <div class='ocr_carea' id='block_1_41' title="bbox 806 2389 2372 2462">
    <p class='ocr_par' dir='ltr' id='par_1_41' title="bbox 806 2389 2372 2462">
     <span class='ocr_line' id='line_1_41' title="bbox 806 2389 2372 2462; baseline -0.008 -8"><span class='ocrx_word' id='word_1_271' title='bbox 806 2401 1067 2454; x_wconf 84' lang='lat' dir='ltr'><strong>memoria</strong></span> <span class='ocrx_word' id='word_1_272' title='bbox 1102 2399 1324 2461; x_wconf 89' lang='lat' dir='ltr'><strong>colitur,</strong></span> <span class='ocrx_word' id='word_1_273' title='bbox 1355 2395 1548 2448; x_wconf 89' lang='lat' dir='ltr'><strong>viduas</strong></span> <span class='ocrx_word' id='word_1_274' title='bbox 1575 2392 1961 2462; x_wconf 82' lang='lat' dir='ltr'><strong>eleemosynis,</strong></span> <span class='ocrx_word' id='word_1_275' title='bbox 2011 2389 2372 2459; x_wconf 76' lang='lat' dir='ltr'><strong>pauperculae</strong></span> 
     </span>
    </p>
   </div>
   <div class='ocr_carea' id='block_1_42' title="bbox 802 2482 2370 2562">
    <p class='ocr_par' dir='ltr' id='par_1_42' title="bbox 802 2482 2370 2562">
     <span class='ocr_line' id='line_1_42' title="bbox 802 2482 2370 2562; baseline -0.007 -18"><span class='ocrx_word' id='word_1_276' title='bbox 802 2494 1048 2562; x_wconf 78' lang='lat' dir='ltr'><strong>virgines</strong></span> <span class='ocrx_word' id='word_1_277' title='bbox 1077 2492 1203 2545; x_wconf 90' lang='lat' dir='ltr'><strong>dote</strong></span> <span class='ocrx_word' id='word_1_278' title='bbox 1231 2488 1394 2558; x_wconf 79' lang='lat'><strong>586</strong></span> <span class='ocrx_word' id='word_1_279' title='bbox 1427 2497 1482 2541; x_wconf 91' lang='lat' dir='ltr'><strong>et</strong></span> <span class='ocrx_word' id='word_1_280' title='bbox 1511 2495 1734 2554; x_wconf 88' lang='lat' dir='ltr'><strong>sumptu</strong></span> <span class='ocrx_word' id='word_1_281' title='bbox 1763 2485 2080 2551; x_wconf 86' lang='lat' dir='ltr'><strong>nuptiarum</strong></span> <span class='ocrx_word' id='word_1_282' title='bbox 2119 2482 2370 2552; x_wconf 84' lang='lat' dir='ltr'><strong>juvabat.</strong></span> 
     </span>
    </p>
   </div>
   <div class='ocr_carea' id='block_1_43' title="bbox 802 2574 2374 2652">
    <p class='ocr_par' dir='ltr' id='par_1_43' title="bbox 802 2574 2374 2652">
     <span class='ocr_line' id='line_1_43' title="bbox 802 2574 2374 2652; baseline -0.008 -14"><span class='ocrx_word' id='word_1_283' title='bbox 802 2584 991 2652; x_wconf 84' lang='lat' dir='ltr'><strong>Neque</strong></span> <span class='ocrx_word' id='word_1_284' title='bbox 1023 2596 1154 2636; x_wconf 90' lang='lat' dir='ltr'><strong>vero</strong></span> <span class='ocrx_word' id='word_1_285' title='bbox 1185 2579 1429 2648; x_wconf 84' lang='lat' dir='ltr'><strong>singulos</strong></span> <span class='ocrx_word' id='word_1_286' title='bbox 1459 2578 1723 2630; x_wconf 77' lang='lat' dir='ltr'><strong>duntaxat</strong></span> <span class='ocrx_word' id='word_1_287' title='bbox 1754 2576 2025 2634; x_wconf 87' lang='lat' dir='ltr'><strong>homines,</strong></span> <span class='ocrx_word' id='word_1_288' title='bbox 2047 2574 2262 2637; x_wconf 89' lang='lat' dir='ltr'><strong>domos,</strong></span> <span class='ocrx_word' id='word_1_289' title='bbox 2293 2574 2374 2626; x_wconf 80' lang='lat' dir='ltr'><strong>fa-</strong></span> 
     </span>
    </p>
   </div>
   <div class='ocr_carea' id='block_1_44' title="bbox 810 2665 2373 2732">
    <p class='ocr_par' dir='ltr' id='par_1_44' title="bbox 810 2665 2373 2732">
     <span class='ocr_line' id='line_1_44' title="bbox 810 2665 2373 2732; baseline -0.011 0"><span class='ocrx_word' id='word_1_290' title='bbox 810 2678 985 2732; x_wconf 90' lang='lat' dir='ltr'><strong>milias</strong></span> <span class='ocrx_word' id='word_1_291' title='bbox 1014 2673 1389 2730; x_wconf 78' lang='lat' dir='ltr'><strong>muniﬁcentia</strong></span> <span class='ocrx_word' id='word_1_292' title='bbox 1435 2686 1532 2723; x_wconf 88' lang='lat' dir='ltr'><strong>sua</strong></span> <span class='ocrx_word' id='word_1_293' title='bbox 1589 2667 1908 2725; x_wconf 69' lang='lat' dir='ltr'><strong>recreabat;</strong></span> <span class='ocrx_word' id='word_1_294' title='bbox 1950 2666 2044 2718; x_wconf 88' lang='lat' dir='ltr'><strong>sed</strong></span> <span class='ocrx_word' id='word_1_295' title='bbox 2095 2665 2373 2718; x_wconf 87' lang='lat' dir='ltr'><strong>interdum</strong></span> 
     </span>
    </p>
   </div>
   <div class='ocr_carea' id='block_1_45' title="bbox 811 2753 2377 2833">
    <p class='ocr_par' dir='ltr' id='par_1_45' title="bbox 811 2753 2377 2833">
     <span class='ocr_line' id='line_1_45' title="bbox 811 2753 2377 2833; baseline -0.011 -10"><span class='ocrx_word' id='word_1_296' title='bbox 811 2769 1040 2824; x_wconf 83' lang='lat' dir='ltr'><strong>urbibus</strong></span> <span class='ocrx_word' id='word_1_297' title='bbox 1096 2764 1323 2833; x_wconf 79' lang='lat' dir='ltr'><strong>integris</strong></span> <span class='ocrx_word' id='word_1_298' title='bbox 1375 2761 1638 2814; x_wconf 87' lang='lat' dir='ltr'><strong>tributum</strong></span> <span class='ocrx_word' id='word_1_299' title='bbox 1688 2757 2023 2809; x_wconf 86' lang='lat' dir='ltr'><strong>remittebat.</strong></span> <span class='ocrx_word' id='word_1_300' title='bbox 2058 2754 2132 2812; x_wconf 79' lang='lat' dir='ltr'><strong>Ut</strong></span> <span class='ocrx_word' id='word_1_301' title='bbox 2183 2753 2377 2822; x_wconf 89' lang='lat' dir='ltr'><strong>paucis</strong></span> 
     </span>
    </p>
   </div>
   <div class='ocr_carea' id='block_1_46' title="bbox 809 2845 2376 2928">
    <p class='ocr_par' dir='ltr' id='par_1_46' title="bbox 809 2845 2376 2928">
     <span class='ocr_line' id='line_1_46' title="bbox 809 2845 2376 2928; baseline -0.013 -12"><span class='ocrx_word' id='word_1_302' title='bbox 809 2860 1164 2928; x_wconf 87' lang='lat' dir='ltr'><strong>complectar,</strong></span> <span class='ocrx_word' id='word_1_303' title='bbox 1200 2858 1271 2908; x_wconf 89' lang='lat' dir='ltr'><strong>ita</strong></span> <span class='ocrx_word' id='word_1_304' title='bbox 1315 2867 1621 2922; x_wconf 86' lang='lat' dir='ltr'><strong>propensus</strong></span> <span class='ocrx_word' id='word_1_305' title='bbox 1653 2859 1772 2902; x_wconf 86' lang='lat' dir='ltr'><strong>erat</strong></span> <span class='ocrx_word' id='word_1_306' title='bbox 1823 2850 1886 2900; x_wconf 87' lang='lat' dir='ltr'><strong>aJ</strong></span> <span class='ocrx_word' id='word_1_307' title='bbox 1921 2845 2376 2908; x_wconf 86' lang='lat' dir='ltr'><strong>misericordiam,</strong></span> 
     </span>
    </p>
   </div>
   <div class='ocr_carea' id='block_1_47' title="bbox 814 2935 2380 3010">
    <p class='ocr_par' dir='ltr' id='par_1_47' title="bbox 814 2935 2380 3010">
     <span class='ocr_line' id='line_1_47' title="bbox 814 2935 2380 3010; baseline -0.012 -6"><span class='ocrx_word' id='word_1_308' title='bbox 814 2950 1257 3008; x_wconf 78' lang='lat' dir='ltr'><strong>beneﬁcentiam,</strong></span> <span class='ocrx_word' id='word_1_309' title='bbox 1294 2955 1350 2996; x_wconf 89' lang='lat' dir='ltr'><strong>et</strong></span> <span class='ocrx_word' id='word_1_310' title='bbox 1379 2945 1603 3010; x_wconf 88' lang='lat' dir='ltr'><strong>inopum</strong></span> <span class='ocrx_word' id='word_1_311' title='bbox 1634 2939 2070 2992; x_wconf 76' lang='lat' dir='ltr'><strong>sublevatiouem</strong></span> <span class='ocrx_word' id='word_1_312' title='bbox 2094 2976 2108 2999; x_wconf 93' lang='lat'><strong>,</strong></span> <span class='ocrx_word' id='word_1_313' title='bbox 2145 2946 2205 2989; x_wconf 89' lang='lat' dir='ltr'><strong>ut</strong></span> <span class='ocrx_word' id='word_1_314' title='bbox 2230 2935 2380 3002; x_wconf 84' lang='lat' dir='ltr'><strong>quic-</strong></span> 
     </span>
    </p>
   </div>
   <div class='ocr_carea' id='block_1_48' title="bbox 812 3029 2381 3111">
    <p class='ocr_par' dir='ltr' id='par_1_48' title="bbox 812 3029 2381 3111">
     <span class='ocr_line' id='line_1_48' title="bbox 812 3029 2381 3111; baseline -0.011 -18"><span class='ocrx_word' id='word_1_315' title='bbox 812 3041 942 3111; x_wconf 80' lang='lat' dir='ltr'><strong>quid</strong></span> <span class='ocrx_word' id='word_1_316' title='bbox 973 3038 1336 3102; x_wconf 88' lang='lat' dir='ltr'><strong>undecunque</strong></span> <span class='ocrx_word' id='word_1_317' title='bbox 1364 3046 1459 3102; x_wconf 88' lang='lat' dir='ltr'><strong>per</strong></span> <span class='ocrx_word' id='word_1_318' title='bbox 1494 3031 1598 3082; x_wconf 87' lang='lat' dir='ltr'><strong>vim</strong></span> <span class='ocrx_word' id='word_1_319' title='bbox 1628 3039 1682 3082; x_wconf 89' lang='lat' dir='ltr'><strong>et</strong></span> <span class='ocrx_word' id='word_1_320' title='bbox 1713 3029 1967 3096; x_wconf 69' lang='lat' dir='ltr'><strong>iniuriam</strong></span> <span class='ocrx_word' id='word_1_321' title='bbox 2024 3034 2238 3094; x_wconf 88' lang='lat' dir='ltr'><strong>partum</strong></span> <span class='ocrx_word' id='word_1_322' title='bbox 2288 3039 2381 3077; x_wconf 86' lang='lat' dir='ltr'><strong>ac-</strong></span> 
     </span>
    </p>
   </div>
   <div class='ocr_carea' id='block_1_49' title="bbox 2467 1936 4054 2010">
    <p class='ocr_par' dir='ltr' id='par_1_49' title="bbox 2467 1936 4054 2010">
     <span class='ocr_line' id='line_1_49' title="bbox 2467 1936 4054 2010; baseline 0.006 -23"><span class='ocrx_word' id='word_1_323' title='bbox 2467 1936 2734 2007; x_wconf 76' lang='grc' dir='ltr'><strong>ἀργυρίου</strong></span> <span class='ocrx_word' id='word_1_324' title='bbox 2798 1938 2884 2007; x_wconf 76' lang='grc' dir='ltr'><strong>ἐφ’</strong></span> <span class='ocrx_word' id='word_1_325' title='bbox 2939 1940 3172 2010; x_wconf 64' lang='grc' dir='ltr'><strong>ἡμέραις</strong></span> <span class='ocrx_word' id='word_1_326' title='bbox 3219 1942 3451 1993; x_wconf 82' lang='grc' dir='ltr'><strong>πλείοσι.</strong></span> <span class='ocrx_word' id='word_1_327' title='bbox 3517 1944 3795 1995; x_wconf 81' lang='grc' dir='ltr'><strong>Μετέδαλε</strong></span> <span class='ocrx_word' id='word_1_328' title='bbox 3849 1944 3906 1997; x_wconf 79' lang='grc' dir='ltr'><strong>δὲ</strong></span> <span class='ocrx_word' id='word_1_329' title='bbox 3970 1947 4054 2006; x_wconf 87' lang='grc' dir='ltr'><strong>είς</strong></span> 
     </span>
    </p>
   </div>
   <div class='ocr_carea' id='block_1_50' title="bbox 2472 2031 4056 2103">
    <p class='ocr_par' dir='ltr' id='par_1_50' title="bbox 2472 2031 4056 2103">
     <span class='ocr_line' id='line_1_50' title="bbox 2472 2031 4056 2103; baseline 0.004 -22"><span class='ocrx_word' id='word_1_330' title='bbox 2472 2032 2822 2097; x_wconf 86' lang='grc' dir='ltr'><strong>νοσοκομεῖον</strong></span> <span class='ocrx_word' id='word_1_331' title='bbox 2855 2031 2951 2083; x_wconf 81' lang='grc' dir='ltr'><strong>καὶ</strong></span> <span class='ocrx_word' id='word_1_332' title='bbox 3003 2033 3133 2092; x_wconf 84' lang='grc' dir='ltr'><strong>τοὺς</strong></span> <span class='ocrx_word' id='word_1_333' title='bbox 3180 2033 3493 2100; x_wconf 73' lang='grc' dir='ltr'><strong>βασιλικοὺς</strong></span> <span class='ocrx_word' id='word_1_334' title='bbox 3539 2034 3736 2103; x_wconf 79' lang='grc' dir='ltr'>δόμους</span> <span class='ocrx_word' id='word_1_335' title='bbox 3778 2034 3874 2096; x_wconf 86' lang='grc' dir='ltr'><strong>οὓς</strong></span> <span class='ocrx_word' id='word_1_336' title='bbox 3909 2036 4056 2088; x_wconf 76' lang='grc' dir='ltr'><strong>κατὰ</strong></span> 
     </span>
    </p>
   </div>
   <div class='ocr_carea' id='block_1_51' title="bbox 2471 2117 4054 2191">
    <p class='ocr_par' dir='ltr' id='par_1_51' title="bbox 2471 2117 4054 2191">
     <span class='ocr_line' id='line_1_51' title="bbox 2471 2117 4054 2191; baseline 0.003 -21"><span class='ocrx_word' id='word_1_337' title='bbox 2471 2121 2561 2171; x_wconf 73' lang='grc' dir='ltr'><strong>τὸν</strong></span> <span class='ocrx_word' id='word_1_338' title='bbox 2612 2117 2749 2171; x_wconf 87' lang='grc' dir='ltr'><strong>νεὼν</strong></span> <span class='ocrx_word' id='word_1_339' title='bbox 2803 2119 2911 2170; x_wconf 85' lang='grc' dir='ltr'><strong>τῶν</strong></span> <span class='ocrx_word' id='word_1_340' title='bbox 2944 2120 3363 2190; x_wconf 88' lang='grc' dir='ltr'><strong>Τεσσαράκοντα</strong></span> <span class='ocrx_word' id='word_1_341' title='bbox 3397 2123 3688 2190; x_wconf 86' lang='grc' dir='ltr'><strong>μαρτύρων</strong></span> <span class='ocrx_word' id='word_1_342' title='bbox 3733 2125 3760 2175; x_wconf 89' lang='grc' dir='ltr'><strong>ό</strong></span> <span class='ocrx_word' id='word_1_343' title='bbox 3794 2123 4054 2191; x_wconf 72' lang='grc' dir='ltr'><strong>βασιλεὺς</strong></span> 
     </span>
    </p>
   </div>
   <div class='ocr_carea' id='block_1_52' title="bbox 2486 2212 4056 2280">
    <p class='ocr_par' dir='ltr' id='par_1_52' title="bbox 2486 2212 4056 2280">
     <span class='ocr_line' id='line_1_52' title="bbox 2486 2212 4056 2280; baseline -0.001 -16"><span class='ocrx_word' id='word_1_344' title='bbox 2486 2213 2825 2280; x_wconf 81' lang='grc' dir='ltr'><strong>Ἀνδρόνικος</strong></span> <span class='ocrx_word' id='word_1_345' title='bbox 2871 2214 3197 2280; x_wconf 84' lang='grc' dir='ltr'><strong>ὲδομήσατο.</strong></span> <span class='ocrx_word' id='word_1_346' title='bbox 3256 2213 3378 2264; x_wconf 83' lang='grc' dir='ltr'><strong>Ἔτι</strong></span> <span class='ocrx_word' id='word_1_347' title='bbox 3419 2230 3479 2280; x_wconf 88' lang='grc' dir='ltr'><strong>γε</strong></span> <span class='ocrx_word' id='word_1_348' title='bbox 3520 2213 3623 2280; x_wconf 71' lang='grc' dir='ltr'><strong>μὴν</strong></span> <span class='ocrx_word' id='word_1_349' title='bbox 3674 2215 3765 2265; x_wconf 70' lang='grc' dir='ltr'><strong>τὶν</strong></span> <span class='ocrx_word' id='word_1_350' title='bbox 3817 2212 3913 2266; x_wconf 81' lang='grc' dir='ltr'><strong>τοῦ</strong></span> <span class='ocrx_word' id='word_1_351' title='bbox 3951 2229 4056 2278; x_wconf 82' lang='grc' dir='ltr'><strong>με-</strong></span> 
     </span>
    </p>
   </div>
   <div class='ocr_carea' id='block_1_53' title="bbox 2473 2301 4056 2374">
    <p class='ocr_par' dir='ltr' id='par_1_53' title="bbox 2473 2301 4056 2374">
     <span class='ocr_line' id='line_1_53' title="bbox 2473 2301 4056 2374; baseline -0.002 -18"><span class='ocrx_word' id='word_1_352' title='bbox 2473 2304 2641 2372; x_wconf 84' lang='grc' dir='ltr'><strong>γάλου</strong></span> <span class='ocrx_word' id='word_1_353' title='bbox 2689 2304 3052 2374; x_wconf 89' lang='grc' dir='ltr'><strong>δρουγγαρίου</strong></span> <span class='ocrx_word' id='word_1_354' title='bbox 3081 2302 3488 2373; x_wconf 81' lang='grc' dir='ltr'><strong>ὀνομαζόμενον</strong></span> <span class='ocrx_word' id='word_1_355' title='bbox 3518 2301 3664 2354; x_wconf 77' lang='grc' dir='ltr'><strong>οἶκον</strong></span> <span class='ocrx_word' id='word_1_356' title='bbox 3719 2306 3781 2354; x_wconf 78' lang='grc' dir='ltr'><strong>ὲκ</strong></span> <span class='ocrx_word' id='word_1_357' title='bbox 3828 2303 3921 2356; x_wconf 79' lang='grc' dir='ltr'><strong>τοῦ</strong></span> <span class='ocrx_word' id='word_1_358' title='bbox 3972 2304 4056 2354; x_wconf 65' lang='grc' dir='ltr'><strong>δε.</strong></span> 
     </span>
    </p>
   </div>
   <div class='ocr_carea' id='block_1_54' title="bbox 2477 2395 4060 2465">
    <p class='ocr_par' dir='ltr' id='par_1_54' title="bbox 2477 2395 4060 2465">
     <span class='ocr_line' id='line_1_54' title="bbox 2477 2395 4060 2465; baseline 0.001 -19"><span class='ocrx_word' id='word_1_359' title='bbox 2477 2395 2771 2458; x_wconf 74' lang='grc' dir='ltr'><strong>σπόςοντος</strong></span> <span class='ocrx_word' id='word_1_360' title='bbox 2805 2397 3192 2465; x_wconf 83' lang='grc' dir='ltr'><strong>ὠνησάμενος,</strong></span> <span class='ocrx_word' id='word_1_361' title='bbox 3243 2397 3446 2464; x_wconf 79' lang='grc' dir='ltr'>ὁμοίιος</span> <span class='ocrx_word' id='word_1_362' title='bbox 3477 2399 3570 2446; x_wconf 84' lang='grc' dir='ltr'>καί</span> <span class='ocrx_word' id='word_1_363' title='bbox 3608 2395 3795 2448; x_wconf 83' lang='grc' dir='ltr'><strong>τοῦτον</strong></span> <span class='ocrx_word' id='word_1_364' title='bbox 3820 2398 3897 2456; x_wconf 91' lang='grc' dir='ltr'><strong>είς</strong></span> <span class='ocrx_word' id='word_1_365' title='bbox 3925 2396 4060 2448; x_wconf 85' lang='grc' dir='ltr'><strong>άνά-</strong></span> 
     </span>
    </p>
   </div>
   <div class='ocr_carea' id='block_1_55' title="bbox 2479 2489 4061 2560">
    <p class='ocr_par' dir='ltr' id='par_1_55' title="bbox 2479 2489 4061 2560">
     <span class='ocr_line' id='line_1_55' title="bbox 2479 2489 4061 2560; baseline 0.001 -18"><span class='ocrx_word' id='word_1_366' title='bbox 2479 2508 2672 2559; x_wconf 89' lang='grc' dir='ltr'><strong>παυμα</strong></span> <span class='ocrx_word' id='word_1_367' title='bbox 2703 2491 2812 2542; x_wconf 84' lang='grc' dir='ltr'><strong>τῶν</strong></span> <span class='ocrx_word' id='word_1_368' title='bbox 2859 2491 3275 2560; x_wconf 79' lang='grc' dir='ltr'><strong>καχεκτούντων</strong></span> <span class='ocrx_word' id='word_1_369' title='bbox 3307 2489 3594 2555; x_wconf 71' lang='grc' dir='ltr'><strong>ἀπέταξεν,</strong></span> <span class='ocrx_word' id='word_1_370' title='bbox 3624 2490 3830 2551; x_wconf 72' lang='grc' dir='ltr'><strong>οὐδενὸς</strong></span> <span class='ocrx_word' id='word_1_371' title='bbox 3867 2491 4061 2558; x_wconf 76' lang='grc' dir='ltr'><strong>φεισάο</strong></span> 
     </span>
    </p>
   </div>
   <div class='ocr_carea' id='block_1_56' title="bbox 2483 2583 4058 2653">
    <p class='ocr_par' dir='ltr' id='par_1_56' title="bbox 2483 2583 4058 2653">
     <span class='ocr_line' id='line_1_56' title="bbox 2483 2583 4058 2653; baseline 0.001 -19"><span class='ocrx_word' id='word_1_372' title='bbox 2483 2600 2642 2652; x_wconf 90' lang='grc' dir='ltr'><strong>μενος</strong></span> <span class='ocrx_word' id='word_1_373' title='bbox 2678 2583 2853 2636; x_wconf 84' lang='grc' dir='ltr'><strong>ὁπόσα</strong></span> <span class='ocrx_word' id='word_1_374' title='bbox 2908 2587 3046 2652; x_wconf 67' lang='grc' dir='ltr'><strong>πρῖς</strong></span> <span class='ocrx_word' id='word_1_375' title='bbox 3103 2584 3267 2651; x_wconf 80' lang='grc' dir='ltr'><strong>ρὦιν</strong></span> <span class='ocrx_word' id='word_1_376' title='bbox 3314 2585 3483 2653; x_wconf 81' lang='grc' dir='ltr'><strong>δρῶσι</strong></span> <span class='ocrx_word' id='word_1_377' title='bbox 3514 2585 3622 2636; x_wconf 83' lang='grc' dir='ltr'><strong>τῶν</strong></span> <span class='ocrx_word' id='word_1_378' title='bbox 3655 2583 4058 2636; x_wconf 63' lang='grc' dir='ltr'><strong>ἀσθενούντων.</strong></span> 
     </span>
    </p>
   </div>
   <div class='ocr_carea' id='block_1_57' title="bbox 2478 2674 4064 2744">
    <p class='ocr_par' dir='ltr' id='par_1_57' title="bbox 2478 2674 4064 2744">
     <span class='ocr_line' id='line_1_57' title="bbox 2478 2674 4064 2744; baseline 0 -18"><span class='ocrx_word' id='word_1_379' title='bbox 2478 2676 2589 2726; x_wconf 77' lang='grc' dir='ltr'><strong>Καὶ</strong></span> <span class='ocrx_word' id='word_1_380' title='bbox 2625 2676 2798 2744; x_wconf 86' lang='grc' dir='ltr'><strong>πυρὸς</strong></span> <span class='ocrx_word' id='word_1_381' title='bbox 2835 2674 2898 2726; x_wconf 84' lang='grc' dir='ltr'><strong>τὺ</strong></span> <span class='ocrx_word' id='word_1_382' title='bbox 2933 2675 3304 2744; x_wconf 80' lang='grc' dir='ltr'><strong>προσάρκτιον</strong></span> <span class='ocrx_word' id='word_1_383' title='bbox 3334 2675 3504 2742; x_wconf 81' lang='grc' dir='ltr'><strong>κλίμα</strong></span> <span class='ocrx_word' id='word_1_384' title='bbox 3547 2676 3645 2744; x_wconf 82' lang='grc' dir='ltr'><strong>τῆς</strong></span> <span class='ocrx_word' id='word_1_385' title='bbox 3679 2674 3882 2734; x_wconf 75' lang='grc' dir='ltr'><strong>πόλεως</strong></span> <span class='ocrx_word' id='word_1_386' title='bbox 3918 2677 4064 2740; x_wconf 69' lang='grc' dir='ltr'><strong>ἀφα-</strong></span> 
     </span>
    </p>
   </div>
   <div class='ocr_carea' id='block_1_58' title="bbox 2479 2764 4064 2834">
    <p class='ocr_par' dir='ltr' id='par_1_58' title="bbox 2479 2764 4064 2834">
     <span class='ocr_line' id='line_1_58' title="bbox 2479 2764 4064 2834; baseline -0.001 -17"><span class='ocrx_word' id='word_1_387' title='bbox 2479 2764 2758 2828; x_wconf 89' lang='grc' dir='ltr'><strong>νίσαντος,</strong></span> <span class='ocrx_word' id='word_1_388' title='bbox 2809 2765 3078 2817; x_wconf 90' lang='grc' dir='ltr'><strong>διαδόσεσι</strong></span> <span class='ocrx_word' id='word_1_389' title='bbox 3135 2767 3434 2834; x_wconf 82' lang='grc' dir='ltr'><strong>χρημάτων</strong></span> <span class='ocrx_word' id='word_1_390' title='bbox 3469 2764 3596 2826; x_wconf 82' lang='grc' dir='ltr'><strong>τοὺς</strong></span> <span class='ocrx_word' id='word_1_391' title='bbox 3635 2767 3692 2828; x_wconf 76' lang='grc' dir='ltr'><strong>ἐς</strong></span> <span class='ocrx_word' id='word_1_392' title='bbox 3732 2766 3930 2834; x_wconf 79' lang='grc' dir='ltr'>δόμους</span> <span class='ocrx_word' id='word_1_393' title='bbox 3967 2767 4064 2818; x_wconf 85' lang='grc' dir='ltr'><strong>καὶ</strong></span> 
     </span>
    </p>
   </div>
   <div class='ocr_carea' id='block_1_59' title="bbox 2481 2855 4063 2924">
    <p class='ocr_par' dir='ltr' id='par_1_59' title="bbox 2481 2855 4063 2924">
     <span class='ocr_line' id='line_1_59' title="bbox 2481 2855 4063 2924; baseline -0.001 -16"><span class='ocrx_word' id='word_1_394' title='bbox 2481 2858 2549 2908; x_wconf 76' lang='grc' dir='ltr'><strong>τὰ</strong></span> <span class='ocrx_word' id='word_1_395' title='bbox 2580 2856 2708 2908; x_wconf 74' lang='grc' dir='ltr'><strong>ὅντα</strong></span> <span class='ocrx_word' id='word_1_396' title='bbox 2741 2855 3124 2924; x_wconf 80' lang='grc' dir='ltr'><strong>ζημιωθέντας</strong></span> <span class='ocrx_word' id='word_1_397' title='bbox 3180 2856 3544 2924; x_wconf 86' lang='grc' dir='ltr'><strong>παρεκάλεσε.</strong></span> <span class='ocrx_word' id='word_1_398' title='bbox 3592 2857 3702 2909; x_wconf 78' lang='grc' dir='ltr'><strong>Καὶ</strong></span> <span class='ocrx_word' id='word_1_399' title='bbox 3733 2857 4063 2924; x_wconf 76' lang='grc' dir='ltr'><strong>βασιλεύσας</strong></span> 
     </span>
    </p>
   </div>
   <div class='ocr_carea' id='block_1_60' title="bbox 2480 2946 4062 3016">
    <p class='ocr_par' dir='ltr' id='par_1_60' title="bbox 2480 2946 4062 3016">
     <span class='ocr_line' id='line_1_60' title="bbox 2480 2946 4062 3016; baseline -0.001 -17"><span class='ocrx_word' id='word_1_400' title='bbox 2480 2949 2592 3009; x_wconf 85' lang='grc' dir='ltr'><strong>τοῖς</strong></span> <span class='ocrx_word' id='word_1_401' title='bbox 2622 2946 2872 3008; x_wconf 75' lang='grc' dir='ltr'><strong>πολίταις</strong></span> <span class='ocrx_word' id='word_1_402' title='bbox 2930 2947 3171 3014; x_wconf 85' lang='grc' dir='ltr'><strong>διένειμε</strong></span> <span class='ocrx_word' id='word_1_403' title='bbox 3223 2951 3447 3016; x_wconf 80' lang='grc' dir='ltr'><strong>χρυσίον</strong></span> <span class='ocrx_word' id='word_1_404' title='bbox 3501 2950 3831 3016; x_wconf 77' lang='grc' dir='ltr'><strong>κεντηνάρια</strong></span> <span class='ocrx_word' id='word_1_405' title='bbox 3872 2948 4062 2998; x_wconf 78' lang='grc' dir='ltr'><strong>πέντε.</strong></span> 
     </span>
    </p>
   </div>
   <div class='ocr_carea' id='block_1_61' title="bbox 2485 3038 4064 3108">
    <p class='ocr_par' dir='ltr' id='par_1_61' title="bbox 2485 3038 4064 3108">
     <span class='ocr_line' id='line_1_61' title="bbox 2485 3038 4064 3108; baseline -0.001 -19"><span class='ocrx_word' id='word_1_406' title='bbox 2485 3039 2593 3089; x_wconf 71' lang='grc' dir='ltr'><strong>Καὶ</strong></span> <span class='ocrx_word' id='word_1_407' title='bbox 2644 3039 2741 3104; x_wconf 78' lang='grc' dir='ltr'><strong>τῆς</strong></span> <span class='ocrx_word' id='word_1_408' title='bbox 2788 3038 3031 3106; x_wconf 80' lang='grc' dir='ltr'><strong>μεγάλης</strong></span> <span class='ocrx_word' id='word_1_409' title='bbox 3079 3038 3372 3106; x_wconf 72' lang='grc' dir='ltr'>ἑϐδομάδος</span> <span class='ocrx_word' id='word_1_410' title='bbox 3421 3039 3787 3108; x_wconf 69' lang='grc' dir='ltr'><strong>ἐφισταμένης</strong></span> <span class='ocrx_word' id='word_1_411' title='bbox 3840 3039 3961 3091; x_wconf 82' lang='grc' dir='ltr'><strong>καθ’</strong></span> <span class='ocrx_word' id='word_1_412' title='bbox 3997 3040 4064 3106; x_wconf 78' lang='grc' dir='ltr'><strong>ἣν</strong></span> 
     </span>
    </p>
   </div>
   <div class='ocr_carea' id='block_1_62' title="bbox 814 3115 2514 3207">
    <p class='ocr_par' dir='ltr' id='par_1_62' title="bbox 814 3115 2514 3207">
     <span class='ocr_line' id='line_1_62' title="bbox 814 3115 2514 3207; baseline -0.012 -21"><span class='ocrx_word' id='word_1_413' title='bbox 814 3141 1055 3198; x_wconf 85' lang='lat' dir='ltr'><strong>ceperat,</strong></span> <span class='ocrx_word' id='word_1_414' title='bbox 1093 3129 1147 3181; x_wconf 90' lang='lat' dir='ltr'><strong>id</strong></span> <span class='ocrx_word' id='word_1_415' title='bbox 1179 3140 1371 3179; x_wconf 90' lang='lat' dir='ltr'><strong>rursus</strong></span> <span class='ocrx_word' id='word_1_416' title='bbox 1405 3133 1635 3189; x_wconf 88' lang='lat' dir='ltr'><strong>utraque</strong></span> <span class='ocrx_word' id='word_1_417' title='bbox 1660 3136 1820 3172; x_wconf 89' lang='lat' dir='ltr'><strong>manu</strong></span> <span class='ocrx_word' id='word_1_418' title='bbox 1842 3119 2170 3172; x_wconf 79' lang='lat' dir='ltr'><strong>elIunderet.</strong></span> <span class='ocrx_word' id='word_1_419' title='bbox 2200 3115 2380 3183; x_wconf 87' lang='lat' dir='ltr'><strong>anue</strong></span> <span class='ocrx_word' id='word_1_420' title='bbox 2409 3153 2450 3207; x_wconf 66' lang='grc' dir='ltr'>ο</span> <span class='ocrx_word' id='word_1_421' title='bbox 2493 3147 2514 3182; x_wconf 67' lang='grc' dir='ltr'><strong>,ι</strong></span> 
     </span>
    </p>
   </div>
   <div class='ocr_carea' id='block_1_63' title="bbox 2359 3115 4059 3207">
    <p class='ocr_par' dir='ltr' id='par_1_63' title="bbox 2359 3130 4059 3207">
     <span class='ocr_line' id='line_1_63' title="bbox 2359 3130 4059 3207; baseline 0 -25"><span class='ocrx_word' id='word_1_422' title='bbox 2359 3130 2380 3168; x_wconf 70' lang='grc' dir='ltr'><strong>Β</strong></span> <span class='ocrx_word' id='word_1_423' title='bbox 2409 3153 2450 3207; x_wconf 80' lang='lat' dir='ltr'><strong>C</strong></span> <span class='ocrx_word' id='word_1_424' title='bbox 2493 3131 2562 3182; x_wconf 74' lang='grc' dir='ltr'><strong>τὰ</strong></span> <span class='ocrx_word' id='word_1_425' title='bbox 2591 3131 2730 3199; x_wconf 81' lang='grc' dir='ltr'><strong>ὑπὲρ</strong></span> <span class='ocrx_word' id='word_1_426' title='bbox 2771 3132 2928 3199; x_wconf 82' lang='grc' dir='ltr'><strong>ἡμῶν</strong></span> <span class='ocrx_word' id='word_1_427' title='bbox 2958 3130 3051 3182; x_wconf 79' lang='grc' dir='ltr'><strong>τοῦ</strong></span> <span class='ocrx_word' id='word_1_428' title='bbox 3092 3131 3456 3199; x_wconf 82' lang='grc' dir='ltr'><strong>Θεανθρώπου</strong></span> <span class='ocrx_word' id='word_1_429' title='bbox 3502 3131 3648 3198; x_wconf 76' lang='grc' dir='ltr'><strong>πάθη</strong></span> <span class='ocrx_word' id='word_1_430' title='bbox 3704 3131 4059 3193; x_wconf 76' lang='grc' dir='ltr'><strong>σεϐάξονται.</strong></span> 
     </span>
    </p>
   </div>
   <div class='ocr_carea' id='block_1_64' title="bbox 815 3207 2377 3284">
    <p class='ocr_par' dir='ltr' id='par_1_64' title="bbox 815 3207 2377 3284">
     <span class='ocr_line' id='line_1_64' title="bbox 815 3207 2377 3284; baseline -0.011 -9"><span class='ocrx_word' id='word_1_431' title='bbox 815 3226 883 3275; x_wconf 88' lang='lat' dir='ltr'><strong>de</strong></span> <span class='ocrx_word' id='word_1_432' title='bbox 915 3235 1079 3273; x_wconf 87' lang='lat' dir='ltr'><strong>causa</strong></span> <span class='ocrx_word' id='word_1_433' title='bbox 1112 3218 1214 3271; x_wconf 88' lang='lat' dir='ltr'><strong>etsi</strong></span> <span class='ocrx_word' id='word_1_434' title='bbox 1257 3215 1494 3284; x_wconf 85' lang='lat' dir='ltr'><strong>pecunia</strong></span> <span class='ocrx_word' id='word_1_435' title='bbox 1525 3228 1553 3264; x_wconf 90' lang='lat' dir='ltr'><strong>a</strong></span> <span class='ocrx_word' id='word_1_436' title='bbox 1588 3212 1921 3280; x_wconf 75' lang='lat' dir='ltr'><strong>pauperibus</strong></span> <span class='ocrx_word' id='word_1_437' title='bbox 1948 3209 2290 3276; x_wconf 68' lang='lat' dir='ltr'><strong>exigebatur,</strong></span> <span class='ocrx_word' id='word_1_438' title='bbox 2323 3207 2377 3258; x_wconf 90' lang='lat' dir='ltr'><strong>in</strong></span> 
     </span>
    </p>
   </div>
   <div class='ocr_carea' id='block_1_65' title="bbox 815 3307 2378 3368">
    <p class='ocr_par' dir='ltr' id='par_1_65' title="bbox 815 3307 2378 3368">
     <span class='ocr_line' id='line_1_65' title="bbox 815 3307 2378 3368; baseline -0.011 -2"><span class='ocrx_word' id='word_1_439' title='bbox 815 3332 880 3366; x_wconf 91' lang='lat' dir='ltr'><strong>eo</strong></span> <span class='ocrx_word' id='word_1_440' title='bbox 916 3325 1103 3364; x_wconf 91' lang='lat' dir='ltr'><strong>errore</strong></span> <span class='ocrx_word' id='word_1_441' title='bbox 1136 3307 1452 3360; x_wconf 87' lang='lat' dir='ltr'><strong>versabatur</strong></span> <span class='ocrx_word' id='word_1_442' title='bbox 1489 3313 1547 3356; x_wconf 92' lang='lat' dir='ltr'><strong>ut</strong></span> <span class='ocrx_word' id='word_1_443' title='bbox 1577 3318 1633 3356; x_wconf 84' lang='lat' dir='ltr'><strong>se</strong></span> <span class='ocrx_word' id='word_1_444' title='bbox 1661 3318 1767 3354; x_wconf 88' lang='lat' dir='ltr'><strong>non</strong></span> <span class='ocrx_word' id='word_1_445' title='bbox 1807 3314 2032 3368; x_wconf 72' lang='lat' dir='ltr'><strong>peccare</strong></span> <span class='ocrx_word' id='word_1_446' title='bbox 2057 3313 2378 3367; x_wconf 88' lang='lat' dir='ltr'><strong>persuasum</strong></span> 
     </span>
    </p>
   </div>
   <div class='ocr_carea' id='block_1_66' title="bbox 820 3388 2381 3468">
    <p class='ocr_par' dir='ltr' id='par_1_66' title="bbox 820 3388 2381 3468">
     <span class='ocr_line' id='line_1_66' title="bbox 820 3388 2381 3468; baseline -0.012 -10"><span class='ocrx_word' id='word_1_447' title='bbox 820 3406 1066 3468; x_wconf 85' lang='lat' dir='ltr'><strong>haberet,</strong></span> <span class='ocrx_word' id='word_1_448' title='bbox 1097 3400 1242 3468; x_wconf 89' lang='lat' dir='ltr'><strong>qttod</strong></span> <span class='ocrx_word' id='word_1_449' title='bbox 1273 3399 1374 3450; x_wconf 91' lang='lat' dir='ltr'><strong>hoc</strong></span> <span class='ocrx_word' id='word_1_450' title='bbox 1405 3396 1566 3448; x_wconf 91' lang='lat' dir='ltr'><strong>modo</strong></span> <span class='ocrx_word' id='word_1_451' title='bbox 1599 3392 1790 3446; x_wconf 84' lang='lat' dir='ltr'><strong>iisdem</strong></span> <span class='ocrx_word' id='word_1_452' title='bbox 1816 3393 2222 3444; x_wconf 83' lang='lat' dir='ltr'><strong>restitueretur.</strong></span> <span class='ocrx_word' id='word_1_453' title='bbox 2247 3388 2381 3440; x_wconf 84' lang='lat' dir='ltr'><strong>Nam</strong></span> 
     </span>
    </p>
   </div>
   <div class='ocr_carea' id='block_1_67' title="bbox 822 3479 2383 3559">
    <p class='ocr_par' dir='ltr' id='par_1_67' title="bbox 822 3479 2383 3559">
     <span class='ocr_line' id='line_1_67' title="bbox 822 3479 2383 3559; baseline -0.012 -11"><span class='ocrx_word' id='word_1_454' title='bbox 822 3495 1069 3549; x_wconf 81' lang='lat' dir='ltr'><strong>immensi</strong></span> <span class='ocrx_word' id='word_1_455' title='bbox 1104 3499 1357 3559; x_wconf 91' lang='lat' dir='ltr'><strong>sumptus</strong></span> <span class='ocrx_word' id='word_1_456' title='bbox 1386 3485 1697 3539; x_wconf 79' lang='lat' dir='ltr'><strong>eﬂiciebant</strong></span> <span class='ocrx_word' id='word_1_457' title='bbox 1731 3491 1789 3535; x_wconf 92' lang='lat' dir='ltr'><strong>ut</strong></span> <span class='ocrx_word' id='word_1_458' title='bbox 1821 3482 1874 3534; x_wconf 91' lang='lat' dir='ltr'><strong>in</strong></span> <span class='ocrx_word' id='word_1_459' title='bbox 1908 3480 2221 3550; x_wconf 86' lang='lat' dir='ltr'><strong>provincias</strong></span> <span class='ocrx_word' id='word_1_460' title='bbox 2258 3479 2383 3532; x_wconf 89' lang='lat' dir='ltr'><strong>mit-</strong></span> 
     </span>
    </p>
   </div>
   <div class='ocr_carea' id='block_1_68' title="bbox 823 3569 2385 3645">
    <p class='ocr_par' dir='ltr' id='par_1_68' title="bbox 823 3569 2385 3645">
     <span class='ocr_line' id='line_1_68' title="bbox 823 3569 2385 3645; baseline -0.012 -5"><span class='ocrx_word' id='word_1_461' title='bbox 823 3598 962 3640; x_wconf 87' lang='lat' dir='ltr'><strong>teret</strong></span> <span class='ocrx_word' id='word_1_462' title='bbox 989 3583 1241 3638; x_wconf 85' lang='lat' dir='ltr'><strong>homines</strong></span> <span class='ocrx_word' id='word_1_463' title='bbox 1276 3586 1569 3645; x_wconf 92' lang='lat' dir='ltr'><strong>corruptos</strong></span> <span class='ocrx_word' id='word_1_464' title='bbox 1593 3615 1607 3637; x_wconf 93' lang='lat'><strong>,</strong></span> <span class='ocrx_word' id='word_1_465' title='bbox 1645 3575 1736 3642; x_wconf 89' lang='lat' dir='ltr'><strong>qui</strong></span> <span class='ocrx_word' id='word_1_466' title='bbox 1776 3573 2130 3640; x_wconf 84' lang='lat' dir='ltr'><strong>magistratus</strong></span> <span class='ocrx_word' id='word_1_467' title='bbox 2169 3569 2385 3623; x_wconf 86' lang='lat' dir='ltr'><strong>auctio-</strong></span> 
     </span>
    </p>
   </div>
   <div class='ocr_carea' id='block_1_69' title="bbox 835 3662 2384 3736">
    <p class='ocr_par' dir='ltr' id='par_1_69' title="bbox 835 3662 2384 3736">
     <span class='ocr_line' id='line_1_69' title="bbox 835 3662 2384 3736; baseline -0.011 -7"><span class='ocrx_word' id='word_1_468' title='bbox 835 3687 1118 3729; x_wconf 71' lang='lat' dir='ltr'><strong>u..rentur.</strong></span> <span class='ocrx_word' id='word_1_469' title='bbox 1170 3675 1302 3736; x_wconf 72' lang='lat' dir='ltr'><strong>Qua:</strong></span> <span class='ocrx_word' id='word_1_470' title='bbox 1338 3682 1503 3721; x_wconf 86' lang='lat' dir='ltr'><strong>causa</strong></span> <span class='ocrx_word' id='word_1_471' title='bbox 1538 3674 1657 3718; x_wconf 85' lang='lat' dir='ltr'><strong>erat</strong></span> <span class='ocrx_word' id='word_1_472' title='bbox 1689 3676 1750 3716; x_wconf 86' lang='lat' dir='ltr'><strong>ut</strong></span> <span class='ocrx_word' id='word_1_473' title='bbox 1786 3677 1872 3714; x_wconf 91' lang='lat' dir='ltr'><strong>res</strong></span> <span class='ocrx_word' id='word_1_474' title='bbox 1915 3662 2130 3730; x_wconf 89' lang='lat' dir='ltr'><strong>publica</strong></span> <span class='ocrx_word' id='word_1_475' title='bbox 2164 3675 2384 3729; x_wconf 88' lang='lat' dir='ltr'><strong>pessum</strong></span> 
     </span>
    </p>
   </div>
   <div class='ocr_carea' id='block_1_70' title="bbox 825 3749 2386 3831">
    <p class='ocr_par' dir='ltr' id='par_1_70' title="bbox 825 3749 2386 3831">
     <span class='ocr_line' id='line_1_70' title="bbox 825 3749 2386 3831; baseline -0.013 -10"><span class='ocrx_word' id='word_1_476' title='bbox 825 3772 948 3821; x_wconf 86' lang='lat' dir='ltr'><strong>iret.</strong></span> <span class='ocrx_word' id='word_1_477' title='bbox 974 3767 1107 3820; x_wconf 78' lang='lat' dir='ltr'><strong>Nam</strong></span> <span class='ocrx_word' id='word_1_478' title='bbox 1131 3761 1361 3831; x_wconf 89' lang='lat' dir='ltr'><strong>pecunia</strong></span> <span class='ocrx_word' id='word_1_479' title='bbox 1387 3775 1481 3827; x_wconf 91' lang='lat' dir='ltr'><strong>per</strong></span> <span class='ocrx_word' id='word_1_480' title='bbox 1499 3758 1607 3808; x_wconf 90' lang='lat' dir='ltr'><strong>vim</strong></span> <span class='ocrx_word' id='word_1_481' title='bbox 1626 3763 1681 3807; x_wconf 89' lang='lat' dir='ltr'><strong>et</strong></span> <span class='ocrx_word' id='word_1_482' title='bbox 1702 3753 1951 3805; x_wconf 83' lang='lat' dir='ltr'><strong>fraudem</strong></span> <span class='ocrx_word' id='word_1_483' title='bbox 1980 3752 2205 3819; x_wconf 73' lang='lat' dir='ltr'><strong>quaesita</strong></span> <span class='ocrx_word' id='word_1_484' title='bbox 2222 3749 2386 3803; x_wconf 88' lang='lat' dir='ltr'><strong>etiam</strong></span> 
     </span>
    </p>
   </div>
   <div class='ocr_carea' id='block_1_71' title="bbox 828 3841 2389 3923">
    <p class='ocr_par' dir='ltr' id='par_1_71' title="bbox 828 3841 2389 3923">
     <span class='ocr_line' id='line_1_71' title="bbox 828 3841 2389 3923; baseline -0.01 -13"><span class='ocrx_word' id='word_1_485' title='bbox 828 3859 965 3910; x_wconf 89' lang='lat' dir='ltr'><strong>bene</strong></span> <span class='ocrx_word' id='word_1_486' title='bbox 996 3861 1206 3923; x_wconf 92' lang='lat' dir='ltr'><strong>partam</strong></span> <span class='ocrx_word' id='word_1_487' title='bbox 1257 3865 1364 3902; x_wconf 90' lang='lat' dir='ltr'><strong>una</strong></span> <span class='ocrx_word' id='word_1_488' title='bbox 1394 3845 1702 3913; x_wconf 87' lang='lat' dir='ltr'><strong>corrumpit</strong></span> <span class='ocrx_word' id='word_1_489' title='bbox 1740 3853 1798 3896; x_wconf 91' lang='lat' dir='ltr'><strong>et</strong></span> <span class='ocrx_word' id='word_1_490' title='bbox 1831 3843 2094 3896; x_wconf 89' lang='lat' dir='ltr'><strong>absumit.</strong></span> <span class='ocrx_word' id='word_1_491' title='bbox 2130 3841 2389 3905; x_wconf 86' lang='lat' dir='ltr'><strong>Quamvis</strong></span> 
     </span>
    </p>
   </div>
   <div class='ocr_carea' id='block_1_72' title="bbox 827 3933 2388 4015">
    <p class='ocr_par' dir='ltr' id='par_1_72' title="bbox 827 3933 2388 4015">
     <span class='ocr_line' id='line_1_72' title="bbox 827 3933 2388 4015; baseline -0.012 -14"><span class='ocrx_word' id='word_1_492' title='bbox 827 3958 1007 4001; x_wconf 88' lang='lat' dir='ltr'><strong>autem</strong></span> <span class='ocrx_word' id='word_1_493' title='bbox 1043 3959 1247 4015; x_wconf 91' lang='lat' dir='ltr'><strong>pronus</strong></span> <span class='ocrx_word' id='word_1_494' title='bbox 1285 3943 1336 3994; x_wconf 90' lang='lat' dir='ltr'><strong>itt</strong></span> <span class='ocrx_word' id='word_1_495' title='bbox 1369 3941 1506 3992; x_wconf 87' lang='lat' dir='ltr'><strong>iram</strong></span> <span class='ocrx_word' id='word_1_496' title='bbox 1533 3945 1700 4001; x_wconf 85' lang='lat' dir='ltr'><strong>esset,</strong></span> <span class='ocrx_word' id='word_1_497' title='bbox 1744 3944 1922 3988; x_wconf 87' lang='lat' dir='ltr'><strong>tamen</strong></span> <span class='ocrx_word' id='word_1_498' title='bbox 1958 3947 2057 3986; x_wconf 91' lang='lat' dir='ltr'><strong>nec</strong></span> <span class='ocrx_word' id='word_1_499' title='bbox 2085 3947 2114 3986; x_wconf 88' lang='lat' dir='ltr'><strong>a</strong></span> <span class='ocrx_word' id='word_1_500' title='bbox 2145 3933 2388 3986; x_wconf 88' lang='lat' dir='ltr'><strong>clemen-</strong></span> 
     </span>
    </p>
   </div>
   <div class='ocr_carea' id='block_1_73' title="bbox 828 4022 2389 4096">
    <p class='ocr_par' dir='ltr' id='par_1_73' title="bbox 828 4022 2389 4096">
     <span class='ocr_line' id='line_1_73' title="bbox 828 4022 2389 4096; baseline -0.012 -4"><span class='ocrx_word' id='word_1_501' title='bbox 828 4044 898 4092; x_wconf 75' lang='lat' dir='ltr'><strong>tia</strong></span> <span class='ocrx_word' id='word_1_502' title='bbox 930 4047 1048 4092; x_wconf 89' lang='lat' dir='ltr'><strong>erat</strong></span> <span class='ocrx_word' id='word_1_503' title='bbox 1075 4037 1309 4096; x_wconf 89' lang='lat' dir='ltr'><strong>alienus,</strong></span> <span class='ocrx_word' id='word_1_504' title='bbox 1334 4042 1389 4085; x_wconf 94' lang='lat' dir='ltr'><strong>et</strong></span> <span class='ocrx_word' id='word_1_505' title='bbox 1416 4030 1683 4084; x_wconf 78' lang='lat' dir='ltr'><strong>saevitiam</strong></span> <span class='ocrx_word' id='word_1_506' title='bbox 1715 4026 1950 4079; x_wconf 89' lang='lat' dir='ltr'><strong>subinde</strong></span> <span class='ocrx_word' id='word_1_507' title='bbox 1979 4022 2389 4084; x_wconf 90' lang='lat' dir='ltr'><strong>moderabatur,</strong></span> 
     </span>
    </p>
   </div>
   <div class='ocr_carea' id='block_1_74' title="bbox 828 4115 2390 4199">
    <p class='ocr_par' dir='ltr' id='par_1_74' title="bbox 828 4115 2390 4199">
     <span class='ocr_line' id='line_1_74' title="bbox 828 4115 2390 4199; baseline -0.013 -15"><span class='ocrx_word' id='word_1_508' title='bbox 828 4143 882 4184; x_wconf 90' lang='lat' dir='ltr'><strong>et</strong></span> <span class='ocrx_word' id='word_1_509' title='bbox 934 4128 1296 4199; x_wconf 85' lang='lat' dir='ltr'><strong>placabilitate</strong></span> <span class='ocrx_word' id='word_1_510' title='bbox 1349 4123 1634 4176; x_wconf 89' lang='lat' dir='ltr'><strong>hominum</strong></span> <span class='ocrx_word' id='word_1_511' title='bbox 1710 4129 1985 4170; x_wconf 56' lang='lat' dir='ltr'><strong>aerumnas</strong></span> <span class='ocrx_word' id='word_1_512' title='bbox 2047 4115 2390 4166; x_wconf 89' lang='lat' dir='ltr'><strong>sublevabat.</strong></span> 
     </span>
    </p>
   </div>
   <div class='ocr_carea' id='block_1_75' title="bbox 829 4202 2396 4286">
    <p class='ocr_par' dir='ltr' id='par_1_75' title="bbox 829 4202 2396 4286">
     <span class='ocr_line' id='line_1_75' title="bbox 829 4202 2396 4286; baseline -0.013 -12"><span class='ocrx_word' id='word_1_513' title='bbox 829 4223 979 4286; x_wconf 72' lang='lat' dir='ltr'><strong>Quae,</strong></span> <span class='ocrx_word' id='word_1_514' title='bbox 1015 4219 1231 4284; x_wconf 78' lang='lat' dir='ltr'><strong>aliaque</strong></span> <span class='ocrx_word' id='word_1_515' title='bbox 1261 4231 1290 4266; x_wconf 88' lang='lat' dir='ltr'><strong>a</strong></span> <span class='ocrx_word' id='word_1_516' title='bbox 1325 4212 1481 4265; x_wconf 90' lang='lat' dir='ltr'><strong>nobis</strong></span> <span class='ocrx_word' id='word_1_517' title='bbox 1513 4207 1672 4278; x_wconf 76' lang='lat'><strong>581</strong></span> <span class='ocrx_word' id='word_1_518' title='bbox 1707 4205 2059 4275; x_wconf 84' lang='lat' dir='ltr'><strong>pretermissa</strong></span> <span class='ocrx_word' id='word_1_519' title='bbox 2097 4217 2221 4256; x_wconf 91' lang='lat' dir='ltr'><strong>cum</strong></span> <span class='ocrx_word' id='word_1_520' title='bbox 2252 4202 2396 4256; x_wconf 81' lang='lat' dir='ltr'><strong>face-</strong></span> 
     </span>
    </p>
   </div>
   <div class='ocr_carea' id='block_1_76' title="bbox 831 4297 2396 4380">
    <p class='ocr_par' dir='ltr' id='par_1_76' title="bbox 831 4297 2396 4380">
     <span class='ocr_line' id='line_1_76' title="bbox 831 4297 2396 4380; baseline -0.013 -12"><span class='ocrx_word' id='word_1_521' title='bbox 831 4324 937 4379; x_wconf 90' lang='lat' dir='ltr'><strong>ret,</strong></span> <span class='ocrx_word' id='word_1_522' title='bbox 976 4329 1033 4367; x_wconf 89' lang='lat' dir='ltr'><strong>se</strong></span> <span class='ocrx_word' id='word_1_523' title='bbox 1060 4313 1252 4380; x_wconf 66' lang='lat' dir='ltr'><strong>palma:</strong></span> <span class='ocrx_word' id='word_1_524' title='bbox 1287 4309 1459 4362; x_wconf 90' lang='lat' dir='ltr'><strong>instar</strong></span> <span class='ocrx_word' id='word_1_525' title='bbox 1481 4307 1546 4359; x_wconf 90' lang='lat' dir='ltr'><strong>ad</strong></span> <span class='ocrx_word' id='word_1_526' title='bbox 1582 4305 1784 4356; x_wconf 77' lang='lat' dir='ltr'><strong>[lumen</strong></span> <span class='ocrx_word' id='word_1_527' title='bbox 1820 4300 1936 4352; x_wconf 70' lang='lat' dir='ltr'><strong>sitae</strong></span> <span class='ocrx_word' id='word_1_528' title='bbox 1966 4297 2182 4358; x_wconf 84' lang='lat' dir='ltr'><strong>ﬂorere,</strong></span> <span class='ocrx_word' id='word_1_529' title='bbox 2212 4307 2268 4350; x_wconf 92' lang='lat' dir='ltr'><strong>et</strong></span> <span class='ocrx_word' id='word_1_530' title='bbox 2297 4297 2396 4349; x_wconf 88' lang='lat' dir='ltr'><strong>im-</strong></span> 
     </span>
    </p>
   </div>
   <div class='ocr_carea' id='block_1_77' title="bbox 835 4387 2397 4474">
    <p class='ocr_par' dir='ltr' id='par_1_77' title="bbox 835 4387 2397 4474">
     <span class='ocr_line' id='line_1_77' title="bbox 835 4387 2397 4474; baseline -0.013 -15"><span class='ocrx_word' id='word_1_531' title='bbox 835 4407 987 4474; x_wconf 90' lang='lat' dir='ltr'><strong>perio</strong></span> <span class='ocrx_word' id='word_1_532' title='bbox 1050 4402 1278 4456; x_wconf 88' lang='lat' dir='ltr'><strong>solidius</strong></span> <span class='ocrx_word' id='word_1_533' title='bbox 1346 4400 1572 4449; x_wconf 80' lang='lat' dir='ltr'><strong>inlixum</strong></span> <span class='ocrx_word' id='word_1_534' title='bbox 1634 4407 1754 4445; x_wconf 92' lang='lat' dir='ltr'><strong>esse</strong></span> <span class='ocrx_word' id='word_1_535' title='bbox 1807 4405 1968 4457; x_wconf 92' lang='lat' dir='ltr'><strong>quam</strong></span> <span class='ocrx_word' id='word_1_536' title='bbox 2028 4388 2198 4440; x_wconf 91' lang='lat' dir='ltr'><strong>solem</strong></span> <span class='ocrx_word' id='word_1_537' title='bbox 2257 4387 2397 4439; x_wconf 68' lang='lat' dir='ltr'><strong>cmlo</strong></span> 
     </span>
    </p>
   </div>
   <div class='ocr_carea' id='block_1_78' title="bbox 2485 3221 4058 3290">
    <p class='ocr_par' dir='ltr' id='par_1_78' title="bbox 2485 3221 4058 3290">
     <span class='ocr_line' id='line_1_78' title="bbox 2485 3221 4058 3290; baseline 0 -18"><span class='ocrx_word' id='word_1_538' title='bbox 2485 3221 2682 3282; x_wconf 82' lang='grc' dir='ltr'><strong>πολλάς</strong></span> <span class='ocrx_word' id='word_1_539' title='bbox 2710 3238 2770 3272; x_wconf 87' lang='grc' dir='ltr'><strong>τε</strong></span> <span class='ocrx_word' id='word_1_540' title='bbox 2800 3221 3215 3289; x_wconf 80' lang='grc' dir='ltr'><strong>άποὸαλομένας</strong></span> <span class='ocrx_word' id='word_1_541' title='bbox 3271 3223 3484 3290; x_wconf 67' lang='grc' dir='ltr'><strong>θανάτῳ</strong></span> <span class='ocrx_word' id='word_1_542' title='bbox 3515 3225 3640 3283; x_wconf 83' lang='grc' dir='ltr'><strong>τοὺς</strong></span> <span class='ocrx_word' id='word_1_543' title='bbox 3674 3223 3896 3283; x_wconf 80' lang='grc' dir='ltr'><strong>εύνέτας</strong></span> <span class='ocrx_word' id='word_1_544' title='bbox 3928 3224 4058 3272; x_wconf 84' lang='grc' dir='ltr'><strong>άνε-</strong></span> 
     </span>
    </p>
   </div>
   <div class='ocr_carea' id='block_1_79' title="bbox 2483 3311 4062 3382">
    <p class='ocr_par' dir='ltr' id='par_1_79' title="bbox 2483 3311 4062 3382">
     <span class='ocr_line' id='line_1_79' title="bbox 2483 3311 4062 3382; baseline -0.001 -18"><span class='ocrx_word' id='word_1_545' title='bbox 2483 3314 2651 3364; x_wconf 85' lang='grc' dir='ltr'><strong>κτᾶτο</strong></span> <span class='ocrx_word' id='word_1_546' title='bbox 2675 3311 2776 3382; x_wconf 82' lang='grc' dir='ltr'><strong>τῆς</strong></span> <span class='ocrx_word' id='word_1_547' title='bbox 2825 3314 3050 3381; x_wconf 82' lang='grc' dir='ltr'><strong>χηρείας</strong></span> <span class='ocrx_word' id='word_1_548' title='bbox 3094 3313 3160 3364; x_wconf 84' lang='grc' dir='ltr'><strong>δι’</strong></span> <span class='ocrx_word' id='word_1_549' title='bbox 3195 3314 3462 3376; x_wconf 83' lang='grc' dir='ltr'><strong>εὐποιίας,</strong></span> <span class='ocrx_word' id='word_1_550' title='bbox 3499 3315 3591 3365; x_wconf 77' lang='grc' dir='ltr'><strong>καὶ</strong></span> <span class='ocrx_word' id='word_1_551' title='bbox 3619 3313 3908 3382; x_wconf 72' lang='grc' dir='ltr'><strong>παρθένοις</strong></span> <span class='ocrx_word' id='word_1_552' title='bbox 3940 3317 4062 3381; x_wconf 82' lang='grc' dir='ltr'>ἐχο-</span> 
     </span>
    </p>
   </div>
   <div class='ocr_carea' id='block_1_80' title="bbox 2487 3400 4064 3470">
    <p class='ocr_par' dir='ltr' id='par_1_80' title="bbox 2487 3400 4064 3470">
     <span class='ocr_line' id='line_1_80' title="bbox 2487 3400 4064 3470; baseline -0.011 0"><span class='ocrx_word' id='word_1_553' title='bbox 2487 3402 2646 3470; x_wconf 82' lang='grc' dir='ltr'><strong>ρήγει</strong></span> <span class='ocrx_word' id='word_1_554' title='bbox 2693 3400 2762 3453; x_wconf 68' lang='grc' dir='ltr'><strong>τὰ</strong></span> <span class='ocrx_word' id='word_1_555' title='bbox 2809 3400 2944 3470; x_wconf 81' lang='grc' dir='ltr'><strong>πρὸς</strong></span> <span class='ocrx_word' id='word_1_556' title='bbox 3003 3400 3276 3466; x_wconf 84' lang='grc' dir='ltr'><strong>γαμήλιον</strong></span> <span class='ocrx_word' id='word_1_557' title='bbox 3331 3401 3468 3469; x_wconf 86' lang='grc' dir='ltr'>δόμα</span> <span class='ocrx_word' id='word_1_558' title='bbox 3522 3403 3616 3453; x_wconf 76' lang='grc' dir='ltr'><strong>καὶ</strong></span> <span class='ocrx_word' id='word_1_559' title='bbox 3667 3402 3916 3453; x_wconf 79' lang='grc' dir='ltr'><strong>παστάδα</strong></span> <span class='ocrx_word' id='word_1_560' title='bbox 3971 3405 4064 3452; x_wconf 45' lang='grc' dir='ltr'><strong>κει</strong></span> 
     </span>
    </p>
   </div>
   <div class='ocr_carea' id='block_1_81' title="bbox 2486 3488 4062 3558">
    <p class='ocr_par' dir='ltr' id='par_1_81' title="bbox 2486 3488 4062 3558">
     <span class='ocr_line' id='line_1_81' title="bbox 2486 3488 4062 3558; baseline 0 -18"><span class='ocrx_word' id='word_1_561' title='bbox 2486 3490 2746 3557; x_wconf 84' lang='grc' dir='ltr'><strong>ὑμέναιον</strong></span> <span class='ocrx_word' id='word_1_562' title='bbox 2790 3488 3094 3558; x_wconf 73' lang='grc' dir='ltr'><strong>ἐπιτήδεια.</strong></span> <span class='ocrx_word' id='word_1_563' title='bbox 3126 3490 3201 3542; x_wconf 81' lang='grc' dir='ltr'><strong>Ού</strong></span> <span class='ocrx_word' id='word_1_564' title='bbox 3234 3490 3396 3557; x_wconf 86' lang='grc' dir='ltr'><strong>μόνον</strong></span> <span class='ocrx_word' id='word_1_565' title='bbox 3445 3489 3501 3540; x_wconf 76' lang='grc' dir='ltr'><strong>δὲ</strong></span> <span class='ocrx_word' id='word_1_566' title='bbox 3548 3489 3670 3542; x_wconf 78' lang='grc' dir='ltr'><strong>καθ’</strong></span> <span class='ocrx_word' id='word_1_567' title='bbox 3700 3490 3794 3541; x_wconf 75' lang='grc' dir='ltr'><strong>ἕνα</strong></span> <span class='ocrx_word' id='word_1_568' title='bbox 3821 3493 3914 3541; x_wconf 74' lang='grc' dir='ltr'><strong>καὶ</strong></span> <span class='ocrx_word' id='word_1_569' title='bbox 3941 3494 4062 3540; x_wconf 80' lang='grc' dir='ltr'><strong>κατ’</strong></span> 
     </span>
    </p>
   </div>
   <div class='ocr_carea' id='block_1_82' title="bbox 2487 3583 4066 3652">
    <p class='ocr_par' dir='ltr' id='par_1_82' title="bbox 2487 3583 4066 3652">
     <span class='ocr_line' id='line_1_82' title="bbox 2487 3583 4066 3652; baseline 0.001 -19"><span class='ocrx_word' id='word_1_570' title='bbox 2487 3583 2666 3644; x_wconf 79' lang='grc' dir='ltr'><strong>οἴκους</strong></span> <span class='ocrx_word' id='word_1_571' title='bbox 2703 3585 2800 3633; x_wconf 76' lang='grc' dir='ltr'><strong>καὶ</strong></span> <span class='ocrx_word' id='word_1_572' title='bbox 2837 3583 3157 3648; x_wconf 80' lang='grc' dir='ltr'><strong>συγγενείας</strong></span> <span class='ocrx_word' id='word_1_573' title='bbox 3188 3583 3502 3652; x_wconf 79' lang='grc' dir='ltr'><strong>ἐνεπίμπλα</strong></span> <span class='ocrx_word' id='word_1_574' title='bbox 3537 3583 3894 3650; x_wconf 80' lang='grc' dir='ltr'><strong>φιλοδωρίας,</strong></span> <span class='ocrx_word' id='word_1_575' title='bbox 3927 3583 4066 3634; x_wconf 68' lang='grc' dir='ltr'><strong>ἀλλὰ</strong></span> 
     </span>
    </p>
   </div>
   <div class='ocr_carea' id='block_1_83' title="bbox 2488 3673 4068 3742">
    <p class='ocr_par' dir='ltr' id='par_1_83' title="bbox 2488 3673 4068 3742">
     <span class='ocr_line' id='line_1_83' title="bbox 2488 3673 4068 3742; baseline -0.001 -16"><span class='ocrx_word' id='word_1_576' title='bbox 2488 3677 2581 3726; x_wconf 77' lang='grc' dir='ltr'><strong>καὶ</strong></span> <span class='ocrx_word' id='word_1_577' title='bbox 2613 3674 2791 3736; x_wconf 78' lang='grc' dir='ltr'><strong>πόλεις</strong></span> <span class='ocrx_word' id='word_1_578' title='bbox 2826 3675 2971 3725; x_wconf 76' lang='grc' dir='ltr'><strong>ἐστιν</strong></span> <span class='ocrx_word' id='word_1_579' title='bbox 2991 3676 3080 3726; x_wconf 84' lang='grc' dir='ltr'><strong>ὅτε</strong></span> <span class='ocrx_word' id='word_1_580' title='bbox 3107 3674 3233 3735; x_wconf 84' lang='grc' dir='ltr'><strong>ὅλας</strong></span> <span class='ocrx_word' id='word_1_581' title='bbox 3257 3674 3543 3742; x_wconf 80' lang='grc' dir='ltr'><strong>εὐηργέτει</strong></span> <span class='ocrx_word' id='word_1_582' title='bbox 3578 3677 3692 3732; x_wconf 72' lang='grc' dir='ltr'><strong>ταῖς</strong></span> <span class='ocrx_word' id='word_1_583' title='bbox 3723 3673 3836 3725; x_wconf 79' lang='grc' dir='ltr'><strong>τῶν</strong></span> <span class='ocrx_word' id='word_1_584' title='bbox 3882 3675 4068 3741; x_wconf 82' lang='grc' dir='ltr'><strong>φόρων</strong></span> 
     </span>
    </p>
   </div>
   <div class='ocr_carea' id='block_1_84' title="bbox 2489 3764 4066 3833">
    <p class='ocr_par' dir='ltr' id='par_1_84' title="bbox 2489 3764 4066 3833">
     <span class='ocr_line' id='line_1_84' title="bbox 2489 3764 4066 3833; baseline -0.003 -16"><span class='ocrx_word' id='word_1_585' title='bbox 2489 3765 2760 3817; x_wconf 81' lang='grc' dir='ltr'><strong>ἀνέσεσιν.</strong></span> <span class='ocrx_word' id='word_1_586' title='bbox 2805 3765 2892 3826; x_wconf 83' lang='grc' dir='ltr'><strong>Ὠς</strong></span> <span class='ocrx_word' id='word_1_587' title='bbox 2919 3764 2962 3816; x_wconf 82' lang='grc' dir='ltr'><strong>δ’</strong></span> <span class='ocrx_word' id='word_1_588' title='bbox 2996 3764 3124 3826; x_wconf 72' lang='grc' dir='ltr'><strong>ἔπος</strong></span> <span class='ocrx_word' id='word_1_589' title='bbox 3157 3766 3354 3828; x_wconf 75' lang='grc' dir='ltr'><strong>εἰπεῖν,</strong></span> <span class='ocrx_word' id='word_1_590' title='bbox 3389 3764 3560 3826; x_wconf 72' lang='grc' dir='ltr'><strong>οὕτως</strong></span> <span class='ocrx_word' id='word_1_591' title='bbox 3592 3764 3777 3832; x_wconf 68' lang='grc' dir='ltr'><strong>ἔχαιρε</strong></span> <span class='ocrx_word' id='word_1_592' title='bbox 3822 3764 3900 3832; x_wconf 82' lang='grc' dir='ltr'><strong>τῷ</strong></span> <span class='ocrx_word' id='word_1_593' title='bbox 3931 3767 4066 3833; x_wconf 70' lang='grc' dir='ltr'><strong>ἐλέῳ</strong></span> 
     </span>
    </p>
   </div>
   <div class='ocr_carea' id='block_1_85' title="bbox 2491 3853 4067 3923">
    <p class='ocr_par' dir='ltr' id='par_1_85' title="bbox 2491 3853 4067 3923">
     <span class='ocr_line' id='line_1_85' title="bbox 2491 3853 4067 3923; baseline -0.003 -16"><span class='ocrx_word' id='word_1_594' title='bbox 2491 3856 2588 3907; x_wconf 73' lang='grc' dir='ltr'><strong>καὶ</strong></span> <span class='ocrx_word' id='word_1_595' title='bbox 2640 3855 2775 3923; x_wconf 85' lang='grc' dir='ltr'><strong>πρὸς</strong></span> <span class='ocrx_word' id='word_1_596' title='bbox 2819 3854 2915 3922; x_wconf 81' lang='grc' dir='ltr'><strong>τὴν</strong></span> <span class='ocrx_word' id='word_1_597' title='bbox 2959 3854 3068 3904; x_wconf 83' lang='grc' dir='ltr'><strong>τῶν</strong></span> <span class='ocrx_word' id='word_1_598' title='bbox 3112 3853 3487 3922; x_wconf 83' lang='grc' dir='ltr'><strong>ἀγειρομένων</strong></span> <span class='ocrx_word' id='word_1_599' title='bbox 3527 3854 3830 3921; x_wconf 82' lang='grc' dir='ltr'><strong>άπόκτησιν</strong></span> <span class='ocrx_word' id='word_1_600' title='bbox 3856 3854 4067 3921; x_wconf 67' lang='grc' dir='ltr'><strong>ἔρρωτο</strong></span> 
     </span>
    </p>
   </div>
   <div class='ocr_carea' id='block_1_86' title="bbox 2491 3943 4069 4013">
    <p class='ocr_par' dir='ltr' id='par_1_86' title="bbox 2491 3943 4069 4013">
     <span class='ocr_line' id='line_1_86' title="bbox 2491 3943 4069 4013; baseline -0.002 -18"><span class='ocrx_word' id='word_1_601' title='bbox 2491 3943 2566 4007; x_wconf 86' lang='grc' dir='ltr'><strong>ὼς</strong></span> <span class='ocrx_word' id='word_1_602' title='bbox 2595 3945 2890 3997; x_wconf 78' lang='grc' dir='ltr'><strong>ἁπαντλείν</strong></span> <span class='ocrx_word' id='word_1_603' title='bbox 2920 3945 3264 4013; x_wconf 81' lang='grc' dir='ltr'><strong>ἀμφοτέραις</strong></span> <span class='ocrx_word' id='word_1_604' title='bbox 3286 3944 3355 3994; x_wconf 83' lang='grc' dir='ltr'><strong>τά</strong></span> <span class='ocrx_word' id='word_1_605' title='bbox 3380 3944 3750 4011; x_wconf 85' lang='grc' dir='ltr'><strong>ὲπεισρέοντα·</strong></span> <span class='ocrx_word' id='word_1_606' title='bbox 3775 3944 3898 3994; x_wconf 83' lang='grc' dir='ltr'><strong>ὅθεν</strong></span> <span class='ocrx_word' id='word_1_607' title='bbox 3919 3945 4069 4010; x_wconf 54' lang='lat' dir='ltr'><strong>dixitq;</strong></span> 
     </span>
    </p>
   </div>
   <div class='ocr_carea' id='block_1_87' title="bbox 2495 4029 4071 4098">
    <p class='ocr_par' dir='ltr' id='par_1_87' title="bbox 2495 4029 4071 4098">
     <span class='ocr_line' id='line_1_87' title="bbox 2495 4029 4071 4098; baseline -0.002 -17"><span class='ocrx_word' id='word_1_608' title='bbox 2495 4031 2752 4082; x_wconf 82' lang='grc' dir='ltr'><strong>ὑπεισέδυ</strong></span> <span class='ocrx_word' id='word_1_609' title='bbox 2784 4033 2880 4081; x_wconf 71' lang='grc' dir='ltr'><strong>καὶ</strong></span> <span class='ocrx_word' id='word_1_610' title='bbox 2911 4031 3160 4092; x_wconf 82' lang='grc' dir='ltr'><strong>ὑπούλως</strong></span> <span class='ocrx_word' id='word_1_611' title='bbox 3201 4029 3620 4098; x_wconf 70' lang='grc' dir='ltr'><strong>παρεισεφθάρη</strong></span> <span class='ocrx_word' id='word_1_612' title='bbox 3664 4032 3722 4081; x_wconf 74' lang='grc' dir='ltr'><strong>τὸ</strong></span> <span class='ocrx_word' id='word_1_613' title='bbox 3763 4031 3837 4098; x_wconf 78' lang='grc' dir='ltr'><strong>μὴ</strong></span> <span class='ocrx_word' id='word_1_614' title='bbox 3871 4031 3934 4080; x_wconf 80' lang='grc' dir='ltr'><strong>ὲκ</strong></span> <span class='ocrx_word' id='word_1_615' title='bbox 3976 4034 4071 4079; x_wconf 63' lang='grc' dir='ltr'><strong>πλ-</strong></span> 
     </span>
    </p>
   </div>
   <div class='ocr_carea' id='block_1_88' title="bbox 2498 4121 4069 4190">
    <p class='ocr_par' dir='ltr' id='par_1_88' title="bbox 2498 4121 4069 4190">
     <span class='ocr_line' id='line_1_88' title="bbox 2498 4121 4069 4190; baseline 0.001 -19"><span class='ocrx_word' id='word_1_616' title='bbox 2498 4139 2606 4188; x_wconf 91' lang='grc' dir='ltr'><strong>ρων</strong></span> <span class='ocrx_word' id='word_1_617' title='bbox 2640 4122 2727 4172; x_wconf 87' lang='grc' dir='ltr'><strong>άεί</strong></span> <span class='ocrx_word' id='word_1_618' title='bbox 2765 4138 2896 4173; x_wconf 88' lang='grc' dir='ltr'><strong>ποτε</strong></span> <span class='ocrx_word' id='word_1_619' title='bbox 2928 4121 3150 4173; x_wconf 87' lang='grc' dir='ltr'><strong>δικαίων</strong></span> <span class='ocrx_word' id='word_1_620' title='bbox 3191 4123 3259 4173; x_wconf 85' lang='grc' dir='ltr'><strong>τὰ</strong></span> <span class='ocrx_word' id='word_1_621' title='bbox 3301 4123 3568 4190; x_wconf 84' lang='grc' dir='ltr'><strong>χρήματα</strong></span> <span class='ocrx_word' id='word_1_622' title='bbox 3607 4121 4069 4188; x_wconf 76' lang='grc' dir='ltr'><strong>συγκομίζεσθαι.</strong></span> 
     </span>
    </p>
   </div>
   <div class='ocr_carea' id='block_1_89' title="bbox 2498 4213 4070 4283">
    <p class='ocr_par' dir='ltr' id='par_1_89' title="bbox 2498 4213 4070 4283">
     <span class='ocr_line' id='line_1_89' title="bbox 2498 4213 4070 4283; baseline -0.003 -17"><span class='ocrx_word' id='word_1_623' title='bbox 2498 4214 2606 4273; x_wconf 80' lang='grc' dir='ltr'><strong>Τάς</strong></span> <span class='ocrx_word' id='word_1_624' title='bbox 2639 4215 2749 4281; x_wconf 77' lang='grc' dir='ltr'><strong>γάρ</strong></span> <span class='ocrx_word' id='word_1_625' title='bbox 2781 4214 2889 4264; x_wconf 82' lang='grc' dir='ltr'><strong>τῶν</strong></span> <span class='ocrx_word' id='word_1_626' title='bbox 2925 4213 3179 4264; x_wconf 81' lang='grc' dir='ltr'><strong>δαπανῶν</strong></span> <span class='ocrx_word' id='word_1_627' title='bbox 3231 4213 3570 4282; x_wconf 85' lang='grc' dir='ltr'><strong>ὑπερόγκους</strong></span> <span class='ocrx_word' id='word_1_628' title='bbox 3595 4217 3661 4281; x_wconf 80' lang='grc' dir='ltr'><strong>τῇ</strong></span> <span class='ocrx_word' id='word_1_629' title='bbox 3705 4214 3944 4283; x_wconf 79' lang='grc' dir='ltr'><strong>ἁσωτείᾳ</strong></span> <span class='ocrx_word' id='word_1_630' title='bbox 3977 4217 4070 4280; x_wconf 78' lang='grc' dir='ltr'><strong>ἑγ-</strong></span> 
     </span>
    </p>
   </div>
   <div class='ocr_carea' id='block_1_90' title="bbox 2497 4303 4070 4372">
    <p class='ocr_par' dir='ltr' id='par_1_90' title="bbox 2497 4303 4070 4372">
     <span class='ocr_line' id='line_1_90' title="bbox 2497 4303 4070 4372; baseline -0.002 -17"><span class='ocrx_word' id='word_1_631' title='bbox 2497 4303 2755 4369; x_wconf 77' lang='grc' dir='ltr'><strong>γιζούσας</strong></span> <span class='ocrx_word' id='word_1_632' title='bbox 2783 4304 2832 4353; x_wconf 87' lang='grc' dir='ltr'>οί</span> <span class='ocrx_word' id='word_1_633' title='bbox 2884 4304 3123 4354; x_wconf 81' lang='grc' dir='ltr'><strong>πλεῖστοι</strong></span> <span class='ocrx_word' id='word_1_634' title='bbox 3173 4303 3247 4371; x_wconf 81' lang='grc' dir='ltr'><strong>μὴ</strong></span> <span class='ocrx_word' id='word_1_635' title='bbox 3307 4305 3676 4372; x_wconf 73' lang='grc' dir='ltr'><strong>ὑφορώμενοι,</strong></span> <span class='ocrx_word' id='word_1_636' title='bbox 3731 4305 4070 4370; x_wconf 73' lang='grc' dir='ltr'><strong>εἰσπράξεων</strong></span> 
     </span>
    </p>
   </div>
   <div class='ocr_carea' id='block_1_91' title="bbox 2501 4393 4072 4462">
    <p class='ocr_par' dir='ltr' id='par_1_91' title="bbox 2501 4393 4072 4462">
     <span class='ocr_line' id='line_1_91' title="bbox 2501 4393 4072 4462; baseline -0.002 -18"><span class='ocrx_word' id='word_1_637' title='bbox 2501 4397 2795 4462; x_wconf 76' lang='grc' dir='ltr'><strong>ἐφευρεταὶ</strong></span> <span class='ocrx_word' id='word_1_638' title='bbox 2825 4393 3027 4444; x_wconf 85' lang='grc' dir='ltr'><strong>καινῶν</strong></span> <span class='ocrx_word' id='word_1_639' title='bbox 3061 4394 3456 4460; x_wconf 81' lang='grc' dir='ltr'><strong>καθιστάμενοι</strong></span> <span class='ocrx_word' id='word_1_640' title='bbox 3489 4396 3563 4455; x_wconf 83' lang='grc' dir='ltr'><strong>ὼς</strong></span> <span class='ocrx_word' id='word_1_641' title='bbox 3602 4396 3854 4461; x_wconf 78' lang='grc' dir='ltr'><strong>γεωργίῳ</strong></span> <span class='ocrx_word' id='word_1_642' title='bbox 3880 4396 4072 4460; x_wconf 75' lang='grc' dir='ltr'><strong>ἡμέρῳ</strong></span> 
     </span>
    </p>
   </div>
   <div class='ocr_carea' id='block_1_92' title="bbox 832 4473 2532 4556">
    <p class='ocr_par' dir='ltr' id='par_1_92' title="bbox 832 4473 2532 4556">
     <span class='ocr_line' id='line_1_92' title="bbox 832 4473 2532 4556; baseline -0.014 -7"><span class='ocrx_word' id='word_1_643' title='bbox 832 4473 1223 4556; x_wconf 73' lang='lat' dir='ltr'><strong>arbitrabatur,</strong></span> <span class='ocrx_word' id='word_1_644' title='bbox 1265 4499 1321 4543; x_wconf 92' lang='lat' dir='ltr'><strong>et</strong></span> <span class='ocrx_word' id='word_1_645' title='bbox 1352 4499 1410 4541; x_wconf 90' lang='lat' dir='ltr'><strong>ut</strong></span> <span class='ocrx_word' id='word_1_646' title='bbox 1447 4488 1612 4540; x_wconf 88' lang='lat' dir='ltr'><strong>altam</strong></span> <span class='ocrx_word' id='word_1_647' title='bbox 1639 4485 1864 4536; x_wconf 87' lang='lat' dir='ltr'><strong>cedrum</strong></span> <span class='ocrx_word' id='word_1_648' title='bbox 1895 4481 2086 4533; x_wconf 77' lang='lat' dir='ltr'><strong>Libani</strong></span> <span class='ocrx_word' id='word_1_649' title='bbox 2119 4481 2170 4531; x_wconf 91' lang='lat' dir='ltr'><strong>in</strong></span> <span class='ocrx_word' id='word_1_650' title='bbox 2207 4479 2395 4545; x_wconf 85' lang='lat' dir='ltr'><strong>longas</strong></span> <span class='ocrx_word' id='word_1_651' title='bbox 2431 4473 2471 4526; x_wconf 92' lang='lat' dir='ltr'><strong>D</strong></span> <span class='ocrx_word' id='word_1_652' title='bbox 2504 4498 2532 4545; x_wconf 83' lang='grc' dir='ltr'>μ</span> 
     </span>
    </p>
   </div>
   <div class='ocr_carea' id='block_1_93' title="bbox 2371 4473 4071 4556">
    <p class='ocr_par' dir='ltr' id='par_1_93' title="bbox 2371 4473 4071 4550">
     <span class='ocr_line' id='line_1_93' title="bbox 2371 4473 4071 4550; baseline 0 -20"><span class='ocrx_word' id='word_1_653' title='bbox 2371 4493 2395 4530; x_wconf 91' lang='lat' dir='ltr'><strong>s</strong></span> <span class='ocrx_word' id='word_1_654' title='bbox 2431 4473 2471 4526; x_wconf 79' lang='grc' dir='ltr'>υ</span> <span class='ocrx_word' id='word_1_655' title='bbox 2504 4483 2728 4548; x_wconf 82' lang='grc' dir='ltr'><strong>μελίνην</strong></span> <span class='ocrx_word' id='word_1_656' title='bbox 2755 4479 2790 4549; x_wconf 81' lang='grc' dir='ltr'>ἢ</span> <span class='ocrx_word' id='word_1_657' title='bbox 2838 4480 2974 4549; x_wconf 74' lang='grc' dir='ltr'>ῥόδῳ</span> <span class='ocrx_word' id='word_1_658' title='bbox 3014 4481 3300 4547; x_wconf 85' lang='grc' dir='ltr'><strong>ἀνεμώνην</strong></span> <span class='ocrx_word' id='word_1_659' title='bbox 3334 4483 3401 4531; x_wconf 68' lang='grc' dir='ltr'><strong>τὰ</strong></span> <span class='ocrx_word' id='word_1_660' title='bbox 3437 4481 3510 4549; x_wconf 79' lang='grc' dir='ltr'><strong>μὴ</strong></span> <span class='ocrx_word' id='word_1_661' title='bbox 3540 4480 3719 4540; x_wconf 82' lang='grc' dir='ltr'><strong>καλῶς</strong></span> <span class='ocrx_word' id='word_1_662' title='bbox 3760 4482 3881 4550; x_wconf 77' lang='grc' dir='ltr'><strong>μηδ’</strong></span> <span class='ocrx_word' id='word_1_663' title='bbox 3914 4482 4071 4539; x_wconf 79' lang='grc' dir='ltr'><strong>ὁσίως</strong></span> 
     </span>
    </p>
   </div>
   <div class='ocr_carea' id='block_1_94' title="bbox 831 4568 2400 4640">
    <p class='ocr_par' dir='ltr' id='par_1_94' title="bbox 831 4568 2400 4640">
     <span class='ocr_line' id='line_1_94' title="bbox 831 4568 2400 4640; baseline -0.013 -1"><span class='ocrx_word' id='word_1_664' title='bbox 831 4596 1021 4640; x_wconf 68' lang='lat' dir='ltr'><strong>aetates</strong></span> <span class='ocrx_word' id='word_1_665' title='bbox 1050 4585 1396 4637; x_wconf 83' lang='lat' dir='ltr'><strong>duraturum.</strong></span> <span class='ocrx_word' id='word_1_666' title='bbox 1434 4579 1577 4632; x_wconf 90' lang='lat' dir='ltr'><strong>Idem</strong></span> <span class='ocrx_word' id='word_1_667' title='bbox 1627 4585 1682 4628; x_wconf 91' lang='lat' dir='ltr'><strong>et</strong></span> <span class='ocrx_word' id='word_1_668' title='bbox 1726 4575 1868 4627; x_wconf 90' lang='lat' dir='ltr'><strong>alius</strong></span> <span class='ocrx_word' id='word_1_669' title='bbox 1910 4572 2205 4640; x_wconf 70' lang='lat' dir='ltr'><strong>judit‘asscl</strong></span> <span class='ocrx_word' id='word_1_670' title='bbox 2237 4608 2251 4632; x_wconf 92' lang='lat'><strong>,</strong></span> <span class='ocrx_word' id='word_1_671' title='bbox 2307 4568 2400 4636; x_wconf 88' lang='lat' dir='ltr'><strong>qui</strong></span> 
     </span>
    </p>
   </div>
   <div class='ocr_carea' id='block_1_95' title="bbox 836 4665 2399 4746">
    <p class='ocr_par' dir='ltr' id='par_1_95' title="bbox 836 4665 2399 4746">
     <span class='ocr_line' id='line_1_95' title="bbox 836 4665 2399 4746; baseline -0.012 -18"><span class='ocrx_word' id='word_1_672' title='bbox 836 4679 1097 4746; x_wconf 83' lang='lat' dir='ltr'><strong>optimam</strong></span> <span class='ocrx_word' id='word_1_673' title='bbox 1133 4683 1342 4741; x_wconf 91' lang='lat' dir='ltr'><strong>partem</strong></span> <span class='ocrx_word' id='word_1_674' title='bbox 1393 4669 1647 4737; x_wconf 87' lang='lat' dir='ltr'><strong>elegisset</strong></span> <span class='ocrx_word' id='word_1_675' title='bbox 1677 4676 1732 4717; x_wconf 90' lang='lat' dir='ltr'><strong>et</strong></span> <span class='ocrx_word' id='word_1_676' title='bbox 1761 4665 2062 4724; x_wconf 74' lang='lat' dir='ltr'><strong>dilexisset,</strong></span> <span class='ocrx_word' id='word_1_677' title='bbox 2103 4679 2202 4713; x_wconf 88' lang='lat' dir='ltr'><strong>nec</strong></span> <span class='ocrx_word' id='word_1_678' title='bbox 2239 4677 2399 4712; x_wconf 88' lang='lat' dir='ltr'><strong>mun-</strong></span> 
     </span>
    </p>
   </div>
   <div class='ocr_carea' id='block_1_96' title="bbox 836 4748 2398 4822">
    <p class='ocr_par' dir='ltr' id='par_1_96' title="bbox 836 4748 2398 4822">
     <span class='ocr_line' id='line_1_96' title="bbox 836 4748 2398 4822; baseline -0.016 0"><span class='ocrx_word' id='word_1_679' title='bbox 836 4780 975 4822; x_wconf 73' lang='lat' dir='ltr'><strong>dana</strong></span> <span class='ocrx_word' id='word_1_680' title='bbox 1030 4767 1289 4818; x_wconf 77' lang='lat' dir='ltr'><strong>duntaxat</strong></span> <span class='ocrx_word' id='word_1_681' title='bbox 1338 4766 1606 4815; x_wconf 86' lang='lat' dir='ltr'><strong>curasset,</strong></span> <span class='ocrx_word' id='word_1_682' title='bbox 1641 4754 1732 4806; x_wconf 90' lang='lat' dir='ltr'><strong>sed</strong></span> <span class='ocrx_word' id='word_1_683' title='bbox 1761 4761 1816 4804; x_wconf 91' lang='lat' dir='ltr'><strong>et</strong></span> <span class='ocrx_word' id='word_1_684' title='bbox 1847 4752 2088 4802; x_wconf 82' lang='lat' dir='ltr'><strong>futurum</strong></span> <span class='ocrx_word' id='word_1_685' title='bbox 2138 4748 2398 4800; x_wconf 77' lang='lat' dir='ltr'><strong>sacculum</strong></span> 
     </span>
    </p>
   </div>
   <div class='ocr_carea' id='block_1_97' title="bbox 839 4841 2400 4928">
    <p class='ocr_par' dir='ltr' id='par_1_97' title="bbox 839 4841 2400 4928">
     <span class='ocr_line' id='line_1_97' title="bbox 839 4841 2400 4928; baseline -0.015 -16"><span class='ocrx_word' id='word_1_686' title='bbox 839 4856 1082 4928; x_wconf 87' lang='lat' dir='ltr'><strong>quotidie</strong></span> <span class='ocrx_word' id='word_1_687' title='bbox 1121 4870 1228 4922; x_wconf 65' lang='lat' dir='ltr'><strong>pra:</strong></span> <span class='ocrx_word' id='word_1_688' title='bbox 1258 4851 1432 4903; x_wconf 86' lang='lat' dir='ltr'><strong>oculis</strong></span> <span class='ocrx_word' id='word_1_689' title='bbox 1459 4847 1758 4899; x_wconf 64' lang='lat' dir='ltr'><strong>habuisset.</strong></span> <span class='ocrx_word' id='word_1_690' title='bbox 1790 4842 1924 4895; x_wconf 85' lang='lat' dir='ltr'><strong>Nam</strong></span> <span class='ocrx_word' id='word_1_691' title='bbox 1960 4841 2158 4892; x_wconf 88' lang='lat' dir='ltr'><strong>bonum</strong></span> <span class='ocrx_word' id='word_1_692' title='bbox 2198 4848 2252 4891; x_wconf 90' lang='lat' dir='ltr'><strong>et</strong></span> <span class='ocrx_word' id='word_1_693' title='bbox 2283 4852 2400 4889; x_wconf 83' lang='lat' dir='ltr'><strong>ma-</strong></span> 
     </span>
    </p>
   </div>
   <div class='ocr_carea' id='block_1_98' title="bbox 839 4929 2399 5005">
    <p class='ocr_par' dir='ltr' id='par_1_98' title="bbox 839 4929 2399 5005">
     <span class='ocr_line' id='line_1_98' title="bbox 839 4929 2399 5005; baseline -0.015 -3"><span class='ocrx_word' id='word_1_694' title='bbox 839 4957 951 5002; x_wconf 88' lang='lat' dir='ltr'><strong>lum</strong></span> <span class='ocrx_word' id='word_1_695' title='bbox 994 4948 1044 4997; x_wconf 91' lang='lat' dir='ltr'><strong>in</strong></span> <span class='ocrx_word' id='word_1_696' title='bbox 1083 4940 1512 5005; x_wconf 76' lang='lat' dir='ltr'><strong>uniuscujusque</strong></span> <span class='ocrx_word' id='word_1_697' title='bbox 1557 4943 1825 5002; x_wconf 85' lang='lat' dir='ltr'><strong>potestate</strong></span> <span class='ocrx_word' id='word_1_698' title='bbox 1876 4941 1932 4981; x_wconf 89' lang='lat' dir='ltr'><strong>et</strong></span> <span class='ocrx_word' id='word_1_699' title='bbox 1978 4929 2187 4996; x_wconf 76' lang='lat' dir='ltr'><strong>judicm</strong></span> <span class='ocrx_word' id='word_1_700' title='bbox 2236 4936 2399 4978; x_wconf 74' lang='lat' dir='ltr'><strong>suum</strong></span> 
     </span>
    </p>
   </div>
   <div class='ocr_carea' id='block_1_99' title="bbox 837 5021 2400 5098">
    <p class='ocr_par' dir='ltr' id='par_1_99' title="bbox 837 5021 2400 5098">
     <span class='ocr_line' id='line_1_99' title="bbox 837 5021 2400 5098; baseline -0.013 -6"><span class='ocrx_word' id='word_1_701' title='bbox 837 5053 940 5098; x_wconf 65' lang='lat' dir='ltr'><strong>est.</strong></span> <span class='ocrx_word' id='word_1_702' title='bbox 979 5049 1037 5089; x_wconf 92' lang='lat' dir='ltr'><strong>ut</strong></span> <span class='ocrx_word' id='word_1_703' title='bbox 1088 5036 1141 5088; x_wconf 89' lang='lat' dir='ltr'><strong>id</strong></span> <span class='ocrx_word' id='word_1_704' title='bbox 1189 5033 1388 5098; x_wconf 79' lang='lat' dir='ltr'><strong>deligat</strong></span> <span class='ocrx_word' id='word_1_705' title='bbox 1433 5038 1489 5080; x_wconf 92' lang='lat' dir='ltr'><strong>et</strong></span> <span class='ocrx_word' id='word_1_706' title='bbox 1544 5033 1666 5093; x_wconf 85' lang='lat' dir='ltr'><strong>agat</strong></span> <span class='ocrx_word' id='word_1_707' title='bbox 1713 5021 1857 5091; x_wconf 86' lang='lat' dir='ltr'><strong>quod</strong></span> <span class='ocrx_word' id='word_1_708' title='bbox 1905 5021 2015 5073; x_wconf 89' lang='lat' dir='ltr'><strong>Deo</strong></span> <span class='ocrx_word' id='word_1_709' title='bbox 2048 5031 2264 5086; x_wconf 86' lang='lat' dir='ltr'><strong>gratum</strong></span> <span class='ocrx_word' id='word_1_710' title='bbox 2296 5026 2400 5072; x_wconf 88' lang='lat' dir='ltr'><strong>est.</strong></span> 
     </span>
    </p>
   </div>
   <div class='ocr_carea' id='block_1_100' title="bbox 838 5107 2401 5194">
    <p class='ocr_par' dir='ltr' id='par_1_100' title="bbox 838 5107 2401 5194">
     <span class='ocr_line' id='line_1_100' title="bbox 838 5107 2401 5194; baseline -0.016 -12"><span class='ocrx_word' id='word_1_711' title='bbox 838 5130 993 5193; x_wconf 81' lang='lat' dir='ltr'><strong>Quod</strong></span> <span class='ocrx_word' id='word_1_712' title='bbox 1035 5125 1128 5194; x_wconf 88' lang='lat' dir='ltr'><strong>qui</strong></span> <span class='ocrx_word' id='word_1_713' title='bbox 1159 5123 1310 5181; x_wconf 74' lang='lat' dir='ltr'><strong>facit,</strong></span> <span class='ocrx_word' id='word_1_714' title='bbox 1343 5120 1395 5170; x_wconf 92' lang='lat' dir='ltr'><strong>in</strong></span> <span class='ocrx_word' id='word_1_715' title='bbox 1420 5117 1622 5168; x_wconf 87' lang='lat' dir='ltr'><strong>multos</strong></span> <span class='ocrx_word' id='word_1_716' title='bbox 1657 5125 1830 5164; x_wconf 89' lang='lat' dir='ltr'><strong>annos</strong></span> <span class='ocrx_word' id='word_1_717' title='bbox 1860 5110 2114 5169; x_wconf 86' lang='lat' dir='ltr'><strong>durabit,</strong></span> <span class='ocrx_word' id='word_1_718' title='bbox 2143 5107 2401 5174; x_wconf 86' lang='lat' dir='ltr'><strong>quemad-</strong></span> 
     </span>
    </p>
   </div>
   <div class='ocr_carea' id='block_1_101' title="bbox 845 5199 2406 5274">
    <p class='ocr_par' dir='ltr' id='par_1_101' title="bbox 845 5199 2406 5274">
     <span class='ocr_line' id='line_1_101' title="bbox 845 5199 2406 5274; baseline -0.015 -2"><span class='ocrx_word' id='word_1_719' title='bbox 845 5224 1066 5272; x_wconf 85' lang='lat' dir='ltr'><strong>modum</strong></span> <span class='ocrx_word' id='word_1_720' title='bbox 1119 5221 1309 5266; x_wconf 85' lang='lat' dir='ltr'><strong>contra</strong></span> <span class='ocrx_word' id='word_1_721' title='bbox 1363 5206 1737 5274; x_wconf 88' lang='lat' dir='ltr'><strong>improborum</strong></span> <span class='ocrx_word' id='word_1_722' title='bbox 1781 5201 1947 5252; x_wconf 84' lang='lat' dir='ltr'><strong>vitam</strong></span> <span class='ocrx_word' id='word_1_723' title='bbox 2009 5199 2235 5250; x_wconf 86' lang='lat' dir='ltr'><strong>brevem</strong></span> <span class='ocrx_word' id='word_1_724' title='bbox 2288 5199 2406 5248; x_wconf 80' lang='lat' dir='ltr'><strong>fore</strong></span> 
     </span>
    </p>
   </div>
   <div class='ocr_carea' id='block_1_102' title="bbox 842 5288 2408 5375">
    <p class='ocr_par' dir='ltr' id='par_1_102' title="bbox 842 5288 2408 5375">
     <span class='ocr_line' id='line_1_102' title="bbox 842 5288 2408 5375; baseline -0.017 -11"><span class='ocrx_word' id='word_1_725' title='bbox 842 5316 1094 5367; x_wconf 82' lang='lat' dir='ltr'><strong>uicimus.</strong></span> <span class='ocrx_word' id='word_1_726' title='bbox 1127 5301 1408 5375; x_wconf 72' lang='lat' dir='ltr'><strong>prOphetze</strong></span> <span class='ocrx_word' id='word_1_727' title='bbox 1455 5293 1834 5350; x_wconf 87' lang='lat' dir='ltr'><strong>auctoritatem</strong></span> <span class='ocrx_word' id='word_1_728' title='bbox 1874 5291 2074 5351; x_wconf 88' lang='lat' dir='ltr'><strong>secuti,</strong></span> <span class='ocrx_word' id='word_1_729' title='bbox 2116 5288 2209 5355; x_wconf 89' lang='lat' dir='ltr'><strong>qui</strong></span> <span class='ocrx_word' id='word_1_730' title='bbox 2265 5302 2408 5338; x_wconf 71' lang='lat' dir='ltr'><strong>vnros</strong></span> 
     </span>
    </p>
   </div>
   <div class='ocr_carea' id='block_1_103' title="bbox 841 5379 2405 5471">
    <p class='ocr_par' dir='ltr' id='par_1_103' title="bbox 841 5379 2405 5471">
     <span class='ocr_line' id='line_1_103' title="bbox 841 5379 2405 5471; baseline -0.019 -14"><span class='ocrx_word' id='word_1_731' title='bbox 841 5401 1218 5471; x_wconf 81' lang='lat' dir='ltr'><strong>sanguinarios</strong></span> <span class='ocrx_word' id='word_1_732' title='bbox 1235 5403 1291 5448; x_wconf 90' lang='lat' dir='ltr'><strong>et</strong></span> <span class='ocrx_word' id='word_1_733' title='bbox 1312 5390 1532 5444; x_wconf 87' lang='lat' dir='ltr'><strong>dolosos</strong></span> <span class='ocrx_word' id='word_1_734' title='bbox 1553 5390 1618 5439; x_wconf 90' lang='lat' dir='ltr'><strong>ad</strong></span> <span class='ocrx_word' id='word_1_735' title='bbox 1641 5382 1926 5437; x_wconf 88' lang='lat' dir='ltr'><strong>dimidium</strong></span> <span class='ocrx_word' id='word_1_736' title='bbox 1943 5379 2159 5432; x_wconf 91' lang='lat' dir='ltr'><strong>dierum</strong></span> <span class='ocrx_word' id='word_1_737' title='bbox 2181 5393 2405 5429; x_wconf 88' lang='lat' dir='ltr'><strong>suorum</strong></span> 
     </span>
    </p>
   </div>
   <div class='ocr_carea' id='block_1_104' title="bbox 846 5473 2404 5564">
    <p class='ocr_par' dir='ltr' id='par_1_104' title="bbox 846 5473 2404 5564">
     <span class='ocr_line' id='line_1_104' title="bbox 846 5473 2404 5564; baseline -0.017 -16"><span class='ocrx_word' id='word_1_738' title='bbox 846 5502 1202 5564; x_wconf 62' lang='lat' dir='ltr'><strong>perventuros</strong></span> <span class='ocrx_word' id='word_1_739' title='bbox 1245 5500 1366 5540; x_wconf 88' lang='lat' dir='ltr'><strong>esse</strong></span> <span class='ocrx_word' id='word_1_740' title='bbox 1393 5489 1572 5549; x_wconf 90' lang='lat' dir='ltr'><strong>negat.</strong></span> <span class='ocrx_word' id='word_1_741' title='bbox 1624 5479 1768 5532; x_wconf 88' lang='lat' dir='ltr'><strong>Deus</strong></span> <span class='ocrx_word' id='word_1_742' title='bbox 1793 5490 1923 5529; x_wconf 83' lang='lat' dir='ltr'><strong>vero</strong></span> <span class='ocrx_word' id='word_1_743' title='bbox 1951 5488 2060 5525; x_wconf 85' lang='lat' dir='ltr'><strong>non</strong></span> <span class='ocrx_word' id='word_1_744' title='bbox 2095 5473 2166 5524; x_wconf 90' lang='lat' dir='ltr'><strong>ita</strong></span> <span class='ocrx_word' id='word_1_745' title='bbox 2195 5473 2404 5524; x_wconf 91' lang='lat' dir='ltr'><strong>statuit.</strong></span> 
     </span>
    </p>
   </div>
   <div class='ocr_carea' id='block_1_105' title="bbox 845 5559 2408 5650">
    <p class='ocr_par' dir='ltr' id='par_1_105' title="bbox 845 5559 2408 5650">
     <span class='ocr_line' id='line_1_105' title="bbox 845 5559 2408 5650; baseline -0.019 -12"><span class='ocrx_word' id='word_1_746' title='bbox 845 5559 974 5650; x_wconf 73' lang='lat' dir='ltr'><strong>Quis</strong></span> <span class='ocrx_word' id='word_1_747' title='bbox 1001 5597 1132 5635; x_wconf 89' lang='lat' dir='ltr'><strong>vero</strong></span> <span class='ocrx_word' id='word_1_748' title='bbox 1155 5577 1305 5630; x_wconf 87' lang='lat' dir='ltr'><strong>novit</strong></span> <span class='ocrx_word' id='word_1_749' title='bbox 1327 5585 1564 5627; x_wconf 89' lang='lat' dir='ltr'><strong>mentem</strong></span> <span class='ocrx_word' id='word_1_750' title='bbox 1587 5567 1820 5629; x_wconf 89' lang='lat' dir='ltr'><strong>Domini,</strong></span> <span class='ocrx_word' id='word_1_751' title='bbox 1845 5573 1938 5616; x_wconf 92' lang='lat' dir='ltr'><strong>aut</strong></span> <span class='ocrx_word' id='word_1_752' title='bbox 1962 5563 2032 5616; x_wconf 88' lang='lat' dir='ltr'><strong>ab</strong></span> <span class='ocrx_word' id='word_1_753' title='bbox 2055 5578 2121 5615; x_wconf 89' lang='lat' dir='ltr'><strong>eo</strong></span> <span class='ocrx_word' id='word_1_754' title='bbox 2152 5561 2204 5612; x_wconf 94' lang='lat' dir='ltr'><strong>in</strong></span> <span class='ocrx_word' id='word_1_755' title='bbox 2230 5559 2408 5613; x_wconf 85' lang='lat' dir='ltr'><strong>consi-</strong></span> 
     </span>
    </p>
   </div>
   <div class='ocr_carea' id='block_1_106' title="bbox 848 5666 1446 5730">
    <p class='ocr_par' dir='ltr' id='par_1_106' title="bbox 848 5666 1446 5730">
     <span class='ocr_line' id='line_1_106' title="bbox 848 5666 1446 5730; baseline -0.023 0"><span class='ocrx_word' id='word_1_756' title='bbox 848 5683 980 5730; x_wconf 90' lang='lat' dir='ltr'><strong>lium</strong></span> <span class='ocrx_word' id='word_1_757' title='bbox 1010 5684 1094 5728; x_wconf 90' lang='lat' dir='ltr'><strong>cst</strong></span> <span class='ocrx_word' id='word_1_758' title='bbox 1125 5666 1446 5726; x_wconf 85' lang='lat' dir='ltr'><strong>adhibitus?</strong></span> 
     </span>
    </p>
   </div>
   <div class='ocr_carea' id='block_1_107' title="bbox 2508 4570 4072 4640">
    <p class='ocr_par' dir='ltr' id='par_1_107' title="bbox 2508 4570 4072 4640">
     <span class='ocr_line' id='line_1_107' title="bbox 2508 4570 4072 4640; baseline 0.002 -18"><span class='ocrx_word' id='word_1_759' title='bbox 2508 4573 2880 4638; x_wconf 81' lang='grc' dir='ltr'><strong>συλλεγόμενα</strong></span> <span class='ocrx_word' id='word_1_760' title='bbox 2941 4570 3291 4640; x_wconf 68' lang='grc' dir='ltr'><strong>συμφύρουσι</strong></span> <span class='ocrx_word' id='word_1_761' title='bbox 3357 4573 3614 4640; x_wconf 80' lang='grc' dir='ltr'><strong>χρήματα</strong></span> <span class='ocrx_word' id='word_1_762' title='bbox 3675 4574 3786 4632; x_wconf 82' lang='grc' dir='ltr'><strong>τοῖς</strong></span> <span class='ocrx_word' id='word_1_763' title='bbox 3843 4571 4072 4634; x_wconf 70' lang='grc' dir='ltr'><strong>δικαίοις</strong></span> 
     </span>
    </p>
   </div>
   <div class='ocr_carea' id='block_1_108' title="bbox 2505 4664 4071 4733">
    <p class='ocr_par' dir='ltr' id='par_1_108' title="bbox 2505 4664 4071 4733">
     <span class='ocr_line' id='line_1_108' title="bbox 2505 4664 4071 4733; baseline 0 -18"><span class='ocrx_word' id='word_1_764' title='bbox 2505 4666 2859 4733; x_wconf 87' lang='grc' dir='ltr'><strong>πορίσμασιν.</strong></span> <span class='ocrx_word' id='word_1_765' title='bbox 2906 4665 3230 4732; x_wconf 57' lang='grc' dir='ltr'><strong>Κατάςορος</strong></span> <span class='ocrx_word' id='word_1_766' title='bbox 3287 4665 3331 4714; x_wconf 79' lang='grc' dir='ltr'><strong>δ’</strong></span> <span class='ocrx_word' id='word_1_767' title='bbox 3365 4665 3440 4717; x_wconf 75' lang='grc' dir='ltr'><strong>ὢν</strong></span> <span class='ocrx_word' id='word_1_768' title='bbox 3487 4669 3566 4726; x_wconf 88' lang='grc' dir='ltr'><strong>εἰς</strong></span> <span class='ocrx_word' id='word_1_769' title='bbox 3616 4664 3790 4730; x_wconf 70' lang='grc' dir='ltr'><strong>Ουμὸν</strong></span> <span class='ocrx_word' id='word_1_770' title='bbox 3822 4667 3942 4717; x_wconf 75' lang='grc' dir='ltr'><strong>οὐδὲ</strong></span> <span class='ocrx_word' id='word_1_771' title='bbox 3982 4668 4071 4717; x_wconf 72' lang='grc' dir='ltr'><strong>τοῦ</strong></span> 
     </span>
    </p>
   </div>
   <div class='ocr_carea' id='block_1_109' title="bbox 2506 4754 4066 4825">
    <p class='ocr_par' dir='ltr' id='par_1_109' title="bbox 2506 4754 4066 4825">
     <span class='ocr_line' id='line_1_109' title="bbox 2506 4754 4066 4825; baseline -0.001 -18"><span class='ocrx_word' id='word_1_772' title='bbox 2506 4755 2823 4825; x_wconf 85' lang='grc' dir='ltr'><strong>συμπαθοῦς</strong></span> <span class='ocrx_word' id='word_1_773' title='bbox 2847 4756 3008 4825; x_wconf 70' lang='grc' dir='ltr'><strong>ἧθους</strong></span> <span class='ocrx_word' id='word_1_774' title='bbox 3037 4755 3336 4825; x_wconf 78' lang='grc' dir='ltr'><strong>άπῴκιστο,</strong></span> <span class='ocrx_word' id='word_1_775' title='bbox 3368 4756 3481 4806; x_wconf 81' lang='grc' dir='ltr'><strong>ἀλλ’</strong></span> <span class='ocrx_word' id='word_1_776' title='bbox 3510 4757 3669 4807; x_wconf 69' lang='grc' dir='ltr'><strong>αὐτὸς</strong></span> <span class='ocrx_word' id='word_1_777' title='bbox 3705 4754 3897 4807; x_wconf 80' lang='grc' dir='ltr'><strong>ἑαυτὸν</strong></span> <span class='ocrx_word' id='word_1_778' title='bbox 3934 4759 4066 4824; x_wconf 71' lang='grc' dir='ltr'><strong>πρὸς</strong></span> 
     </span>
    </p>
   </div>
   <div class='ocr_carea' id='block_1_110' title="bbox 2506 4847 4073 4915">
    <p class='ocr_par' dir='ltr' id='par_1_110' title="bbox 2506 4847 4073 4915">
     <span class='ocr_line' id='line_1_110' title="bbox 2506 4847 4073 4915; baseline -0.001 -17"><span class='ocrx_word' id='word_1_779' title='bbox 2506 4848 2790 4915; x_wconf 83' lang='grc' dir='ltr'><strong>εὐμένειαν</strong></span> <span class='ocrx_word' id='word_1_780' title='bbox 2831 4848 3120 4914; x_wconf 71' lang='grc' dir='ltr'><strong>ἐπανάγων</strong></span> <span class='ocrx_word' id='word_1_781' title='bbox 3158 4847 3452 4915; x_wconf 81' lang='grc' dir='ltr'><strong>σύνδρομον</strong></span> <span class='ocrx_word' id='word_1_782' title='bbox 3482 4847 3738 4908; x_wconf 73' lang='grc' dir='ltr'><strong>πολλάκις</strong></span> <span class='ocrx_word' id='word_1_783' title='bbox 3784 4850 4073 4914; x_wconf 52' lang='grc' dir='ltr'><strong>ἐπεπλίτῃυ</strong></span> 
     </span>
    </p>
   </div>
   <div class='ocr_carea' id='block_1_111' title="bbox 2506 4938 4074 5008">
    <p class='ocr_par' dir='ltr' id='par_1_111' title="bbox 2506 4938 4074 5008">
     <span class='ocr_line' id='line_1_111' title="bbox 2506 4938 4074 5008; baseline -0.003 -17"><span class='ocrx_word' id='word_1_784' title='bbox 2506 4942 2574 5008; x_wconf 78' lang='grc' dir='ltr'><strong>τῇ</strong></span> <span class='ocrx_word' id='word_1_785' title='bbox 2602 4939 2739 5008; x_wconf 81' lang='grc' dir='ltr'><strong>ὀργῇ</strong></span> <span class='ocrx_word' id='word_1_786' title='bbox 2786 4939 2883 5008; x_wconf 75' lang='grc' dir='ltr'><strong>τὴν</strong></span> <span class='ocrx_word' id='word_1_787' title='bbox 2936 4938 3302 5006; x_wconf 81' lang='grc' dir='ltr'><strong>συμπάθειαν,</strong></span> <span class='ocrx_word' id='word_1_788' title='bbox 3338 4940 3431 4990; x_wconf 75' lang='grc' dir='ltr'><strong>καὶ</strong></span> <span class='ocrx_word' id='word_1_789' title='bbox 3464 4941 3584 4999; x_wconf 83' lang='grc' dir='ltr'><strong>ταῖς</strong></span> <span class='ocrx_word' id='word_1_790' title='bbox 3626 4942 3931 5008; x_wconf 47' lang='grc' dir='ltr'><strong>σιδμσοραῐς</strong></span> <span class='ocrx_word' id='word_1_791' title='bbox 3971 4942 4074 4988; x_wconf 63' lang='grc' dir='ltr'><strong>τίοι</strong></span> 
     </span>
    </p>
   </div>
   <div class='ocr_carea' id='block_1_112' title="bbox 2508 5028 4074 5098">
    <p class='ocr_par' dir='ltr' id='par_1_112' title="bbox 2508 5028 4074 5098">
     <span class='ocr_line' id='line_1_112' title="bbox 2508 5028 4074 5098; baseline -0.003 -16"><span class='ocrx_word' id='word_1_792' title='bbox 2508 5028 2814 5098; x_wconf 80' lang='grc' dir='ltr'><strong>ἀνθρώπων</strong></span> <span class='ocrx_word' id='word_1_793' title='bbox 2851 5029 3224 5096; x_wconf 71' lang='grc' dir='ltr'><strong>ὲπικλώμενος</strong></span> <span class='ocrx_word' id='word_1_794' title='bbox 3255 5031 3324 5080; x_wconf 73' lang='grc' dir='ltr'><strong>τα</strong></span> <span class='ocrx_word' id='word_1_795' title='bbox 3356 5030 3493 5098; x_wconf 73' lang='grc' dir='ltr'><strong>πρὸς</strong></span> <span class='ocrx_word' id='word_1_796' title='bbox 3540 5030 3825 5093; x_wconf 69' lang='grc' dir='ltr'><strong>ύεραίρεσιν</strong></span> <span class='ocrx_word' id='word_1_797' title='bbox 3858 5030 4074 5096; x_wconf 72' lang='grc' dir='ltr'><strong>ἑκάστῳ</strong></span> 
     </span>
    </p>
   </div>
   <div class='ocr_carea' id='block_1_113' title="bbox 2507 5117 4075 5187">
    <p class='ocr_par' dir='ltr' id='par_1_113' title="bbox 2507 5117 4075 5187">
     <span class='ocr_line' id='line_1_113' title="bbox 2507 5117 4075 5187; baseline -0.001 -19"><span class='ocrx_word' id='word_1_798' title='bbox 2507 5119 2805 5187; x_wconf 74' lang='grc' dir='ltr'><strong>ἑπεμέτρει</strong></span> <span class='ocrx_word' id='word_1_799' title='bbox 2851 5119 2960 5170; x_wconf 83' lang='grc' dir='ltr'><strong>τῶν</strong></span> <span class='ocrx_word' id='word_1_800' title='bbox 3003 5119 3290 5182; x_wconf 74' lang='grc' dir='ltr'><strong>ἀλγεινῶν.</strong></span> <span class='ocrx_word' id='word_1_801' title='bbox 3324 5117 3510 5169; x_wconf 82' lang='grc' dir='ltr'><strong>Ταῦτα</strong></span> <span class='ocrx_word' id='word_1_802' title='bbox 3565 5117 3622 5168; x_wconf 75' lang='grc' dir='ltr'><strong>δὲ</strong></span> <span class='ocrx_word' id='word_1_803' title='bbox 3674 5119 3951 5185; x_wconf 90' lang='grc' dir='ltr'><strong>πράττων,</strong></span> <span class='ocrx_word' id='word_1_804' title='bbox 3987 5123 4075 5168; x_wconf 77' lang='grc' dir='ltr'><strong>καὶ</strong></span> 
     </span>
    </p>
   </div>
   <div class='ocr_carea' id='block_1_114' title="bbox 2508 5205 4072 5277">
    <p class='ocr_par' dir='ltr' id='par_1_114' title="bbox 2508 5205 4072 5277">
     <span class='ocr_line' id='line_1_114' title="bbox 2508 5205 4072 5277; baseline -0.003 -16"><span class='ocrx_word' id='word_1_805' title='bbox 2508 5208 2622 5261; x_wconf 73' lang='grc' dir='ltr'><strong>ἀλλ’</strong></span> <span class='ocrx_word' id='word_1_806' title='bbox 2651 5209 2824 5261; x_wconf 88' lang='grc' dir='ltr'><strong>όπόσα</strong></span> <span class='ocrx_word' id='word_1_807' title='bbox 2847 5209 2907 5260; x_wconf 78' lang='grc' dir='ltr'><strong>τὸ</strong></span> <span class='ocrx_word' id='word_1_808' title='bbox 2937 5210 3116 5273; x_wconf 88' lang='grc' dir='ltr'><strong>λέγειν</strong></span> <span class='ocrx_word' id='word_1_809' title='bbox 3153 5210 3525 5277; x_wconf 85' lang='grc' dir='ltr'><strong>παρέδραμεν,</strong></span> <span class='ocrx_word' id='word_1_810' title='bbox 3563 5205 3699 5276; x_wconf 81' lang='grc' dir='ltr'><strong>ᾤετο</strong></span> <span class='ocrx_word' id='word_1_811' title='bbox 3723 5210 3788 5276; x_wconf 77' lang='grc' dir='ltr'><strong>τῇ</strong></span> <span class='ocrx_word' id='word_1_812' title='bbox 3827 5207 4072 5276; x_wconf 73' lang='grc' dir='ltr'><strong>βασιλεῐα</strong></span> 
     </span>
    </p>
   </div>
   <div class='ocr_carea' id='block_1_115' title="bbox 2512 5294 4072 5364">
    <p class='ocr_par' dir='ltr' id='par_1_115' title="bbox 2512 5294 4072 5364">
     <span class='ocr_line' id='line_1_115' title="bbox 2512 5294 4072 5364; baseline -0.001 -19"><span class='ocrx_word' id='word_1_813' title='bbox 2512 5294 2891 5364; x_wconf 73' lang='grc' dir='ltr'><strong>ἐνεστηρίχθαι</strong></span> <span class='ocrx_word' id='word_1_814' title='bbox 2919 5296 2993 5356; x_wconf 84' lang='grc' dir='ltr'><strong>ὡς</strong></span> <span class='ocrx_word' id='word_1_815' title='bbox 3028 5295 3148 5346; x_wconf 83' lang='grc' dir='ltr'><strong>οὐδὲ</strong></span> <span class='ocrx_word' id='word_1_816' title='bbox 3176 5297 3410 5364; x_wconf 72' lang='grc' dir='ltr'><strong>οὐρανίῳ</strong></span> <span class='ocrx_word' id='word_1_817' title='bbox 3458 5295 3809 5363; x_wconf 80' lang='grc' dir='ltr'><strong>σφαιρὼματι</strong></span> <span class='ocrx_word' id='word_1_818' title='bbox 3839 5296 4010 5364; x_wconf 78' lang='grc' dir='ltr'><strong>ἥλιος,</strong></span> <span class='ocrx_word' id='word_1_819' title='bbox 4043 5297 4072 5363; x_wconf 74' lang='grc' dir='ltr'>ἦ</span> 
     </span>
    </p>
   </div>
   <div class='ocr_carea' id='block_1_116' title="bbox 2515 5385 4073 5456">
    <p class='ocr_par' dir='ltr' id='par_1_116' title="bbox 2515 5385 4073 5456">
     <span class='ocr_line' id='line_1_116' title="bbox 2515 5385 4073 5456; baseline 0 -20"><span class='ocrx_word' id='word_1_820' title='bbox 2515 5386 2588 5446; x_wconf 84' lang='grc' dir='ltr'><strong>ὡς</strong></span> <span class='ocrx_word' id='word_1_821' title='bbox 2651 5387 2898 5452; x_wconf 87' lang='grc' dir='ltr'><strong>στέλεχος</strong></span> <span class='ocrx_word' id='word_1_822' title='bbox 2954 5385 3195 5453; x_wconf 82' lang='grc' dir='ltr'><strong>φοίνικος</strong></span> <span class='ocrx_word' id='word_1_823' title='bbox 3256 5387 3360 5436; x_wconf 71' lang='grc' dir='ltr'><strong>ὑπὸ</strong></span> <span class='ocrx_word' id='word_1_824' title='bbox 3410 5387 3586 5453; x_wconf 75' lang='grc' dir='ltr'><strong>ὀσμῆς</strong></span> <span class='ocrx_word' id='word_1_825' title='bbox 3641 5385 4073 5456; x_wconf 61' lang='grc' dir='ltr'><strong>άναθηλούμενιις</strong></span> 
     </span>
    </p>
   </div>
   <div class='ocr_carea' id='block_1_117' title="bbox 2517 5474 4072 5545">
    <p class='ocr_par' dir='ltr' id='par_1_117' title="bbox 2517 5474 4072 5545">
     <span class='ocr_line' id='line_1_117' title="bbox 2517 5474 4072 5545; baseline 0.002 -19"><span class='ocrx_word' id='word_1_826' title='bbox 2517 5474 2708 5536; x_wconf 78' lang='grc' dir='ltr'><strong>ὕδατος</strong></span> <span class='ocrx_word' id='word_1_827' title='bbox 2764 5477 2855 5526; x_wconf 80' lang='grc' dir='ltr'><strong>καὶ</strong></span> <span class='ocrx_word' id='word_1_828' title='bbox 2886 5475 3072 5544; x_wconf 87' lang='grc' dir='ltr'><strong>κέδρος</strong></span> <span class='ocrx_word' id='word_1_829' title='bbox 3119 5475 3411 5544; x_wconf 76' lang='grc' dir='ltr'><strong>Διϐανίτης</strong></span> <span class='ocrx_word' id='word_1_830' title='bbox 3445 5477 3708 5545; x_wconf 70' lang='grc' dir='ltr'><strong>ὑψίκομος</strong></span> <span class='ocrx_word' id='word_1_831' title='bbox 3737 5479 3793 5540; x_wconf 81' lang='grc' dir='ltr'><strong>ἐς</strong></span> <span class='ocrx_word' id='word_1_832' title='bbox 3847 5478 4072 5533; x_wconf 75' lang='grc' dir='ltr'><strong>κύκλους</strong></span> 
     </span>
    </p>
   </div>
   <div class='ocr_carea' id='block_1_118' title="bbox 2513 5564 4073 5634">
    <p class='ocr_par' dir='ltr' id='par_1_118' title="bbox 2513 5564 4073 5634">
     <span class='ocr_line' id='line_1_118' title="bbox 2513 5564 4073 5634; baseline 0 -19"><span class='ocrx_word' id='word_1_833' title='bbox 2513 5564 2906 5634; x_wconf 81' lang='grc' dir='ltr'><strong>διατηρηθῆναι</strong></span> <span class='ocrx_word' id='word_1_834' title='bbox 2960 5565 3324 5634; x_wconf 87' lang='grc' dir='ltr'><strong>μακραιὼνων</strong></span> <span class='ocrx_word' id='word_1_835' title='bbox 3377 5567 3659 5620; x_wconf 81' lang='grc' dir='ltr'><strong>ἐνιαυτῶν.</strong></span> <span class='ocrx_word' id='word_1_836' title='bbox 3706 5567 3874 5618; x_wconf 81' lang='grc' dir='ltr'>Τοῦτο</span> <span class='ocrx_word' id='word_1_837' title='bbox 3922 5568 3967 5618; x_wconf 79' lang='grc' dir='ltr'><strong>δ’</strong></span> <span class='ocrx_word' id='word_1_838' title='bbox 4011 5570 4073 5619; x_wconf 83' lang='grc' dir='ltr'><strong>άν</strong></span> 
     </span>
    </p>
   </div>
   <div class='ocr_carea' id='block_1_119' title="bbox 2516 5656 4073 5725">
    <p class='ocr_par' dir='ltr' id='par_1_119' title="bbox 2516 5656 4073 5725">
     <span class='ocr_line' id='line_1_119' title="bbox 2516 5656 4073 5725; baseline 0 -19"><span class='ocrx_word' id='word_1_839' title='bbox 2516 5658 2607 5706; x_wconf 77' lang='grc' dir='ltr'><strong>καὶ</strong></span> <span class='ocrx_word' id='word_1_840' title='bbox 2653 5656 2808 5718; x_wconf 82' lang='grc' dir='ltr'><strong>ἄλλος</strong></span> <span class='ocrx_word' id='word_1_841' title='bbox 2872 5673 2953 5716; x_wconf 79' lang='grc' dir='ltr'><strong>τις</strong></span> <span class='ocrx_word' id='word_1_842' title='bbox 3013 5657 3324 5707; x_wconf 80' lang='grc' dir='ltr'><strong>ὑπετόπασε</strong></span> <span class='ocrx_word' id='word_1_843' title='bbox 3373 5659 3469 5725; x_wconf 80' lang='grc' dir='ltr'><strong>τὴν</strong></span> <span class='ocrx_word' id='word_1_844' title='bbox 3519 5658 3730 5724; x_wconf 76' lang='grc' dir='ltr'><strong>ἀγαθὴν</strong></span> <span class='ocrx_word' id='word_1_845' title='bbox 3777 5658 4073 5724; x_wconf 75' lang='grc' dir='ltr'><strong>ἀποκρίνας</strong></span> 
     </span>
    </p>
   </div>
   <div class='ocr_carea' id='block_1_120' title="bbox 852 5744 4075 5842">
    <p class='ocr_par' dir='ltr' id='par_1_120' title="bbox 852 5744 4075 5842">
     <span class='ocr_line' id='line_1_120' title="bbox 852 5744 4075 5842; baseline -0.006 -24"><span class='ocrx_word' id='word_1_846' title='bbox 852 5767 1041 5842; x_wconf 73' lang='grc' dir='ltr'><strong>μερίδα</strong></span> <span class='ocrx_word' id='word_1_847' title='bbox 1087 5769 1176 5815; x_wconf 64' lang='grc' dir='ltr'><strong>καὶ</strong></span> <span class='ocrx_word' id='word_1_848' title='bbox 1225 5757 1630 5825; x_wconf 80' lang='grc' dir='ltr'><strong>ἀσπασάμενος,</strong></span> <span class='ocrx_word' id='word_1_849' title='bbox 1685 5753 1772 5802; x_wconf 61' lang='grc' dir='ltr'><strong>καὶ</strong></span> <span class='ocrx_word' id='word_1_850' title='bbox 1811 5751 1885 5818; x_wconf 79' lang='grc' dir='ltr'><strong>μὴ</strong></span> <span class='ocrx_word' id='word_1_851' title='bbox 1934 5749 2043 5807; x_wconf 57' lang='lat' dir='ltr'><strong>soi;</strong></span> <span class='ocrx_word' id='word_1_852' title='bbox 2082 5747 2220 5797; x_wconf 78' lang='grc' dir='ltr'><strong>ἑπτα</strong></span> <span class='ocrx_word' id='word_1_853' title='bbox 2254 5750 2412 5813; x_wconf 84' lang='grc' dir='ltr'><strong>μόνον</strong></span> <span class='ocrx_word' id='word_1_854' title='bbox 2450 5744 2625 5808; x_wconf 77' lang='grc' dir='ltr'><strong>διδοὺς</strong></span> <span class='ocrx_word' id='word_1_855' title='bbox 2689 5747 2751 5799; x_wconf 82' lang='grc' dir='ltr'><strong>τὸ</strong></span> <span class='ocrx_word' id='word_1_856' title='bbox 2819 5747 3101 5814; x_wconf 78' lang='grc' dir='ltr'><strong>ἀνάλογον,</strong></span> <span class='ocrx_word' id='word_1_857' title='bbox 3135 5747 3268 5799; x_wconf 62' lang='grc' dir='ltr'><strong>ἀλλὰ</strong></span> <span class='ocrx_word' id='word_1_858' title='bbox 3301 5750 3393 5800; x_wconf 65' lang='grc' dir='ltr'><strong>καὶ</strong></span> <span class='ocrx_word' id='word_1_859' title='bbox 3429 5748 3486 5798; x_wconf 77' lang='grc' dir='ltr'><strong>τὸ</strong></span> <span class='ocrx_word' id='word_1_860' title='bbox 3525 5749 3621 5817; x_wconf 78' lang='grc' dir='ltr'><strong>τῆς</strong></span> <span class='ocrx_word' id='word_1_861' title='bbox 3655 5747 3844 5817; x_wconf 79' lang='grc' dir='ltr'><strong>ὀγδόης</strong></span> <span class='ocrx_word' id='word_1_862' title='bbox 3871 5751 4075 5816; x_wconf 74' lang='grc' dir='ltr'><strong>μυστή-</strong></span> 
     </span>
    </p>
   </div>
  </div>
