4304 6354
241 314 347 374 Si“!
1229 378 1236 386 ,
1298 322 1396 381 DE
1443 320 1743 380 lSAAClO
1791 319 2097 380 ANGELO
2137 317 2282 380 LIB.
2326 321 2438 380 Ill.
3377 309 3487 374 818

240 441 360 493 ριον
408 423 550 491 ἔχων
601 420 706 492 πρὸ
740 421 1062 492 ὀφθαλμῶν,
1098 424 1191 476 καὶ
1239 424 1315 492 τῷ
1345 426 1445 494 τῆς
1511 423 1597 491 ἐφ’
1660 416 1892 490 ἑκάτερα
1941 423 2115 491 ῥοπῆς
2165 422 2258 494 [Ρ.
2290 422 2419 493 286]
2476 422 2682 494 Κύριος
2734 415 2873 473 εῖναι
2921 416 3253 488 προσρέπων
3283 415 3382 486 μὲν
3409 410 3499 469 ἀεὶ

236 518 353 577 τοῖς
388 516 695 583 ἀμείνοσιν,
743 518 856 577 τοῖς
885 515 1220 579 δίναντίοις
1292 516 1686 584 ὲπινηχόμενος
1756 511 1995 581 βράδιον,
2045 514 2161 566 ἀλλ’
2218 517 2278 568 οὐ
2329 515 2612 584 γινόμενος
2645 511 2996 580 ὑποὸρύχιος.
3053 507 3188 570 Θεὸς
3268 506 3324 558 δὲ
3400 506 3498 574 οὐχ

235 611 382 665 οὕτω
410 612 756 682 βεϐούληται.
806 612 904 674 Τίς
933 613 978 666 δ’
1020 614 1161 680 ἔγνω
1199 613 1324 666 νοῦν
1357 614 1584 682 Κυρίου,
1626 610 1660 680 ἢ
1713 612 1797 669 τίς
1839 606 2331 677 συμπαρείληπταί
2388 613 2436 662 οί
2482 609 2820 679 σύμϐουλος;
2871 605 3090 674 Ἀμέλει
3124 605 3219 658 καὶ
3257 601 3500 656 ἐκποδὼν

235 707 332 756 τὸν
364 703 533 773 ἀνδρα
564 705 754 760 θέσθαι
786 705 848 759 τδ
875 705 1023 759 θεῖον
1052 705 1580 773 προμηθευσάμενον
1605 702 1808 772 ἀρίστῃ
1852 701 2049 768 πράξει
2096 705 2191 756 καὶ
2275 703 2539 773 καλλίστῃ
2590 702 2868 772 προθυμίᾳ
2919 701 3310 767 συνεπεγεῖραν
3386 693 3500 752 οἷον

238 792 410 844 αὐτὸν
440 796 533 846 καὶ
563 796 880 865 ὶπιρρῶσαν
907 792 1216 865 χρήσασθαι
1245 794 1527 847 ἀσπαστὸν
1557 792 1646 846 καὶ
1684 789 1822 859 μετὰ
1861 788 1960 857 τὴν
1991 791 2256 846 ἀπόθεσιν
2281 792 2380 861 τῆς
2413 795 2589 862 ἀρχῆς
2613 796 2724 856 τοῖς
2753 790 2998 844 πλείοσιν
3024 788 3217 852 ἔδειξε.

313 888 385 950 η’.
410 882 503 952 Μὴ
526 883 717 953 φέρειν
746 884 861 953 γὰρ
885 883 1026 954 ἔχων
1047 885 1144 945 τάς
1179 884 1320 952 μετά
1347 882 1572 936 Σκυθῶν
1602 881 1822 948 έπιδροο
1849 881 1896 934 Α
1992 880 2013 935 ε

1804 881 1896 934 οΑ
1992 880 2044 936 8.
2099 881 2370 938 Caeterum
2426 899 2552 937 cum
2592 897 2720 935 eum
2766 882 2836 937 ab
2889 881 3123 951 imperio
3184 890 3500 938 remoturus

242 974 354 1042 μάς
389 975 487 1026 καὶ
515 973 771 1042 λῃστείας
813 974 923 1026 τῶν
959 973 1204 1042 Βλάχων,
1243 974 1615 1043 πληττόμενος
1642 972 1700 1024 δὶ
1728 971 1824 1024 καὶ

237 1062 320 1130 τῷ
363 1064 454 1114 τὸν
498 1063 652 1115 Γίδον
693 1063 934 1127 Ἀλέξιον
969 1065 1064 1116 καὶ
1109 1064 1202 1117 τὸν
1235 1063 1485 1131 Βατάζην
1518 1064 1820 1126 Βασίλειον,

236 1147 314 1204 ὧι
331 1155 359 1206 ὀ
391 1154 494 1221 μὲν
512 1155 623 1206 τῶν
662 1154 846 1224 Ἐᾠων
867 1157 1053 1223 ἠγεῖτο
1068 1157 1383 1225 ταγμάτων,
1410 1159 1438 1209 ὁ
1454 1157 1508 1209 δὲ
1541 1155 1820 1224 Βατάτζης

240 1244 353 1296 τῶν
395 1245 705 1314 Ἐσπερίων
739 1247 1112 1317 προὺκάεητο,
1140 1248 1561 1317 συμπλακέντας
1586 1251 1699 1311 τοῖς
1729 1267 1824 1301 πο-

240 1339 452 1406 λεμίοις
513 1337 743 1405 ἔγγιστά
792 1355 896 1390 που
943 1338 1040 1391 τοῦ
1079 1338 1413 1407 πολίσματος
1464 1334 1526 1394 οὗ
1567 1341 1825 1409 δομήτωρ

256 1427 544 1495 Ἀρκάδιος
594 1427 670 1495 μὴ
718 1428 880 1496 μόνον
924 1429 1079 1482 οὐδέν
1131 1447 1186 1482 τι
1221 1430 1643 1500 κατωρθωκέναι
1692 1447 1826 1500 χρη-

243 1517 391 1578 στὸν.
428 1517 567 1571 ἀλλά
610 1519 704 1570 τὸν
741 1520 844 1587 μὲν
887 1519 1040 1572 Γίδον
1082 1521 1342 1589 ἀκόσμως
1373 1525 1566 1589 φυγεῖν
1612 1523 1828 1575 ἀπολωο

244 1609 446 1662 λεκότα
478 1602 539 1662 τδ
578 1613 826 1680 κρεῖττον
880 1612 979 1678 τῆς
1025 1614 1305 1681 στρατιᾶς,
1356 1614 1448 1666 τὸν
1481 1614 1538 1666 δὲ
1575 1614 1827 1682 συμφθαο

249 1701 413 1767 ρῆναι
456 1704 576 1764 ταῖς
620 1701 713 1754 ὕπ’
758 1702 924 1754 αὐτὸν
971 1702 1212 1766 τάξεσιν,
1249 1703 1392 1770 ἔγνω
1439 1707 1532 1756 καὶ
1566 1705 1730 1758 πάλιν
1760 1705 1826 1757 δι’

245 1791 443 1843 ἑαυτοῦ
488 1795 629 1846 κατά
662 1794 773 1846 τῶν
805 1795 1117 1848 ἀντιπάλων
1149 1795 1537 1864 ἐξενέγκασθαι
1569 1798 1823 1865 πόλεμον.

247 1881 515 1950 Συλλογαὶ
561 1883 653 1937 οὖν
692 1887 786 1937 καὶ
821 1887 1142 1955 ἀπογραφαί
1194 1887 1304 1940 τῶν
1355 1889 1683 1955 Ῥωμαϊκῶν
1716 1890 1830 1956 ἐγί-

245 1989 403 2026 νοντο
438 1977 889 2043 στρατευμάτων,
934 1978 1036 2030 οὐκ
1069 1980 1290 2047 ἀχρεῖον
1333 1980 1392 2032 δὲ
1420 1983 1514 2034 καὶ
1549 1983 1607 2034 τὸ
1639 1983 1825 2051 μισθο-

247 2064 477 2131 φορικὸν
503 2066 841 2133 συνελέγετο.
879 2068 1108 2137 Πέμψας
1132 2070 1188 2123 δὲ
1219 2072 1310 2123 καὶ
1341 2072 1477 2140 πρὸς
1508 2073 1597 2125 τὸν
1615 2075 1828 2127 ἐκείνου

1925 982 2091 1032 esset.
2122 977 2366 1028 animum
2393 976 2514 1044 ejus
2542 973 2610 1027 ad
2641 988 2730 1027 res
2761 975 3046 1041 przeclaras
3075 981 3240 1042 atque
3263 977 3501 1042 optimas

1925 1064 2207 1125 excitavit,
2241 1073 2302 1117 ut
2330 1080 2398 1118 eo
2427 1065 2593 1117 etiam
2640 1063 2858 1116 amisso
2884 1062 3160 1130 plerisque
3208 1062 3414 1118 cbarus
3446 1071 3504 1115 et

1925 1163 2148 1221 optatus
2169 1165 2334 1209 esset.
2373 1156 2506 1209 Nam
2557 1170 2682 1208 cum
2741 1153 3070 1208 Blachorum
3115 1168 3240 1207 cum
3282 1154 3540 1224 Scythis.

1927 1245 2096 1316 588
2127 1247 2471 1302 incursiones
2513 1255 2568 1300 et
2613 1246 2903 1300 latrocinia
2936 1245 3080 1299 ferre
3129 1260 3241 1298 non
3278 1255 3502 1314 posset,

1927 1347 2089 1406 atque
2145 1339 2328 1391 animo
2387 1339 2783 1407 percelleretur
2840 1337 2987 1407 quod
3047 1337 3275 1392 A‘lexius
3327 1335 3505 1391 Guido

1926 1429 2285 1483 Orientalium
2319 1441 2376 1486 et
2405 1430 2658 1483 Batatzes
2685 1429 2914 1483 Basilius
2943 1428 3382 1484 Occidentalium
3423 1428 3504 1482 le-

1926 1518 2154 1588 gionutn
2215 1520 2364 1579 dux.
2417 1535 2585 1589 prolie
2630 1519 3034 1587 Arcadiopolim
3075 1535 3199 1572 cum
3253 1518 3506 1571 hostibus

1929 1613 2205 1678 congressi
2230 1651 2244 1672 ,
2280 1626 2387 1664 non
2419 1612 2582 1664 modo
2622 1627 2737 1665 rem
2763 1611 2903 1665 male
2939 1611 3276 1679 gessissent,
3312 1623 3504 1662 verum

1929 1701 2092 1756 etiam
2133 1702 2313 1757 Guido
2356 1703 2551 1756 amissa
2583 1703 2788 1772 majore
2822 1702 3100 1756 exercitus
3126 1709 3280 1770 parte
3331 1700 3508 1754 eﬂ‘use

1928 1791 2179 1860 fugisset,
2212 1793 2352 1845 alter
2379 1807 2513 1846 vero
2545 1808 2651 1846 una
2685 1808 2809 1846 cum
2845 1793 2962 1846 suis
3001 1792 3179 1861 copiis
3225 1791 3503 1860 periisset.

1930 1883 2113 1937 denuo
2143 1899 2245 1937 suo
2271 1884 2440 1937 ductu
2479 1884 2704 1952 suisque
2743 1882 3010 1950 auspiciis
3051 1898 3202 1935 arma
3253 1883 3509 1936 hostibus

1932 1969 2136 2024 inferre
2171 1973 2382 2024 statuit.
2423 1971 2776 2040 Colliguntur
2818 1983 2874 2027 et
2907 1971 3340 2027 conscribuntur
3383 1973 3510 2026 ubi-

1931 2081 2038 2132 que
2069 2065 2329 2119 Romana:
2365 2066 2644 2134 legiones,
2693 2081 2873 2133 neque
2907 2081 3071 2133 parva
3121 2064 3324 2118 auxilia
3373 2079 3508 2118 con-

249 2157 511 2225 πενθερδν
536 2159 630 2212 τὸν
665 2161 806 2227 ρἦα
836 2160 944 2212 τῶν
971 2159 1185 2214 Οῠννων
1217 2163 1285 2213 δι’
1315 2163 1623 2232 ἐπικούρων
1647 2167 1828 2235 ᾐτεῖτο
1861 2217 1900 2235 η
1933 2171 1949 2207 (

1809 2182 1828 2216 υ
1861 2217 1900 2235 η
1933 2155 2230 2211 ducuntur.
2281 2156 2541 2224 lmplorat
2582 2166 2638 2210 et
2677 2157 2852 2209 soceri
2899 2159 2983 2209 sui
3029 2154 3317 2225 Hungariaa
3367 2156 3509 2224 regis

256 2217 540 2317 σύναρσιν.
583 2217 758 2304 ’ἁδέ
790 2253 1041 2319 ἀσμένως
1075 2254 1370 2324 ὲπαρήξειν
1403 2217 1682 2320 ὲπέθειςσεῖ
1734 2258 1828 2310 καὶ
1861 2217 1900 2271 Β
1929 2262 1956 2299 ο

1807 2258 1828 2308 ἰ
1861 2217 1900 2271 Β
1929 2262 2129 2314 opem;
2177 2257 2232 2301 et
2271 2217 2430 2301 facile
2479 2250 2740 2317 impetrat
2788 2258 2844 2300 ut
2892 2248 2936 2300 is
2976 2263 3034 2301 se
3089 2217 3188 2316 per
3245 2217 3507 2316 Bldynam

248 2335 339 2389 διά
373 2338 472 2406 τῆς
517 2338 728 2407 Βιδίνης
762 2341 1066 2409 ἐκπέμψειν
1115 2343 1232 2404 ῐλας
1278 2344 1534 2397 συνέθετο
1567 2345 1831 2415 στρατιὼ-
1933 2355 1948 2392 ε

1811 2374 1831 2384 -
1933 2335 2228 2394 auxiliares
2290 2350 2502 2393 turmas
2568 2340 2865 2392 missurmn
2940 2338 3283 2408 poliiceatur.
3342 2337 3511 2406 Igitur

251 2429 424 2490 τιδας.
487 2431 841 2501 Ἀποχρῶσαν
885 2429 978 2485 οὖν
1017 2434 1115 2503 τὴν
1147 2436 1241 2487 τοῦ
1279 2438 1644 2506 στρατοπέδου
1710 2438 1832 2502 ξυλ-

251 2520 418 2588 ὶογὴν
448 2521 850 2591 ἐργασάμενος,
906 2526 999 2576 καὶ
1034 2526 1194 2578 πέντε
1235 2528 1334 2594 μὲν
1369 2527 1505 2595 πρὸς
1546 2532 1657 2590 τοῖς
1697 2529 1831 2581 δέκα

251 2614 484 2679 χρυσίου
530 2615 1004 2684 ἑνσκευασάμενος
1060 2619 1424 2688 κεντηνάρια,
1470 2621 1736 2688 ἀργυρίου
1787 2621 1830 2672 δ’

253 2704 545 2772 ἐνθέμενος
603 2707 750 2776 ὑπὲρ
787 2708 854 2758 τὰ
909 2708 1205 2776 ἑξήκοντα,
1261 2709 1355 2762 καὶ
1405 2710 1548 2778 ἕτερ’
1579 2711 1715 2764 ἄττα
1766 2715 1830 2780 τῇ

257 2798 492 2864 στρατιᾷ
520 2799 945 2866 ἐφοδιασάμενος
976 2802 1250 2869 χρήσιμα.
1291 2803 1428 2854 κατὰ
1459 2805 1555 2864 τὰς
1585 2804 1831 2872 Μαρτίου

255 2887 472 2955 ἡμέρας
521 2888 616 2956 τῆς
670 2887 937 2956 βασιλίδος
993 2890 1102 2943 τῶν
1154 2891 1361 2944 πόλεων
1411 2892 1629 2957 ἔξεισιν,
1675 2895 1834 2960 ἀφεὶς

258 2977 454 3029 ἑαυτὸν
482 2977 636 3045 Θεῷ,
683 2979 777 3030 καὶ
820 2979 961 3031 κατά
989 2978 1098 3030 τῶν
1151 2979 1443 3052 βαρϐάρων
1483 2983 1743 3052 στηρίξας
1775 2981 1835 3033 τὸ

261 3066 395 3119 ῐδιον
426 3068 723 3136 πρόσωπον
759 3069 850 3120 καὶ
883 3068 996 3130 θεὶς
1021 3069 1152 3120 ὡσεὶ
1185 3071 1392 3135 πέτραν
1422 3073 1553 3123 αὐτὸ
1587 3072 1831 3140 στερεὰν,

259 3157 356 3209 καὶ
381 3158 505 3226 ὅρον
536 3159 634 3226 τῆς
678 3161 1095 3228 ὲπαναστροφῆς
1131 3161 1354 3228 θέμενος
1403 3163 1462 3214 τὸ
1516 3163 1690 3232 πέρας
1727 3162 1836 3215 τῶν

258 3249 443 3315 ἔργων
464 3245 539 3301 ὧν
580 3250 739 3317 χάριν
769 3251 910 3301 κατὰ
937 3246 1048 3301 τῶν
1075 3251 1397 3303 ἀποστατῶν
1429 3252 1834 3321 ὲξεστράτευεν,

261 3344 312 3394 εί
355 3344 451 3410 μὲν
502 3341 677 3405 δεξιὸν
709 3343 794 3410 εἴη
835 3341 1013 3407 τοῦτο,
1045 3343 1392 3403 ὲπανατιθεὶς
1433 3344 1511 3412 τῷ
1540 3345 1679 3414 Θεῷ.
1715 3348 1761 3397 εί
1793 3347 1836 3398 δ’

263 3434 544 3496 ἀπαίσιον,
597 3434 735 3501 ὅπερ
787 3433 1090 3502 ἀπηύχετο,
1147 3435 1240 3485 καὶ
1283 3434 1427 3487 οὕτω
1473 3436 1582 3487 τῶν
1629 3437 1842 3489 ἐκείνου

1928 2430 2078 2499 justo
2106 2431 2351 2485 exercitu
2382 2430 2648 2489 munitus,
2672 2430 3014 2498 depromptis
3037 2429 3154 2482 auri
3190 2428 3509 2497 quindecim

1933 2534 1990 2578 et
2017 2524 2226 2592 argenti
2269 2522 2507 2591 amplius
2544 2524 2823 2589 sexaginta
2864 2520 3230 2582 centenariis,
3268 2520 3511 2574 caneris-

1934 2629 2042 2681 que
2097 2613 2264 2665 rebus
2320 2611 2534 2665 idoneis
2578 2613 2915 2672 instructus,
2962 2609 3221 2663 omnibus
3277 2609 3515 2678 negotiis

1936 2705 2050 2757 suis
2082 2704 2192 2755 Deo
2236 2702 2515 2769 permissis
2561 2717 2747 2754 mense
2780 2702 2975 2754 Martio
3014 2699 3148 2754 urbe
3191 2699 3472 2768 egreditur
3497 2741 3510 2761 ,

1937 2795 2121 2847 animo
2151 2803 2344 2846 contra
2390 2791 2661 2845 Barbaros
2710 2792 2924 2846 intento
2970 2802 3026 2845 et
3073 2790 3388 2850 obﬁrmato,
3429 2803 3545 2847 τοι,

1939 2886 2087 2938 ditus
2119 2899 2250 2938 vero
2301 2901 2409 2937 non
2454 2885 2564 2937 alio
2619 2884 2858 2938 termino
2892 2885 3114 2953 praefixo
3148 2884 3251 2937 nisi
3301 2881 3396 2935 ubi
3448 2896 3515 2936 ea

1939 2977 2264 3032 confecisset
2294 2985 2519 3044 propter
2549 2992 2670 3044 quae
2713 2976 3119 3044 expeditionem
3155 2975 3504 3029 instituisset.

1938 3067 2142 3134 Quodsi
2177 3082 2404 3136 prosper
2429 3077 2577 3121 esset
2612 3077 2873 3132 eventus,
2909 3083 3033 3120 eum
3085 3069 3197 3120 Deo
3251 3081 3310 3120 se
3350 3080 3510 3119 acce-

1940 3171 2094 3229 ptum
2126 3159 2365 3212 laturum
2397 3175 2411 3209 :
2439 3159 2525 3212 sin
2556 3158 2818 3212 adversus
2851 3158 3036 3227 (quem
3067 3157 3508 3226 deprecaretur).

1941 3260 1998 3305 et
2053 3252 2198 3304 hunc
2243 3250 2389 3303 illius
2442 3250 2650 3318 judicio
2701 3249 3127 3317 permittendum
3188 3247 3360 3317 589'
3415 3246 3508 3315 qui

1944 3351 2148 3396 sortem
2198 3343 2468 3404 iustorum
2514 3340 2724 3393 diutius
2781 3340 2931 3408 virga
2987 3349 3336 3408 peccatorum
3377 3340 3512 3392 credi

1944 3434 2127 3486 vellet.
2168 3430 2288 3496 Quo
2339 3431 2524 3483 animo
2572 3440 2625 3485 et
2660 3430 2891 3484 consilio
2945 3446 3070 3484 cum
3114 3431 3180 3483 ad
3238 3445 3512 3484 summum

267 3526 556 3594 κριμάτων
601 3525 847 3592 ὲξαρτῶν
904 3526 1074 3577 είσέτι
1139 3526 1525 3594 δοκιμάζοντος
1580 3529 1679 3598 τὴν
1732 3525 1967 3592 τῶνοὸ

1816 3549 1840 3582 ν
1868 3535 1909 3592 c
1947 3525 2240 3580 discrimen
2279 3535 2565 3594 pergeret.
2607 3524 2700 3577 Dei
2737 3537 2931 3576 manus
2969 3532 3028 3574 et‘
3060 3529 3300 3589 potestas
3336 3521 3516 3574 adhuc

266 3615 614 3682 ἁμαρτωλῶν
645 3615 837 3684 ράὁδον
880 3616 1178 3667 πατάσσειν
1229 3617 1318 3667 τὸν
1350 3617 1547 3685 κλῆρον
1595 3617 1703 3670 τῶν
1759 3619 1840 3670 δι-

273 3707 468 3759 καίων.
505 3709 611 3758 Καί
644 3708 672 3756 ὁ
703 3707 802 3774 μὲν
836 3706 1062 3776 ἀπαίρει
1094 3706 1332 3760 τοιοῦτον
1361 3709 1572 3776 τρέφων
1601 3708 1662 3760 τὸ
1704 3710 1841 3778 πρό-

271 3797 443 3864 θυμον
476 3799 570 3850 κα).
599 3799 760 3867 ὁμόςε
795 3802 862 3866 τῇ
889 3799 1039 3867 ἀκμῇ
1072 3797 1166 3851 τοῦ
1202 3799 1446 3852 κινδύνου
1483 3800 1704 3869 χωρῶνο
1741 3802 1844 3870 ή,δ’

269 3883 645 3957 ὑπερκειμένη
696 3889 913 3941 πάντων
947 3887 1071 3957 χεὶρ
1111 3888 1204 3939 καὶ
1240 3888 1379 3955 ῥοπὴ
1433 3886 1512 3939 ἔτι
1544 3884 1612 3957 ἦν
1646 3889 1844 3958 ὑψηλὴ,

270 3981 380 4032 οὐδ’
415 3982 443 4031 ὸ
471 3979 566 4031 τοῦ
601 3980 907 4047 κρείττονος
943 3977 1271 4047 ἀπεστράφη
1300 3978 1490 4047 θυμὸς,
1519 3981 1595 4040 ὡς
1623 3979 1843 4044 ἔδειξεν,

271 4071 366 4120 ἐπὶ
399 4071 582 4122 πᾶσαν
612 4063 692 4131 οἷς
724 4071 774 4120 οί
822 4069 1017 4137 Βλάχοι
1062 4068 1494 4136 κραταιωθέντες
1543 4072 1850 4138 προηγωνί-

273 4177 456 4214 σαντο.
495 4163 604 4214 Καὶ
655 4161 797 4213 οὕτω
841 4163 939 4228 μὲν
968 4162 1019 4212 οἱ
1055 4159 1326 4229 ὀφθαλμοὶ
1378 4161 1474 4214 τοῦ
1523 4162 1850 4230 κρατοῦντος

269 4254 364 4303 ἐπὶ
403 4253 529 4312 τοὺς
563 4253 1111 4321 παραπικραίνοντας
1142 4252 1369 4305 ἔϐλεπον
1399 4254 1730 4321 ἀποστάτας,
1759 4258 1852 4307 καὶ

271 4343 350 4407 τῷ
377 4343 703 4410 διανοητικῴ
732 4343 943 4394 ἐκείνου
969 4344 1036 4394 τά
1067 4341 1354 4409 ἀφεστῶτα
1381 4343 1663 4412 πόρῤωθεν
1687 4347 1852 4412 ἐφαν-

269 4431 529 4494 τάξοντο·
584 4432 636 4482 ot
679 4430 735 4481 δέ
784 4447 846 4496 γε
878 4429 1066 4483 τοῦτον
1098 4431 1197 4499 τῆς
1229 4429 1404 4498 ἀρχῆς
1451 4431 1853 4499 ἀνατρέψοντες

272 4521 516 4592 [938⁷]
571 4522 738 4586 ἐγγὺς
796 4520 948 4582 ὄντες
1006 4520 1446 4589 παρεσλέποντο,
1499 4523 1592 4572 καὶ
1639 4521 1698 4572 τὸ
1759 4522 1851 4589 ἀφ’

272 4613 463 4672 ἑστίας
511 4612 720 4663 σκῶλον
777 4611 852 4672 ὼς
892 4611 966 4679 μὴ
998 4610 1370 4680 παρεγοχλοῦν
1414 4611 1854 4680 ὑπεραλλόμενος

270 4699 363 4770 ἦν,
401 4702 508 4753 Καὶ
541 4701 725 4752 καινὸν
752 4700 925 4762 οὐδὲν,
958 4701 1079 4751 ἐπεὶ
1113 4701 1208 4752 καὶ
1238 4701 1335 4761 τάς
1366 4701 1852 4769 παραὸλαστανού-

274 4811 374 4852 σας
420 4793 620 4853 κακίας
669 4793 786 4854 ταῖς
834 4793 1058 4860 ἀρεταῖς
1103 4793 1434 4861 ἀγχιθύρους
1466 4792 1498 4861 ἢ
1535 4793 1627 4845 καὶ
1654 4795 1854 4862 φεραλ-

1943 3618 2156 3670 excelsa
2185 3626 2324 3680 erat,
2359 3632 2536 3684 neque
2578 3615 2818 3667 numinis
2846 3614 2924 3666 ira
2961 3613 3204 3680 placata,
3254 3619 3313 3664 ut
3354 3627 3518 3666 even-

1947 3717 2035 3762 tus
2066 3707 2276 3770 docuit,
2323 3707 2544 3760 Blacliis
2589 3706 2873 3760 victoriam
2907 3715 3100 3758 contra
3137 3717 3237 3756 nos
3276 3701 3518 3771 adeptis.

1947 3800 2087 3854 Cum
2115 3809 2298 3854 autem
2352 3799 2702 3867 imperatoris
2728 3798 2871 3851 oculi
2912 3798 3140 3851 acerbos
3180 3795 3366 3850 hostes
3393 3809 3521 3864 spe-

1948 3903 2183 3959 ctarent,
2210 3903 2265 3947 et
2297 3893 2558 3963 cogitatio
2591 3893 2752 3962 longe
2799 3900 3008 3946 remota
3049 3897 3478 3960 prosequeretur
3504 3929 3524 3956 ,

1949 3999 2060 4037 non
2101 3985 2323 4038 videbat
2367 3999 2496 4038 eum
2530 3999 2560 4036 a
2596 3998 2706 4052 quo
2750 3981 2980 4050 imperio
3033 3980 3321 4050 pellendus
3359 3988 3481 4035 erat
3508 4021 3523 4042 ,

1952 4090 2123 4144 prope
2150 4083 2418 4128 astantem
2445 4083 2502 4128 et
2549 4089 2762 4130 summa
2794 4072 2959 4126 animi
3017 4074 3383 4127 consensione
3428 4087 3528 4141 per

1951 4166 2136 4219 omnia
2191 4169 2572 4236 conjunctum,
2616 4175 2674 4220 et
2725 4166 3092 4222 domesticum
3131 4164 3527 4219 oﬂ'ensaculum

1955 4266 2011 4308 ut
2052 4258 2210 4324 plane
2253 4258 2537 4311 innoxium
2582 4258 2945 4311 transiliebat.
2993 4256 3184 4325 Neque
3213 4255 3264 4309 id
3297 4263 3381 4309 est
3425 4256 3532 4310 mi-

1954 4348 2208 4410 randum,
2243 4349 2503 4416 quoniam
2538 4348 2800 4402 mortales
2842 4348 2974 4401 vitia
3002 4348 3157 4417 juxta
3207 4346 3440 4400 virtutes
3474 4346 3530 4399 in

1955 4438 2264 4505 propinquo
2295 4445 2350 4489 et
2385 4437 2439 4490 in
2472 4438 2665 4492 eadem
2690 4452 2860 4506 prope
2888 4438 3062 4505 stirpe
3099 4437 3389 4491 nascentia
3413 4451 3534 4491 cer-

1956 4543 2089 4581 nere
2117 4537 2213 4580 aut
2238 4527 2495 4582 nolumus
2521 4535 2616 4581 aut
2642 4527 2957 4595 nequimus.
2986 4527 3056 4582 Ut
3083 4541 3194 4580 non
3223 4526 3397 4580 dicam
3431 4543 3534 4580 na-

1958 4627 2078 4671 tura
2111 4633 2142 4672 a
2172 4619 2330 4673 nobis
2357 4618 2764 4678 quodammodo
2791 4617 3117 4671 charita'tem
3153 4633 3280 4685 erga
3312 4633 3399 4670 res
3428 4632 3531 4670 no.

1956 4717 2098 4762 stras
2121 4723 2244 4762 esse
2274 4710 2529 4769 insitam.
2566 4723 2672 4777 qua
2712 4708 2956 4762 devincti
2989 4716 3045 4763 et
3090 4708 3537 4761 remollescentes

1958 4801 2116 4854 malis
2165 4800 2454 4855 a'tl'ectibus
2497 4808 2552 4854 et
2591 4799 2903 4854 actionibus
2958 4808 3066 4853 tam
3117 4799 3320 4853 nostris
3368 4813 3531 4868 quam

273 4885 471 4948 λήλους
527 4883 764 4951 μάλιστα
823 4855 988 4944 οὔσας
1034 4855 1318 4952 οὐχνδρᾷν
1347 4884 1423 4943 ὡς
1471 4855 1589 4936 δέον
1631 4855 1763 4954 opai:
1805 4887 1854 4938 οί
1887 4855 1973 4944 Di

1837 4887 1854 4938 ῑ
1887 4855 1930 4910 D
1959 4892 2407 4946 charissimorum
2442 4891 2665 4959 segnius
2697 4890 3037 4945 resistamus.
3069 4891 3190 4956 Quo
3229 4891 3288 4945 fit
3330 4900 3392 4944 ut
3440 4908 3533 4944 ve-

275 4978 521 5028 πλεῖστοι
554 4974 663 5026 τῶν
695 4973 998 5042 ἀνθρώπων
1022 4972 1327 5041 αἱρούμεθα
1359 4974 1714 5044 ἠδυνάμεθα.
1752 4977 1855 5028 Ἐὦ

276 5068 393 5134 γὰρ
428 5066 607 5131 λέγειν
650 5066 731 5117 ὅτι
760 5083 867 5133 περ
899 5063 1274 5132 ένεσημήνατό
1303 5082 1418 5126 πως
1461 5067 1592 5133 ἡμῖν
1623 5069 1655 5135 ὴ
1697 5067 1857 5134 φύσις

279 5160 378 5209 καὶ
433 5156 755 5223 ὲνεφύτευσε
808 5156 944 5220 πρὸς
997 5155 1067 5207 τά
1111 5157 1286 5207 οἰκεῖα
1340 5156 1708 5223 συμπάθειαν,
1767 5160 1858 5210 καὶ

281 5248 594 5313 συνδήσασα
647 5246 724 5314 τῷ
773 5246 980 5315 φίλτρῳ
1040 5239 1300 5297 ὲνδιδὸναι
1332 5247 1424 5296 καὶ
1459 5247 1858 5313 μαλακίζεσθαι

280 5340 420 5407 πρὸς
456 5338 554 5397 τὰς
606 5336 816 5403 φαύλας
847 5336 990 5401 ἕξεις
1024 5337 1121 5388 καὶ
1153 5336 1379 5402 πράξεις
1409 5337 1616 5389 ἑαυτῶν
1657 5355 1716 5390 τε
1763 5340 1859 5390 καὶ

277 5430 389 5480 τῶν
443 5428 615 5497 φίλων
664 5428 880 5496 ἐνιαχοῦ
932 5428 1358 5496 παραϐιάζεται,
1397 5428 1488 5480 καὶ⁵
1532 5429 1605 5496 μὴ
1660 5431 1858 5499 ῥᾳδίως

281 5519 593 5585 ὑπάγεσθαι
633 5519 903 5584 διατίθησι
929 5520 1042 5580 τοῖς
1075 5517 1428 5570 ὲπαντλοῦσιν
1458 5517 1532 5577 ὠς
1559 5521 1637 5579 εἰς
1667 5536 1863 5587 τετρη-

283 5613 448 5680 μένον
484 5611 640 5663 πίθον
681 5611 742 5662 τὸ
771 5606 865 5673 οὖς
913 5611 1009 5662 καὶ
1035 5610 1431 5680 ὑφηγουμένοις
1467 5613 1534 5662 τὰ
1568 5611 1643 5679 μὴ
1681 5613 1860 5675 καλῶς

281 5707 539 5775 δρώμενα
588 5699 670 5768 οἷς
711 5701 1224 5774 προσπεπόνθαμεν.
1279 5701 1487 5756 Οὐκοῦν
1523 5705 1615 5756 καὶ
1649 5698 1803 5767 οὗτος
1836 5708 1862 5756 ὀ

1954 4983 2056 5035 luti
2097 4983 2285 5035 surdis
2310 4981 2537 5035 auribus
2572 4996 2764 5034 eorum
2790 4981 2959 5034 verba
2990 4991 3405 5050 praetereamus,
3440 4983 3535 5050 qui

1956 5083 2278 5126 nostrorum
2313 5071 2559 5139 improba
2596 5071 2736 5124 faeta
2768 5081 3222 5125 commemorant.
3257 5071 3349 5124 Sic
3390 5070 3538 5124 Isaa-

1956 5164 2077 5215 cius
2136 5177 2356 5231 quoque
2429 5176 2554 5214 cum
2605 5176 2637 5213 e
2692 5161 2945 5229 plurimis
3023 5159 3242 5213 audiret
3310 5159 3533 5213 fratrem

1958 5255 2207 5308 Alexium
2244 5270 2355 5306 sua:
2390 5263 2447 5307 et
2494 5255 2619 5307 vitae
2647 5263 2700 5306 et
2729 5253 2960 5321 imperio
2991 5252 3274 5316 insidiari,
3305 5261 3359 5305 et
3386 5251 3538 5306 clan-

1963 5345 2240 5398 destinum
2268 5343 2431 5412 590
2466 5343 2652 5395 odium
2692 5342 3090 5395 benevolentiae
3123 5352 3389 5409 praetextu
3426 5342 3541 5395 dis-

1963 5435 2244 5492 simulare.
2283 5447 2345 5485 ac
2377 5434 2562 5500 plures
2594 5446 2711 5485 esse
2738 5431 2909 5485 Alexii
2937 5447 3097 5499 quam
3129 5433 3315 5486 lsaacii
3347 5448 3537 5488 aman-

1969 5533 2071 5586 tes,
2097 5523 2257 5577 verba
2291 5523 2378 5574 illa
2406 5537 2501 5588 pro
2527 5521 2684 5590 nugis
2717 5523 3134 5590 aspernabatur,
3159 5539 3266 5576 non
3288 5524 3539 5580 adhibito

1961 5616 2202 5686 judicio,
2247 5621 2304 5666 ut
2349 5613 2528 5681 lapide
2569 5613 2858 5676 Herculeo,
2909 5616 2974 5667 ad
3019 5615 3325 5669 adulterina
3353 5615 3542 5671 fratris

1971 5716 2091 5762 acta
2117 5703 2601 5775 deprehendenda.
2651 5704 2764 5759 imo
2795 5720 2956 5774 asper
2991 5704 3041 5757 in
3079 5705 3352 5760 delatores
3398 5713 3541 5774 erat,
