4292 6396
833 369 940 434 819

2050 371 2345 432 NICETE
2382 369 2793 436 CHONIATAS

3946 372 4054 436 820

818 481 974 550 quasi
1008 478 1333 534 charitatem
1383 492 1538 534 suam
1585 493 1714 548 erga
1764 478 1988 533 fratrem
2037 478 2389 534 indelebilem
2416 479 2513 548 At

2358 495 2389 532 n
2416 484 2465 539 Α
2494 479 2748 548 βασιλεὺς
2779 481 2928 551 παρὰ
2965 480 3230 534 πλείστων
3259 480 3644 550 ἐνωτιζόμενος
3674 482 4053 536 ἐπιϐουλεύειν

816 581 874 625 et
904 571 1232 624 firmissimis
1270 570 1450 623 nixam
1494 569 1772 623 radicibus
1814 570 2035 625 abolere
2076 582 2239 638 atque
2284 585 2381 624 ex—

817 660 1070 716 scindere
1097 660 1317 722 vellent,
1347 675 1507 729 quem
1527 659 1702 713 solum
1726 661 1970 713 omnium
2001 668 2242 713 vastator
2270 660 2384 712 An~

817 754 1078 807 dronicus
1109 767 1219 806 non
1257 751 1506 807 laesisset.
1543 751 1715 822 lgitur
1746 751 1812 806 ad
1860 751 2171 807 Radaestum
2215 753 2383 805 mari-

818 842 1005 893 timam
1053 841 1244 895 urbem
1279 840 1555 910 profectus
1590 844 1883 896 maximum
1928 850 1988 897 et
2027 841 2234 896 nomini
2282 855 2384 896 suo

817 932 1158 1002 respondens
1216 933 1640 987 resurrectionis
1694 933 1908 987 ‘festum
1982 933 2262 995 celebrat,
2329 942 2385 987 et

816 1023 1023 1078 Pascha
1053 1024 1341 1094 mysticum
1373 1024 1617 1078 immolat
1651 1031 1706 1079 et
1733 1025 2004 1088 comedit;
2056 1025 2240 1094 ibique
2279 1025 2382 1080 Ba-

816 1116 1061 1170 silacium
1093 1115 1382 1179 convenit,
1416 1110 1687 1169 inusitatae
1720 1115 1844 1170 vita:
1883 1115 2184 1179 hominem,
2227 1130 2382 1171 eam-

815 1221 922 1274 que
987 1205 1305 1274 opinionem
1357 1205 1500 1274 apud
1562 1220 1755 1259 omnes
1810 1215 2167 1262 consecutum
2222 1207 2381 1275 quasi

815 1299 1001 1352 futura
1034 1297 1361 1367 praevideret
1385 1307 1549 1365 atque
1582 1298 1921 1366 praediceret.
1955 1300 2111 1355 Unde
2144 1301 2380 1353 maxima

819 1391 1100 1444 hominum
1132 1390 1439 1457 frequentia
1471 1390 1538 1443 ad
1569 1405 1696 1444 eum
1719 1432 1733 1457 ,
1767 1401 1828 1445 ut
1863 1391 1992 1445 olim
2022 1392 2090 1445 ad
2119 1390 2378 1444 Hammo-

813 1483 899 1534 nis
933 1491 988 1534 et
1020 1480 1333 1549 Amphiarai
1384 1482 1666 1535 oraculum
1688 1521 1703 1542 ,
1746 1481 2075 1537 conﬂuebat.
2107 1481 2378 1537 Caeterum

812 1570 949 1623 nihil
996 1570 1108 1622 veri
1147 1579 1200 1623 et
1234 1570 1506 1638 perspicui
1555 1570 1624 1623 de
1667 1570 1832 1624 rebus
1880 1570 2083 1625 futuris
2120 1572 2381 1640 loqueba-

815 1671 905 1714 tur
925 1704 938 1722 ,
977 1662 1070 1715 sed
1098 1661 1261 1714 verba
1290 1662 1515 1716 confusa
1536 1703 1551 1725 ,
1577 1663 1719 1716 inter
1742 1678 1802 1717 se
1830 1663 2151 1719 dissidentia
2177 1673 2231 1718 et
2256 1681 2376 1733 per-

813 1751 967 1819 plexa
1007 1749 1304 1816 fundebat;
1335 1762 1390 1805 et
1415 1754 1661 1820 quamvis
1691 1768 1832 1822 saepe
1866 1754 2096 1808 ridicula
2126 1757 2373 1823 quadam

2490 574 2555 642 τῇ
2614 571 2778 625 αὑτοῦ
2825 574 2964 643 ἀρχῇ
3014 573 3106 626 καὶ
3137 572 3250 642 ζωῇ
3293 573 3384 625 τὸν
3415 572 3640 640 ἀδελφὸν
3682 573 3917 638 Ἀλέξων
3954 574 4051 626 καὶ

2489 664 2947 734 παραπετάσματι
3000 663 3184 730 φιλίας
3234 662 3631 730 συγκαλύπτειν
3681 664 3921 732 πολλαχῆ
3983 665 4051 714 τὸ

2490 753 2834 823 μισάδελφον,
2884 755 2977 808 καὶ
3007 752 3082 815 ὡς
3110 754 3353 816 πλείονές
3379 757 3486 806 εἰσι
3517 754 3810 819 φιλαλέξιοι
3846 753 4048 822 μᾶλλον

2485 848 2632 916 ήπερ
2680 847 3033 916 φιλισαάκιοι,
3069 845 3146 908 ὡς
3173 846 3336 915 λῆρον
3378 847 3736 914 ἀπεπέμπετο
3781 847 3848 898 τά
3893 847 4049 910 λεγό-

2488 956 2659 1007 μενα,
2709 938 2844 1008 μηδὲ
2887 938 2948 990 τδ
2993 937 3334 1001 ἐξεταστικὸν
3384 937 3459 1000 ὼς
3515 936 3663 989 λίθον
3723 936 4046 1006 Ἡράκλειον

2484 1029 2778 1098 προσάγων
2821 1031 2915 1082 καὶ
2965 1027 3268 1097 βασανίζων
3319 1026 3431 1079 τῶν
3477 1028 3631 1095 παρὰ
3661 1027 3753 1080 τοῦ
3809 1024 4044 1094 ἀδελφοῦ

2485 1119 2875 1190 πραττομένων
2906 1115 2967 1172 τδ
3012 1115 3287 1188 κίϐδηλον,
3315 1117 3452 1171 ἀλλὰ
3477 1119 3681 1187 δριμὺς
3708 1117 3784 1172 ῶν
3828 1120 3942 1179 τοῖς
3974 1121 4045 1168 τὰ

2483 1213 2707 1266 τοιαῦτα
2768 1211 3173 1281 είσηγουμένοις
3229 1209 3301 1273 ὡς
3372 1211 3554 1279 έχουσι
3606 1209 3740 1278 πρὸς
3799 1209 4045 1273 ἐφέσεως

2485 1304 2730 1372 ἐξίτηλον
2771 1305 2944 1356 ποιεῖν
2990 1303 3091 1370 τὴν
3131 1300 3467 1354 άνέκπλυτον
3503 1300 3597 1351 καὶ
3627 1295 3739 1352 οἷον
3769 1302 3846 1358 είς
3882 1297 4045 1366 βάθος

2483 1394 2889 1463 ἐγκεκαυμένην
2928 1396 2992 1461 τῇ
3022 1391 3215 1445 ἐαυτοῦ
3242 1392 3386 1461 ψυχῇ
3430 1393 3565 1461 πρὸς
3598 1391 3690 1442 τὸν
3716 1390 4048 1456 κασίγνητον

2485 1485 2738 1555 στοργήν,
2772 1485 2830 1536 δν
2886 1485 3044 1550 μόνον
3088 1484 3198 1535 ἀπὺ
3225 1484 3440 1536 πάντων
3466 1483 3496 1533 δ
3543 1481 3792 1551 λωϐητὴρ
3832 1479 4044 1548 Ἀνδρό-

2483 1591 2630 1635 νικος
2661 1575 2762 1624 οὐκ
2792 1573 3028 1624 ἐσίνατο.
3076 1572 3400 1638 Ἀφιγμένος
3429 1570 3609 1622 τοίνυν
3636 1571 3693 1631 ἐς
3733 1569 3829 1636 τὴν
3860 1583 4044 1634 παρα-

2483 1663 2820 1718 θαλαττίδιον
2885 1661 3190 1713 Ῥαιδεστὺν
3233 1661 3336 1730 τὴν
3389 1660 3652 1728 μεγίστην
3705 1657 3914 1710 ἐκτελεί
3944 1659 4043 1707 καὶ

2482 1753 2829 1823 κυριώνυμον
2857 1751 3223 1819 ἀναστάσιμον
3257 1749 3470 1820 ἑορτὴν,
3495 1750 3591 1801 καὶ
3615 1747 3728 1801 θύει
3753 1748 3843 1799 καὶ
3869 1746 4045 1797 ἐσθίει

814 1840 1174 1905 admisceret,
1205 1851 1384 1895 tamen
1424 1819 1640 1896 turbam
1693 1819 1968 1910 pastorum
2010 1819 2371 1912 agricolarum
2407 1819 2445 1872 Β
2478 1863 2507 1898 τ

2352 1860 2371 1896 t
2407 1819 2445 1872 Β
2478 1819 2572 1898 τδῂ
2594 1819 2786 1913 Πάσχα
2834 1844 2896 1897 τὺ
2955 1844 3232 1912 μυστικόν.
3286 1819 3455 1895 Ἔνθα
3492 1842 3586 1893 καὶ
3626 1840 3703 1908 τῷ
3729 1838 4047 1904 Βασιλακίῳ

813 1940 870 1987 et
923 1932 1187 2001 remigum
1236 1933 1302 1986 ad
1354 1948 1411 1986 se
1444 1933 1773 1988 attrabebat.
1803 1935 1937 1988 Nam
1970 1935 2264 1989 mulierum
2311 1935 2376 1989 ad

813 2037 871 2076 se
917 2022 1252 2077 venientium
1293 2020 1449 2091 591
1507 2025 1758 2077 mammis
1797 2024 2093 2092 exploratis
2142 2033 2198 2080 et
2255 2027 2380 2081 talis

812 2111 1165 2166 contrectatis
1196 2111 1428 2166 obscura
1461 2113 1746 2179 promebat
1776 2116 1997 2169 oracula
2020 2157 2035 2180 ,
2065 2123 2124 2168 et
2159 2115 2226 2168 ad
2258 2116 2378 2184 ple-

813 2217 1013 2270 rasque
1049 2203 1378 2271 quaestiones
1424 2204 1559 2257 nihil
1607 2205 1995 2273 respondebat,
2043 2215 2098 2259 et
2143 2221 2269 2260 suas
2295 2206 2379 2260 di-

811 2291 1118 2347 vinationes
1147 2293 1638 2348 discursationibus
1663 2304 1716 2349 et
1745 2295 1949 2350 insanis
1969 2295 2212 2365 gestibus
2256 2309 2380 2363 per-

813 2384 1025 2454 agebat.
1082 2385 1348 2439 Astabant
1399 2387 1447 2439 ei
1507 2401 1725 2454 quoque
1775 2395 2016 2456 cognata:
2099 2387 2374 2450 aniculae,

808 2477 1072 2530 vecordes
1104 2484 1159 2530 et
1188 2476 1409 2540 insanae,
1440 2491 1560 2545 qua:
1586 2477 1991 2530 consultoribus
2033 2478 2376 2546 explicabant

811 2566 943 2636 quid
973 2567 1048 2620 illi
1081 2566 1324 2621 Basilacii
1358 2577 1542 2636 gestus
1576 2583 1756 2621 rerum
1783 2568 2088 2622 futurarum
2122 2569 2378 2639 designa-

814 2667 955 2722 rent,
1014 2668 1070 2712 et
1128 2659 1554 2713 taciturnitatem
1612 2669 1672 2713 ut
1721 2662 2018 2728 sapientem
2071 2661 2374 2714 orationem

811 2749 1332 2818 interpretabantur.
1389 2751 1439 2803 Is
1489 2751 1655 2819 igitur
1682 2751 1866 2812 homo,
1907 2760 1968 2804 ut
2021 2752 2171 2815 dixi,
2223 2761 2377 2806 vates

810 2840 972 2908 vulgo
1009 2840 1311 2892 habebatur
1342 2851 1396 2894 et
1432 2841 1613 2894 futura
1646 2841 1945 2909 praedicere
1979 2843 2273 2909 putabatur
2295 2882 2310 2905 ,
2345 2858 2374 2895 a

811 2929 1153 2984 mulierculis
1184 2931 1518 2999 praesertim,
1559 2933 1761 3000 quibus
1811 2946 1996 3002 turpes
2045 2936 2376 3002 quaestiones

812 3029 868 3074 et
900 3021 1174 3075 deformes
1202 3022 1436 3075 vestium
1469 3021 1823 3090 implexiones
1850 3039 1950 3091 pro
1988 3025 2118 3076 ludo
2162 3036 2216 3078 et
2253 3025 2377 3093 joco

2481 1935 2812 2003 συγγίνεται.
2865 1930 2974 1986 Ἦν
3025 1933 3070 1986 δ’
3122 1928 3274 1995 οὗτος
3319 1931 3644 2001 άλλότροπόν
3698 1942 3821 1982 τινα
3865 1928 4047 1994 βίοτον

2482 2027 2705 2097 μετιὼν,
2745 2025 3031 2088 καὶδόξαν
3080 2026 3232 2092 παρὰ
3274 2024 3488 2074 πάντων
3516 2021 3780 2089 ἠνέγκατο
3821 2033 4042 2085 προφη-

2476 2119 2657 2172 τεύειν
2682 2120 2778 2171 καὶ
2802 2116 3129 2186 προσλέπειν
3158 2117 3227 2168 τὰ
3255 2113 3586 2184 ἔμπροσθεν.
3621 2109 3740 2164 ὅθεν
3765 2109 3845 2169 είς
3874 2109 4043 2159 αὑτὸν

2476 2212 2546 2265 τὰ
2574 2210 2752 2280 πλήθη
2794 2209 3085 2279 συνέρρεον
3122 2207 3198 2268 ὡς
3235 2207 3344 2258 οὐδ’
3379 2206 3436 2266 ἐς
3481 2202 3791 2271 μυρμηκιὰν
3842 2201 3889 2250 oi
3934 2200 4039 2249 ἐπ-

2479 2301 2732 2364 ανιόντες
2756 2317 2816 2354 τε
2838 2301 2932 2353 καὶ
2951 2299 3187 2364 ἐξιόντες
3215 2294 3493 2364 φιλόπονοι
3527 2293 3810 2363 μύρμηκες
3836 2291 3870 2359 ἢ
3904 2287 4043 2356 γοῦν

2478 2396 2529 2448 οἱ
2572 2397 2628 2457 ἐς
2663 2395 2956 2462 Ἄμμωνος
2997 2389 3165 2442 πάλαι
3213 2389 3306 2441 καὶ
3353 2386 3665 2454 Ἀμφιάρεω
3694 2383 4034 2449 ἀφικόμενοι.

2491 2484 2632 2538 Ἀλλ’
2670 2483 2823 2535 οὐδὲν
2867 2478 3061 2549 άληθὶς
3112 2481 3204 2531 καὶ
3253 2477 3420 2546 σαφές
3461 2476 3586 2544 περὶ
3615 2474 3722 2526 τῶν
3756 2472 4032 2534 ἐσομένων

2478 2570 2634 2636 οὗτος
2675 2574 3004 2642 ἐφθέγγετο,
3060 2567 3449 2638 πεπλανημένα
3493 2569 3548 2620 δὲ
3590 2565 3686 2618 καὶ
3730 2565 4038 2629 ἀσύμφωνα

2477 2667 2692 2726 ἑαυτοῖς
2723 2665 2817 2716 καὶ
2849 2662 3094 2731 γριφώδη
3122 2657 3321 2730 διεξῄει
3372 2661 3621 2728 ῥήματα·
3653 2659 3710 2710 ἐν
3741 2654 3955 2714 πολλοῖς
3978 2652 4036 2701 δὲ

2478 2756 2573 2808 καὶ
2621 2754 2854 2820 γέλωτος
2881 2751 3306 2820 διατιχνώμενος
3333 2750 3477 2814 ἄξια,
3510 2749 3599 2801 τὸν
3643 2743 4037 2812 ἁγελσιοκόμον

2477 2846 2626 2913 ὅμως
2659 2841 2925 2910 καὶπρὸς
2979 2839 3127 2891 ὕννιν
3174 2839 3461 2906 ἀφορῶντα
3510 2837 3604 2887 καὶ
3650 2833 3842 2898 κώπην
3902 2831 4002 2880 ἐπε

2484 2938 2658 2987 σπᾶτο
2693 2933 2848 2986 λεών.
2885 2933 3007 2984 Τῶν
3048 2932 3155 2999 γὰρ
3185 2927 3590 2996 ἀφικνουμένων
3631 2928 3690 2986 ἐς
3732 2924 3888 2976 αὐτὸν
3939 2937 4037 2985 γυ-

2479 3025 2683 3080 ναικῶν
2715 3024 2977 3093 ἐμάστευε
3012 3023 3138 3082 τοὺς
3189 3021 3448 3088 μαστοὺς,
3491 3017 3586 3069 καὶ
3621 3013 3925 3084 περιαθρῶν
3968 3013 4039 3063 τά

813 3111 965 3166 cordi
993 3121 1169 3164 erant.
1221 3111 1471 3166 Cordatis
1510 3128 1642 3166 vero
1683 3112 1998 3168 hominibus
2025 3117 2244 3183 ineptus
2292 3116 2376 3168 hi-
2402 3138 2446 3193 α
2482 3135 2508 3169 σ

2343 3118 2376 3167 l-
2402 3138 2446 3193 α
2482 3116 2666 3185 σφυρὰ
2693 3115 2875 3183 ληρῶν
2905 3115 2998 3164 ἐπὶ
3025 3113 3233 3173 τούτοις
3270 3107 3338 3179 ἦν
3366 3110 3459 3160 καὶ
3484 3104 3864 3175 ἀποφοισάζων
3887 3103 4038 3156 ἀδιά-

812 3201 950 3255 strio
977 3211 1032 3255 et
1059 3216 1249 3255 vecors
1277 3202 1616 3255 silicernium
1649 3203 1954 3256 videbatur.
1997 3203 2168 3257 Erant
2210 3206 2374 3259 etiam

811 3290 905 3359 qui
950 3305 1077 3344 eum
1125 3289 1426 3360 Pythonico
1473 3291 1668 3359 spiritu
1721 3307 1841 3346 esse
1894 3293 2183 3361 praeditum
2237 3295 2376 3346 haud

812 3381 1049 3435 absurde
1077 3383 1486 3450 conjectarent;
1516 3396 1750 3449 quorum
1780 3382 2120 3452 egojudiciis
2143 3384 2377 3437 maxime

813 3474 1102 3527 assentior.
1153 3473 1546 3540 Imperatorem
1597 3488 1774 3540 neque
1824 3483 1884 3527 ut
1941 3484 2088 3528 tanta
2136 3477 2377 3543 potentia

814 3561 1100 3630 praeditum
1154 3562 1404 3629 excepit;
1460 3577 1637 3629 neque
1709 3562 2023 3615 salutationi
2076 3564 2196 3632 ejus
2259 3579 2378 3631 qum

813 3664 934 3707 erat
967 3671 982 3705 :
1027 3671 1045 3702 ι
1079 3652 1258 3718 Sal-ve,
1292 3662 1446 3720 pater
1476 3652 1728 3716 Basilaci,
1768 3673 1785 3703 ι
1838 3654 2156 3722 respondit;
2200 3669 2378 3722 neque

815 3743 980 3796 tacito
1011 3752 1144 3796 nutu
1170 3743 1364 3810 capitis
1386 3743 1585 3811 gratias
1611 3743 1721 3810 egit
1754 3762 1766 3794 :
1802 3744 1896 3796 sed
1923 3744 2032 3798 huc
2061 3752 2223 3813 atque
2251 3745 2378 3797 illuc

815 3833 987 3885 instar
1015 3831 1148 3899 pulli
1180 3831 1367 3900 equini
1391 3841 1487 3884 aut
1506 3833 1743 3886 hominis
1765 3832 1960 3887 furiosi
1987 3835 2191 3888 saltans
2217 3833 2377 3903 592

813 3920 1202 3976 accedentibus
1230 3920 1539 3983 maledixit,
1579 3923 1943 3978 Constantino
1991 3925 2378 3992 Mesopotami-

816 4023 943 4065 tano
992 4011 1046 4064 in
1098 4011 1312 4080 primis,
1358 4012 1450 4080 qui
1505 4021 1618 4065 tum
1666 4013 1873 4067 lsaacio
1925 4015 2380 4070 familiarissimus

813 4117 954 4162 erat.
1001 4108 1113 4161 Nec
1163 4107 1264 4175 ipsi
1316 4107 1550 4176 denique
1610 4108 1926 4176 imperatori
1983 4126 2236 4178 parcens,
2290 4113 2379 4165 vix

815 4198 1033 4253 tandem
1079 4199 1339 4265 inquietis
1390 4199 1497 4252 illis
1541 4201 1930 4270 agitationibus
1975 4204 2227 4268 omissis,
2271 4207 2379 4260 sci-

813 4291 977 4358 pione
1012 4305 1172 4356 quem
1206 4290 1458 4344 manibus
1489 4292 1767 4359 gestabat,
1806 4294 2056 4362 imaginis
2087 4295 2378 4363 imperato-

814 4380 1076 4447 ris,quae
1111 4380 1164 4431 in
1215 4380 1333 4449 ejus
1384 4382 1637 4437 oratoria:
1687 4384 1840 4437 cella:
1907 4386 2115 4452 pariete
2163 4385 2377 4454 depicta

2485 3224 2703 3274 γνωστα
2729 3207 2903 3271 λόγια.
2971 3202 3286 3256 Ἀπεσιώπα
3328 3200 3384 3252 δὲ
3413 3200 3548 3251 κείπλ⁸
3591 3199 3708 3258 ταῖς
3759 3194 4038 3253 πλείσταις

2479 3299 2588 3351 τῶν
2643 3297 2887 3350 πεύσεων
2943 3295 3106 3361 αἴπερ
3156 3291 3305 3360 αύτῷ
3357 3292 3506 3359 παρά
3554 3289 3662 3342 τῶν
3707 3284 4039 3355 προσιόντων

2480 3389 2784 3455 ἐπήγοντο,
2843 3387 2937 3436 καὶ
2998 3385 3095 3444 τὰς
3153 3383 3356 3441 οἰκείας
3422 3379 3647 3448 πράξεις
3706 3375 4038 3445 μεταδάσεσι

2479 3480 2729 3540 τοπικαῖς
2751 3477 2844 3529 καὶ
2876 3475 3272 3543 σχηματισμοῖς
3296 3472 3549 3540 ἐπέραινε
3596 3469 3863 3528 Πανικοῖς.
3907 3468 4039 3518 Συν-

2480 3567 2689 3621 εστῶτα
2721 3567 2776 3618 δὲ
2808 3565 3003 3632 γύναια
3049 3563 3252 3632 γραῖκά
3303 3579 3423 3615 τινα
3475 3557 3923 3630 οίστρηλατοῦντά
3975 3573 4034 3608 τε

2479 3660 2575 3710 καὶ
2603 3657 3042 3722 κωθωνιζόμενα,
3085 3654 3226 3706 κατὰ
3257 3652 3412 3720 γένος
3441 3651 3590 3720 αὑτῷ
3634 3650 4032 3714 συναπτόμενα,

2481 3747 2789 3818 ὑφηγοῦντο
2818 3751 2929 3808 τοῖς
2950 3746 3352 3813 παρασάλλουσι
3377 3746 3444 3796 τὰ
3469 3745 3569 3795 ὑπὸ
3590 3744 3683 3794 τοῦ
3709 3740 4034 3793 Βασιλακίου

2480 3838 2801 3906 τελούμενα,
2841 3839 2868 3888 ὅ
2903 3855 2955 3889 τι
3009 3836 3115 3888 τῶν
3157 3836 3538 3904 γενησομένων
3586 3831 4033 3900 τεκμηριάζουσι,

2483 3934 2577 3982 καὶ
2605 3930 2702 3997 τὴν
2734 3929 2891 3998 σιγήν
2919 3929 2994 3990 ὦς
3027 3947 3077 3980 τι
3110 3929 3486 3994 φθεγγομένην
3534 3930 3625 3978 καὶ
3668 3922 4034 3988 ὑποδηλοῦσαν

2485 4022 2647 4087 σοφὸν
2669 4021 3030 4087 διεσήμαινον.
3055 4016 3153 4089 [Ρ.
3172 4016 3300 4087 288]
3335 4018 3537 4069 Ἐδόκει
3560 4012 3650 4068 οὖν
3672 4016 3699 4067 6
3723 4015 3859 4080 ἀνὴρ
3878 4007 4032 4071 οὗτος

2487 4114 2601 4171 τοῖς
2639 4112 2734 4177 μὲν
2781 4109 3012 4171 πολλοῖς,
3063 4109 3139 4170 ὡς
3167 4110 3272 4175 ἔχω
3316 4109 3503 4170 εἰπὼν,
3544 4106 3893 4175 προφητικὸς,
3937 4106 4031 4155 καὶ

2481 4198 2879 4269 προσημαίνων
2907 4199 2975 4251 τὰ
2998 4200 3406 4268 συμϐησόμενα,
3439 4199 3531 4249 καὶ
3565 4196 3772 4266 μάλισθ’
3808 4195 4030 4253 ὁπόσαις

2478 4288 2588 4340 τῶν
2632 4285 2909 4354 γυναικῶν
2955 4288 3011 4337 ai
3063 4287 3171 4337 τῶν
3206 4287 3448 4338 πεύσεων
3476 4286 3698 4353 άσεμνοι
3729 4284 3818 4334 καὶ
3859 4284 4029 4348 ἀσχήο

2485 4391 2645 4443 μονες
2692 4373 2801 4425 τῶν
2841 4373 3163 4441 ἐσθημάτων
3210 4372 3581 4440 ἐγκομὸὡσεις
3627 4372 3700 4431 ὡς
3727 4369 3910 4420 παιδιά
3949 4385 4030 4428 τις

813 4477 968 4531 erat,
1011 4469 1186 4522 oculis
1227 4471 1430 4532 erasis,
1469 4473 1632 4526 etiam
1659 4474 1864 4540 pileum
1899 4475 1967 4526 de
1998 4477 2177 4542 capite
2230 4475 2377 4528 illius
2407 4457 2454 4512 υ
2482 4486 2508 4519 τ

2334 4490 2377 4528 ιε
2407 4457 2454 4512 Ι)
2482 4464 2948 4535 περιεσπούδαστο
2989 4465 3186 4530 γέλωτι
3242 4463 3566 4532 σύμμικτος,
3612 4464 3719 4523 τοῖς
3749 4463 3792 4512 δ’
3822 4464 3878 4523 ἐς
3908 4462 4029 4511 γοῦν

814 4559 1029 4612 auferre
1059 4558 1330 4613 studebat.
1362 4560 1491 4625 Qua:
1520 4577 1642 4614 cum
1674 4563 1930 4626 fecisset,
1971 4564 2271 4632 imperator
2310 4581 2377 4618 eo

814 4650 991 4701 deliro
1020 4648 1277 4717 despecto
1307 4651 1549 4714 recessit,
1580 4653 1814 4719 populus
1843 4667 1976 4706 vero
2006 4654 2100 4721 qui
2137 4669 2199 4707 ea
2227 4655 2376 4708 vide-

816 4748 935 4800 rat,
961 4739 1096 4791 nihil
1129 4740 1256 4792 boni
1289 4741 1652 4794 ominabatur.
1677 4743 1745 4796 Ut
1777 4759 1906 4796 vero
1927 4743 2092 4797 etiam
2117 4757 2374 4799 eventum

816 4845 924 4882 non
956 4829 1114 4897 plane
1142 4831 1210 4882 ab
1243 4831 1349 4882 illis
1373 4831 1540 4899 signis
1568 4832 1867 4886 abhorrere
1893 4836 2160 4898 constitit,
2189 4837 2373 4905 cujus-

817 4935 923 4986 que
965 4921 1149 4983 Opinio
1193 4920 1258 4973 de
1306 4921 1568 4974 Basilacio
1620 4923 1938 4976 confirmata
1977 4933 2081 4989 est,
2123 4940 2264 4992 quae,
2319 4936 2378 4979 ut

818 5013 952 5069 dixi.
983 5027 1183 5078 anceps
1209 5012 1360 5079 prius
1388 5022 1442 5065 et
1474 5013 1529 5064 in
1565 5012 1837 5081 plerisque
1864 5013 2029 5067 dubia
2059 5013 2254 5068 fuerat.
2307 5013 2376 5069 Ut

819 5115 1001 5156 autem
1047 5103 1341 5169 imperator
1389 5102 1634 5171 Cypsella
1691 5104 1980 5171 pervenit,
2038 5105 2375 5158 exercituum

817 5204 1026 5263 partem
1066 5194 1422 5258 centuriavit,
1461 5205 1704 5263 partem,
1754 5210 1876 5263 quae
1928 5197 2166 5250 nondum
2209 5197 2405 5271 adve-l

817 5296 1010 5346 nerat,
1068 5286 1422 5353 exspectavit.
1493 5285 1598 5339 Sed
1645 5285 1948 5339 nobilitatis
1995 5302 2186 5354 magna
2251 5303 2378 5356 pars

816 5390 957 5442 :cgre
1001 5376 1144 5429 ferre
1195 5390 1253 5428 se
1292 5375 1552 5429 simulans
1597 5376 1744 5443 quod
1796 5377 1958 5445 longo
2006 5383 2248 5444 tempore
2308 5376 2377 5428 ab

818 5465 1141 5530 imperatore
1201 5465 1445 5534 neglecta
1488 5476 1651 5526 esset,
1704 5467 1957 5535 quodque
2022 5483 2108 5520 res
2164 5469 2375 5534 publica

819 5550 977 5619 593
1005 5566 1286 5618 perperam
1321 5563 1376 5606 et
1407 5562 1608 5606 temere
1635 5554 2134 5617 administraretur,
2167 5571 2290 5609 cum
2318 5571 2374 5608 re

817 5653 946 5694 vera
987 5641 1116 5696 illud
1142 5654 1432 5710 spectaret,
1464 5645 1609 5712 quod
1646 5661 1705 5697 cx
1741 5647 1951 5715 imperii
1987 5647 2377 5700 inuitatiouibus

821 5746 876 5785 tte
908 5733 1146 5800 plurima
1171 5737 1537 5790 ctuolutuenta
1575 5738 1852 5805 percipere
1888 5738 2373 5799 animadvertebat.

2481 4557 2747 4626 βάπτουσι
2781 4555 3071 4624 περίεργόν
3087 4569 3140 4606 τι
3165 4555 3257 4607 καὶ
3286 4553 3658 4619 γελωτοποιῶν
3682 4553 3774 4603 καὶ
3793 4551 4032 4620 ληρῶδες

2479 4647 2757 4715 γερόντιον
2803 4647 2998 4714 ἥγητο.
3032 4646 3152 4697 Εἰσὶ
3185 4646 3227 4697 δ’
3254 4647 3304 4699 οἳ
3351 4648 3443 4698 καὶ
3474 4645 3735 4712 πνεύματι
3780 4643 4028 4703 Πύθωνος

2486 4737 2707 4805 κάτοχον
2751 4737 3023 4804 εὐστόχως
3066 4737 3372 4804 εἰρήκασιν,
3424 4731 3506 4796 οἷς
3550 4735 3749 4802 ἐθέμην
3797 4734 4031 4799 μάλιστα

2479 4829 2572 4880 καὶ
2605 4829 2787 4886 αὑτός.
2852 4827 2986 4878 Τότε
3042 4826 3171 4893 γοῦν
3221 4828 3499 4878 ἐπιστάντι
3552 4825 3630 4893 τῷ
3678 4825 4031 4892 αὐτοκράτορι

2478 4918 2600 4970 οὔτε
2654 4919 2954 4986 προσέσχεν
2995 4916 3130 4978 ὅλως
3175 4916 3249 4978 ὡς
3280 4915 3724 4986 περιὸεσλημὲνῳ
3764 4915 4030 4981 round-qv

2480 5014 2573 5060 καὶ
2615 5008 2869 5075 τοιαύτην
2905 5007 3078 5075 ἰσχὺν,
3111 5006 3233 5058 οὔτε
3279 5007 3411 5075 πρὸς
3437 5006 3537 5073 τὴν
3565 5005 3725 5057 αὑτοῦ
3761 5021 4031 5071 προσηγοο

2483 5100 2602 5167 ρίαν
2633 5100 2698 5166 (ἡ
2738 5098 2794 5148 δὲ
2831 5093 2898 5166 ἦν
2933 5115 2952 5146 ι
2990 5096 3234 5164 Χαίροις,
3261 5091 3307 5149 ὦ
3329 5099 3498 5164 πάτερ
3525 5095 3806 5148 Βασιλάκιε
3829 5113 3847 5143 i
3886 5097 3900 5154 )
3933 5093 4029 5160 τὴν

2479 5193 2767 5257 ἀπόκρισιν
2801 5188 2951 5240 ἔθετο
2993 5189 3025 5256 ἧ
3061 5187 3192 5254 γοῦν
3225 5186 3609 5255 ἀντησπάσατο
3652 5188 3825 5254 σιωπῇ
3859 5201 4025 5236 κατα-

2479 5288 2674 5348 νεύσας
2717 5288 2782 5352 τῇ
2829 5283 3061 5351 κεφαλῇ,
3094 5281 3208 5335 ἀλλ’
3232 5277 3333 5334 ὧδε
3359 5284 3576 5334 κάκεῖσε
3609 5281 3745 5348 μετὰ
3777 5279 4027 5331 πωλικῶν

2480 5377 2774 5444 φερόμενος
2809 5375 3196 5444 σκιρτημάτων
3229 5373 3322 5424 καὶ
3367 5373 3696 5439 παραφόρων
3743 5371 4026 5436 μετακινή-

2481 5482 2618 5516 σεων
2664 5464 2982 5530 ἐκακολόγει
3010 5465 3135 5524 τοὺς
3176 5462 3520 5530 προσιόντας,
3556 5460 3646 5511 καὶ
3684 5459 3907 5526 μάλιστα
3937 5457 4027 5508 τὸν

2477 5556 2939 5624 Μεσοποταμίτην
3010 5556 3440 5615 Κωνσταντῖνον,
3497 5554 3554 5613 ὃς
3606 5549 3675 5618 ἦν
3734 5550 3853 5601 τότε
3910 5550 4025 5599 λίαν

2477 5647 2822 5715 ᾠκειωμένος
2850 5645 2928 5713 τῷ
2960 5646 3188 5713 βασιλεῖ,
3233 5644 3358 5713 μηδ’
3389 5642 3552 5695 αὑτοῦ
3599 5642 3900 5709 φειδόμενος
3933 5640 4022 5690 τοῦ

2479 5735 2826 5806 κρατοῦντος.
2878 5737 3005 5802 ’0ῲέ
3046 5735 3102 5787 δέ
3137 5737 3230 5790 καὶ
3263 5736 3410 5803 μόλις
3443 5735 3548 5788 τῶν
3589 5733 3836 5787 ἀτάκτων
3863 5731 4022 5798 λήξας
