4304 6354
234 314 333 378 82!

1296 312 1390 371 DE
1435 313 1730 368 ISAACIO
1774 313 2074 370 .tNGELU
2119 313 2242 366 tu;
2307 311 2421 367 Ill.

3363 303 3468 372 822

235 426 524 492 κινήσεων,
561 421 662 490 τὴν
690 421 849 492 χεῖρα
877 419 1124 481 ἐκτείνας
1159 422 1371 489 ἀχρειοῖ
1405 420 1489 468 δι’
1523 419 1614 470 τοέ
1651 421 1782 486 acip.
1834 429 1882 478 Α
1909 437 1935 486 ιι

1770 441 1782 470 ι.
1834 429 1882 478 Α
1909 436 2029 486 qua:
2060 420 2150 470 diu
2183 421 2396 472 caelarat
2441 416 2657 477 animis,
2694 424 2805 469 tum
2838 415 2892 469 in
2934 422 3183 484 apertum
3223 413 3470 483 protulit.

239 536 439 580 πωνος,
495 517 553 570 ὃν
587 515 750 585 ἔφερε
789 518 909 570 ταῖν
939 517 1139 584 χεροῖν,
1173 515 1272 582 τὴν
1305 520 1488 570 εἰγονα
1519 515 1611 568 τοῦ
1651 515 1805 580 βασι-

239 610 395 674 λέως,
427 607 551 679 ἣτις
598 606 738 661 κατὰ
769 607 831 660 τδ
873 607 952 669 είς
993 606 1160 676 εὐχὴν
1190 605 1339 675 αὖτῷ
1369 607 1808 671 ἀποτεταγμένοι)

247 681 779 768 οἰκίδιον-χρώμασιν
824 697 918 750 ἐπὶ
937 696 1115 765 τοίχου
1141 696 1434 766 ἐστήλωτο,
1459 695 1583 756 τοὺς
1609 696 1809 761 taen-

247 791 381 858 μοὺς
410 789 909 857 διαλωϐησάμενος.
957 787 1226 856 Ὠρμήκει
1268 787 1325 839 δέ
1355 790 1447 839 καὶ
1476 788 1566 839 τὸν
1596 788 1691 849 τῆς
1722 805 1812 838 κς.-

242 879 424 947 φαλῆς
457 878 550 930 τοῦ
593 878 999 946 αὐτοκράτορος
1031 879 1186 928 πῖλον
1231 878 1475 948 ἁρπάσαι
1508 878 1601 929 καὶ
1635 880 1812 946 χαμαὶ

242 969 614 1035 κατενεγκεῖν.
648 969 758 1020 Καὶ
787 967 961 1019 ταῦτα
990 967 1090 1037 μὲν
1119 962 1272 1028 οὗτος
1298 966 1677 1036 διεπεπράχει·
1700 969 1728 1017 6
1755 967 1812 1018 δὲ

246 1058 498 1128 βασιλεὺς
517 1058 833 1128 ἀφροσύνην
855 1059 1158 1125 καταγνοὺς
1180 1059 1272 1112 τοῦ
1295 1058 1585 1126 ἀνδραρίου
1607 1057 1815 1111 ἐκεῖθεν

253 1151 599 1218 μεθίσταται.
628 1150 821 1212 Αὑτοῖς
872 1149 1058 1219 μέντοι
1089 1166 1154 1216 γε
1189 1150 1302 1210 τοῖς
1334 1148 1773 1217 συνειλεγμένοις
1799 1188 1812 1209 ,

241 1239 544 1308 ὀφθαλμοῖς
573 1240 944 1310 παραλαϐοῦσι
973 1240 1042 1294 τὰ
1063 1240 1321 1308 γεγονότα
1357 1240 1457 1292 οὑκ
1484 1238 1815 1308 εὐσύμϐολος

244 1330 355 1383 τῶν
388 1331 662 1398 ἐσομένων
709 1331 896 1391 οἰωνὸς
941 1329 1320 1398 συλλελόγιστο
1340 1345 1354 1358 ·
1406 1329 1480 1390 ὡς
1514 1329 1571 1382 δὲ
1599 1329 1692 1380 καὶ
1721 1329 1817 1380 τὰς

244 1419 542 1480 ἀποϐάσεις
574 1421 634 1471 οὐ
675 1421 852 1488 πάντη
903 1417 1210 1491 άπᾳδούσας
1241 1421 1356 1481 τοτς
1391 1417 1680 1484 συμϐόλοις
1731 1434 1812 1467 τε·

248 1508 492 1569 θέανται,
525 1510 622 1561 ἐπὶ
662 1509 826 1561 πλέον
860 1509 1089 1572 ἕκαστος
1122 1509 1206 1561 ἔτι
1234 1509 1333 1576 τὴν
1365 1511 1492 1576 περὶ
1525 1506 1622 1559 τοῦ
1656 1507 1819 1560 Βασι-

246 1600 438 1651 λακίου
480 1597 638 1663 δόξαν
680 1600 1008 1668 ἐκράτυναν,
1059 1599 1383 1668 ἀμφιρῤεπῆ
1423 1615 1481 1650 τε
1527 1597 1713 1658 οὖσαν,
1747 1599 1819 1658 ὡς

248 1689 349 1758 ἢδη
406 1707 496 1758 μοι
538 1689 825 1752 λέλεκται,
880 1691 1146 1759 πρότερον
1187 1690 1322 1742 κάπὶ
1385 1692 1488 1750 τοίς
1543 1690 1821 1749 πλείστοις

247 1779 762 1850 ἀμφισϐητήσιμον.
817 1782 904 1844 Ὠς
956 1781 1002 1834 δ’
1030 1781 1111 1842 είς
1146 1781 1216 1833 τὰ
1253 1781 1510 1850 Κύψελλα
1543 1783 1571 1833 6
1603 1781 1820 1850 κρατῶν

248 1869 519 1934 ἀφίκετο,
569 1869 640 1923 τὰ
685 1869 783 1937 μέν
831 1861 944 1923 τῶν
992 1869 1416 1940 στρατευμάτων
1449 1869 1506 1930 ἐς
1536 1866 1818 1936 φάλαγγας

249 1961 348 2012 καὶ
387 1959 507 2022 ίλας
551 1959 961 2025 ξυνέταττε,τὰ
1005 1959 1062 2012 δέ
1115 1956 1436 2027 καραδοκῶν
1489 1958 1822 2026 προσέμενεν

248 2048 566 2115 ἀφικέσθαι.
594 2048 717 2101 Τῶν
736 2047 783 2100 6'
805 2043 866 2101 εὖ
887 2046 1194 2114 γεγονότων
1225 2047 1408 2116 συχνοὶ
1431 2047 1495 2114 τῇ
1526 2046 1824 2116 ἁκομιστὶα

247 2139 348 2193 τοῦ
385 2140 647 2208 βασιλέως
685 2140 749 2193 ἐκ
785 2138 998 2208 μακροῦ
1042 2138 1419 2209 δυσχεραίνειν
1463 2134 1818 2205 πλάττόμενοε

249 2230 350 2282 καὶ
390 2230 469 2296 τῷ
515 2230 590 2300 μὴ
620 2231 764 2284 κατὰ
797 2230 891 2282 τὸν
920 2229 1104 2283 εἰκότα
1137 2229 1294 2296 λόγον
1333 2227 1401 2281 τὰ
1427 2229 1580 2280 κοινὰ
1606 2227 1822 2280 διοικεί-

254 2319 382 2372 σθαι
427 2319 761 2389 πράγματα,
809 2320 985 2372 ειπεῑν
1020 2319 1064 2372 δ’
1113 2317 1476 2387 ἀληθέστερον
1510 2317 1608 2378 τὰς
1660 2333 1824 2368 τιετα-

255 2407 423 2470 ϐολάς
475 2407 584 2462 τῶν
635 2411 980 2478 πραγμάτων
1029 2408 1172 2462 κατὰ
1204 2407 1342 2460 πολὺ
1377 2406 1826 2476 συμϐαλλομένας

254 2498 440 2559 αὐτοῖς
471 2500 529 2560 ἐς
564 2497 952 2568 χρηματισμὸν
986 2499 1448 2567 κατανοήσαντες,
1490 2495 1610 2547 τότε
1640 2495 1708 2546 τά
1739 2496 1819 2544 ἐν·

251 2585 516 2640 δεδυκὸτα
550 2590 616 2656 τῇ
661 2586 810 2671 ψυχῇ
849 2588 946 2641 καὶ
989 2586 1416 2655 ὑποθαλπόμενα
1446 2585 1549 2671 Δτοῦ
1597 2585 1826 2652 στήθους

253 2674 674 2744 ἀναμηρύοντες
724 2669 808 2738 είς
864 2676 980 2743 φῶς
1032 2678 1400 2745 προήνεγκαν.
1436 2669 1629 2727 Τοίνυν
1661 2677 1687 2723 ὁ
1729 2676 1826 2740 μὲν

255 2765 621 2834 αὐτοκράτωρ
670 2767 750 2828 είς
800 2766 1124 2834 κυνηγέσιον
1169 2766 1432 2834 ὁρμηθεὶς
1459 2767 1716 2833 καὶπρὸς
1755 2768 1828 2832 τῷ

255 2855 497 2923 ἔφιππος
551 2857 783 2925 ὀφθῆναι
830 2857 1112 2924 γινόμενος
1159 2857 1544 2925 μετεπέμπετο
1589 2857 1682 2908 καὶ
1739 2859 1827 2908 1?..-

254 2945 486 3012 ἀδελφὸν
538 2946 775 3010 Ἀλέξιον
822 2947 1126 3013 συνεξιέναι
1176 2947 1227 2998 oi
1271 2947 1368 2998 καὶ
1406 2945 1828 3015 συνδιαχυθὴναι

254 3033 399 3087 κατὰ
427 3035 536 3087 τῶν
561 3038 736 3089 ἐκεῖσε
769 3037 966 3089 πεδίων
996 3037 1062 3088 τὰ
1094 3035 1273 3104 ποώδη
1309 3035 1402 3089 καὶ
1428 3035 1641 3105 ἀνθηρά
1661 3052 1674 3065 ·
1712 3037 1741 3087 ό
1770 3036 1824 3088 δὲ
1852 3059 1899 3121 c

253 3124 395 3190 πρὸς
433 3125 496 3176 τὸ
538 3128 596 3176 ἐν
630 3127 820 3194 χερσὶν
848 3127 1013 3195 ἔργον
1041 3126 1471 3195 ἑτοιμασάμενος
1496 3127 1826 3179 ἐπισπέσθαι

252 3214 306 3265 οι
336 3213 642 3277 ἀπείπατο,
678 3217 814 3286 πρὸς
853 3218 1045 3286 σχάσιν
1093 3217 1287 3284 φλεϐὸς
1316 3219 1702 3286 ἐτοιμασθῆναι
1741 3219 1797 3267 λϐ

255 3319 396 3370 γων,
428 3304 771 3373 μαλακισμὺν
810 3307 1244 3376 ὑποκρινάμενος
1291 3308 1566 3375 σώματος.
1603 3311 1711 3360 Καὶ
1738 3310 1819 3360 οὖ-

254 3410 370 3456 τως
416 3397 444 3447 6
481 3396 580 3464 μὲν
628 3396 793 3459 ἔξεισι
841 3398 936 3450 καὶ
980 3398 1140 3467 μόνος
1189 3400 1282 3452 καὶ
1311 3401 1408 3469 τῆς
1460 3401 1828 3468 προκειμένης

257 3484 467 3554 ἔχεται,
487 3487 538 3538 οί
559 3487 615 3539 δὲ
635 3487 731 3540 τοῦ
754 3489 1068 3557 σκέμματος
1091 3489 1470 3550 κοινωνοῦντες
1497 3490 1575 3557 τῷ
1610 3491 1828 3556 Ἀλεξέῳ

255 3574 440 3643 λοιμοὶ
487 3578 580 3628 καὶ
627 3577 784 3630 κύϐοι
831 3580 922 3630 καὶ
965 3579 1179 3648 εὔριποι
1223 3582 1314 3631 καὶ
1348 3579 1430 3648 [Ρ.
1463 3579 1589 3650 289]
1623 3581 1822 3647 σκηνῆς

255 3664 523 3734 γέμοντες
551 3665 828 3732 ἄνθρωποι
857 3668 990 3721 ὡσεὶ
1029 3669 1270 3730 σταδίους
1298 3670 1445 3734 τρεῖς
1476 3671 1568 3719 τὸν
1601 3668 1825 3735 βασιλέα

258 3756 523 3825 προϊόντα
569 3756 766 3819 ίδόντες
819 3759 919 3826 τῆς
963 3758 1168 3827 σκηνῆς
1213 3759 1349 3826 μετὰ
1376 3758 1481 3808 τῶν
1518 3757 1685 3819 πέλας
1732 3757 1826 3809 καὶ

258 3844 435 3910 φίλων
462 3837 541 3905 οἷς
571 3845 927 3898 πεπολίτευτο
961 3850 1056 3900 καὶ
1099 3847 1150 3899 οἳ
1201 3848 1528 3919 συνδιῴκουν
1565 3850 1712 3920 αὐτῷ
1758 3853 1826 3904 τὰ

258 3934 384 3986 κατ’
413 3933 620 4001 ἔφεσιν,
644 3936 1084 4004 συναρπάζουσιν
1117 3940 1414 4008 είρωνικῶς
1440 3941 1533 3993 τὸν
1567 3942 1823 4006 Ἀλέξιον,

257 4025 361 4076 καὶ⁵
395 4025 476 4086 εἰς
505 4026 604 4094 τὴν
641 4027 911 4094 βασίλειον
959 4029 1163 4098 σκηνὴν
1205 4029 1394 4082 τοῦτον
1417 4031 1703 4102 ,είσάγουσι
1734 4035 1825 4084 καὶ

255 4115 688 4184 ἀναγορεύουσιν
724 4117 1122 4186 αὐτοκράτορα.
1146 4115 1324 4172 Ἦσαν
1353 4121 1400 4172 δ’
1436 4114 1580 4174 οὗτοι
1613 4125 1642 4174 6
1685 4123 1825 4191 Βρα·

253 4203 362 4263 νᾶς
405 4202 713 4272 Θεόδωρος,
758 4205 787 4257 6
820 4206 1179 4274 Παλαιολόγος
1227 4209 1518 4277 Γεὼργιος,
1552 4212 1581 4262 ό
1615 4214 1824 4280 Πετρα-

252 4290 426 4358 λίφας
459 4293 711 4362 Ἰωάννης
743 4294 838 4348 καὶ
867 4298 895 4349 6
940 4296 1132 4350 Ῥαοὺλ
1168 4299 1592 4363 Κωνσταντῖνος,
1615 4303 1644 4352 6
1677 4303 1823 4354 Καν-

1908 510 2046 564 Cum
2095 520 2277 564 autem
2326 518 2620 576 Imperator
2673 521 2976 560 conscenso
3009 519 3154 574 equo
3219 513 3471 558 venatum

1912 601 2092 655 iturus
2114 601 2337 653 fratrem
2366 599 2638 653 Alexium.
2669 606 2728 650 ut
2761 611 2943 652 secum
2969 597 3144 652 exiret
3171 604 3228 650 et
3265 596 3320 648 in
3347 594 3475 647 ber-

1913 692 2058 746 bidis
2082 704 2139 745 et
2167 691 2378 744 ﬂoridis
2407 691 2514 744 illis
2554 693 2688 744 locis
2713 704 2819 743 una
2850 688 3240 748 obiectaretur,
3265 682 3473 739 accersi

1907 781 2182 849 iussisset,
2218 794 2265 833 is
2290 778 2575 832 destinatis
2605 776 2972 846 exsequendis
3017 775 3284 836 intentus,
3314 773 3480 842 aegri-

1915 868 2103 923 tudine
2153 875 2211 920 et
2259 881 2409 920 vena
2451 867 2694 920 sectione
2726 865 3016 925 simulata,
3061 863 3308 918 comitari
3348 874 3474 914 eum

1916 960 2205 1011 recusavit.
2241 956 2331 1010 Sic
2361 956 2450 1008 ille
2487 957 2634 1009 solus
2677 965 2912 1022 emptum
2949 955 3054 1007 iter
3102 954 3475 1022 prosequitur.

1914 1047 2087 1102 ΔιοιῙί
2132 1061 2262 1101 vero
2290 1047 2580 1116 coniurati.
2621 1045 2870 1098 homines
2893 1045 3061 1106 leves,
3095 1042 3475 1103 conscelerati,

1914 1137 2108 1206 euripo
2140 1137 2517 1192 mutabiliores
2537 1178 2550 1196 ,
2583 1135 2723 1190 fucis
2749 1143 2806 1189 et
2835 1135 2976 1188 dolis
3007 1133 3214 1198 referti,
3257 1131 3349 1186 ubi
3380 1133 3482 1183 im-

1919 1237 2225 1298 peratorem
2249 1243 2374 1282 cum
2416 1227 2743 1280 satellitibus
2787 1233 2843 1279 et
2891 1223 3081 1277 amicis
3105 1263 3119 1282 .
3156 1238 3387 1292 quorum
3425 1221 3479 1274 in

1919 1315 2350 1372 administranda
2381 1331 2439 1367 te
2474 1315 2687 1380 publica
2726 1323 2778 1368 et
2817 1313 3214 1382 cupiditatibus
3245 1313 3362 1364 suis
3389 1326 3477 1363 es

1921 1405 2135 1474 plendis
2155 1419 2322 1472 opera
2352 1407 2620 1462 utebatur,
2653 1405 2752 1457 tria
2786 1405 3008 1458 circiter
3042 1403 3214 1457 stadia
3248 1418 3276 1455 a
3309 1402 3487 1458 taber-

1921 1493 2116 1547 naculo
2139 1499 2428 1547 recessisse
2451 1493 2726 1553 viderunt.
2753 1495 2999 1548 Alexium
3023 1492 3486 1552 invitumscilicet

1921 1581 2206 1651 abreptum
2231 1593 2286 1635 et
2309 1583 2361 1634 in
2391 1583 2803 1652 imperatorium
2834 1585 3127 1637 tentorium
3158 1583 3482 1653 perductum

1925 1671 2310 1740 imperatorem
2365 1673 2691 1727 salutaruut.
2741 1675 2906 1728 Erant
2958 1674 3011 1727 hi
3059 1673 3264 1728 Branas
3299 1673 3478 1727 Theo-

1924 1763 2094 1816 dorus
2117 1803 2130 1822 .
2159 1762 2428 1832 Georgius
2455 1765 2787 1834 Pala'ologus
2814 1807 2827 1830 ,
2867 1765 3002 1819 Raul
3049 1763 3443 1819 Constantinus
3469 1803 3485 1824 .

1921 1854 2334 1907 Cantacuzcnus
2374 1853 2636 1916 Michael,
2667 1865 2722 1908 et
2769 1856 2860 1908 alii
2897 1855 3208 1922 complures
3251 1855 3484 1924 improbi

1922 1952 1978 1995 et
2005 1942 2151 1996 leves
2191 1943 2474 2008 homines,
2516 1944 2828 2012 imperatori
2881 1946 3146 2016 sanguine
3191 1947 3398 2016 juncti,
3427 1956 3484 1999 ct

1922 2046 2116 2100 agmen
2145 2047 2336 2087 eorum
2359 2035 2453 2102 qui
2479 2033 2641 2106 595.
2663 2051 2904 2091 mensam
2939 2036 3486 2092 sebastocratoricam

1924 2121 2402 2184 consectabantur,
2432 2124 2588 2176 novis
2621 2124 2786 2178 rebus
2814 2126 3134 2195 gaudentes.
3165 2125 3333 2180 Totus
3357 2125 3485 2178 item

1923 2211 2197 2263 exercitus
2236 2209 2329 2263 illo
2364 2223 2510 2264 mutu
2562 2214 2826 2266 duntaxat
2873 2215 3064 2271 audito
3111 2216 3388 2272 turmatim
3423 2216 3487 2267 ad

1926 2300 2173 2353 Alexium
2227 2299 2446 2362 deﬁcit,
2495 2305 2778 2357 dotuestici
2837 2315 3100 2374 praeterea
3143 2316 3200 2360 et
3252 2305 3488 2360 ministri

1925 2391 2116 2444 lsaacii
2148 2406 2360 2451 omnes,
2393 2401 2449 2445 et
2475 2409 2568 2460 qui
2605 2394 2674 2448 ah
2707 2410 2772 2449 eo
2805 2395 3067 2464 dignitate
3095 2397 3366 2452 senatoria
3402 2413 3490 2450 or-

1930 2482 2038 2534 nati
2078 2489 2256 2535 erant.
2303 2482 2366 2536 At
2410 2485 2706 2552 imperator
2733 2487 2985 2542 obscuris
3025 2489 3298 2558 principio
3341 2489 3490 2544 voci-

1929 2572 2032 2626 bus
2059 2575 2295 2640 acceptis
2320 2615 2332 2634 ,
2365 2577 2563 2628 deinde
2592 2577 2646 2630 iu
2688 2579 2985 2632 tentorium
3017 2596 3174 2634 suum
3219 2595 3490 2636 concursu

1931 2663 2290 2730 plurimorum
2348 2667 2463 2717 viso
2515 2677 2569 2717 et
2613 2667 2794 2720 fratris
2845 2669 3213 2724 declaratione
3267 2672 3492 2729 audita.

1931 2769 2032 2806 nec
2066 2755 2236 2807 multo
2273 2766 2393 2822 post.
2437 2759 2774 2812 t'aciuoribus
2821 2761 2937 2813 istis
2993 2761 3257 2813 nuntiatis
3283 2801 3296 2822 ,
3327 2778 3491 2816 cursu

1930 2859 2204 2908 represso,
2236 2845 2392 2913 signo
2435 2849 2616 2900 rrmzis
2657 2863 2714 2899 εει
2759 2849 2991 2912 muniit,
3027 2860 3079 2902 et
3121 2849 3320 2903 Christi
3363 2866 3494 2918 pate

1934 2935 2218 3002 implorata
2251 2938 2420 2992 Deum
2454 2939 2651 3007 saepius
2674 2940 2853 2993 oravit
2875 2956 2933 2993 se
2961 2956 3025 2995 ex
3060 2943 3152 2996 illo
3176 2942 3495 2995 discrimine

1931 3023 2182 3086 liberari;
2226 3035 2280 3078 et
2316 3026 2409 3079 Dei
2451 3027 2746 3082 Genitricis
2775 3030 3064 3098 imaginem
3111 3047 3176 3086 cx
3207 3033 3329 3084 sinu
3365 3049 3495 3100 pru-

1935 3113 2096 3166 latam
2125 3117 2322 3168 crebro
2353 3119 2689 3185 amplectens
2722 3121 2918 3186 partim
2959 3121 3335 3182 collautlaliat,
3370 3139 3494 3190 par-

1937 3206 2030 3257 tim
2055 3207 2279 3272 supplex
2305 3209 2543 3260 elllictim
2570 3211 2763 3263 orabat
2794 3220 2852 3263 ut
2873 3211 3167 3265 imminens
3191 3214 3492 3280 periculum

1933 3293 2172 3363 effugere
2197 3297 2402 3350 liceret.
2436 3298 2571 3351 Cum
2608 3310 2792 3354 autem
2821 3302 3087 3370 quosdam
3132 3305 3496 3371 comprehcn-

1934 3384 2097 3436 ἀθηάί
2148 3388 2230 3438 sui
2275 3402 2435 3440 causa
2485 3389 2621 3444 laxis
2669 3391 2896 3446 habenis
2937 3393 3146 3449 irruere
3191 3410 3293 3448 nec
3345 3396 3492 3448 aliud

1933 3477 2144 3543 spirare
2173 3486 2266 3531 aut
2293 3489 2540 3547 spectare
2571 3482 2672 3534 nisi
2713 3483 3082 3549 captivitatem
3124 3501 3273 3540 suam
3306 3501 3498 3539 cerne-

1937 3576 2048 3626 ret,
2095 3568 2273 3634 fugam
2328 3573 2545 3637 arripit;
2595 3585 2643 3624 o-t
2689 3576 2958 3628 \Ol‘liCOSO
3003 3575 3208 3639 fluvio,
3257 3578 3350 3646 qui
3384 3579 3496 3632 illic

1933 3658 2286 3724 praeterfluit,
2333 3676 2438 3712 non
2501 3662 2619 3715 sine
2682 3665 2926 3729 periculo
2989 3674 3248 3734 superato
3295 3669 3492 3737 pergit.

1932 3746 2190 3813 Quamvis
2223 3752 2369 3804 enim
2405 3754 2611 3806 nullum
2651 3767 2826 3809 tutmn
2853 3766 3131 3824 receptum
3176 3757 3336 3828 595
3380 3774 3496 3813 cer-

1932 3849 2111 3899 neret,
2149 3850 2325 3894 tamen
2375 3853 2433 3894 ut
2469 3845 2698 3899 exitium
2748 3863 2774 3898 a
2821 3848 3003 3915 populi
3052 3849 3235 3902 furore
3283 3864 3496 3903 summa

1933 3927 2281 3984 festinatione
2327 3935 2704 4000 persequentis
2751 3936 3038 3988 iunninens
3065 3937 3330 4002 evitaret,
3377 3937 3499 3990 S:a-

1933 4018 2048 4086 gira
2082 4021 2351 4086 pervenit,
2381 4038 2502 4089 qua:
2532 4039 2678 4076 nunc
2715 4023 2893 4077 Macra
2916 4025 3146 4090 dicitur;
3179 4027 3269 4080 ubi
3296 4043 3325 4080 a
3357 4028 3498 4081 Pan-

1934 4117 2168 4176 teugeno
2195 4111 2430 4176 quodam
2467 4113 2898 4180 comprehensus
2946 4124 3001 4167 et
3049 4118 3496 4183 persecutoribus

1932 4197 2184 4263 proditus
2213 4199 2326 4252 sole
2360 4207 2696 4267 postremum
2727 4202 2864 4264 viso,
2899 4204 3061 4270 paulo
3097 4215 3219 4272 post
3252 4206 3317 4259 ad
3345 4207 3495 4260 Pera:

1933 4288 2325 4341 monasterium
2356 4291 2425 4342 ab
2461 4292 2806 4360 imperatoris
2840 4293 3136 4350 Andronici
3175 4307 3326 4365 patre
3356 4297 3499 4351 lsaa-

250 4380 598 4452 τακουζηνὸς
640 4384 860 4456 Μιχαὴλ
899 4386 994 4438 καὶ
1037 4388 1222 4455 συχνοὶ
1252 4387 1430 4456 ἕτεροι
1459 4389 1704 4458 ἀνάρσιοι
1736 4393 1829 4444 καὶ
1861 4394 1906 4448 D
1934 4391 1950 4429 ί

1797 4375 2018 4448 nocio
2069 4380 2347 4432 conditum
2403 4391 2723 4437 excaecatur.
2796 4384 2988 4440 Utrum
3053 4403 3184 4442 vero
3243 4389 3497 4443 Numinis

255 4468 482 4539 εὔριποι
512 4469 814 4540 ἄνθρωποι,
851 4473 992 4525 κατὰ
1027 4474 1181 4540 γένος
1209 4477 1286 4542 τῷ
1317 4473 1525 4542 βασιλεῖ
1561 4481 1828 4531 συναπτό-

255 4573 440 4625 μενοι,
483 4559 576 4610 καὶ
611 4560 813 4628 σμῆνος
847 4560 976 4611 ἄλλο
1017 4562 1266 4628 ἀγελαῖον
1296 4563 1424 4633 περὶ
1468 4564 1529 4616 τὸ
1569 4565 1830 4619 σεϐαστο-

250 4648 591 4716 κρατορικὸν
639 4649 806 4701 πάλαι
853 4649 1118 4718 ἀλητεῡον
1147 4653 1242 4705 καὶ
1282 4655 1464 4722 χαῖνον
1497 4655 1830 4724 ἑστιατόριον

256 4738 362 4791 καὶ
399 4740 588 4807 χαῖρον
617 4743 736 4802 ταῖς
768 4740 874 4792 τῶν
907 4742 1252 4810 πραγμάτων
1287 4743 1625 4811 ἐξαλλαγαῖς.
1659 4748 1831 4816 Προσ-

249 4830 434 4898 χωρεῖ
475 4829 533 4881 δέ
565 4831 612 4882 οἱ
649 4832 743 4883 καὶ
777 4831 913 4900 πρὸς
945 4832 1114 4902 μόνην
1151 4833 1248 4902 τὴν
1272 4834 1381 4886 τῶν
1411 4835 1832 4903 νεοχμωθέντων

247 4918 525 4988 ὲνήχησιν
555 4919 701 4972 ἅπαν
744 4921 803 4973 τὸ
853 4923 1241 4991 στρατιωτικὸν
1274 4925 1466 4988 ἰλαδὸν,
1513 4927 1606 4978 καὶ
1637 4929 1832 4980 ὁπόσον

261 5007 533 5077 Ἰσαακίῳ
553 5011 897 5082 προσέρρεπε
927 5013 1323 5083 θεραπευτικὸν
1349 5016 1443 5067 κοιλ⁵
1467 5015 1704 5080 οἰκίδιον,
1739 5020 1832 5071 καὶ

246 5099 425 5169 οἵπερ
461 5103 540 5163 εἰς
581 5099 778 5170 βουλῆς
810 5103 1026 5171 ἀξίωμα
1071 5106 1337 5176 ῆρθησαν.
1398 5108 1459 5159 '0
1494 5106 1551 5160 δὲ
1583 5107 1832 5177 βασιλεὺς

245 5193 516 5259 ἀσήμους
561 5191 632 5245 τὰ
679 5193 872 5261 πρῶτα
911 5195 1094 5262 φωνὰς
1144 5198 1225 5258 είς
1260 5198 1432 5263 ἀκοὴν
1472 5198 1634 5251 ὠτίου
1681 5199 1832 5263 δεξά-

247 5293 452 5346 μενος,
482 5272 604 5330 εἶτα
627 5279 722 5331 καὶ
747 5282 886 5334 κατὰ
915 5282 1014 5351 τὴν
1038 5284 1271 5352 άρχικὴν
1296 5285 1526 5337 αὐλαίαν
1550 5286 1658 5338 τῶν
1679 5287 1833 5338 πλεξ-

247 5383 410 5419 στων
449 5368 723 5438 θεώμενος
790 5373 1096 5442 συνδρομὴν
1157 5377 1253 5427 καὶ
1306 5375 1403 5444 τὴν
1459 5375 1553 5428 τοῦ
1603 5377 1830 5444 ἀδελφοῦ

243 5458 573 5528 ἀνάρρησιν
615 5460 995 5531 ἐνηχούμενος,
1033 5463 1151 5532 μετ’
1183 5464 1243 5516 οὐ
1293 5466 1428 5519 πολὺ
1464 5466 1523 5518 δὲ
1565 5467 1660 5520 καὶ⁸
1706 5468 1834 5529 τοὺς

244 5547 628 5613 ἀγγέλλοντας
661 5550 800 5620 ἔχων
827 5555 985 5605 ταυτὶ
1012 5554 1078 5606 τά
1112 5553 1459 5624 τολμώμενα,
1491 5557 1621 5626 ἔστη
1654 5573 1709 5608 τε
1737 5555 1830 5609 τοῦ

244 5637 444 5693 ἵεσθαι
480 5640 704 5710 πρόσω,
743 5642 838 5695 καὶ
886 5643 946 5695 τὸ
986 5643 1081 5696 τοῦ
1114 5645 1348 5715 σταυροῦ
1394 5647 1620 5716 σημεῖον
1654 5646 1830 5716 ἐαυτῷ

1933 4465 2170 4518 vindicta
2200 4483 2388 4534 poenas
2426 4471 2544 4524 illas
2588 4472 2658 4525 ibi
2693 4473 2940 4537 dederit,
2971 4477 3094 4530 aliis
3137 4478 3495 4532 consideran-

1931 4553 2062 4608 dum
2101 4557 2368 4626 relinquo.
2403 4559 2529 4613 Vult
2567 4563 2712 4615 enim
2755 4562 3136 4629 Providentia,
3161 4583 3281 4634 quae
3308 4573 3490 4623 omnia

1931 4649 2134 4715 Optime
2177 4652 2468 4719 gubernat,
2511 4656 2676 4706 etiam
2727 4655 2780 4707 in
2816 4655 3316 4711 inimicissimorum
3357 4674 3485 4728 sup-

1931 4737 2110 4806 pliciis
2137 4742 2566 4796 moderationem
2595 4745 2876 4807 adhiberi,
2911 4755 2968 4801 et
3003 4762 3219 4816 semper
3263 4750 3317 4802 in
3360 4765 3488 4803 con-

1932 4838 2122 4896 spectu
2172 4845 2293 4884 esse
2342 4833 2630 4900 potestatis
2666 4835 2936 4888 lubricum
2971 4845 3025 4890 et
3061 4837 3274 4905 imperii
3326 4839 3496 4890 amis-

1934 4917 2164 4981 sionem,
2213 4936 2320 4983 ne,
2372 4931 2430 4973 ut
2476 4923 2720 4974 omnium
2782 4940 2964 4977 rerum
3012 4925 3334 4980 vicissitudo
3387 4941 3494 4987 est.

1931 5010 2390 5078 quemadmodum
2441 5014 2678 5082 quisque
2730 5019 2979 5069 tractarit
3018 5026 3284 5081 caeteros,
3321 5020 3392 5072 ita
3442 5030 3496 5071 et

1933 5099 2048 5168 ipse
2087 5101 2272 5154 divino
2313 5103 2522 5171 judicio
2568 5106 2637 5157 ab
2678 5105 2799 5159 aliis
2847 5115 3132 5162 tractetur.
3183 5108 3314 5162 Post
3357 5110 3496 5163 hanc

1931 5190 2313 5248 calamitatem.
2347 5193 2417 5245 ob
2449 5195 2720 5261 ingentem
2765 5197 3072 5249 cruciatum
3105 5197 3299 5250 diebus
3343 5212 3495 5251 cam-

1932 5282 2177 5350 pluribus
2205 5286 2330 5336 cibo
2357 5300 2464 5336 non
2494 5295 2739 5350 gustato,
2784 5289 3020 5353 palatino
3059 5289 3266 5342 carceri
3314 5290 3493 5342 inclu-

1931 5373 2097 5425 ditur.
2149 5371 2319 5427 Paulo
2375 5390 2504 5428 vero
2555 5385 2676 5444 post.
2725 5377 2779 5430 in
2829 5379 3054 5432 alteram
3088 5380 3238 5433 urbis
3287 5392 3494 5448 partem

1932 5464 1998 5516 ad
2031 5463 2426 5532 Diplocionium
2453 5466 2800 5529 transfertur,
2833 5485 2932 5521 nec
2959 5469 3255 5536 quulquam
3302 5479 3499 5535 praeter

1931 5554 2044 5608 vini
2075 5561 2132 5606 et
2169 5556 2327 5623 panis
2364 5556 2685 5609 demensum
2712 5597 2726 5621 ,
2773 5570 2829 5611 ut
2878 5560 3043 5612 homo
3083 5559 3329 5626 plebeius
3379 5560 3497 5611 ruri

1933 5645 2156 5717 degens,
2198 5647 2395 5717 accipit
2455 5647 2644 5703 Frater
2703 5663 2826 5704 vero
2877 5649 2998 5719 ejus
3053 5649 3214 5720 596
3266 5649 3496 5718 imperio
