4304 6354
257 378 361 437 ἔιὲό

1134 366 1228 428 DE
1273 365 1552 426 ALExn!
1599 360 1867 418 laAAtlt
1917 361 2194 419 Αςςςιιῖω
2239 361 2334 416 ru
2407 357 2524 408 im
2590 357 2629 407 ιθ

3376 343 3483 403 8°26

248 508 364 547 ut,
405 485 509 540 τίνι
541 484 608 538 ἀν
639 481 1209 553 συναρμολογηθιντες
1249 477 1544 546 ζησώμεθα
1575 517 1589 537 ,
1639 477 1727 526 καὶ
1785 478 1816 536 ἡ
1854 472 1889 523 Α
1922 493 1948 535 q

1785 478 1816 536 ἠ
1854 472 1889 523 Α
1922 477 2140 535 quidem
2171 490 2264 526 ars
2290 487 2352 524 ex
2391 471 2683 524 contrariis
2717 465 2881 518 rebus
2914 461 3149 516 salutare
3180 458 3485 513 antidotum

259 583 357 649 μὲν
382 577 757 647 φιλάνθρωπος
787 575 952 644 τέχνη
980 573 1038 636 ἐξ
1076 571 1370 624 ἀντιθέτων
1408 567 1628 636 σαρκῶν
1675 565 1814 616 3W?"-

256 670 406 722 δοτον
464 667 868 735 συνεκεράσατο
923 663 1218 725 σώζουσαν,
1278 660 1408 712 ινιοι
1474 659 1531 709 δὲ
1581 656 1685 706 τιῖδ
1725 654 1823 717 τῆ·

259 760 474 828 φύσεως
527 757 745 826 σεμνῶν
794 755 984 824 δώρων
1014 753 1400 820 ἐπιλαθόμενοι
1449 746 1822 806 ἐπανεσεησάκι

258 867 315 904 τε
362 849 632 918 ἀλλήλοις,
681 848 776 901 καὶ
826 848 963 911 ὅπερ
1010 846 1169 903 είσὶν,
1214 843 1515 910 ἠγνοήκασι
1555 836 1822 906 μοχθηρίφ

260 932 485 1008 γνώμης
512 939 606 991 καὶ
631 936 789 1004 δόξης
832 936 996 1002 ἔρωτι
1045 933 1314 1001 μείζονος.
1348 925 1455 981 Ἦν
1487 929 1663 980 τοίνυν
1696 935 1822 984 ⁸παρ’

257 1031 434 1082 ἐθνισι
479 1030 573 1081 καὶ
608 1027 768 1079 τοῦτο
809 1025 1099 1090 Ῥωμαίων
1135 1025 1215 1084 είς
1247 1021 1607 1088 ἐξουθένημα,
1650 1033 1821 1086 παρι-

259 1121 579 1189 κολούθημά
627 1136 686 1170 τε
740 1119 833 1168 καὶ
883 1113 1253 1183 ἐπισύμὸαμά
1301 1129 1353 1164 τι
1389 1111 1665 1178 λελόγισ.υ
1723 1113 1825 1160 τῶι

259 1208 732 1277 προηγησαμένων
795 1204 1051 1256 ἁπάντων
1125 1204 1335 1269 αἴσχιον
1406 1199 1498 1251 ἐπὶ
1556 1201 1670 1257 ταῖς
1722 1205 1826 1248 τιν·

260 1299 609 1370 πραγμάτων
647 1294 1237 1367 μεταπιττεύσεσι-καὶ
1270 1295 1390 1353 ταῖς
1424 1292 1532 1342 τῶν
1565 1307 1826 1357 κρ-ιτωη-

260 1410 369 1445 των
413 1388 741 1457 μεταθέσεσί
793 1402 850 1440 τε
903 1387 998 1439 καὶ
1049 1384 1420 1437 ἀλλοιώσεσιν.
1472 1377 1653 1433 Ἶῐσαν
1692 1382 1732 1432 δ’
1777 1384 1827 1450 ,οἳ

263 1487 358 1538 καὶ
385 1482 486 1550 τῆς
518 1486 574 1544 ἐς
600 1483 728 1544 τοὺς
761 1481 928 1541 πέλας
969 1480 1152 1548 φιλίας
1183 1476 1537 1543 ἀφιστάμενοι
1594 1477 1824 1526 ἀπολύει

267 1574 422 1642 μενοι
464 1589 525 1624 τι
557 1572 656 1640 τὴν
701 1572 870 1624 πάλαι
924 1568 1230 1638 συνήθειαν,
1265 1584 1283 1617 ι
1333 1565 1583 1631 Ἀδελφδς
1628 1565 1687 1615 ου
1742 1565 1830 1612 "J-

263 1662 485 1728 τροῦται
510 1678 524 1690 ·
558 1662 896 1729 λυτρώσεται
931 1661 1259 1728 ἀνθρωποςς
1301 1675 1318 1706 ι
1354 1657 1561 1721 ἔλεγον.
1613 1657 1714 1707 Κα·
1753 1649 1829 1713 νῖς

1923 564 2161 618 conficit.
2224 562 2453 628 Quidam
2516 575 2644 614 vero
2699 558 2954 622 przeclara
3007 560 3214 606 natura:
3259 564 3488 603 munera

1925 655 2084 707 obliti
2119 661 2310 707 mutuo
2343 667 2399 706 se
2429 653 2724 719 exagitant,
2757 658 2810 699 et
2841 661 2950 714 prae
3008 641 3354 711 improbitate
3411 640 3494 692 in-

1925 745 2066 813 genii
2099 752 2154 796 et
2183 740 2404 810 majoris
2433 740 2618 810 gloria:
2658 736 2958 804 cupiditate
2993 749 3049 786 se
3080 730 3333 786 homines
3361 743 3485 781 esse

1921 851 2032 886 non
2087 838 2476 886 meminerunt.
2547 828 2766 896 Peperit
2841 825 2945 877 hoc
3000 837 3221 890 quoque
3277 817 3492 872 facinus

1929 924 2186 978 Romanis
2216 921 2356 991 apud
2388 929 2602 974 exteras
2627 919 2873 970 nationes
2912 922 3310 978 contemptum,
3370 921 3488 961 om-

1931 1016 2092 1068 nibus
2120 1013 2241 1066 aliis
2289 1027 2410 1077 quae
2444 1010 2496 1062 in
2548 1007 2825 1060 mutandis
2879 999 3304 1070 unperatoribus
3347 995 3494 1049 acci-

1929 1109 2055 1159 dere
2085 1106 2259 1158 solent
2289 1105 2501 1169 turpius
2545 1109 2600 1152 et
2637 1097 2974 1167 flagitiosius.
3023 1094 3344 1146 Fueruntet
3398 1087 3490 1153 qui

1934 1197 2102 1262 ~uptis
2153 1193 2407 1245 κυνί-νῆιν
2463 1189 2695 1242 vinculis
2755 1195 2994 1238 veterem
3069 1179 3494 1234 familiaritatem

1930 1290 2269 1338 diuum-ent.
2312 1285 2496 1336 Frater
2527 1281 2772 1341 fratrem,
2798 1278 3072 1344 inquiunt,
3110 1288 3218 1324 non
3264 1271 3489 1323 liberat?

1930 1377 2054 1442 quid
2087 1377 2245 1427 faciat
2283 1373 2490 1424 alienus
2532 1372 2554 1399 "
2604 1368 2812 1431 Quibus
2861 1376 2986 1417 ante
3035 1373 3232 1416 arcana
3271 1356 3502 1410 commi-

1934 1474 2151 1525 eerant,
2198 1479 2387 1514 eorum
2442 1461 2515 1512 vel
2569 1457 2900 1521 colloquium
2944 1462 3093 1506 metu
3169 1449 3494 1502 insidiarum

1933 1555 2267 1612 tle-vitabant,
2314 1567 2363 1602 in
2427 1550 2553 1601 illud
2619 1545 2842 1599 fraterni
2900 1542 3122 1596 sceleris
3185 1536 3496 1604 exemplum

1936 1649 2210 1698 Intuentes
2306 1642 2420 1709 Ipse
2474 1657 2602 1691 vero
2649 1636 2863 1703 imperii
2914 1641 3211 1699 occupator
3253 1627 3498 1685 Alexius,

264 1719 332 1803 τά
373 1719 720 1819 μυστηριώδη
773 1750 882 1800 τῶν
923 1719 1306 1816 βουλευμάτων
1354 1719 1498 1807 τινες
1551 1745 1831 1796 ἀπεκάλει.
1871 1782 1908 1833 Β
1935 1754 1964 1789 n

1813 1775 1831 1786 .
1871 1782 1908 1833 Β
1935 1753 2042 1789 non
2070 1736 2312 1800 cogitans
2340 1748 2394 1784 se
2416 1732 2582 1782 fratre
2611 1742 2801 1782 everso
2829 1723 3181 1790 semetipsum
3212 1719 3497 1779 evertisse,

2051 1829 2058 1833 .
2172 1825 2182 1833 .
2474 1823 2482 1831 ι
2708 1820 2738 1833 ιο
2911 1815 3166 1833 η-μ--..ι-
3223 1810 3400 1833 -.ΙΙ-..,.
3438 1823 3497 1833 ΑΙ.

266 1854 422 1899 πτον,
476 1838 680 1891 τούτων
728 1837 1032 1904 τηνικαῦτα
1066 1837 1159 1888 καὶ
1203 1836 1301 1904 τὴν
1336 1838 1708 1904 προσηγορίαν
1759 1835 1831 1893 ὡς

266 1926 554 1979 ἐπίὸουλον
595 1925 983 1986 ὑπεϐλέποντο,
1015 1925 1153 1995 πρὸς
1185 1926 1538 1993 παράδειγμα
1582 1924 1641 1975 τὸ
1674 1941 1832 1990 γεγο-

269 2017 360 2077 νδς
414 2017 747 2084 ἀφορῶντες.
789 2017 958 2078 Αὐτὸς
1007 2017 1062 2068 δὲ
1112 2017 1140 2066 ὀ
1186 2015 1288 2084 τῆς
1334 2016 1508 2084 ἀρχῆς
1551 2015 1835 2084 ἐπιδήτωρ

282 2105 553 2170 Ἀλέξιος,
611 2105 684 2174 μὴ
731 2109 787 2158 ἐν
841 2107 916 2174 νῷ
968 2105 1292 2175 βαλλόμενος
1346 2107 1422 2168 ώς
1471 2107 1661 2159 ἑαυτὸν
1705 2107 1837 2158 καθ-

269 2193 446 2261 ῄρηκε
501 2193 603 2262 τῆς
651 2193 835 2264 ἀρχῆς
872 2195 963 2245 τὸν
1017 2195 1244 2261 ἀδελφὸν
1299 2193 1572 2258 καθελὼν,
1627 2196 1700 2257 ὡς
1748 2195 1837 2245 τὸν

274 2285 550 2352 βασιλικὸν
578 2285 774 2336 αὐτίκα
820 2284 1005 2352 θρόνον
1061 2286 1154 2336 ἐπὶ
1185 2284 1261 2354 τῷ
1310 2286 1495 2355 θερμῷ
1535 2288 1708 2352 τούτῳ
1748 2288 1841 2337 ἀν-

281 2375 554 2443 επήδησεν
579 2375 912 2444 ἀνομήματι,
973 2375 1066 2426 καὶ
1113 2379 1236 2436 τοὺς
1289 2377 1619 2445 ίματισμοὺς
1652 2380 1744 2428 καὶ
1783 2392 1840 2428 το

277 2465 470 2531 στέφος
521 2464 753 2532 διψήσας
802 2463 898 2516 τοῦ
959 2467 1288 2534 κασιγνήτου
1338 2469 1431 2517 καὶ
1483 2467 1836 2536 περιθέμενος

276 2554 380 2605 ὑπὸ
415 2554 614 2616 παντὸς
654 2553 750 2605 τοῦ
812 2556 1207 2623 στρατιωτικοῦ
1244 2559 1548 2624 τάγματος,
1589 2560 1682 2610 καὶ
1728 2562 1839 2611 ὅσοι

282 2646 446 2712 μέρος
499 2639 641 2712 ἦσαν
677 2645 778 2713 τῆς
830 2644 1118 2713 γερουσία,
1145 2686 1159 2709 ,
1198 2645 1452 2713 βασιλεὺς
1489 2646 1841 2715 αὐτοκράτωρ

280 2732 696 2801 ἀναγορεύεται.
750 2734 860 2785 Καὶ
906 2735 972 2800 τῇ
1009 2733 1107 2802 μὲν
1137 2735 1360 2798 γυναικὶ
1407 2737 1501 2786 καὶ
1549 2738 1660 2797 τοῖς
1691 2737 1747 2786 ἐν
1775 2739 1842 2804 τῇ

282 2823 434 2876 πόλει
480 2822 780 2892 καθήκουσι
809 2823 946 2892 δῆλα
976 2825 1042 2875 τὰ
1075 2824 1456 2893 ξυνενεχθέντα
1502 2827 1844 2894 παραχρῆμα

282 2913 430 2963 ποιεῖ
453 2927 465 2940 ·
497 2913 658 2973 αὐτὸς
686 2912 740 2962 δὲ
768 2911 895 2974 τοὺς
927 2916 1334 2978 συναραμένους
1367 2910 1514 2980 αύτῷ
1543 2911 1641 2977 τῆς
1673 2911 1845 2979 ἀρχῆς

280 3001 626 3070 δεξιούμενος
664 3002 764 3072 τῆς
801 3019 860 3053 τε
909 3003 1143 3070 σπουδῆς
1187 3002 1583 3069 ἀμειϐόμενος,
1643 3005 1734 3053 καὶ
1787 3002 1848 3052 τὸ

1938 1829 2119 1882 statim
2172 1823 2579 1891 imperatorium
2642 1820 2860 1879 solium,
2909 1815 3170 1883 ﬂagrante
3222 1810 3400 1864 adhuc
3435 1823 3505 1861 eo

1941 1918 2163 1977 delicto,
2230 1912 2580 1968 conscendit,
2635 1917 2690 1961 et
2734 1907 2916 1960 fratris
2951 1905 3149 1957 vestitu
3193 1913 3506 1967 coronaque

1944 2019 2192 2067 ornatus,
2229 2005 2295 2057 ab
2327 2001 2470 2055 omni
2513 2000 2736 2052 militari
2771 1997 2930 2051 turba
2953 2004 3009 2050 et
3033 1993 3320 2048 senatoriis
3368 1990 3508 2042 viris

1941 2098 2235 2164 Imperator
2289 2096 2564 2161 Augustus
2612 2089 3007 2147 consalutatus,
3061 2098 3284 2136 uxorem
3347 2095 3503 2132 suam

1939 2199 1994 2237 et
2021 2186 2355 2254 propinquos
2393 2183 2444 2235 in
2489 2183 2620 2234 urbe
2647 2180 2906 2246 degentes
2941 2191 3005 2229 ea
3055 2174 3122 2226 de
3156 2188 3212 2226 re
3241 2170 3512 2225 certiores

1943 2281 2090 2341 facit;
2125 2277 2287 2348 599
2312 2285 2366 2330 et
2399 2285 2457 2328 ut
2487 2289 2583 2327 eos
2618 2287 2850 2340 quorum
2894 2284 2994 2338 ope
3027 2277 3081 2321 et
3123 2264 3306 2320 studio
3330 2265 3507 2329 impe-

1943 2373 2080 2423 rium
2119 2378 2443 2422 coiiseeutus
2472 2377 2589 2418 erat
2633 2370 3098 2418 remuneraretur,
3129 2367 3185 2411 ct
3240 2355 3508 2420 reliquum

1941 2464 2155 2531 vulgus,
2185 2459 2328 2528 quod
2377 2458 2611 2511 libenter
2664 2464 2720 2507 et
2758 2454 2893 2506 citra
2947 2450 3271 2503 seditionem
3324 2455 3512 2495 acces-

1944 2554 2126 2612 sisset,
2179 2551 2230 2602 in
2288 2547 2465 2601 ollicio
2515 2546 2801 2602 retineret,
2856 2543 2973 2594 sine
3020 2538 3239 2591 ratione
3299 2532 3408 2585 ulla
3457 2539 3512 2581 et

1945 2643 2135 2696 ordine
2169 2640 2262 2693 sed
2293 2653 2390 2707 pro
2437 2638 2701 2705 cujusque
2748 2632 3012 2702 petitione
3046 2637 3101 2680 et
3134 2624 3363 2679 libidine
3420 2635 3515 2689 pe-

1948 2735 2160 2786 cuniam
2194 2730 2435 2799 dilargiri
2466 2727 2654 2794 cmpit,
2689 2739 2849 2792 quam
2882 2722 2934 2774 in
2980 2718 3230 2772 militiam
3271 2712 3513 2767 lsaacius

1948 2825 2260 2877 advexerat.
2296 2823 2425 2885 Quae
2463 2835 2585 2873 cum
2632 2817 2988 2870 immoderata
3032 2823 3086 2865 et
3137 2807 3389 2877 inaequali
3427 2806 3514 2858 di-

1949 2914 2279 2968 stributione
2322 2912 2615 2980 dilapidata
2664 2917 2828 2971 esset,
2877 2905 3077 2975 prtedia
3129 2903 3408 2955 fructuosa
3459 2906 3518 2950 et

1949 3007 2164 3077 publica
2211 3003 2492 3072 vectigalia
2538 3001 2854 3070 petentibus
2896 2996 3139 3050 donavit.
3200 2993 3273 3046 lis
3299 3003 3516 3060 quoque

284 3094 470 3146 λοιπὸν
515 3092 660 3145 ἅπαν
712 3093 916 3156 πλῆθος
975 3093 1293 3161 θεραπεύων
1353 3094 1433 3144 ὅτι
1485 3111 1544 3144 τε
1597 3093 1914 3160 ἀσμένωςο
1949 3100 1979 3152 (1

1820 3110 1845 3155 ς
1872 3096 1914 3153 C
1949 3095 2350 3156 deﬁcientibus,
2407 3092 2717 3146 illustribus
2769 3086 3130 3158 dignitatibus
3174 3098 3283 3135 non
3317 3094 3518 3148 paucos

286 3182 679 3252 προσεχώρησε
710 3186 805 3236 καὶ
839 3184 990 3235 οὐδέν
1022 3200 1074 3235 τι
1101 3184 1499 3244 διεστασίασεν.
1532 3183 1735 3254 ἧρξατο
1771 3187 1846 3253 μὴ

291 3275 388 3325 σὺν
435 3274 580 3341 λόγῳ
616 3274 707 3325 καὶ⁵
737 3273 885 3336 τάξει
936 3273 1063 3336 τινὶ,
1102 3273 1238 3325 ἀλλά
1291 3274 1423 3341 πρὸς
1468 3275 1563 3344 τὴν
1621 3277 1849 3329 ἑκάστου

287 3363 505 3430 αἴτησίν
536 3381 594 3415 τε
628 3365 722 3417 καὶ
749 3364 932 3431 ἐφεσιν
958 3365 1243 3416 διαδιδόναι
1271 3366 1336 3416 τὰ
1369 3367 1650 3435 χρήματα,
1680 3367 1852 3419 ὁπόσα

287 3455 666 3524 ἐκστρατεύων
694 3456 926 3524 ἐπήγετο
971 3455 1248 3516 Ἰσαάκιος.
1281 3456 1497 3508 Τούτων
1523 3457 1564 3508 δ’
1589 3458 1852 3528 ὕπορῤευ-

292 3544 503 3596 σάντων
534 3548 600 3614 τῇ
635 3545 829 3614 ἀσώτῳ
864 3547 957 3598 καὶ
988 3547 1227 3615 ἀνομοίῳ
1254 3547 1482 3617 διανομῇ
1521 3549 1682 3617 mea;
1716 3566 1852 3617 καρ-

293 3634 508 3702 ποφόρα
558 3636 653 3687 καλ⁵
699 3635 993 3704 δημοσίους
1047 3639 1409 3707 συνεισφοράς
1454 3641 1685 3709 παρεῖχε
1743 3643 1854 3701 τοῖς

293 3725 655 3794 αἰτουμένοις.
693 3726 783 3787 Ὠς
809 3728 852 3777 δ’
885 3727 1215 3780 ἐπιλελοίπει
1245 3732 1336 3779 καὶ
1365 3728 1554 3790 ταῦτα,
1589 3731 1700 3790 τοῖς
1747 3729 1854 3780 τῶν

293 3818 623 3887 ἀξιωμάτων
657 3820 870 3886 ἐπεφύη
894 3819 1188 3888 λαμπροῖς,
1220 3820 1315 3871 καὶ
1346 3820 1439 3870 νύν
1474 3819 1610 3872 κάπὶ
1646 3819 1854 3881 τούτοις

290 3908 525 3980 ἐξαίρων
557 3910 617 3962 ού
648 3910 794 3961 τόνδε
824 3910 855 3977 ἢ
883 3910 1032 3960 τόνδε
1061 3911 1170 3961 τῶν
1198 3909 1523 3978 ἐλλογίμων,
1561 3909 1593 3978 ἣ
1639 3910 1857 3975 ἀνάγων

292 3993 376 4054 εἰς
401 3993 490 4044 τὸν
530 3993 771 4061 προσεχῆ
800 3991 1007 4060 βαθμὸν
1040 3993 1134 4043 καὶ
1166 3991 1453 4058 ἀνάλογον,
1485 3992 1620 4046 ἀλλά
1655 3993 1853 4055 πάντα,

294 4083 505 4135 καὶτὸν
534 4083 764 4152 βραχέος
793 4082 1102 4152 τιμώμενον
1131 4083 1230 4151 τὴν
1261 4085 1430 4153 τιμὴν
1473 4086 1568 4135 καὶ
1605 4085 1695 4135 τὸν
1733 4083 1855 4134 οὐδέ

292 4193 426 4229 ποτε
453 4178 552 4245 τῆς
581 4175 805 4245 πρώτης
829 4173 1134 4243 ἠξιωμένον
1160 4175 1444 4243 βαθμῖδος,
1472 4176 1565 4226 ἐπὶ
1591 4175 1692 4240 τὴν
1721 4175 1858 4227 ἀνω-

291 4267 443 4319 τάτω
502 4267 595 4319 καὶ
656 4267 960 4335 κορυφαίαν
998 4265 1342 4335 μετεωρίζων
1389 4265 1735 4328 ἀνεσίόαζεν,
1783 4267 1858 4328 ὡς

292 4353 438 4408 εἶναι
479 4357 542 4409 τὸ
594 4355 890 4424 πολύτιμον
921 4355 1115 4425 ἄτιμον
1145 4357 1238 4408 καὶ
1266 4358 1324 4407 τὸ
1355 4357 1638 4425 φιλότιμον
1670 4359 1854 4426 ἄχαρι.

295 4443 495 4496 Πολλοὶ
545 4443 602 4495 δὲ
644 4445 739 4496 καὶ
786 4443 1164 4511 ὑποόιὸασμὸν
1191 4444 1290 4513 τὴν
1338 4445 1522 4497 ἄνοδον
1557 4447 1746 4514 ᾤοντο,
1787 4445 1861 4507 ὡς

293 4533 396 4599 ὀψέ
450 4550 580 4586 ποτε
633 4531 857 4595 δικαίως
896 4533 1190 4602 ἠξιωμένοι
1237 4529 1310 4585 ὧν
1348 4535 1497 4587 ἄλλοι
1536 4537 1665 4602 παρ’
1707 4536 1861 4599 ἀξίαν

301 4623 869 4691 προηυμοιρήκεισαν,
907 4622 1182 4684 κάκείνοις
1209 4623 1307 4693 τὴν
1339 4624 1506 4691 αὐτὴν
1533 4625 1698 4692 τιμὴν
1731 4642 1864 4690 συγ-

297 4712 663 4780 κληρούμενοι
712 4705 786 4764 ὧν
834 4711 1153 4782 ἠξιωμένων
1184 4716 1349 4782 τιμῆς
1384 4715 1540 4767 αύτοὶ
1594 4717 1868 4784 παραόλε-

297 4805 529 4871 πόμενοι
572 4802 746 4866 ἄδοξοι
789 4804 1087 4874 ἐκρίθησαν
1120 4806 1491 4875 τιμηέστεροι.
1535 4803 1639 4860 Ἦν
1683 4810 1737 4860 δὲ
1774 4812 1864 4860 καὶ

301 4895 336 4961 ἠ
365 4894 872 4971 κτῆσιςιπρόχειρος
899 4909 910 4921 ·
945 4893 1004 4944 δν
1039 4894 1146 4962 γάρ
1177 4911 1259 4955 τις
1286 4897 1628 4962 προσήνεγκε
1660 4898 1867 4965 χάρτην

301 4983 381 5050 τῷ
439 4983 672 5050 βασιλεῖ,
724 4984 922 5036 αὐτίκα
984 4985 1410 5052 ὖπεσημαίνετο,
1467 4985 1570 5037 κᾶν
1608 4987 1868 5049 σολοίκως

303 5072 420 5142 εἶχε
460 5077 557 5142 τῆς
602 5074 875 5143 φράσεως,
906 5075 1010 5128 κᾶν
1040 5078 1067 5127 ὁ
1103 5076 1401 5143 προτείνων
1454 5078 1623 5129 ἐδεῖτο
1653 5077 1862 5130 ναυτίλ.

300 5165 491 5216 λεσθαι
520 5165 618 5232 μὲν
652 5165 751 5234 τὴν
779 5164 969 5234 ξηρὰν,
996 5165 1262 5235 ἀροῦσθαι
1295 5166 1349 5216 δὲ
1377 5165 1475 5235 τὴν
1508 5167 1806 5230 θάλασσαν,
1834 5169 1864 5237 ἢ

303 5259 372 5307 τὰ
406 5254 507 5324 ὅρη
537 5257 595 5308 ἐν
619 5257 866 5326 καρδίαις
884 5257 1164 5310 θαλασσῶν
1193 5257 1276 5328 [Ρ.
1296 5256 1425 5327 295)
1457 5259 1864 5326 μετατίθεσθαι,

303 5351 416 5401 εἴτε
471 5349 600 5417 μὴν,
648 5349 724 5409 ὡς
775 5350 803 5399 ὁ
859 5349 1024 5416 μῦθος
1065 5348 1352 5416 βούλεται,
1394 5348 1653 5418 Ὀλύμπῳ
1689 5350 1868 5402 Ἀθων

307 5439 756 5492 ἐπανατίθεσθαι.
792 5439 948 5491 Οὕτω
995 5440 1052 5492 δὲ
1085 5440 1257 5492 ταῦτα
1289 5445 1467 5494 πάντα
1492 5441 1790 5503 τετελεκὼς
1835 5444 1865 5510 ἢ

310 5528 514 5595 μᾶλλον
544 5526 959 5592 συντετελεκὼς,
991 5527 1320 5596 οἰκειότερον
1351 5529 1546 5591 εἰπεῖν,
1589 5524 1663 5590 ὡς
1711 5533 1872 5597 χαρίο

307 5619 496 5680 ζεσθαι
536 5617 612 5686 τῷ
675 5619 852 5686 καιρῷ
906 5618 1145 5681 καὶτοῖς
1201 5620 1488 5687 πράγμασι
1551 5619 1868 5688 βιαζόμενος

308 5713 585 5779 διαφίησιν
621 5712 804 5763 ἔπειτα
840 5713 905 5765 τὰ
945 5713 1325 5779 στρατεύματα
1357 5714 1433 5774 εἰς
1465 5713 1566 5791 ἢθη
1597 5714 1663 5764 τά
1695 5716 1868 5766 οἰκεῖα

1951 3203 2153 3258 eosque
2191 3203 2298 3239 non
2331 3186 2509 3238 claros
2536 3184 2682 3233 viros
2712 3180 2948 3233 ornavit.
2985 3191 3078 3228 aut
3109 3174 3173 3226 ad
3209 3171 3518 3240 proximum

1952 3291 2005 3332 et
2037 3278 2451 3332 convenientem
2488 3271 2716 3337 gradum
2755 3270 2973 3322 evexit:
3017 3264 3113 3319 sed
3146 3259 3389 3330 quosvis,
3426 3257 3522 3324 qui

1952 3385 2075 3424 eum
2110 3371 2374 3421 honorem
2415 3365 2564 3431 parvi
2617 3359 2960 3415 aestimabant
3009 3364 3064 3408 et
3114 3356 3350 3422 primum
3405 3362 3523 3417 gra-

1953 3460 2081 3512 dum
2127 3457 2366 3510 nondum
2418 3441 2874 3506 conscenderant.
2929 3448 2984 3499 in
3040 3457 3255 3498 summo
3303 3438 3522 3505 fastigio

1954 3550 2262 3601 collocavrt.
2301 3555 2354 3597 ut
2396 3545 2726 3612 dignitatum
2780 3536 3090 3607 frequentia
3141 3530 3522 3600 indignitatem

1958 3644 2177 3692 haberet
2209 3646 2264 3690 et
2292 3636 2436 3687 oinni
2480 3633 2657 3703 gratia
2694 3638 2928 3688 careret,
2981 3627 3147 3695 aliqui
3201 3624 3364 3676 etiam
3424 3634 3526 3671 suo

1960 3733 2146 3782 Ιιοιιυι·ι
2202 3728 2521 3794 derogatum
2576 3730 2837 3792 putarent
2911 3720 3003 3771 illo
3053 3716 3280 3769 honoris
3349 3723 3527 3763 incre-

1959 3830 2164 3875 mento.
2198 3827 2259 3871 ut
2288 3833 2411 3870 sero
2439 3815 2653 3867 tandem
2692 3815 2809 3879 iure
2844 3810 2894 3862 id
2921 3805 3205 3861 consecuti
3234 3801 3380 3872 quod
3407 3800 3530 3853 aliis

1960 3921 2152 3982 prazter
2188 3909 2441 3963 meritum
2471 3915 2593 3959 ante
2644 3916 2858 3971 tempus
2887 3899 3223 3967 contigisset,
3266 3894 3528 3962 dignitate

1959 4018 2141 4058 secum
2161 3999 2453 4068 exaequatis
2477 3997 2562 4057 iis,
2587 3996 2808 4064 quibus,
2835 3989 3187 4061 quantumvis
3205 3987 3414 4039 honore
3433 4000 3531 4037 au-

1959 4095 2083 4153 ctis,
2115 4093 2218 4160 ipsr
2239 4104 2466 4158 prorsus
2495 4086 2723 4156 neglecti
2745 4083 3010 4153 dignitate
3043 4089 3301 4149 prastare
3321 4075 3533 4146 judica-

1960 4195 2169 4238 rentur.
2197 4181 2380 4245 Neque
2416 4192 2548 4230 vero
2577 4175 2809 4229 difﬁcilis
2847 4180 2966 4226 erat
3015 4169 3239 4224 honoris
3289 4166 3528 4235 adeptio.

1959 4273 2113 4339 Quod
2135 4271 2280 4325 enim
2298 4269 2555 4336 scriptum
2577 4265 2887 4333 imperatori
2909 4261 3154 4325 offerres,
3174 4259 3226 4312 id
3248 4275 3278 4313 e
3307 4256 3534 4324 vestigio
3593 4269 3600 4278 ‘

1964 4363 2405 4431 subsignabatur,
2439 4359 2553 4411 sive
2609 4358 2794 4423 inepta
2825 4354 2987 4424 600
3018 4352 3258 4406 dictione
3310 4356 3533 4401 consta-

1970 4465 2071 4515 ret.
2103 4455 2218 4507 sive
2248 4461 2309 4505 ut
2344 4465 2491 4504 mare
2525 4465 2699 4502 arare.
2735 4458 2880 4500 terra
2930 4447 3187 4512 navigare
3228 4451 3281 4494 et
3320 4449 3536 4493 montes

1969 4547 2022 4598 in
2063 4544 2301 4597 medium
2334 4558 2478 4594 mare
2543 4541 2858 4598 transferre,
2915 4537 3031 4590 sive
3065 4536 3080 4589 l
3119 4543 3180 4586 ut
3223 4542 3312 4586 est
3373 4535 3426 4582 in
3459 4529 3541 4583 fa-

1969 4634 2112 4688 bulis
2138 4634 2156 4700 )
2187 4643 2243 4685 ut
2276 4633 2453 4684 Athon
2489 4632 2715 4698 Olympo
2744 4632 3024 4694 imponere
3058 4626 3268 4682 liceret,
3298 4631 3534 4690 peteres.

1969 4719 2065 4772 His
2099 4717 2263 4769 rebus
2309 4714 2563 4767 omnibus
2601 4723 2670 4765 ita
2721 4710 2978 4776 perfectis
3033 4709 3112 4762 vel
3167 4706 3351 4774 potius
3399 4719 3536 4757 con-

1969 4809 2145 4867 fectis,
2178 4806 2332 4875 quasi
2370 4815 2678 4871 temporum
2709 4813 2762 4854 σιι
2791 4816 2971 4854 rerum
3002 4796 3300 4852 conditioni
3325 4794 3534 4848 servire

1968 4911 2212 4960 coactus,
2254 4898 2494 4966 legiones
2524 4896 2747 4947 domum
2788 4893 2939 4945 abire
2977 4890 3130 4951 sinit,
3165 4888 3300 4941 nihil
3332 4899 3535 4940 curans

1970 4993 2117 5060 quod
2148 4991 2332 5043 Blachi
2365 5004 2486 5040 cum
2522 4990 2737 5056 Scythis
2769 4986 2926 5036 obvia
2975 4996 3205 5052 qumque
3232 4987 3534 5033 vastarent.

1971 5085 2036 5137 Et
2062 5084 2175 5150 ipse
2204 5095 2310 5133 non
2340 5087 2522 5133 statim
2585 5079 2635 5129 in
2686 5077 2874 5129 urbem
2929 5083 3205 5142 properat,
3239 5072 3330 5125 sed
3371 5071 3539 5122 fratre

1973 5182 2131 5240 capto
2170 5179 2520 5224 etexcaacato
2564 5168 2698 5221 nihil
2757 5166 2982 5234 periculi
3036 5171 3306 5221 metuens,
3363 5159 3533 5226 pede-

1976 5261 2163 5315 tentim
2198 5275 2261 5311 ac
2297 5275 2393 5327 per
2440 5260 2612 5310 otium
2671 5259 2724 5309 in
2775 5254 3100 5307 diversoriis
3147 5247 3537 5303 commorando

1975 5349 2356 5422 proﬁciscitur.
2396 5348 2513 5401 Jam
2547 5348 2688 5399 enim
2723 5366 2750 5398 a
2809 5345 3028 5397 Civibus
3085 5356 3301 5408 quoque
3352 5339 3536 5391 det-la-

1976 5452 2123 5495 ratus
2154 5441 2451 5508 imperator
2476 5451 2528 5492 et
2576 5455 2601 5488 a
2635 5438 2865 5504 conjuge
2927 5436 3282 5503 LupbrOsyna
3333 5432 3538 5498 ingres-

1973 5549 2064 5586 sus
2120 5532 2169 5584 ei
2227 5539 2552 5599 prmparatm
2621 5539 2734 5580 erat
2793 5538 2847 5580 ct
2908 5538 3133 5580 senatus
3168 5566 3179 5585 ,
3245 5524 3368 5576 licet
3425 5536 3532 5574 non

1975 5631 2139 5685 totus,
2174 5623 2295 5690 ejus
2330 5629 2673 5676 successibus
2708 5622 2988 5674 uetabatur
3025 5661 3035 5671 .
3072 5633 3246 5684 neque
3277 5615 3428 5684 plebs
3467 5613 3535 5666 ad

1976 5715 2122 5768 illius
2157 5713 2469 5766 mutationis
2500 5711 2696 5764 famam
2745 5711 3020 5765 concitata
3049 5708 3130 5762 \cl
3166 5705 3322 5760 novis
3371 5703 3535 5757 rebus
