4292 6396
780 360 886 422 827

1996 368 2043 425 Ν
2058 366 2290 425 ΙΕΕῪᾹΞ
2327 370 2737 431 [ΣΗΟΝΙΑΤΕ

3896 375 4011 437 823

787 476 1000 531 studuit
1024 478 1111 530 vel
1139 475 1286 546 justa
1319 474 1595 529 iracundia
1648 475 1886 539 exarsit,
1942 476 2088 544 quod
2115 492 2347 544 tmpern-
2372 479 2417 537 Α
2446 478 2482 528 ὲε

2333 506 2347 515 -
2372 479 2417 537 Α
2446 478 2787 540 ἐπανελθεῖν,
2844 478 3049 548 μηδένα
3082 464 3311 548 ¹θέμενος
3362 480 3521 549 λόγον
3558 484 3607 535 εί
3652 483 3721 537 τά
3750 487 3809 538 ὲν
3854 490 4020 540 ποσὶν

781 570 916 624 toris
951 569 1173 623 creandi
1207 567 1542 636 privilegium
1569 582 1599 620 a
1630 567 1894 621 militibus
1920 567 2025 621 sibi
2089 577 2338 636 ereptum

778 670 944 715 esset:
972 660 1067 715 sed
1088 661 1419 729 quieverunt
1448 667 1504 713 et
1529 668 1649 712 acta
1675 659 2100 727 comprobarunt
2127 672 2319 713 omnes

777 756 1048 811 Cancrum
1072 770 1196 809 cum
1231 756 1429 826 conjux
1460 758 1582 824 eius
1629 755 1846 809 ducissa
1889 756 2249 826 Euphrosyna
2285 755 2337 808 in

779 861 1034 913 magnum
1068 844 1327 913 palatium
1356 845 1552 904 abiret,
1603 853 1715 897 tum
1748 859 1881 898 vero
1927 844 2189 899 colluvies
2218 845 2337 912 epi—

780 936 943 987 ticum
970 943 1026 988 et
1064 935 1507 989 turbulentorum
1538 933 1696 1004 601
1740 934 2021 986 hominum
2046 934 2335 1001 quemdam

778 1026 1114 1093 astrologum
1146 1024 1391 1077 Alexium
1422 1023 1947 1089 Contostephanum,
1976 1023 2205 1092 imperio
2225 1024 2335 1093 jam

776 1114 906 1167 olim
932 1114 1296 1171 insidiantem.
1336 1114 1391 1166 in
1423 1112 1541 1166 foro
1568 1113 1948 1181 imperatorem
1980 1112 2294 1166 consalutat
2322 1129 2336 1165 :

777 1203 1046 1272 negabant
1066 1204 1210 1257 enim
1231 1218 1287 1257 se
1302 1202 1705 1257 Comnenorum
1727 1203 1932 1257 laturos
1954 1202 2339 1269 diutiusimpe-

778 1292 939 1352 rium,
964 1306 1195 1358 quorum
1221 1302 1507 1358 pertasutn
1531 1301 1699 1344 esset.
1722 1291 2076 1359 Imperatrice
2106 1306 2237 1343 vero
2264 1291 2337 1345 ita

775 1394 898 1431 cum
932 1380 1175 1446 periculo
1208 1396 1461 1447 magnum
1485 1380 1742 1448 palatium
1764 1379 2339 1450 ingressa,comitatus

774 1470 1040 1523 nobilium
1100 1471 1381 1525 hominum
1427 1470 1689 1525 audacius
1732 1485 1894 1540 quam
1924 1470 2245 1538 prudentius
2282 1469 2338 1522 in

2444 566 2492 616 ol
2539 566 2733 635 Βλάχοι
2780 568 3054 635 ληϊζονται
3105 570 3247 639 μετὰ
3299 571 3524 623 Σκυθῶν
3576 574 3843 635 ἐπιόντες.
3901 577 4017 627 Καὶ

2442 657 2604 717 αὐτὸς
2657 659 2755 725 μὲν
2804 660 2901 711 οὐκ
2955 660 3118 722 εὐθὺς
3169 660 3366 731 ῥυτῆρι
3419 663 3581 714 παντὶ
3631 663 3732 729 τῆς
3782 665 3861 726 είς
3913 666 4021 728 τὴν

2445 747 2599 799 πόλιν
2653 748 2849 817 ἥψατο,
2886 750 3000 803 ἀλλ’
3026 753 3100 812 ὼς
3132 751 3226 803 τοῦ
3263 752 3491 821 ἀδελφοῦ
3534 755 3889 821 συσχεθέντος
3920 760 4019 811 καί

2442 836 2790 905 πηρωθέντος
2846 839 3050 909 μηδένα
3107 842 3461 911 ὑφορώμενος
3515 843 3782 907 κίνδυνον,
3846 844 4021 913 βάδην

2444 927 2538 979 καὶ
2596 929 2709 989 τοῖς
2771 929 3033 998 σταθμοῖς
3084 932 3442 1001 ἐμϐραδύνων
3484 934 3801 1003 ἐπορεύετο.
3870 936 4015 1000 Ἤδη

2442 1016 2553 1085 γὰρ
2585 1019 2681 1070 καὶ
2717 1018 2780 1069 τδ
2815 1018 2917 1089 τῆς
2968 1020 3246 1083 πολιτείας
3272 1022 3436 1074 αὐτὸν
3469 1023 3828 1091 ἀνευφήμησε
3869 1021 4014 1090 πλή-

2447 1124 2627 1178 ρωμα.
2660 1108 2755 1161 καὶ
2791 1110 2928 1179 πρὸς
2955 1114 3055 1181 τῆς
3086 1112 3350 1179 γυναικὸς
3374 1112 3729 1182 Εὐφροσύνης
3759 1114 3791 1182 ὴ
3821 1111 4019 1164 τούτου

2444 1197 2858 1266 προητοίμαστο
2888 1198 3113 1262 εἴσοδος,
3142 1199 3205 1252 τό
3231 1216 3292 1253 τε
3328 1201 3428 1269 τῆς
3459 1200 3766 1269 συγκλήτου
3826 1200 4018 1268 μέρος.

2443 1290 2493 1341 εί
2521 1288 2618 1341 καὶ
2650 1288 2724 1359 μὴ
2753 1289 2920 1352 ἄπαν,
2954 1289 3153 1359 ἱλαρῶς
3176 1290 3278 1342 ὅσα
3305 1291 3356 1342 οι
3386 1290 3764 1360 ξυνενήνεκται
3790 1291 4020 1360 ἦνεγκε.

2444 1379 2540 1430 καὶ
2586 1378 2697 1430 τῶν
2745 1380 2811 1431 ὲκ
2837 1379 2934 1431 τοῦ
2983 1379 3158 1449 δήμου
3191 1381 3330 1451 πρὸς
3355 1381 3455 1449 τὴν
3483 1381 3655 1450 ἀκοὴν
3676 1380 3785 1434 τῶν
3813 1379 4021 1448 ἠγγελ-

2448 1469 2627 1538 μένων
2671 1469 2827 1523 οὐδέν
2872 1488 2957 1533 τις
2987 1471 3291 1525 ἀτάσθαλον
3320 1472 3683 1540 ἑνεόχμωσεν,
3734 1470 3848 1524 ἀλλ’
3878 1470 4015 1537 ἠρέ-

773 1558 1279 1629 Contostephanum
1356 1560 1499 1614 facto
1567 1562 1772 1629 impetu
1846 1560 2135 1614 factionem
2194 1560 2337 1612 illam
2449 1576 2468 1627 ι.

2325 1575 2337 1611 ¹
2449 1576 2628 1629 μησαν
2678 1560 2775 1629 μὶν
2805 1562 3006 1624 πάντες
3043 1564 3137 1616 καὶ
3169 1563 3642 1631 συνεπευδόκησαν
3683 1563 3795 1623 τοῖς
3850 1564 4020 1614 ἀκουο

776 1646 1023 1716 dissipat,
1070 1659 1124 1703 et
1160 1652 1660 1720 Contostephanum
1687 1653 1743 1705 in
1784 1666 2057 1707 carcerein
2092 1651 2335 1719 conjicit.
2449 1667 2471 1701 α

2325 1691 2335 1702 .
2449 1650 2647 1711 σθεῖσι,
2678 1652 2816 1719 μήτε
2851 1650 3275 1722 βατταρίσαντες
3308 1656 3443 1722 μήτε
3467 1653 3859 1720 ἀναφλεγέντες
3880 1650 4020 1718 πρὸς

774 1735 989 1792 δικαίαν
1015 1741 1186 1811 ὀργὴν
1216 1738 1297 1806 οἷς
1325 1745 1512 1805 εἰωθὸς
1538 1744 1723 1805 αὐτοῖς
1760 1741 1983 1811 βασιλέα
2014 1743 2341 1810 χειροτονεῖν
2380 1740 2481 1792 ὑπὸ
2512 1740 2623 1792 τῶν
2668 1743 3046 1811 στρατοπέδων
3077 1742 3175 1796 καὶ
3202 1742 3362 1796 τοῦτο
3396 1742 3723 1813 ἀφῄρηνται.
3765 1740 3919 1793 Ἐπεὶ
3954 1742 4017 1792 δὲ

776 1832 911 1901 πρδς
938 1832 997 1883 τὸ
1035 1835 1287 1903 μέγιστον
1307 1840 1524 1905 ἀρχεῖον
1554 1839 1585 1906 ἡ
1622 1837 1880 1892 δούκαινα
1914 1834 2232 1900 Εὐφροσύνη
2272 1832 2452 1900 ἄρασα
2493 1832 2712 1900 ἧλαυνε,
2744 1834 2861 1885 τότε
2883 1835 2948 1905 δη
2976 1835 3085 1887 τῶν
3121 1835 3407 1904 βαναύσωι
3446 1840 3540 1889 καὶ
3582 1835 3891 1903 ξυγκλύδων
3930 1850 4021 1885 τι·-

776 1927 867 1990 νὲς
897 1927 1247 1998 φιλοτάραχοι
1291 1931 1526 2000 φατρίαν
1565 1932 1930 1999 κροτήσαντες
1961 1932 2048 1982 καὶ
2087 1927 2413 1997 σύστρεμμα
2442 1929 2799 1997 ποιησάμενοί
2840 1946 2963 1982 τινα
2990 1932 3428 2000 Κοντοστέφανον
3478 1932 3701 2000 ὀνόματι
3756 1929 4020 1993 ’Δλέξιονν

780 2025 837 2084 ἐς
866 2024 927 2075 τὸ
958 2024 1210 2092 μέγιστον
1238 2025 1583 2092 ξυλλεγέντες
1606 2025 1851 2094 τέμενος,
1876 2024 2299 2093 ἀναγορεύουσιν
2326 2023 2721 2093 αὐτοκράτορα.
2755 2023 3166 2092 ἀστροθεάμονα
3194 2025 3323 2078 ϐντα
3357 2027 3450 2079 καὶ
3479 2026 3649 2080 πάλαι
3676 2028 3743 2094 τῇ
3770 2025 4025 2095 βασιλείᾳ

779 2115 1153 2184 ἐνεδρεύοντα,
1183 2117 1364 2168 οὐκέτι
1397 2117 1646 2184 λέγοντες
1685 2118 1862 2171 θέλειν
1890 2117 1995 2169 ὐπὸ
2022 2114 2323 2185 Κομνηνῶν
2358 2114 2735 2183 βασιλεύεσθαι
2761 2115 3147 2183 γεγενημένων
3185 2117 3368 2179 αὐτοῖς
3400 2118 3480 2179 εἰς
3510 2118 3852 2187 πλησμονήν.
3904 2118 4021 2185 Τῆς

778 2204 836 2257 δὲ
870 2204 1192 2273 βασιλίσσης
1225 2208 1581 2278 Εὐφροσύνης
1620 2207 1975 2267 ἐπικινδύνως
2007 2207 2179 2268 οὕτως
2210 2205 2272 2256 τὸ
2302 2206 2444 2270 μέγα
2474 2204 2736 2257 παλάτιον
2765 2205 3060 2277 εἰσιούσης,
3102 2206 3235 2259 ἔνιοι
3281 2207 3391 2258 τῶν
3424 2206 3519 2260 ἀπ’
3542 2208 3786 2276 εὐσήμου
3825 2207 4022 2273 γένους

782 2300 1114 2365 ἐφεπόμενοι
1144 2300 1327 2373 ἐκείνῃ
1353 2301 1494 2354 κατά
1520 2301 1613 2353 τοῦ
1647 2299 2087 2367 Κοντοστεφάνου
2115 2297 2384 2366 ὥρμησαν
2411 2296 2817 2367 τολμηρότερον
2849 2298 3050 2362 μᾶλλον
3077 2298 3110 2368 ἢ
3139 2298 3528 2367 συνετώτερον,
3559 2300 3650 2352 καὶ
3674 2299 3735 2351 τὸ
3767 2298 4024 2369 χυδαῖζον

785 2394 971 2457 στῖφος
997 2395 1095 2461 τῆς
1130 2394 1340 2456 πόλεως
1364 2394 1563 2447 αὐτίκα
1596 2394 2065 2456 διασκεδάννυται,
2100 2394 2194 2445 καὶ
2221 2393 2248 2442 ὁ
2282 2392 2719 2457 Κοντοστέφανος
2754 2392 3078 2461 συλληφθεὶς
3112 2395 3327 2464 φρουρᾷ
3352 2394 3726 2461 παραδίδοται.

853 2484 906 2537 2.
936 2485 1011 2538 Eo
1037 2485 1219 2552 pepuli
1254 2494 1402 2538 motu
1436 2501 1770 2554 compresso,
1800 2486 1963 2539 etiam
1994 2484 2348 2539 ecclesiastici
2382 2485 2426 2543 Β
2525 2482 2548 2532 ι

2326 2484 2348 2535 :i
2382 2485 2426 2543 Β
2525 2482 2599 2535 Β’.
2630 2480 2738 2533 Τοῦ
2770 2482 2826 2535 δὲ
2859 2482 3139 2550 δημώδους
3167 2482 3405 2552 πλήθους
3448 2482 3622 2545 οὕτως
3654 2482 4021 2553 ἡρεμηκότος,

784 2590 985 2628 novum
1015 2577 1399 2644 imperatorem
1433 2578 1762 2646 approbant;
1792 2586 1847 2631 et
1874 2576 2095 2644 quidam
2132 2576 2344 2630 saerili-
2450 2589 2479 2623 κ

2323 2604 2344 2615 ο
2450 2572 2544 2623 καὶ
2575 2572 2706 2624 αὐτὸ
2737 2573 3024 2634 συναπτῶς
3063 2573 3123 2625 τὸ
3158 2573 3256 2642 τῆς
3283 2573 3583 2643 ἐκκλησίας
3620 2572 3895 2643 πλήρωμα
3947 2579 4017 2643 τῇ

785 2669 943 2723 culus
975 2668 1162 2737 paucis
1190 2672 1430 2723 nummis
1458 2680 1753 2739 corruptus
1801 2678 1817 2737 (
1859 2669 2054 2723 eodem
2102 2667 2265 2721 modo
2293 2675 2350 2721 et
2450 2680 2476 2712 ν

2330 2675 2350 2721 ι
2450 2663 2547 2731 νέᾳ.
2598 2663 2875 2732 τυραννίδι
2932 2663 3257 2731 συμϐαίνει,
3311 2664 3403 2715 καί
3456 2680 3541 2725 τις
3572 2667 3681 2717 τῶν
3732 2665 4022 2731 νεωκόρων

788 2775 912 2814 cum
948 2759 1226 2815 seditiosis
1250 2761 1705 2814 circumforaneis
1734 2770 1791 2814 et
1825 2759 2011 2828 paucis
2041 2774 2106 2812 ex
2154 2756 2350 2812 ordine
2450 2755 2483 2805 ὁ

2327 2772 2350 2810 e
2450 2754 2656 2821 ὀλίγοις
2691 2753 3027 2822 ὑποφθαρεὶς
3062 2755 3301 2824 κέρμασι
3333 2753 3514 2823 (τοῦτο
3542 2755 3599 2807 δὲ
3632 2755 3723 2807 καὶ
3753 2755 3860 2807 τῶν
3892 2756 4022 2822 ἀγο-

780 2852 1051 2923 judicutn,
1081 2868 1315 2920 quorum
1364 2853 1680 2906 nominibus
1707 2866 1891 2920 parco,
1924 2860 2103 2904 actum
2128 2850 2169 2915 ),
2227 2864 2352 2918 sug-

784 2954 938 3012 gesto
981 2958 1283 2997 conscenso
1327 2944 1500 2997 Alexii
1566 2942 2056 3012 proclamationem
2110 2940 2348 3001 orditur,

784 3036 903 3089 sine
948 3036 1273 3104 patriarchae
1328 3051 1640 3099 consensu;
1691 3037 1783 3103 qui
1837 3047 2017 3089 tamen
2070 3034 2351 3103 paulisper

787 3127 1112 3195 refragatus,
1167 3143 1236 3182 ne
1288 3142 1385 3180 sua
1438 3127 1718 3181 voluntate
1769 3136 1992 3180 coactus
2047 3126 2348 3187 videretur,

792 3224 849 3269 et
876 3215 990 3283 ipse
1022 3215 1075 3267 in
1109 3216 1458 3283 imperatoris
1485 3225 1665 3283 partes
1716 3215 2009 3268 concessit.
2040 3213 2160 3279 Quo
2208 3213 2351 3266 facto

784 3320 947 3359 nemo
980 3306 1217 3374 amplius
1249 3315 1333 3360 est
1361 3306 1704 3368 adversatus,
1741 3307 1834 3359 sed
1867 3306 2107 3358 universi
2152 3304 2206 3357 in
2240 3320 2353 3356 ma-

788 3412 954 3467 gnum
982 3397 1244 3465 palatium
1297 3406 1556 3466 tanquam
1601 3396 1871 3465 mancipia
1921 3395 2348 3464 transfugerunt;

785 3494 841 3537 et
882 3484 1199 3553 priusquam
1246 3501 1450 3537 novum
1506 3485 1886 3553 imperatorem
1929 3482 2217 3545 viderent,
2258 3491 2353 3535 aut

784 3575 916 3642 quid
951 3575 1120 3627 veteri
1178 3575 1469 3629 accidisset
1503 3585 1848 3643 compertum
1906 3572 2194 3635 baberent,
2227 3572 2347 3641 ejus

787 3666 942 3716 uxori
1000 3665 1091 3732 qui
1161 3680 1342 3718 rerum
1411 3665 1572 3732 potiri
1646 3664 1924 3719 ferebatur
1963 3662 2346 3725 obediverunt,

785 3755 947 3823 602
976 3762 1031 3807 et
1062 3762 1270 3807 tantum
1302 3771 1410 3808 non
1460 3755 1639 3823 capita
1678 3770 1777 3823 pro
1836 3752 2089 3808 seabellis
2144 3768 2347 3821 suppo-

788 3822 1040 3906 suerunt;
1072 3853 1128 3897 et
1165 3844 1485 3898 catellorum
1532 3822 1717 3897 instar
1763 3844 2004 3897 calceum
2053 3844 2173 3911 ejus
2218 3842 2349 3895 deo-
2379 3822 2424 3882 (ἶ

788 3933 1007 3993 sculsti,
1036 3933 1448 3987 formidantium
1496 3933 1711 3995 habitu,
1762 3933 2072 4001 conjunctis
2121 3932 2353 4001 pedibus

787 4026 1165 4095 etcomplexis
1216 4027 1489 4086 manibus.
1520 4026 1620 4080 soli
1671 4026 1827 4079 fama:
1877 4026 2351 4093 obtemperantes.

789 4117 1102 4169 astiterunt.
1135 4118 1202 4169 At
1233 4118 1548 4185 itnperatrix
1601 4116 1796 4170 callida
1846 4124 1903 4170 et
1953 4115 2181 4181 tempori
2233 4130 2354 4167 ser-

788 4208 906 4261 vire
934 4208 1127 4261 edocta
1154 4209 1350 4262 mulier
1384 4210 1563 4262 fatuos
1602 4208 1888 4279 Byzantios
1939 4207 2236 4261 verborum
2270 4207 2354 4260 le-

712 4340 717 4344 .
788 4294 1012 4347 nocinio
1038 4296 1400 4360 demulcebat;
1433 4296 1522 4365 qui
1562 4308 1621 4351 ut
1650 4295 1799 4365 porci
1844 4297 2113 4364 resupini,
2151 4296 2353 4364 quibus

789 4397 1013 4439 ventres
1058 4386 1345 4450 frieantur,
1398 4387 1681 4441 blanditiis
1739 4387 1950 4441 deliniti
1980 4427 1993 4449 ,
2068 4387 2204 4439 nihil
2246 4401 2355 4439 non

790 4490 979 4526 eorum
1020 4491 1141 4543 qua:
1181 4484 1299 4529 acta
1331 4486 1491 4529 erant
1533 4475 1930 4544 approbabant.
1981 4475 2234 4544 lngressu
2288 4473 2355 4527 ad

792 4565 940 4619 hunc
967 4567 1188 4619 modum
1226 4569 1341 4621 sine
1374 4569 1636 4636 sanguine
1668 4577 1725 4621 et
1771 4567 2140 4635 publicatione
2180 4567 2360 4620 bono-

791 4662 911 4711 ‘rum
944 4659 1268 4727 cujusquam
1309 4668 1631 4726 praeparato,
1662 4667 1786 4726 post
1818 4657 1935 4711 dies
1982 4658 2190 4725 aliquot
2242 4658 2355 4724 ipse

790 4748 1015 4801 Alexius
1052 4748 1105 4800 in
1142 4747 1330 4800 urbem
1369 4749 1535 4808 venit;
1581 4758 1636 4801 et
1671 4763 1861 4801 recens
1892 4748 2039 4801 lotus
2065 4748 2117 4801 in
2166 4759 2358 4801 aurato

789 4839 930 4891 lecto
968 4840 1020 4889 iu
1077 4838 1350 4891 exteriore
1399 4838 1704 4906 Philopatio
1753 4837 1950 4891 sedens
2012 4838 2247 4891 libenter
2301 4848 2358 4892 et

792 4931 1043 4982 hilariter
1077 4931 1213 4982 adiri
1245 4946 1301 4983 se
1344 4931 1569 4998 patitur,
1602 4931 1785 4983 animo
1810 4938 2034 4999 propter
2056 4930 2355 4985 admissum

792 5019 845 5071 ἰιι
876 5019 1095 5071 fratrem
1129 5020 1309 5072 scelus
1341 5036 1448 5071 non
1477 5028 1846 5073 consternato.
1872 5018 2103 5084 Quidam
2132 5034 2260 5073 vero
2292 5036 2357 5073 ex

793 5108 904 5161 Beli
924 5108 1227 5178 judieibus,
1250 5110 1411 5179 603
1447 5110 1845 5178 intempestivis
1865 5110 2027 5178 jocis,
2062 5126 2199 5179 quos
2222 5111 2358 5165 adu-

794 5201 926 5255 latio
982 5203 1346 5270 suggerebat,
1416 5204 1549 5257 risui
1603 5219 1662 5257 se
1725 5212 2118 5270 exposuerunt.
2190 5202 2357 5257 Erant

794 5292 964 5344 etiam
1006 5287 1111 5362 qui
1135 5294 1189 5346 id
1221 5297 1560 5363 spetaculum
1590 5295 1843 5364 suspiriis
1869 5306 2355 5365 prosequerentur,

793 5395 921 5433 cuin
949 5393 1147 5448 vestes,
1177 5400 1314 5453 quas
1340 5387 1444 5438 sibi
1484 5386 1797 5439 confecerat
1841 5386 2098 5449 lsaacius,
2130 5385 2354 5439 fratrem

794 5474 915 5543 ejus
940 5474 1182 5531 induisse
1211 5477 1483 5543 viderent,
1519 5490 1573 5532 et
1602 5478 1882 5548 indignum
1916 5476 1969 5531 id
2012 5477 2224 5531 facinus
2264 5476 2358 5530 de-

2455 2846 2619 2912 ρσέων
2645 2845 2695 2897 οἱ
2724 2846 3059 2913 ταραχώδεις
3097 2846 3401 2897 πεπόνθασι
3434 2846 3527 2899 καὶ
3558 2846 3781 2916 βραχεῖς
3820 2845 3929 2898 τῶν
3957 2847 4023 2897 ὲκ

2450 2936 2542 2988 τοῦ
2572 2937 2890 2989 δικαστικοῦ
2921 2938 3109 3004 τάγμα
3123 2952 3224 2998 τος·
3260 2938 3326 2989 τὰ
3354 2937 3407 2989 δὲ
3446 2939 3686 3005 ὀνόματα
3722 2938 4024 3005 προφέρειν

2451 3028 2510 3079 οὐ
2543 3025 2798 3096 δύναμαι)
2837 3028 2936 3095 τῆς
2957 3026 3051 3079 τοῦ
3092 3027 3329 3092 Ἀλεξίου
3364 3029 3640 3097 εὐφημίας
3687 3032 4025 3098 κατάρχεται

2453 3118 2532 3179 είς
2562 3118 2653 3169 τὸν
2687 3117 2831 3187 ἱερὸν
2888 3115 3239 3186 άνάσταθμον
3272 3117 3458 3181 ἀνιὼν,
3494 3119 3567 3186 μὴ
3603 3120 3908 3186 ἀναμείνας
3957 3121 4021 3169 ἐκ

2451 3205 2544 3258 τοῦ
2582 3206 2977 3275 ἀρχιποιμὲνος
3032 3206 3092 3258 τὸ
3146 3207 3449 3276 ἐνδόσιμον.
3506 3208 3661 3261 Ἀλλά
3713 3210 3806 3262 καὶ
3864 3202 4023 3269 οὗτος

2456 3296 2648 3365 μικρόν
2675 3313 2728 3347 τι
2769 3298 2983 3358 ἐνστὰς,
3003 3301 3095 3349 καὶ
3121 3298 3244 3349 ὅσον
3267 3297 3358 3349 τὸν
3388 3298 3461 3367 μὴ
3488 3298 3819 3366 αὐτόκλητον
3846 3299 4024 3367 ὑπεμ-

2453 3390 2639 3454 φῆναι,
2670 3385 2770 3455 τὴν
2793 3384 3021 3455 γνώμην
3066 3389 3145 3448 είς
3171 3388 3263 3439 τὸν
3295 3387 3538 3458 ἄρξαντα
3575 3390 3865 3457 μετέθηκε.
3886 3391 3890 3394 ⁴
3912 3390 4023 3441 Καὶ

2451 3469 2547 3521 τοῦ
2582 3473 2922 3540 πατριάρχου
2971 3474 3152 3525 τοίνυν
3195 3475 3675 3544 ὐποχαυνωθέντος
3729 3477 3907 3539 οὐδεὶς
3954 3475 4022 3548 ἦν

2451 3566 2516 3615 ὲκ
2564 3563 2756 3616 τούτου
2808 3564 3202 3634 γνωσιμαχῶν,
3251 3566 3389 3619 ἀλλὰ
3445 3568 3647 3629 πάντες
3676 3567 3737 3619 τὸ
3765 3568 4024 3636 μέγιστον

2450 3654 2669 3720 ἀρχεῖον
2718 3654 3234 3722 καταλαμϐάνοντες
3282 3656 3620 3725 ηὐτομόλουν
3670 3656 3907 3725 ἀτεχνῶς
3955 3660 4023 3727 τῇ

2454 3742 2687 3811 βασιλίδι
2720 3743 2796 3806 ὡς
2826 3745 3155 3814 ἀνδράποδα,
3183 3747 3277 3798 καὶ
3307 3747 3435 3817 πρὶν
3474 3748 3679 3801 ίδέσθαι
3706 3748 3795 3801 τὸν
3824 3766 4027 3818 τυραν-

2455 3834 2694 3903 νήσαντα
2726 3834 2759 3901 ἢ
2808 3834 3009 3901 γνῶναι
3057 3836 3303 3905 ἀκριϐῶς
3352 3839 3508 3890 ὁποῖα
3536 3839 3605 3891 τὰ
3643 3840 4025 3910 ξυνενεχθέντα

2457 3925 2535 3993 τῷ
2588 3925 2779 3994 πρώην
2832 3926 3050 3988 ἄνακτι,
3086 3930 3153 3997 τῇ
3212 3927 3306 3980 τοῦ
3349 3928 3644 3997 λεγομένου
3703 3932 4023 4000 βασιλεῦσαι

2458 4015 2874 4068 καθυπέκυπτον
2908 4018 3149 4084 γυναικὶ,
3185 4019 3279 4070 καὶ
3315 4019 3605 4071 ὑπετίθουν
3639 4021 3713 4084 ὡς
3768 4022 4023 4091 θρανέδας

2454 4105 2555 4168 τάς
2582 4106 2842 4173 κεφαλάς,
2889 4109 2980 4159 καὶ
3011 4108 3111 4176 τὴν
3158 4111 3279 4176 ῥῖνα
3311 4111 3375 4177 τῇ
3416 4109 3612 4178 ἐμϐάδι
3659 4111 3813 4181 δίκην
3859 4128 4023 4180 προσ-

2459 4196 2795 4265 κνιζομένων
2827 4199 3077 4251 κυνιδίων
3124 4201 3419 4269 ὲνήρειδον,
3474 4204 3569 4255 καὶ
3608 4206 3849 4273 περιδεεῖ
3882 4221 4023 4271 παρ-

2462 4290 2679 4342 ίσταντο
2730 4288 2810 4355 τῷ
2848 4292 3113 4359 σχήματι,
3147 4290 3223 4344 τὼ
3261 4293 3389 4345 πόδε
3426 4294 3790 4357 συνάπτοντες
3825 4297 3918 4347 καὶ
3947 4295 4023 4345 τὼ

2458 4383 2607 4449 χεῖρε
2642 4380 3060 4448 συμϐάλλοντες.
3103 4383 3215 4436 Καὶ
3244 4385 3291 4435 ol
3331 4387 3430 4453 μὲν
3460 4384 3743 4454 ἀϐέλτεροι
3777 4384 3861 4455 [Ρ.
3895 4385 4020 4455 294]

2457 4474 2627 4533 οὕτως
2677 4470 2736 4534 ἐξ
2784 4472 2954 4538 ἀκοῆς
3008 4474 3410 4543 ὰνασσόμενοι,
3454 4478 3482 4545 η
3536 4477 3592 4528 δὲ
3646 4477 3759 4544 (45)
3813 4476 4021 4544 βασιλὶς

2458 4567 2645 4634 χρῆμά
2674 4582 2724 4616 τι
2757 4564 2895 4618 οὖσα
2926 4566 3169 4618 ποικίλον
3202 4568 3295 4619 καὶ
3324 4567 3645 4635 πράγμασιν
3686 4565 4024 4632 εὐμεθάρμο-

2461 4674 2582 4709 στον
2631 4662 2933 4725 προσφυεῖς
2978 4662 3101 4721 ταῖς
3142 4658 3371 4711 πεύσεαι
3402 4660 3501 4720 τὰς
3530 4658 3856 4726 ἀποκρίσεις
3899 4657 4028 4726 ἐμέο

2459 4748 2571 4818 ριζε
2602 4788 2616 4810 ,
2658 4750 2751 4801 κα)⁵
2797 4749 2923 4810 τοὺς
2974 4750 3193 4818 εὐήθεις
3248 4750 3425 4817 διέχεε
3462 4748 3790 4811 Βυζαντίους
3841 4749 3898 4798 ἐν
3944 4741 4024 4808 οἷς

2458 4840 2746 4893 ἐκώτιλλεν
2774 4856 2787 4870 ·
2823 4841 2872 4892 οι
2906 4840 2960 4892 δὲ
2989 4840 3063 4903 ὡς
3112 4840 3201 4901 ὕες
3229 4840 3285 4892 αἳ
3333 4839 3431 4901 τὰς
3464 4846 3740 4906 γαστέρας
3769 4836 4021 4903 καταψώ·

2462 4947 2622 5000 μεναι
2661 4932 3034 4995 ὐπτιάζουσιν,
3087 4930 3463 4998 ὐποκνώμενοι
3513 4931 3578 4982 τὰ
3625 4923 3737 4981 ὦτα
3782 4931 3894 4989 τοῖς
3929 4929 4022 4979 εὐ-

2460 5024 2824 5093 προσηγόροις
2860 5024 3170 5090 ἀσπασμοῖς
3200 5021 3354 5074 οὐδέν
3375 5039 3427 5073 τι
3455 5021 3564 5073 τῶν
3599 5018 4022 5087 συμϐεϐηκότων

2467 5114 2569 5165 ὐπὸ
2600 5113 2816 5180 νέμεσιν
2840 5113 3043 5165 ἔθεντο.
3077 5113 3185 5165 Καὶ
3232 5112 3455 5178 τοιαύτη
3492 5112 3591 5179 μὲν
3620 5113 3652 5179 ἡ
3688 5108 4021 5178 προεισϋιος

2467 5203 2754 5271 ἑτοιμασία
2805 5202 2898 5255 τοῦ
2949 5200 3216 5271 βασιλέως
3261 5198 3330 5273 ἦν
3377 5202 3636 5267 Ἀλεξίου,
3692 5200 4023 5267 ἀναίμακτος

2466 5296 2643 5364 πάντη
2678 5297 2772 5348 καὶ
2806 5296 3010 5363 μηδένα
3037 5294 3145 5346 τῶν
3178 5296 3315 5347 ὅλων
3365 5295 3421 5355 ἐς
3464 5292 3653 5345 οὐσίαν
3695 5290 4022 5356 ἄδικήσσσα.

2468 5383 2673 5437 Είσεισι
2728 5383 2781 5435 δὲ
2833 5384 2893 5435 τὸ
2951 5382 3244 5445 Βυζάντιον
3290 5381 3409 5449 μεθ’
3464 5380 3675 5451 ἡμέρας
3724 5378 3876 5439 τινὰς
3934 5379 4024 5429 καὶ

2468 5476 2652 5537 αὐτὸς,
2707 5476 2800 5527 καὶ
2852 5474 3405 5545 κλίνῃσχρυσοπάστῳ
3453 5474 3729 5533 νεόλουτος
3772 5470 4021 5538 ἐνιζήσας

2072 5590 2245 5650 Hier.
2285 5588 2490 5650 Wolﬁi
2534 5596 2696 5650 notat

873 5710 979 5775 (i3)
1029 5708 1100 5765 Ἣ
1127 5709 1213 5765 δέ.
1253 5714 1486 5782 Apparet
1522 5706 1691 5766 ironia
1727 5727 1789 5765 ex
1822 5710 2197 5765 similitudine.
