4304 6354
222 378 328 442 829

1078 383 1174 441 DE
1219 381 1498 440 ALEXIO
1540 381 1820 443 ISAACll
1859 384 2142 444 ANGELI
2185 383 2302 441 ΡΒ.
2346 385 2492 443 LIB.
2541 384 2588 444 ῐ.

3363 389 3466 452 830

224 492 369 548 κατά
401 491 464 544 τὸ
494 487 786 560 λεγόμενον
832 491 939 554 ἔξω
969 491 1294 545 Φιλοπάτιον
1342 491 1660 560 περιχαρῶς
1707 498 1798 547 καὶ
1834 502 1873 552 Α
1907 509 1924 561 ι

1762 498 1798 545 tt
1834 502 1873 552 Α
1907 496 2206 561 plorarent,
2241 503 2297 548 et
2329 507 2449 546 eam
2508 495 2850 562 principatus
2900 497 3261 552 mutationem
3313 501 3462 553 brevi

222 586 476 655 ἀσμένως
525 585 652 645 τοὺς
700 588 757 647 ἐς
815 587 978 638 αὐτὸν
1014 587 1454 655 ἀφικνουμένους
1513 588 1795 652 προσίετο.

1903 587 2172 638 malorum
2233 586 2348 639 fore
2398 587 2729 655 principium
2773 600 3202 658 augurarentur,
3237 591 3470 645 Osiridis

229 682 304 751 μὴ
343 677 796 740 καταπεπτωκὼς
850 678 948 746 τὴν
996 679 1329 732 κατάστασιν
1376 679 1474 746 τῆς
1505 679 1686 747 ψυχῆς
1741 679 1798 741 ἐξ
1900 695 1929 732 e

1773 679 1798 741 ξ
1900 687 1956 732 et
2009 679 2289 748 Typhonis
2352 681 2664 744 recordati,
2718 697 2748 734 a
2810 683 3012 750 quibus
3066 683 3266 736 amicta
3321 695 3468 738 esset

224 764 304 822 ὧν
351 773 430 833 εις
485 771 572 823 τὸν
619 770 845 836 ἀδελφὸν
895 765 1246 838 διεπράξατο.
1279 770 1440 832 Τινὲς
1463 771 1522 822 δὲ
1552 771 1662 823 τῶν
1705 769 1797 822 τοῦ

227 862 400 933 Βήλου
431 863 632 932 κριτῶν
665 865 739 932 μὴ
766 863 1038 930 εὐκαίρως
1063 861 1156 914 τὸν
1189 864 1382 930 καιρὸν
1413 861 1799 922 κολακεύοντες

1906 769 2194 839 Ᾱῧεγριυε.
2229 770 2666 826 Celeberrimum
2699 781 2756 828 et
2782 775 3077 828 maximum
3111 775 3206 829 Dei
3237 775 3467 844 Sapien-

1903 861 1991 915 tia:
2017 861 2279 930 templum
2318 861 2596 930 ingressus
2633 873 2693 917 ut
2737 865 2804 918 de
2846 879 2998 918 more
3046 867 3470 932 inauguraretur

230 955 575 1026 βωμολόχους
623 955 916 1022 ἐπαφῆκαν
966 956 1168 1022 φωνὰς.
1225 956 1284 1006 ἐν
1339 949 1428 1016 αἷς
1479 954 1574 1006 καὶ
1622 948 1800 1020 ὦφλον
1900 969 1930 1006 e

1769 972 1800 1002 ιν
1900 963 1955 1006 et
1987 953 2198 1020 imperii
2229 954 2460 1023 insignia
2512 965 2836 1018 assumeret,
2884 956 3121 1025 primum
3159 956 3282 1010 lidei
3324 972 3469 1026 sym-

227 1047 568 1114 κατάγελων.
610 1043 794 1099 Ἦσαν
837 1047 877 1097 δ’
911 1047 959 1098 οἳ
1009 1048 1102 1098 καὶ
1137 1046 1505 1111 ἐπεστέναξαν
1533 1047 1643 1105 τοῖς
1664 1047 1800 1113 δρω-

232 1137 440 1205 μένοις,
483 1137 578 1189 καὶ
623 1138 750 1198 τοὺς
783 1135 1086 1204 βασιλείους
1119 1139 1361 1204 κόσμους
1408 1138 1799 1189 κατωπτευκό-

229 1242 341 1305 τες.
372 1226 466 1289 οὓς
493 1226 671 1294 ἐαυτῷ
700 1226 1016 1297 ὑπέρραψεν
1045 1229 1332 1289 Ίσαάκιος,
1368 1227 1803 1295 περιαμπίσχον-

229 1335 332 1383 τας
359 1321 486 1388 ἆρτι
519 1321 612 1375 τὸν
660 1321 870 1372 ἐκείνω
914 1321 1244 1388 κασίγνητον
1285 1320 1652 1388 ἐπωδύραντο,
1704 1335 1802 1368 τίν

231 1410 466 1462 ἀτοπίαν
493 1409 863 1477 ἐκπλαγέντες
895 1409 988 1462 τοῦ
1030 1411 1377 1478 πράγματος,
1406 1415 1502 1460 καὶ
1531 1407 1628 1475 τὴν
1692 1424 1799 1458 τοι.

232 1499 403 1566 αὐτην
433 1498 720 1549 ἀλλοίωσιν
759 1499 857 1566 τῆς
889 1498 1064 1566 ἀρχῆς
1102 1499 1280 1566 ἀρχὴν
1312 1498 1643 1564 προσφάτων
1672 1498 1800 1546 οίω-

231 1589 442 1650 νίζοντο
493 1589 814 1658 συμφορῶν.
869 1589 934 1640 τά
982 1605 1038 1640 τε
1090 1589 1350 1656 Ὀσίριδος
1402 1590 1496 1640 καὶ
1548 1589 1802 1655 Τυφέῖινος

231 1679 492 1732 ἐϐάλοντο
537 1679 678 1732 κατά
723 1680 867 1744 νοῦν,
923 1681 1011 1746 ὑφ’
1047 1674 1121 1731 ὠν
1152 1680 1608 1747 ἐκακοπράγησεν
1637 1679 1804 1741 Λίγυ-

233 1789 390 1834 πτος.
434 1771 703 1826 Εἰσελθὼν
753 1773 811 1824 δὲ
836 1773 896 1824 τὸ
927 1773 1028 1840 τῆς
1059 1771 1194 1823 Θεοῦ
1226 1771 1427 1839 Σοφίας
1463 1771 1804 1840 περίπυστον

232 1864 328 1916 καὶ
385 1863 644 1931 μέγιστον
695 1865 944 1930 τέμενος,
995 1865 1143 1924 ὅπως
1207 1863 1349 1916 κατά
1399 1864 1461 1916 τὸ
1508 1863 1700 1931 ἔθιμον
1750 1866 1804 1925 ἐς

233 1956 460 2024 βασιλέα
508 1956 706 2025 χρισθῇ
757 1957 852 2008 καὶ
887 1956 1264 2024 περιϐαλεῖται
1318 1956 1388 2008 τά
1436 1954 1532 2006 τοῦ
1573 1959 1807 2023 κράτους

234 2049 508 2116 σύμϐολα,
544 2049 740 2115 πρῶτα
797 2050 895 2118 μὲν
950 2049 1260 2118 ὀψιαίτερον
1317 2050 1376 2101 τὸ
1425 2051 1524 2117 τῆς
1574 2050 1807 2109 πίστεως

233 2140 505 2206 ἐγγράφει
537 2139 808 2207 σύμϐολον
859 2139 1006 2208 βαφῇ
1036 2143 1100 2209 τῇ
1136 2139 1411 2210 βασιλικῇ.
1456 2141 1647 2192 ἔπειτα
1691 2142 1810 2196 ταῖς

231 2231 470 2302 ὦραίαις
498 2231 822 2298 λεγομέναις
855 2230 952 2283 τοῦ
983 2230 1087 2284 νεὼ
1116 2232 1314 2292 πύλαις
1349 2231 1574 2298 ἐγγίσας
1628 2230 1809 2282 ἱκανὸν

232 2323 414 2376 ἐκεῖσε
471 2323 665 2393 χρόνον
721 2323 1010 2392 διέτριψε,
1074 2323 1509 2392 προσδεχόμενος
1568 2322 1697 2372 πότε
1745 2321 1810 2373 ἂν

235 2413 559 2482 ἐπιταχθείη
606 2413 705 2482 τὴν
747 2414 956 2468 εἴσοδον
1006 2415 1160 2481 παρὰ
1186 2415 1294 2466 τῶν
1321 2412 1696 2482 ἀκριϐούντων
1749 2413 1808 2462 τὸ

232 2505 337 2571 τῆς
368 2505 519 2574 ὥρας
553 2507 768 2573 καίριον
794 2506 903 2557 τῶν
941 2505 1104 2576 ἱερῶν
1138 2505 1620 2574 κατηχουμενείων
1667 2503 1806 2556 ἄνω-

234 2595 353 2649 θεν.
405 2595 594 2660 Ἐξιὼν
644 2596 702 2646 δέ
751 2595 845 2646 τοῦ
885 2595 991 2648 νεὼ
1043 2597 1138 2648 καὶ
1175 2595 1384 2663 μέλλων
1423 2595 1679 2661 ἐπιϐῆναι
1715 2592 1808 2644 τοῦ

233 2687 534 2755 ὀχήματος,
567 2687 596 2736 6
641 2687 739 2752 μὲν
769 2687 931 2748 ἵππος
972 2683 1061 2755 (ἦν
1086 2687 1143 2739 δὲ
1175 2684 1328 2748 οὗτος
1380 2687 1672 2752 φατνιστος
1717 2686 1810 2735 καὶ

248 2777 526 2846 ’Δράϐιο;)
581 2779 920 2844 προσάγεται
975 2778 1126 2846 παρὰ
1183 2777 1276 2829 τοῦ
1331 2777 1809 2844 πρωτοστράτορος

236 2868 348 2920 ἀπὸ
377 2867 469 2918 τοῦ
501 2867 720 2934 χαλινοῦ
749 2869 1053 2930 ἐλκυσθεὶς,
1093 2868 1304 2934 γίνεται
1333 2869 1386 2919 ἓέ
1417 2885 1468 2918 τι
1495 2868 1604 2918 τῶν
1629 2867 1812 2936 ἀήθων

235 2961 336 3012 καὶ
389 2958 559 3022 ἀξίων
614 2958 915 3028 θαύματος.
972 2960 1046 3013 Οὐ
1104 2961 1397 3028 προσίεται
1445 2962 1472 3010 6
1505 2959 1670 3018 ἵππος
1723 2957 1812 3008 τὸν

234 3051 536 3121 ἀναϐάτην,
583 3053 719 3104 ἀλλὰ
778 3054 1106 3122 φριμάσσων
1142 3052 1382 3119 ὕφαιμος
1419 3051 1482 3102 τὸ
1514 3051 1667 3119 ὄμμα
1721 3051 1812 3100 καὶ

1903 1043 2087 1097 bolum
2127 1044 2483 1113 imperatorio
2524 1046 2710 1100 colore
2765 1049 2976 1102 tardius
3004 1047 3317 1117 perscribit.
3363 1047 3466 1100 De-

1905 1135 2031 1189 inde
2063 1137 2128 1190 ad
2163 1137 2476 1204 Speciosam
2513 1138 2698 1206 templi
2727 1149 2940 1207 portam
2989 1139 3198 1194 diutius
3223 1152 3468 1192 commo-

1905 1241 2078 1287 ratur.
2135 1241 2481 1297 exspectans,
2531 1230 2664 1285 dum
2718 1231 2926 1301 ingredi
2977 1231 3264 1301 iuberetur
3296 1229 3365 1283 ab
3405 1229 3474 1281 iis

1903 1320 1996 1388 qui
2019 1331 2384 1388 opportunam
2419 1323 2606 1376 horam
2651 1325 2706 1376 in
2752 1338 2820 1378 eo
2870 1323 3016 1383 loco,
3074 1322 3168 1376 ubi
3210 1321 3473 1376 catechu-

1905 1414 2046 1465 Ineni
2080 1414 2467 1475 instituuntur,
2494 1415 2885 1468 observabant.
2918 1414 3150 1482 Templo
3192 1425 3474 1482 egressus.

1904 1519 2028 1557 cum
2056 1505 2346 1557 sublimem
2389 1520 2591 1573 equum
2652 1505 2950 1560 Arabicum
3003 1522 3033 1560 a
3073 1513 3476 1574 protostratore

1906 1597 2205 1651 adductum
2232 1612 2638 1650 conscensurus
2663 1608 2827 1660 esset,
2859 1612 2947 1650 res
2974 1605 3278 1649 memoratu
3309 1593 3473 1661 digna

1906 1689 2126 1742 accidit.
2166 1687 2352 1756 Equus
2390 1687 2536 1741 enim
2574 1703 2851 1741 sessorem
2897 1703 3007 1741 non
3061 1684 3325 1739 admittit:
3379 1682 3473 1736 sed

1911 1782 2084 1834 oculis
2109 1782 2371 1848 sanguine
2407 1779 2650 1842 suil‘usis,
2684 1781 2909 1833 auribus
2947 1779 3201 1838 arrectis.
3275 1775 3476 1830 crebro

1912 1871 2088 1926 solum
2118 1871 2361 1939 pulsans,
2393 1880 2450 1924 et
2501 1871 2875 1924 anterioribus
2906 1870 3129 1939 ungulis
3181 1882 3309 1922 eum
3365 1866 3479 1919 fre-

1913 1965 2044 2017 mitu
2083 1965 2334 2024 sublatis,
2380 1979 2506 2016 eum
2549 1963 2714 2034 σοι
2784 1963 3122 2016 ferocissime
3169 1968 3478 2017 aversatur,

1911 2056 2062 2123 quasi
2099 2062 2251 2124 tergo
2283 2056 2526 2123 recipere
2575 2056 2992 2124 dedignaretur.
3037 2055 3214 2122 Atque
3262 2051 3337 2103 ita
3376 2063 3478 2100 ste-

1915 2149 2036 2216 pius
2070 2148 2123 2200 in
2157 2147 2492 2215 posteriores
2521 2147 2688 2213 pedes
2713 2153 2964 2200 arrectus
2993 2155 3048 2198 et
3078 2141 3287 2196 aversis
3307 2140 3487 2193 oculis

1911 2239 2162 2292 Alexium
2198 2236 2434 2305 repellit.
2474 2235 2542 2290 Ut
2571 2246 2754 2288 autem
2779 2244 2900 2304 post
2925 2234 3126 2288 multos
3150 2241 3486 2300 poppysmos

1911 2338 1968 2381 et
2025 2327 2255 2380 cervicis
2303 2327 2645 2396 palpationes
2675 2327 2926 2395 placatus
2966 2333 3023 2377 et
3070 2322 3299 2376 crebros
3358 2318 3486 2371 illos

1913 2434 2074 2488 gyros
2097 2426 2148 2470 et
2172 2417 2578 2471 calcitrationes
2608 2418 2916 2470 omissurus
2943 2413 3262 2474 videbatur,
3307 2410 3484 2477 impe-

1915 2521 2066 2562 rator
2100 2507 2153 2561 in
2186 2523 2310 2561 eum
2339 2507 2535 2560 insiliit
2574 2516 2628 2560 et
2661 2506 2903 2559 habenas
2931 2502 3246 2572 prehendit.
3278 2500 3328 2554 Is
3352 2512 3489 2552 vero

1919 2611 1976 2652 nt
2014 2600 2302 2668 deceptus,
2331 2613 2546 2652 sessore
2586 2613 2749 2666 quem
2793 2596 2966 2650 nollet
3021 2603 3276 2662 recepto,
3329 2603 3487 2657 aque

1913 2708 1977 2745 ac
2013 2692 2164 2760 prius
2191 2691 2405 2750 ferocit,
2434 2707 2558 2744 cum
2605 2691 2755 2742 claro
2795 2688 3013 2742 hinnitu
3055 2685 3224 2755 pedes
3257 2682 3484 2741 attollit.

1913 2800 2015 2838 uec
2046 2784 2198 2851 prius
2227 2783 2543 2851 importune
2592 2783 2791 2836 saltare
2837 2780 3056 2835 desistit
3105 2791 3270 2847 quam
3326 2790 3482 2844 geni-

1915 2884 2055 2927 nmta
2084 2887 2284 2928 corona
2312 2873 2488 2940 capite
2516 2873 2636 2937 ejus
2675 2886 2900 2925 excussa
2937 2879 2990 2923 et
3033 2884 3097 2922 ex
3141 2875 3297 2936 parte
3331 2879 3484 2918 com-

1913 2959 2126 3014 minuta
2161 2960 2338 3027 ipsum
2375 2975 2596 3027 quoque
2650 2960 2960 3028 dejecisset.
3025 2959 3146 3010 Alio
3196 2971 3340 3024 equo
3389 2953 3490 3006 ad-

1914 3051 2100 3112 ducto,
2138 3051 2308 3105 fracta
2336 3067 2539 3106 corona
2590 3051 2991 3118 inauspicatum
3033 3064 3193 3102 omen
3240 3048 3356 3100 visa
3403 3053 3489 3098 est

235 3146 298 3198 τὸ
333 3145 425 3205 οὓς
467 3147 739 3214 μετέωρος
774 3147 867 3197 καὶ
901 3146 1068 3212 συχνά
1115 3145 1330 3197 κόπτων
1366 3144 1425 3193 τὸ
1455 3143 1684 3194 δάπεδον
1716 3144 1807 3194 καὶ
1840 3145 1879 3200 c
1920 3141 1933 3193 i

1791 3144 1807 3190 ὶ
1840 3145 1879 3200 C
1920 3141 2133 3208 imperii
2161 3143 2399 3197 cladium
2433 3159 2539 3196 non
2585 3142 2827 3207 expertis
2851 3153 2904 3194 et
2940 3138 3275 3192 imminentis
3317 3135 3489 3188 ruina:

235 3240 339 3300 τὰς
374 3238 746 3307 ἐμπροσθίους
771 3238 1090 3290 ἀναϐάλλων
1120 3237 1289 3297 ὁπλάς
1324 3238 1416 3288 καὶ
1452 3235 1618 3304 ῥύδην
1655 3251 1717 3300 φε
1731 3233 1816 3302 ρό-

243 3345 406 3398 μενος
433 3329 600 3381 αύτὸν
631 3329 1032 3398 ἀπεστρέφετο,
1062 3327 1266 3390 ἀδοξῶν
1323 3327 1512 3394 ὥσπερ
1564 3326 1659 3376 ἐπὶ
1707 3325 1816 3375 τῶν

237 3423 426 3475 νώτων
460 3424 607 3492 ὀχεῖν
643 3426 737 3477 καὶ
777 3424 898 3476 κατ’
935 3424 1104 3475 αὑτοῦ
1133 3421 1512 3494 ἀγριούμενος.
1548 3419 1814 3478 Πολλάκις

235 3511 333 3567 οὖν
382 3515 519 3581 πρὸς
564 3516 625 3567 τὸ
675 3516 924 3567 ἱππεύειν
954 3516 1246 3584 γενόμενον
1283 3516 1375 3567 τὸν
1417 3512 1651 3576 ’Δλέξιον
1712 3513 1815 3562 ἀπ-

235 3606 563 3675 εκρούσατο.
603 3608 702 3670 τὰς
745 3608 1110 3676 ἐμπροσθίους
1141 3607 1361 3660 ἐνσείων
1389 3608 1557 3676 χηλὰς
1596 3607 1688 3657 καὶ
1714 3604 1812 3662 τὰς

236 3696 391 3764 ὄψεις
423 3699 771 3765 ἐπιστρέφων
800 3699 994 3750 ὀπίσω.
1041 3699 1129 3759 Ὠς
1159 3699 1216 3751 δέ
1251 3714 1381 3750 ποτε
1416 3699 1556 3764 μετά
1587 3696 1812 3748 πλεῖστα

236 3787 754 3857 περιποππύσματα
802 3789 896 3841 καὶ
930 3789 1264 3854 διομαλίσεις
1295 3788 1388 3840 τοῦ
1428 3789 1655 3854 αὐχένος
1696 3788 1812 3837 εδο-

237 3878 331 3940 ξεν
370 3879 675 3945 ἠρεμήσειν
710 3880 804 3929 καὶ
857 3877 1169 3932 παύσασθαι
1201 3880 1308 3932 τῶν
1341 3877 1638 3946 ἀγερώχων
1669 3879 1813 3929 ἐκεῖ·

234 3988 346 4021 νων
377 3969 598 4032 ὲλίξεων
629 3970 850 4036 καὶτῆς
884 3969 994 4022 τῶν
1049 3971 1227 4023 ποδῶν
1274 3969 1586 4039 ἀερώσεως,
1637 3971 1664 4020 6
1715 3971 1812 4035 μὲν

239 4058 494 4127 βασιλεὺς
525 4061 612 4112 ἐπ’
638 4062 800 4112 αὑτὸν
850 4062 1159 4131 ἀνεπήδησε
1209 4064 1300 4114 καὶ
1335 4061 1444 4112 τῶν
1492 4061 1658 4128 ἠνίων
1695 4061 1817 4111 ἐλά-

238 4151 365 4202 ϐετο
398 4167 411 4180 ·
438 4155 465 4203 6
507 4152 563 4204 δὲ
596 4152 784 4222 ὥσπερ
829 4156 1200 4223 ἠπατημένος,
1233 4156 1328 4206 καὶ
1352 4154 1644 4220 δεξάμενος
1683 4157 1786 4204 ἀνα

237 4244 415 4310 ϐάτην
445 4243 503 4294 6v
532 4245 632 4296 οὐκ
661 4245 875 4314 ἢθελεν,
900 4246 1126 4314 ὴτάκτει
1155 4263 1214 4298 τε
1247 4245 1322 4307 ὡς
1355 4246 1549 4314 πρώην
1578 4247 1669 4296 καὶ
1693 4246 1818 4306 τοὺς

237 4334 410 4394 πόδας
449 4336 646 4404 ἀνίστη
697 4338 816 4405 μετ’
863 4337 1208 4401 ἐξακούστων
1259 4337 1366 4389 τῶν
1421 4337 1813 4405 χρεμετίσεων·

1916 3248 1972 3292 et
2009 3252 2165 3290 noxa:
2201 3235 2436 3288 hostilis.
2473 3234 2889 3288 Comitabantur
2924 3246 3050 3284 eum
3094 3232 3149 3284 in
3182 3228 3342 3296 equis
3375 3225 3490 3278 duo

1915 3332 2142 3402 generi,
2194 3327 2675 3394 Contostephanus
2732 3323 3085 3377 Andronicus
3155 3329 3210 3373 et
3253 3316 3491 3371 Isaaeius

1914 3422 2230 3476 Comnenus
2257 3459 2270 3481 ,
2324 3426 2380 3470 et
2420 3427 2651 3485 patruus
2705 3418 2826 3482 ejus
2865 3415 3106 3467 Joannes
3156 3409 3367 3464 Ducas,
3409 3404 3492 3456 vir

1918 3521 2174 3582 provecta
2205 3519 2386 3571 :elate,
2423 3510 2507 3563 cui
2545 3509 2598 3560 in
2641 3524 2703 3560 ea
2744 3522 2940 3573 pompa
2991 3505 3186 3556 mirum
3229 3498 3490 3568 quiddam

1917 3605 2137 3660 accidit.
2173 3603 2307 3656 Nam
2339 3618 2460 3654 cum
2488 3601 2633 3652 mula
2659 3599 2822 3668 605
2853 3599 2972 3665 ejus
2993 3611 3023 3648 a
3051 3593 3271 3647 nemine
3301 3597 3490 3643 exter-

1918 3697 2018 3749 rita
2049 3705 2223 3755 esset;
2257 3709 2458 3748 corona
2507 3689 2995 3744 sebastocraiorica
3029 3695 3221 3754 sponte
3261 3685 3329 3735 de
3373 3679 3493 3749 ejus

1919 3789 2125 3840 vertice
2153 3787 2302 3838 humi
2336 3785 2557 3838 cecidit.
2596 3783 2748 3836 Unde
2799 3781 3036 3849 populus
3079 3776 3304 3830 calvitio
3349 3773 3491 3840 ejus,

1923 3875 2068 3944 quod
2116 3876 2288 3930 instar
2328 3877 2499 3944 plenas
2540 3877 2682 3928 luna:
2735 3870 3051 3931 relucebat,
3104 3865 3311 3919 nudato
3365 3877 3490 3914 ουιιι

1919 3975 2032 4028 risu
2067 3969 2406 4023 exclamavit.
2438 3968 2615 4020 Ducas
2653 3981 2796 4023 vero.
2827 3963 2918 4030 qui
2947 3961 3111 4014 etiam
3142 3955 3346 4021 alioqui
3380 3966 3489 4004 non

1920 4064 2078 4119 facile
2124 4066 2290 4117 rebus
2338 4061 2583 4112 adversis
2637 4063 3102 4114 commoveretur,
3159 4047 3491 4102 necessitate

1922 4160 1975 4212 in
2012 4160 2196 4225 jocum
2224 4164 2278 4208 et
2306 4155 2560 4206 festivum
2589 4149 2779 4202 indum
2821 4159 3118 4206 conversa,
3160 4141 3490 4194 hilaritatem

1925 4251 2115 4319 populi
2153 4248 2291 4301 adeo
2328 4261 2433 4298 non
2465 4243 2686 4312 indigne
2716 4240 2842 4292 tulit
2872 4247 2934 4291 ut
2962 4237 3129 4290 etiam
3175 4247 3281 4286 una
3313 4229 3487 4284 lactari

1919 4343 2222 4395 videretur.

236 4450 349 4501 οὐδ’
379 4449 568 4518 ἔληξεν
601 4451 1073 4520 ἐκϐακχευόμενος
1099 4451 1294 4514 οὕτως,
1325 4451 1428 4514 ἕως
1454 4452 1515 4503 τὸ
1548 4453 1647 4521 μὲν
1674 4453 2032 4520 λιθόστρωτον
2102 4455 2296 4520 στέφος
2359 4455 2420 4502 ἐκ
2489 4451 2584 4515 τῆς
2634 4447 2874 4514 κεφαλῆς
2911 4442 2994 4515 [Ρ.
3030 4440 3160 4510 2951
3205 4439 3299 4492 τοῦ
3334 4437 3490 4506 βασι·

237 4543 378 4604 λέως
412 4545 492 4605 είς
524 4543 627 4610 γῆν
658 4546 1018 4613 κατήνεγκεν,
1055 4545 1132 4606 ὼς
1180 4545 1275 4596 καὶ
1325 4544 1518 4596 τούτου
1589 4544 2019 4612 διαῢραυσθῆναι
2071 4547 2208 4612 μέρη
2256 4543 2391 4598 τινά,
2474 4542 2636 4593 αὑτὸν
2703 4539 2747 4590 δ’
2814 4535 3232 4603 ἀπεσφαίρισεν.
3289 4532 3491 4583 Ἵππον

236 4638 419 4690 τοίνυν
472 4637 665 4705 ἑτέρου
725 4637 1216 4706 προσενεχθέντος,
1275 4638 1394 4705 οὐχὶ
1454 4637 1572 4706 μεθ’
1627 4637 1810 4705 ὑγιοῦς
1882 4638 2234 4689 ὲπωπτεύετο
2299 4636 2743 4703 στεφανώματος,
2799 4632 2827 4681 ὃ
2881 4629 2975 4680 καὶ
3040 4629 3112 4695 μὴ
3169 4624 3344 4675 αἴτιον
3384 4620 3493 4674 τῶν

235 4728 516 4797 ἐσομένων
551 4729 694 4792 ἔδοξε
725 4725 1014 4792 σύμϐολον·
1049 4728 1321 4796 μηδὲγὰρ
1353 4730 1420 4781 ἂν
1443 4727 1817 4797 ἀδιαλὼϐητόν
1883 4728 1934 4778 oi
1991 4729 2395 4796 συντηρηθῆναι
2460 4729 2556 4793 τὴν
2612 4726 2912 4791 βασιλείαν,
2967 4723 3099 4773 ἀλλὰ
3173 4719 3272 4770 τοῦ
3326 4715 3494 4782 ὕψους

235 4824 538 4874 ἀποπεσεῖν
565 4822 660 4872 καὶ
694 4819 1031 4888 προσπαθείν
1059 4819 1224 4870 αὑτὸν
1252 4820 1359 4871 ἀπὸ
1411 4819 1519 4871 τῶν
1591 4820 1850 4872 ἐναντίων
1892 4823 2096 4882 κακῶς.
2147 4821 2564 4886 Συνεπόμπειον
2596 4818 2650 4869 δὲ
2698 4816 2776 4882 τῷ
2809 4815 3017 4883 βασιλεῖ
3079 4810 3214 4879 τῷδε
3269 4808 3496 4874 ἔφιπποι

235 4913 336 4967 καὶ
375 4914 423 4963 oi
455 4911 546 4963 δύο
581 4912 672 4963 ἐπὶ
712 4911 1016 4979 θυγατράσι
1082 4909 1255 4978 τούτῳ
1319 4909 1560 4979 γαμϐροὶ
1614 4911 1643 4961 6
1708 4911 2146 4977 Κοντοστέφανος
2228 4910 2561 4976 Ἀνδρόνικος
2618 4906 2711 4956 καὶ
2765 4907 2793 4956 6
2847 4901 3132 4972 Κομνηνὸς
3199 4897 3495 4964 Ἰσαάκιος,

235 5010 334 5060 καὶ
362 5008 392 5058 6
421 5007 556 5074 προς
601 5005 798 5068 πατρὸς
832 5006 1026 5071 ἐκείνῳ
1060 5005 1200 5066 θεῖος
1244 5007 1494 5073 Ἰωάννης
1563 5007 1592 5057 6
1651 5005 1882 5066 Δούκας,
1924 5005 2258 5071 πεπαίτερος
2307 5003 2382 5054 ὢν
2428 5001 2524 5070 τὴν
2557 5001 2793 5070 ἡλικίαν,
2912 4997 3005 5048 καὶ
3039 4993 3181 5048 κατά
3227 4991 3326 5059 τὴν
3355 5006 3496 5063 πομ-

234 5100 410 5154 παίαν
447 5099 665 5165 ἐκείνην
721 5099 944 5167 πρόοδον
978 5099 1176 5166 συνέϐη
1244 5116 1299 5150 τι
1370 5098 1612 5150 τοιοῦτον
1710 5098 2058 5167 παράλογονο
2117 5098 2191 5166 μὴ
2244 5096 2350 5163 γάρ
2400 5112 2542 5155 τινος
2582 5093 3010 5161 διαταράξαντος
3063 5089 3159 5160 τὴν
3242 5089 3497 5150 κόλουρον

233 5186 536 5265 ἡμίονονῇ
605 5191 799 5260 ἔποχος
842 5186 929 5259 ἦν,
1016 5190 1108 5242 τὸν
1170 5189 1733 5259 σεϐαστοκρατορικὺν
1816 5190 2119 5246 ἀπεϐάλετο
2179 5192 2439 5256 στέφανον
2502 5188 2889 5254 ἀνατραπέντα
2954 5184 3054 5253 τῆς
3112 5181 3354 5251 κορυφῆς
3405 5180 3498 5231 καὶ

233 5285 562 5354 αὔτομάτως
609 5285 987 5338 καταπεσόντα
1026 5285 1108 5346 είς
1145 5284 1359 5352 ἔδαφος.
1411 5284 1553 5353 Πρὸς
1596 5283 1733 5354 ὅπερ
1797 5285 1981 5354 οἱμὲν
2049 5280 2316 5350 θεώμενοι
2351 5279 2648 5348 ἐξεϐόησαν
2702 5280 2796 5331 καὶ
2843 5281 2923 5341 είς
2969 5279 3142 5344 γέλων
3189 5275 3501 5345 διεκινήθη-

235 5397 364 5442 σαν,
415 5377 512 5446 τὴν
567 5378 1083 5446 ἑγκρυφιαζομένην
1130 5377 1207 5442 τῷ
1259 5376 1512 5445 στεφάνῳ
1551 5378 1819 5447 πρότερον
1854 5375 2139 5444 φαλάκραν
2203 5375 2278 5436 ὼς
2346 5373 2694 5440 πλησὶφωτον
2729 5373 2958 5440 σελήνην
2997 5371 3118 5421 τότε
3174 5385 3497 5422 κατωπτευ-

237 5475 430 5532 κότες·
463 5474 491 5522 6
517 5469 572 5520 δὲ
611 5468 820 5530 Δούκας
874 5469 976 5536 τὴν
1013 5469 1262 5536 ἀνάγκην
1299 5469 1608 5538 μετατιθεὶς
1673 5470 1754 5527 είς
1817 5468 1877 5519 τὸ
1917 5471 2109 5537 εϋχαρι
2139 5467 2234 5518 καὶ
2277 5464 2536 5534 μείλιχον,
2571 5465 2742 5524 άλλως
2785 5481 2841 5514 τε
2894 5464 2996 5514 κάν
3033 5466 3145 5522 τοῖς
3175 5462 3496 5526 ἀϐουλήτοις

240 5565 320 5633 μὴ
378 5561 609 5629 ἑτοίμως
673 5558 1041 5629 χολούμενος,
1111 5561 1307 5630 ἔφερεν
1359 5561 1434 5622 ὡς
1505 5559 1814 5629 σύμμικτον
1849 5559 2011 5628 ἡδονῇ
2094 5559 2309 5612 παιδιάν
2362 5559 2459 5627 τὴν
2501 5558 2605 5607 τῶν
2659 5558 2928 5607 πλείστων
2994 5555 3086 5605 ἐπὶ
3122 5554 3199 5621 τῷ
3246 5552 3491 5619 γεγονότι

247 5658 518 5722 διάχυσιν,
551 5653 802 5721 γεγηθὼς
826 5655 886 5705 ἐν
921 5655 1076 5723 μέρει
1108 5657 1199 5706 καὶ
1229 5656 1396 5717 αὐτὸς
1435 5657 1526 5706 καὶ
1557 5655 1825 5725 μηδαμῶς
1865 5655 1952 5706 τὸν
1981 5654 2393 5720 ἀγανακτοῦντα
2429 5655 2870 5720 ὑποκρινόμενος.

323 5745 395 5797 Γ.
445 5745 502 5800 '0
533 5745 586 5801 δέ
621 5745 872 5812 βασιλεὺς
901 5748 998 5814 τὴν
1027 5748 1449 5817 ἀγγελωνυμίαν
1484 5749 1815 5814 παρωσάμε·
1997 5749 2023 5800 5

1798 5773 1815 5784 -
1997 5749 2047 5800 5.
2099 5748 2400 5814 Imperator
2456 5763 2585 5799 vero
2633 5746 2821 5810 Angeli
2877 5751 3240 5813 cognomento
3279 5741 3391 5794 sive
3441 5748 3498 5792 ut
