4304 6354
845 351 941 416 831

2076 352 2375 416 ΝΙΕΕΤᾸΞ
2419 350 2834 415 CHONIAT/E

3999 357 4104 420 832

840 465 1137 524 humiliore
1159 469 1464 539 repudiato,
1498 470 1613 526 sive
1663 481 1722 528 ut
1775 482 1884 527 una
1927 477 2050 524 etim
2082 469 2248 522 fratre
2282 465 2415 517 abo-
2447 465 2490 519 Α
2520 480 2540 512 ν

2404 494 2415 503 -
2447 465 2490 519 Α
2520 480 2608 525 νος
2638 464 2924 534 Κομνηνος
2966 464 3278 533 ἐπελέγετο,
3312 466 3424 519 εἴτε
3456 466 3518 519 τδ
3549 467 3838 535 ἐπώνυμον
3895 467 4104 533 ἀδοξῶν

839 554 1032 623 lendo,
1081 559 1395 615 Comnenus
1462 563 1728 632 appellari
1784 562 1981 616 voluit.
2035 561 2173 615 Cum
2227 571 2410 614 autem

841 661 1036 705 omnes
1087 658 1344 719 putarent
1379 668 1506 706 eum
1563 663 1685 722 post
1735 652 2163 708 declarationem
2192 690 2207 709 .
2247 652 2413 705 rebus

841 740 1072 804 pacatis.
1119 741 1303 794 statim
1353 742 1408 795 in
1449 744 1621 797 armis
1665 742 1785 796 fore
1833 757 1936 798 nec
1984 741 2235 811 urgentia
2270 741 2414 795 dun-

842 830 1149 884 taxatmala
1195 831 1590 901 depulsurum,
1663 834 1758 888 sed
1833 835 2176 904 superiorum
2247 833 2411 887 etiarn

839 931 1151 988 temporum
1210 923 1409 977 delicta
1473 924 1714 978 fraterna
1761 935 2140 979 correcturum
2168 964 2182 988 ,
2229 923 2416 977 clades

839 1010 1138 1076 prazsertim
1181 1027 1210 1064 a
1259 1011 1514 1068 Barbaris
1565 1024 1858 1084 propterea
1907 1014 2090 1067 lllatas
2135 1013 2280 1082 quod
2333 1014 2415 1068 eis

839 1113 1003 1152 nemo
1054 1102 1346 1155 restitisset
1408 1112 1503 1157 aut
1561 1121 1743 1158 rerum
1806 1119 1993 1158 curam
2055 1105 2412 1172 suscepisset,

841 1190 934 1243 ille
965 1200 1176 1254 contra,
1202 1201 1263 1246 ut
1310 1196 1420 1264 jam
1459 1206 1710 1249 votorum
1755 1196 2000 1250 omnium
2045 1207 2099 1250 et
2146 1197 2290 1250 unici
2351 1212 2416 1250 ac

840 1279 1086 1334 diuturni
1119 1282 1378 1338 desiderii
1424 1300 1649 1354 compos
1705 1287 1902 1352 factus,
1943 1289 2146 1341 corolla
2187 1289 2416 1358 insignis

840 1367 1068 1434 ignavia:
1093 1383 1216 1423 sese.
1251 1371 1478 1434 dedidit,
1501 1375 1655 1441 quasi
1680 1391 1789 1428 non
1816 1375 2109 1446 legitimam
2129 1377 2412 1430 hominum

838 1460 1177 1514 curationem
1198 1462 1440 1524 sortitus,
1463 1464 1555 1518 sed
1583 1466 1897 1520 deliciarum
1914 1477 1966 1520 et
1982 1469 2077 1522 otii
2103 1469 2412 1523 facultatem

839 1561 962 1601 esse
1003 1548 1293 1617 imperium
1342 1553 1684 1621 opinaretur.
1713 1557 1873 1624 lgitur
1910 1557 2118 1626 abjecta
2146 1559 2311 1628 606
2337 1559 2412 1611 rei

837 1639 1079 1706 publica:
1123 1658 1276 1708 cura,
1306 1654 1366 1698 ut
1418 1647 1752 1715 gubernator
1784 1648 2042 1703 ﬂuctibus
2067 1650 2412 1719 defatigatus,

840 1729 896 1781 in
932 1744 1100 1782 aureo
1143 1734 1340 1786 vestitu
1368 1750 1426 1788 se
1453 1736 1803 1803 ostentabat;
1839 1747 1895 1791 et
1944 1740 2152 1806 apertis
2184 1741 2414 1794 auribus

839 1821 1088 1874 omnium
1117 1838 1304 1876 eorum
1352 1826 1718 1894 petitionibus
1771 1829 2067 1894 annuebat,
2117 1846 2256 1898 quos
2293 1832 2410 1884 adi-

840 1910 1086 1977 piscendi
1144 1914 1360 1983 imperii
1408 1917 1691 1987 adjutores
1737 1918 2027 1984 habuerat,
2079 1931 2134 1974 et
2181 1933 2412 1989 utraque

839 2016 1004 2056 manu
1074 2006 1360 2072 pecuniam
1401 2009 1468 2060 ab
1535 2008 1742 2063 lsaacio
1789 2010 2076 2065 collectam
2117 2013 2415 2081 profunde-

837 2093 976 2154 bat,
1043 2110 1151 2148 non
1214 2099 1571 2152 considerans
1633 2116 1758 2153 cum
1823 2112 2027 2170 quanta
2095 2103 2414 2160 difﬁcultate

839 2193 1030 2250 postea
1080 2187 1445 2256 recolligenda
1502 2198 1731 2243 essetet
1781 2207 1946 2259 quam
2003 2202 2209 2247 temere
2267 2211 2414 2250 nunc

840 2275 1225 2344 dissiparetur.
1289 2278 1425 2333 Cum
1498 2280 1666 2349 igitur
1731 2282 1907 2337 instar
1973 2285 2252 2352 palearum
2318 2297 2414 2340 aut

837 2368 1009 2420 aestivi
1072 2369 1311 2436 pulveris
1356 2370 1614 2426 celeriter
1681 2371 1910 2442 disjecta
1970 2383 2027 2428 et
2085 2377 2140 2428 in
2192 2387 2415 2430 ventres

843 2456 1086 2524 ignavos,
1118 2475 1259 2527 quos
1312 2476 1382 2514 ne
1416 2471 1578 2515 norat
1624 2463 1874 2531 quidem,
1923 2465 2203 2536 insumpta
2247 2481 2413 2532 esset,
2461 2489 2465 2495 ·

841 2558 1048 2602 temere
1085 2550 1379 2604 munificus
1411 2552 1711 2619 imperator
1736 2555 1850 2624 ipse
1880 2557 2099 2610 tandem
2136 2559 2412 2627 profusio-

841 2657 966 2694 nem
996 2657 1148 2695 suam
1189 2643 1454 2698 damnare
1507 2647 1698 2714 cmpit,
1741 2663 1865 2700 cum
1923 2651 2154 2717 pecunia
2207 2661 2412 2720 egeret.

839 2732 973 2800 Ejus
1011 2749 1138 2787 vero
1177 2751 1334 2799 uxor,
1372 2737 1514 2789 virili
1577 2739 1762 2791 animo
1813 2740 2014 2794 mulier
2065 2751 2124 2795 et
2177 2743 2247 2796 ab
2297 2745 2414 2813 ipsa

840 2833 1036 2878 natura
1068 2827 1287 2880 dicendi
1357 2830 1634 2882 suavitate
1696 2839 1753 2884 et
1811 2831 2000 2899 lepore
2044 2844 2260 2898 ornata,
2316 2852 2417 2890 nec

841 2917 908 2969 ad
944 2919 1235 2984 praesentia
1270 2919 1540 2975 duntaxat
1596 2922 1805 2990 optime
1843 2923 2279 2982 administranda
2318 2931 2413 2984 sed

839 3019 896 3062 et
929 3011 994 3062 ad
1027 3010 1207 3064 futura
1246 3013 1585 3081 providenda
1636 3015 2018 3080 solertissima,
2073 3019 2197 3072 aliis
2251 3022 2417 3076 rebus

2515 550 2605 606 οἷα
2656 554 2918 623 ὑφιζάνον
2970 557 3108 626 πρὸς
3164 556 3226 609 τὸ
3287 558 3638 628 Κομνηνικδν
3696 558 3952 627 κλέῖσμα,
3991 560 4104 612 εἴτε

2519 646 2878 711 συναφαντῶν
2907 647 2987 715 τῷ
3022 648 3286 716 όμαίμονι
3333 649 3429 701 καὶ
3472 647 3571 717 τὴν
3621 650 3832 701 ἐκείνου
3867 649 4102 718 ἐπικληο

2518 751 2622 787 σιν.
2684 737 2966 791 Ἁπάντων
3014 735 3348 806 δὀίομένων
3399 740 3537 807 μετά
3587 738 3688 808 τὴν
3737 740 4102 808 ἀναγόρευσιν

2516 825 2716 879 αὐτίκα
2741 830 2834 880 καὶ
2861 830 2961 897 τὴν
2986 829 3097 880 τῶν
3128 831 3471 897 πραγμάτων
3509 830 3794 898 ἠρέμησιν
3846 827 4106 883 ὁπλιτεύ-

2515 932 2646 969 οντα
2699 919 2941 986 φανῆναι
2987 921 3082 972 καὶ
3136 921 3515 990 θυραυλοῦντα
3554 921 3645 972 τδν
3693 918 3953 985 Ἀλέξιον,
4006 924 4105 974 καὶ

2515 1008 2612 1075 οὐχ
2663 1011 2811 1070 ὅπως
2867 1011 3255 1080 ἀντιστήσεται
3301 1013 3414 1074 τοῖς
3446 1013 3505 1063 ἐν
3559 1013 3715 1081 χερσὶ
3750 1012 4102 1081 δυσχερέσιν,

2515 1099 2653 1152 ἀλλά
2686 1103 2780 1152 καὶ
2811 1103 2878 1153 τά
2911 1103 3183 1172 πρότερον
3212 1105 3587 1173 ἡμαρτημένα
3621 1105 3754 1173 πρὸς
3806 1104 3902 1156 τοῦ
3944 1121 4105 1157 κασι-

2517 1188 2717 1256 γνήτου
2750 1189 2825 1258 μὴ
2851 1189 2919 1242 ἄν
2943 1203 3076 1242 ποτε
3107 1191 3440 1258 ἀνασχέσθαι
3461 1192 3810 1261 παροφθῆναί
3838 1193 3889 1242 oi
3915 1195 4102 1244 ὁπωσ-

2517 1280 2612 1332 οῦν
2654 1280 2980 1350 ἀδιόρθωτα,
3051 1283 3146 1335 καὶ
3198 1283 3420 1352 μάλισθ’
3450 1285 3551 1337 ὅσα
3587 1285 3775 1346 κακῶς
3814 1285 3920 1337 ὐπὸ
3963 1287 4105 1356 Βαρ-

2517 1373 2702 1443 ϐάρων
2731 1373 2934 1426 ἔπαθον
2966 1377 3040 1444 μὴ
3068 1373 3162 1427 τὸν
3191 1375 3589 1444 ἀνθιστάμενον
3617 1375 3812 1444 ἔχοντα
3844 1376 3984 1444 μηδέ
4011 1377 4104 1429 τὸν

2517 1463 2671 1531 ὁτεδὴ
2725 1459 3132 1532 παθηνάμενον,
3192 1465 3220 1516 ό
3274 1464 3332 1516 δέ
3386 1465 3525 1534 πρὸς
3579 1466 3727 1518 ᾰπαν
3791 1466 4105 1517 τούναντίον

2521 1554 2895 1623 μεθήρμοστο,
2933 1556 3029 1607 καὶ
3063 1556 3140 1618 ὡς
3170 1555 3232 1608 τὸ
3264 1557 3570 1625 ἀκρότατον
3611 1556 3710 1626 ἤδη
3746 1557 3857 1608 τῶν
3891 1557 4105 1624 ἐφετῶν

2516 1644 2755 1714 εἰληφὼς
2787 1647 2884 1698 καὶ
2934 1646 3071 1716 πρὸς
3117 1647 3147 1699 δ
3195 1647 3364 1701 πάλαι
3395 1648 3455 1701 τὸ
3483 1649 3592 1700 πᾶν
3623 1649 3866 1700 ἐπέτεινε
3901 1649 4107 1718 πρόθυ-

2520 1754 2620 1805 μον
2683 1738 2960 1804 ἐφθακὼς,
3024 1739 3259 1791 ἀνέπεσε
3313 1742 3760 1808 στεφηφορήσας,
3809 1739 3885 1801 ὠς
3941 1739 4106 1809 εἴπερ

2516 1829 2616 1881 οὐκ
2656 1831 2981 1883 ἐπιστασίαν
3033 1831 3259 1900 ἔννομον
3315 1831 3620 1900 ἀνθρώπων
3675 1832 3789 1884 ἀλλ’
3837 1831 4105 1898 εὐπορίαν

2517 1921 2702 1989 χλιδῆς
2738 1922 2834 1975 καὶ
2872 1922 3111 1986 ἀνέσεως
3164 1925 3414 1993 παροχὴν
3464 1923 3566 1981 τὴν
3603 1922 3885 1994 βασιλείαν
3942 1922 4101 1994 ᾤετο.

2515 2011 2728 2064 Οὐκοῦν
2781 2013 2877 2064 καὶ
2924 2014 3025 2082 τὴν
3074 2012 3185 2066 τῶν
3236 2013 3443 2065 κοινῶν
3473 2013 3746 2081 διοίκησιν
3797 2013 4103 2081 παρεικὼς,

2515 2101 2590 2162 ὡς
2623 2102 2684 2152 τὸ
2711 2102 2972 2171 πηδάλιον
3002 2105 3029 2154 ό
3069 2103 3416 2173 κυϐερνήτης
3450 2103 3509 2166 ὃς
3548 2104 3821 2172 ἀπείρηκε
3869 2104 4009 2171 πρὸς
4039 2108 4106 2156 τὰ

2516 2191 2762 2260 κύματα,
2811 2193 3174 2262 χρυσοφορῶν
3202 2190 3269 2261 ἦν
3301 2196 3405 2249 καὶ,
3447 2195 3548 2262 τὴν
3593 2193 3764 2263 ἀκοὴν
3796 2194 3929 2262 ὃλην
3974 2195 4108 2245 ἀνα-

2516 2286 2786 2345 πεταννὺς
2836 2287 2930 2337 καὶ
2982 2287 3165 2338 πᾶσαν
3197 2285 3442 2349 ἔντευξιν
3473 2285 3842 2356 χαριζόμενος
3892 2287 4011 2347 τοῖς
4041 2288 4106 2338 ἐκ

2515 2374 2615 2442 τῆς
2665 2375 2881 2444 μερίδος
2911 2377 3020 2428 τῶν
3053 2377 3526 2445 συνεφαψαμένων
3557 2376 3708 2445 αὐτῷ
3753 2377 3854 2444 τῆς
3905 2377 4103 2446 ἀρχῆςν

2516 2466 2612 2518 καὶ
2641 2467 2878 2534 ἀφειδῶς
2904 2468 3249 2537 ἀμφοτέραις
3279 2467 3545 2536 ἀπήντλει
3575 2469 3642 2519 τά
3669 2469 3930 2536 χρήματα
3958 2466 4105 2534 ἅπερ

2518 2558 2802 2624 συνέλεξεν
2841 2558 3134 2624 Ἰσαάκιος,
3170 2559 3293 2610 οὐτε
3350 2559 3449 2629 τὴν
3480 2558 3695 2628 ἐργώδη
3728 2558 3938 2610 τούτων
3987 2559 4106 2609 eia-

2519 2650 2715 2702 έπειτα
2767 2653 3092 2719 συναγωγὴν
3141 2651 3516 2718 σκοπούμενος
3545 2649 3667 2701 οὐδέ
3697 2651 3797 2717 τὴν
3843 2649 4106 2716 διακενῆς

2514 2741 2820 2809 ἀπόκτησιν
2886 2739 3305 2810 εὐλαϐούμενος.
3367 2737 3458 2807 Τῷ
3517 2753 3602 2788 τοι
3657 2737 4105 2804 διαφορηθέντων

2515 2831 2672 2900 δίκην
2705 2832 2982 2900 ἀχυρμιᾶς
3033 2834 3126 2883 καὶ.
3160 2831 3303 2883 κατὰ
3336 2829 3557 2900 θερινὴν
3587 2829 3733 2881 κόνιν
3766 2830 4107 2898 ἐσκεδασμέ-

2517 2939 2623 2974 νων
2687 2923 2898 2991 ταχέως
2956 2924 3093 2990 πρὸς
3154 2922 3329 2990 ἀργὰς
3407 2921 3680 2990 γαστέρας
3745 2921 3810 2981 ἃς
3869 2922 3982 2972 οὐδ’
4036 2918 4102 2990 ἦν

2518 3013 2903 3081 ἐπιστάμενος,
2965 3016 2994 3063 ό
3043 3016 3108 3082 τῇ
3166 3012 3459 3080 φιλοδωρίᾳ
3527 3012 3929 3080 προσκείμενος
3979 3014 4102 3082 εἰκῇ,

843 3103 1124 3156 teterrima
1169 3106 1338 3172 pestis
1388 3106 1508 3158 fuit.
1578 3107 1769 3176 Neque
1813 3123 1964 3162 nunc
2018 3109 2085 3164 de
2141 3114 2414 3180 exquisito
2447 3129 2488 3186 ο
2521 3123 2543 3156 ο

2404 3131 2414 3166 ι
2447 3129 2488 3186 C
2521 3104 2877 3173 αὐτοκράτωρ
2902 3103 3096 3155 ἑαυτὸν
3129 3103 3229 3169 τῆς
3262 3102 3499 3162 ἀσωτίας
3530 3101 3811 3168 ἐμέμφετο
3847 3099 4104 3169 ὕστερον,

842 3203 1038 3246 ornatu
1081 3204 1136 3247 et
1177 3194 1308 3247 luxu
1351 3197 1501 3264 regio
1558 3197 1777 3265 loquor,
1831 3214 2010 3266 neque
2067 3199 2134 3255 de
2164 3216 2231 3255 eo
2266 3205 2414 3271 quod

844 3285 1046 3351 ingenii
1103 3284 1368 3340 felicitate
1433 3288 1487 3340 in
1549 3290 1814 3343 mutando
1871 3301 2094 3360 recepto
2160 3304 2300 3348 statu
2363 3306 2420 3350 et

842 3371 1007 3423 rebus
1036 3372 1301 3427 novandis
1359 3375 1619 3428 maritum
1679 3379 1975 3446 superabat
2037 3381 2217 3449 (nam
2279 3385 2416 3452 haec,

842 3463 945 3514 etsi
997 3477 1103 3515 non
1165 3465 1364 3519 decora
1407 3467 1753 3531 mulieribus,
1820 3471 2027 3539 reginis
2091 3478 2417 3542 praesertim,

846 3563 1026 3607 tamen
1079 3559 1458 3624 praetereunda
1491 3562 1762 3629 censeo),
1803 3562 1897 3616 sed
1952 3563 2020 3616 de
2059 3565 2419 3633 impudicitiae

844 3646 1052 3713 probro
1107 3656 1271 3715 atque
1327 3649 1551 3704 infamia
1589 3653 1754 3721 607
1789 3669 1897 3723 qua
1953 3658 2209 3711 maritum
2241 3661 2418 3716 deho-

848 3739 1118 3792 nestabat.
1163 3739 1265 3805 Qui
1335 3757 1460 3795 cum
1522 3742 1680 3796 initio
1739 3744 1792 3798 id
1867 3746 2111 3802 dedecus
2177 3750 2321 3805 scire
2367 3764 2424 3808 et

845 3827 1193 3884 dissimulare
1257 3832 1327 3886 ab
1399 3833 1658 3887 omnibus
1717 3843 2053 3903 putaretur,
2123 3849 2304 3894 tamen
2357 3858 2418 3896 ea

847 3919 1089 3974 facinora
1157 3935 1217 3976 se
1290 3922 1619 3992 ignorasse,
1692 3937 1883 3994 postea
1961 3944 2086 3981 cum
2143 3931 2419 3998 publicata

841 4019 1055 4073 essent,
1116 4009 1433 4078 declaravit,
1478 4026 1538 4066 ut
1587 4031 1690 4069 suo
1751 4029 1999 4086 tempore
2051 4023 2418 4080 narrabimus.

847 4100 980 4153 Cum
1059 4103 1228 4171 igitur
1296 4104 1615 4173 imperatrix
1687 4107 1901 4164 limites
1985 4113 2296 4168 transiliret
2367 4125 2423 4171 et

846 4191 1193 4259 superiorum
1247 4192 1616 4264 Augustarum
1679 4199 1930 4255 instituta
1999 4214 2420 4270 contemneret,

847 4282 1138 4349 imperium
1193 4285 1353 4353 plane
1396 4287 1447 4339 in
1480 4288 1619 4341 duos
1651 4290 1993 4359 principatus
2022 4301 2109 4345 est
2156 4293 2420 4350 divisum.

2523 3196 2686 3265 ἡνίκα
2739 3195 3044 3264 χρημάτων
3089 3195 3361 3262 ἐχάτιζεν.
3390 3187 3497 3244 ἾΙν
3526 3192 3582 3243 δὲ
3632 3195 3726 3243 καὶ
3751 3195 3781 3259 ἡ
3811 3192 3909 3244 τοῦ
3948 3193 4103 3260 βασι-

2522 3286 2658 3348 λέως
2682 3286 2836 3338 τοῦδε
2867 3287 3079 3346 ἄκοιτις
3111 3287 3172 3337 τὸ
3202 3287 3302 3352 μὲν
3327 3285 3582 3354 φρόνημα
3617 3285 3712 3335 καὶ
3739 3283 3858 3335 λίαν
3894 3285 4104 3353 ἀνδρώ-

2520 3381 2617 3452 δης
2668 3384 2764 3435 καὶ
2814 3381 3062 3448 γλῶτταν
3101 3380 3391 3447 αὐτοφυῶς
3451 3377 3697 3447 αὐχούσα
3756 3379 4101 3446 σοφιστικὴν,

2523 3476 2707 3543 χάρισι
2753 3472 3140 3541 διηνθισμένην
3175 3471 3269 3522 καὶ
3321 3470 3717 3539 περιθεομένην
3775 3469 4103 3538 γλυκύτητι.

2524 3562 2606 3634 [Ρ.
2637 3560 2781 3633 296]
2815 3562 2910 3614 καὶ
2960 3561 3278 3631 προγνῶναι
3313 3561 3377 3612 τὸ
3430 3559 3621 3627 μέλλον
3659 3560 3969 3627 ἱκανωτάτη
4010 3561 4104 3610 καὶ

2522 3657 2585 3710 τὸ
2630 3655 2862 3719 ἐνεστὼς
2896 3655 3137 3725 ἀρίστως
3184 3654 3478 3721 διοικήσειν
3531 3652 3897 3720 ἐπισταμένη,
3940 3653 4009 3704 τά
4059 3651 4103 3703 δ’

2522 3753 2656 3807 ἀλλα
2694 3753 2862 3805 κακὸν
2894 3750 3199 3818 διωλύγιον,
3235 3748 3296 3800 οὐ
3331 3764 3473 3816 φημι
3517 3748 3617 3808 τὰς
3644 3746 3964 3815 κομμώσεις
4011 3747 4106 3796 καὶ

2526 3845 2801 3916 βασιλείας
2840 3841 3310 3911 καθηδυπάθησιν,
3355 3841 3450 3894 καλ⁵
3483 3841 3544 3891 τὸ
3590 3837 3800 3907 ἰσχύειν
3833 3838 3977 3904 ὺπέρ
4011 3836 4103 3887 τὸν

2520 3937 2821 4007 ὁμευνέτην
2845 3935 3036 4004 εὐροίᾳ
3065 3934 3282 4002 φύσεως
3315 3935 3670 4002 μετενεγκεῖν
3689 3931 3756 3982 τά
3780 3929 4103 3982 καθεστῶτα

2523 4027 2619 4080 καὶ
2651 4027 2726 4096 μὴ
2754 4026 2886 4077 ὅντα
2914 4022 3231 4092 ἐπεξευρεῖν
3261 4023 3457 4092 (ταῦτα
3483 4024 3590 4090 γὰρ
3625 4023 3685 4072 οὐ
3717 4021 3806 4072 διὰ
3843 4020 4004 4085 λόγου
4041 4025 4102 4086 τῇ

2526 4120 2759 4188 ἱστορίᾳ,
2805 4118 2906 4170 κᾶν
2956 4113 3068 4168 εἷεν
3105 4115 3352 4183 γυναιξὶν
3382 4115 3478 4182 οὐχ
3513 4113 3769 4182 ἁρμόδια,
3801 4112 3896 4163 καὶ
3946 4110 4100 4179 βασι-

2520 4213 2739 4272 λίσσαις
2791 4210 2901 4279 (Η)
2959 4207 3170 4272 οίαισδὴ
3231 4205 3669 4275 προσεγένετο),
3726 4201 3842 4254 ἀλλ’
3899 4202 3985 4253 ὅτι
4047 4201 4104 4252 τὸ

2522 4302 2787 4371 κάλυμμα
2810 4301 2906 4369 τῆς
2933 4299 3115 4359 αίδοῦς
3141 4299 3459 4354 ἀτιμάσασα
3486 4294 3764 4358 είλκύζετο
3799 4293 3893 4346 καὶ
3927 4293 4106 4344 διεσύ-

844 4371 1032 4440 Neque
1081 4375 1228 4428 enim
1295 4379 1590 4445 imperator
1647 4380 1914 4434 duntaxat
1972 4383 2237 4452 quicquid
2304 4396 2422 4440 erat
2456 4414 2544 4465 βε

2403 4396 2422 4440 ι
2456 4457 2488 4465 ᾗ
2530 4396 2740 4465 ρίττετο
2769 4393 2864 4445 καὶ
2900 4392 2978 4453 είς
3017 4391 3219 4451 ὄνειδος
3249 4385 3317 4456 ἦν
3345 4388 3422 4455 τῷ
3469 4389 3676 4453 ταύτην
3708 4386 4101 4454 ἁρμοσαμένῳ.

841 4462 1062 4519 libitum
1097 4466 1427 4533 mandabat:
1455 4469 1552 4523 sed
1585 4470 1676 4523 illa
1723 4472 1886 4524 etiam
1919 4475 2036 4542 pari
2068 4476 2416 4538 auctoritate.
2456 4457 2499 4513 Ῐ)
2533 4457 2541 4465 ’

2404 4519 2416 4538 ο
2456 4457 2499 4513 D
2533 4457 2598 4536 ’Ὀ
2627 4483 2684 4535 δὲ
2733 4483 2802 4533 τά
2836 4480 2936 4548 μὲν
2985 4478 3178 4547 πρῶτα
3211 4478 3414 4529 ειδέναι
3460 4477 3530 4527 τὰ
3563 4475 3915 4543 ἀτοπούμενα
3953 4477 4104 4542 παρὰ

844 4571 968 4624 qua:
1003 4557 1123 4610 visa
1170 4567 1352 4620 erant,
1415 4560 1746 4628 peragebat,
1791 4561 1902 4614 imo
1957 4563 2254 4630 aliquando
2318 4582 2418 4634 pro

845 4661 946 4700 sua
1019 4645 1250 4701 libidine
1311 4649 1460 4701 illitis
1492 4649 1662 4717 jussis
1722 4650 2112 4705 intercedebat.
2172 4652 2238 4704 Et
2293 4669 2418 4708 eum

846 4738 1096 4790 maximat
1134 4737 1438 4806 legationes
1475 4738 1768 4793 audiendas
1801 4748 1978 4804 erant,
2017 4741 2126 4795 duo
2178 4743 2418 4811 pretiosa

844 4829 982 4883 solia
1027 4829 1523 4899 conjungebantur,
1551 4838 1606 4883 et
1659 4830 1748 4883 illa
1788 4833 1984 4884 nrarito
2051 4847 2174 4885 cum
2225 4850 2417 4902 magno

845 4921 1143 4989 splendore
1191 4937 1255 4974 ac
1305 4923 1510 4989 pileolo
1552 4923 1785 4990 gemmis
1838 4934 1890 4975 et
1934 4925 2240 4992 perspicuis
2275 4943 2420 4978 mar-

844 5012 1036 5080 garitis
1065 5023 1262 5066 ornato
1285 5014 1584 5074 assidebat,
1641 5023 1697 5065 et
1725 5023 1949 5080 torques
1983 5017 2417 5083 pretiosissimos

845 5107 912 5157 dc
969 5104 1110 5156 collo
1166 5105 1558 5172 suspendebat.
1638 5104 1945 5174 Aliquando
1983 5108 2147 5159 etiam
2192 5108 2246 5159 in
2301 5109 2423 5160 aliis

848 5196 1065 5263 palatiis
1092 5194 1328 5265 sejuncti
1367 5213 1464 5264 per
1523 5198 1675 5250 vices
1731 5196 2127 5258 adorabantur,
2180 5196 2421 5249 subditis

845 5289 913 5340 ab
974 5288 1308 5354 imperatore
1341 5287 1407 5341 ad
1445 5288 1590 5340 illam
1618 5289 1960 5341 salutandam
2005 5289 2419 5341 transeuntibus

846 5385 900 5427 et
933 5391 1108 5444 genua
1151 5377 1480 5431 submissius
1511 5377 1884 5432 flectentibus.
1930 5377 2190 5433 Nonnulli
2251 5377 2415 5430 etiam

850 5468 1202 5536 imperatoris
1232 5471 1649 5539 consanguinei,
1679 5471 1772 5538 qui
1795 5487 2034 5524 summos
2069 5472 2418 5540 magistratus

2518 4569 2687 4620 πᾶσιν
2738 4565 3008 4628 ἐκρίνετο,
3061 4564 3176 4622 τοῖς
3227 4563 3271 4612 δ’
3313 4559 3571 4627 ἀγνοοῦσι
3622 4559 4102 4628 σχηματίζεσθαι·

2518 4656 2580 4718 ἐξ
2624 4651 2698 4707 ὧν
2751 4654 2793 4706 δ’
2831 4653 3060 4721 ὕστερον
3102 4652 3434 4718 διεπεπράχε
3453 4668 3492 4708 ι,
3540 4652 3630 4701 ὅτε
3681 4648 3750 4700 τά
3804 4651 3951 4702 κατά
4007 4652 4106 4716 τὴν

2521 4745 2769 4796 σύνοικον
2823 4743 3116 4810 γεγόνασιν
3149 4740 3422 4801 ἔκπυστα,
3461 4739 3651 4806 σαφῶς
3689 4740 3974 4796 ὑπέδειξεν
4031 4742 4107 4800 ὼς

2517 4837 2670 4888 οὐδὲν
2699 4835 2808 4886 τῶν
2839 4834 3206 4902 τολμωμένων
3233 4833 3524 4900 ἠπίστατο.
3560 4831 3802 4898 Δηλώσει
3841 4832 3900 4883 δέ
3927 4832 4104 4884 ταῦτα

2520 4928 2580 4978 τὸ
2607 4928 2785 4992 λέγειν
2815 4926 2956 4976 κατὰ
2985 4925 3076 4975 τὸν
3104 4925 3304 4974 οἰκεῖον
3340 4924 3556 4990 καιρόν.
3592 4922 3706 4990 Τῆς
3737 4922 3918 4972 τοίνυν
3950 4921 4106 4987 βασι-

2521 5017 2661 5077 λίδος
2691 5018 2817 5076 τοὺς
2850 5016 3011 5084 ὅρους
3051 5013 3492 5084 ὐπερὸαινούσης
3544 5013 3642 5062 καὶ
3697 5012 3763 5062 τὰ
3814 5012 3938 5072 ταῖς
3975 5013 4104 5077 πρὶν

2522 5106 2863 5172 Αὐγούσταις
2921 5105 3206 5173 Ῥωμαίων
3262 5103 3426 5171 ἔθιμα
3481 5098 3782 5170 ἀδοξούσης
3817 5140 3831 5162 ,
3875 5103 3958 5162 είς
4012 5102 4105 5152 δύο

2521 5197 2759 5265 ἀτεχνῶς
2805 5198 2978 5266 ἀρχὰς
3014 5197 3046 5264 ἠ
3091 5196 3342 5264 βασιλεία
3373 5193 3599 5264 διῄρητο
3624 5211 3640 5226 θ
3671 5194 3732 5244 οὐ
3768 5192 3881 5260 γάρ
3912 5194 3942 5244 δ
3971 5211 4102 5263 xpu-

2526 5295 2633 5336 τῶν
2670 5285 2828 5352 μόνον
2875 5287 3046 5337 ὁπόσα
3100 5287 3287 5355 ᾑρεῖτο
3330 5286 3689 5349 διεκελεύετο,
3723 5283 3862 5336 ἀλλὰ
3908 5301 4104 5337 ταυτο-

2524 5378 2776 5443 δυνάμως
2824 5377 2995 5445 τούτῳ
3031 5380 3256 5447 κάκείνη
3310 5378 3378 5428 τὰ
3421 5379 3559 5446 πρὸς
3592 5377 3792 5446 βουλῆς
3842 5378 4103 5444 διεπράτ-

2533 5484 2681 5527 τετο,
2731 5471 2788 5518 ἐν
2845 5470 3059 5532 πολλοῖς
3105 5471 3159 5520 δὲ
3210 5472 3302 5521 καὶ
3341 5471 3530 5522 ἀνέλυε
3570 5471 3704 5539 πρὸς
3759 5469 3820 5521 τὸ
3860 5469 4101 5538 θυμῆρες

2137 5591 2308 5651 IIier.
2353 5586 2557 5646 Wolﬁi
2599 5596 2792 5647 notae.

923 5691 1035 5760 tu)
1068 5695 1219 5748 Alter
1245 5691 1330 5759 (Ai
1362 5696 1430 5746 de
1459 5694 1818 5762 impmlic'tia,
1854 5697 1994 5748 alter
2025 5695 2108 5754 (Β)
2150 5693 2218 5746 de
2248 5695 2585 5761 impudentia
2616 5709 2668 5752 et
2703 5694 3048 5753 immodestia
3082 5694 3134 5748 in
3173 5694 3510 5763 singultibus
3583 5705 3639 5747 et
3701 5695 3950 5748 ructibns
4021 5695 4098 5744 vi-

847 5761 1014 5815 detur
1043 5765 1209 5834 loqui.
1244 5765 1376 5818 Nam
1409 5761 1634 5818 barbara
1669 5767 1781 5818 lucc
1812 5783 1916 5819 nun
1950 5767 2080 5818 satis
2113 5764 2377 5833 intelligo.
