4292 6396
825 391 932 452 835

2043 381 2338 442 NICET/E
2378 381 2787 442 ΟΗΟΝΙᾹΤᾹΞ.

3958 389 4063 447 835

825 495 1085 552 leseentis
1103 493 1454 556 miserentur,
1474 489 1559 544 cui
1580 503 1807 560 regnum
1825 489 2395 558 proavitumdehetur,
2423 500 2474 558 Α
2501 508 2520 541 1

2371 506 2395 554 ’,
2423 500 2474 558 Α
2501 492 2862 556 πενεγκόντος
2893 490 3026 544 ποτὶ
3054 491 3132 554 ὡς
3161 490 3190 542 6
3225 489 3322 544 τοῦ
3352 491 3752 564 αὐτοκράτορος
3785 496 3904 557 υίὸς
3941 498 4066 549 Ma.

823 604 936 658 quo
965 599 1144 642 tamen
1175 601 1280 640 una
1303 598 1428 638 cum
1453 583 1634 651 patria
1669 597 1767 650 per
1805 580 2060 650 injuriam
2100 591 2183 635 est
2213 581 2396 649 priva-

827 689 937 734 tus.
975 698 994 731 ι
1029 678 1219 745 Itaque
1244 674 1439 728 videns
1491 675 1790 742 imperator
1848 688 1907 727 se
1956 671 2093 725 nihil
2126 685 2221 726 sua
2258 685 2394 738 pra:-

825 773 998 825 sentia
1052 769 1342 836 prolicere,
1391 767 1629 821 castellis
1674 765 1988 833 praeteritis,
2024 778 2257 828 quorum
2287 763 2393 816 alia

819 865 893 915 ab
933 861 1120 914 Alexio
1147 859 1376 912 dimovit
1422 858 1526 910 alia
1576 856 1822 908 incendit
1875 864 1936 908 ut
1983 855 2244 908 seditioso
2295 854 2394 906 ad-

820 952 987 1012 dicta,
1024 951 1076 1002 in
1115 949 1306 1002 urbem
1338 948 1519 1010 rediit,
1562 946 1910 1014 expeditione
1936 944 2154 998 duobus
2193 945 2397 998 mensi-

821 1046 925 1098 bus
944 1046 1258 1107 terminata,
1282 1053 1335 1095 et
1352 1043 1556 1095 Ciliciae
1580 1042 1747 1095 rebus
1761 1039 1992 1093 Manueli
2011 1039 2394 1093 Cantacuzeno

819 1136 1115 1190 mandatis.
1150 1135 1253 1188 Sed
1283 1149 1406 1186 cum
1440 1149 1508 1187 ne
1545 1134 1594 1187 is
1614 1133 1834 1201 quidem
1858 1140 2046 1199 aperte
2077 1131 2153 1183 illi
2188 1130 2392 1183 bellum

822 1227 1074 1288 inferret,
1106 1224 1360 1293 quamvis
1395 1225 1572 1278 Persae
1611 1224 1829 1276 auxiliis
1863 1222 2098 1276 subinde
2122 1222 2391 1275 crescenti

818 1325 874 1370 et
908 1333 936 1368 a
963 1315 1201 1369 castellis
1241 1316 1470 1384 Ancyrae
1509 1315 1755 1366 ﬁnitimis
1778 1314 2034 1366 omnibus
2063 1323 2158 1366 aut
2200 1313 2392 1366 saltem

818 1407 1072 1474 pluribus
1102 1408 1304 1459 tributa
1358 1407 1616 1476 exigenti,
1658 1406 1936 1458 diuturnis
1989 1407 2176 1472 utique
2231 1404 2393 1456 malis

819 1497 1098 1550 Romanos
1133 1497 1430 1549 allecturus
1486 1496 1577 1549 ille
1629 1495 1755 1559 fuit,
1792 1495 1895 1547 nisi
1939 1494 2053 1548 Deo
2108 1508 2248 1546 nova
2304 1494 2395 1548 hic

817 1602 1038 1654 quoque
1074 1589 1288 1639 ratione
1338 1587 1512 1640 nostri
1562 1588 1808 1647 miserto,
1843 1585 1898 1637 in
1928 1585 2154 1637 castello
2181 1584 2392 1652 Zungra

819 1690 982 1729 noctu
1023 1679 1302 1745 jugulatus
1337 1693 1365 1728 a
1389 1677 1625 1745 quodam
1665 1677 1880 1730 fuisset.
1921 1678 2010 1729 Sic
2041 1676 2274 1744 lulguris
2306 1677 2392 1726 iu-

818 1779 932 1819 star
972 1769 1158 1820 subito
1214 1777 1271 1819 et
1325 1769 1554 1820 emicuit
1601 1777 1656 1820 et
1703 1768 1946 1831 evanuit,
1991 1775 2085 1818 aut
2122 1774 2182 1818 ut
2232 1765 2394 1817 ﬂatus

2499 581 2661 651 νουὴλ
2696 581 2863 633 πάλαι
2891 582 3100 634 ἀπεϐίω
3131 583 3346 652 θανάτῳ
3367 576 3411 649 ᾧ
3436 584 3500 652 δὴ
3530 587 3664 654 πρὸς
3720 587 4067 646 Ἀνδρονίκου

2498 673 2944 734 καταδεδίκαστο,
2979 674 3006 724 6
3035 673 3091 725 δὲ
3124 675 3217 725 νῦν
3245 673 3484 743 προσιὼν
3508 673 3661 739 οὗτος
3699 677 3901 738 πλάνος
3948 678 4072 730 ἐστὶ

2497 771 2591 818 καὶ
2623 766 2716 819 τοῦ
2739 767 2849 818 τῶν
2878 766 3178 836 Κομνηνῶν
3210 770 3399 833 γένους
3423 770 3726 839 ἀλλότριος,
3761 774 3809 824 εί
3831 773 3877 824 δ’
3913 774 4069 824 ἐκεῖ-

2497 876 2584 911 νον
2618 857 2732 926 δοίη
2775 872 2856 918 τις
2880 857 2981 925 ζῇν
3009 860 3102 910 καὶ
3134 857 3319 910 τοῦτον
3341 856 3480 912 εἶναι
3511 863 3603 914 τὸν
3647 863 3892 927 ἐπιόντα,
3946 862 4068 918 ἀλλ’

2497 950 2659 1012 αὐτὸς
2696 950 2886 1018 ἄρχειν
2915 949 3183 1020 δήπουθεν
3210 950 3544 1021 δικαιότερος
3596 956 3623 1004 6
3681 953 3874 1006 καὶτὰ
3925 954 4072 1006 Ῥωο

2499 1043 2674 1110 μαίων
2700 1043 2952 1112 σκῆπτρα
2978 1042 3232 1112 χειρίξων
3278 1045 3414 1105 νυνὶ,
3463 1045 3792 1098 ἐπελάϐοντο
3833 1046 3944 1097 τῶν
3983 1046 4073 1096 λό-

2495 1151 2607 1194 γων
2628 1135 2675 1184 οἱ
2716 1133 3075 1202 ἀκροώμενοι,
3121 1134 3215 1186 καὶ
3258 1135 3352 1186 ἀπ’
3371 1136 3551 1187 αὐτῶν
3577 1137 3933 1205 πορισάμενοι
3967 1139 4074 1205 τὴν

2499 1225 2775 1277 ἀντίθεσιν
2811 1227 2980 1294 «Δρᾷς
3005 1244 3022 1276 ι
3059 1225 3271 1292 ἔλεγον,
3310 1245 3328 1276 ι
3360 1227 3599 1296 βασιλεῦ,
3647 1229 3724 1290 ώς
3775 1229 3861 1297 ἀρ’
3893 1232 4074 1297 ἀμφι-

2497 1319 2672 1382 γνοεῑς
2723 1317 2816 1369 καὶ
2855 1320 2918 1368 σὺ
2951 1318 3080 1383 περὶ
3109 1317 3202 1369 τοῦ
3241 1320 3448 1381 παιδὸς,
3475 1321 3566 1371 καὶ
3601 1319 3692 1370 τὸν
3729 1321 3940 1372 ἐκείνου
3973 1319 4074 1370 θάι

2499 1425 2657 1460 νατον
2697 1407 3044 1476 ἀμφήριστον
3081 1410 3324 1478 ἧγησαις
3357 1411 3447 1478 Μὴ
3478 1407 3572 1463 οὖν
3613 1411 3908 1480 χαλέπαινε
3953 1412 4074 1470 τοῖς

2496 1498 2584 1546 τὸν
2610 1497 2824 1547 νεανίαν
2852 1497 3212 1566 οίκτείρουσιν
3232 1499 3295 1549 ἐκ
3326 1500 3425 1565 μὲν
3446 1500 3724 1564 τριγονίας
3751 1497 3849 1568 τὴν
3905 1497 4071 1565 βασι-

2495 1587 2642 1639 λείαν
2663 1589 2720 1647 ἐς
2747 1586 2910 1638 αὑτὸν
2939 1588 3373 1639 καταϐαίνουσαν
3409 1587 3621 1656 ἔχοντα,
3650 1591 3824 1657 ἀρχῆς
3851 1587 3896 1638 δ’
3924 1587 4067 1656 ὁμοῦ

2495 1679 2588 1727 καὶ
2644 1675 2898 1744 πατρίδος
2957 1676 3106 1746 παρά
3157 1676 3316 1744 δίκην
3360 1678 3829 1744 ἀποπλαζόμενον.
3861 1696 3881 1727 ι
3913 1676 4067 1728 Ἰδὼν

2494 1766 2673 1816 τοίνυν
2722 1769 2749 1817 6
2780 1765 3033 1834 βασιλεὺς
3081 1767 3154 1828 ὡς
3189 1769 3342 1820 οὐδὲν
3374 1769 3592 1836 ὠφελεῖ,
3628 1772 3723 1823 καὶ
3750 1773 3846 1839 τὴν
3896 1771 4068 1830 αὐτὸς

819 1861 1116 1913 vehemens
1147 1875 1212 1912 ex
1251 1871 1411 1912 antro
1458 1859 1692 1929 Corycio
1726 1874 2042 1926 erumpens,
2078 1858 2174 1926 qui
2225 1859 2388 1925 paulo
2419 1876 2460 1928 Β
2494 1874 2514 1908 a

2371 1872 2460 1928 )B
2494 1856 2658 1908 αὑτοῦ
2713 1859 3014 1924 παρουσίαν
3069 1860 3155 1912 ἐπ’
3213 1861 3389 1912 οὐδενὶ
3449 1862 3725 1932 κερδαλέῳ
3776 1861 4066 1914 κατανοῶν

818 1959 941 2019 post
974 1951 1028 2003 in
1062 1961 1272 2018 partem
1305 1950 1537 2004 Romani
1575 1950 1791 2018 imperii
1851 1950 2232 2004 conturbatam
2295 1963 2390 2001 sa:-

817 2041 932 2094 vire
964 2043 1148 2098 desiit.

2494 1949 2758 2014 γίνεσθαι,
2792 1951 2859 2001 τὰ
2897 1951 3133 2020 φρούρια
3169 1953 3473 2023 παρελθὼν,
3516 1960 3608 2007 καὶ
3647 1954 3685 2007 ἃ
3730 1956 3826 2023 μὲν
3853 1954 4067 2004 τούτων

2496 2043 2811 2111 ἀποστήσας
2844 2045 2935 2095 τοῦ
2996 2045 3249 2110 Ἀλεξίου,
3293 2047 3327 2100 ἃ
3372 2048 3430 2098 δὲ
3481 2051 3614 2117 πυρὶ
3671 2050 3946 2119 παραδοὺς
3989 2045 4068 2108 ὡς

816 2133 893 2200 τῷ
937 2135 1174 2204 ἁντάρτῃ
1210 2134 1614 2204 προσρέποντα,
1648 2134 1907 2186 ἐπανόδου
1941 2133 2236 2203 ἐμνήσατο,
2276 2133 2396 2185 δυσὶ
2434 2134 2530 2200 τὴν
2596 2137 2950 2205 ἐκστρατείαν
3020 2138 3367 2207 περιγράψας
3409 2143 3541 2210 μησὶ
3563 2143 3654 2192 καὶ
3679 2141 3745 2194 τά
3793 2143 3938 2193 κατά
3969 2158 4066 2192 τον

820 2226 1018 2276 Κίλικα
1058 2225 1298 2289 Ἀλὲξιον
1328 2225 1628 2292 ἐπιτρέψας
1663 2227 1741 2294 τῷ
1785 2225 2221 2294 Καντακουζηνῷ
2262 2225 2540 2292 Μανουήλ.
2604 2226 2747 2294 Πλὴν
2780 2228 2889 2279 οὐδ’
2948 2222 3102 2291 οὗτος
3133 2231 3392 2299 ἐξήνεγκε
3446 2233 3680 2302 πόλεμον
3731 2235 3850 2287 κατ’
3891 2235 4068 2288 αὑτοῦ

822 2317 1094 2388 προφανῆ,
1129 2319 1332 2384 καίπερ
1361 2317 1843 2386 ὲμπλατυνομένου
1874 2319 1960 2369 ἀεὶ
2026 2320 2091 2386 τῇ
2165 2319 2458 2388 ἐπικουρίᾳ
2496 2318 2586 2370 τοῦ
2645 2320 2876 2389 Πέρσου,
2919 2325 3010 2374 καί
3049 2324 3154 2374 τῶν
3189 2323 3274 2393 IP.
3311 2324 3436 2395 298]
3465 2330 3590 2395 περὶ
3625 2329 3726 2397 τὴν
3777 2329 4070 2398 ’Ἄγκυραν

824 2412 1092 2480 φρουρίων
1151 2409 1575 2478 φορολογοῦντος
1633 2411 1701 2461 τὰ
1757 2411 1934 2462 πάντα
2004 2409 2037 2477 ἧ
2105 2409 2172 2461 τά
2215 2410 2455 2464 πλείονα.
2497 2408 2600 2465 Ἶιν
2638 2414 2681 2464 δ’
2711 2415 2776 2467 ἂν
2802 2419 2896 2468 καὶ
2919 2414 3072 2481 οὗτος
3103 2421 3193 2471 ἐπὶ
3216 2423 3426 2489 μακρὸν
3450 2423 3722 2493 ἀμήχανον
3767 2423 4069 2492 Ῥωμαίοις

821 2506 1007 2567 κακὸν,
1061 2507 1107 2555 εἰ
1150 2506 1223 2575 μὴ
1258 2504 1388 2567 Θεὸς
1424 2507 1700 2557 κάνταῦθα
1749 2507 1938 2572 φανεὶς
1977 2507 2300 2574 καινουργὸς
2361 2507 2429 2558 τὰ
2480 2509 2768 2576 Ῥωμαίων
2824 2513 3059 2583 ᾤκτειρε
3117 2517 3457 2585 πράγματα·
3509 2521 3568 2569 τὸ
3629 2521 3735 2588 γάρ
3796 2521 4068 2589 φρούριον

818 2599 1003 2650 εἰσιὼν
1035 2597 1063 2649 ὃ
1095 2596 1385 2665 Τζούγγρα
1412 2596 1864 2664 κατονομάζεται,
1885 2599 2078 2660 νυκτὸς
2111 2600 2516 2666 ἀποσφάττεται
2550 2605 2789 2673 μαχαίρᾳ
2816 2606 2968 2674 παρά
2987 2625 3149 2670 τινος.
3179 2608 3334 2661 Οὕτω
3355 2609 3451 2678 μὲν
3477 2607 3566 2664 οὖν
3594 2614 3686 2664 καὶ
3711 2608 3858 2675 οὗτος
3877 2614 4064 2680 may-

819 2706 1005 2753 τωται,
1036 2690 1174 2740 κατά
1199 2689 1360 2754 τάχος
1390 2688 1676 2755 ἀστραπῆς
1708 2690 1914 2755 διαῖξας
1949 2691 2044 2743 καὶ
2072 2692 2232 2744 πάλιν
2269 2693 2624 2761 ἀποκρυϐεὶς,
2653 2696 2684 2764 ἥ
2711 2697 2839 2763 γοῦν
2864 2699 2938 2760 ὡς
2959 2701 3022 2751 ἐκ
3041 2695 3286 2753 Κιλικῖου
3311 2703 3594 2770 Κωρυκίου
3617 2705 3829 2766 πνεῦμα
3882 2704 4065 2770 βίαιον

819 2784 1174 2842 διεκπνεύσας
1204 2785 1297 2834 καὶ
1316 2784 1476 2852 μέρος
1520 2781 1618 2849 τῆς
1656 2784 1758 2832 ὑπὸ
1774 2783 2073 2851 Ῥωμαίους
2098 2783 2461 2852 διακυκήσας,
2493 2788 2631 2856 μετά
2653 2789 2824 2858 βραχὺ
2849 2791 3229 2861 διεκφυσηθεὶς
3261 2797 3532 2847 ἐπαύσατο
3564 2797 3657 2864 τῆς
3683 2797 4068 2865 σφοδρότητος.

891 2879 1001 2931 lloc
1031 2879 1233 2930 malum
1274 2894 1303 2930 e
1357 2879 1589 2945 vestigio
1625 2878 1772 2930 aliud
1807 2879 2102 2946 pessimum
2141 2891 2226 2934 est
2258 2895 2392 2933 con-

821 2979 1108 3033 secutum;
1149 2980 1204 3021 ct
1257 2983 1382 3021 cum
1444 2969 1602 3037 611
1668 2969 1947 3022 exaruisse
1997 2971 2173 3024 visum
2224 2979 2386 3034 esset,

824 3064 991 3114 instar
1026 3059 1266 3113 letliiferi
1328 3064 1529 3112 aconiti
1585 3061 1852 3112 reﬂoruit.
1886 3061 2019 3113 Nam
2077 3061 2391 3116 Comnenus

2581 2884 2704 2935 Ἐπὶ
2757 2885 2813 2936 δὲ
2890 2885 2966 2954 τῷ
3015 2888 3170 2956 κακῷ
3223 2888 3394 2957 τούτῳ
3465 2891 3612 2958 παρά
3658 2891 3818 2950 πόδας
3873 2892 4068 2959 ἕτερον

2499 2976 2863 3045 ἐπεισέφρησε
2899 2978 3190 3045 χείριστον,
3227 2979 3258 3050 ἢ
3290 2983 3486 3047 μᾶλλον
3519 2982 3673 3044 δόξαν
3709 2983 3837 3050 πρὸς
3863 2985 4065 3048 κα.ρὸν

2501 3067 2835 3136 ὑπορρεὖσαι
2869 3069 3030 3119 πάλιν
3062 3068 3353 3121 ἁνέϐλαστε
3405 3072 3542 3122 κατά
3587 3072 3805 3124 κώνειον
3858 3074 4063 3140 9:00.90-

821 3155 1077 3213 lsaaeius,
1109 3167 1137 3203 a
1171 3166 1280 3218 quo
1304 3161 1570 3202 vastatam
1616 3167 1735 3202 esse
1782 3151 2018 3220 Cyprum
2071 3167 2234 3220 supra
2279 3168 2396 3205 meo
2424 3141 2462 3193 ε
2501 3179 2516 3210 τ

2374 3179 2396 3192 ο
2424 3141 2462 3193 C
2501 3161 2671 3221 ποιὸν,
2702 3162 2729 3211 6
2755 3160 3039 3226 Κομνηνὸς
3057 3155 3209 3221 οὗτος
3245 3159 3529 3224 Ίσαάκιος,
3557 3162 3614 3223 ὃς
3632 3163 3687 3213 ἐν
3711 3166 3821 3223 τοῖς
3845 3163 4061 3230 ἔμπυος

823 3247 1180 3307 moravimus,
1231 3254 1423 3310 captus
1463 3243 1684 3310 quidem
1720 3241 1823 3294 fuit
1861 3258 1890 3294 a
1945 3258 2068 3311 rege
2097 3243 2305 3311 Anglia:
2336 3243 2390 3295 in

821 3337 1165 3390 Pakestinam
1195 3335 1508 3399 navigante,
1531 3343 1586 3383 et
1616 3348 1714 3399 pru
1749 3333 2051 3385 verberone
2089 3348 2247 3385 servo
2273 3335 2392 3385 eui-

821 3429 944 3480 dam
977 3425 1227 3494 populari
1277 3425 1398 3490 ejus
1446 3424 1703 3485 donatus,
1756 3422 1900 3474 fama
1956 3422 2158 3489 ubique
2204 3437 2392 3490 sparsa

824 3521 1024 3573 malum
1061 3517 1336 3569 hominem
1380 3518 1520 3568 male
1548 3515 1800 3583 periisse.
1841 3514 1947 3567 Sed
1979 3524 2036 3567 ut
2086 3529 2174 3568 res
2204 3524 2391 3582 postea

821 3612 1145 3670 declaravnt,
1173 3608 1286 3661 sola
1316 3607 1458 3658 fama
1491 3615 1741 3658 mortuus
1787 3605 2000 3668 revixit,
2065 3615 2122 3658 et
2159 3605 2393 3657 vinculis

823 3712 879 3757 et
901 3717 1119 3756 carcere
1162 3697 1331 3766 (quod
1378 3698 1586 3748 utinam
1622 3697 1824 3748 factum
1857 3711 1966 3748 non
1987 3696 2154 3762 esset)
2189 3695 2390 3747 libera-

823 3804 910 3848 tus
973 3793 1258 3860 pristinam
1305 3788 1524 3855 imperii
1596 3787 1948 3855 cupiditatem
2004 3797 2250 3840 renovat.
2289 3784 2390 3848 Qui

822 3902 948 3940 cum
976 3882 1346 3951 imperatricis
1377 3879 1754 3949 Euphrosyna:
1782 3879 2045 3946 impulsu,
2079 3892 2240 3946 quam
2269 3891 2396 3944 pro-

823 3979 1030 4047 pinqua
1055 3974 1381 4042 cognatione
1400 3974 1723 4039 attingebat,
1752 3971 1964 4023 crebris
1990 3968 2162 4022 Alexii
2193 3969 2393 4022 litteris

825 4077 1197 4126 revocaretur,
1255 4065 1402 4117 illam
1436 4064 1806 4116 conditionem
1841 4078 1964 4115 cum
2018 4063 2392 4130 indignatione

822 4175 1048 4229 prorsus
1075 4155 1390 4223 respuebat,
1438 4169 1496 4207 se
1541 4155 1832 4221 imperare,
1867 4169 1976 4205 non
2011 4170 2199 4220 parere
2255 4154 2394 4205 didi-

822 4253 986 4314 cisse,
1027 4259 1082 4302 et
1109 4251 1330 4312 ducem,
1362 4261 1472 4299 non
1502 4247 1730 4298 tnilitem
1786 4260 1947 4312 agere
1993 4247 2208 4297 novisse
2257 4245 2395 4296 alhr-

823 4358 999 4396 mans.
1026 4340 1262 4394 Proinde
1290 4339 1608 4406 frequentes
1662 4338 1871 4389 litteras
1900 4337 1967 4389 ad
2015 4337 2244 4389 Asianos
2272 4353 2394 4404 pro-

820 4451 977 4490 ceres
1012 4434 1200 4495 mittit,
1261 4447 1380 4499 qua:
1429 4431 1568 4482 nihil
1624 4444 1732 4481 non
1779 4430 2009 4481 vetitum
2065 4427 2390 4489 suadebant,

821 4528 961 4580 nihil
993 4541 1098 4578 non
1134 4542 1163 4576 a
1199 4522 1499 4590 majoribus
1527 4522 1839 4574 institutum
1865 4520 2221 4587 abrogahant,
2256 4520 2392 4573 nihil

820 4635 929 4673 non
973 4615 1485 4684 obtemperantibus
1542 4614 1960 4682 promittebant,
1996 4615 2040 4666 si
2097 4627 2204 4681 quo
2234 4613 2394 4666 modo

797 4709 1036 4778 ‘imperii
1068 4708 1288 4760 titulum
1329 4714 1784 4774 consequeretur.
1832 4706 2035 4759 Verum
2071 4713 2131 4757 ut
2161 4705 2290 4756 olim
2331 4718 2395 4757 ea

818 4801 1131 4856 sectabatur
1163 4814 1285 4868 qua:
1314 4799 1533 4866 assequi
1567 4812 1674 4850 non
1702 4804 1937 4864 poterat,
1994 4805 2050 4849 et
2092 4811 2154 4849 ea
2190 4795 2393 4846 frustra

821 4891 1154 4942 moliebatur
1184 4904 1306 4957 quie
1359 4889 1414 4940 in
1442 4888 1568 4940 latis
1599 4903 1707 4940 non
1738 4896 1915 4949 erant,
1949 4887 2020 4938 ita
2075 4896 2187 4937 tum
2227 4884 2394 4938 etiam

822 4982 1009 5033 irritos
1032 4990 1262 5032 conatus
1289 4979 1408 5047 ejus
1430 4988 1661 5032 eventus
1699 4978 1863 5048 612
1901 4976 2170 5044 coarguit.
2205 4976 2394 5044 Neque

818 5085 968 5121 enim
1003 5070 1162 5121 Persa
1195 5070 1484 5135 postulatis
1513 5070 1631 5138 ejus
1656 5071 1850 5120 annuit
1895 5067 2173 5136 (cupiebat
2211 5077 2393 5120 autem

821 5177 947 5212 eum
1004 5160 1264 5213 Romanis
1311 5162 1517 5214 bellum
1580 5161 1900 5214 inferentem
1958 5176 2083 5213 cum
2137 5159 2395 5215 omnibus

821 5253 992 5319 copiis
1013 5251 1131 5308 suis
1171 5251 1345 5320 sequi,
1373 5265 1428 5304 et
1476 5253 1596 5321 ejus
1622 5253 1790 5321 jussis
1825 5251 2082 5304 omnibus
2115 5251 2395 5318 obtempe—

824 5348 990 5407 rare),
1033 5356 1210 5409 neque
1240 5343 1528 5410 quisquam
1556 5358 1747 5394 eorum
1770 5343 1835 5393 ad
1867 5358 2006 5410 quos
2030 5342 2168 5394 clam
2187 5343 2395 5394 scribe-

823 5433 915 5487 hat
942 5434 1203 5500 benignas
1231 5450 1395 5487 aures
1439 5437 1485 5487 ei
1522 5436 1775 5503 praebuit.
1809 5434 1942 5500 Quis
1975 5435 2121 5489 enim
2155 5434 2391 5487 belluam

829 5526 1229 5593 sanguinariam
1273 5525 1435 5594 paulo
1466 5535 1590 5592 post
1640 5527 1694 5579 in
1742 5526 1934 5579 faciem
1970 5528 2281 5579 invasurum
2337 5534 2393 5577 et

824 5615 1183 5670 laceraturam
1221 5619 1577 5685 sequeretur?
1633 5626 1728 5669 aut
1784 5633 1908 5671 eum
1961 5627 2228 5672 venenato
2271 5633 2391 5671 ser-

828 5723 989 5779 pente
1024 5716 1319 5768 amicitiam
1353 5715 1736 5778 constitueret,
1768 5716 1885 5782 qui,
1926 5717 2041 5769 sive
2091 5714 2391 5782 amplecte-

2497 3257 2618 3302 c'Jsv
2642 3252 2864 3320 βιϐλίοις
2895 3253 3093 3321 ἐρρέθη
3132 3269 3222 3320 μοι
3249 3255 3328 3304 ὅτι
3358 3255 3624 3322 ἐγκρατὴς
3654 3254 3765 3321 ἁμα
3796 3254 3894 3306 καὶ
3937 3255 4062 3305 ὀλε-

2495 3344 2596 3410 τὴρ
2628 3343 2726 3410 τῆς
2774 3343 2882 3394 τῶν
2933 3345 3192 3410 Κυπρίων
3235 3345 3397 3410 νήσου
3457 3344 3740 3411 γενόμενος
3767 3345 3909 3396 ἐάλω
3955 3349 4060 3412 μὲν

2498 3437 2631 3503 πρὸς
2661 3436 2754 3487 τοῦ
2789 3437 2955 3504 ρηγὸς
2989 3434 3272 3501 Ἰγγλινίας
3303 3438 3359 3496 ἐς
3392 3435 3751 3502 Παλαιστίνην
3795 3437 4054 3502 ἀφικνου-

2499 3530 2661 3595 μένου
2696 3525 3026 3588 διαποντίου,
3081 3527 3174 3577 καὶ
3230 3526 3305 3588 ὠς
3367 3525 3552 3588 δοῦλος
3609 3529 3902 3594 μαστιγίας
3943 3533 4061 3581 τινὶ

2495 3621 2604 3669 τών
2637 3616 2924 3687 ὁμοφύλων
2969 3617 3164 3685 ἐκείνῳ
3197 3616 3616 3686 ἀποκεχάριστο.
3643 3619 3749 3669 Καὶ
3780 3614 3846 3688 ἦν
3878 3620 4060 3672 ἀπαν-

2493 3711 2632 3778 τηαχῆ
2694 3707 2999 3777 διαδόσιμος
3054 3707 3130 3770 ὼς
3187 3708 3519 3776 κατέστρεψε
3567 3708 3656 3760 τὸν
3708 3708 3821 3778 βίον
3861 3709 4061 3771 κακῶς

2493 3797 2521 3845 6
2577 3797 2774 3856 κακός’
2826 3797 2979 3862 φήμῃ
3038 3795 3103 3859 δ’,
3153 3794 3227 3855 ώς
3275 3793 3540 3849 δέδεικται
3604 3796 3847 3866 ὕστερον,
3915 3799 4057 3869 μόνῃ

2495 3883 2754 3944 ἀποϐιοὺς
2782 3884 2875 3934 καὶ
2908 3883 3124 3950 δεσμῶν
3156 3883 3493 3950 ἀπαλλαγεὶς
3523 3885 3613 3935 καὶ
3646 3888 3881 3952 φρουρᾶς
3911 3888 4056 3937 ἀπο-

2494 3973 2701 4036 λυθεὶς,
2730 3975 2804 4035 ὡς
2843 3975 2918 4043 μὴ
2962 3974 3158 4042 ὢφελε,
3205 3976 3295 4028 τὸν
3348 3977 3573 4029 παλαιὸν
3611 3977 3902 4028 ἀναθάλπει
3949 3979 4056 4044 τῆς

2493 4068 2800 4134 τυραννίδο,
2843 4068 3044 4132 ἔρωτα.
3099 4067 3436 4120 Ἀνεκαλεῖτο
3478 4069 3577 4137 μὲν
3622 4064 3712 4120 οὖν
3762 4070 3897 4137 πρὸς
3954 4070 4057 4121 τοῦ

2497 4160 2761 4228 βασιλέως
2818 4160 3052 4224 Ἀλεξίου
3086 4161 3171 4212 διὰ
3194 4161 3532 4230 γραμμάτων
3568 4161 3792 4229 συχνῶν,
3827 4163 4058 4225 ἐναγού-

2499 4269 2594 4319 σης
2621 4251 2781 4304 αὐτὸν
2830 4254 2908 4312 είς
2955 4251 3113 4304 τοῦτο
3153 4253 3250 4321 τῆς
3301 4252 3564 4320 βασιλίδος
3617 4251 3962 4321 Εὐφροσύνης
3983 4252 4056 4304 δι’

2496 4343 2561 4412 ἢν
2587 4346 2651 4395 ἐκ
2685 4344 3003 4411 συγγενείας
3029 4343 3304 4412 ἐγγύτητα
3337 4342 3480 4412 εἶχεν
3511 4343 3646 4412 αὕτη
3696 4344 3829 4408 πρὸς
3877 4343 4059 4393 Ἰσαα-

2499 4453 2633 4499 κιον,
2667 4435 2730 4486 Ὀ
2759 4435 2814 4487 δὲ
2848 4436 3212 4487 ἀπεδυσπὲτει
3243 4436 3496 4504 καὶπρὸς
3537 4438 3701 4502 μόνην
3750 4435 4055 4501 ἠγανάκτει

2497 4525 2603 4574 τών
2657 4524 3122 4591 ἐπιστελλομένων
3155 4526 3431 4592 ἐνήχησιν,
3475 4523 3792 4591 βασιλεύειν,
3828 4522 3887 4573 οὐ
3942 4524 4057 4590 μὴν

2498 4614 2878 4683 βασιλεύεσθαι
2907 4614 3080 4680 λέγων
3114 4616 3334 4678 ειδέναι,
3367 4615 3460 4666 καὶ
3492 4615 3663 4668 ἀλλων
3715 4613 4051 4680 ἐξηγεῖσθαι,

2496 4707 2528 4775 ἢ
2577 4706 2707 4772 γοῦν
2745 4707 2951 4775 ἑτέροις
2989 4705 3289 4759 πείθεσθαι.
3320 4706 3495 4776 Συχνά
3525 4707 3701 4758 τοίνυν
3748 4706 4055 4774 γράμματα

2497 4798 2765 4849 συνετίθει
2812 4801 2947 4867 πρὸς
2970 4800 3096 4860 τοὺς
3130 4801 3227 4868 τῆς
3271 4797 3566 4859 ’Λσιάτιδος
3598 4797 3703 4865 γῆς
3742 4798 4052 4866 πρωτεύον-

2494 4905 2615 4950 τας,
2662 4888 2714 4940 τί
2751 4888 2849 4956 μὲν
2877 4888 2985 4940 τῶν
3033 4889 3417 4957 ἀπειρημένων
3440 4889 3555 4939 οὐκ
3577 4887 3958 4956 εἰσηγούμενα,
3999 4888 4055 4943 τί

2493 4979 2549 5032 δὲ
2606 4980 2711 5030 τῶν
2756 4977 3116 5031 καθεστώτων
3143 4980 3262 5046 οὐχὶ
3301 4977 3571 5036 κινοῦντα.
3599 4983 3689 5030 καὶ
3722 4979 3896 5028 πάντα
3931 4981 4051 5038 τοῖς

2496 5067 2834 5135 πειθομένοις
2890 5067 3240 5137 βραϐεύοντα,
3273 5069 3325 5119 εί
3358 5085 3470 5130 πως
3514 5066 3607 5120 τοῦ
3644 5066 3741 5134 τῆς
3772 5067 4052 5134 βασιλεί.ς

2496 5162 2759 5229 ὀνόματος
2820 5160 3178 5224 ἐπιτεύξεται.
3249 5160 3405 5211 ’Λλλα
3463 5161 3556 5210 καὶ
3610 5155 3795 5226 πρώην
3835 5157 4050 5210 διώκων

2495 5250 2562 5319 ἦν
2592 5251 2658 5302 τὰ
2690 5251 2944 5319 ἀκίχητα,
3000 5252 3091 5301 καὶ
3115 5250 3150 5302 ἃ
3187 5250 3262 5317 μὴ
3293 5250 3420 5308 Θεὸς
3466 5248 3828 5316 βεϐούλευται,
3856 5247 4045 5298 διακε-

2494 5341 2591 5407 νῆς
2619 5339 3008 5406 μηχανώμενος
3032 5353 3044 5367 ·
3092 5341 3182 5389 καὶ
3212 5339 3329 5388 τότε
3356 5340 3553 5406 ὁμοίως
3582 5338 3837 5406 ἠλέγχετο
3869 5338 4050 5404 μάτην

2494 5430 2924 5498 διατεχνώμενος
2966 5430 3032 5480 τά
3088 5431 3346 5496 ἀνήνυτα.
3377 5431 3510 5482 Οὔτε
3549 5432 3655 5498 γὰρ
3700 5429 3851 5496 αὑτῷξ
3884 5445 4052 5497 προσ‹

2496 5523 2654 5590 έσχεν
2704 5523 2733 5572 6
2759 5522 2971 5590 Πέρσης
3000 5520 3188 5589 ὥσπερ
3235 5524 3474 5590 ἱμείρετο
3509 5521 3768 5590 (ἐγλίχετο
3804 5521 3866 5588 δὴ
3925 5523 4052 5588 μεθ’

2495 5614 2623 5680 ὅλης
2663 5614 2761 5681 τῆς
2789 5617 2997 5675 οἰκείας
3033 5613 3215 5680 ἰσχύος
3239 5613 3464 5665 ἕπεσθαί
3492 5614 3541 5665 οί
3573 5615 3712 5663 κατὰ
3759 5612 4052 5680 Ῥωμαίων

2497 5708 2867 5775 στρατεύοντι,
2917 5709 3007 5757 καὶ
3037 5706 3198 5760 πάνθ’
3231 5706 3408 5758 ὁπόσα
3438 5705 3738 5757 ἐπιτάττειν
3765 5705 3874 5773 ἔχει
3926 5721 4051 5754 ποι-

827 5818 967 5867 rere,
1002 5805 1201 5859 lelhale
1228 5807 1377 5860 virus
1413 5817 1715 5872 evomeret,
1747 5807 1863 5860 sive
1897 5806 1950 5858 in
2001 5809 2122 5859 sinu
2177 5808 2389 5860 luvcres
2420 5800 2458 5859 Α
2499 5819 2517 5851 ε

2352 5820 2389 5858 rs
2420 5800 2458 5859 Α
2499 5803 2622 5867 εἰν),
2657 5799 2781 5852 οὔτε
2813 5794 2894 5860 οἷς
2936 5798 3221 5850 ἐπέστελλε
3262 5797 3500 5869 κρύϐδην
3550 5794 3640 5859 οὖς
3668 5814 3747 5860 τις
3780 5796 4047 5863 ὑπέσχετε
