4304 6354
209 382 316 448 831

209 497 478 555 εὖεικτον,
537 488 675 544 ἀλλά
733 484 933 544 πάντες
962 478 1038 542 ὡς
1091 473 1322 535 ἀσπίδες
1364 464 1447 532 οἷς
1495 466 1665 536 έπῇδε
1694 463 1791 520 τὰς

204 589 378 650 ἀκοὰς
402 585 768 652 έπέφραττον.
799 577 896 639 Τίς
925 574 1038 641 γὰρ
1074 570 1141 622 ἂν
1161 565 1340 637 θηρίῳ
1369 556 1791 652 κατηκολούθηῖ

209 699 303 733 σεν
336 645 642 748 αἱμοϐόρῳ,
677 670 795 740 μετ’
821 670 882 721 οὐ
905 664 1043 717 πολὺ
1060 662 1184 721 ταῖς
1205 658 1397 725 ὕψεσιν
1416 645 1791 748 ιμπηδὴσοντί

206 791 265 826 τε
297 742 414 824 καὶ,
447 770 798 836 ἀναιρήσοντι
829 778 844 824 ;
879 760 912 828 ἢ
950 756 1068 827 μετ’
1106 754 1285 819 ὃφιως
1335 747 1544 800 ίοϐόλου
1602 742 1787 836 φιλίαν

1065 366 1165 426 DE
1205 358 1488 421 ALEXIO
1522 353 1804 417 ISAAClI
1845 351 2128 413 ANGELI
2172 351 2292 411 FR.
2338 351 2487 412 LIB.
2535 351 2588 412 Ι.

3358 354 3465 420 838

1887 461 2183 530 pestiferos
2213 460 2410 514 dentes
2435 457 2728 528 inﬁgeret?
2761 457 3061 513 Enimvero
3087 467 3144 514 et
3173 459 3265 516 hic
3304 465 3468 530 paulo

1889 562 2014 624 post
2044 563 2297 607 mortuus
2332 553 2400 607 ad
2424 562 2658 606 caeteros
2679 561 2946 622 tyrannos
2986 552 3080 608 Dei
3114 564 3255 610 nutu
3283 556 3471 612 subla-

1888 653 1976 699 tos
2000 644 2161 706 abiit,
2191 644 2521 698 mirabiliter
2546 643 2795 712 quidem,
2818 644 2914 698 sed
2947 660 3059 699 non
3093 646 3216 700 sine
3260 647 3470 702 instru-

1888 732 2092 787 mentis
2113 731 2348 785 salutem
2381 730 2582 785 allerre
2605 731 2779 786 soliti.
2804 731 3105 788 Ferebatur
3139 745 3326 790 autem
3357 752 3469 793 non

1889 823 2224 878 naturaliter
2246 821 2341 875 sed
2371 836 2585 875 veneno
2629 838 2729 891 per
2755 823 3075 892 pincernam
3111 828 3322 896 magnis
3360 828 3471 881 iar-

208 863 485 924 συνέθετο,
541 832 645 912 κάν
677 847 1078 923 προσπλέκοιτό
1107 863 1192 906 τις
1237 838 1408 907 αὐτῷ,
1437 838 1529 889 τὸν
1561 837 1637 887 ίδν
1665 832 1784 896 ἐξε-

210 955 438 1024 μοῦντος
472 950 793 1015 θανάσιμον,
810 943 916 996 κᾶν
941 942 1000 992 ἰν
1027 939 1216 1024 κόλπῳ
1240 929 1533 1000 διαθάλπῃ,
1561 925 1788 1024 όλέθρια

206 1008 527 1107 δάκνοντοςς
556 1008 703 1107 Πλὴν
730 1008 869 1088 ἀλλά
901 1032 994 1084 καὶ
1012 1023 1167 1087 οὗτος
1189 1022 1331 1076 κατά
1353 1020 1496 1071 θεῖον
1523 1010 1785 1107 ιξιρρηᾷξε
1892 1009 1906 1059 i

491 1059 527 1107 ης
556 1008 703 1107 Πλὴν
730 1008 869 1088 ἀλλά
901 1032 994 1084 καὶ
1012 1023 1167 1087 οὗτος
1189 1022 1331 1076 κατά
1353 1020 1496 1071 θεῖον
1523 1010 1785 1082 ἐξέρρηξε
1892 1008 2191 1062 interiisse.

211 1138 352 1206 μετά
383 1099 557 1206 ppu:va
581 1099 920 1198 Tb'quXMIOV
950 1123 1043 1175 καὶ
1084 1122 1196 1179 τοῖς
1221 1116 1430 1175 λοιποῖς
1477 1105 1778 1178 προσετέθη
1815 1103 2100 1170 τυράννοις
2139 1099 2234 1164 οὓς
2303 1101 2424 1169 χεὶρ
2484 1099 2690 1168 Κυρίου
2729 1100 2981 1166 ἠφάνισε,
3015 1102 3121 1155 κᾶν
3159 1103 3260 1157 οὐκ
3281 1104 3472 1158 εῐωθεν

207 1193 432 1299 ἀμέσως
452 1193 630 1277 ποιεῖν
651 1193 997 1276 ἀκαινοποεῖ
1018 1211 1279 1270 πολλάκις
1336 1205 1599 1270 σωτήρια.
1663 1197 1860 1268 ’ῌδετο
1899 1195 1954 1247 δὲ
2019 1193 2153 1263 μηδὲ
2207 1193 2430 1262 φυσικῷ
2490 1193 2706 1258 θανάτῳ
2759 1193 2997 1262 δαμῆναι
3042 1197 3135 1248 τὸν
3167 1197 3470 1281 ἀλιτήριονι

210 1284 348 1376 ἀλλά
367 1284 902 1388 φάρμάκῳξΡλθθ]
958 1303 1294 1359 ἀπολωλέναι
1363 1289 1857 1360 κυλικοφορηθέντι
1895 1286 2046 1356 παρά
2099 1301 2245 1346 τινος
2309 1285 2566 1353 μεγάλοις
2616 1284 2813 1355 δώροις
2865 1286 3307 1356 δπιρρωσθέντος
3334 1291 3473 1362 πρὸς

1889 914 2195 984 gitionibus
2216 913 2288 967 ab
2318 913 2436 981 ipso
2463 912 2795 975 imperatore
2825 924 3150 985 corruptum
3177 920 3468 988 propitiato

211 1413 437 1483 τοῦργον
469 1411 573 1462 ὑπὸ
608 1406 703 1459 τοῦ
757 1402 1018 1474 βασιλέως
1049 1394 1240 1450 αὑτοῦ.

275 1477 342 1564 δῖ.
370 1508 494 1558 Ἐπὶ
509 1505 643 1556 πᾶσι
666 1501 713 1552 δ’
733 1495 812 1560 οἷς
828 1496 1064 1559 ’Δλέξιος
1084 1488 1417 1558 ὲπειράσατο
1442 1477 1789 1553 βασιλεύσας,

208 1603 260 1653 ετ
286 1615 405 1660 πως
439 1595 724 1648 σπείσαιτο
775 1585 1026 1656 Βλάχοις,
1080 1583 1173 1634 καὶ
1223 1576 1486 1647 πρέσϐεις
1535 1573 1790 1660 πέπομφε

209 1689 346 1758 πρὸς
386 1657 488 1737 *τὸν
523 1685 730 1750 Πέτρον
791 1681 884 1732 καὶ
929 1676 1022 1727 τὸν
1069 1673 1251 1724 ’Δσάν.
1313 1667 1576 1733 Ἐπέρανε
1610 1661 1655 1713 δ’
1679 1657 1788 1710 οὐδ’

209 1781 345 1840 ὅλως
369 1778 466 1846 τὴν
501 1776 724 1843 εἰρήνην
772 1774 867 1822 καὶ
896 1767 997 1826 τὰς
1023 1763 1254 1821 σπονδάς

207 1868 414 1920 τούτων
477 1863 821 1931 ὑπερόγκους
857 1858 957 1919 τὰς
1000 1853 1325 1923 ἀποκρίσεις
1383 1843 1787 1915 ποιησαμένων,

211 1958 448 2010 κάκεῖνα
491 1950 881 2022 προσθεμένων
944 1945 1084 2012 ὑπὲρ
1139 1941 1364 2010 εἰρήνης
1420 1935 1457 1989 θ.
1500 1932 1791 2002 Ῥωμαίοις

210 2048 448 2101 ἀδύνατά
496 2063 556 2097 τε
601 2045 696 2096 καὶ
731 2042 904 2108 ἄτιμα
957 2034 1232 2106 δήπουθεν
1283 2027 1372 2101 ἦν.
1453 2025 1666 2095 Ἀμέλει
1708 2038 1790 2072 τοι

207 2142 299 2194 τοῦ
324 2139 591 2208 βασιλέως
620 2134 764 2187 κατὰ
791 2135 891 2201 τὴν
911 2130 986 2182 ἒω
1003 2125 1369 2195 διατρίϐοντος
1393 2117 1790 2190 προσϐάλλουσι

208 2202 336 2293 τοῖς-
368 2231 497 2297 περὶ
528 2228 625 2284 τὰς
667 2225 884 2292 Σέρῤας
911 2216 1295 2285 Βουλγαρικοῖς
1331 2211 1551 2280 θέμασι,
1607 2206 1698 2257 καὶ
1730 2202 1790 2254 τὸ

211 2295 566 2388 αὐλιζόμενον
600 2316 781 2366 ἐκεῖσε
824 2307 1132 2378 Ῥωμαϊκὸν
1179 2303 1464 2369 σύνταγμα
1496 2295 1792 2367 ήττηκότες

209 2385 419 2470 ἀλλους-
443 2424 502 2459 τε
558 2406 848 2463 πλείστους
878 2399 1074 2458 κακῶς.
1097 2395 1449 2462 εἰργάσαντο,
1483 2390 1574 2442 καὶ
1603 2388 1666 2455 δὴ
1697 2385 1790 2437 καὶ

210 2503 376 2555 αὑτὸν
446 2492 590 2549 εἷλον
641 2493 885 2560 ζωγρίαν
929 2493 1023 2539 τὸν
1073 2486 1366 2552 Ἀσπιέτην
1421 2480 1680 2545 Ἀλέξιον,
1730 2474 1789 2537 ὃς

211 2593 479 2662 ἀρχηγεῖν
522 2585 819 2654 Ῥωμαίοις
853 2577 1249 2650 προὺϐέϐλητο.
1288 2572 1570 2644 Κρατοῦσι
1606 2569 1663 2621 δὲ
1697 2569 1791 2620 καὶ

208 2660 420 2735 πολλῶν
456 2681 521 2730 ὲκ
558 2675 669 2726 τῶν
699 2673 870 2724 ἐκεῖθι
913 2669 1212 2739 φρουρίων,
1264 2665 1359 2718 καὶ
1393 2663 1531 2717 αὺτά
1578 2660 1678 2729 μὲν
1711 2661 1788 2719 είς

208 2776 270 2827 τὸ
293 2770 588 2839 έπικρατὲς
611 2763 1004 2834 ἠσφαλίσαντο,
1041 2759 1198 2810 αὐτοὶ
1227 2757 1268 2808 δ⁴
1301 2748 1577 2822 ἐπανῆκον
1606 2750 1787 2803 οῐκαδε

211 2866 363 2917 λείαν
389 2859 711 2929 ἐληλακότες
750 2855 812 2906 οὐ
838 2851 1177 2920 σταθμητήνΔ
1215 2846 1474 2906 Βασιλεὺς
1510 2845 1565 2896 δὲ.
1597 2845 1670 2911 μὴ
1694 2842 1788 2892 καὶ

211 2957 511 3026 μετέπειτα
541 2947 785 3000 τοιοῦτόν
810 2962 863 2996 τι
901 2941 1265 3012 διαπραχθείη
1311 2934 1784 3007 προμηθούμενος,

209 3024 329 3116 μεθ’
365 3043 553 3111 ἱκανῆς
582 3036 859 3104 ἐξέπεμψε
896 3034 1157 3102 στρατιᾶς
1188 3031 1282 3082 τὸν
1311 3026 1510 3080 ἑαυτοῦ
1536 3024 1786 3093 γαμϐρὸν

1872 1442 1874 1444 ν
1961 1470 2015 1522 4.
2045 1467 2314 1521 Caeterum
2339 1461 2560 1516 Alexius
2577 1461 3054 1530 potitusimperio.
3080 1462 3262 1516 missis
3283 1463 3350 1516 ad
3373 1464 3476 1519 Pe-

1893 1574 2038 1616 trum
2065 1569 2122 1613 et
2159 1558 2390 1612 Asanem
2418 1555 2631 1623 legatis.
2679 1567 2866 1620 pacem
2896 1570 3018 1606 cum
3044 1554 3261 1608 Blacbis
3291 1557 3475 1611 facere

1890 1653 2120 1707 studuit.
2154 1648 2259 1702 Sed
2295 1647 2497 1700 frustra
2524 1646 2570 1698 is
2603 1655 2837 1698 conatus
2866 1643 2970 1696 fuit
3003 1645 3071 1697 ob
3092 1646 3391 1712 superbum
3416 1655 3475 1700 et

1260 1800 1276 1825 ,
1307 1754 1394 1809 οἷα
1421 1755 1531 1806 τῶν
1580 1750 1787 1818 ἀνδρῶν
1820 1767 1861 1825 Β
1890 1745 2045 1798 ferox
2078 1743 2441 1794 Barliarorum
2501 1751 2827 1805 responsum
2861 1744 2918 1789 et

1772 1769 1787 1800 ν
1820 1767 1861 1825 Β
1890 1745 2045 1798 ferox
2078 1743 2441 1794 Barliarorum
2501 1751 2827 1805 responsum
2861 1744 2918 1789 et
2974 1736 3321 1790 conditiones
3362 1737 3472 1790 Ro-

1892 1836 2079 1890 manis
2109 1832 2428 1886 inhonestus
2462 1837 2520 1882 et
2544 1829 2937 1882 intolerabiles.
2970 1830 3111 1883 Dum
3143 1839 3326 1883 autem
3367 1829 3472 1882 im-

1891 1937 2114 1997 perator
2141 1926 2192 1978 in
2224 1924 2448 1978 Oriente
2482 1931 2758 1983 versatur,
2799 1923 2852 1974 in
2882 1922 3230 1991 Bulgaricum
3280 1937 3472 1991 agrum

1888 2021 2040 2089 juxta
2107 2017 2301 2071 Serras
2333 2014 2651 2068 incursione
2703 2015 2870 2076 facta,
2911 2016 3163 2084 victaque
3196 2017 3360 2086 613
3395 2018 3472 2071 le-

1891 2112 2053 2180 gione
2091 2109 2355 2169 Romana,
2399 2115 2513 2158 tum
2547 2106 2704 2167 iulius
2754 2107 3024 2174 plurimos
3078 2107 3219 2160 male
3275 2117 3474 2161 tracta-

1893 2209 2045 2264 runt,
2070 2210 2184 2252 tum
2230 2200 2411 2267 ipsum
2459 2197 2662 2250 Ducam
2700 2197 2950 2250 Alexium
3003 2200 3282 2266 Aspietem
3309 2213 3471 2267 cepe-

1893 2301 2057 2354 runt,
2126 2291 2407 2358 multaque
2473 2288 2699 2341 castella
2768 2297 3210 2357 expugnarunt;
3273 2289 3476 2358 quibus

1891 2382 2123 2436 firmatis
2168 2394 2292 2434 cum
2335 2377 2727 2431 innumerabili
2790 2377 2972 2445 prieda
3021 2378 3241 2430 domum
3297 2379 3474 2434 redie-

1891 2482 2039 2526 runt.
2071 2472 2376 2540 Imperator
2406 2483 2538 2522 vero
2567 2479 2624 2520 ut
2653 2478 2872 2520 caveret
2903 2484 2971 2522 ne
3018 2469 3153 2537 quid
3182 2469 3362 2524 simile
3411 2469 3472 2524 in

1894 2572 2173 2633 posterum
2257 2558 2558 2620 accideret,
2633 2557 2898 2609 lsaacinm
2975 2557 3468 2612 sebastocratoretn

1891 2666 2155 2724 generum
2177 2665 2343 2702 suum
2378 2662 2502 2702 cum
2546 2648 2711 2715 justis
2742 2647 2917 2715 copiis
2969 2647 3204 2715 ablegat.
3254 2649 3372 2713 Qua
3399 2649 3470 2702 de

1889 2760 2052 2801 causa
2071 2760 2194 2797 cum
2211 2741 2392 2796 Blachi
2410 2756 2438 2794 a
2455 2739 2785 2808 quibusdam
2805 2750 3162 2792 monerentur
3175 2755 3242 2794 ne
3262 2750 3471 2797 temere

1888 2848 1944 2891 et
1974 2833 2390 2889 conﬁdenterin
2429 2831 2705 2882 llomanos
2737 2838 3034 2889 irruerent,
3075 2830 3170 2882 sed
3211 2831 3469 2884 militaris

1888 2927 2052 2982 etiam
2078 2923 2312 2978 solertia:
2347 2931 2403 2975 et
2430 2921 2541 2974 doli
2584 2920 2960 2973 meminissent
3004 2923 3150 2988 (nam
3181 2921 3376 2974 audire
3404 2936 3466 2974 se

1889 3019 2159 3085 imperare
2181 3014 2357 3066 virum
2383 3013 2701 3065 bellicosum
2738 3019 2794 3063 et
2817 3013 2983 3062 fratre
3007 3009 3164 3077 longe
3197 3001 3466 3077 praestari-

219 3097 639 3188 ιίσ‹ιιάκιον’τὸν⁷
681 3097 1185 3193 σεϐαστοκράτορα,
1233 3121 1321 3173 ὅτε
1359 3118 1423 3184 δὴ
1480 3119 1573 3168 καὶ
1617 3116 1783 3168 Ἀσάν
1813 3097 1852 3152 C
1888 3111 1919 3162 Ii

1766 3135 1783 3166 θ
1813 3097 1852 3152 C
1888 3109 2126 3173 liorem),
2167 3107 2310 3159 Asan
2355 3103 2654 3155 insolenter
2728 3100 3014 3169 respondit
3074 3115 3181 3152 non
3241 3116 3466 3169 semper

206 3228 345 3293 πρὸς
386 3223 512 3284 τοὺς
545 3221 865 3286 είσάγοντας
918 3191 1242 3284 παραίνεσιν
1279 3210 1522 3276 Βλάχους
1580 3205 1778 3274 μηκέτι
1888 3200 1906 3251 l

1763 3223 1778 3256 ι
1888 3200 2044 3272 fama
2069 3195 2390 3266 praebendas
2414 3208 2533 3246 esse
2551 3207 2732 3252 aures,
2760 3205 2862 3245 nec
2879 3191 2921 3244 si
2945 3205 3106 3258 quem
3130 3206 3190 3242 ea
3214 3205 3311 3257 pro
3340 3191 3463 3244 forti

203 3282 505 3377 «(haud
562 3282 849 3379 Ῥωμαίων
891 3282 1204 3362 ὲπελεύσεις
1267 3300 1404 3368 μετά
1450 3298 1784 3366 θερμότητος
1888 3307 1903 3343 ι

1765 3313 1784 3356 ;
1888 3292 2284 3352 celebrctmum
2338 3285 2519 3338 statim
2572 3291 2630 3336 ut
2661 3284 2821 3335 talem
2859 3297 2982 3336 esse
3024 3282 3465 3347 formidandum;

205 3376 478 3465 τίθεσθαι,
532 3376 842 3468 μεμνῆσθαι
870 3396 926 3446 δὲ
967 3394 1063 3446 καὶ
1118 3389 1358 3459 μεθόδιον
1406 3384 1784 3452 στρατηγικῶν
1889 3399 1904 3435 ι

1773 3403 1784 3432 ρ
1889 3398 1989 3435 nec
2007 3383 2054 3435 si
2072 3381 2196 3448 quis
2214 3395 2311 3447 pro
2335 3377 2528 3430 timido
2549 3386 2607 3428 et
2633 3377 2828 3444 ignavo
2848 3376 3187 3436 traducatur,
3207 3391 3473 3444 spernen-

207 3498 421 3567 (ἄρχει)
467 3467 607 3560 γάρ,
647 3491 721 3550 ὡς
769 3486 1150 3545 πυνθάνονται,
1183 3481 1349 3548 ἄνδρα
1382 3476 1677 3544 πολεμικὸν
1696 3477 1786 3526 καὶ
1886 3490 1907 3526 (

1769 3477 1786 3525 ι
1886 3474 2020 3526 dum
2049 3481 2103 3525 et
2128 3470 2484 3539 rcjiciendum
2500 3483 2625 3522 esse
2651 3485 2664 3520 :
2697 3467 2792 3521 sed
2815 3468 3013 3520 famam
3034 3477 3093 3521 ut
3117 3483 3224 3520 non
3243 3469 3469 3524 omnino

205 3558 441 3638 λίάντοῦ
473 3558 702 3646 ἀδέλφοῦ
720 3572 1208 3648 προφερέστερον),
1233 3569 1370 3639 μετὰ
1384 3569 1598 3635 κόμπου
1617 3569 1788 3618 ἀπεκ-
1890 3579 1905 3616 ι

1766 3591 1788 3604 -
1890 3578 2106 3621 vanam,
2126 3561 2431 3630 praesertim
2475 3571 2582 3612 tam
2603 3558 2898 3622 celebrem,
2923 3573 3034 3611 non
3063 3558 3285 3625 quidem
3309 3559 3466 3626 plane

212 3679 406 3745 ρίνατο
431 3673 504 3742 μὴ
520 3672 631 3723 δεῖν
649 3670 736 3721 ἀεὶ
752 3670 872 3728 ταῖς
895 3668 1108 3734 φήμαις
1126 3660 1424 3714 ἑπικλίνειν
1438 3658 1500 3710 τὸ
1516 3654 1627 3718 οὖς,
1647 3656 1784 3724 μήτε
1886 3667 1912 3704 c

1769 3669 1784 3704 ι
1886 3650 2370 3705 contemnendam.
2392 3648 2488 3701 sed
2513 3648 2578 3700 ad
2602 3662 2688 3700 res
2704 3656 2885 3716 gestas
2900 3662 3091 3700 eorum
3112 3648 3207 3716 qui
3227 3650 3308 3701 vel
3329 3649 3469 3703 bene

207 3738 257 3818 δ’
285 3764 348 3816 δν
366 3738 608 3830 ἀνδρεῖον
631 3759 771 3822 αὕτη
791 3756 1091 3824 διαθρυλεῖ,
1114 3753 1190 3812 ὡς
1213 3751 1317 3825 ῇδη
1347 3751 1441 3802 καὶ
1455 3747 1696 3800 τοιοῦτον
1710 3745 1788 3796 δν·
1889 3758 1907 3795 a

1769 3773 1788 3784 -
1889 3743 2115 3796 audiant
2149 3750 2406 3809 tanquam
2455 3740 2520 3792 ad
2567 3738 2799 3806 Lydium
2844 3738 3079 3806 lapidem
3114 3739 3466 3807 exigendam,

204 3873 276 3908 τα
311 3855 505 3905 τοῦτον
537 3850 960 3916 κατεπτηχέναι,
987 3845 1100 3896 οὗθ’
1139 3843 1198 3896 ὃν
1231 3841 1451 3904 διέξεισι
1481 3839 1655 3890 δειλὸν
1693 3836 1789 3887 καὶ
1890 3851 1904 3887 ξ

1767 3836 1789 3884 ι
1890 3849 2032 3902 sape
2048 3834 2215 3886 etiam
2232 3833 2393 3885 oculo
2411 3831 2680 3900 judicium
2704 3832 3150 3898 permittendum,
3171 3843 3228 3885 et
3246 3835 3329 3886 sic
3347 3849 3467 3885 eam

204 3944 490 4005 ἀνάλκιδα,
527 3941 634 4010 πρὸ
655 3939 750 4009 τῆς
790 3937 956 4006 πείρα
997 3933 1270 4004 ἀθερίζειν
1309 3933 1407 3984 καὶ
1452 3928 1788 3996 ἀποπέμπε-
1889 3940 1904 3975 i

1765 3955 1788 3966 -
1889 3925 1974 3977 vel
2005 3933 2264 3976 utveram
2283 3921 2622 3990 probandam
2658 3921 2741 3974 vel
2761 3921 3027 3974 utfalsam
3048 3922 3465 3990 repudiandam.

206 4038 361 4097 σθαι,
392 4035 532 4086 ἀλλά
579 4033 680 4101 τὴν
727 4031 827 4099 μὲν
861 4030 1052 4097 φήμην
1108 4028 1181 4095 μὴ
1236 4025 1473 4092 πάμπαν
1514 4020 1787 4087 ἀποστρέ-

205 4127 429 4197 φεσθαι,
470 4125 553 4177 ὅτι
601 4121 726 4190 μηδ’
763 4123 821 4181 ές
850 4121 998 4171 ἆπαν
1031 4115 1349 4173 ἀπόλλυται,
1402 4111 1501 4164 καὶ
1551 4110 1787 4178 μάλιστα

201 4222 272 4288 ἢν
311 4217 557 4285 πλεῖστοι
587 4212 706 4265 λαοὶ
745 4209 1100 4279 φημίζουσιν,
1156 4206 1383 4272 ἐπάγειν
1423 4204 1468 4255 δ’
1510 4202 1585 4264 ὡς
1640 4201 1786 4253 λίθον

1891 4017 2066 4069 Aures
2094 4014 2243 4067 enim
2287 4029 2393 4066 non
2431 4012 2618 4065 videre
2649 4012 2820 4080 ipsam
2860 4027 2996 4075 rem,
3022 4013 3325 4065 alienarum
3361 4015 3466 4067 liii-

1890 4119 2118 4175 guarum
2148 4102 2316 4173 614
2342 4111 2396 4154 et
2437 4117 2580 4170 saepe
2609 4103 2965 4156 adversarum
3011 4105 3301 4172 strepitum
3338 4121 3470 4158 con-

1889 4211 2132 4254 servare.
2163 4196 2350 4248 Visum
2385 4209 2513 4247 vero
2553 4203 2767 4246 certum
2792 4207 2916 4246 esse
2949 4208 3136 4247 rerum
3161 4195 3466 4260 arbitrum,

201 4286 552 4374 Μάγνησσαν
585 4303 684 4366 τὰς
709 4299 938 4372 πράξεις
971 4301 1079 4352 τῶν
1111 4297 1614 4366 ὲνδιαϐαλλομένων
1673 4294 1783 4346 εῖτε
1889 4307 1901 4344 ι

1767 4311 1783 4346 ε
1889 4300 1941 4344 et
1971 4288 2140 4358 pluris
2168 4301 2311 4348 esse,
2343 4295 2400 4338 ut
2447 4286 2523 4339 ait
2553 4289 2822 4346 comicus,
2861 4300 3030 4338 unum
3074 4287 3352 4340 oculatum
3389 4296 3467 4341 te-

206 4399 317 4470 μὴν
375 4395 753 4467 κροτουμένων
812 4391 944 4460 παρ’
983 4391 1160 4459 αὐτῆς
1204 4391 1442 4455 ἀνδρῶν,
1474 4393 1532 4440 ιν
1571 4387 1784 4448 πολλοῖς
1817 4397 1906 4467 Ds

1767 4404 1784 4448 ;
1817 4416 1860 4467 η
1890 4391 2028 4433 stem
2059 4392 2222 4446 quam
2251 4379 2463 4430 auritos
2496 4375 2712 4434 decem,
2736 4376 2830 4442 qui
2858 4390 2969 4427 non
2999 4375 3182 4428 alieno
3219 4376 3467 4430 testimo-

201 4467 387 4544 δέκα).
407 4489 496 4541 τὸν
523 4486 803 4553 ὀφθαλμὸν
845 4483 1048 4546 ἱζάνειν
1080 4483 1190 4535 τῶν
1214 4483 1610 4552 φημιζομένων
1635 4481 1784 4531 δικα·
1891 4489 1901 4526 1

1767 4507 1784 4518 -
1891 4475 2007 4534 nio,
2042 4472 2133 4524 sed
2176 4484 2277 4522 suo
2326 4467 2706 4536 experimento
2737 4468 2968 4520 nitatur.
3005 4467 3127 4520 Non
3175 4469 3346 4537 igitur
3371 4485 3467 4522 eos

204 4581 364 4649 στὴν,
397 4581 489 4631 καὶ
516 4577 661 4630 οὕτω
696 4576 1023 4645 προσίεσθαι
1050 4575 1152 4646 τὴν
1184 4577 1375 4645 φήμην
1426 4574 1503 4635 ὡς
1545 4573 1720 4642 ἀληοῆ
1751 4571 1782 4639 ἢ
1889 4581 1904 4616 1

1767 4571 1782 4639 1
1889 4561 2096 4616 moveri
2132 4569 2412 4626 oportere.
2443 4556 2589 4623 quod
2622 4555 2713 4607 hic
2742 4555 3116 4610 Romanorum
3159 4556 3467 4624 imperator

200 4647 337 4738 τοῖιν
392 4666 584 4738 μύροις
629 4667 870 4733 ἀλείφειν
934 4665 1010 4725 ὡς
1064 4664 1235 4732 ψευδῆ
1298 4664 1390 4715 καὶ
1448 4662 1630 4715 ἄλλοθί
1683 4678 1784 4713 που
1890 4671 1900 4697 π

1765 4678 1784 4710 ›
1890 4656 1971 4707 vir
2005 4653 2156 4705 fortis
2191 4649 2578 4718 perhibeatur:
2605 4647 2699 4700 sed
2733 4661 2801 4699 an
2835 4647 2958 4700 talis
2980 4648 3069 4710 sit,
3091 4662 3159 4702 ea
3187 4657 3313 4702 ante
3343 4661 3465 4702 acta

206 4761 434 4830 ἀφιέναι
466 4757 748 4810 πέτεσθαι.
771 4775 791 4807 ι
827 4755 910 4808 Τά
940 4756 1050 4826 γὰρ
1107 4754 1219 4806 ὦτα
1242 4755 1343 4806 οὐκ
1380 4750 1488 4805 οἶδε
1542 4754 1612 4804 τὰ
1641 4752 1784 4819 δρώο

205 4868 372 4923 μετα,
429 4850 568 4902 ἀλλά
607 4848 848 4917 γλώττης
877 4846 1034 4917 δχλον
1086 4845 1493 4914 είσοικιζόμενα
1548 4844 1784 4911 φύλακές

199 4947 344 4998 εἰσιν
365 4944 689 5012 ἀλλοτρίων,
717 4943 812 4992 καὶ
839 4940 1044 4993 τούτων
1077 4939 1336 4992 ἐναντίων
1360 4937 1626 4998 πολλάκις
1656 4936 1783 5003 ένη-

200 5036 494 5106 χημάτων.
540 5033 812 5099 Ἀσφαλης
850 5031 904 5081 δέ
949 5033 1064 5082 ὲστι
1092 5031 1203 5082 τῶν
1249 5030 1550 5098 γινομένων
1577 5030 1785 5099 διαιτη-

195 5129 298 5196 τὴ,
330 5125 631 5192 ὀφθαλμὸς,
663 5124 759 5175 καὶ
816 5124 1026 5190 μάρτυς
1076 5117 1151 5174 ὧν
1199 5122 1452 5174 τεθέαται
1500 5122 1781 5191 ἀπαραλό-

198 5229 413 5283 γιστος,
446 5213 542 5280 οὐχ
588 5211 854 5279 ἑτέρωθεν
891 5213 1248 5280 εἰσχεομένην
1305 5213 1443 5280 ἔχων
1468 5213 1565 5280 τὴν
1597 5211 1780 5262 πίστιν

197 5304 278 5364 ὠς
316 5305 416 5372 τὴν
447 5301 557 5351 τῶν
583 5299 897 5367 λεγομένων
923 5301 1003 5361 είς
1032 5300 1304 5366 ἐνοίκησιν
1335 5303 1529 5365 ἀκοήν.
1565 5298 1654 5367 Μὴ
1686 5299 1777 5350 οὖν

197 5396 270 5463 δὴ
287 5397 380 5446 καὶ⁸
409 5393 568 5459 ὑμεῖς
586 5391 831 5459 θροεῖσθε
864 5390 938 5453 ὡς
969 5394 996 5442 ό
1021 5391 1113 5442 νῦν
1155 5390 1443 5459 Ῥωμαίων
1471 5391 1774 5459 βασιλεύων

196 5487 446 5555 γενναῖος
487 5485 591 5536 ὑπὸ
631 5486 819 5553 φήμης
859 5483 1207 5553 κηρύττεται,
1266 5482 1383 5534 ἀλλ’
1441 5484 1489 5534 εἰ
1536 5482 1776 5544 τοιοῦτός

193 5583 348 5630 ἐστιν
377 5578 558 5637 ὁποῖος
615 5576 801 5646 ᾄδεται
839 5575 1016 5644 χρεὼν
1052 5574 1376 5640 σκέψασθαι.
1444 5573 1666 5641 Ὀδηγὸς
1720 5576 1774 5625 δὲ

195 5670 330 5735 ὑμῖν
356 5670 436 5728 είς
468 5665 624 5718 τοῦτο
647 5666 786 5716 ἔστω
821 5665 934 5734 βίος
987 5668 1013 5716 ό
1041 5668 1324 5734 πρότερος,
1387 5665 1481 5716 καὶ
1529 5665 1772 5732 καθηγη-

189 5761 291 5829 τὴς
328 5758 560 5828 ἀκριϐὴς
583 5757 678 5812 τοῦ
703 5757 896 5827 ἀνδρὸς
947 5757 1317 5811 καθιστάσθω.
1370 5758 1536 5823 Ἀτάρ
1572 5758 1620 5808 εί
1679 5774 1766 5824 φι-

1886 4746 2004 4811 ejus
2051 4744 2158 4794 vita
2187 4743 2562 4810 conjecturam
2616 4739 2960 4807 capiendam.
2987 4738 3163 4804 Quam
3206 4739 3254 4794 si
3303 4754 3468 4794 accu-

1889 4838 2060 4889 ratius
2092 4835 2434 4892 intueantur,
2463 4831 2599 4884 nihil
2632 4846 2872 4899 unquam
2904 4830 2972 4882 ab
2997 4844 3064 4883 eo
3097 4844 3221 4883 esse
3248 4842 3462 4899 gesmnt

1887 4927 2045 4978 laude
2074 4924 2322 4992 ilignum.
2368 4923 2552 4990 Neque
2603 4923 2752 4973 enim
2803 4920 2962 4973 bellis
3008 4929 3066 4973 et
3108 4921 3311 4989 praeliis
3363 4937 3464 4988 pro

1889 5015 2129 5066 Humana
2165 5029 2223 5067 rc
2271 5013 2488 5081 publica
2532 5013 2700 5080 gestis
2748 5011 3090 5072 interfuisse,
3139 5026 3318 5078 neque
3353 5027 3461 5066 una

1886 5123 2008 5159 cum
2041 5107 2206 5157 fratre
2237 5105 2455 5157 labores
2500 5117 2556 5155 et
2609 5102 2856 5170 pericula
2893 5102 3120 5164 adiisse,
3156 5102 3304 5169 quod
3343 5103 3462 5170 ipse

1885 5198 2106 5268 quidem
2141 5198 2328 5257 sciret,
2359 5197 2449 5264 qui
2483 5197 2742 5248 hostilem
2785 5210 2976 5261 agrum
3012 5204 3282 5263 perpetuo
3321 5193 3462 5247 infe-

1883 5295 2040 5343 starit
2073 5301 2121 5341 et
2172 5291 2436 5341 vii-turias
2485 5286 2752 5349 victoriis,
2800 5287 3114 5353 triumphos
3165 5286 3463 5356 triumphis

1882 5382 2200 5435 cumularit.
2238 5383 2418 5446 {\i'qm:
2458 5379 2532 5430 illi
2577 5392 2879 5445 purpuram
2916 5386 2973 5430 et
3007 5375 3268 5431 diadema
3304 5378 3458 5432 labo-

1882 5491 2000 5526 nu"
2033 5476 2312 5540 :ir'I-mllllll
2351 5487 2471 5523 ipse
2495 5472 2640 5531 αξιῑιι,
2670 5470 2763 5523 sed
2793 5472 3024 5523 fortuna:
3056 5469 3302 5523 ludibrio
3323 5486 3459 5525 οοηο
3491 5507 3494 5511 λ

1882 5570 2087 5634 tigissc.
2127 5586 2141 5613 ι
2181 5567 2226 5616 Is
2258 5581 2385 5629 ergo
2411 5565 2501 5631 qui
2538 5579 2817 5630 nunquam
2856 5563 2908 5615 in
2951 5578 3128 5633 pugna
3164 5565 3313 5617 visus
3359 5563 3454 5629 sit,

1881 5660 1972 5726 qui
2010 5675 2115 5710 non
2147 5675 2297 5714 VUUt‘,
2327 5674 2430 5707 non
2468 5673 2652 5718 manu,
2677 5672 2786 5708 non
2813 5655 3046 5709 consilio
3079 5670 3166 5707 res
3185 5654 3454 5724 Mysorum

1885 5767 2123 5820 unquam
2159 5751 2495 5806 iililt‘it‘f'Cl'il,
2530 5765 2634 5816 qua
2667 5748 2878 5802 ratione
2905 5749 3086 5803 suliitu
3119 5755 3360 5800 mutatus
3383 5749 3455 5801 sit
