4292 6396
803 403 911 466 839

2026 387 2321 445 NICETES
2357 383 2765 445 CHONIAT/E

3931 381 4040 446 840

801 519 856 570 in
880 512 1236 570 contrarium,
1266 509 1423 578 plane
1445 523 1554 561 non
1581 508 1844 578 intelligo.
1865 509 2150 569 Utautem,
2171 507 2371 574 inquit,
2401 514 2446 570 Α
2475 509 2496 560 λ

2344 545 2371 569 ,,
2401 514 2446 570 Α
2475 503 2972 578 λοκρινήσετε,οὐκ
3038 501 3103 554 ἂν
3152 499 3238 566 ἐφ’
3293 497 3472 552 ὁτιοῦν
3499 497 3900 568 εὖδοκιμηκότα
3957 505 4039 554 ετ-

799 621 979 658 virum
1013 604 1188 666 illum,
1223 598 1386 668 615
1423 610 1688 667 quantum
1721 601 1849 653 licet
1875 597 2234 652 similitudine
2264 594 2364 647 de—

801 696 1018 764 pingam
1049 701 1105 744 et
1137 703 1310 757 genus
1339 689 1460 757 ejus
1489 688 1786 749 declarem,
1805 685 2007 738 videtis
2036 682 2123 736 [ila
2157 680 2362 735 diversi

801 785 1020 844 coloris,
1041 781 1143 834 etsi
1168 796 1275 834 non
1299 778 1530 832 diversae
1554 779 1692 839 telae,
1719 776 1788 830 de
1807 776 1959 829 hasta
1981 790 2097 829 mea
2125 774 2366 842 penden-

805 874 918 928 tia?
954 872 1076 925 llaec
1109 887 1214 923 una
1239 871 1541 936 eademque
1571 867 1796 920 materia
1837 874 2112 928 constant,
2157 864 2226 917 ab
2256 877 2365 917 uno

802 973 1015 1015 textore
1047 961 1294 1014 conlecta
1338 967 1490 1012 sunt.
1524 956 1632 1010 Sed
1677 957 1804 1025 quia
1847 956 2130 1009 coloribus
2158 954 2368 1008 discre-

801 1061 954 1122 pant,
980 1068 1046 1106 ex
1079 1051 1183 1103 alia
1220 1048 1446 1101 materia
1494 1056 1548 1100 et
1595 1047 1662 1100 ab
1701 1048 1810 1099 alio
1855 1047 2067 1098 artiﬁce
2119 1043 2367 1098 confecta

802 1154 1083 1212 putantur,
1107 1155 1229 1194 cum
1267 1155 1356 1193 res
1380 1139 1539 1193 aliter
1564 1153 1683 1192 sese
1714 1137 1932 1189 habeat.
1976 1134 2176 1188 Eodem
2205 1133 2366 1186 modo

804 1235 1038 1286 lsaacius
1059 1240 1114 1284 et
1151 1231 1373 1284 Alexius
1408 1229 1628 1288 fratres,
1667 1241 1902 1295 quorum
1953 1225 2094 1278 alter
2135 1223 2368 1292 imperio

803 1326 1049 1392 dejectus
1079 1331 1184 1386 est,
1229 1323 1367 1374 alter
1406 1332 1650 1387 purpura
1697 1329 1752 1372 et
1787 1317 2098 1370 diademate
2139 1315 2370 1382 insignis

802 1415 1162 1481 conspicitur,
1217 1411 1468 1465 eumdem
1511 1419 1722 1477 patrem
1783 1409 2112 1468 habuerunt,
2171 1407 2367 1458 eodem

804 1515 961 1558 utero
1000 1513 1128 1557 sunt
1154 1503 1311 1564 editi,
1342 1501 1534 1555 eadem
1567 1509 1712 1553 terra
1763 1497 1896 1558 nati,
1946 1502 2132 1549 omnia
2176 1494 2368 1548 eadem

800 1608 929 1650 sunt
960 1595 1268 1656 consecuti,
1315 1592 1564 1661 quamvis
1603 1587 1825 1641 Alexius
1877 1587 1948 1639 sit
1991 1595 2124 1638 natu
2170 1585 2366 1653 major.

801 1688 1004 1752 Quare,
1032 1700 1150 1738 mea
1191 1684 1411 1751 quidem
1446 1678 1746 1742 sententia,
1792 1692 1894 1731 nec
1933 1677 1986 1729 in
2041 1692 2097 1730 re
2147 1673 2369 1728 militari

802 1777 1098 1845 quidquam
1131 1775 1274 1826 inter
1299 1786 1394 1824 eos
1422 1770 1697 1833 intererit;
1717 1769 1935 1835 jamque
1962 1781 2019 1819 re
2042 1767 2158 1827 ipsa
2179 1780 2372 1819 omnes

2471 598 2628 652 σεσθε
2648 594 2878 648 τουτονί·
2905 593 3030 645 οὕτε
3047 594 3151 661 γὰρ
3183 590 3435 656 πολέμοις
3467 590 3709 658 ὡμίλησε
3735 591 3830 643 καὶ
3855 592 4043 644 κινδύ-

2466 707 2575 750 νοις
2606 689 2743 756 ὑπὲρ
2785 684 3073 752 Ῥωμαίων
3122 680 3500 750 παρενεὸλήθη
3543 683 4041 749 συστρατευόμενος

2467 779 2558 829 καὶ
2593 777 2921 844 συγκάμνων
2947 772 3025 837 τῷ
3056 771 3293 838 ἀδελφῷ,
3323 771 3422 821 ὅσα
3450 784 3514 834 γε
3553 769 3715 828 αὐτὸς
3746 769 3901 838 ῐσημι
3925 773 4042 821 κει-

2469 885 2578 936 ρων
2607 869 2693 919 ἀεὶ
2729 865 2818 917 καὶ
2845 863 2934 934 [Ρ.
2979 860 3106 930 500]
3127 859 3474 927 κατατρέχων
3511 857 3610 920 τὴν
3643 857 3907 921 πολεμίαν
3943 858 4043 912 καὶ

2467 958 2621 1017 νίκας
2652 958 2744 1007 ἐπὶ
2796 958 2972 1016 νίκαις
3041 951 3431 1016 ἀναιρούμενος
3468 950 3558 1001 ttat
3604 949 3888 1016 τροπαίοις
3920 951 4043 1000 ἐπι-

2471 1047 2772 1109 στοιὸάζων
2825 1047 2893 1098 τά
2952 1043 3210 1113 τρόπαια,
3245 1039 3368 1092 οὔτε
3409 1039 3515 1109 μὴν
3555 1039 3744 1108 μισθὸν
3779 1041 4043 1106 καμάτων

2468 1140 2567 1207 τὴν
2614 1137 2905 1206 ἁλουργίδα
2942 1138 3036 1188 καὶ
3086 1134 3177 1186 τὸν
3224 1131 3496 1199 βασίλειον
3535 1131 3717 1199 εῖληχε
3753 1132 4043 1195 στέφανον,

2469 1232 2586 1285 ἀλλ’
2615 1231 2688 1291 ώς
2723 1232 2785 1281 ἐκ
2821 1228 2928 1279 τῶν
2979 1229 3157 1293 ἐργων
3211 1222 3475 1285 ὑπέδειξε,
3524 1223 3694 1291 τύχης
3727 1220 4045 1288 ἀγνώμονος

2471 1323 2751 1386 πέττευμα
2781 1319 2849 1370 τά
2901 1319 3156 1384 σκῆπτρα
3204 1312 3594 1381 παρείληπται.
3629 1305 3798 1372 Οὗτος
3840 1310 4043 1370 τοίνυν,

2471 1415 2527 1475 ὃς
2617 1413 2677 1465 οὐ
2724 1408 2974 1462 τεθέαταί
3053 1423 3143 1474 μοι
3201 1407 3503 1474 μαχόμενος
3556 1401 3674 1454 οὐδὲ
3730 1404 3881 1470 φωνῇ
3943 1402 4040 1452 καὶ

2471 1506 2615 1573 χειρὶ
2667 1502 2762 1554 καὶ
2822 1499 2983 1568 βουλῇ
3040 1499 3108 1549 τά
3151 1497 3354 1548 Μυσῶν
3404 1493 3799 1564 παραλυπήσας
3843 1492 4044 1555 ἐνίοτε,

2469 1598 2618 1656 ὅπως
2641 1594 2898 1659 ἐξαίφνης
2929 1593 3006 1652 εἰς
3050 1590 3195 1641 ἆπαν
3228 1587 3542 1638 τούναντίον
3575 1583 4045 1652 μεταπεποίηται,

2471 1684 2580 1749 ἐγὼ
2614 1683 2710 1752 μὲν
2744 1682 2841 1732 οὐκ
2894 1680 3002 1746 ἔχω
3046 1681 3138 1730 καὶ
3173 1677 3418 1728 συνιδεῖν.
3457 1676 3573 1726 Ἵνα
3598 1673 3654 1725 δὲ
3681 1673 3774 1725 καὶ
3798 1673 3866 1724 δι’
3903 1672 4045 1722 ὑπο-

2471 1775 2784 1841 δείγματος,
2814 1768 2936 1821 καθ’
2961 1772 3086 1821 ὅσον
3111 1768 3310 1830 ἔξεστι,
3339 1766 3405 1817 τά
3434 1764 3572 1816 κατὰ
3600 1762 3688 1813 τὸν
3717 1763 3885 1830 ἄνδρα
3919 1777 4049 1812 του-

804 1878 1216 1934 cognoscemus.
1251 1861 1439 1929 Itaque
1472 1860 1740 1912 rationem
1785 1857 1912 1909 belli
1964 1855 2252 1922 pristinam
2285 1870 2373 1908 se-
2405 1835 2445 1892 Β
2474 1885 2498 1915 τ

2351 1885 2373 1893 -
2405 1835 2445 1892 Β
2474 1835 2605 1916 τονλί
2625 1863 2720 1916 καὶ
2744 1862 2806 1912 τὸ
2844 1859 3032 1911 λοιπὸν
3061 1858 3209 1926 αὐτῷ
3241 1858 3393 1924 γένος
3426 1856 3842 1923 διασαφήσαιμι,
3877 1855 4046 1918 δρᾶτε

804 1956 1077 2024 quendam
1111 1966 1235 2007 esse
1269 1953 1428 2005 nobis
1451 1950 1680 2013 aﬂirmo,
1712 1963 1836 2002 cum
1872 1945 2066 2000 iisdem
2110 1960 2261 1998 arma
2290 1946 2370 1997 in-

807 2046 1033 2100 I‘erenda
1069 2045 1182 2098 sint
1232 2057 1370 2111 quos
1418 2041 1568 2108 prius
1599 2037 2067 2107 oppugnavimus,
2113 2051 2180 2089 ne
2221 2037 2371 2088 dete-

807 2138 1046 2191 rioribus
1093 2135 1294 2188 dicam.
1342 2132 1475 2185 Nam
1525 2129 1894 2182 Romanorum
1946 2126 2118 2179 animi
2160 2125 2370 2178 crebris

806 2229 1060 2280 cladibus
1082 2223 1238 2276 fracti
1267 2232 1322 2274 et
1365 2221 1612 2273 enervati
1643 2227 1788 2281 sunt,
1814 2226 1870 2270 et
1896 2216 2094 2270 crebro
2137 2231 2167 2267 a
2212 2216 2371 2268 nobis

807 2323 861 2371 in
893 2319 1072 2386 fugam
1107 2314 1249 2368 versi
1289 2327 1357 2365 ne
1401 2312 1568 2364 semel
1619 2309 1838 2377 quidem
1871 2308 2016 2360 vires
2051 2321 2179 2359 suas
2216 2320 2372 2358 recu-

806 2425 998 2477 perate
1043 2415 1363 2475 potuerunt.
1413 2403 1524 2455 Nec
1570 2399 1702 2452 illud
1756 2397 2222 2468 praztereundum,
2275 2411 2372 2450 eos

808 2505 943 2551 iram
977 2498 1070 2550 Dei
1098 2506 1286 2548 contra
1321 2508 1378 2545 se
1411 2495 1740 2553 concitasse,
1773 2489 2000 2552 lsaacio,
2027 2491 2184 2559 cujus
2203 2502 2370 2556 opera

805 2592 954 2658 gravi
980 2586 1281 2640 Andronici
1329 2581 1615 2653 tyrannide
1659 2580 1877 2633 liberati
1920 2580 2094 2643 luere,
2129 2580 2372 2647 legitimo

810 2683 1042 2750 imperio
1079 2679 1259 2746 pulso.
1293 2676 1426 2729 Nam
1461 2675 1553 2741 qui
1613 2681 1924 2724 servatores
1965 2686 2094 2724 suos
2143 2671 2216 2724 ita
2265 2681 2372 2723 tra-

814 2786 1062 2836 ctarunt,
1092 2773 1267 2841 primo
1294 2781 1512 2838 quoque
1528 2775 1773 2833 tempore
1791 2764 2106 2816 abinimicis
2128 2762 2295 2830 διε
2318 2773 2376 2813 ut

810 2867 1059 2918 homines
1089 2860 1280 2930 perﬁdi
1309 2859 1653 2912 occidentur.
1680 2874 1697 2902 ι
1729 2854 2051 2923 llujusmodi
2089 2852 2376 2906 sententiis

808 2956 1078 3009 Barbarus
1098 2966 1322 3005 suorum
1357 2948 1557 3000 animis
1581 2945 1859 3005 excitatis,
1885 2942 2198 3011 provincias
2223 2943 2376 3011 juxta

811 3049 1152 3115 Strymonem
1181 3052 1236 3096 et
1260 3040 1628 3107 Amphipolim
1667 3037 1873 3105 majore
1905 3035 2111 3092 smvitia
2155 3033 2375 3086 invasit.

2469 1953 2539 2003 τὰ
2573 1952 2666 2002 ἐπὶ
2697 1949 2789 2001 τοῦ
2820 1946 2956 2017 ἐμοῦ
2989 1947 3213 2016 δόρατος
3236 1945 3659 2016 άπαιωρούμενα
3684 1945 3776 1994 καὶ
3807 1941 4048 2009 άνεμού-

2473 2059 2610 2110 μενα
2647 2041 2880 2108 διάφορα
2935 2040 3052 2100 ταῖς
3099 2038 3328 2105 χροιαῖς,
3380 2038 3430 2087 εἰ
3486 2038 3686 2103 καὶμὴ
3715 2039 3832 2096 ταῖς
3859 2036 4047 2102 ὑφαίι,

2471 2139 2531 2200 νὴ
2543 2150 2708 2201 ματα.
2743 2131 2929 2185 Ταῦτα
2962 2131 3088 2199 μιᾶς
3121 2128 3218 2197 μὲν
3245 2125 3608 2198 προελήλυθεν
3651 2124 3806 2193 ὕλης,
3840 2127 3933 2177 καὶ
3960 2119 4046 2186 εἷς

2472 2225 2710 2293 ὑφάντης
2754 2221 2897 2273 αὐτὰ
2924 2221 3238 2289 ἐμηρύσατο
3257 2235 3271 2247 ·
3295 2220 3408 2278 τοῖς
3435 2216 3492 2268 δέ
3514 2215 3764 2286 χρώμασι
3789 2214 4049 2267 διαλλάτ-

2471 2330 2633 2365 τοντα
2667 2311 2946 2364 διεστάναι
2973 2308 3191 2358 δοκοῦσι
3222 2308 3316 2357 καὶ
3341 2305 3560 2356 κατὰτὸ
3591 2304 3683 2354 τοῦ
3707 2299 3845 2355 εἶναι
3888 2320 4052 2368 ποιη-

2473 2405 2624 2456 τικὸν
2653 2404 2847 2455 αἴτιον.
2886 2397 3025 2452 Ἀλλ’
3055 2399 3154 2449 οὐκ
3181 2397 3300 2447 ἐστι
3333 2395 3513 2456 τοῦτο,
3539 2395 3637 2446 οὐκ
3662 2393 3827 2445 ἐστιν.
3862 2393 4048 2444 Ἰσαά-

2476 2508 2588 2550 κιος
2631 2489 2724 2540 οὖν
2777 2489 2872 2540 καὶ
2934 2485 3168 2548 ’Δλέξιος
3211 2486 3262 2536 οί
3291 2482 3611 2550 ὁμαίμονες,
3644 2475 3718 2533 ὧν
3747 2485 3774 2534 ό
3803 2482 3902 2548 μὲν
3946 2482 4048 2548 τῆς

2477 2578 2750 2646 βασιλείας
2778 2578 2878 2646 ήδη
2921 2575 3254 2643 καθῄρηται,
3290 2575 3318 2624 ὁ
3346 2573 3402 2623 δέ
3423 2571 3808 2640 τησεννοφορεί
3831 2571 3924 2623 νῦν
3952 2575 4052 2624 καὶ

2474 2669 2730 2721 διαδείται
2751 2664 2961 2735 ἁρχικῷ
3015 2662 3422 2730 στεφανώματι,
3452 2662 3546 2713 Eva
3570 2665 3729 2714 τοκέα
3746 2663 3924 2730 ἔσχον,
3946 2664 4053 2730 τῆς

2475 2761 2641 2826 αὐτῆς
2666 2758 2856 2827 νηδύος
2879 2754 3183 2818 ἐξώλισθον,
3218 2753 3356 2806 κατὰ
3384 2755 3483 2819 τὴν
3502 2752 3670 2822 αὐτὴν
3692 2754 4051 2821 γεγέννηνται

2476 2852 2604 2917 γῆν,
2621 2851 2688 2902 τὰ
2707 2847 2862 2900 πάνθ’
2883 2848 3044 2915 ὅμοια
3072 2844 3471 2914 ἐκληρώσαντο,
3495 2843 3600 2894 κᾶν
3626 2844 3818 2912 ἅτερος
3842 2845 4052 2896 τούτων

2489 2940 2725 3005 Ἀλέξιος
2766 2939 2843 3007 τῷ
2875 2939 3051 3007 χρόνῳ
3100 2937 3356 3004 προήκων
3414 2934 3669 3003 ἑώραται.
3724 2934 3887 2985 Ὅθεν
3933 2936 4055 2986 οὐδὲ

2483 3032 2627 3084 κατά
2648 3032 2773 3090 τοὺς
2808 3027 3078 3096 πολέμους
3108 3024 3416 3090 διαφέροιεν
3453 3022 3537 3087 ἂν,
3578 3022 3651 3084 ὡς
3681 3022 3868 3088 ἔμοιγε
3925 3022 4054 3088 γοῦν

811 3113 946 3192 Cum
1002 3145 1184 3188 autem
1251 3133 1689 3192 sebastocrator,
1749 3129 1911 3180 homo
1957 3126 2274 3179 adolescens
2327 3126 2506 3221 etcé

2363 3134 2380 3177 ι
2406 3166 2448 3221 C
2483 3126 2649 3187 δοκεῖ,
2682 3122 2775 3172 καὶ
2800 3119 2875 3182 ώς
2913 3120 2970 3169 ἐν
3009 3115 3176 3184 πείρα
3216 3114 3415 3174 πάντες
3447 3113 3787 3180 γνωσόμεθα.
3841 3113 4055 3182 Χρῆναι

817 3227 1019 3283 recenti
1049 3225 1202 3278 clade
1237 3223 1566 3275 Blachorum
1607 3221 1806 3278 elatus.
1855 3219 2041 3270 hostes
2076 3217 2375 3270 Serranum

815 3335 1004 3390 agrum
1049 3319 1330 3369 incursare
1363 3311 1686 3373 audivisset,
1734 3325 1841 3362 non
1883 3308 2036 3377 prius
2081 3306 2381 3375 exploratis

813 3427 1003 3467 eorum
1057 3408 1287 3467 viribus,
1337 3405 1521 3456 statim
1580 3405 1736 3470 signo
1799 3401 1930 3452 tuba
1976 3399 2124 3458 dato.
2175 3397 2383 3465 primus

821 3506 874 3554 in
905 3499 1071 3553 armis
1096 3512 1240 3564 equo
1263 3507 1565 3547 conscenso
1598 3495 1807 3542 hastam
1833 3490 1886 3541 in
1912 3490 2098 3541 hostes
2125 3485 2381 3548 vibravit,

819 3591 974 3660 quasi
1004 3588 1070 3641 ad
1113 3595 1357 3654 paratam
1390 3596 1681 3636 cervorum
1719 3579 2064 3631 venationem
2105 3588 2200 3629 aut
2239 3576 2385 3628 ludi-

819 3695 973 3733 crum
999 3674 1218 3744 aliquod
1251 3673 1450 3724 exiret.
1481 3671 1614 3722 Cum
1653 3668 1818 3736 igitur
1852 3667 1990 3719 laxis
2012 3665 2247 3718 habenis
2271 3667 2381 3716 cir-

821 3775 959 3823 citer
988 3768 1210 3835 triginta
1244 3763 1419 3816 stadia
1468 3760 1848 3828 processisset,
1891 3771 1946 3810 et
1980 3758 2287 3824 equitatum
2330 3765 2387 3806 et

826 3863 1127 3929 peditatum
1164 3859 1239 3908 ita
1269 3852 1517 3920 latigatit
1561 3860 1618 3902 ιιι
1658 3864 1851 3918 pugnae
1887 3857 2132 3915 tempore
2165 3844 2390 3898 inutiles

822 3961 1027 4006 essent.
1074 3949 1141 4004 Ut
1197 3947 1426 4014 propius
1485 3945 1723 3994 hostium
1776 3954 1953 3993 eaStra
2006 3949 2228 3990 ventum
2282 3947 2385 3999 est,

829 4047 1058 4098 maxima
1076 4052 1131 4094 et
1155 4039 1437 4108 potissima
1471 4050 1592 4102 pars
1624 4033 1905 4099 copiarum
1935 4032 2131 4082 Asanis
2167 4032 2218 4081 iu
2256 4032 2388 4082 insi-

827 4138 948 4189 dias
981 4132 1278 4186 distributa
1309 4135 1414 4180 est.
1449 4128 1568 4189 Quo
1597 4132 1985 4191 stratagemate
2011 4132 2067 4173 et
2099 4122 2226 4173 dolo
2250 4121 2393 4172 ISua-

828 4234 949 4286 cius
979 4245 1089 4282 non
1120 4224 1521 4283 animadverso,
1551 4226 1699 4273 certa
1730 4233 1824 4284 spe
1857 4216 2097 4268 victoria
2128 4224 2392 4282 concepta

833 4328 1024 4377 insano
1051 4320 1260 4384 impetu
1283 4328 1380 4366 eos
1402 4311 1618 4364 invasit.
1637 4309 1772 4362 Cum
1795 4318 1975 4359 autem
1991 4306 2066 4359 illi
2090 4322 2155 4359 ex
2178 4305 2395 4358 insidiis

830 4410 1330 4468 consurrexissem,
1365 4413 1422 4455 ut
1447 4402 1641 4455 mediis
1671 4399 1921 4452 cassibus
1957 4398 2225 4460 irretitus,
2255 4399 2392 4447 mul-

2483 3214 2664 3264 τοίνυν
2711 3210 2855 3279 φημὶ
2892 3207 3032 3276 μετὰ
3067 3205 3165 3272 τῆς
3195 3203 3367 3271 αὐτῆς
3416 3203 3511 3255 καὶ
3543 3203 3811 3270 προτέρας
3853 3203 4056 3268 προθέ-

2484 3324 2617 3369 σεως
2645 3304 2741 3359 καὶ
2774 3303 2938 3356 πάλιν
2963 3301 3071 3354 τῶν
3103 3301 3243 3352 κατὰ
3264 3299 3499 3366 πόλεμον
3528 3297 3816 3358 ἅπτεσθαι,
3847 3295 4058 3356 είδότσς

2484 3399 2557 3460 ὼς
2603 3394 2682 3458 οἷς
2733 3398 2830 3448 καὶ
2869 3395 3134 3462 πρότερον
3179 3390 3238 3453 ἐξ
3279 3391 3525 3450 ἐναντίας
3585 3389 3777 3456 μοίρας
3823 3390 3918 3439 καὶ
3963 3386 4059 3436 νῦν

2488 3488 2816 3557 στησόμεθα,
2846 3487 2931 3538 ἵνα
2967 3485 3042 3553 μὴ
3068 3484 3161 3534 καὶ
3187 3482 3425 3550 χείροσιν
3458 3480 3666 3546 εῐποιμι
3706 3477 3925 3546 ἀφορῶν
3962 3477 4062 3544 μὲν

2488 3582 2579 3632 καὶ
2623 3580 2760 3648 πρὸς
2803 3578 2864 3628 τὸ
2902 3573 3379 3641 ωταῦεόλημένον
3427 3571 3520 3624 καὶ
3574 3569 3908 3637 ἀτονώτερον
3957 3567 4062 3636 ἠδη

2488 3670 2744 3738 φρόνημα
2781 3666 2888 3717 τῶν
2929 3663 3238 3732 Ῥωμαίων,
3274 3661 3324 3713 οῖ
3354 3660 3613 3718 πολλάκις
3638 3657 3725 3724 ὑφ’
3747 3657 3910 3725 ήμῶν
3933 3673 4066 3724 τρο-

2494 3763 2768 3820 πιιιθέντες
2795 3757 2904 3808 οὐδ’
2936 3754 3085 3818 ἆπαξ
3109 3756 3176 3805 τὰ
3200 3752 3319 3803 κατ’
3355 3752 3553 3810 αὐτοὺς
3580 3748 3867 3800 άναλασεῐν
3902 3751 4066 3814 ἐσχή-

2492 3868 2621 3902 κασι
2645 3850 2968 3917 πράγματα,
2986 3843 3180 3898 ἐννοῶν
3202 3843 3258 3893 δὲ
3281 3841 3376 3893 καὶ
3400 3847 3463 3906 ἣν
3484 3838 3666 3890 θεόθεν
3684 3837 4069 3889 ἐπεσπάσαντο

2491 3945 2601 3995 οἶδε
2656 3944 2836 4010 μῆνιν,
2884 3940 2975 3990 τὸν
3015 3937 3210 3996 αὐτοὺς
3276 3935 3497 4004 βαρείας
3544 3927 3852 3999 τυραννίδος
3895 3927 4072 3997 ἀπηλ-

2491 4037 2692 4102 λαχότα
2736 4030 3004 4084 ἰσαάκιον
3051 4026 3333 4096 βασιλείας
3391 4023 3613 4090 ἐννομου
3658 4020 4069 4089 καθῃρηκότες·

2495 4128 2541 4176 οἱ
2575 4128 2684 4192 γάρ
2709 4121 2852 4173 οὕτω
2883 4117 3023 4170 κατὰ
3055 4117 3173 4168 τῶν
3236 4115 3552 4165 σεσωκότων
3580 4110 3935 4177 ὁπλισάμενοι
3969 4110 4073 4158 οὐκ

2495 4211 2559 4261 ἂν
2579 4212 2827 4275 φθάνοιεν
2845 4206 2948 4257 ὑπό
2964 4205 3069 4255 τῶν
3087 4203 3295 4271 ἐχθρῶν
3318 4197 3779 4269 ώςςπαράσπονδοι
3809 4195 4076 4264 ἀναιρού-

2509 4314 2679 4366 μενοι.
2714 4315 2732 4346 ι
2759 4293 3049 4353 Τοιαύταις
3093 4292 3339 4358 γνώμαις
3373 4291 3402 4341 ὁ
3433 4288 3705 4358 βάρϐαρος
3742 4285 3810 4337 τὰ
3841 4285 3950 4336 τῶν
3979 4286 4074 4336 ὑπ’

2506 4391 2664 4441 αὑτὸν
2689 4384 2995 4452 ἀναστήσας
3025 4385 3347 4452 φρονήματα
3376 4379 3515 4448 μετὰ
3552 4379 3758 4444 κόμπου
3823 4377 4075 4444 μείζονος

836 4513 905 4558 tis
934 4517 1161 4556 suorum
1199 4497 1415 4549 amissis
1442 4493 1659 4546 tandem
1691 4499 1745 4542 et
1774 4491 1890 4557 ipse
1921 4504 1950 4540 a
1990 4488 2210 4555 Scythis
2249 4488 2395 4554 capi-
2428 4491 2468 4542 1)
2499 4489 2523 4535 ἐ

2380 4515 2395 4524 -
2428 4491 2468 4542 1)
2499 4483 2655 4552 ἐπῄει
2702 4482 2843 4534 κατά
2863 4479 2968 4528 τῶν
3016 4479 3143 4544 περὶ
3185 4473 3471 4540 Στρυμόνα
3500 4488 3559 4522 τε
3605 4472 3696 4522 καὶ
3737 4470 4075 4536 Ἀμφίπολιν

836 4611 942 4651 tur.
971 4596 1125 4650 Unde
1149 4590 1372 4645 Barbari
1398 4588 1465 4641 ad
1506 4585 1849 4638 incursiones
1889 4591 1945 4634 et
1984 4584 2200 4648 rapinas
2243 4595 2394 4632 more

835 4694 1056 4745 leonum
1100 4688 1152 4738 in
1203 4689 1450 4736 armenta
1497 4677 1823 4731 irrueminm
1865 4674 2222 4725 animosiorcs
2268 4671 2394 4723 facti

838 4790 986 4842 sunt,
1018 4779 1220 4846 quippe
1258 4787 1383 4826 cum
1411 4785 1571 4824 nemo
1608 4771 1973 4820 Romanorum
2000 4765 2080 4816 eis
2103 4776 2395 4816 occurrere

839 4872 1000 4942 617
1036 4871 1284 4928 auderet,
1317 4867 1410 4918 sed
1447 4877 1637 4915 omnes
1670 4859 1844 4913 territi
1890 4857 2029 4910 laxis
2075 4855 2306 4908 habenis
2339 4854 2392 4906 in

845 4967 1035 5015 urbem
1067 4962 1260 5012 Serras
1309 4953 1690 5022 confugerent,
1733 4950 1825 5017 qui
1862 4948 1915 5000 in
1966 4947 2058 5000 illa
2093 4947 2246 4998 clade
2285 4960 2394 4997 non

841 5056 1237 5109 occubuerant.
1288 5047 1485 5116 Scytha
1550 5057 1683 5095 vero
1751 5039 2238 5092 sebastocratorem
2285 5051 2397 5087 asc

843 5155 1064 5212 captum
1129 5138 1322 5207 quovis
1385 5135 1544 5189 modo
1597 5132 1775 5185 celare
1821 5138 2053 5182 conatus
2086 5136 2191 5190 est,
2236 5140 2305 5178 ne
2351 5123 2401 5176 id

848 5241 990 5290 Asan
1017 5234 1362 5292 rescisceret,
1396 5243 1492 5295 spe
1526 5224 1775 5277 maximae
1806 5219 2054 5291 pecunia:
2102 5217 2225 5286 ejus
2263 5214 2409 5268 redi-

852 5327 1034 5380 mendi
1070 5330 1234 5376 catisa
1261 5318 1592 5386 accipiendae
1621 5321 1908 5382 concepta,
1953 5309 1999 5363 si
2046 5307 2322 5360 hominem
2355 5307 2408 5355 in

852 5417 1127 5486 Scythiam
1152 5413 1424 5466 abducere
1453 5411 1662 5462 liceret.
1701 5405 1808 5460 Sed
1843 5417 1968 5458 cum
2008 5401 2150 5452 fama
2185 5406 2406 5465 captum

850 5485 973 5561 esse
997 5505 1190 5558 ducem
1208 5504 1448 5556 hostium
1474 5500 1768 5568 vulgasset,
1789 5491 2141 5563 inquisitione
2158 5485 2406 5557 diligenti

853 5607 1170 5665 compertus
1201 5593 1266 5647 ad
1299 5595 1530 5646 Asanem
1559 5588 1898 5657 perducitur.

866 5691 997 5740 ὼσεί
1033 5685 1274 5745 σταδίους
1303 5683 1596 5750 τριάκοντα
1627 5679 1686 5730 τό
1723 5695 1782 5729 τε
1819 5673 2038 5727 ἱππικὸν

2495 4573 2793 4642 ἐπαρχιῶν.
2831 4571 2980 4620 Ἐπεὶ
3002 4568 3058 4618 δὲ
3093 4568 3184 4618 καὶ
3214 4567 3331 4625 ταῖς
3356 4564 3582 4632 Σέῤῥαις
3608 4560 3863 4629 ἐμϐαλεῖν
3902 4561 4080 4611 ’ἰσαα-

2495 4668 2596 4733 κίῳ
2629 4666 2889 4732 ἧκουσται
2921 4658 2998 4726 τῷ
3023 4656 3501 4722 σεϐαστοκράτορι,
3530 4651 3646 4711 νέος
3668 4648 3743 4700 ῶν
3785 4641 3942 4708 οὗτος
3979 4663 4081 4710 κο),

2492 4756 2746 4822 προσεχεῖ
2773 4767 2878 4802 τινι
2911 4749 3017 4799 τῶν
3077 4745 3296 4811 Βλάχων
3330 4740 3586 4808 ἐπαρθεὶς
3638 4739 3965 4803 πταίσματι,
4001 4739 4084 4806 μὴ

2498 4845 2866 4916 προεξετάσας
2923 4841 3023 4904 τὴν
3079 4835 3186 4886 τῶν
3246 4831 3518 4896 πολεμίων
3593 4827 3841 4894 δύναμιν,
3897 4829 3964 4893 τῇ
4032 4826 4083 4876 δι

2501 4941 2636 5006 ἀκοῇ
2690 4932 2934 4999 συνάψας
2962 4931 3058 4997 τὴν
3092 4925 3212 4978 κατ’
3246 4922 3421 4975 αὐτῶν
3454 4919 3784 4988 ἑξώρμησιν,
3819 4917 4089 4984 ἀνίστησί

2503 5048 2562 5081 τε
2637 5022 2977 5093 παραχρῆμα
3053 5021 3153 5085 τὴν
3249 5013 3501 5082 στρατιάν
3592 5009 3689 5076 τῆς
3765 5006 4090 5071 σάλπιγγος

2510 5115 2764 5181 ἐνδούσης
2840 5113 2902 5160 τὸ
2985 5103 3278 5170 σύνθημα,
3338 5100 3432 5151 καὶ
3488 5096 3579 5147 τὸν
3647 5094 4088 5162 πολεμιστήριον

2518 5207 2687 5257 ἵππον
2776 5199 2988 5268 πρῶτος
3049 5194 3254 5252 ἀναϐάς
3311 5190 3405 5242 atat
3455 5185 3898 5255 θιηρακισάμενος
3952 5184 4094 5233 κατ’

2518 5291 2845 5359 ἐπειγωλὴν,
2901 5286 3025 5355 οὐχὶ
3086 5282 3270 5351 βάδην,
3330 5278 3390 5330 τὸ
3446 5277 3572 5345 δόρυ
3633 5275 3773 5327 κατὰ
3817 5272 3927 5322 τῶν
3979 5275 4098 5323 ἀν-

2516 5386 2755 5440 τιπάλων
2798 5380 3046 5434 τιταίνων
3111 5375 3306 5436 ἔξεισιν
3351 5369 3423 5428 ῶς
3481 5367 3636 5436 εῖπερ
3687 5363 3901 5429 ἐλάφων
3925 5361 4098 5431 αὐτῷ

2522 5476 2844 5543 κυνηγέσιον
2899 5467 3340 5538 προηυτρὲπιστο
3395 5457 3430 5523 ἢ
3481 5457 3776 5524 θηρευτικα
3809 5452 3927 5502 ἐκεῖ
3975 5467 4099 5501 που

2517 5539 2808 5636 ἀθύρματα
2838 5557 3263 5630 προητοίμαστο.
3312 5551 3540 5603 Διελθὼν
3569 5547 3658 5599 οὖν
3687 5543 3858 5609 άνέτῳ
3880 5539 4100 5610 ῥυτῆρι

2095 5669 2419 5722 άποκναῖσαι
2470 5661 2787 5730 πεποίηκεν,
2838 5652 2911 5713 ῶς
2969 5650 3186 5719 ἀχρεῖον
3259 5640 3396 5696 εἶναι
3450 5639 3590 5694 κατὰ
3617 5637 3714 5706 τὴν
3753 5635 3901 5706 ῶραν
3950 5631 4100 5703 τῆς.

865 5777 1185 5847 προσ6ολῆς,
1224 5774 1317 5828 καὶ
1363 5775 1423 5824 τὸ
1490 5771 1711 5835 πεζικὸν
1743 5769 1972 5822 ἐκλυθέν
2027 5768 2083 5826 ἐς
2109 5762 2258 5816 οὐδὲν
2281 5761 2492 5828 γέγονε.
