4304 6354
254 444 349 506 att
1098 436 1196 497 DE
1235 430 1516 495 ALEXIO
1559 427 1837 522 ISAACII
1889 424 2175 487 ANGEIJ
2209 429 2332 491 FR.
2367 430 2510 491 LIB.
2548 432 2599 492 I.
3380 428 3485 488 διε),

247 574 334 609 ιιι
366 553 655 624 μετέπειτα
683 549 971 620 χρήσιμον.
1017 547 1103 610 ὀς
1132 544 1187 598 δέ
1223 546 1447 614 ἤγγισεν
1488 541 1614 595 ἔνθα
1638 539 1973 609 παρενέϐαλε
2041 539 2124 610 [Ρ.
2166 540 2293 613 501]
2356 544 2417 595 τὸ
2448 546 2724 614 πολέμιον,
2792 543 2884 599 τοῦ
2917 546 3015 613 μέν
3052 542 3213 595 Ἀσᾶν
3236 543 3299 594 τὸ
3333 543 3488 594 πλεῖς

248 666 370 701 σττιν
404 646 497 700 καὶ
532 644 818 713 κράτιστον
843 640 1151 708 στράτευμα
1167 637 1244 699 είς
1282 635 1503 704 ἐνέδρας
1538 634 1631 686 καὶ
1652 631 1841 702 λόχους
1879 633 2273 701 διαμερίζεται.
2315 634 2343 685 ὁ
2381 637 2427 689 δ’
2470 638 2737 701 Ίσαάκιος
2760 639 2832 708 μὴ
2855 638 2916 690 τὸ
2949 636 3309 707 στρατήγημα
3329 635 3484 687 eoi-r2

248 741 341 792 nt
365 739 457 788 τδν
486 736 636 787 δόλον
670 731 1036 799 κατανοήσας,
1108 728 1183 791 ώς
1248 728 1501 798 ἡττήσων
1552 726 1648 778 καὶ
1711 724 2126 793 τροπωσόμενος
2184 726 2527 799 βακχευτικῷ
2585 730 2818 798 ἐπῆλθεν
2866 729 3146 797 ὁρμήματι
3186 741 3201 757 ’
3265 726 3345 779 διὸ
3392 730 3488 787 καὶ

248 833 357 887 τῶν
385 832 442 882 ὲν
471 832 578 890 τοῖς
607 827 782 894 λᾲχοις
808 824 1166 893 ἐπιθεμένων,
1206 822 1281 883 ώς
1321 824 1379 873 ἐν
1407 819 1592 888 μέσοις
1626 815 1909 886 συσχεθεὶς
1973 817 2195 887 ἄρκυσι,
2266 819 2491 883 πολλοὺς
2524 823 2623 891 μέν
2688 822 2929 875 ἀπέϐαλε
2984 820 3091 872 τῶν
3120 820 3286 885 ἰδίων,
3336 819 3488 881 τέλος

247 926 303 976 δὲ
353 922 447 975 καὶ
482 921 641 981 αὐτὸς
688 918 830 970 ἑάλω
885 914 1123 982 ζωγρίας
1172 912 1277 966 ὑπὸ
1336 910 1579 963 Σκυθῶν.
1622 910 1719 961 Ἐκ
1761 905 1817 957 δὲ
1855 904 2063 957 τούτων
2103 906 2455 976 συμϐέϐηκεν
2488 910 2563 969 ώς
2589 912 2646 961 ἐν
2713 911 2931 981 κτήνεσι
2986 908 3173 960 λέοντα
3239 908 3371 978 πρός
3427 925 3487 960 τε

248 1016 346 1075 τὰς
381 1012 694 1069 ἐπελεύσεις
734 1005 1068 1065 ἀδεεστάτως
1115 1006 1207 1057 καὶ
1267 1002 1366 1063 τὰς
1413 999 1692 1070 προνομάς
1735 997 1829 1048 τὸν
1866 994 2141 1065 βάρϐαρον
2212 998 2486 1067 ἐφορμᾷν,
2544 995 2632 1053 οἷα
2662 1001 2887 1067 μηδενὸς
2933 998 3266 1063 ἀπεξιόπος
3305 998 3386 1049 ἐτι
3424 1000 3490 1050 ἐκ

252 1103 360 1155 τῶν
410 1101 723 1169 Ῥωμαίων,
747 1093 881 1146 ὀλλά
919 1094 1136 1145 πάντων
1175 1090 1673 1144 ἀποδειλιασάντων
1729 1086 1822 1139 καὶ
1859 1087 1925 1153 τῇ
1994 1086 2147 1137 πόλει
2177 1088 2297 1149 ταῖς
2361 1087 2596 1157 Σέρῤαις
2651 1088 2768 1156 μετ’
2797 1090 3003 1143 ἀνέτων
3044 1090 3211 1157 ἡνιῶν
3246 1090 3491 1158 είσρυὲν-

250 1212 380 1254 των.
410 1195 523 1245 ὅσοι
564 1194 696 1253 τέως
722 1194 797 1259 μὴ
831 1190 1014 1258 ξίφους
1056 1184 1318 1252 ὤφθησαν
1387 1184 1663 1252 πάρεργον
1728 1181 1783 1232 ἐν
1822 1181 1888 1248 τῇ
1932 1178 2200 1248 συμϐολῇ.
2267 1179 2327 1231 '0
2362 1179 2425 1232 δὲ
2472 1181 2809 1251 συνειληφὼς
2866 1183 2954 1234 τὸν
3013 1182 3490 1251 σεϐαστοκράτορα

253 1285 466 1353 Σκύθης
500 1283 768 1343 παντοίως
794 1283 952 1335 αὐτὸν
976 1277 1404 1347 περιέκρυπτεν,
1431 1273 1507 1335 ὼς
1560 1271 1645 1341 εἴη
1690 1271 1979 1341 ἀφώρατος
2034 1268 2113 1338 τῷ
2176 1269 2361 1334 Ἀσάν,
2398 1271 2821 1342 ὑποσαινόμενος
2853 1274 3032 1326 ἐλπίσι
3062 1276 3136 1342 μή
3180 1290 3344 1325 τινων
3403 1274 3493 1325 ἐν·

251 1380 583 1446 δεεστέραις,
611 1377 683 1431 ὡς
724 1377 771 1427 εί
832 1376 957 1434 τοὺς
1006 1373 1245 1439 Βλάχους
1277 1368 1501 1422 διελθών
1541 1369 1621 1428 είς
1681 1367 1748 1419 τά
1815 1367 1992 1418 οἰκεῖα
2056 1364 2161 1433 ἠδη
2194 1365 2382 1417 τοῦτον
2410 1367 2735 1433 ἀπενέγκαι,
2771 1368 2996 1420 πλεῖστα
3030 1367 3093 1420 ἂν
3120 1368 3269 1435 αὑτῴ
3325 1371 3495 1421 κατά-

254 1477 398 1525 ttat-ro
431 1472 599 1536 λύτρα
636 1473 661 1522 ὁ
687 1469 964 1539 βασιλεύς.
989 1467 1098 1536 Τῆς
1132 1467 1188 1518 δὲ
1221 1465 1408 1534 φήμης
1442 1459 1813 1528 κατειπούσης
1850 1456 2221 1527 συλληφθῆναι
2288 1459 2380 1510 τὸν
2430 1460 2828 1531 στρατηλάτην,
2902 1460 3201 1531 ἐπιμελοῦς
3260 1477 3495 1530 γεγενη-

255 1565 420 1632 μένης
456 1562 681 1630 ἐρεύνης
712 1560 868 1625 δῆλος
896 1558 1107 1624 γίνεται
1153 1557 1248 1608 καὶ
1287 1554 1365 1623 τῷ
1405 1553 1571 1605 Ἀσὰν
1598 1548 1980 1620 ἐμφανίζεται.

323 1659 382 1703 ε’.
425 1655 532 1705 Καὶ
572 1653 696 1721 τῇδε
736 1651 835 1718 μὲν
871 1649 1053 1716 ἀπέϐη
1088 1646 1262 1698 ταῦτα
1284 1662 1298 1676 ·
1332 1645 1454 1696 τότε
1482 1644 1539 1696 δὲ
1584 1645 1679 1696 καὶ
1711 1640 1820 1694 τῶν
1845 1643 1901 1701 Α
1992 1639 2023 1694 5

1793 1657 1820 1692 ν
1845 1643 1901 1701 Α
1992 1639 2047 1694 5.
2087 1638 2187 1695 Hie
2214 1639 2363 1694 illius
2390 1639 2757 1703 expeditionis
2778 1642 2960 1695 exitus
2981 1642 3104 1696 fuit.
3148 1643 3287 1697 Tum
3327 1646 3493 1701 etiam

250 1742 607 1809 δορυαὶιῖιτων
653 1758 734 1802 τις
774 1740 985 1808 ίερέων,
1032 1740 1109 1799 είς
1141 1736 1235 1788 τὸν
1277 1729 1450 1805 Αἷμον
1476 1732 1823 1803 αἰχμάλωτος
1925 1745 1950 1800 q

1800 1747 1823 1792 ;
1925 1730 2146 1800 quidam
2186 1731 2434 1800 captivus
2457 1731 2737 1793 sacerdos,
2806 1731 3076 1787 Blachicte
3106 1733 3304 1802 linguae
3340 1739 3495 1804 ,peri-

251 1834 622 1901 ἀπαγόμενος,
658 1832 827 1883 δεῖται
858 1829 953 1882 τοῦ
998 1828 1161 1880 Ἀσάν
1195 1826 1486 1894 ἀφεθῆναι,
1518 1825 1585 1875 δι’
1609 1827 1825 1891 ὁμοφω-
1924 1831 1944 1875 ι

1793 1841 1825 1870 »-
1924 1831 2034 1884 tus,
2070 1837 2195 1875 cum
2230 1822 2283 1874 iu
2319 1822 2562 1876 Haemum
2593 1822 2983 1884 abduceretur,
3050 1826 3286 1880 Asanem
3335 1828 3493 1881 mise-

252 1917 370 1977 νίας
403 1920 472 1972 ὡς
498 1916 631 1983 {Epig
664 1916 761 1981 τῆς
785 1914 892 1964 τών
924 1912 1141 1979 Βλάχων
1169 1911 1353 1977 φωνῆς
1375 1910 1455 1970 είς
1483 1907 1633 1959 ἔλεον
1660 1907 1823 1959 αὑτὸν
1924 1928 1952 1965 ι·

1795 1923 1823 1959 ν
1924 1912 2081 1966 rabili
2108 1914 2357 1966 oratione
2388 1913 2695 1967 obtestatus
2728 1922 2788 1966 ut
2816 1929 2873 1967 se
2929 1916 3250 1982 dimitteret,
3317 1917 3409 1972 ubi
3440 1919 3495 1972 id

252 2007 678 2071 ἑκκαλδύμενος.
762 2004 820 2054 '0
887 2002 931 2055 δ’
987 2000 1289 2059 ἀνανεύσας
1340 1999 1508 2066 ἔφατο
1552 1997 1821 2067 μηδέποτε
1924 2005 1952 2057 il

1796 2013 1821 2048 ε
1924 2004 2017 2059 ille
2050 2005 2254 2065 renuit,
2286 2019 2465 2072 neque
2487 2005 2639 2057 enim
2688 2005 2792 2058 sibi
2853 2009 3197 2075 propositum
3222 2025 3343 2063 esse
3396 2011 3495 2063 Ro-

253 2096 551 2162 προθέσθαι
610 2095 913 2163 Ῥωμαίους
974 2090 1255 2156 ἀπολύειν,
1308 2090 1422 2143 ἀλλ’
1483 2088 1817 2142 ἀπολλύειν*

250 2184 408 2235 τοῦτο
443 2186 550 2251 γὰρ
597 2184 687 2233 καὶ
731 2181 863 2232 Θεὸν
911 2178 1216 2249 βούλεσθαι.
1266 2176 1407 2247 Πρὸς
1435 2174 1464 2228 ὃ
1513 2174 1605 2227 τὸν
1654 2172 1823 2239 θύτην

250 2274 468 2339 ὶέγεται
539 2273 983 2337 ἀνθυπενεγκεῖν,
1066 2266 1403 2331 στενάξαντα
1469 2265 1655 2334 βύθιον
1721 2264 1815 2316 καὶ¹

249 2362 507 2428 δακρύοις
566 2364 631 2413 τὰ
684 2362 906 2430 ὄμματα
956 2358 1247 2426 τέγξαντα,
1305 2357 1431 2427 μηδ’
1480 2355 1632 2425 αὐτῷ
1688 2354 1821 2407 Θεὸν

252 2452 642 2502 ὑπολείπεσθαι
713 2452 1036 2517 οἰκτίρμονα
1090 2449 1206 2502 ἀνθ’
1264 2442 1339 2500 ὧν
1408 2447 1510 2498 οὐκ
1572 2443 1820 2513 ἐμνήσθη

253 2544 477 2610 ποιῆσαι
524 2544 669 2601 ἔλεος
720 2546 857 2610 μετά
898 2541 1129 2608 πένητος
1159 2538 1351 2608 ἀνδρὸς
1384 2536 1475 2589 διὰ
1510 2534 1814 2605 ἱερωσύνης

251 2634 369 2700 υεῴ
402 2633 811 2699 πλησιάζοντος,
851 2633 1015 2699 ἐγγὺς
1046 2632 1103 2683 δέ
1141 2631 1190 2681 οἱ
1236 2627 1580 2699 παρεστάναι
1632 2624 1727 2678 καλ⁵
1760 2623 1823 2675 τὸ

251 2726 348 2793 τῆς
374 2725 519 2791 ζωῆς
551 2726 751 2794 τέρμα,
789 2724 884 2775 καὶ
921 2722 1081 2774 τοῦτο
1112 2723 1187 2790 μὴ
1211 2720 1285 2783 ώς
1312 2721 1371 2771 ὲν
1408 2718 1638 2788 μαλακῷ
1669 2716 1822 2783 ὕπνῳ

249 2818 328 2882 τῷ
352 2814 567 2883 φυσικῴ
619 2816 772 2882 μόρῳ
812 2812 1265 2883 ὲπελευσόμενον,
1295 2810 1415 2864 ἀλλ’
1444 2812 1519 2873 ὡς
1561 2808 1723 2862 εἴωθε
1753 2806 1822 2860 τὰ

254 2905 482 2957 πλεῖστα
523 2910 632 2968 τοῖς
674 2907 932 2972 σφάττειν
976 2907 1033 2957 ἐν
1081 2904 1332 2974 μαχαίρᾳ
1377 2901 1819 2971 προτιθεμένοις.

1925 2109 2117 2149 manos
2163 2095 2445 2148 dimittere
2500 2094 2596 2149 sed
2626 2095 2879 2163 perdere,
2937 2096 3102 2166 idque
3162 2099 3273 2152 Deo
3330 2100 3495 2153 etiam

1926 2184 2171 2253 probari,
2205 2184 2294 2238 ille
2346 2199 2471 2238 cum
2500 2185 2612 2238 alto
2640 2186 2880 2253 suSpirio
2942 2195 2997 2240 et
3052 2187 3309 2258 lacrymis
3368 2191 3500 2242 sub-

1918 2274 2117 2343 jecisse
2137 2275 2315 2328 fertur
2343 2289 2443 2329 nec
2477 2275 2581 2344 ipsi
2642 2276 2908 2343 reliquam
2956 2292 3075 2331 esse
3139 2278 3234 2332 Dei
3279 2278 3496 2332 miseri-

1924 2366 2194 2431 cordiam,
2219 2365 2365 2435 quod
2398 2367 2502 2419 viri
2538 2367 2814 2435 pauperis,
2868 2368 2978 2421 Deo
3026 2368 3097 2422 ob
3131 2370 3499 2423 sacerdotium

1925 2457 2230 2521 familiaris,
2264 2472 2375 2511 non
2403 2457 2773 2519 sitmiscrtus,
2813 2459 3098 2513 acinstare
3126 2461 3178 2513 ei
3209 2472 3498 2515 cruentum

1924 2549 2050 2601 vitae
2070 2548 2299 2611 exitum,
2333 2548 2480 2617 quali
2521 2548 2775 2601 homines
2804 2550 3141 2619 sanguinarii
3175 2551 3501 2620 plerumque

1925 2638 2111 2707 perire
2171 2638 2404 2693 soleant.
2466 2639 2580 2693 Nec
2635 2638 2829 2693 fefellit
2887 2655 2951 2692 ca
3012 2641 3303 2695 sacrificuli
3357 2641 3500 2696 divi-

1931 2727 2117 2794 natio;
2148 2745 2276 2783 nam
2326 2730 2494 2798 paulo
2524 2742 2645 2798 post
2679 2731 2847 2801 διε
2881 2732 2934 2784 in
2991 2731 3212 2802 Mysiam
3243 2748 3503 2787 reversus

1926 2833 1957 2871 a
2017 2818 2368 2873 familiarium
2434 2834 2661 2873 suorum
2715 2822 2951 2888 quodam
2997 2821 3304 2887 occiditur;
3338 2824 3502 2891 idque

1930 2908 2036 2963 hoc
2103 2910 2267 2963 modo
2326 2910 2529 2965 factum
2598 2920 2701 2965 cst.
2722 2911 2954 2976 Quidam
2996 2924 3190 2965 natura
3248 2924 3296 2965 et
3332 2917 3501 2968 mori-

255 2998 362 3048 Καὶ
388 2998 447 3047 οὐ
476 2998 697 3048 διέπεσε
727 2995 823 3048 τοῦ
852 2995 1123 3059 θυηπόλου
1154 2994 1216 3045 τὸ
1257 2993 1590 3062 πρόρρημα·
1636 2987 1821 3059 μικρῷ
1844 2991 1898 3049 Β
1930 2998 1955 3053 L

1798 2987 1898 3056 PB
1930 2998 2035 3053 bus
2083 2999 2134 3052 ei
2188 2998 2401 3061 similis,
2434 3008 2492 3053 et
2523 2998 2713 3052 intima
2749 2997 3119 3054 familiaritate
3149 3002 3498 3070 conjunctus_

254 3087 359 3154 γάρ
382 3085 606 3153 ὕστερον
642 3088 720 3146 είς
762 3086 860 3153 τὴν
889 3084 1103 3136 Μυσίαν
1147 3082 1439 3152 ἐπανηκὼς
1486 3084 1639 3151 παρά
1678 3098 1821 3145 τινος

253 3176 364 3224 τῶν
402 3174 620 3225 οἰκείων
664 3173 1077 3242 διαχειρίξεται.
1114 3168 1222 3225 Ἦν
1263 3171 1322 3223 δὲ
1367 3171 1396 3221 ὁ
1432 3171 1632 3239 τρόπος
1668 3164 1823 3232 οὗτος

254 3263 353 3330 τῆς
401 3262 568 3315 αὑτοῦ
624 3266 982 3332 ἀναιρέσεως.
1042 3262 1208 3333 ’Δνήρ
1247 3278 1335 3324 τις
1381 3260 1632 3332 ὁμοφυὴς
1675 3261 1824 3330 αὐτῷ

255 3354 350 3403 καὶ
388 3353 691 3423 ὁμότροπος
750 3354 844 3405 καὶ
900 3346 945 3418 ᾧ
998 3352 1140 3404 πάνυ
1191 3350 1564 3420 προσέϐλεπεν
1617 3352 1825 3421 ἥμερον

256 3442 537 3511 (Ίϐαγκὸς
591 3443 764 3510 ὄνομα
811 3442 987 3511 τῷδε’
1032 3443 1290 3511 σημαίνει
1336 3443 1393 3495 δὲ
1450 3444 1483 3512 ἡ
1532 3442 1674 3506 λέξις
1734 3441 1824 3495 τὸν

267 3532 572 3602 Ἰωάννην),
599 3534 667 3600 τῇ
694 3532 794 3601 τῆς
816 3532 1072 3598 γυναικὸς
1099 3530 1266 3585 αὑτοῦ
1301 3534 1621 3601 κασιγνήτῳ
1647 3531 1824 3601 λάθρα

258 3622 577 3689 συνήρχετο.
621 3620 931 3687 Πυθόμενος
983 3617 1078 3670 οὖν
1109 3621 1178 3671 τά
1228 3622 1329 3688 τῆς
1370 3622 1570 3688 μίξεως
1617 3624 1826 3683 ἐκεῖνος

257 3712 325 3763 τὰ
353 3712 452 3779 μὲν
488 3711 685 3779 πρῶτα
728 3712 808 3772 είς
836 3710 1068 3772 εὐθύνας
1107 3707 1210 3780 ἦγε
1240 3712 1340 3777 τὴν
1380 3708 1685 3779 ὁμευνέτιν,
1731 3712 1826 3763 καὶ

260 3801 497 3854 θανάτου
519 3802 685 3870 ἐτίμα
710 3803 806 3869 τὴν
845 3804 940 3855 ἐπὶ
972 3805 1084 3864 τοῖς
1131 3803 1430 3871 δρωμένοις
1455 3802 1825 3872 παρασιώπη-

258 3906 345 3941 σιν
391 3906 407 3920 ο
455 3892 530 3952 ώς
579 3892 625 3944 δ’
677 3892 858 3953 ἄλλοις
916 3909 976 3944 τε
1031 3894 1194 3946 αὐτὸν
1236 3895 1269 3963 ὴ
1315 3897 1453 3962 γυνὴ
1503 3893 1681 3960 λόγοις
1730 3893 1827 3945 τοῦ

258 3979 445 4045 φονίου
488 3978 798 4047 κατηύναζε
835 3979 1151 4049 βλέμματος
1183 3982 1279 4032 καὶ
1304 3981 1652 4049 ὁρμήματος,
1690 3978 1829 4031 ἀλλὰ

255 4070 320 4139 δὴ
345 4072 441 4122 καὶ
468 4070 547 4140 τῷ
592 4071 891 4140 προσάγειν
913 4070 1139 4138 ὕστερον
1171 4071 1245 4132 ώς
1286 4070 1511 4131 είκαίως
1538 4069 1673 4139 χολᾷ
1707 4068 1826 4121 κατ’

258 4160 453 4228 αὐτῆς,
499 4160 746 4230 ἀκριϐῶς
774 4160 882 4229 γὰρ
931 4160 1185 4211 κάκεῖνον
1232 4159 1302 4211 τὰ
1337 4158 1467 4227 περὶ
1524 4158 1624 4227 τὴν
1680 4157 1828 4226 μίξιν

255 4250 487 4319 ταυτηνὶ
519 4248 850 4320 συνειδέναι,
876 4250 970 4301 τὸν
1004 4250 1147 4301 κατά
1177 4248 1276 4316 τῆς
1304 4247 1639 4316 ὁμολέκτρου
1674 4247 1828 4316 χόλον

256 4344 343 4402 είς
381 4341 630 4406 Ἰϐαγκὸν
663 4342 1011 4412 μετατίθησι,
1058 4343 1153 4394 καὶ⁸
1179 4342 1244 4409 δὴ
1280 4342 1703 4409 μεταπέμπεται
1732 4342 1825 4394 τὸν

255 4434 427 4503 ἄνδρα
455 4434 563 4486 τῶν
595 4434 810 4487 νυκτῶν
843 4435 1004 4502 ἀωρὶ,
1028 4432 1196 4503 μηδὲν
1219 4434 1481 4500 καθυφεὶς
1509 4434 1607 4502 τῆς
1629 4434 1831 4501 ὁρμῆς.

266 4524 329 4577 Ὀ
358 4525 413 4576 δὲ
439 4524 499 4576 τὸ
534 4525 632 4593 τῆς
660 4525 851 4596 χρείας
902 4526 1105 4594 ἔξωρον
1143 4526 1245 4577 οὑκ
1270 4525 1510 4579 ἀναίτιον
1548 4525 1642 4576 καὶ
1667 4524 1830 4577 ἀνεύ-

258 4614 425 4667 θυνον
444 4614 735 4684 omnem;
757 4615 853 4685 τὴν
879 4614 1071 4683 αὔριον
1101 4614 1200 4683 τὴν
1232 4615 1420 4683 ἄφιξιν
1450 4614 1827 4687 ὑπερτίθεται.

259 4704 348 4775 [Ρ.
392 4704 524 4775 502]
567 4706 808 4759 Ἐκείνου
854 4705 899 4759 δ’
929 4705 996 4759 αὖ
1054 4704 1216 4759 πάλιν
1246 4708 1571 4775 ἐγκειμένου
1624 4711 1719 4761 καὶ
1756 4711 1829 4780 μὴ

258 4795 451 4863 φέρειν
499 4796 717 4864 ἔχοντος
747 4795 848 4866 τὴν
887 4797 1171 4867 ῥᾳστώνην
1203 4797 1279 4861 ώς
1329 4799 1657 4868 παρόρασιν,
1709 4816 1828 4853 κοι-

255 4883 442 4936 νοῦται
480 4888 593 4947 τοῖς
623 4884 747 4938 καθ’
801 4881 942 4955 αἷμα
996 4889 1092 4939 καί⁵
1149 4886 1329 4955 φίλοις
1387 4890 1448 4940 τὸ
1504 4890 1761 4959 ποιητέον
1802 4890 1830 4941 ὁ

272 4969 544 5039 ἰϐςγκὸς,
585 4975 664 5034 είς
697 4972 821 5025 νοῦν
852 4973 949 5041 ὀψέ
983 4990 1113 5026 ποτε
1146 4973 1325 5041 βαλὼν
1357 4976 1417 5029 τὸ
1455 4976 1554 5046 τῆς
1590 4977 1829 5046 ἀφίξεως

259 5064 456 5115 αῐτιον.
492 5066 554 5115 Ol
599 5064 644 5115 δ’
682 5064 1005 5117 ὑποτιθέασι
1050 5064 1224 5135 τούτῳ
1250 5067 1351 5136 τὴν
1389 5069 1623 5137 προτενῆ
1669 5086 1829 5139 περι-

260 5151 547 5215 ζώσασθαι
591 5156 891 5224 μάχαιραν,
935 5153 1028 5206 καί
1062 5156 1264 5225 ταύτην
1303 5157 1382 5225 τῷ
1428 5158 1628 5227 ίματίῳ
1670 5159 1830 5213 ἐνθάο

255 5242 440 5310 ψαντα
471 5243 758 5309 εἰσελθεῖν,
801 5248 896 5299 καὶ
930 5247 1023 5299 τοῦ
1059 5247 1158 5316 μὲν
1203 5249 1366 5301 Ἀσὰν
1403 5252 1586 5321 ἠρέμα
1629 5269 1830 5323 προσε-

258 5334 659 5403 πιπλήττοντος
688 5338 780 5390 καὶ
812 5339 874 5389 τὸ
911 5339 1004 5391 τοῦ
1037 5339 1213 5411 θυμοῦ
1242 5342 1367 5394 κατ’
1400 5343 1565 5396 αὑτοῦ
1598 5345 1831 5415 βράττον

258 5424 458 5495 ὓϐρεσι
497 5425 962 5496 συμμτροῦντος,
991 5428 1084 5479 καὶ
1116 5421 1229 5491 τοῖς
1260 5427 1467 5492 λοιποῖς
1492 5430 1525 5481 ἀ
1551 5432 1626 5502 μὴ
1656 5430 1832 5500 λυμή-

255 5532 423 5585 νηται
478 5514 539 5567 τὸ
591 5516 752 5585 σῶμα
811 5518 913 5585 τὴν
956 5516 1177 5569 κόλασιν
1214 5517 1590 5589 ἀφορίζοντος,
1639 5521 1830 5589 φέρειν

1926 3089 2148 3142 nomine
2204 3087 2437 3142 Ibancus
2503 3088 2605 3157 (sic
2651 3088 2889 3141 Joannes
2940 3102 2971 3141 a
3018 3087 3233 3141 Blachis
3256 3091 3501 3160 dicitur).

1926 3179 2065 3233 clam
2115 3192 2240 3232 cum
2298 3177 2484 3231 uxoris
2542 3179 2661 3247 ejus
2718 3192 2909 3232 sorore
2964 3190 3345 3234 consueverat.
3383 3183 3503 3247 Quo

1928 3274 2118 3337 stupro
2141 3278 2445 3335 comperto,
2478 3267 2754 3339 principio
2810 3285 3037 3324 uxorem
3102 3272 3394 3327 accusabat
3448 3288 3505 3328 ct

1927 3369 2151 3429 propter
2224 3360 2344 3429 ejus
2427 3358 2689 3414 facinoris
2755 3360 3250 3416 dissimulationem
3307 3366 3505 3433 capitis

1929 3450 2243 3504 damnabat.
2274 3449 2321 3503 Α
2369 3464 2481 3518 quo
2509 3450 2721 3504 crudeli
2756 3452 3039 3520 proposito
3066 3468 3188 3506 cum
3226 3455 3347 3509 aliis
3378 3472 3504 3509 ver-

1932 3542 2014 3595 bis
2042 3542 2226 3595 uxoris
2248 3556 2359 3594 suae
2388 3541 2707 3605 deterritus,
2764 3551 2878 3595 tum
2906 3558 2974 3597 co
3008 3545 3155 3613 quod
3205 3548 3507 3603 aliirmabat

1931 3633 2109 3701 ipsum
2138 3646 2360 3699 quoque
2392 3633 2512 3700 ejus
2533 3633 2609 3686 rei
2667 3633 2837 3701 probe
2863 3650 3093 3703 gnarum
3130 3652 3272 3699 esse,
3304 3639 3439 3692 iram
3473 3658 3505 3693 ιι

1930 3722 2171 3774 muliere
2205 3721 2258 3774 in
2294 3722 2554 3775 Ibaucum
2574 3723 2858 3786 transfert,
2900 3740 3137 3794 euntque
3167 3729 3313 3782 nulla
3352 3745 3504 3783 mora

1932 3812 2254 3880 interposita
2284 3813 2609 3881 intempesta
2638 3823 2800 3867 nocte
2856 3817 3109 3870 accersit.
3176 3817 3226 3871 Is
3278 3834 3411 3875 vero
3445 3835 3505 3875 se

1932 3902 2112 3955 alieno
2140 3910 2384 3968 tempore
2418 3918 2525 3957 non
2556 3904 2677 3958 sine
2733 3906 2886 3974 gravi
2951 3923 3113 3960 causa
3162 3917 3218 3963 et
3275 3911 3506 3965 crimine

1934 3991 2117 4045 vocari
2141 4002 2313 4055 ratus,
2344 3992 2641 4047 adventum
2675 4009 2837 4048 suum
2870 3996 2924 4049 in
2964 3999 3269 4054 crastinum
3293 4001 3502 4057 diﬂ‘ert.

1935 4078 2041 4133 Sed
2072 4081 2166 4134 illo
2190 4097 2382 4136 rursus
2403 4082 2644 4139 instante
2703 4093 2760 4139 et
2807 4089 3358 4155 procrastinationem
3416 4095 3503 4148 sui

1934 4180 2311 4239 contemptum
2372 4174 2794 4243 interpretante,
2850 4177 3081 4234 Ibancus
3135 4182 3222 4234 vix
3283 4176 3503 4240 tandem

1935 4274 2097 4313 causa
2122 4275 2221 4315 cur
2240 4274 2533 4319 vocaretur
2563 4267 2865 4330 intellecta,
2899 4284 3025 4322 cum
3066 4271 3258 4325 amicis
3291 4283 3348 4327 et
3406 4291 3501 4328 co-

1933 4352 2111 4418 gnatis
2132 4351 2425 4407 deliberat.
2462 4356 2500 4409 li
2570 4367 2797 4411 monent
2852 4369 2911 4411 ut
2966 4360 3127 4431 longo
3174 4363 3354 4432 gladio
3401 4368 3502 4420 sub

1930 4447 2081 4491 veste
2107 4441 2381 4495 occultato
2412 4444 2690 4498 accinctus
2718 4447 3081 4516 ingrediatur.
3109 4452 3316 4516 Quodsi
3355 4453 3501 4507 Asan

1930 4542 2057 4582 eum
2087 4530 2301 4586 modice
2331 4532 2583 4603 objurget
2608 4545 2663 4589 et
2690 4536 2989 4593 iracundiae
3022 4540 3285 4610 impetum
3308 4545 3505 4597 convi-

1931 4616 2033 4670 ciis
2063 4619 2324 4673 terminet
2361 4620 2480 4674 sine
2520 4624 2767 4679 cruciatu
2822 4629 3091 4695 corporis,
3165 4641 3224 4683 ut
3287 4633 3502 4687 fortiter

1931 4701 2073 4758 ferat
2100 4713 2157 4758 et
2187 4708 2405 4775 culpam
2436 4707 2784 4777 deprecetur.
2842 4710 2936 4766 Sin
2994 4730 3182 4769 ensem
3239 4720 3498 4785 postulet.

1932 4804 2046 4849 tum
2078 4805 2133 4849 et
2166 4799 2278 4863 ipse
2305 4800 2483 4851 virum
2514 4814 2572 4853 se
2601 4801 2861 4868 praebeat,
2881 4814 2937 4857 et
2966 4820 3187 4873 operam
3220 4807 3311 4862 det
3338 4811 3502 4881 619

1934 4897 1995 4940 ut
2022 4896 2333 4941 antevertat
2365 4889 2645 4944 hominem
2676 4893 3051 4959 impudentem
3106 4905 3162 4951 et
3214 4904 3505 4969 sanguina-

1933 4980 2098 5040 rium.
2137 4996 2237 5034 nec
2263 4982 2435 5034 ullum
2464 4983 2632 5037 ictum
2666 4985 2767 5039 nisi
2816 4987 3071 5041 letbalem
3098 4991 3147 5044 ei
3195 4990 3407 5045 inferat.
3446 4993 3502 5046 Id

1934 5070 2222 5124 consilium
2276 5069 2507 5124 Ibancus
2556 5074 2739 5126 statim
2786 5080 3125 5143 exsequitur.
3188 5081 3322 5133 Nam
3377 5099 3501 5135 eum

1933 5160 2206 5216 Barbarus
2238 5162 2374 5215 nihil
2406 5163 2672 5218 moderati
2715 5166 2913 5220 inequ
2947 5172 3235 5239 cogitaret,
3276 5172 3369 5226 sed
3434 5176 3500 5227 aal

1933 5252 2170 5321 primum
2194 5254 2314 5323 ejus
2344 5266 2696 5325 conspectum
2716 5256 2977 5314 eﬂ'eratus
3000 5277 3188 5315 ensem
3208 5277 3498 5331 quareret.

1936 5342 2028 5396 ille
2062 5342 2276 5397 facinus
2305 5356 2537 5415 occupat
2566 5356 2619 5400 et
2656 5362 2789 5403 ense
2816 5349 2872 5403 in
2908 5350 3131 5421 inguine
3158 5353 3337 5407 defixo
3366 5356 3501 5408 Asa-

1935 5446 2060 5485 nem
2085 5432 2307 5486 occidit.
2335 5434 2465 5489 Inde
2492 5436 2710 5506 elapsus
2745 5440 2929 5494 statim
2960 5442 3027 5494 ad
3060 5440 3310 5498 donscios
3331 5461 3388 5499 se
3416 5463 3505 5501 re-

1935 5523 2087 5593 cipit,
2114 5538 2179 5577 ac
2202 5525 2349 5579 crede
2385 5527 2625 5581 indicata
2655 5544 2782 5583 cum
2806 5531 2887 5584 eis
2915 5533 3205 5588 consilium
3244 5534 3508 5592 defectio~

250 5607 528 5676 γενναίως
573 5610 670 5661 καὶ
700 5611 801 5680 τὴν
842 5609 929 5677 ἐφ’
954 5603 1039 5672 οἷς
1081 5610 1225 5664 ἑάλω
1259 5612 1650 5682 παραιύπησιν
1693 5629 1827 5681 συγ-
1864 5632 1950 5689 Dt

1806 5642 1827 5653 -
1864 5637 1907 5689 ῃ
1936 5619 2024 5670 nis
2059 5616 2161 5669 init
2183 5632 2196 5669 :
2222 5619 2572 5686 nequeenim
2598 5618 2816 5685 fratres,
2838 5635 3094 5692 cognatos
3113 5634 3169 5679 et
3197 5627 3399 5682 amicos
3422 5630 3506 5681 in-

256 5699 492 5770 γνώμην
520 5700 690 5754 αἰτεῖν
715 5716 735 5734 ⁶
765 5703 814 5755 εί
846 5702 890 5755 δ’
921 5704 1127 5766 ἐκεῖνος
1178 5702 1353 5774 διφῲη
1398 5705 1458 5757 τδ
1506 5702 1661 5774 ξίφος
1705 5707 1826 5758 κατ’

259 5792 456 5857 αὐτοῦ,
492 5792 796 5862 τηνικαῦτα
830 5795 1089 5847 κάκεῖνον
1124 5794 1492 5861 ἀνδρίζεσθαι,
1527 5798 1621 5850 καὶ
1662 5796 1831 5849 σπεύ-

428 5885 696 5945 Ρλταοι..
735 5886 850 5947 Gn.
901 5887 1006 5948 CX
1020 5885 1244 5947 XXIX.

1941 5707 2153 5763 terfecti
2184 5709 2489 5778 quieturos.
2529 5711 2735 5777 Quodsi
2770 5730 2855 5768 res
2896 5731 2961 5769 ex
2989 5718 3257 5771 sententia
3287 5734 3496 5775 succes-

1940 5798 2097 5862 serit,
2128 5810 2188 5850 se
2228 5799 2433 5866 regioni
2461 5799 2537 5852 illi
2568 5810 2623 5855 et
2657 5802 2754 5855 toti
2782 5802 2961 5871 Mysiae
2982 5803 3185 5872 justius
3214 5813 3269 5859 et
3297 5807 3507 5877 aequius

3102 5895 3172 5955 27
