4304 6354
836 320 956 382 ’843

841 527 991 579 ferro
1017 535 1357 595 grassaturas
1391 526 1442 579 in
1473 541 1687 588 omnes,
1738 536 1794 581 et
1820 527 2085 597 quidquid
2125 529 2408 585 iracundia

842 619 1082 670 suaserit
1116 626 1565 684 perpetraturos;
1601 619 1683 671 sin
1717 633 1804 672 res
1829 617 1988 672 aliter
2010 620 2273 674 ceciderit
2306 636 2410 676 nec

840 718 1071 762 eventus
1104 708 1352 762 consiliis
1386 710 1753 778 responderit,
1796 710 1958 763 aliam
1989 712 2256 765 rationem
2298 713 2407 766 ini-

841 809 996 853 turos
1048 808 1104 852 et
1146 801 1379 854 salutem
1441 817 1593 854 suam
1652 802 2027 856 Romanorum
2086 803 2405 871 imperatori

837 889 1251 945 commissuros.
1287 892 1409 945 llaec
1438 902 1714 946 nocturno
1743 893 1923 948 adhuc
1987 903 2233 962 tempore
2295 912 2406 951 non

836 980 1004 1035 modo
1032 983 1415 1046 decreverunt,
1443 984 1538 1037 sed
1565 986 1765 1038 multos
1791 989 1953 1038 etiam
1987 987 2039 1038 in
2076 1001 2203 1041 suas
2225 997 2405 1056 partes

834 1073 1611 1138 pertraxeruntzetTernobo
1672 1086 1932 1142 occupata
1989 1079 2076 1146 (ea
2105 1089 2191 1133 est
2239 1080 2404 1149 620

833 1161 1080 1214 omnium
1108 1161 1512 1217 l-laemiurbium
1542 1165 1905 1219 munitissima
1973 1179 2028 1220 et
2062 1171 2400 1237 praestantis-

830 1251 989 1312 sima,
1024 1251 1078 1304 in
1105 1253 1309 1306 montis
1362 1255 1568 1307 vertice
1625 1255 1750 1314 sita,
1831 1256 2006 1310 firmis
2061 1258 2401 1313 circumdata

829 1343 1126 1405 mtenibus,
1158 1359 1319 1412 quam
1353 1353 1408 1397 ct
1441 1346 1614 1399 amnis
1672 1346 1911 1414 perfluit)
1960 1349 2124 1402 Petro
2184 1351 2402 1405 restite—

828 1442 978 1487 runt.
1003 1434 1138 1486 Nam
1168 1443 1222 1487 ut
1252 1436 1488 1503 primum
1515 1436 1809 1500 diluxerat,
1845 1437 1985 1492 fama
2009 1440 2210 1494 caedem
2265 1443 2399 1496 Asa-

826 1525 914 1578 nis
943 1540 1051 1579 non
1085 1526 1624 1589 Ternobiduntaxal,
1660 1530 1751 1581 sed
1784 1531 1836 1581 in
1859 1531 1994 1583 locis
2022 1532 2186 1584 etiam
2218 1547 2398 1585 remo-

827 1618 1062 1673 tioribus
1088 1620 1403 1688 divulgavit.
1441 1620 1545 1672 Sed
1578 1636 1699 1672 cum
1755 1637 1854 1676 nec
1890 1623 2083 1676 Petrus
2136 1624 2392 1679 lbancum

823 1712 1147 1778 expugnari,
1212 1725 1313 1762 nec
1339 1710 1569 1764 lbancus
1603 1710 1766 1764 Petro
1823 1727 1880 1766 se
1934 1715 2188 1768 resistere
2234 1715 2394 1770 facile

821 1814 981 1867 posse
1011 1810 1289 1862 cerneret,
1320 1800 1409 1853 ille
1436 1801 1582 1856 hunc
1610 1801 1918 1854 obsidionis
1949 1819 2099 1857 mora
2156 1804 2387 1858 doman-
2428 1778 2466 1831 Β

822 1890 975 1954 dum,
1017 1891 1106 1944 hic
1137 1890 1204 1943 ad
1233 1891 1601 1944 Romanorum
1629 1892 2015 1960 imperatorem
2067 1894 2390 1963 confugien-

821 1982 950 2036 dum
982 1991 1035 2035 et
1065 1984 1183 2052 ejus
1212 1999 1312 2051 ope
1343 1983 1592 2036 hostibus
1617 1983 1980 2038 resistendum
2009 2001 2126 2040 esse
2154 1988 2387 2043 censuit.

818 2075 1122 2128 Ferebatur
1156 2085 1338 2128 autem
1378 2076 1609 2129 Ibancus
1634 2077 1798 2130 etiam
1834 2078 2022 2131 lsaacii
2056 2079 2393 2134 sebastoera-

820 2168 956 2219 toris
986 2167 1216 2234 impulsu
1255 2168 1490 2222 Asanem
1557 2168 1845 2232 occidisse,
1909 2185 2032 2222 cum
2062 2171 2184 2225 aliis
2216 2173 2388 2239 pluri-

817 2258 923 2310 mis
961 2258 1465 2328 pollicitationibus,
1498 2272 1608 2312 tum
1637 2274 1731 2328 spe
1787 2259 2098 2328 nuptiarum
2122 2260 2242 2315 filia:
2269 2262 2388 2330 ejus

817 2346 1118 2403 Theodorac
1146 2352 1434 2404 adductus.
1469 2351 1737 2404 Caeterum
1765 2351 2003 2407 lsaacius
2041 2361 2167 2408 ante
2188 2354 2386 2409 Asanis

809 2443 1019 2496 eaedem
1048 2443 1102 2496 in
1133 2444 1367 2497 vinculis
1389 2444 1712 2512 ex5piravit.

2075 327 2370 388 NlCET/E
2413 332 2818 398 ΟΗΟΝῘΛΤΕ

841 449 1008 502 quam
1035 433 1264 488 Asanem
1296 435 1691 499 dominaturos,
1718 451 1914 506 neque,
1963 447 2020 491 ut
2055 439 2145 491 ille
2195 438 2407 504 fecerit,
2440 445 2489 503 Α
2519 444 2541 496 ὁ

1727 451 1914 506 neque,
1963 447 2020 491 ut
2055 439 2145 491 ille
2195 438 2407 504 fecerit,
2440 445 2489 503 Α
2519 444 2632 496 δειν
2662 445 2803 500 ὥστε
2837 449 3062 516 φθάσειεν
3099 452 3125 505 ὃ
3157 454 3427 527 μελλήσας

3937 370 3949 381 “
3976 365 4076 426 8N

3460 460 3656 516 αὐτίκα
3683 465 3952 535 πείσεται,
3988 478 4076 526 καὶ

2516 538 2695 598 πάσας
2730 542 2945 611 καιρίας
2996 546 3224 614 ἐπάγειν
3271 551 3365 603 καὶ
3410 557 3762 621 καταγούσας
3817 565 3896 622 είς
3951 563 4074 632 ᾅδου

2513 628 2601 680 τδν
2652 629 2846 701 ἀναιδῆ
2894 634 2986 686 καὶ
3016 636 3363 706 φιλαίματον.
3403 645 3466 696 '0
3503 646 3593 696 xz“.
3635 644 3783 716 εἶχεν
3841 653 3926 705 ὅδε
3960 628 4076 706 διαο

2514 719 2904 788 πραξάμενος·
2967 727 3132 793 μηδὲν
3181 733 3289 800 γὰρ
3348 734 3433 786 ἐπ’
3483 739 3633 807 αὑτῷ
3691 741 4074 812 διανοουμένου

2515 811 2732 880 μέτριον
2759 813 2850 866 τοῦ
2900 815 3200 887 βαρϐάρου,
3237 823 3375 876 ἀλλά
3415 827 3508 878 καὶ
3545 830 3680 896 πρὸς
3711 832 3808 901 τὴν
3852 811 4075 904 πρώτην

2510 902 2669 992 εὐθὺς
2694 903 2822 956 θέαν
2852 908 3277 979 ἐκθηριωθέντος
3303 919 3400 968 καὶ
3422 919 3514 969 τὸν
3544 924 3758 987 σφαγέα
3783 902 4070 992 ζητοῦντος

2509 991 2798 1057 κνώδοντα,
2833 996 2974 1047 κατά
3005 999 3106 1061 ¹τοῦ
3139 999 3405 1068 βουϐῶνος
3438 1002 3592 1068 οὗτος
3623 1012 3833 1076 φθάσας
3864 1015 4071 1066 ἐκεῖνον

2508 1079 2736 1150 πλήττει
2774 1086 2863 1136 καὶ
2902 1086 3137 1157 ἀναιρεῖ.
3185 1093 3394 1146 Ούκοῦν
3435 1099 3526 1149 καὶ
3557 1099 3780 1169 διαδρὰς
3823 1104 4072 1168 Ἰϐαγκδς

2506 1175 2849 1244 παραχρῆμα
2877 1178 3124 1246 πρόσεισι
3160 1187 3270 1246 τοῖς
3301 1186 3395 1238 τοῦ
3424 1187 3590 1256 ἔργου
3624 1193 3931 1261 συνίστορσι
3975 1200 4068 1248 καὶ

2508 1262 2752 1329 μηνύσας
2780 1267 2841 1319 τὸ
2866 1270 3088 1335 γεγονὸς
3117 1271 3260 1340 ἐγνω
3292 1277 3472 1340 αὐτοῖς
3508 1279 3626 1348 ἅμα
3659 1283 3793 1351 πρὸς
3826 1286 4068 1337 ἀποστα-

2505 1353 2627 1406 σίαν
2660 1355 2791 1408 ἰδεῖν
2816 1375 2828 1389 ·
2869 1361 3004 1429 μηδὲ
3048 1363 3157 1431 γὰρ
3189 1367 3493 1436 ἠρεμήσειν
3526 1372 3651 1433 τοὺς
3683 1373 3776 1425 τοῦ
3811 1377 4070 1436 πεσόντος

2501 1447 2804 1516 ὁμαίμονας
2845 1453 2939 1504 καὶ
2974 1456 3099 1508 ὅσον
3138 1458 3289 1527 αὐτῷ
3325 1462 3460 1530 πρὸς
3503 1465 3696 1531 γένους
3730 1470 3822 1520 καὶ
3865 1470 4066 1536 φίλιον.

2501 1536 2618 1588 Κᾶν
2667 1540 2765 1606 μὲν
2811 1545 3125 1615 προχωροίη
3154 1548 3222 1598 τά
3279 1551 3416 1602 κατὰ
3474 1555 3696 1618 σκοπὸν,
3729 1557 3823 1608 καὶ
3879 1557 4067 1626 χώρας

2498 1627 2741 1690 ἐκείνους
2765 1633 2856 1683 καὶ
2887 1633 3101 1698 Μυσίας
3119 1637 3306 1707 ἄρξειν
3325 1641 3496 1711 αὐτῆς
3522 1644 3615 1695 τοῦ
3663 1647 3827 1699 Ἄσαν
3855 1649 4065 1700 δίκαιὸ-

2497 1720 2656 1786 τερον
2704 1738 2763 1772 τε
2822 1725 2914 1775 καὶ
2961 1728 3350 1800 ἐννομώτερον,
3408 1735 3498 1786 καὶ
3561 1736 3634 1805 μὴ
3694 1738 3770 1805 τῷ
3810 1739 3956 1804 ξίςεει
3999 1741 4068 1791 τὰ

2497 1813 2674 1863 πάντα
2695 1812 2768 1875 ὼς
2801 1819 2830 1868 ὁ
2870 1816 3052 1870 πεσὼν
3088 1820 3331 1888 διοικεῖν,
3370 1825 3465 1876 καὶ
3506 1827 3643 1897 ὅπερ
3685 1829 3749 1880 ἂν
3785 1829 4070 1900 ὑποϐάλλῃ

2498 1901 2690 1969 θυμὸς,
2725 1903 2883 1956 τοῦτο
2909 1910 3003 1959 καὶ
3033 1909 3492 1980 διαπράττεσθαιο
3528 1917 3575 1967 εἱ
3609 1918 3655 1968 δ’
3683 1919 3855 1980 ἄλλως
3879 1920 4070 1982 αὐτοῖς

2501 1995 2864 2064 μεταρῤιφείη
2912 1999 2974 2050 τά
3004 1998 3286 2054 διαϐούλια
3338 2006 3474 2074 μήτε
3516 2005 3624 2075 μὴν
3664 2008 3800 2070 ὅλως
3828 2010 4065 2078 προϐαί-

2499 2099 2647 2135 νουσι
2681 2085 2748 2138 τά
2781 2088 2901 2138 κατ’
2929 2088 3136 2153 ἐςεσιν,
3173 2094 3308 2161 πρὸς
3343 2095 3501 2148 ἄλλον
3541 2100 4067 2165 μετασκευάσασθαι

2496 2174 2688 2238 πλοῦν,
2718 2178 2830 2239 τοῖς
2859 2179 2927 2232 τὰ
2963 2182 3254 2250 Ῥωμαίων
3291 2187 3593 2256 πράγματα
3642 2189 3955 2249 κυϐερνῶσι
3994 2193 4065 2243 τὰ

2495 2271 2616 2319 κατ’
2644 2271 2842 2334 αὐτοὺς
2869 2275 3283 2345 ἐπιτρέψαντες.
3323 2281 3441 2334 Ἔτι
3464 2282 3648 2334 τοίνυν
3670 2283 3837 2354 οὔσης
3868 2286 4067 2346 νυκτὸς

2493 2359 2552 2412 οὐ
2582 2362 2741 2430 μόνον
2773 2360 2873 2434 τὴν
2913 2367 3104 2435 σκέψιν
3157 2370 3369 2440 ταύτην
3417 2374 3745 2443 ἐκράτυναν,
3785 2375 3928 2427 ἀλλά
3968 2379 4067 2426 καὶ

2495 2453 2721 2518 πολλοὺς
2759 2457 3084 2525 παρώξυναν
3107 2463 3214 2513 τῶν
3240 2463 3624 2534 βουλευμάτων
3649 2468 3832 2528 αὐτοῖς
3866 2466 4061 2518 συλλα-

817 2535 1026 2589 ϐέσθαι.
1093 2538 1256 2589 Ὅθεν
1309 2540 1686 2605 κρατήσαντες
1728 2536 1821 2589 τοῦ
1883 2537 2155 2608 Τερνόϐου
2219 2542 2268 2610 (ὁ
2327 2541 2385 2594 δέ
2458 2545 2606 2598 ἐστιν
2652 2549 2684 2616 ή
2731 2549 3074 2618 ἐρυμνοτάτη
3126 2552 3241 2620 ἃμα
3322 2555 3416 2606 καὶ
3472 2559 3895 2626 προφερεστάτη
3951 2558 4068 2608 τῶν

814 2627 958 2680 κατά
997 2628 1089 2681 τὸν
1133 2621 1309 2694 Αἶμον
1351 2628 1577 2679 ἀπασῶν
1621 2627 1848 2692 πόλεων,
1927 2630 2132 2699 τείχεσί
2194 2647 2253 2683 τε
2318 2631 2566 2702 ἰσχυροῖς
2622 2638 3087 2709 περιϐεϐλημένος
3112 2644 3205 2694 καὶ
3231 2644 3463 2713 ῥεύματι
3489 2621 3772 2715 ποταμείῳ
3812 2621 4065 2716 διειλημ-

819 2721 980 2789 μένος
1009 2724 1103 2775 καὶ
1125 2722 1284 2792 ὅρους
1317 2722 1638 2792 ἀκρωνυχίᾳ
1662 2724 2082 2792 πεπολιτμένος)
2115 2728 2228 2787 τοῖς
2294 2729 2426 2796 περὶ
2460 2728 2551 2781 τὸν
2585 2731 2793 2801 Πέτρον
2828 2734 3199 2804 ἀντέστησαν·
3236 2741 3268 2808 ή
3307 2743 3412 2808 γὰρ
3472 2742 3628 2809 φήμη
3676 2744 3790 2810 ἅμα
3825 2744 3900 2813 ἕῳ
3963 2745 4065 2795 οὐκ

815 2813 902 2868 ἐπ’
946 2816 1132 2882 ἄκρων
1175 2813 1336 2881 μένον
1371 2813 1478 2863 τῶν
1521 2813 1614 2864 τοῦ
1659 2814 1927 2882 Τερνὸϐου
1973 2816 2222 2883 τειχέων,
2253 2816 2392 2869 ἀλλά
2434 2821 2527 2871 καὶ
2596 2827 2705 2885 τοῖς
2770 2823 2875 2887 ἔξω
2897 2827 2990 2877 καὶ
3015 2828 3300 2897 πόρρωθεν
3330 2831 3421 2881 τὸν
3443 2831 3534 2882 τοῦ
3573 2834 3736 2884 Ἄσαν
3765 2835 4064 2900 περιεσάλ-

816 2905 942 2970 πιζε
978 2905 1228 2958 θάνατον.
1274 2903 1360 2965 Ὧς
1389 2904 1436 2956 δ’
1462 2901 1576 2956 οὐθ’
1620 2907 1646 2955 ὁ
1683 2907 1884 2974 Πέτρος
1927 2907 2120 2974 ῥᾳδίαν
2153 2907 2374 2977 εὕρισκε
2407 2912 2505 2980 τὴν
2559 2914 2810 2982 Ἰϐαγκοῦ
2865 2922 3273 2989 καταστροφὴν,
3295 2921 3409 2974 οὗθ’
3433 2917 4060 2994 οὗτοςἀποκρούσασθαιΙ

813 3001 1021 3067 Πέτρον
1056 2997 1310 3067 ἠδύνατο,
1337 2999 1365 3049 δ
1397 2999 1496 3066 μὲν
1527 2998 1903 3068 χρονοτριϐεῖν
1936 3001 2239 3053 ἐπεϐάλετο
2283 3006 2378 3056 καὶ
2416 3007 2545 3075 μίαν
2621 3010 2832 3079 ταύτην
2896 3011 3034 3082 ᾤετο
3074 3015 3406 3082 προσδοκίαν
3439 3020 3937 3072 καταπαλαίσασαν
3972 3024 4064 3074 *δν

810 3090 1089 3142 ἀντίδικον
1143 3089 1417 3154 Ἰϐαγκὸν,
1461 3087 1487 3138 ὁ
1519 3089 1573 3139 δὲ
1613 3088 1689 3157 τῷ
1759 3089 1870 3140 τῶν
1942 3089 2236 3158 Ῥωμαίων
2317 3097 2660 3166 προσρυῆναι
2735 3099 2949 3167 βασιλεῖ
3009 3104 3120 3155 δεῖν
3175 3105 3384 3172 ἔγνωκε
3422 3108 3518 3160 καὶ
3563 3108 3652 3160 διά
3701 3111 3801 3177 τῆς
3846 3113 4063 3163 ἐκεῖθεν

814 3182 1127 3250 συνάρσεως
1186 3179 1571 3248 περιγενέσθαι
1629 3181 1737 3232 τῶν
1794 3181 2091 3250 διαφόρων.
2169 3183 2420 3251 Ἐλέγετο
2457 3185 2513 3238 δέ
2557 3192 2650 3239 καὶ
2704 3190 3010 3257 ὑποθήκαις
3067 3195 3339 3250 Ἰσαακίου
3385 3197 3478 3249 τοῦ
3554 3199 4063 3270 σεϐαστοκράτορος

813 3271 1173 3339 ἀναιρεθῆναι
1224 3273 1358 3338 πρὸς
1416 3269 1666 3338 Ὶϐαγκοῦ
1711 3270 1802 3321 τὸν
1854 3271 2041 3333 Ἄσαν,
2085 3270 2277 3333 ἄλλαις
2347 3289 2407 3326 τε
2450 3275 2736 3340 πλείσταις
2784 3281 3114 3350 ὑποσχέσεσι
3168 3286 3306 3351 πρὸς
3382 3286 3540 3339 τοῦτο
3595 3269 4057 3358 ἐπιρρωσθέντος,

811 3369 906 3419 καὶ
941 3367 1163 3436 προσέτι
1188 3382 1249 3431 γε
1286 3366 1390 3435 μὴν
1417 3365 1788 3434 πτερωθέντος
1818 3361 1894 3431 τῷ
1965 3363 2084 3414 κατ’
2147 3363 2455 3432 ἐπιγαμίαν
2496 3369 2943 3436 συναρμόσασθαί
2966 3373 3014 3422 oi
3047 3375 3490 3444 καθυποσχὲσθαι
3520 3379 3618 3448 τὴν
3645 3385 3851 3434 οἰκείαν
3884 3384 4058 3452 Guyu-

810 3463 945 3530 τέρα,
989 3461 1087 3526 τὴν
1135 3455 1438 3526 Θεοδώραν.
1476 3457 1617 3523 Ιιλὴν
1651 3459 1676 3507 ὁ
1716 3454 1815 3524 μὲν
1849 3453 2089 3506 ἐναυῖπκε
2156 3455 2268 3517 τοῖς
2328 3454 2552 3524 δεσμοῖς
2608 3458 2706 3527 τὴν
2740 3458 2825 3529 [Ρ.
2871 3460 3001 3531 505]
3039 3465 3240 3532 ψυχὴν,
3297 3466 3391 3518 καὶ
3471 3469 3698 3536 μηδέπω
3748 3470 3842 3522 τοῦ
3896 3477 4062 3540 φόνου

810 3549 1302 3622 κατεργασθέντος.

884 3645 935 3697 6.
970 3643 1201 3696 lbancus
1233 3654 1361 3693 vero
1412 3638 1796 3706 imperatorem
1828 3647 1970 3692 statu
2004 3652 2188 3692 rerum
2217 3653 2383 3708 expo-
2407 3644 2452 3708 ο
2556 3657 2584 3704 ς

2363 3644 2452 3708 ορ
2556 3645 2630 3704 ς’.
2676 3639 2732 3693 '0
2767 3641 2810 3693 δ’
2859 3641 3106 3710 Ἰϐαγκδς
3134 3644 3377 3715 δηλώσας
3417 3647 3631 3717 βασιλεῖ
3667 3652 3725 3704 τὸ
3772 3654 4062 3722 γινόμενον

811 3732 916 3786 sito
935 3731 1184 3784 hortatus
1210 3740 1294 3781 est
1313 3735 1371 3780 ut
1405 3728 1616 3795 aliquos
1642 3744 1766 3781 cum
1787 3730 1961 3796 copiis
1989 3731 2253 3792 mitteret,
2288 3729 2384 3798 qui

812 3833 866 3873 vl.
895 3819 1214 3875 Ternobum
1240 3817 1551 3886 acciperent
1574 3826 1629 3871 et
1679 3833 1737 3871 se
1789 3817 2039 3886 adjutore
2072 3827 2240 3872 totam
2275 3819 2386 3888 My-

811 3916 950 3966 siam
986 3910 1354 3964 vindicarent.
1381 3911 1457 3962 Ac
1485 3909 1744 3962 Romanis
1767 3909 1997 3962 forsitan
2056 3910 2265 3978 aliquid
2291 3925 2381 3964 sa-

815 4006 990 4058 lutare
1023 4010 1202 4055 actum
1238 4007 1403 4063 esset,
1445 3999 1490 4051 si
1532 3999 1827 4066 imperator
1870 4000 2054 4052 statim
2088 4002 2206 4053 sine
2233 4016 2384 4054 mora

811 4090 1063 4161 gerendae
1092 4092 1166 4143 rei
1186 4090 1429 4142 animum
1458 4087 1788 4140 intendisset
1816 4101 1829 4138 :
1863 4103 1986 4140 nam
2009 4086 2262 4141 Ternobo
2288 4103 2383 4142 oc-

815 4192 1014 4250 cupata
1035 4181 1195 4234 facile
1225 4180 1394 4233 totius
1416 4178 1596 4248 Mysiae
1617 4177 1821 4244 potitus
1842 4187 2006 4230 esset.
2037 4177 2237 4230 Verum
2268 4177 2384 4246 ipse

812 4289 912 4343 per
938 4270 1228 4325 stultitiam
1252 4268 1410 4338 621
1443 4275 1504 4319 ut
1545 4265 1765 4318 cochlea
1796 4273 1987 4317 testam
2019 4275 2295 4334 repetens,
2327 4265 2383 4320 in

817 4363 1017 4432 palatio
1047 4362 1289 4423 abditus,
1317 4357 1619 4412 Manuelem
1666 4357 1953 4427 Camyzem
2019 4366 2382 4424 protostrato-

815 4473 929 4509 rem
963 4469 1087 4508 cum
1111 4452 1341 4521 imperio
1371 4448 1557 4502 mittit.
1581 4448 1630 4498 ιε
1663 4462 1784 4500 cum
1824 4446 1936 4499 suis
1970 4446 2141 4514 copiis
2175 4445 2384 4514 Philip-

817 4546 1001 4616 popoli
1038 4543 1320 4613 profectus
1335 4550 1391 4594 et
1414 4539 1594 4608 Mysia:
1616 4537 1816 4590 limites
1839 4537 1926 4588 vix
1951 4536 2229 4605 ingressus
2247 4552 2386 4605 prae.

814 4650 895 4691 ter
925 4633 1390 4704 exspectationem
1429 4638 1575 4683 retro
1621 4628 1754 4680 abit.
1801 4627 1998 4680 Milites
2055 4629 2202 4680 enim
2239 4641 2381 4681 mota

820 4727 1112 4788 seditione,
1157 4739 1266 4793 quo
1299 4737 1355 4776 se
1390 4721 1615 4774 duceret
1648 4729 1850 4770 etcum
1905 4716 2104 4784 quibus
2139 4733 2384 4786 pugnan-

814 4821 944 4869 dum
971 4823 1137 4876 esset,
1170 4811 1521 4881 rogitabant:
1563 4827 1580 4858 ι
1622 4807 1817 4860 Annon
1872 4821 2037 4875 saepe,
2103 4806 2379 4875 inquiunt,

815 4917 1073 4960 montana
1100 4905 1200 4957 ista
1231 4901 1605 4964 transivimus,
1625 4915 1788 4966 atque
1815 4898 1953 4951 adeo
1982 4897 2118 4950 nihil
2145 4898 2383 4951 conleci-

2493 3734 2700 3786 στεῖλαί
2729 3750 2852 3784 τινα
2888 3738 3026 3802 μετά
3067 3741 3329 3806 στρατιᾶς
3371 3740 3643 3807 διηρέθιζε
3685 3745 3775 3794 τὸν
3816 3748 4062 3815 παραλη-

2487 3823 2722 3892 ψόμενόν
2754 3842 2812 3877 τε
2845 3827 2932 3878 τὸν
2973 3827 3240 3894 Τέρνοϐον
3287 3832 3383 3882 καὶ
3430 3833 3526 3882 σὺν
3582 3834 3730 3902 αὐτῷ
3776 3839 3910 3904 περὶ
3958 3837 4062 3906 τῆς

2487 3910 2615 3979 ὅλης
2650 3911 2867 3972 Μυσίας
2913 3915 3340 3982 ἀγωνισάμενον.
3376 3918 3485 3970 Καὶ
3520 3920 3640 3988 τάχ’
3676 3920 3742 3974 ἀν
3769 3924 4063 3977 τετέλεστό

2485 4017 2540 4051 τι
2593 4004 2704 4063 τοῖς
2767 4002 3061 4070 Ῥωμαίοις
3115 4009 3403 4076 σωτήριον,
3465 4011 3513 4060 εί
3550 4009 3802 4078 βασιλεὺς
3851 4016 4060 4066 αὐτίκα

2491 4089 2784 4160 προθύμως
2825 4093 2961 4162 πρὸς
2997 4094 3094 4164 τὴν
3128 4097 3391 4162 ἀγγελίαν
3435 4100 3642 4168 ταύτην
3692 4102 4060 4170 πραξικοπείν

2486 4180 2802 4244 ἐπεϐάλετο,
2844 4184 3145 4254 ἐπειδήπερ
3181 4187 3274 4238 καὶ
3321 4191 3367 4239 εί
3397 4189 3666 4259 Τέρνοϐον
3711 4187 3877 4255 εἷλεν,
3907 4191 4060 4263 εἶχεν

2486 4272 2551 4324 ἂν
2575 4272 2833 4341 εὐμαρῶς
2869 4275 2958 4326 καὶ
2988 4277 3200 4339 ἀπόνως
3253 4279 3470 4331 Μυσίαν
3495 4281 3738 4337 ἃπασαν.
3785 4284 3903 4335 Νῦν
3945 4286 4006 4336 δέ
4032 4288 4059 4335 ι

2487 4361 2586 4430 μὲν
2636 4362 3076 4434 βλακευσάμενος
3103 4368 3267 4435 ἐνέφυ
3324 4373 3438 4433 τοῖς
3469 4372 3717 4442 ἀρχείοις
3763 4376 3860 4426 καὶ
3890 4376 4060 4427 πάλιν

2485 4453 2626 4504 κατά
2657 4452 2748 4502 τὸν
2779 4453 2859 4513 είς
2885 4454 2943 4503 τὸ
2968 4455 3198 4520 κέλυφος
3226 4456 3488 4524 βυὸμενον
3519 4462 3803 4529 σκώληκα,
3845 4464 4062 4514 στέλλει

2483 4538 2539 4589 δὲ
2593 4540 2684 4591 τὸν
2739 4543 3202 4613 πρωτοστράτορα
3256 4547 3513 4615 Μανουὴλ
3576 4545 3668 4600 τὸν
3727 4551 4058 4621 Καμύτζην,

2483 4626 2723 4679 ἀνειπὼν
2744 4631 3076 4698 στρατηγόν.
3121 4633 3179 4685 Ὀ
3220 4632 3264 4684 δ’
3296 4636 3517 4704 ἀπάρας
3563 4639 3626 4689 ἐκ
3659 4640 3755 4707 τῆς
3783 4642 4060 4694 Φιλίππου

2486 4720 2622 4787 μετά
2644 4719 2749 4770 τῶν
2779 4721 3060 4787 ἑπομένων
3082 4723 3275 4790 ἐκείνῳ
3310 4725 3615 4793 δυνάμεων,
3644 4735 3736 4778 καὶ
3769 4731 3879 4781 τῶν
3909 4735 4059 4800 ὅρων

2482 4807 2577 4874 τῆς
2612 4809 2826 4869 Μυσίας
2866 4811 3055 4878 ἄκροις
3099 4813 3254 4864 ποσὶν
3285 4814 3657 4882 ἐφαψάμενος,
3718 4822 4054 4882 παλίσσυτος

2486 4899 2694 4961 γίνεται
2728 4898 2875 4963 ποιρά
2911 4898 3090 4962 δόξαν.
3132 4900 3204 4950 Τὸ
3237 4903 3341 4970 γάρ
3379 4905 3696 4972 στράτευμα
3716 4908 4059 4972 ἐπαναστάν,

815 5013 935 5052 inus
965 5007 1025 5050 ut
1054 5011 1191 5065 pene
1218 5009 1408 5048 omnes
1439 4991 1814 5045 intericrimus
1841 4989 1864 5041 ?
1895 5001 2169 5044 revertere
2197 4990 2382 5058 igitur,
2419 4982 2459 5036 D
2499 5005 2514 5036 ι

2369 5027 2382 5051 ,
2419 4982 2459 5036 Ι)
2499 5005 2514 5036 ι
2552 4987 2650 5037 Ποῖ
2692 4987 2844 5052 ἄγεις
2891 4989 3058 5055 ἡμᾶς,
3104 5013 3116 5039 ι
3158 4989 3363 5056 ἔλεγον,
3417 5011 3433 5042 ι
3469 4993 3631 5062 ἢτίσι
3658 4997 4060 5064 συμπλακήσε-

812 5101 1109 5151 revertere,
1129 5103 1334 5156 nosque
1357 5087 1579 5140 domum
1600 5084 1868 5138 reducito.
1883 5103 1899 5134 ι
1922 5083 2184 5137 Praeterea
2201 5083 2381 5150 inopi-

816 5193 943 5236 nato
977 5189 1124 5235 metu
1155 5178 1512 5241 conisternati,
1539 5179 1695 5246 quasi
1719 5176 1904 5229 lmstes
1926 5192 1953 5228 a
2010 5186 2160 5244 tergo
2211 5176 2380 5228 insta-

815 5285 938 5326 rent
969 5283 1023 5326 et
1050 5272 1229 5325 omnis
1258 5269 1476 5340 generis
1505 5269 1610 5322 tela
1650 5268 2008 5336 conjicerent,
2060 5267 2231 5320 eﬂ‘use
2288 5267 2376 5318 fn-

815 5373 1033 5432 gerunt.
1065 5361 1403 5430 lmperatore
1424 5361 1567 5414 idem
1591 5375 1728 5428 opus
1753 5374 1878 5412 cum
1904 5358 2147 5411 exercitu
2176 5359 2379 5427 majore

818 5461 1014 5512 iterum
1099 5463 1341 5510 tentante
1415 5452 1649 5507 subinde
1712 5466 1799 5506 res
1859 5465 2114 5505 successu
2177 5453 2374 5504 caruit.

815 5550 992 5609 Quare
1027 5543 1260 5598 l‘bancus
1289 5559 1411 5596 cum
1447 5555 1608 5595 nemo
1643 5539 2014 5593 Romanorum
2074 5553 2199 5591 cum
2248 5538 2378 5590 Bar-

820 5637 965 5688 baris
987 5634 1146 5689 vellet
1170 5634 1451 5703 congredi,
1507 5631 1968 5687 invalescentibus
2003 5629 2148 5683 Petri
2182 5629 2378 5696 Opibus

818 5737 872 5778 et
904 5724 1200 5795 majoribus
1233 5725 1282 5779 ei
1319 5723 1492 5794 copiis
1520 5720 1893 5783 amuentibus,
1931 5720 2234 5789 desperatis
2289 5734 2374 5772 rc-

2487 5077 2610 5128 σθαι
2654 5078 2956 5146 μέλλομεν;
3011 5083 3084 5132 Οὐ
3154 5082 3412 5146 πολλάκις
3472 5086 3568 5146 τὰς
3595 5087 3809 5154 ὀριαίας
3853 5091 4060 5152 ταύτας

2485 5174 2633 5233 ὀδοὺς
2673 5173 2986 5242 διήλθομεν,
3016 5176 3109 5227 καὶ
3165 5179 3239 5246 μὴ
3275 5179 3434 5245 μόνον
3469 5179 3622 5231 οὐδέν
3661 5197 3711 5230 τι
3753 5185 4062 5250 κατωρθώ-

2488 5283 2678 5332 κειμεν
2729 5266 2961 5334 βέλτιον,
3002 5267 3136 5319 ἀλλά
3179 5271 3275 5320 καὶ
3317 5269 3514 5338 μικροῦ
3567 5273 4062 5342 προαπολώλειμεν

2487 5356 2764 5424 ἆπαντεςς
2804 5358 3136 5428 ’Δνάστρεφε
3170 5361 3372 5422 τοίνυν,
3404 5362 3737 5430 ἀνάστρεφε,
3790 5367 3888 5416 καὶ
3919 5367 4062 5433 ἡγοῦ

2486 5446 2581 5517 τῆς
2611 5449 2704 5500 ἐπὶ
2732 5450 2798 5500 τὰ
2830 5451 3088 5518 σφέτερα.
3124 5468 3142 5500 ι
3191 5451 3314 5502 Ἐπὶ
3341 5452 3404 5521 δὴ
3433 5452 3644 5514 τούτοις
3673 5456 3767 5505 καὶ
3799 5455 4060 5524 δείμασιν

2483 5538 2699 5602 ἀλόγοις
2747 5539 3202 5608 ἐκταραχθέντες,
3250 5541 3439 5612 ὥσπερ
3487 5546 3630 5597 κατὰ
3669 5545 3843 5597 νώτου
3889 5549 4059 5600 τινῶν

2482 5631 2817 5698 ἐγκειμένων
2851 5633 2951 5684 καὶ
2983 5635 3260 5694 παντοίοις
3299 5635 3485 5698 ὅπλοις
3532 5635 3862 5705 βαλλόντων,
3917 5640 4055 5689 ἀκό-

2487 5738 2635 5790 σίκυς
2675 5721 2897 5792 ᾤχοντο.
2941 5725 3050 5778 Καὶ
3082 5724 3236 5788 αὖθις
3271 5721 3363 5782 οὖν
3403 5728 3536 5797 πρὸς
3571 5727 3666 5780 τοῦ
3715 5727 3986 5800 βασιλέως
4028 5731 4055 5793 ἦ
