4292 6396
242 399 351 466 815

1121 391 1216 454 DE
1258 393 1535 453 ALEXIO
1580 389 1856 453 ISAACII
1898 389 2180 454 ANGELI
2219 393 2337 452 FB.
2369 391 2512 451 LIB.
2556 389 2603 451 Ι.

3373 388 3477 454 846

243 519 444 592 πρᾶξις
492 514 632 580 αὕτη
685 511 823 580 μετὰ
867 508 1126 578 στρατιᾶς
1172 507 1498 574 ἐπεκρίνατο
1542 504 1807 573 μείζονος,
1845 506 1938 569 Αι

1785 525 1807 556 ν.
1845 514 1887 569 Α
1921 506 2026 560 hns
2055 505 2310 559 Ternobo
2332 506 2469 560 clam
2491 503 2755 574 profugus
2814 502 3202 571 imperatorem
3236 500 3370 556 adit.
3398 501 3480 558 Ita

255 611 440 663 Ἑνίκα
461 607 504 658 δ’
568 601 717 654 ἐσαεὶ
781 600 847 651 τὰ
906 597 1147 667 χείρονα,
1203 595 1432 664 μηδενὸς
1482 597 1560 656 εἰς
1620 596 1810 664 χεῖρας

244 703 422 754 ἐλθεῖν
465 698 557 749 καὶ
617 691 885 762 συμμίξαι
926 693 1034 751 τοῖς
1075 688 1370 758 βαρϐάροις
1402 688 1459 739 ἂν
1501 689 1577 754 τῷ
1607 689 1812 755 ἐπαρήο

242 809 364 858 γειν
437 783 664 852 ἰὁαγκῷ
738 781 1144 850 δοκιμάζοντος.
1233 775 1578 846 Ἀπειρηκὼς
1626 778 1809 829 τοίνυν

243 879 394 942 0-510;
427 882 515 933 καὶ
539 883 648 941 τοῖς
685 877 825 928 κατὰ
869 877 958 926 τὸν
1005 872 1270 940 Τέρνσὸον
1303 870 1817 939 δυσχρηστούμενος

243 974 588 1040 πράγμασιν,
622 964 708 1018 οἷα
741 967 848 1017 τῶν
875 964 1001 1030 περὶ
1025 962 1116 1013 τὸν
1149 961 1353 1028 Πέτρον
1394 959 1814 1028 κρατυνομένων

244 1065 333 1117 ἀεὶ
371 1064 462 1113 καὶ
493 1061 752 1127 στρατιᾶς
792 1055 1131 1124 προσθήκαις
1159 1052 1563 1118 ἐπαυξομὲνων,
1615 1049 1815 1113 ἔξεισιν

248 1153 457 1205 ἐκεῖθεν
491 1149 762 1214 λαθραίω;
792 1149 886 1199 καὶ
919 1145 1171 1213 πρόσεισι
1210 1142 1439 1211 βασιλεῖ,
1479 1142 1575 1194 καὶ
1612 1142 1815 1210 μετῆλ-

246 1246 339 1298 θεν
376 1244 519 1296 οῦτω
553 1240 810 1305 καθαρῶς
841 1237 976 1304 πρὸς
1006 1237 1100 1287 τὸν
1136 1235 1340 1303 Πέτρον
1383 1233 1544 1288 πάλιν
1583 1237 1614 1303 ὴ
1645 1235 1817 1301 ἀρχη-

242 1334 340 1400 γία
370 1332 594 1385 Μυσῶν.
628 1330 774 1398 Πλὴν
806 1327 924 1380 ὀὐδ’
967 1319 1120 1389 οὗτος
1165 1327 1380 1394 θανάτῳ
1427 1325 1640 1395 φυσικῷ
1675 1329 1815 1377 ἐπα-

246 1425 469 1491 πῆλθεν,
503 1423 638 1475 ἀλλὰ
672 1419 852 1488 μικρῷ
885 1417 1112 1485 ὕστερον
1153 1419 1302 1486 παρά
1331 1432 1422 1468 του
1457 1418 1565 1469 τῶν
1608 1419 1809 1484 ὁμογε-

244 1513 355 1565 νῶν
380 1514 522 1578 ξίφει
554 1508 816 1570 διελαθεὶς
851 1508 1219 1574 κατέστρεψεν
1248 1504 1483 1574 οἰκτρῶς
1506 1506 1603 1568 τὴν
1626 1504 1772 1573 ζωήν
1798 1521 1809 1534 ι

245 1609 280 1673 ὴ
315 1606 370 1657 δὲ
423 1601 690 1671 ἡγεμονία
722 1600 831 1651 τῶν
865 1598 1086 1665 Βλάχων
1132 1597 1318 1665 βλέπει
1363 1597 1502 1666 πρὸς
1556 1595 1814 1662 Ἰωάννην

245 1699 339 1749 τὸν
377 1697 561 1766 τρίτον
593 1693 702 1744 τῶν
741 1689 1006 1758 ἀδελφῶν.
1035 1690 1166 1741 Τότε
1196 1688 1240 1740 δ’
1269 1688 1362 1740 οῦν
1397 1690 1423 1739 ὁ
1449 1689 1650 1757 Πέτρος
1684 1689 1811 1739 συλ-

248 1791 494 1859 λήπτορα
542 1786 653 1837 τῶν
703 1785 879 1836 πόνων
929 1784 1022 1834 καλ⁵
1065 1781 1294 1851 μερίτην
1345 1782 1441 1847 τῆς
1495 1780 1812 1842 δυναστείας

258 1854 510 1947 Ἰωάννην
533 1877 930 1945 προσελόμενος
963 1873 1056 1926 τὸν
1088 1871 1383 1939 ὁμαίμονα,
1421 1871 1478 1933 ὃς
1509 1871 1594 1938 icp'
1631 1873 1815 1922 ἱκανὸν
1850 1854 1890 1908 Β

243 1970 544 2040 ὼμήρησεν
565 1970 621 2020 ὲν
658 1966 972 2034 Ῥωμαίοις,
999 1963 1158 2031 ἡνίκα
1190 1957 1302 2031 εἶχε
1335 1961 1589 2030 βασιλεὺς
1634 1963 1812 2015 Ἰσαά-

245 2077 365 2121 κιος
401 2061 687 2119 δισσεύσας
741 2057 882 2110 κατὰ
924 2055 1147 2118 Μυσῶν,
1197 2054 1438 2123 ἀποδρὰς
1463 2053 1541 2115 δὲ,
1570 2053 1642 2115 ὡς
1679 2056 1813 2123 πρὸς

243 2155 314 2205 τὰ
344 2153 482 2207 οίκοι
526 2151 691 2203 πάλιν
737 2151 986 2218 ἀφίκετο,
1036 2149 1137 2200 οὐκ
1169 2147 1226 2213 ἐξ
1277 2147 1557 2200 ἀντιθέτου
1606 2147 1683 2216 τῷ
1720 2165 1812 2198 τε·

243 2244 440 2297 θνεῶτι
483 2243 648 2295 Ἀσὰν
691 2242 757 2292 τὰ
797 2239 1083 2309 Ῥωμαίων
1124 2240 1305 2307 ἔκειρε
1344 2238 1701 2306 προνομεύων
1727 2253 1740 2267 ο
1780 2239 1811 2306 ἡ

243 2336 356 2404 γάρ
397 2333 557 2402 φύσις
583 2333 675 2385 καὶ
699 2331 874 2402 τούτῳ
897 2330 1050 2383 οὐδέν
1081 2347 1132 2382 τι
1164 2329 1300 2400 πρὸς
1326 2330 1394 2380 τὰ
1421 2329 1664 2397 ἡμέτερα
1703 2329 1812 2381 διε-

244 2425 519 2496 σράὸευσε
552 2425 794 2492 μέτριον.
839 2422 1085 2490 ’Υπήντα
1133 2420 1190 2471 δὲ
1237 2419 1312 2488 τῷ
1352 2420 1541 2488 Πέτρῳ
1569 2419 1628 2482 εξ
1655 2420 1812 2488 ἡμῶν

237 2517 443 2577 οὐδεὶς,
467 2515 576 2567 οὐδ’
601 2514 851 2583 ἠδύνατο,
883 2512 1018 2564 ἀλλὰ
1041 2510 1313 2562 τοσούτων
1347 2511 1442 2561 καὶ
1475 2511 1812 2578 τηλικούτων

241 2612 358 2671 τοῖς
393 2608 656 2668 havriat;
701 2603 1154 2671 κατωρθωμένων
1191 2603 1278 2652 ἐπὶ
1319 2601 1592 2662 πλείστοις
1631 2604 1812 2653 ἐνιαυ-

239 2703 381 2759 τοῖς,
429 2700 524 2752 καὶ
565 2698 662 2750 τοῦ
711 2695 884 2750 κακοῦ
932 2693 1088 2746 τοῦδε
1136 2692 1246 2744 τῶν
1320 2692 1612 2760 Ῥωμαίων
1663 2695 1812 2744 ἐσαεὶ

241 2789 697 2854 διακυμαίνοντος
730 2789 1069 2854 πράγμασιν,
1099 2781 1357 2833 οὐδέποτε
1401 2781 1630 2848 βραχεῖα
1683 2780 1808 2848 νίκη

257 2879 547 2946 Ῥωμαίοις
605 2876 1018 2944 διαγεγελάκει,
1071 2873 1192 2924 οὐδέ
1241 2889 1295 2924 τι
1340 2875 1664 2940 παρυφέστη
1693 2887 1813 2940 τρο-

245 2970 655 3036 παιουχήματος
704 2965 954 3032 ἰνδαλμα.
988 2962 1099 3030 Τὴν
1127 2961 1171 3012 δ’
1225 2963 1288 3013 ὲκ
1335 2961 1473 3011 Θεοῦ
1505 2961 1810 3029 παρόρασιν

241 3059 452 3124 ταύτην
485 3058 578 3109 καὶ
608 3055 820 3108 τελείαν
852 3052 1051 3123 μικροῦ
1078 3050 1467 3118 ὲγκατάλειψιν
1498 3051 1673 3111 οὐδεὶς
1703 3050 1811 3102 τῶν

245 3147 552 3218 ὑψιθρόνων
583 3146 881 3216 ἀρχιερέων
912 3147 1006 3196 καὶ
1035 3144 1131 3204 τὰς
1159 3142 1379 3211 πρώτας
1413 3141 1811 3209 καρπουμένων

241 3241 417 3308 τιμάς
455 3237 488 3305 ἢ
529 3237 636 3289 τῶν
690 3237 790 3304 τὴν
838 3234 1000 3303 ἐρέαν
1053 3234 1152 3300 τῆς
1191 3230 1437 3298 κεφαλῆς
1499 3231 1662 3300 μέχρι
1718 3231 1814 3282 καὶ

246 3333 396 3402 ῥινὸς
447 3328 828 3398 διαχαλώντων
877 3324 1292 3395 βαθυπωγώνων
1331 3321 1613 3391 μοναστῶν
1647 3324 1704 3373 ὲν
1738 3323 1812 3391 νῷ

247 3424 579 3492 βαλλόμενος
603 3415 691 3489 ἦν,
722 3419 753 3489 ἢ
779 3419 1049 3470 διδάσκων
1093 3415 1227 3484 πρὸς
1277 3413 1482 3480 ταύτην
1511 3413 1815 3480 ἀντιπράτ-

239 3533 362 3567 τειν
400 3511 714 3576 ὁποσονοῦν,
752 3511 785 3580 ἢ
821 3513 877 3561 ὲν
900 3508 976 3578 τῷ
1016 3505 1497 3578 παρρησιάζεσθαι
1547 3503 1813 3574 βασιλέως

243 3605 477 3657 ἐνώπιον
544 3603 838 3671 Ῥωμαίοις
891 3599 976 3671 [Ρ.
1020 3598 1147 3670 504]
1201 3596 1686 3666 διαμηχανώμενος
1743 3596 1812 3647 τὰ.

245 3697 494 3766 σωτήρια
516 3711 528 3723 ·
564 3694 680 3745 ἀλλ’
709 3693 783 3755 ὡς
810 3695 858 3743 εἰ
904 3693 1108 3754 πάντες
1161 3689 1441 3754 ἐξέκλιναν
1486 3705 1544 3739 τε
1574 3686 1691 3756 ἅμα
1718 3687 1812 3739 καὶ

241 3786 652 3858 ἡχρειώθησαν,
700 3783 1116 3849 άνεπαισθήτως
1166 3778 1310 3848 εϊχον
1356 3780 1464 3830 τῶν
1510 3778 1813 3846 γινομένων

243 3880 344 3929 καὶ
391 3870 504 3927 οἷον
548 3872 862 3927 ἀντέϐαινον
914 3875 1036 3933 ταῖς
1087 3872 1153 3922 ὲκ
1197 3870 1330 3922 Θεοῦ
1387 3869 1808 3938 μαστιγώσεσιν.

241 3966 510 4034 Ἕλληνες
555 3965 610 4017 δὲ
660 3965 759 4032 τὴν
796 3965 974 4015 αἰτίαν
1014 3961 1292 4032 ἑζητησαν
1343 3962 1438 4015 τοῦ
1469 3963 1681 4031 λοιμοῦ,
1719 3965 1812 4016 καὶ

239 4053 339 4107 τοῦ
371 4055 614 4122 μάντεως
649 4053 942 4119 πυθόμενοι
993 4051 1309 4118 Κάλχαντος
1339 4052 1437 4105 οὐκ
1483 4053 1705 4119 ἀφῆκαν
1753 4053 1812 4104 τὸ

239 4146 419 4197 κακὸν
450 4144 844 4210 ἀθεράπευτον,
892 4140 1024 4210 παρ’
1053 4141 1204 4193 οὐδὲν
1233 4141 1450 4210 θέμενοι
1481 4145 1528 4194 εί
1566 4141 1814 4214 βαρυμη-

241 4238 369 4306 νιᾷν
397 4235 622 4304 ιμελλεν
648 4237 676 4285 ὁ
713 4235 1020 4301 πρώτιστος
1068 4235 1158 4284 καὶ
1189 4234 1484 4301 κράτιστος
1516 4235 1610 4285 τοῦ
1646 4249 1813 4302 στρα-

237 4330 535 4397 τεύματος.
567 4328 702 4394 Ὀγε
732 4326 836 4396 μὴν
875 4325 1118 4391 Ἰὸαγκὺς
1148 4326 1225 4392 τῷ
1269 4324 1480 4392 βασιλεῖ
1517 4328 1813 4396 προσρυεὶς

239 4421 498 4487 ἁσμένως
551 4417 936 4486 προσδέδεκτο,
991 4417 1082 4466 καὶ
1136 4417 1358 4484 γέγονεν
1410 4420 1464 4479 ἐς
1507 4417 1607 4470 οὐκ
1656 4419 1812 4486 ὀλίγα

1840 3192 1884 3253 C

1918 599 2107 652 Petrus
2134 613 2343 651 summa
2371 612 2556 650 rerum
2594 595 2777 649 denuo
2828 595 3056 662 potitur.
3091 593 3195 648 Sed
3231 607 3330 649 nec
3363 594 3480 663 ipse

1917 691 2150 744 naturali
2177 701 2349 745 morte
2373 691 2513 754 obit,
2549 689 2644 744 sed
2708 690 2868 757 paulo
2898 697 3019 758 post
3062 702 3128 741 eo
3170 701 3388 756 quoque
3447 699 3480 738 ι

1915 781 2260 849 popularium
2301 784 2533 850 quodam
2587 780 2970 832 miserabiliter
3020 780 3274 832 confosso
3331 777 3487 845 prin-

1916 873 2128 940 cipatus
2165 871 2229 924 ad
2260 872 2522 926 Joannem
2557 872 2777 924 tertium
2810 872 2928 935 ejus
2974 869 3199 922 fratrem
3266 867 3480 930 transit,

1916 971 2076 1031 quem
2107 973 2220 1016 tum
2255 963 2444 1016 Petrus
2471 964 2770 1032 adjutorem
2798 962 2958 1030 622
2978 961 3224 1014 laborum
3247 967 3302 1014 et
3332 959 3485 1028 regni

1917 1055 2239 1124 participem
2265 1063 2656 1124 assumpserat.
2681 1055 2729 1108 Is
2747 1070 2853 1107 non
2886 1069 3049 1120 parvo
3075 1063 3320 1121 tempore
3339 1052 3485 1120 apud

1918 1145 2191 1200 Romanos
2214 1147 2376 1200 obses
2415 1147 2612 1204 fuerat.
2639 1161 2761 1197 eum
2799 1145 3094 1212 imperator
3127 1143 3367 1197 isaacius
3398 1157 3490 1196 se-

1919 1236 2159 1289 cundum
2185 1236 2346 1305 Mysis
2376 1251 2524 1288 arma
2552 1234 2847 1297 intulisset,
2877 1233 2971 1287 sed
2997 1233 3120 1300 fuga
3144 1233 3361 1300 elapsus
3381 1233 3485 1286 do-

1918 1343 2066 1380 mum
2109 1328 2365 1389 redierat,
2402 1326 2577 1379 nihilo
2627 1325 2793 1378 fratre
2819 1325 2998 1379 Asane
3046 1324 3306 1376 Romanis
3359 1338 3486 1392 spo-

1917 1418 2115 1472 liandis
2137 1428 2190 1472 et
2210 1417 2749 1486 infestandisfmitior.
2770 1417 2809 1469 E
2830 1427 3016 1468 nostro
3039 1423 3222 1468 autem
3242 1413 3486 1468 exercitu

1919 1525 2082 1564 nemo
2105 1510 2362 1564 resistere
2389 1509 2556 1561 Petro
2587 1507 2770 1576 potuit
2801 1521 2814 1535 ·
2847 1505 2940 1559 sed
2999 1505 3250 1559 hostibus
3278 1519 3376 1574 per
3407 1513 3488 1558 tot

1917 1617 2089 1654 annos
2117 1610 2196 1654 tot
2222 1609 2276 1656 et
2295 1608 2472 1653 tantas
2498 1600 2753 1653 victorias
2782 1597 3009 1664 adeptis,
3036 1612 3100 1649 eo
3126 1598 3267 1650 malo
3294 1596 3488 1650 Roma-

1917 1708 2042 1746 nam
2069 1707 2180 1745 rem
2239 1691 2510 1760 publicam
2563 1703 2827 1759 perpetuo
2881 1689 3151 1750 turbante,
3208 1704 3486 1757 nunquam

1919 1783 2026 1836 ulla
2071 1783 2297 1836 victoria
2330 1783 2501 1835 ullum
2531 1783 2608 1834 rei
2632 1782 2768 1833 bene
2820 1780 3072 1848 gerenda:
3129 1779 3483 1832 simulacrum

1923 1877 2124 1930 nostris
2139 1875 2338 1930 arrisit.
2362 1875 2510 1929 lianc
2528 1874 2777 1930 Numinis
2795 1873 3221 1941 indignationem
3241 1882 3294 1925 et
3312 1873 3485 1925 nostri

1922 1966 2333 2020 destitutionem
2370 1981 2531 2020 nemo
2586 1982 2654 2020 ex
2693 1967 2992 2020 summiset
3044 1963 3487 2018 honoratissimis

1923 2057 2324 2121 sacerdotibus,
2382 2072 2546 2110 nemo
2589 2072 2652 2110 ex
2716 2055 3146 2125 religiosissimis
3200 2054 3486 2107 monachis

1922 2148 2314 2212 consideravit,
2348 2147 2528 2201 ullove
2563 2147 2724 2200 modo
2756 2147 2973 2216 placare
3035 2145 3247 2204 docuit,
3295 2151 3389 2196 aut
3415 2143 3487 2195 li-

1923 2239 2108 2291 berius
2158 2238 2301 2305 apud
2357 2238 2737 2305 imperatorem
2801 2234 3125 2288 disserendo
3181 2233 3484 2302 quidquam

1922 2327 2187 2382 Romanis
2217 2329 2457 2381 salutare
2485 2334 2715 2380 conatus
2739 2333 2820 2379 est
2851 2341 2864 2376 :
2897 2326 2990 2378 sed
3014 2325 3171 2393 quasi
3229 2338 3420 2377 omnes
3454 2337 3486 2375 α

1921 2419 2004 2474 via
2065 2419 2383 2474 deerrantes
2431 2429 2486 2473 et
2560 2418 2782 2472 inutiles
2834 2416 2960 2471 facti
3011 2416 3143 2485 quid
3194 2416 3272 2470 rei
3340 2426 3489 2471 esset

1920 2528 2028 2565 non
2068 2512 2599 2568 animadverterunt.
2649 2508 3053 2578 quodammodo
3119 2506 3345 2576 ﬂagellis
3389 2507 3486 2561 Dei

1920 2605 2292 2657 adversantes.
2330 2601 2506 2655 Graeci
2536 2600 2758 2668 quidem
2816 2614 2982 2653 causa
3040 2600 3369 2667 pestilentiae
3416 2613 3484 2651 ex

1915 2694 2215 2748 Calchante
2245 2702 2366 2745 vate
2390 2692 2626 2761 cognita,
2652 2690 2813 2760 623
2843 2689 3038 2743 oﬂ‘ensi
3069 2689 3320 2744 Numinis
3347 2691 3483 2744 iram

1923 2785 2228 2854 placarnnt,
2258 2783 2499 2850 neglecta
2519 2782 2715 2834 summi
2741 2789 2797 2833 et
2855 2779 3219 2848 potentissimi
3251 2781 3487 2848 impera-

1922 2876 2057 2927 toris
2086 2873 2482 2940 indignatione.
2509 2872 2743 2924 lbancus
2771 2885 2899 2924 vero
2931 2885 3053 2924 eunt
3093 2871 3161 2925 ad
3185 2872 3480 2938 imperato-

1919 2981 2034 3019 rem
2063 2979 2122 3018 se
2156 2963 2503 3025 contulisset,
2562 2962 2797 3030 benigne
2866 2971 3155 3032 susceptus
3218 2963 3484 3018 Romanis

1919 3057 2103 3109 multis
2118 3057 2168 3107 in
2185 3055 2348 3107 rebus
2367 3055 2552 3107 utilem
2573 3054 3226 3122 navavitoperam,‘homo
3245 3071 3484 3124 procera:

1918 3156 2156 3206 staturae,
2194 3144 2468 3212 prastanti
2498 3143 2715 3212 ingenio
2740 3153 2795 3197 et
2821 3143 3204 3200 robustissimo
3229 3160 3481 3214 corpore.

1917 3236 2022 3290 Sed
2054 3234 2334 3288 iracundia
2357 3244 2410 3288 et
2435 3233 2776 3287 contumacia
2794 3234 2959 3286 animi
2994 3249 3024 3288 e
3051 3235 3201 3288 vultu
3231 3236 3481 3290 relucens

1916 3326 2292 3379 crudelitatem
2315 3326 2430 3395 ejus
2464 3325 2678 3378 abunde
2712 3325 3030 3379 testabatur.
3058 3329 3234 3393 Quare
3261 3333 3478 3386 tametsi

1915 3417 2055 3470 inter
2077 3417 2352 3470 Remanos
2413 3417 2643 3481 viveret,
2667 3427 2844 3470 tamen
2866 3432 3046 3471 mores
3064 3434 3191 3474 suos
3215 3421 3278 3474 ad
3303 3422 3480 3477 facili-

1917 3514 2080 3559 tatem
2113 3515 2169 3559 et
2213 3506 2636 3574 atquabilitatem
2665 3507 2886 3561 minime
2909 3509 3291 3577 componebat.
3318 3512 3473 3566 Nihi-

1914 3597 2150 3649 lominus
2177 3597 2470 3663 imperator
2487 3610 2608 3647 eum
2633 3597 2975 3664 sponsalibus
2993 3613 3021 3650 a
3043 3597 3475 3658 sebaszocratore

1914 3683 2200 3758 promissis
2217 3703 2323 3740 non
2357 3686 2636 3754 indignum
2656 3695 2825 3751 ratus,
2850 3689 3067 3758 nuptias
3098 3691 3150 3744 in
3175 3691 3472 3762 legitimum

1915 3794 2133 3850 tempus
2160 3779 2460 3833 distulitob
2514 3778 2709 3848 puella:
2765 3788 2984 3834 teneros
3045 3797 3237 3847 annos,
3296 3787 3472 3856 ipsam

1913 3888 2046 3928 vero
2075 3872 2129 3925 in
2152 3886 2442 3926 numerum
2491 3883 2847 3939 cognatorum
2897 3888 3119 3926 suorum
3161 3879 3476 3944 potentissi-

1914 3978 2130 4017 morum
2162 3961 2444 4015 hominum
2495 3961 2722 4031 recepit,
2755 3977 2965 4015 summa
2995 3966 3239 4031 potentia
3272 3976 3325 4018 et
3357 3982 3472 4019 ma-

1914 4054 2074 4108 ximis
2091 4055 2290 4121 opibus
2327 4054 2611 4107 donatum.
2646 4054 2692 4106 Is
2722 4070 2849 4107 vero
2881 4070 3090 4122 sponsae
3146 4072 3256 4111 sua:
3282 4059 3474 4112 imma-

1915 4152 2034 4200 tura
2066 4155 2222 4200 aetate
2252 4146 2620 4208 considerata,
2657 4155 2715 4200 et
2745 4149 2935 4201 matris
2955 4150 3074 4218 ejus
3097 4151 3266 4205 Annre
3298 4153 3474 4209 vidua:

1915 4239 2094 4292 adhuc
2123 4237 2392 4306 elegantia
2420 4237 2697 4290 curiosius
2726 4241 2992 4307 inspecta,
3020 4242 3226 4308 nuptiis
3247 4245 3475 4312 amplio-

1916 4332 2069 4385 ribus
2096 4331 2351 4386 inhians:
2390 4349 2408 4381 ι
2455 4330 2616 4396 Quid,
2669 4331 2867 4399 inquit,
2918 4332 3052 4385 mihi
3097 4333 3177 4386 rei
3204 4343 3288 4388 est
3350 4351 3474 4390 cum

1914 4421 2150 4476 lactente
2176 4421 2355 4475 adhuc
2386 4437 2544 4489 agna,
2571 4420 2736 4491 625
2764 4436 2889 4475 cum
2945 4437 3045 4475 ove
3101 4423 3373 4494 indigeam
3410 4430 3476 4480 ad

235 4513 513 4580 χρήσιμος
555 4508 865 4576 Ῥωμαίοις,
905 4508 1157 4577 εὐμήκης
1200 4506 1275 4559 ὢν
1320 4509 1419 4578 τὴν
1456 4511 1671 4577 ἡλικίαν
1715 4514 1807 4564 καὶ
1841 4518 1930 4570 Dt

1780 4514 1807 4564 ,ι
1841 4518 1884 4570 D
1914 4512 2118 4565 coitum
2145 4522 2266 4580 apta
2294 4512 2318 4564 τ
2343 4529 2360 4562 ι
2389 4514 2465 4566 Ac
2494 4513 2578 4563 vir
2610 4513 2700 4566 ille
2758 4512 2810 4564 in
2843 4513 3091 4580 partibus
3114 4515 3475 4587 Philippopoli

235 4602 504 4669 ἀγχίνους
568 4600 807 4667 μάλιστα
863 4602 958 4651 καὶ
1012 4599 1111 4668 τὴν
1173 4599 1367 4669 ῥώμην
1425 4603 1660 4670 ἀκμαῖος
1713 4603 1808 4655 τοῦ

237 4694 536 4761 σώματος’
580 4692 669 4743 τὸν
713 4690 770 4741 δέ
806 4706 868 4757 γε
893 4689 1064 4758 ἄνδρα
1113 4689 1222 4741 τῶν
1273 4691 1524 4759 αἱμάτων
1581 4693 1658 4761 τῷ
1711 4695 1806 4746 τοῦ

236 4788 413 4846 εἴδους
477 4781 759 4853 ἁκροχόλῳ
809 4784 902 4834 καὶ
953 4780 1030 4849 τῷ
1090 4782 1187 4850 τῆς
1247 4783 1468 4850 γνώμης
1521 4785 1808 4855 ἀποκρότῳ

235 4875 432 4941 σαφῶς
461 4875 805 4941 διεχὰραττε,
851 4869 1146 4941 Ῥωμαίοις
1191 4870 1292 4937 μὲν
1328 4872 1805 4942 συναυλιζόμενος,

242 4962 826 5035 μταρρυθμιζόμενος
870 4961 926 5012 δι
938 4960 1200 5028 μηδαμῶς
1227 4962 1358 5030 πρὸς
1383 4961 1443 5012 τὸ
1473 4963 1566 5013 τοῦ
1601 4966 1805 5034 φρονή..

239 5073 416 5126 ματος
439 5055 639 5125 ὁμαλὸν
671 5054 766 5106 καὶ
788 5054 846 5103 εὐ
877 5053 1112 5104 ένδοτον.
1130 5051 1187 5104 '0
1219 5053 1402 5116 μέντοι
1431 5053 1680 5123 βασιλεὺς
1708 5057 1810 5108 οὐκ

235 5146 464 5209 ἀνάξιον
487 5144 679 5214 κρίνας
709 5145 800 5196 τὸν
838 5142 1009 5211 ἄνδρα
1044 5143 1153 5195 τῶν
1176 5149 1256 5206 είς
1293 5146 1455 5197 αὑτδν
1496 5149 1809 5216 γενομένων

233 5234 498 5306 γαμικῶν
520 5235 859 5303 εγγυήσεων,
901 5236 1001 5303 τὴν
1025 5235 1125 5303 μὲν
1154 5237 1401 5288 παστάδα
1436 5241 1492 5299 ἐς
1527 5238 1618 5289 τὸν
1655 5241 1810 5308 νόμι-

239 5344 346 5399 μον
371 5328 564 5397 καιρὸν
603 5327 898 5380 ἀνεϐάλετο
929 5327 1033 5399 (ἔτι
1071 5331 1181 5398 γὰρ
1226 5329 1504 5397 ιψὲλλιζεν
1539 5333 1571 5401 ἡ
1619 5332 1806 5402 νύμφη

233 5420 309 5473 τὰ
350 5419 622 5487 παιδικὰ),
659 5417 820 5471 αὐτὸν
852 5418 909 5472 δὲ
939 5422 1051 5480 τοῖς
1089 5421 1231 5487 μέγα
1255 5421 1576 5488 δυναμένοις
1604 5439 1805 5490 συγγε-

1915 4602 2110 4657 vicinis
2144 4603 2440 4672 plurimum
2473 4602 2763 4663 laboravit,
2796 4613 2853 4656 et
2875 4603 3043 4657 veluti
3069 4606 3271 4659 vallum
3305 4623 3478 4678 popu-

1914 4696 2124 4750 laribus
2153 4696 2271 4749 suis
2327 4695 2764 4749 et‘auxiliaribus
2794 4693 3009 4764 Scythis
3066 4697 3223 4751 obvia
3247 4715 3478 4772 qumque

1914 4787 2259 4841 vastantibus
2285 4785 2681 4855 opponebatur.
2710 4785 3019 4853 Aliquando
3071 4789 3234 4841 etiam
3312 4791 3482 4860 impe-

1914 4887 2154 4932 ratorem
2201 4879 2255 4931 in
2281 4876 2656 4943 expeditiones
2687 4891 2924 4944 sequens
2951 4888 3228 4930 strenuam
3252 4894 3475 4947 operam

1913 4987 2024 5039 prze
2053 4971 2264 5023 caeteris
2281 4983 2482 5021 navare
2504 4967 2818 5021 videbatur.
2839 4966 2973 5032 Quis
2989 4983 3122 5022 vero
3151 4968 3474 5038 Scytharum

1911 5071 1966 5114 et
2004 5059 2330 5114 Blachorum
2368 5058 2716 5113 incursiones
2738 5069 2793 5113 et
2835 5060 3046 5116 nefaria
3075 5063 3320 5118 facinora
3351 5080 3456 5118 enn

1912 5164 2122 5203 merare
2178 5148 2386 5218 queat?
2440 5148 2672 5204 Vastitas
2733 5150 3013 5217 regionmn
3061 5149 3245 5205 Haemo
3276 5153 3478 5206 vicina-

1913 5255 2060 5303 rum,
2107 5240 2439 5295 Macedoniaa
2480 5248 2536 5293 et
2588 5239 2835 5294 Thraciae
2883 5241 3224 5310 direptiones
3290 5242 3476 5313 utique

1913 5333 2170 5386 omnibus
2199 5332 2391 5385 statuis
2419 5341 2474 5385 et
2536 5331 2737 5386 tabulis
2765 5332 2967 5387 clarius
2996 5342 3052 5387 et
3082 5334 3273 5402 quavis
3298 5333 3475 5389 histo-

1914 5423 1994 5476 ria
2025 5421 2324 5475 dilucidius
2353 5420 2652 5475 ostendunt
2682 5421 2813 5491 quid
2852 5432 3034 5477 actum
3063 5423 3152 5477 sit.

235 5513 390 5566 νέσιν
417 5511 739 5581 ινέγραφεν,
764 5511 974 5573 οὐδενὸς
996 5511 1106 5565 τῶν
1135 5515 1213 5572 εἰς
1236 5512 1534 5582 θεραπείαν
1564 5515 1803 5583 ὰρχικῆν
1840 5515 1935 5565 καὶ
1999 5513 2229 5565 πλοῦτον
2296 5513 2462 5583 βαθὺν
2498 5515 2779 5584 παρεικὼς
2809 5516 3117 5586 στέρεσθαι.
3160 5516 3219 5569 ’0
3248 5515 3304 5568 δὲ
3340 5518 3477 5587 πρὸς

235 5607 298 5658 τὸ
315 5603 783 5674 κατηγγυημένης
803 5601 950 5672 αὺτῷ
968 5604 1512 5674 θυγατρόπαιδοςτοῦ
1573 5605 1840 5674 βασιλέως
1878 5606 2068 5667 ἀτελὲς
2133 5604 2298 5673 ὀρῶν,
2354 5608 2448 5659 καὶ
2496 5609 2559 5675 τῇ
2591 5607 2683 5660 τοῦ
2730 5607 2959 5671 κάλλους
3009 5609 3236 5680 ροδωνιᾷ
3283 5611 3348 5680 τῇ
3377 5608 3478 5679 τῆς

235 5700 508 5769 τεκούσης
531 5698 700 5769 αὐτὴν
735 5698 934 5766 Ἀννης
962 5699 1020 5748 ἐν
1055 5695 1250 5766 χηρείᾳ
1281 5698 1359 5749 ἔτι
1394 5695 1559 5766 οὔσης
1579 5699 1890 5768 περιέργως
1957 5695 2301 5760 ὲνατενίζων,
2362 5698 2454 5749 καὶ
2510 5698 2720 5768 γάμους
2768 5700 3176 5770 φανταζόμενος
3201 5699 3475 5771 μείζονας.

244 5818 264 5849 ι
301 5795 369 5846 Τί
431 5809 518 5866 μοι
552 5795 639 5847 καὶ
670 5792 744 5863 τῷ
789 5793 846 5844 ἐν
904 5789 1149 5858 γάλαξιν,
1191 5808 1208 5841 ι
1246 5789 1502 5859 ιςασκεν,
1565 5810 1584 5841 ι
1630 5791 1827 5861 ἀρνειῷ
1863 5791 2099 5860 ἁμίίάεος
2127 5792 2261 5860 πρὸς
2289 5791 2472 5858 ὀχείαν
2533 5792 2624 5842 καὶ
2649 5793 2800 5858 αἰγὸς
2824 5791 3029 5854 τελείας
3048 5791 3416 5860 ιπιδεομένῳς
3454 5812 3470 5842 ι
