4304 6354
838 334 941 394 847
2062 331 2362 392 ΝΙΩΕΤᾸΞ
2409 329 2817 393 (ἷΙΙΟΝιΛΤΕ
3971 336 4075 397 848

841 443 921 495 Τὰ
978 445 1207 499 πλεῖστα
1261 447 1357 514 μὲν
1405 441 1498 500 οῦν
1534 450 1561 500 ὁ
1601 447 1739 517 ἀνὴρ
1781 446 1933 505 οὗτος
1982 446 2093 503 τοῖς
2150 444 2277 505 περὶ
2321 441 2419 510 τὴν
2455 440 2727 492 Φιλίππου
2766 439 2949 493 ἐπόνει
3012 439 3224 508 μέρεσι,
3254 441 3347 491 καὶ
3378 436 3444 509 ἦν
3469 441 3751 513 ἀγαπητὸν
3789 443 4076 513 Ῥωμαίοις

837 535 1193 603 ἀντίφραγμα
1222 537 1327 587 τῶν
1351 539 1415 589 ὲκ
1447 537 1542 589 τοῦ
1564 538 1759 605 γένους
1784 537 1993 588 ἐκείνου
2023 535 2160 604 μετὰ
2214 533 2435 585 Σκυθῶν
2477 532 2789 599 συνάρσεως
2837 530 3089 593 ἐξιόντων
3127 530 3221 582 καὶ
3300 532 3599 599 κειρόντων
3634 534 3692 585 τὸ
3739 538 4081 605 προσπεσὸν,

838 624 1013 677 ἐνίοτε
1068 627 1122 679 δὲ
1177 628 1269 679 καὶ
1327 628 1538 696 βασιλεῖ
1614 626 2001 695 συστρατεύων
2036 626 2405 694 διαφερόντως
2445 623 2619 674 ἐδόκει
2693 622 3042 691 δραστήριος.
3094 619 3191 683 Τίς
3260 622 3305 671 δ’
3347 622 3411 675 ἂν
3456 625 3547 675 καὶ⁵
3575 624 3833 694 ἀριθμεῖν
3864 627 4083 680 δύναιτ’)

839 719 960 769 ὅσαι
994 718 1088 776 καὶ
1113 720 1200 769 ὅτε
1225 718 1319 770 τοῦ
1352 720 1500 781 ἔτους
1534 720 1757 771 Σκυθῶν
1786 720 1875 771 καὶ
1907 718 2126 786 Βλάχων
2158 716 2397 782 ἐγίνοντο
2435 714 2639 781 ἔφοδοι,
2693 717 2787 767 καὶ
2853 712 2944 766 οἷα
2995 715 3133 783 ἔργα
3177 714 3347 784 ἔδρων
3402 717 3595 768 ἀνόσια
3626 732 3641 781 ;
3724 719 4082 789 Μαρτυροῦσι

839 806 1012 872 δήπου
1071 806 1138 857 τὰ
1189 807 1554 877 πεπραγμένα
1593 812 1623 877 ή
1663 809 1770 860 τῶν
1807 808 1943 876 πρὸς
1986 802 2163 875 Αἷμον
2203 804 2399 874 χωρῶν
2438 805 2691 874 ἐρημίαι,
2761 803 3104 865 Μακεδονίας
3147 821 3205 856 τε
3243 806 3338 858 καὶ
3370 808 3593 877 Θρᾴκης
3621 809 3671 861 οί
3705 808 3926 878 λήῖσμοὶ
3960 829 4086 881 στηο

838 897 947 947 λῶν
975 898 1067 955 καὶ
1093 896 1341 967 κύρϐεων
1373 898 1768 967 ἀκριϐέστερον
1804 900 1900 950 καὶ
1932 897 2226 967 ξυμπάσης
2256 897 2500 966 ἱστορίας
2532 895 2887 965 τρανότερον.

911 993 962 1045 7.
1009 992 1197 1060 Neque
1264 1007 1394 1045 vero
1443 1009 1471 1046 a
1550 993 2085 1062 Septentrionalibus
2140 991 2489 1053 duntaxatA
2588 985 2611 1049 ζ

2384 1001 2415 1042 ιι
2444 1000 2489 1053 Α
2588 985 2656 1049 ζ’.
2693 988 2768 1041 Ού
2808 988 2970 1057 μόνον
2998 990 3057 1042 δὲ
3082 988 3151 1042 τά
3180 990 3321 1044 κατά
3350 992 3476 1054 τοὺς
3510 992 3649 1061 προς
3693 996 3898 1064 ἄνεμον
3958 998 3987 1065 β
4026 1004 4084 1069 {,-

840 1086 1098 1141 Barbaris
1136 1086 1369 1139 Romani
1424 1094 1694 1154 perpetuo
1750 1083 2164 1153 premebantur,
2212 1080 2311 1135 sed
2357 1082 2412 1135 in

838 1179 1063 1233 Oriente
1085 1177 1268 1231 Persis
1293 1178 1457 1230 etiam
1496 1176 1690 1243 prmdm
1714 1185 1891 1229 erant.
1923 1174 2056 1228 Nam
2082 1188 2205 1227 cum
2242 1173 2415 1241 impes

838 1278 989 1321 rator
1038 1283 1162 1321 cum
1206 1267 1369 1321 Persa
1399 1266 1655 1319 Galatica:
1685 1268 1913 1335 Ancyrae
1959 1264 2186 1319 domino
2223 1278 2412 1333 pacem

840 1373 949 1410 non
981 1356 1219 1413 fecisset.
1262 1356 1355 1408 scd
1391 1358 1585 1423 partim
1606 1355 1902 1408 amicitiam
1925 1355 2063 1424 ejus.
2093 1364 2152 1408 ut
2182 1354 2275 1424 qui
2304 1354 2415 1408 Ro.

838 1448 1017 1501 manis
1038 1463 1239 1501 nocere
1259 1463 1366 1499 non
1396 1456 1601 1515 posset,
1656 1456 1981 1516 aspernatus
2011 1455 2177 1509 esset,
2212 1447 2413 1514 partim

838 1541 1105 1609 pecuni-.e.
1169 1555 1289 1607 qua:
1346 1555 1442 1606 pro
1502 1554 1629 1607 pace
1697 1538 2097 1606 postulabatur,
2139 1545 2410 1606 parceret.

839 1646 1009 1683 unum
1044 1645 1244 1682 annum
1306 1638 1480 1681 ctsex
1538 1644 1754 1682 menses
1812 1629 2013 1681 bellum
2070 1629 2415 1682 continenter

839 1735 962 1772 eum
991 1734 1057 1773 eo
1089 1721 1274 1787 gessit.
1309 1718 1424 1783 Qua
1457 1719 1524 1771 de
1558 1733 1719 1772 causa
1755 1717 1892 1772 Cilix
1928 1717 2153 1774 Alexius
2179 1734 2246 1777 ea
2289 1734 2412 1786 qua:

839 1812 1150 1872 retulimus,
1192 1810 1339 1862 illius
1368 1810 1587 1878 adjutus
1636 1810 1855 1878 Opibus,
1884 1810 2143 1874 confecit,
2200 1820 2255 1864 et
2281 1811 2414 1864 urbs

840 1902 1076 1954 Dadibra
1101 1915 1130 1953 a
1166 1900 1348 1953 Persis
1383 1911 1648 1968 occupata
1684 1910 1789 1955 est.
1823 1902 1957 1955 Nam
1999 1918 2124 1955 cum
2200 1902 2247 1956 is
2296 1917 2414 1955 om-

841 1994 1006 2047 nibus
1037 1993 1151 2046 suis
1177 1991 1346 2060 cupiis
1375 1991 1627 2044 abductis
1656 2008 1712 2046 se
1749 2008 1855 2045 non
1892 1992 2018 2046 inde
2062 2007 2411 2047 recessurum

838 2084 1002 2156 625
1037 2082 1506 2137 contirmaretnisi
1548 2084 1692 2135 illam
1749 2094 2135 2154 expugnasset,
2197 2085 2413 2138 obsidio

840 2181 1075 2238 quatuor
1108 2183 1325 2222 menses
1352 2169 1588 2231 duravit,
1626 2169 1951 2225 Dadibreuis
1983 2172 2201 2225 nemine
2251 2188 2411 2240 opem

844 2268 1069 2318 ferente.
1110 2259 1241 2314 Nam
1277 2263 1574 2330 imperator
1620 2262 1720 2313 etsi
1748 2275 1840 2314 eos
1899 2276 1996 2329 per
2056 2261 2277 2315 nun'ios
2344 2262 2411 2315 ad

844 2361 1060 2413 turtiter
1085 2357 1449 2412 resistendum
1480 2354 1804 2408 hortabatur
1849 2364 1902 2407 et
1935 2354 2135 2409 auxilia
2195 2356 2419 2422 pollice~

842 2456 1021 2511 batur,
1052 2449 1282 2502 subinde
1311 2458 1491 2502 tamen
1525 2462 1637 2500 rem
1682 2446 2122 2515 procrastinabat
2159 2464 2174 2511 ;
2206 2458 2261 2502 et
2292 2448 2415 2501 tini-

843 2543 959 2595 timi
992 2541 1365 2610 Paphlagones
1402 2538 1627 2607 propius
1684 2537 1949 2592 accedere
2006 2549 2063 2593 et
2127 2554 2287 2608 opem
2339 2540 2420 2593 eis

844 2636 989 2689 ferre
1037 2650 1143 2686 non
1188 2630 1481 2684 audebant.
1522 2628 1710 2697 Neque
1758 2643 1891 2680 vero
1933 2628 2146 2682 hostem
2217 2628 2421 2683 latebat

844 2743 941 2781 eos
964 2724 1112 2779 omni
1138 2723 1338 2777 auxilio
1370 2721 1663 2774 destitutos
1690 2728 1743 2772 et
1770 2718 1911 2772 fame
1953 2720 2128 2789 premi
2154 2728 2210 2773 et
2238 2736 2267 2773 a
2298 2735 2416 2773 ma-

847 2818 1029 2874 chinis
1060 2814 1375 2884 gravissime
1423 2810 1606 2879 amigi.
1639 2807 1773 2861 Nam
1801 2824 1925 2862 cum
1988 2823 2138 2870 saxa,
2199 2809 2316 2861 calx
2364 2815 2419 2861 et

850 2905 1115 2977 quidquid
1141 2905 1423 2957 hominum
1454 2902 1577 2954 vita:
1618 2899 1933 2963 insidiatur,
1961 2915 2025 2954 ex
2073 2899 2308 2953 collibus
2364 2899 2419 2951 in

849 2997 1086 3053 mediam
1147 2994 1339 3048 urbem
1372 2992 1796 3062 conjicerentur,
1846 2989 1994 3045 aedes
2057 2988 2422 3044 diruebantur

850 3098 900 3141 et
932 3084 1499 3156 puteiinliciebantur.
1533 3082 1650 3135 Non
1708 3082 1880 3135 multo
1936 3090 2055 3149 post
2118 3082 2301 3135 missis
2353 3081 2421 3135 ab

853 3182 1184 3247 imperatore
1216 3175 1459 3240 auxiliis,
1484 3189 1604 3243 quae
1633 3173 1686 3228 in
1728 3173 1873 3225 Baba
1903 3182 2085 3226 monte
2121 3183 2298 3226 castra
2330 3174 2424 3226 ha-

851 3270 1074 3331 bebant,
1110 3267 1289 3320 tribus
1317 3264 1762 3319 adolescentibus
1789 3263 2048 3327 ducibus,
2082 3262 2259 3315 Brana
2315 3262 2422 3316 isto

850 3364 1165 3425 Theodoro,
1194 3360 1513 3415 Andronico
1536 3358 1944 3412 Catacaloneet
1996 3356 2211 3410 Cazane
2243 3356 2423 3410 Theo-

851 3459 1007 3516 doro,
1048 3456 1222 3508 Persa:
1251 3467 1313 3507 ea
1367 3466 1425 3505 re
1461 3460 1741 3519 comperta
1770 3462 1839 3503 ex
1880 3448 2095 3503 insidiis
2147 3463 2243 3502 eos
2297 3457 2425 3502 ante

851 3548 1028 3601 lucem
1086 3542 1289 3604 adorti,
1337 3548 1391 3593 et
1456 3538 1621 3608 tergis
1670 3538 2002 3607 fugientium
2061 3536 2423 3597 inbmrentes,

2516 1081 2619 1148 ρᾶν
2650 1080 3149 1149 έκπολεμωθέντας
3178 1083 3313 1151 ἡμῖν
3367 1083 3683 1153 βαρϐάρους
3729 1082 3799 1157 ἦν
3833 1088 3921 1139 ἀεί
3975 1107 4090 1151 πως

2514 1173 2957 1243 ἐπικρατέστερά
2985 1189 3045 1224 τε
3071 1173 3166 1225 καὶ
3190 1172 3652 1241 δυσαντίϐλεπτα,
3678 1176 3814 1228 ἀλλὰ
3839 1179 3934 1230 καὶ
3969 1181 4091 1231 καθ’

2513 1263 2589 1316 ἕω
2619 1263 2688 1320 τὰ
2735 1263 3027 1333 Ῥωμαίων
3061 1265 3303 1333 Πέρσαις
3326 1264 3569 1328 ἐξέκειτο
3600 1267 3737 1336 πρὸς
3756 1270 4091 1334 ἀφάνῖωσιν.

2514 1354 2606 1423 Μὴ
2636 1352 2743 1422 γάρ
2769 1353 2848 1424 τῷ
2882 1354 3068 1423 Πέρσῃ
3119 1356 3492 1424 σπεισάμενος
3534 1356 3592 1419 ὃς
3637 1358 3913 1428 Ἀγκύρας
3954 1357 4091 1429 ἦρχε

2513 1444 2614 1512 τῆς
2650 1444 2981 1512 Γαλατικῆς,
3015 1444 3157 1497 ἀλλά
3190 1446 3267 1513 πῆ
3298 1448 3397 1515 μὲν
3430 1448 3528 1516 τήν
3560 1448 3677 1516 μετ’
3702 1450 3869 1502 αὑτοῦ
3904 1452 4097 1519 φιλίαν

2514 1537 2646 1604 παρ’
2694 1535 2849 1588 οῦδὲν
2895 1536 3182 1603 τιθέμενος
3231 1536 3308 1599 ὡς
3378 1537 3735 1607 λυμαίνεσθαι
3793 1544 4095 1611 Ῥωμαζους

2514 1626 2615 1677 οῦκ
2646 1625 2883 1693 ἔχοντος,
2917 1628 3003 1695 πῆ.
3048 1626 3103 1678 δὲ
3155 1627 3287 1697 περὶ
3334 1628 3433 1698 τὴν
3466 1628 3612 1682 δόσιν
3639 1630 3749 1683 τῶν
3785 1637 4087 1701 χρημάτων

2513 1710 2589 1768 ῶν
2614 1716 2755 1784 ὑπὲρ
2787 1716 3010 1786 είρήνης
3034 1716 3154 1786 ᾔτει
3187 1720 3751 1787 σμικρολογούμενος,
3785 1722 4094 1777 διετέλεσεν

2514 1807 2572 1868 ές
2612 1805 2807 1875 χρόνον
2841 1806 2939 1858 ἕνα
2990 1808 3086 1859 καὶ
3120 1808 3297 1877 μῆνας
3340 1809 3400 1874 ἐξ
3432 1811 3630 1878 ἐκείνῳ
3674 1811 4094 1881 διαφερόμενος.

2524 1896 2742 1963 ’Δμέλει
2765 1912 2848 1949 τοι
2879 1896 2969 1949 διά
2998 1897 3173 1949 ταῦτα
3214 1899 3241 1949 ὃ
3278 1915 3335 1951 τε
3390 1900 3548 1964 Κίλιξ
3588 1899 3827 1963 Ἀλέξιος
3864 1905 3965 1955 ὅσα
4014 1903 4098 1955 εῖ-

2515 2003 2689 2054 πομεν
2717 1986 3048 2057 διεπράξατο
3074 1987 3224 2057 παρά
3246 1988 3340 2039 τοῦ
3384 1990 3483 2055 τῆς
3522 1990 3793 2060 Ἀγκύρας
3832 1992 4099 2046 δυνάετου

2514 2077 2916 2145 ὲνισχυόμενος,
2948 2078 2983 2147 ἦ
3016 2094 3074 2130 τε
3102 2081 3256 2142 πόλις
3303 2081 3540 2150 Δάδιϐρα
3597 2083 3740 2135 έάλω
3802 2085 3894 2135 καὶ
3959 2088 4100 2154 Πέρ-

2516 2182 2637 2227 σαις
2666 2166 2965 2235 ὑπέκοψεν.
3015 2169 3189 2238 ’Λρας
3223 2169 3333 2239 γάρ
3370 2172 3491 2239 μεθ’
3521 2173 3740 2244 ἀπάσης
3792 2175 3822 2225 ὁ
3878 2176 4100 2245 Πέρσης

2518 2256 2686 2309 αὐτοῦ
2718 2256 2801 2327 [Ρ.
2838 2258 2970 2329 305]
3001 2264 3098 2328 τῆς
3126 2261 3414 2331 δυνάμεως
3447 2265 3539 2317 καὶ
3571 2265 3702 2333 περὶ
3737 2268 3971 2335 ταυτηνὶ
4001 2270 4101 2336 τὴν

2523 2349 2677 2399 πόλιν
2715 2347 2892 2417 βαλὼν
2929 2352 3294 2419 στρατόπεδον
3335 2355 3573 2424 ἐπέμενε
3607 2358 3934 2428 πολιορκῶν.
3970 2359 4101 2429 Τρι-

2524 2440 2757 2502 ϐομένου
2783 2442 2840 2493 δὲ
2868 2442 2963 2494 τοῦ
3002 2444 3198 2513 καιροῦ
3225 2448 3305 2507 είς
3336 2451 3511 2515 μῆνας
3550 2453 3650 2518 μὲν
3683 2452 3716 2520 ή
3742 2453 4101 2523 πολιόρκησις

2524 2530 2811 2600 παρετάθη
2841 2531 3136 2602 τέσσαρας,
3186 2536 3474 2607 ἐπικουρία
3496 2538 3542 2591 δ’
3585 2535 3653 2610 ἦν
3703 2542 3943 2611 οὐδαμοῦ
3987 2548 4101 2605 τοῖς

2522 2618 2877 2690 Δαδιϐρηνοῖς
2924 2624 3156 2675 ἐπιοῦσα
3199 2627 3263 2677 ὲκ
3295 2628 3406 2679 τῶν
3438 2631 3596 2692 ἐκτός
3625 2647 3639 2659 ·
3685 2631 3713 2685 ὅ
3745 2649 3805 2684 τε
3855 2637 3963 2704 γὰρ
4006 2636 4102 2703 βα-

2525 2713 2708 2775 σιλεὺς
2740 2717 2790 2767 εί
2819 2716 2912 2768 καὶ
2957 2718 3193 2785 πέμπων
3218 2718 3411 2787 ἐνῆγεν
3443 2721 3642 2785 αὐτοὺς
3668 2725 3916 2794 ἀντέχειν
3972 2743 4101 2793 γεν-

2524 2804 2692 2865 ναίως
2749 2808 2843 2857 καὶ
2890 2808 3278 2876 συμμαχήσειν
3334 2814 3834 2880 κατεπηγγέλλετο,
3869 2817 4104 2885 ἔμελλεν

2524 2894 2613 2945 ἀεί
2653 2910 2771 2956 πως
2815 2896 2909 2947 καὶ
2939 2897 3215 2959 ἀνεδύετο,
3250 2899 3345 2950 καὶ
3374 2902 3421 2951 οί
3452 2906 3716 2972 πρόσοροι
3746 2906 4103 2975 Παφλαγόνες

2525 2985 2697 3053 ἀγχοῦ
2726 3001 2829 3037 που
2860 2988 3148 3054 προσιέναι
3187 2991 3282 3042 καὶ
3317 2994 3600 3059 ἐπαμῦναι
3643 2996 3897 3065 οὐδαμῶς
3942 3000 4104 3069 ἐθάρ·

2530 3078 2726 3145 ρησαν.
2770 3076 2937 3145 Ἀτάρ
2964 3079 3011 3129 οἱ
3041 3078 3497 3150 πολιορκούμενοι
3559 3086 3696 3152 πρὸς
3744 3088 3927 3141 πᾶσαν
3966 3092 4101 3141 άπε-

2526 3166 2814 3233 γνὼκεσαν
2840 3168 3089 3238 ἀρωγὴν,
3120 3173 3216 3223 καὶ
3245 3172 3394 3242 δῆλοι
3422 3172 3561 3245 ἦσαν
3591 3178 3735 3248 λιμῷ
3786 3183 4103 3251 πιεζόμενοι

2526 3259 2621 3309 καὶ
2639 3260 2761 3320 ταῖς
2788 3259 3138 3326 πετροϐόλοις
3165 3268 3436 3332 μηχαναῖς
3460 3269 3735 3339 ἀνήκεστα
3756 3275 4064 3343 πάσχοντες
4086 3292 4102 3304 °

2527 3348 2658 3410 τοὺς
2685 3352 2795 3417 γὰρ
2823 3348 3004 3412 λίθους
3032 3352 3095 3401 ἐκ
3141 3353 3252 3404 τῶν
3292 3354 3492 3418 ἔξωθεν
3542 3360 3799 3428 γηλόφων
3845 3365 3994 3415 κατᾶ
4042 3366 4105 3415 τὸ

2532 3440 2702 3507 μέσον
2730 3442 2980 3509 ἀφιεῖσαι
3008 3441 3107 3509 τῆς
3136 3442 3344 3507 πόλεως
3383 3446 3482 3509 τὰς
3527 3450 3705 3512 οἰκίας
3739 3455 4102 3523 κατήρειπον,

2527 3533 2726 3584 τίτανά
2750 3549 2807 3586 τε
2838 3534 3279 3597 διακοντίζουσαι
3308 3539 3402 3591 καὶ
3425 3541 3533 3593 πᾶν
3564 3542 3752 3612 ἕτερον
3787 3546 4104 3614 ἀνθρώποις

852 3638 991 3691 alios
1048 3633 1395 3697 occiderunt,
1468 3630 1607 3683 alios
1672 3637 1959 3698 ceperunt,
2026 3637 2083 3681 et
2133 3628 2272 3680 duos
2326 3623 2552 3710 du-Cé

2407 3653 2495 3710 -Ο
2530 3622 2820 3676 ἐπίϐουλον
2875 3623 3335 3693 ἀκροϐολίζουσαι
3388 3629 3456 3680 τά
3500 3629 3682 3700 δοχεῖα
3733 3632 3844 3684 τῶν
3900 3636 4107 3689 ὑδάτων

851 3742 945 3781 ces
973 3727 1115 3778 inter
1143 3734 1389 3776 cazteros.
1421 3720 1570 3785 Quos
1590 3720 1753 3773 Persa
1773 3718 2029 3771 manibus
2056 3727 2181 3786 post
2211 3728 2422 3787 tergum

853 3816 1117 3871 revinctis
1146 3812 1582 3885 626undiqne
1633 3810 2044 3865 circumductos
2103 3811 2170 3863 iis
2223 3810 2313 3879 qui
2372 3810 2426 3863 in

855 3910 1132 3964 mmnibus
1156 3917 1313 3960 erant
1335 3901 1689 3964 ostendebat,
1742 3914 1973 3953 monens
2011 3909 2070 3952 ut
2094 3900 2285 3952 urbem
2319 3898 2428 3966 pri-

855 4017 1083 4071 usquam
1110 3999 1236 4053 belli
1261 3995 1524 4051 ﬂuctibus
1556 3993 1912 4055 obrueretur,
1949 3990 2055 4045 sibi
2109 3991 2425 4060 gubernan-

854 4097 978 4149 dam
1010 4090 1291 4145 traderent
1321 4106 1333 4140 :
1367 4100 1546 4155 neque
1587 4084 1735 4137 enim
1767 4098 1917 4152 spem
1944 4082 2135 4135 salutis
2158 4082 2319 4134 ullam
2351 4082 2431 4134 eis

855 4196 1186 4249 superesse;
1224 4192 1404 4246 neque
1455 4190 1513 4229 se
1572 4173 1698 4227 inde
1734 4186 2078 4227 recessurum
2130 4172 2235 4224 nisi
2296 4171 2431 4225 urbe

856 4280 1191 4344 upugnata.
1218 4269 1315 4323 llis
1333 4264 1670 4337 spectaculis
1692 4273 1747 4317 et
1783 4263 2131 4318 sermonibus
2160 4263 2428 4317 Dadibre-

861 4366 918 4417 ui
951 4362 1109 4416 fracti
1141 4358 1207 4413 ad
1237 4358 1525 4427 pactiones
1549 4353 1914 4416 descendunt,
1955 4353 2171 4421 iniquas
2209 4353 2431 4422 quidem

861 4455 1001 4515 illus,
1070 4449 1165 4504 sed
1224 4463 1362 4516 quas
1432 4444 1695 4513 tempo=is
1779 4444 2043 4512 angustiae
2121 4454 2175 4497 et
2232 4444 2431 4499 durum

861 4550 1028 4601 telum
1130 4540 1428 4595 necessitas
1506 4536 1843 4604 ﬂagitabant.
1908 4536 2169 4591 Annuuut
2218 4552 2275 4591 se
2339 4553 2433 4589 ur-

862 4639 987 4690 bem
1023 4634 1241 4701 penitus
1268 4631 1607 4690 deserturos,
1644 4636 1703 4679 ut
1736 4626 1934 4693 cuique
1967 4642 2091 4678 cum
2120 4626 2235 4679 suis
2264 4630 2437 4681 caris-

862 4730 1021 4787 simis
1044 4741 1101 4777 et
1133 4717 1569 4788 supellectilibus
1629 4715 1887 4769 incolumi
1914 4714 2063 4768 abire
2094 4715 2285 4768 liceret
2327 4731 2436 4783 quo

865 4819 1030 4871 Vellet
1060 4834 1072 4866 :
1106 4827 1286 4878 neque
1319 4810 1466 4865 enim
1494 4806 1763 4859 Barbarus
1792 4821 1888 4857 eos
1921 4805 1974 4857 in
2010 4805 2183 4873 patria
2213 4821 2437 4862 manere

865 4922 922 4966 et
957 4908 1161 4961 tributa
1198 4902 1475 4971 pensitare
1507 4899 1617 4968 pati
1671 4897 1866 4951 Voluit.
1890 4896 1984 4950 His
2028 4898 2437 4952 conditionibus

2529 3712 2794 3780 ἠφάνιζον
2827 3712 2922 3766 καὶ
2969 3714 3038 3767 τά
3074 3717 3217 3767 ποτά
3253 3717 3514 3785 ήχρείουν
3560 3721 3773 3773 ἑστῶτα
3830 3723 3963 3775 δντα
4013 3729 4111 3777 καὶ

2533 3803 2609 3870 μὴ
2641 3802 2993 3872 πλανώμενα.
3019 3803 3149 3857 Μετ’
3176 3806 3237 3858 ού
3260 3807 3429 3860 πολὺν
3456 3807 3513 3860 δέ
3536 3826 3657 3863 τινα
3681 3814 3873 3882 χρόνον
3899 3814 4113 3883 βασιλι-

2531 3893 2628 3958 κῆς
2648 3891 2966 3960 ἐπικουρίας
2983 3894 3295 3963 ἀφιγμένης
3313 3898 3401 3948 καὶ
3427 3900 3571 3951 κατὰ
3584 3900 3675 3952 τὸν
3696 3901 3879 3955 Βαϐαν
3902 3905 3961 3955 τὸ
3984 3906 4111 3973 ὅρος

2532 3982 2928 4051 αὐλισαμένης,
2967 3978 3032 4053 ἦς
3069 3979 3240 4055 ἦρχον
3292 3988 3559 4056 μείρακες
3600 3994 3772 4058 τρεῖς,
3819 3996 3847 4046 ό
3893 3996 4112 4064 Βρανᾰς

2532 4066 2685 4135 οὗτος
2712 4074 3006 4144 Θεόδωρος,
3043 4077 3071 4126 ὀ
3118 4077 3458 4131 Κατακαλὼν
3518 4080 3861 4152 Ἀνδρόνικος
3924 4088 4024 4138 καὶ
4076 4088 4109 4138 ό

2535 4164 2790 4233 Καζάνης
2822 4165 3118 4235 Θεόδωρος,
3171 4167 3246 4230 ὠς
3277 4169 3508 4239 ᾔσθοντο
3556 4174 3606 4224 οἱ
3660 4176 3888 4247 Πέρσαι,
3917 4177 4111 4246 λόχους

2537 4256 2955 4321 ὑποκαθίζουσι,
2997 4260 3094 4310 καὶ
3134 4262 3300 4329 μήπω
3353 4266 3835 4337 παρανατειλάσης
3891 4272 4110 4339 ἡμερας

2536 4346 2853 4418 ἐπιθέμενοι
2887 4350 2984 4402 καὶ
3013 4352 3315 4419 φεύγουσιν
3343 4356 3577 4408 κατόπιν
3625 4360 3974 4429 ἐπικείμενοι
4018 4361 4115 4424 οῦς

2539 4436 2639 4505 μὲν
2668 4437 2937 4503 ἔκτειναν,
2962 4440 3067 4501 οὓς
3093 4440 3151 4492 δὲ
3184 4441 3539 4512 συνειλήφασι
3574 4444 3806 4508 ζῶντας,
3861 4448 3987 4516 μεθ’
4038 4444 4116 4502 ῶν

2538 4533 2630 4583 καὶ
2663 4534 2788 4596 τοὺς
2824 4533 2916 4586 δύο
2944 4536 3309 4604 στρατηγούς.
3340 4537 3452 4589 Καὶ
3482 4538 3709 4601 τούτους
3738 4558 4116 4608 περιηγκωνιο

2540 4627 2772 4693 σμένους
2824 4627 2922 4686 τὰς
2971 4630 3164 4695 χεῖρας
3218 4627 3405 4697 κύκλῳ
3467 4633 3747 4698 περιάγων
3810 4636 3838 4683 ὀ
3893 4634 4117 4701 Πέρσης

2538 4716 2749 4769 ὲδεὶκνυ
2781 4720 2893 4779 τοῖς
2919 4720 3014 4770 ἐπὶ
3050 4717 3159 4771 τῶν
3210 4720 3429 4789 τειχῶν,
3486 4723 3577 4772 καὶ
3626 4718 3878 4793 παρῄνει,
3931 4725 4041 4786 ἕως
4083 4727 4117 4792 ἡ

2542 4808 2698 4870 πόλις
2735 4811 2844 4871 τοῖς
2869 4808 3151 4879 πολεμίοις
3182 4809 3524 4873 ἀϐάπτιστος
3551 4813 3787 4881 κύμασι,
3821 4823 3919 4881 τήν
3965 4817 4111 4868 ἐκεί·

2542 4916 2639 4967 νης
2670 4901 2975 4969 ἐγχειρίσαι
3024 4900 3175 4970 αύτῷ
3222 4902 3459 4954 οίάκισιν
3491 4921 3502 4933 ·
3543 4906 3678 4972 μηδὲ
3712 4906 3821 4972 γάρ
3852 4909 3918 4957 ὲκ
3961 4907 4118 4957 τοῦδε

862 4996 1223 5071 jurejurando
1253 4991 1503 5052 ﬁrmatis,
1536 4990 1700 5043 Persa
1726 4990 1914 5041 urbem
1940 4990 2054 5042 suis
2080 4990 2435 5058 popularibus
2464 4988 2514 5047 D
2543 5008 2562 5042 ο

2421 4988 2514 5047 5D
2543 4992 2742 5051 σώζειν
2772 4991 3006 5060 ἔχουσαν
3046 4992 3243 5045 ἐλπίδα
3291 4994 3475 5061 σφίσιν
3519 4995 3931 5061 ὑπολελεῖφθαι,
3993 4998 4121 5067 μηδ’

870 5086 1214 5145 incolendam
1239 5083 1411 5145 dedit,
1449 5082 1596 5135 cives
1637 5080 1691 5133 in
1726 5081 1860 5133 alias
1891 5092 2056 5150 atque
2101 5084 2236 5135 alias
2262 5086 2440 5153 regio-

869 5197 970 5238 nes
1002 5182 1240 5230 “turbes
1255 5183 1384 5231 sunt
1402 5172 1656 5240 dispersi.
1683 5170 1913 5237 Quidam
1936 5173 2094 5225 etiam
2114 5173 2289 5226 Persa!
2308 5190 2441 5229 con.

873 5285 1056 5330 cessu,
1093 5265 1455 5336 tuguriolisin
1483 5264 1729 5332 proximo
1753 5265 1996 5325 structis,
2029 5280 2214 5318 amore
2256 5267 2443 5334 patria:

874 5358 1156 5411 servitutis
1199 5356 1388 5424 jugqu
1441 5352 1752 5405 subierunt.
1821 5352 1899 5407 Ac
1950 5368 2075 5408 cutn
2112 5353 2247 5407 urbe
2282 5354 2449 5407 Dadi-

876 5452 971 5502 bra
1006 5448 1110 5500 hoc
1138 5445 1299 5498 modo
1320 5454 1630 5497 actumcst.
1684 5442 1985 5511 Imperator
2037 5454 2219 5498 autem
2279 5446 2440 5514 paulo

875 5550 1175 5610 post,pace
1207 5552 1329 5590 cum
1383 5535 1546 5589 Persa
1592 5534 1757 5597 facta,
1813 5534 2046 5587 libenter
2093 5536 2166 5601 ei,
2223 5538 2439 5592 deterso

877 5635 1104 5697 pudore,
1136 5642 1198 5679 ea
1232 5624 1380 5679 dedit
1403 5639 1523 5693 qua:
1549 5633 1672 5677 ante
1707 5624 1855 5678 illius
1917 5626 2067 5680 urbis
2099 5626 2433 5683 deditionem

881 5720 1206 5791 postularat.

2542 5086 2608 5137 ἂν
2630 5086 2794 5137 αὐτὸν
2823 5085 3033 5138 ἐκεῖθεν
3074 5086 3511 5153 μεταναστεῦσαί
3543 5105 3694 5149 ποτε,
3719 5092 3767 5140 εἰ
3802 5092 3878 5158 μὴ
3913 5092 4121 5159 ἐγκρα-

2542 5176 2639 5246 τὴς
2665 5179 2762 5246 τῆς
2796 5178 3008 5238 πόλεως
3043 5178 3280 5243 γένοιτο.
3319 5178 3596 5239 Τοιούτοις
3628 5177 3722 5232 οὖν
3748 5183 3796 5233 οἱ
3846 5183 4123 5251 Δαὸιϐρη-

2542 5270 2622 5321 vol.
2671 5268 2911 5337 θεάμασι
2973 5271 3066 5321 καὶ
3128 5269 3438 5337 ἀκούσμασι
3503 5271 3983 5336 κατακλεισθέντες
4059 5273 4125 5323 τὸ

2547 5359 2823 5428 πρόθυμον
2864 5362 3157 5429 τρέπονται
3205 5360 3343 5429 πρὸς
3400 5361 3705 5428 συμϐάσεις
3753 5362 4119 5431 ἀσυμφόρους

2550 5454 2671 5523 μὲν,
2708 5450 2899 5513 ὁποίας
2932 5452 2976 5504 δ’
3004 5452 3302 5504 ἐπέταττεν
3326 5453 3353 5503 ὁ
3393 5452 3579 5520 καιρὸς
3600 5454 3834 5521 ἀκμαῖος
3869 5455 4121 5520 ἐφεστὼς

2550 5548 2643 5596 καὶ
2671 5544 2865 5612 τομδς,
2899 5542 3259 5596 κατανεύουσί
3287 5559 3345 5593 τε
3382 5543 3481 5612 τὴν
3518 5547 3616 5612 μὲν
3669 5546 3823 5595 πόλιν
3871 5545 4125 5596 ἐκλιπεῖν

2548 5636 2801 5699 πανσυδὶ,
2854 5634 3069 5699 βαδίσαι
3127 5633 3173 5684 δ’
3221 5633 3454 5686 ἕκαστον
3509 5636 3696 5687 κακῶν
3734 5636 3923 5701 ἀπαθη
3980 5638 4123 5705 μετά

2546 5722 2657 5775 τῶν
2718 5723 2991 5792 φιλτάτων
3044 5722 3194 5791 σφίσι
3240 5722 3336 5775 καὶ
3386 5722 3492 5774 τῶν
3536 5725 3780 5793 κτήσεων
3826 5725 3893 5794 ἢν
3932 5724 4005 5777 ἂν
4032 5726 4118 5777 αἱ·
