4304 6354
250 391 352 455 849
1139 395 1235 455 DE
1272 391 1554 454 ALEXlO
1594 391 1874 452 ISAAClI
1911 391 1950 450 Ᾱ

1819 393 1874 452 ll
1911 391 2191 452 ANGELI
2234 395 2357 453 FB.
2391 392 2540 453 LIB.
2587 394 2636 452 ῐ.
3405 392 3509 458 850

253 509 430 574 ροῖντο
461 507 795 571 στείλασθαι,
849 508 973 560 ἐπεὶ
1022 509 1145 576 μηδ’
1176 506 1430 576 εὕρισκον
1457 505 1549 557 τὸν
1581 504 1858 574 βάρϐαρον
1907 503 2091 572 μένειν
2120 505 2315 569 αὐτοὺς
2375 507 2522 559 κατά
2554 503 2741 575 χώραν
2783 505 2958 559 ἐῶντα
2984 505 3090 558 ’καὶ
3124 506 3324 576 φόρους
3365 505 3515 574 αὐτῷ

257 599 645 654 κατατίθεσθαι
675 601 924 653 ὁπωσοῦν
959 602 1366 670 συντιθέμενον.
1395 591 1543 652 Ταῦτ
1592 596 1703 668 ἀρα
1768 598 1863 650 καὶ
1901 598 2083 667 ὅρκων
2148 599 2539 666 γεγενημένων
2567 601 2594 651 ὁ
2626 598 2726 667 μὲν
2777 599 2994 668 Πέρσης
3042 594 3156 668 εἷχε
3203 597 3304 667 τήν
3353 598 3514 649 πόλιν

252 695 348 746 καὶ
379 697 491 756 τοῖς
531 699 594 749 ἐκ
624 697 718 749 τοῦ
751 699 944 763 γένους
971 698 1186 750 δίδωσιν
1219 697 1388 764 αὑτὴν
1411 697 1490 758 είς
1530 694 1827 763 ἐνοίκησιν,
1864 695 2020 746 αὐτοὶ
2054 695 2110 747 δὲ
2147 697 2588 764 μεταναστάντες
2620 695 2834 747 ἐκεῖθεν
2885 696 3008 748 καθ’
3070 695 3271 766 ἐτέρας
3333 697 3515 765 χώρας

256 789 352 839 καὶ
384 789 567 852 πόλεις
614 791 993 859 διεσπάρησαν
1019 807 1033 820 ·
1075 791 1262 842 πολλοὶ
1300 790 1354 841 δέ
1410 791 1508 859 τῆς
1567 788 1827 856 πατρίδος
1870 787 2108 855 ἄγχιστα
2183 788 2491 857 πηξάμενοι
2561 789 2789 857 μόσυνα,
2821 788 2964 841 οὕτω
3000 783 3194 842 δοκοῦν
3219 790 3294 859 τῷ
3329 790 3517 859 Πέρσῃ

253 882 624 954 προσέμειναν
674 884 913 936 δούλειον
960 884 1254 946 ὑποδύντες
1309 883 1493 951 ζυγὸν,
1527 876 1608 942 οἷς
1642 883 1674 948 ἠ
1709 879 1808 946 τῆς
1848 879 2225 949 ἐνεγκαμένης
2287 879 2567 948 γλυκύτης
2630 884 2696 950 τῇ
2735 883 2925 951 μνήμῃ
3005 881 3332 949 προσίζανεν
3382 885 3520 936 ἀνα·

252 979 535 1038 πὸνιπτος.
569 976 676 1028 Καὶ
708 976 950 1029 τοιοῦτον
984 976 1083 1046 μὲν
1109 980 1174 1046 τῇ
1207 977 1358 1029 πόλει
1403 973 1642 1044 Δαδίϐρῃ
1705 971 1856 1029 τέλος
1895 971 2210 1040 ἀπήντησεν
2254 988 2269 1003 ·
2324 975 2351 1025 ὁ
2415 973 2472 1025 δὲ
2513 972 2767 1042 βασιλεὺς
2821 974 2957 1042 μετά
2990 973 3164 1044 βραχὺ
3213 974 3292 1044 τῷ
3329 976 3516 1046 Πέρσῃ

259 1069 632 1135 σπεισάμενος
675 1071 959 1124 ἀπέδωκεν
983 1073 1270 1133 ἀσπασίως
1311 1073 1410 1122 ὅσα
1471 1067 1579 1139 πρὸ
1643 1067 1736 1118 τοῦ
1802 1061 2009 1116 ἁλῶναι
2047 1067 2321 1137 Δάδιϐραν
2367 1069 2632 1138 ἀπῃτεῖτο
2669 1069 2949 1138 χρήματα,
3002 1068 3077 1132 ὡς
3124 1069 3184 1133 ἐξ
3253 1071 3520 1139 ὀμμάτων

253 1162 422 1216 οὖσαν
451 1162 548 1230 τὴν
578 1163 698 1214 τότε
731 1165 994 1232 αἰσχύνην
1023 1164 1237 1235 ταχέως
1271 1163 1732 1231 ἀποτριψάμενος.

343 1275 485 1329 Ἀλλ’
521 1275 674 1328 οὔπω
708 1279 740 1344 ἡ
787 1277 1081 1346 Ῥωμαίων
1108 1280 1250 1348 ἀρχὴ
1278 1280 1376 1348 τὴν
1426 1276 1605 1346 ἅλμην
1631 1274 1837 1341 ταύτην
1868 1271 1914 1328 Α
2011 1275 2043 1339 ε

1820 1293 1837 1318 ν
1868 1271 1914 1328 Α
2011 1275 2170 1339 627
2221 1270 2314 1324 Vlix-
2357 1269 2728 1325 Romanorum
2783 1273 3076 1340 imperium
3138 1273 3205 1326 ab
3231 1275 3334 1327 boc
3379 1275 3520 1328 malo

255 1365 578 1417 ἀπέπτυσεν
631 1365 885 1418 ἀνένευσέ
937 1385 995 1419 τε
1047 1368 1306 1437 καθαρῶς
1365 1366 1459 1420 καὶ
1509 1367 1834 1425 ἁνέπνευσε,

256 1455 354 1507 καὶ
403 1453 724 1524 δεινοτέρων
771 1458 1118 1525 ἀγγέλμασιν
1168 1460 1534 1525 ἀκουσμάτων
1582 1457 1836 1525 βάλλεται

256 1545 461 1605 ἄλλων,
494 1549 588 1598 καὶ
620 1548 729 1599 τῶν
761 1550 1076 1603 ἐνεστώτων
1111 1550 1194 1622 [Ρ.
1228 1550 1352 1622 506]
1385 1547 1526 1621 ἦσαν
1562 1551 1631 1601 τὰ
1661 1565 1836 1618 προσ-

251 1636 541 1704 δοκώμενα
589 1640 1027 1708 δυσαχθέστερα,
1078 1644 1133 1694 εἷ
1165 1660 1225 1708 γε
1269 1646 1337 1695 τά
1386 1645 1486 1710 μὲν
1541 1641 1836 1694 ὑπέσαινον

260 1727 575 1795 ἐλευθερίας
605 1715 1120 1798 ἐγκαταλείμμασιν
1149 1730 1257 1782 ἀπὸ
1279 1731 1479 1798 μέρους
1510 1730 1835 1796 ἀλγύνοντα,

255 1818 326 1867 τὰ
375 1816 520 1869 δ’ἐκ
570 1819 678 1871 τῶν
722 1819 994 1889 ἐσπερίων
1041 1821 1212 1873 ἐθνῶν
1271 1821 1533 1891 βάλλοντα
1582 1822 1836 1874 δουλείαν

255 1911 522 1977 παρεῖχον
556 1911 926 1976 φαντάζεσθαι
964 1915 1234 1980 παγγενεὶ
1272 1911 1698 1984 προϐησομένην
1745 1913 1836 1965 καὶ

250 2000 729 2053 δυσαπάλλακτον.
790 2003 848 2054 '0
881 2005 987 2071 γάρ
1019 2003 1083 2073 δὴ
1113 2007 1232 2056 τότε
1270 2005 1486 2073 κρατῶν
1517 2006 1625 2056 τῶν
1683 2003 1838 2056 Ἀλα-

256 2090 439 2160 μανῶν
507 2092 797 2162 Ἀμερίγος
845 2095 872 2145 ὀ
930 2093 1022 2146 τοῦ
1086 2097 1412 2166 Φρεδερίχου
1463 2095 1611 2158 υίὸς,
1661 2095 1718 2157 ὃς
1778 2098 1836 2148 ἐν

252 2186 318 2251 τῇ
358 2183 499 2235 κατὰ
535 2185 908 2253 Παλαιστίνην
939 2187 1115 2256 ἀνόδῳ
1140 2189 1206 2240 τὰ
1255 2189 1463 2240 ὒστατα
1514 2188 1712 2256 νίπτρα
1751 2187 1839 2239 λέ-

255 2275 443 2327 λουται
494 2276 753 2346 ποταμίῳ
807 2278 1158 2346 ἐναποψύξας
1221 2281 1479 2348 ῥεύματι,
1538 2278 1722 2342 καθὼς
1780 2280 1836 2332 ἐν

253 2369 367 2427 τοῖς
394 2366 536 2416 κατά
571 2367 659 2417 τὸν
693 2368 963 2432 Ἀγγελον
999 2369 1182 2435 λόγοις
1233 2372 1544 2440 ἱστόρηται,
1578 2372 1676 2440 τὴν
1731 2385 1838 2421 πα-

252 2455 438 2525 τρῴαν
475 2456 713 2523 εἰληφὼς
755 2457 1035 2525 βασιλείαν
1063 2461 1316 2512 Σικελίαν
1358 2480 1416 2514 τε
1471 2461 1833 2531 παραστησά-

258 2564 419 2616 μενος
469 2549 561 2600 καὶ
611 2549 844 2600 Ἰταλίαν
883 2552 1333 2621 ὑπαγαγόμενος,
1388 2553 1482 2605 ἐπὶ
1543 2553 1680 2623 τῷδε
1738 2557 1832 2608 καὶ

264 2638 566 2707 Ῥωμαίοις
596 2639 782 2703 αὐτοῖς
810 2642 1105 2709 ἐπεφύετο,
1162 2646 1508 2714 πραγμάτων
1549 2647 1833 2716 νεωτέρων

256 2729 458 2791 ἄτοπος
498 2731 572 2782 ῶν
609 2733 841 2803 ἐραστὴς
891 2732 985 2785 καὶ
1016 2735 1213 2803 ρέκτης
1243 2737 1432 2788 κακῶν
1490 2738 1831 2794 δυσαπάλλα-

257 2838 406 2882 κτος.
439 2825 552 2875 Οὐκ
586 2824 783 2894 ἀνέδην
812 2825 867 2876 δέ
899 2828 991 2877 καὶ
1026 2828 1224 2878 αὐτίκα
1276 2824 1570 2898 Ῥωμαίοις
1593 2826 1661 2900 ἦν
1709 2832 1833 2899 ἐφε-

254 2914 484 2982 δρεύων,
513 2916 573 2967 τὸ
625 2916 724 2986 τῆς
771 2917 1142 2987 ἐγχειρήσεως
1179 2921 1416 2989 ἐργῶδες
1455 2918 1834 2992 ὑποϐλεπόμε-

257 3022 364 3067 νος,
398 3006 493 3057 καὶ
523 3005 600 3059 ἔτι
636 3007 775 3077 ἔχων
803 3011 912 3071 τοῖς
961 3008 1260 3079 ὀφθαλμοῖς
1292 3012 1632 3080 προκείμενα
1660 3014 1834 3065 ὁπόσα.

266 3096 531 3162 Ῥωμαῖοι
564 3100 706 3150 κατὰ
745 3100 1044 3151 Σικελικῶν
1078 3101 1401 3170 ήνδρίσαντο
1441 3105 1497 3163 ἐς
1543 3103 1642 3170 τὴν
1695 3106 1834 3172 ἡμε-

256 3190 420 3257 τέραν
448 3189 641 3259 πρώην
664 3192 1125 3260 παρεμϐαλόντων
1146 3230 1162 3255 ,
1191 3196 1284 3246 καὶ
1325 3193 1479 3263 παρὰ
1509 3193 1604 3244 τοῦ
1632 3197 1836 3247 πάππα

253 3283 312 3333 δὲ
342 3283 438 3350 τῆς
466 3282 858 3351 πρεσϐυτέρας
900 3283 1122 3352 Ῥώμης
1148 3285 1248 3335 οὑκ
1294 3285 1515 3336 ἔλαττον
1539 3287 1835 3354 ἀνασειρα·

257 3372 486 3440 ξάμενος
517 3375 611 3441 τῆς
647 3376 983 3443 προθέσεως.
1018 3376 1249 3444 Πέμψας
1281 3373 1376 3426 οἶν
1402 3378 1667 3445 πρέσϐεις
1699 3379 1836 3448 πρὸς

256 3464 349 3513 τὸν
379 3464 764 3536 αὐτοκράτορα
807 3467 1081 3521 Ἰσαάκιον
1129 3469 1211 3539 (οὐ
1245 3469 1355 3538 γάρ
1389 3488 1474 3522 πω
1523 3471 1623 3538 τῆς
1660 3470 1836 3541 ἀρχῆς

256 3555 682 3624 ἐξωστράκιστο)
736 3559 920 3622 αίτίας
975 3561 1212 3631 συνείρει
1266 3562 1513 3616 ἀλναιτίου
1566 3563 1837 3632 δήπουθεν

258 3647 614 3710 διαστάσεως.
638 3644 847 3718 Ἑαυτῷ
875 3652 983 3719 γὰρ
1006 3650 1312 3720 ἀπεμέριζε
1348 3653 1443 3704 καὶ
1469 3654 1836 3724 προσῳκείου,

260 3738 333 3796 ὡς
368 3738 469 3804 ήδη
499 3737 749 3800 Σικελίας
787 3734 1179 3804 ἐξουσιάζοντι,
1227 3742 1326 3803 τάς
1358 3742 1417 3804 ἐξ
1467 3745 1639 3812 αὑτῆς
1682 3745 1836 3796 Ἐπι-

257 3827 463 3896 δάμνου
495 3828 663 3896 μέχρι
700 3829 796 3880 καὶ
821 3829 920 3897 τῆς
955 3829 1359 3900 μεγαλωνύμου
1386 3832 1594 3894 πόλεως
1623 3833 1837 3885 Θεσσα-

260 3920 482 3988 λονίκης
527 3920 849 3989 Ῥωμαϊκὰς
904 3923 1275 3987 ἁπαξαπάσας
1330 3925 1514 3996 χώρας
1569 3928 1645 3989 ὡς
1688 3928 1907 4012 νόμῳο

260 4012 620 4080 ὑποκυψάσας
659 4014 896 4082 πολέμου
942 4015 1021 4080 τῷ
1050 4017 1158 4069 τῶν
1208 4018 1443 4072 Σικελῶν
1492 4022 1597 4089 πρὸ
1640 4019 1832 4090 τρίτης

263 4106 676 4172 στρατεύματι·
712 4108 811 4174 τὴν
845 4107 954 4176 γὰρ
975 4104 1145 4178 ἧτταν
1167 4109 1374 4162 τούτων
1421 4110 1516 4162 καὶ
1560 4111 1830 4181 κατατρύ-

261 4214 440 4250 πωσιν
472 4200 594 4250 κατ’
643 4199 860 4263 ἀπάτην
898 4201 1051 4267 ἔλεγε
1111 4202 1402 4271 Ῥωμαίων
1437 4206 1828 4272 προσυπαντῆ-

255 4305 375 4349 σαι,
420 4291 517 4357 οὐχ
561 4291 766 4358 ἣκιστα
806 4293 1024 4345 πάντων
1068 4292 1352 4358 λογοποιὸς
1405 4294 1463 4344 ἐν
1505 4295 1616 4355 τοῖς
1666 4294 1828 4346 ἀνδά-

254 4399 438 4434 νουσιν
472 4384 883 4452 εὑρισκόμενος.
931 4385 1268 4450 Ἐλογίστευε
1303 4379 1358 4438 δὲ
1392 4386 1487 4439 καὶ
1525 4386 1700 4448 λύπας
1731 4386 1829 4449 τὰς

251 4469 350 4521 τοῦ
383 4471 614 4535 πατρὸς,
642 4472 735 4522 καὶ
769 4472 1056 4538 σταθμίοις
1087 4469 1148 4523 ού
1195 4471 1425 4534 δικαίοις
1477 4471 1646 4534 αὑτὰς
1704 4474 1829 4524 ἐτα-

253 4561 536 4624 λάντευεν,
576 4563 635 4614 οὑ
660 4562 758 4624 τὰς
785 4564 1131 4631 προσφάτους
1178 4563 1360 4630 μόνον,
1390 4563 1524 4614 ἀλλά
1554 4565 1646 4616 καὶ
1675 4564 1830 4626 ὅσαις

250 4655 462 4714 εκεῖ-λος
498 4654 560 4704 ἐκ
591 4653 785 4705 πολλοῦ
835 4653 1272 4722 προσεπάλαισε,
1327 4652 1430 4718 τῆς
1484 4653 1829 4721 παλαιτέρας

261 4743 485 4811 Ῥώμης
516 4744 930 4812 ἐκδιιστάμενος
957 4747 1077 4806 ταῖς
1120 4744 1215 4796 τοῦ
1273 4743 1540 4812 βασιλέως
1574 4743 1830 4813 Μανουὴλ

253 4835 564 4902 ἀγχινοίαις
594 4835 689 4885 καὶ
723 4835 957 4896 Ἰταλίας
987 4835 1250 4896 ὡσαύτως
1275 4835 1826 4904 ἐκσφενδονούμενος.

254 4926 366 4977 Καὶ
396 4925 569 4977 ταῦτα
593 4924 656 4995 δὴ
687 4925 755 4976 τά
787 4926 893 4995 πρὸ
926 4925 1218 4979 Εὐκλείδου
1267 4927 1653 4990 ἀνυποστόλως
1701 4930 1833 4981 ἀνα-

253 5015 423 5068 κινῶν
448 5014 608 5085 ήθελε
638 5017 945 5084 Ῥωμαίους
977 5018 1230 5086 χρήμασι
1260 5017 1537 5086 μεγίστοις
1566 5020 1831 5088 πρίασθαι

1944 1365 2262 1432 respirarat,
2323 1378 2447 1417 cum
2513 1363 2602 1416 alii
2635 1363 2816 1418 nuntii
2851 1365 3132 1433 graviores
3189 1366 3518 1428 aﬂeruntur.

1939 1462 1996 1508 et
2033 1453 2220 1507 futura
2289 1454 2552 1523 majorem
2606 1453 2849 1508 dolorem
2886 1455 3122 1509 aﬂ‘crunt
3151 1472 3315 1525 quam
3379 1473 3522 1526 pra:-

1940 1547 2139 1600 sentia.
2162 1544 2296 1600 Nam
2359 1548 2476 1601 haec
2531 1547 2778 1617 quidem,
2808 1549 3060 1617 quamvis
3095 1565 3156 1602 ex
3192 1560 3344 1618 parte
3404 1566 3522 1602 mo-

1939 1637 2152 1691 lestiam
2229 1639 2519 1701 haberent,
2605 1648 2784 1693 tamen
2870 1640 3145 1693 libertatis
3243 1642 3524 1694 nonnullis

1941 1729 2190 1797 reliquiis
2218 1727 2662 1783 blandiebantur.
2717 1732 2846 1796 Quae
2905 1741 3086 1784 autem
3112 1733 3180 1784 ab
3209 1734 3524 1786 occidenta-

1942 1819 2084 1873 libus
2125 1818 2379 1888 gentibus
2423 1819 2808 1878 imminebant.
2845 1838 2906 1874 ea
2957 1822 3280 1875 servitutem
3306 1823 3525 1877 univer-

1941 1923 2055 1964 sam
2080 1916 2134 1963 et
2153 1920 2471 1979 perpetuam
2497 1910 2914 1971 minitabantur.
2937 1913 3070 1965 Nam
3091 1915 3522 1968 Alemannorum

1942 2018 2039 2054 rex
2067 2001 2380 2070 Amerigus,
2439 2000 2706 2056 Friderici
2737 2002 2902 2066 ﬁlius,
2934 2004 3026 2072 qui
3089 2005 3143 2056 in
3171 2006 3524 2075 expeditione

1940 2095 2228 2149 Palaestina
2255 2093 2578 2148 submersus
2607 2103 2712 2158 est,
2768 2105 2827 2147 ut
2885 2095 2939 2148 in
2973 2096 3160 2150 lsaacii
3204 2098 3395 2166 Angeli
3425 2099 3526 2152 im-

1939 2187 2096 2254 perio
2122 2185 2384 2248 diximus,
2418 2194 2647 2254 paterno
2694 2188 3006 2255 principatu
3042 2200 3317 2257 suscepto,
3339 2189 3525 2244 Sicilia

1939 2288 1994 2330 et
2046 2267 2198 2330 lta‘lia
2275 2277 2538 2340 Subactis,
2615 2277 2896 2332 Romanos
2978 2279 3124 2346 ipsos
3196 2281 3522 2342 lacessebat.

1939 2376 2208 2422 novarum
2274 2374 2456 2422 rerum
2493 2369 2806 2437 importune
2862 2370 3116 2439 cupidus,
3143 2380 3198 2424 ct
3250 2382 3526 2441 grassator

1941 2461 2296 2516 inevitabilis.
2334 2462 2521 2528 Neque
2559 2471 2742 2514 tamen
2769 2464 2953 2515 statim
2987 2462 3263 2517 Romanos
3296 2463 3519 2529 invasit,

1940 2556 2017 2609 rei
2057 2553 2377 2610 difﬁcultate
2419 2554 2742 2618 deterritus,
2795 2555 2989 2624 positis
3025 2555 3207 2610 adhuc
3229 2556 3299 2610 ob
3327 2557 3519 2611 oculos

1939 2655 2257 2703 nostrorum
2315 2656 2506 2702 contra
2574 2646 2788 2700 Siculos
2860 2645 3097 2699 fortibus
3160 2646 3518 2710 facinoribus,

1936 2751 2060 2798 cum
2087 2741 2301 2811 pridem
2353 2742 2408 2795 in
2437 2740 2749 2808 provincias
2795 2748 3012 2792 nostras
3038 2739 3301 2807 impetum
3360 2740 3521 2796 fecis.

1935 2845 2076 2898 sent,
2104 2845 2160 2889 et
2191 2851 2219 2886 a
2245 2833 2448 2888 veteris
2479 2833 2666 2886 Romae
2696 2831 2839 2899 Papa
2871 2830 2940 2883 ab
2987 2830 3239 2884 instituto
3275 2832 3521 2886 retrahe-

1937 2937 2112 2983 retur.
2138 2927 2316 2981 Missis
2357 2927 2522 2995 igitur
2573 2925 2639 2976 ad
2677 2923 2942 2977 lsaacium
2994 2923 3186 2991 legatis
3251 2924 3516 2990 (nondum

1936 3020 2082 3074 enim
2141 3018 2186 3072 is
2224 3017 2456 3086 imperio
2501 3015 2803 3079 exciderat)
2872 3028 3090 3066 causam
3155 3011 3516 3064 dissensionis

1938 3114 2154 3166 inanem
2209 3110 2527 3178 qumritans,
2574 3107 2845 3159 Romanas
2895 3103 3205 3174 provincias
3239 3118 3427 3156 omnes
3448 3103 3517 3155 ab

1938 3201 2241 3269 Epidamno
2267 3214 2439 3267 usque
2498 3193 2563 3251 ad
2596 3197 2853 3266 inclytam
2921 3195 3111 3247 urbem
3161 3193 3514 3246 Thessaloni-

1937 3292 2183 3347 censium
2215 3290 2319 3344 sibi
2374 3297 2433 3343 ut
2475 3288 2674 3342 Siciliae
2721 3289 2829 3354 regi
2875 3286 3209 3345 vindicabat,
3265 3294 3325 3338 ut
3389 3283 3516 3337 belli

1935 3383 2059 3451 jure
2097 3394 2274 3448 nuper
2301 3395 2330 3432 a
2361 3378 2545 3431 Siculo
2578 3376 2822 3429 exercitu
2854 3376 3130 3427 subactas.
3186 3373 3352 3442 628
3379 3372 3514 3425 Nam

1939 3471 2086 3540 quod
2127 3470 2173 3522 is
2219 3468 2436 3522 tandem
2485 3481 2514 3519 a
2566 3464 2825 3520 Romanis
2879 3463 3196 3534 proﬂigatus
3244 3470 3410 3521 esset,
3462 3461 3515 3513 id

1941 3563 2134 3617 fraude
2176 3561 2378 3616 factum
2445 3561 2743 3622 asserebat,
2836 3559 2889 3611 in
2954 3557 3068 3611 suis
3125 3553 3520 3624 cupiditatibus

1941 3654 2196 3708 furandis
2224 3653 2497 3706 fabulator
2528 3651 2778 3719 insignis.
2803 3648 3280 3704 Commemorabat
3326 3646 3514 3708 etiam,

1942 3749 1996 3794 et
2047 3741 2249 3808 iniquis
2272 3741 2525 3793 lancibus
2561 3739 2901 3806 ponderabat
2957 3746 3211 3805 paternas
3242 3735 3516 3793 oﬂ'ensas;

1944 3848 2047 3886 nec
2081 3846 2173 3884 eas
2196 3839 2448 3886 recentes
2476 3830 2764 3894 duntaxat,
2815 3829 2909 3882 sed
2948 3837 3164 3882 veteres
3192 3827 3377 3883 etiam.
3401 3826 3515 3879 Ma-

1942 3922 2120 3978 nuelis
2142 3923 2366 3978 solertia
2426 3921 2629 3975 veteris
2681 3921 2866 3973 Romae
2925 3918 3068 3986 Papa
3119 3927 3310 3971 contra
3364 3914 3515 3968 illtnn

1944 4013 2239 4076 concitato,
2271 4013 2428 4081 cujus
2457 4010 2724 4063 Manuclis
2762 4025 2927 4077 opera
2978 4009 3144 4060 etiam
3199 4006 3350 4059 llalia
3384 4020 3515 4058 exa'

1946 4116 2066 4162 ctus
2101 4115 2248 4161 esset
2269 4115 2442 4174 pater.
2481 4103 2558 4157 lta
2587 4101 2850 4156 obsoletis
2903 4098 3232 4152 criminibus
3263 4095 3516 4166 perfricta

1945 4205 2125 4257 fronte
2193 4198 2544 4259 renovandis,
2598 4196 2861 4250 Romanis
2910 4201 3003 4246 aut
3047 4207 3235 4262 pacem
3286 4191 3520 4244 maxima

1947 4296 2178 4366 pecunia
2202 4292 2599 4351 redimendam,
2630 4297 2726 4341 aut
2744 4287 2943 4341 bellum
2963 4286 3144 4338 statim
3172 4283 3520 4338 tolerandum

1946 4384 2337 4439 arbitrabatur.
2395 4381 2667 4435 Praeterea
2748 4389 3005 4446 tanquam
3032 4391 3129 4430 rex
3215 4388 3403 4443 regum
3443 4384 3518 4426 ,ει

1945 4478 2242 4546 imperator
2297 4475 2689 4542 imperatorum
2765 4469 3096 4538 postulabat,
3124 4475 3184 4520 ut
3257 4464 3519 4519 Romanis

1944 4568 2060 4623 suis
2117 4568 2170 4620 in
2226 4565 2513 4619 Palaestina
2607 4561 2968 4630 popularibus
3032 4557 3244 4611 navalia
3316 4555 3512 4609 auxilia

1945 4659 2248 4711 mitterent.
2298 4654 2379 4707 Ad
2410 4668 2531 4722 qua:
2597 4667 2721 4705 cum
2764 4650 3060 4718 imperator
3121 4645 3518 4714 rescripsisset,

1944 4757 2000 4802 et
2031 4749 2211 4800 virum
2239 4761 2347 4798 non
2381 4743 2680 4796 obscurum
2733 4740 2798 4792 ad
2833 4755 2959 4793 eum
2986 4738 3323 4807 ablegasset:
3355 4734 3518 4805 legati

1945 4841 2014 4894 ab
2045 4854 2112 4893 eo
2137 4843 2428 4898 venerunt,
2477 4847 2710 4902 quorum
2743 4831 2880 4884 alter
2910 4830 3075 4883 homo
3124 4826 3518 4896 superciliosus

1942 4942 2079 4998 erat,
2107 4943 2163 4986 et
2193 4944 2259 4983 eo
2291 4926 2511 4981 nomine
2543 4925 2831 4993 superbus,
2853 4922 3000 4990 quod
3024 4921 3165 4991 regis
3197 4921 3250 4972 in
3274 4919 3509 4989 pueritia

1943 5039 2130 5081 curam
2189 5021 2468 5091 gessisset.
2537 5019 2670 5087 Ejus
2738 5015 3024 5085 legationis
3089 5028 3302 5066 summa
3373 5019 3510 5072 erat,

253 5112 356 5176 τὴν
383 5110 607 5177 είρήνην
630 5109 663 5177 ἢ
702 5108 1134 5180 πολεμησείοντα
1176 5109 1367 5162 τοῦτον
1399 5113 1463 5163 ὲκ
1496 5111 1591 5164 τοῦ
1628 5113 1828 5166 αὐτίκα.
1941 5134 1953 5187 ι

1814 5131 1828 5164 ι
1941 5117 2310 5187 plurimorum
2360 5112 2691 5165 talentorum
2746 5107 3069 5176 postulatio,
3120 5104 3432 5174 arrogantia
3459 5111 3514 5156 et

262 5199 411 5268 μάλα
437 5197 970 5266 καθυπεκδέχεσθαι.
1021 5198 1372 5268 Προσαπῄτει
1404 5199 1480 5262 δέ,
1510 5201 1585 5263 ώς
1633 5204 1683 5254 εί
1733 5220 1829 5254 κυ-
1943 5209 1956 5261 i

1809 5232 1829 5242 -
1943 5205 2234 5261 insolentia
2268 5197 2456 5265 verba,
2520 5215 2704 5254 rerum
2757 5199 2826 5253 ab
2866 5199 3187 5252 Alemannis
3230 5207 3509 5264 gestarum

257 5290 394 5358 ρίων
425 5289 614 5358 κύριος
635 5290 990 5359 καθειστήκει
1024 5292 1121 5342 καὶ
1163 5291 1424 5359 βασιλεὺς
1454 5293 1831 5348 ἀναδέδεικται
1858 5273 1912 5332 D
1939 5316 1957 5367 ε

1817 5273 2175 5367 thloriosa
2224 5293 2695 5355 commemoratio,
2741 5291 2943 5362 quibus
2991 5289 3271 5343 auditores
3330 5285 3509 5356 decipi

256 5379 545 5449 βασιλέων,
587 5379 932 5450 συνάρασθαι
965 5383 1078 5443 τοῖς
1110 5385 1250 5434 κατὰ
1281 5381 1654 5451 Παλαιστίνην
1698 5387 1832 5453 ὁμο·
1941 5387 2136 5443 solent.

253 5473 472 5539 γενέστν
491 5473 682 5540 ἐκείνῳ
701 5473 768 5526 δι’
792 5474 1100 5544 ἀποστολῆς
1126 5476 1474 5545 ναυμαχικῆς
1505 5479 1784 5545 στρατιᾶς.
1819 5479 2353 5540 Ἀντεπιστείλαντος
2375 5478 2430 5529 δὲ
2457 5477 2593 5548 πρὸς
2615 5477 2789 5529 ταῦτα
2817 5474 2910 5528 τοῦ
2931 5473 3196 5542 βασιλέως
3226 5474 3318 5526 καὶ
3341 5472 3512 5542 ἄνδρα

255 5566 367 5618 τῶν
390 5568 489 5619 οὑκ
512 5567 744 5634 ἀσήμων
775 5568 1114 5637 πρεσϐευτὴν
1140 5570 1468 5633 στείλαντος,
1517 5569 1765 5640 πρέσϐεις
1798 5573 2007 5626 ἐκεῖθεν
2039 5573 2325 5640 ἀφίκοντο,
2350 5565 2424 5624 ὧν
2447 5571 2642 5638 ἅτερος
2673 5569 2840 5638 βαρὺς
2868 5562 2936 5637 ἦν
2961 5567 3059 5636 τὴν
3087 5567 3260 5635 ὀφρὺν
3292 5567 3386 5619 καὶ
3415 5583 3512 5617 πε-

259 5661 442 5727 ριττὸς
466 5659 542 5728 τῷ
563 5658 969 5727 παιδοκομῆσαι
997 5660 1091 5710 τὸν
1115 5661 1279 5729 ρἧα.
1304 5655 1412 5712 Ἶιν
1450 5661 1506 5712 δὲ
1537 5661 1629 5714 καὶ
1647 5661 1715 5714 τὰ
1737 5661 1803 5714 δι’
1828 5663 2006 5715 αὐτῶν
2029 5663 2446 5732 πρεσϐευόμενα
2471 5660 2771 5730 χρημάτων
2792 5660 3078 5721 ἀποδόσεις
3097 5658 3508 5711 πολυταλάντων

257 5754 573 5809 ἀλαζονεῖαί
604 5771 658 5807 τε
699 5755 791 5806 καλ¹
838 5755 1042 5823 κόμποι
1081 5754 1174 5807 καὶ
1214 5753 1546 5823 αὐχημάτων
1578 5755 1861 5826 ἐγχωρίων
1892 5757 2207 5825 κατάλογοι,
2239 5754 2306 5807 δι’
2334 5746 2406 5811 ὧν
2444 5753 2966 5808 καταπολιτεύονται
2998 5755 3047 5805 οἱ
3089 5753 3399 5816 ἀκούοντες.
