4292 6396
804 383 903 445 851

2024 389 2318 449 NICETAS
2359 388 2766 449 (ΣΗΟΝΙΑΤᾸΞ

3926 382 4044 444 852

882 489 1182 561 Imperator
1231 493 1396 564 igitur
1429 495 1761 564 (patiebatur
1815 510 1994 553 autent
2061 517 2243 555 rerum
2285 501 2364 567 ,is,
2396 509 2441 562 Α
2542 501 2577 550 Ε

2341 536 2364 566 .,
2396 509 2441 562 Α
2542 498 2806 560 Βασιλεὺς
2829 497 3008 549 τοίνυν
3043 489 3200 564 (ἦρχε
3229 494 3285 546 δὲ
3322 498 3349 546 ὁ
3378 487 3471 546 νῦν
3519 492 3926 562 ἱστορούμενος)
3952 495 4036 564 μὴ

803 585 962 650 cujus
993 600 1142 638 nunc
1197 586 1478 642 historiam
1529 592 1890 662 conterimus)
1983 610 2108 649 cum
2158 597 2364 667 legatos

804 673 971 742 629
1002 675 1196 730 infecta
1250 695 1308 732 re
1357 681 1632 736 dimittere
1689 699 1796 737 non
1851 698 2054 753 posset,
2089 692 2363 746 annuitse

804 779 993 831 pacem
1062 771 1293 835 pecunia
1379 773 1823 841 redempturum;
1884 795 2005 846 quae
2050 798 2135 836 res
2201 785 2266 837 ad
2310 788 2363 841 id

803 867 976 921 usque
1007 863 1222 925 tempus
1257 859 1395 914 facta
1424 878 1530 914 non
1565 876 1701 918 erat.
1741 867 1803 919 Et
1837 878 1895 921 ut
1921 870 2145 939 imperii-
2169 874 2365 931 Roma-

801 943 950 996 mani
979 958 1110 1011 opes
1157 957 1458 1004 ostentaret
1504 961 2051 1026 atqueexaggeraret,
2077 978 2190 1017 rem
2257 983 2364 1035 ag—

798 1046 1020 1098 gressus
1049 1047 1133 1089 est
1165 1042 1503 1107 temporibus
1535 1046 1758 1101 minime
1789 1062 2235 1120 contentaneam,
2268 1061 2361 1112 sed

797 1121 868 1174 ab
936 1123 1113 1178 oﬂicio
1181 1139 1235 1179 et
1285 1129 1488 1185 decoro
1541 1136 1925 1194 alienissimam
1992 1155 2047 1197 et
2106 1146 2365 1204 Romanis

799 1227 971 1282 prope
1020 1216 1332 1274 ridiculam.
1365 1222 1497 1276 Nam
1547 1227 1600 1279 in
1630 1228 1768 1282 festo
1815 1232 2020 1290 Natalis
2077 1238 2274 1295 Christi
2309 1253 2366 1296 et

800 1303 916 1370 ipse
949 1320 1272 1374 gemmatam
1312 1324 1513 1368 restem
1569 1319 1770 1384 induit.
1825 1335 1880 1380 et
1908 1329 2150 1397 reliquos
2174 1350 2365 1391 omnes

799 1593 991 1632 eorum
1016 1587 1284 1653 cupidjtas
1317 1590 1408 1644 illo
1451 1595 1741 1661 splendore
1795 1598 2162 1660 Romanorum
2196 1612 2366 1680 magis

798 1668 964 1722 etiam
1021 1672 1472 1746 inllammaretur,
1523 1695 1577 1738 et
1640 1685 1858 1743 Gmcos
1883 1701 1942 1744 ut
1990 1693 2215 1763 ignavos
2268 1668 2367 1754 lib-

801 1759 978 1815 ntines
1008 1773 1062 1816 et
1103 1769 1396 1824 servilibus
1429 1773 1644 1830 deliciis
1689 1778 1905 1835 deditos
1958 1759 2363 1856 quamprimum

798 1854 1149 1918 oppugnandi
1213 1861 1560 1916 occasionem
1622 1875 1902 1933 optarent.
1964 1854 2138 1928 Cumf
2178 1889 2360 1934 autem

797 1950 1041 1997 astantes
1093 1946 1321 2003 Romani
1368 1966 1464 2007 eos
1511 1955 1867 2014 hortarentur
1915 1973 1971 2016 ut
2025 1982 2361 2035 gemmarum

801 2033 1176 2102 splendorem,
1211 2043 1416 2108 quibus
1437 2047 1734 2115 imperator
1757 2053 1930 2108 instar
1961 2033 2101 2125 prati
2132 2062 2364 2127 nitebat,

796 2125 1104 2192 aspicerent
1131 2139 1184 2183 et
1211 2133 1385 2187 media
1411 2137 1600 2193 bruma
1641 2145 1786 2198 veris
1837 2150 2162 2207 suavitatem
2191 2158 2366 2210 oculis

798 2218 1169 2284 perciperent,
1236 2228 1506 2295 negabant
1533 2232 1863 2291 Alemannos
1906 2241 2031 2295 talia
2055 2249 2363 2308 spectacula

798 2306 1136 2377 desiderare,
1184 2331 1361 2386 neque
1410 2323 1696 2378 muliebria
1736 2344 2053 2387 ornamenta
2103 2337 2363 2393 admirari

802 2581 1065 2640 Romanis
1106 2599 1372 2646 terrorem
1401 2597 1727 2665 incuterent,
1758 2620 1901 2658 nunc
1927 2617 2138 2679 tempus
2163 2613 2365 2670 instare

798 2673 972 2738 aiunt,
1011 2686 1070 2730 ut
1102 2683 1468 2742 muliebribus
1531 2696 1867 2750 ornamentis
1894 2701 2146 2768 sepositis
2170 2719 2364 2760 aurum

798 2761 948 2818 ferro
985 2783 1343 2830 commutent.
1391 2779 1527 2833 Nam
1557 2783 1600 2836 si
1660 2785 1860 2851 legatio
1886 2789 2029 2843 foret
2059 2793 2238 2858 irrita,
2266 2812 2368 2851 nec

799 2853 1103 2927 imperator
1137 2867 1277 2933 regis
1294 2871 1376 2922 sui
1409 2879 1464 2924 ct
1487 2873 1695 2929 domini
1757 2881 2045 2946 postulatis
2078 2896 2366 2951 annueret,

799 2966 1029 3009 necesse
1066 2973 1162 3013 eos
1220 2961 1505 3020 habituros
1561 2985 1806 3039 pugnare
1864 2989 1986 3028 cum
2052 2977 2370 3033 hominibus

799 3045 894 3110 qui
946 3063 1054 3101 non
1099 3053 1327 3119 gemmis
1359 3065 1418 3108 ut
1471 3069 1621 3125 prata
1657 3063 1885 3127 niteant,
1912 3081 2089 3134 neque
2114 3069 2368 3122 rotundis

2467 590 2608 658 ἔχων
2661 590 2980 660 ἀπράκτους
3008 586 3336 655 ἀποπέμψαι
3379 588 3505 647 τοὺς
3546 584 3828 652 πρέσϐεις,
3862 586 4034 636 κατέ-

2470 697 2630 734 νευσε
2668 681 2971 750 χρημάτων
3015 680 3119 748 τὴν
3145 680 3369 747 είρήνην
3406 675 3758 739 ἀλλάξασθαι,
3794 677 4033 743 πρᾶγμα

2471 774 2635 841 μήπω
2663 775 2718 832 ἐς
2739 773 2856 824 τόδε
2876 771 3067 840 καιροῦ
3091 770 3330 838 γεγονός.
3357 768 3657 836 ’Υπεξᾶραι
3676 767 3730 817 δὲ
3751 768 3848 833 τὴν
3876 766 4039 833 βασι-

2466 867 2618 919 λείαν
2660 866 2942 931 Ῥωμαίων
2973 866 3046 927 ὡς
3093 864 3355 916 πλουσῐαν
3399 864 3428 912 ὁ
3476 861 3727 928 βασιλεὺς
3773 857 3855 928 [Ρ.
3904 857 4036 926 507]

2480 959 2713 1022 Ἀλέξιος
2742 958 3073 1026 προθέμενος
3101 959 3155 1018 ἐς
3202 956 3350 1006 οὐδὲν
3389 954 3549 1020 ἔργον
3593 951 3670 1015 τῷ
3700 949 3874 1018 καιρῷ
3900 966 4035 999 συν-

2468 1051 2592 1119 ᾷδον
2643 1049 3138 1116 καθυπενήνεκται,
3171 1047 3303 1098 ἀλλά
3335 1047 3426 1096 καὶ
3447 1045 3564 1094 λίαν
3586 1040 4036 1107 παρακεκινημέ-

2468 1159 2557 1194 νον
2575 1141 2669 1194 τοῦ
2703 1139 2903 1210 σεμνοῦ
2935 1157 2990 1192 τε
3022 1142 3118 1192 καὶ
3147 1134 3460 1207 εὐπρεποῦς
3515 1138 3608 1186 καὶ
3657 1136 3782 1202 ρυὲν
3829 1146 4034 1198 μικρου

2470 1236 2606 1302 πρὸς
2646 1233 2928 1300 Ῥωμαίων
2960 1216 3294 1297 κατάγελων.
3314 1231 3422 1296 Τῆς
3455 1227 3560 1292 γὰρ
3597 1222 3878 1321 γενεθλίου
3913 1223 4038 1321 ἑπι-

2469 1325 2668 1390 στάσης
2697 1324 2903 1393 ἡμέρας
2935 1320 3167 1391 Χριστοῦ
3185 1321 3342 1380 αὐτὸς
3368 1336 3424 1370 τε
3463 1318 3559 1386 τὴν
3592 1313 3825 1366 διάλιθον
3843 1326 4038 1375 στοιην

2468 1418 2804 1485 ἡμφιάσατο,
2850 1417 3081 1474 καὶτοῖς
3125 1413 3328 1472 λοιποῖς
3373 1411 3539 1460 πᾶσιν
3576 1405 3887 1470 ἐπετετάχει
3932 1401 4036 1458 τὰς

2468 1509 2794 1575 χρυσοῦφεῑς
2818 1503 3130 1573 περιθέσθαι
3162 1503 3255 1553 καὶ
3280 1500 3661 1594 πλατυσήμους
3691 1494 3940 1594 ἐσθῆτας.
3968 1491 4039 1542 οι

2468 1596 2512 1648 δ’
2556 1596 2853 1663 Ἀλαμανοὶ
2880 1593 3132 1646 τοσοῦτον
3166 1594 3389 1658 ἀπεῖχον
3423 1587 3686 1656 ἔκθαμϐοι
3735 1587 4037 1652 ὁρωμένοις

2469 1685 2683 1747 τούτοις
2719 1688 2980 1753 φανῆναι,
3013 1685 3153 1736 ὥστε
3207 1684 3299 1735 καὶ
3347 1679 3649 1733 ἀνέθαλπον
3693 1676 3891 1744 μᾶλλον
3940 1672 4037 1723 τὸν

2471 1779 2649 1848 ἔρωτα
2677 1779 2735 1830 ὃν
2762 1779 3034 1844 ὑπέτυφον
3066 1778 3185 1837 ταῖς
3232 1771 3695 1841 λαμπρειμονίαις
3728 1767 3836 1817 τῶν
3891 1765 4036 1865 Ῥω-

2473 1871 2650 1937 μαίων
2704 1870 3052 1935 ὲναυόμενον,
3107 1867 3200 1918 καὶ
3249 1865 3480 1934 ηὔχοντο
3530 1863 3716 1928 τάχιον
3759 1863 4037 1925 κρατῆσαι

2469 1960 2718 2027 Γραικῶν
2751 1961 2826 2022 ὡς
2857 1959 3097 2027 ἀγεννῶν
3124 1958 3188 2008 τὰ
3226 1957 3281 2018 ἐς
3319 1955 3552 2020 πόλεμον
3598 1953 3691 2002 καὶ
3726 1964 4032 2014 περισπου-

2466 2052 2733 2114 δαζόντων
2771 2052 2868 2113 τὰς
2903 2048 3335 2118 ἀνδραποδώδεις
3374 2046 3577 2114 χλιδάς.
3622 2042 3762 2109 Πρὸς
3802 2040 3857 2090 δὲ
3903 2039 4035 2097 τοὺς

2469 2143 2809 2204 συνεστῶτας
2839 2160 2988 2210 σφισι
3033 2139 3335 2205 Ῥωμαίους
3368 2137 3461 2188 καὶ
3489 2137 3782 2200 ἐνάγοντας
3828 2133 3882 2193 ἐς
3930 2131 4036 2197 τὴν

2465 2235 2573 2286 τῶν
2607 2234 2768 2286 λίθων
2799 2234 2933 2302 ἄνθη
2970 2234 3208 2302 ἀψορᾷν,
3241 2227 3320 2287 οἷς
3353 2234 3380 2281 ὁ
3420 2227 3665 2295 βασιλεὺς
3705 2225 3777 2284 ὼς
3825 2219 4036 2287 λειμὼν

2467 2326 2815 2392 ὲνηγλάῐστο,
2849 2325 2941 2377 καὶ
2988 2325 3254 2393 χειμῶνος
3319 2322 3478 2389 μέσον
3522 2318 3746 2385 χάριτας
3805 2316 4036 2383 ὲαριναις

2465 2416 2758 2483 δρέπεσθαι
2799 2416 2893 2466 καὶ
2924 2415 3014 2466 τὸν
3047 2412 3317 2481 ὀφθαλμὸν
3351 2410 3555 2472 ἑστιᾷν,
3594 2426 3611 2454 ι
3647 2403 3962 2506 Οὺῆχρείαν,
4009 2417 4030 2449 ι

2467 2507 2726 2574 ἔφασκον,
2767 2524 2784 2556 ι
2834 2506 3129 2571 ’Λλαμανοὶ
3180 2501 3436 2556 τοιούτων
3487 2500 3670 2567 ἔχουσι
3716 2495 4032 2560 θεαμάτων,

2468 2599 2591 2652 οὔτε
2680 2599 2783 2667 μὴν
2853 2595 3174 2651 ἐπιτηδείων
3243 2591 3487 2660 γυναιξὶν
3578 2583 4035 2655 ὲμπυρπημάτων

2469 2692 2563 2742 καὶ
2626 2688 2998 2757 στολισμάτων
3075 2685 3285 2753 φιλοῦσι
3357 2683 3605 2734 θειασταὶ
3667 2677 4030 2735 καθεστᾶνατ,

2469 2777 2559 2842 αἷς
2619 2781 2652 2849 ἡ
2710 2781 2864 2832 κονία
2919 2781 3013 2830 καὶ
3087 2776 3365 2846 κρήδεμνα
3420 2774 3514 2825 καὶ
3569 2770 3766 2823 ἐνώτια
3807 2782 4036 2832 παμφα-

2469 2875 2674 2925 νόωντα
2725 2873 2819 2924 καὶ
2884 2871 2943 2922 τὸ
2996 2871 3190 2938 ἀρέσαι
3252 2868 3362 2926 τοῖς
3408 2865 3632 2933 ἀνδράσι
3666 2860 4034 2926 διαφερόντως

2468 2963 2796 3024 ἀσπάζεται.
2824 2981 2843 3012 ι
2893 2961 3052 3014 Ἀλλά
3083 2960 3178 3011 καὶ
3214 2958 3514 3026 Ῥωμαίους
3547 2951 4033 3046 μορμολξττοντεςο

2479 3074 2495 3105 ι
2527 3055 2640 3107 Νῦν
2674 3053 2846 3105 ἱκάνει
2872 3053 3112 3119 καιρὸς,ι
3150 3051 3356 3116 ἔλεγον,
3381 3067 3399 3099 ‹
3442 3041 3888 3113 μεθαρμοσθηναι
3922 3055 4033 3088 των

798 3142 1112 3208 margaritis
1148 3144 1517 3202 intumescant
1586 3162 1679 3206 aut
1735 3156 2056 3225 amethystis
2105 3174 2360 3229 purpurze
2388 3159 2433 3222 C
2464 3167 2493 3217 τ

2337 3177 2360 3215 ε
2388 3159 2433 3222 C
2464 3149 2818 3217 γυναικωδῶν
2848 3148 3248 3216 ὲμπορπήσεων
3275 3146 3369 3196 καὶ
3399 3143 3600 3208 σιδήρῳ
3635 3142 4032 3229 περισταλῆναι

797 3238 1010 3283 etauro
1041 3233 1348 3289 intertextis
1405 3243 1632 3306 pavonis
1683 3245 1855 3297 instar
1897 3247 2222 3314 glorientur,
2267 3251 2362 3304 sed

796 3316 891 3382 qui
937 3318 1125 3375 Martis
1155 3324 1360 3379 alumni
1395 3328 1486 3382 ira:
1521 3329 1734 3387 flamma
1770 3336 1958 3390 oculos
2001 3338 2194 3393 suﬂusi
2254 3356 2362 3396 non

799 3422 959 3461 secus
982 3424 1143 3478 quam
1167 3429 1396 3482 gemmae
1429 3420 1662 3483 radicnt.
1693 3432 1749 3476 et
1801 3434 1941 3480 totos
1957 3427 2073 3482 dies
2104 3429 2362 3486 sudorem

797 3497 1032 3554 fundant
1087 3509 1397 3575 margaritis
1465 3512 1913 3579 splendidiorem.
1990 3517 2366 3577 Recensebant

797 3593 961 3646 etiam
997 3597 1302 3663 pecuniam,
1342 3616 1462 3669 quae
1511 3619 1611 3670 pro
1646 3621 1778 3673 pace
1825 3609 2216 3676 postularetur.
2246 3629 2366 3668 esse

797 3683 918 3736 auri
975 3690 1324 3744 centenarias
1364 3693 1404 3744 L
1438 3697 1732 3762 quotannis
1792 3699 2128 3765 pendendos.
2191 3702 2364 3767 Quam

798 3789 1067 3830 summam
1091 3794 1214 3832 eum
1235 3797 1291 3835 se
1325 3785 1620 3852 imperator
1641 3791 1851 3844 solvere
1882 3807 2042 3860 posse
2075 3793 2362 3858 diilideret,

796 3865 1151 3924 Eumathium
1184 3873 1509 3929 Philocalem
1556 3880 1871 3947 praefectum
1922 3885 2074 3937 urbis
2131 3886 2364 3955 legatum

797 3958 864 4011 ad
895 3975 1074 4028 regem
1107 3963 1304 4029 mittit;
1339 3968 1429 4035 qui
1464 3985 1587 4022 cum
1626 3973 1823 4039 Opibus
1859 3985 2088 4029 caateros
2142 3993 2365 4045 supera-

798 4060 904 4111 ret,
945 4051 1088 4105 ultro
1118 4054 1170 4106 id
1204 4071 1403 4112 munus
1435 4061 1622 4123 subiit,
1683 4064 2013 4131 imperatore
2063 4077 2287 4120 exorato
2308 4078 2368 4121 ut

798 4139 904 4192 sibi
931 4156 1056 4194 cum
1112 4145 1450 4211 pra’feclura:
1491 4150 1797 4217 insignibus
1837 4153 2159 4220 legationem
2213 4157 2368 4210 obire

800 4232 1220 4290 concederetur.
1284 4237 1584 4306 Imperator
1657 4256 1788 4293 vero
1828 4243 2039 4297 'viatieo
2100 4258 2365 4314 quantum

798 4322 1363 4387 postularatlittenter
1407 4329 1534 4383 dato
1566 4332 1848 4400 salsuis
1901 4350 2025 4388 eum
2056 4337 2368 4404 sumptibus

800 4417 1144 4482 propositum
1179 4417 1282 4471 iter
1320 4421 1589 4475 coniicere
1614 4440 1801 4489 passus
1832 4437 1932 4479 est.
1995 4427 2070 4480 lta
2098 4429 2185 4481 ille
2218 4431 2364 4482 inso-

2467 3243 2588 3295 ἀντὶ
2624 3239 2848 3312 χρυσοῦ.
2887 3241 2948 3292 Εἰ
2979 3241 3051 3308 μὴ
3082 3239 3187 3305 γὰρ
3215 3238 3282 3288 τά
3314 3235 3412 3302 τῆς
3441 3231 3738 3328 πρεσϐείας
3762 3228 4032 3328 λήψονται

2470 3336 2640 3404 πέρας
2671 3335 2765 3387 καὶ
2793 3333 2928 3401 πρὸς
2960 3333 3022 3384 τὸ
3045 3329 3140 3382 τοῦ
3187 3328 3378 3397 κυρίου
3441 3324 3587 3391 σφῶν
3635 3321 3729 3372 καὶ
3767 3318 4032 3386 βασιλέως

2472 3425 2738 3494 συμϐαἶεν
2813 3424 3075 3491 Ῥωμαῖοι
3124 3419 3392 3490 βούλημα,
3444 3417 3658 3510 ἀνάγκη
3715 3429 3798 3510 τις
3875 3408 4032 3510 ἔσται

2472 3517 2692 3580 πάντως
2740 3517 2828 3569 διὰ
2884 3518 3063 3585 μάχης
3111 3513 3418 3585 ἀνθρώποις
3467 3509 3666 3577 χωρεῖν
3717 3505 3912 3560 οἵτινες
3969 3505 4033 3549 οὐ

2470 3607 2638 3663 λίθοις
2674 3609 2747 3670 ὼς
2777 3606 3044 3674 λειμῶνες
3068 3603 3532 3672 περιανθίξονται.
3560 3598 3670 3650 οὐδ’
3705 3593 4035 3646 οίδαίνονται

2477 3703 2615 3770 πρὸς
2648 3697 2779 3770 ἦθος
2811 3701 3093 3768 ἀγέρωχον
3131 3695 3434 3764 μαργὰρων
3460 3686 3828 3790 ’σφαιρῶμασι
3896 3681 4036 3790 προς

2472 3793 2588 3857 φῶς
2622 3790 2994 3857 διαγελώντων
3023 3787 3267 3855 σελήνης,
3313 3784 3344 3852 ἦ
3389 3783 3509 3836 ταῖς
3554 3780 3610 3828 ἒν
3664 3776 3881 3832 θυάσοις
3936 3787 4037 3838 με·

2471 3883 2660 3935 θύουσι
2694 3882 2927 3947 λίθαξιν,
2956 3879 3011 3930 αἳ
3038 3879 3112 3937 ὡς
3136 3876 3351 3940 ἀλαζὼν
3391 3874 3537 3941 ὄρνις
3571 3873 3596 3921 ὀ
3617 3868 3853 3935 Μηδικδς
3892 3881 4037 3931 πορ-

2473 3972 2620 4042 φύρᾳ
2648 3975 2744 4024 καὶ
2779 3971 2966 4040 χρυσῷ
3003 3965 3461 4037 περιχρώζοντχι,
3491 3961 3605 4063 ἀλλ’
3647 3961 3841 4063 (Apso;
3877 3957 4037 4063 δντες

2471 4065 2732 4130 τρόφιμοι
2762 4062 2937 4129 θυμοῦ
2973 4063 3070 4128 μὲν
3100 4062 3227 4127 περὶ
3254 4058 3380 4117 τοὺς
3421 4052 3733 4121 ὀφθαλμοὺς
3785 4047 4041 4116 ἐρυθραί-

2471 4172 2653 4207 νονται
2673 4157 2785 4215 τοῖς
2802 4152 2911 4205 τῶν
2944 4153 3106 4203 λίθων
3126 4150 3320 4217 ὲπίσης
3344 4143 3713 4202 ἀκτινιὶδεσιν,
3735 4139 3964 4208 ἱδρῶτας
3980 4137 4040 4188 δὲ

2475 4244 2840 4314 θρομϐοῦντες
2869 4243 2926 4294 ὲν
2951 4241 3029 4310 τῷ
3062 4242 3248 4309 μογεῖν
3273 4239 3586 4305 πανημέρια
3612 4229 4037 4333 ὑπὲρ-ρτιλπνόα

2473 4353 2612 4402 τητα
2647 4333 2947 4402 μαργάρων
2982 4332 3162 4391 αὐτοῖς
3193 4327 3646 4388 καλλωπίζονται.
3680 4341 3697 4372 δ
3728 4321 4039 4424 ,Ἠρέθμουν

2472 4426 2654 4480 δὲκαὶ
2713 4426 2782 4476 τά
2831 4424 2970 4493 ὑπὲρ
3022 4424 3245 4490 είρήνης
3294 4418 3594 4486 αἰτούμενα
3645 4415 3901 4482 χρήματα
3958 4415 4037 4470 εἰς

801 4504 936 4558 litus
1001 4521 1064 4560 ac
1105 4510 1290 4576 potius
1349 4511 1589 4567 insolens
1637 4516 1848 4584 legatus
1879 4534 1986 4571 non
2041 4520 2204 4572 modo
2256 4534 2364 4574 non
2395 4490 2496 4586 Dx

2340 4537 2364 4574 η
2395 4490 2448 4548 D
2475 4517 2698 4586 χρυσίου
2729 4490 3072 4584 πεντήκοντα
3105 4513 3432 4580 κεντηνάρια
3460 4508 3582 4561 καθ’
3623 4509 3854 4558 ἕκαστον
3907 4505 4035 4571 χρό-

801 4596 1008 4664 majore
1064 4609 1228 4667 quam
1278 4603 1460 4656 caeteri
1498 4605 1703 4659 honore
1728 4608 1954 4662 aﬂ'ectus
1976 4621 2078 4673 est,
2099 4611 2192 4664 sed
2221 4612 2371 4665 deri-

799 4704 894 4740 sus
918 4690 1082 4743 etiam
1121 4691 1191 4743 ob
1220 4693 1450 4748 vestitus
1475 4696 1718 4748 inusitati
1756 4699 2073 4752 novitatem.
2097 4699 2366 4755 Caeterum

800 4776 1057 4841 pecunia,
1087 4792 1208 4844 quae
1264 4781 1412 4846 pacis
1470 4797 1631 4836 causa
1667 4784 1842 4837 danda
1877 4796 2042 4850 esset,
2067 4787 2130 4840 ad
2175 4790 2369 4843 sexde-

799 4866 907 4918 cim
961 4869 1082 4921 auri
1137 4871 1336 4923 talenta
1392 4875 1631 4938 redacta,
1687 4876 1990 4932 Philocales
2046 4880 2099 4932 in
2158 4880 2364 4943 Sicilia,

799 4955 893 5009 ubi
924 4973 1105 5026 regem
1149 4974 1496 5031 convenerat,
1526 4970 1873 5035 exspectabat
1907 4970 2036 5023 dum
2092 4988 2154 5026 ea
2183 4974 2366 5026 mitte-

799 5061 1012 5103 rentur.
1045 5049 1346 5120 Imperator
1370 5071 1499 5108 vero
1534 5057 1782 5123 pecunia:
1821 5060 2059 5126 inOpiam
2086 5071 2365 5126 causatus,

803 5155 833 5191 a
869 5143 1169 5208 provinciis
1204 5145 1463 5199 tributum
1490 5149 1743 5217 exigebat
1776 5150 1922 5216 quod
1950 5151 2364 5206 Alemannicum

802 5234 1130 5310 appellatur,
1196 5246 1308 5290 tum
1358 5240 1596 5307 primum
1653 5240 1987 5306 institutum,
2043 5251 2099 5296 et
2155 5245 2367 5298 urbano

802 5327 1029 5395 p0pulo,
1086 5341 1276 5382 senatu
1333 5341 1386 5383 et
1451 5342 1594 5385 coetu
1635 5333 2028 5398 ecclesiastico,
2077 5335 2368 5403 Opiﬁcibus

805 5419 933 5470 item
961 5427 1016 5473 et
1046 5421 1349 5477 artiﬁcibus
1402 5424 1580 5477 omnis
1612 5425 1824 5491 generis
1878 5427 2208 5488 convocatis,
2268 5442 2364 5494 pe—

807 5510 955 5562 tebat
1008 5520 1069 5565 ut
1139 5514 1370 5582 quisque
1444 5514 1512 5570 de
1571 5515 1922 5569 facultatibus
1982 5515 2098 5568 suis
2155 5525 2363 5584 partem

2477 4625 2565 4659 vov
2600 4607 2874 4673 διδόμενα,
2902 4606 3037 4673 πρδς
3073 4606 3217 4667 ἅπερ
3242 4605 3268 4653 ὁ
3293 4599 3550 4670 βασιλεὺς
3596 4596 3853 4649 ἀπαυδῶν
3899 4592 4036 4658 πρέ-

2478 4699 2599 4750 σϐιν
2631 4700 2688 4759 ἐς
2734 4699 2826 4747 τὸν
2867 4697 3012 4763 ρἧα
3066 4694 3323 4761 πέπομφε
3373 4690 3464 4740 τὸν
3506 4687 3810 4750 Φιλοκάλην
3856 4683 4038 4748 Εὐμά-

2477 4789 2614 4850 θιον,
2663 4789 2901 4855 ἔπαρχον
2942 4786 3073 4837 ὄντα
3103 4785 3196 4850 τῆς
3226 4782 3453 4842 πόλεως.
3505 4771 3673 4838 Οὗτος
3720 4776 3776 4828 δὲ
3819 4773 4036 4839 πλούτῳ

2476 4879 2614 4946 ὑπὲρ
2646 4879 2770 4940 τοὺς
2807 4880 2926 4930 τότε
2953 4876 3136 4944 κομῶν
3169 4875 3401 4931 έκόντως
3438 4871 3603 4922 ὑπέδυ
3633 4867 3724 4918 τὸν
3759 4864 4033 4968 πρεσϐευ-

2473 4971 2592 5037 τήν.
2613 4970 2830 5038 Ἀμέλει
2854 4970 2945 5020 καὶ
2962 4969 3130 5019 δεῖται
3157 4966 3248 5017 τοῦ
3274 4961 3534 5032 βασιλέως
3568 4959 3703 5060 μετά
3730 4959 4036 5060 τῶιιξπαρο

2473 5062 2643 5129 χικῶν
2720 5060 3064 5128 ταρασήμων
3126 5053 3401 5122 ὲνδοθῆναί
3491 5053 3560 5145 οἱ*
3603 5045 4036 5145 διαπρεσϐεύσα-

2473 5152 2733 5220 σθαιμὲἳ).
2762 5152 2867 5202 Καὶ
2893 5149 3143 5216 βασιλεὺς
3161 5141 3698 5212 ὲφὸδιονόπερῇτησε
3723 5141 4033 5204 περιχαρῶς

2476 5242 2624 5308 αὐτῴ
2684 5242 3101 5308 παρασχόμενος
3168 5236 3388 5291 οίκείοις
3437 5231 3682 5298 ὸᾲωνίοις
3729 5227 3825 5294 τὴν
3897 5243 4033 5294 προ-

2477 5334 2735 5400 κειμένην
2760 5332 2974 5396 παρῆκε
3001 5324 3334 5378 στείλασθαι.
3366 5321 3527 5374 Ὅθεν
3559 5318 3815 5386 ὲποςθεὶς
3847 5317 4034 5376 καινός

2473 5441 2556 5486 τις
2587 5426 2680 5476 καὶ
2717 5421 2931 5486 ἔξαλλος
2972 5415 3314 5488 πρεσϐευτὴς
3346 5413 3407 5465 οὐ
3443 5412 3599 5481 μόνον
3633 5409 3782 5460 οὐδέν
3804 5425 3856 5457 τι
3884 5406 4034 5475 παρὰ

2476 5518 2599 5574 τοὺς
2635 5515 2904 5584 πρότερον
2940 5509 3198 5579 πρέσϐεις
3227 5505 3512 5574 τετίμητο,
3555 5501 3692 5555 ἀλλὰ
3732 5500 3827 5552 καὶ
3853 5497 4034 5564 γέλων

2080 5658 2246 5717 Hicin
2300 5655 2500 5716 Wolﬁi
2545 5659 2728 5716 notae.

877 5791 988 5860 (45)
1028 5789 1180 5845 Alter
1205 5789 1406 5843 sentire
1451 5789 1665 5843 videtur
1692 5786 1872 5857 legato
1898 5785 2081 5841 datum
2108 5800 2227 5840 esse
2260 5784 2520 5838 viaticum
2544 5785 2610 5835 ab
2631 5782 2982 5848 imperatore,
3010 5776 3144 5828 alter
3171 5788 3293 5828 eum
3317 5771 3368 5825 id
3390 5783 3454 5825 oe
3488 5783 3587 5822 suo
3621 5777 3922 5832 accepisse.
