4292 6396
263 382 370 446 853

1147 381 1244 444 DE
1280 381 1560 446 ALEXID
1601 383 2166 447 ISAAC’IIANGELI
2210 383 2332 441 Fit.
2376 379 2504 439 LIB
2555 379 2605 441 Ι.

3381 367 3498 434 εει

260 493 409 562 ὦφλε
435 494 512 566 τῷ
539 494 702 565 ἀήθει
727 493 818 547 τοῦ
857 494 1286 566 -περιῦλήματος.
1344 495 1493 549 Ἐπεὶ
1539 497 1594 549 δὲ
1628 497 1696 549 τὰ
1723 497 1818 564 τῆς
1848 500 1890 555 Α
1919 495 1955 547 aI

1792 513 1818 558 ς
1848 500 1890 555 Α
1919 495 2154 562 aliquam
2185 491 2342 559 stipis
2373 488 2593 543 nomine
2631 485 2925 538 conferret.
2964 481 3068 538 Sed
3098 496 3222 538 cum
3251 496 3309 536 se
3349 481 3484 537 nihil

260 587 486 657 ιίρήνης
513 589 678 639 ῑνεκα
715 585 1050 656 δοθησόμενα
1081 588 1339 656 χρήματα
1382 591 1458 650 είς
1492 589 1622 643 δέκα
1682 587 1816 656 πρὸς

261 681 374 741 τοῖς
425 677 485 742 ἒξ
530 678 754 747 χρυσίου
812 678 1182 746 περιέστησαν
1244 682 1597 750 κεντηνόῳια,
1635 683 1664 732 ό
1720 679 1820 747 μὲν

260 768 562 836 Φιλοκέλης
608 766 707 836 τὴν
755 767 961 820 τούτων
1011 768 1317 838 ἀποστολὴν
1367 770 1509 822 κατά
1565 769 1819 821 Σικελίαν

261 858 501 925 ὶπὶμενε
532 856 846 924 προσδοκῶν
875 855 1002 908 ἔνθα
1032 856 1257 926 τῷ⁹ρηγὶ
1291 859 1628 925 συνεγένετο,
1669 859 1820 926 βασι.

260 949 386 1008 λεὺς
416 949 474 1000 δὲ
503 949 728 1016 φάσκων
762 948 984 1017 ἀπορεῖν
1017 949 1316 1018 χρημάτων
1343 949 1440 1010 τάς
1476 967 1534 1001 τε
1582 948 1664 1019 [Ρ.
1695 947 1818 1018 508]

261 1041 446 1110 χώρας
475 1040 812 1109 ἔφορολόγει,
841 1041 899 1092 τδ
925 1042 1258 1110 καλούμενον
1279 1043 1621 1110 είσπράττων
1664 1042 1821 1094 Ἀλα-

266 1132 514 1198 μανικὸν,
547 1134 666 1184 τότε
693 1133 964 1184 καινισθὲν
988 1133 1238 1201 πρώτως,
1276 1134 1367 1184 καὶ
1401 1134 1460 1184 τδ
1489 1135 1584 1201 τῆς
1618 1133 1822 1194 πόλεως

263 1222 635 1288 ῦκκλησιάσας
662 1223 961 1291 πλήρωμα,
997 1223 1059 1276 τό
1086 1241 1144 1276 τε
1176 1224 1530 1293 γερουσιάζον
1566 1223 1658 1276 καὶ
1699 1224 1821 1274 ὅσον

263 1313 358 1365 τοῦ
385 1313 629 1382 βήματος
657 1317 924 1383 τρόφιμον
949 1319 1042 1366 καὶ
1069 1316 1191 1368 ὅσον
1215 1316 1293 1376 είς
1313 1315 1603 1383 διαφόρους
1630 1314 1823 1381 τέχνας

263 1403 360 1456 καὶ
393 1404 705 1472 επιστήμας
739 1405 1049 1474 μερίζεται.
1097 1404 1290 1475 ἔρανον
1318 1404 1518 1474 ἀπῄτει
1569 1405 1823 1470 γενέσθαι

265 1497 361 1547 καὶ
388 1495 683 1563 ἀπόδασμά
721 1513 773 1548 τι
815 1495 1149 1549 καταθέσθαι
1193 1496 1293 1564 τῆς
1335 1496 1521 1558 οὐσίας
1570 1496 1820 1548 ἕκαστον.

277 1586 449 1655 Ὁρῶν
476 1585 534 1639 δι
554 1587 628 1648 ὡς
656 1587 809 1639 οὐδέν
839 1605 890 1640 τι
918 1590 1186 1656 περαίνει,
1219 1588 1332 1639 ἀλλ’
1354 1591 1473 1655 εἱκῆ
1505 1587 1573 1638 τά
1603 1584 1824 1638 τοιαῦτα

266 1678 502 1747 μέτεισι,
549 1679 850 1745 κενολογῶν
908 1679 1167 1750 ἀτεχνῶς,
1209 1681 1302 1732 καὶ
1349 1683 1474 1740 τοὺς
1521 1679 1738 1740 πλεέους
1767 1677 1838 1730 δὲ.

265 1769 612 1837 κραυγάσους
636 1771 732 1823 καὶ
760 1771 1077 1834 στασιώδεις
1120 1772 1389 1839 εὑρίσκων
1425 1766 1513 1823 οἷα
1559 1771 1826 1838 μηδαμῶς

1924 587 2193 657 proficere
2229 601 2292 640 ac
2323 585 2528 638 frustra
2579 579 2781 635 talibus
2834 578 3000 632 rebus
3050 577 3148 631 niti
3199 584 3255 630 et
3307 575 3487 629 inania

1926 675 2093 730 verba
2125 673 2356 728 fundere
2376 679 2646 730 cerneret,
2678 668 2954 736 plerisque
2987 666 3152 721 etiam
3179 664 3491 719 vociferan-

1925 768 2071 822 tibus
2093 775 2148 820 et
2169 764 2630 819 tumultuantibus
2674 759 2746 814 ob
2794 759 3051 812 inusitata
3087 759 3188 811 ista
3219 765 3272 810 et
3302 755 3488 822 iniqua

1928 859 2152 920 tributa,
2181 853 2455 909 nonnullis
2483 868 2612 907 vero
2639 851 2944 906 censoriam
2970 849 3018 901 ei
3050 858 3230 900 notam
3265 847 3491 899 inuren-

1929 951 2111 1011 tibus,
2156 946 2302 1017 quod
2339 961 2454 999 rem
2510 944 2782 1014 publicam
2832 957 2930 1010 per
2977 941 3162 994 luxum
3215 939 3491 1008 perderet.

1931 1041 2074 1094 inter
2101 1047 2364 1108 cognatos
2396 1036 2709 1107 provincias
2756 1034 3012 1101 partitus.
3063 1031 3156 1099 qui
3210 1028 3494 1082 exstinctis

1929 1129 2108 1184 oculis
2152 1143 2342 1183 omnes
2373 1134 2558 1181 essent
2598 1124 2844 1186 inutiles,
2879 1122 2946 1176 ab
2975 1137 3042 1176 eo
3071 1120 3291 1190 quidem
3338 1119 3495 1172 insti-

1931 1230 2049 1274 tuto
2098 1230 2211 1273 toto
2259 1219 2463 1287 impetu
2526 1216 2759 1279 resiliit,
2812 1228 2876 1267 ac
2931 1212 3322 1281 propemodum
3373 1224 3493 1263 eam

1927 1313 2089 1383 632
2120 1310 2543 1379 postulationem
2584 1324 2613 1361 a
2641 1323 2697 1361 se
2729 1305 3031 1376 profectam
3075 1318 3194 1356 esse
3239 1302 3494 1372 negavit;

1928 1412 1984 1456 et
2013 1401 2172 1455 aliam
2211 1401 2488 1468 ingressus
2513 1398 2673 1457 viam,
2698 1411 2862 1450 aurea
2884 1403 2939 1449 et
2960 1404 3218 1464 argentea
3239 1392 3489 1451 donaria.

1929 1506 2050 1561 quas
2088 1501 2242 1544 extra
2272 1492 2574 1543 sacrarium
2607 1497 2796 1542 essent
2828 1501 3005 1555 neque
3032 1484 3252 1554 corpori
3285 1492 3337 1537 et
3371 1498 3495 1537 san-

1929 1583 2081 1652 guini
2121 1581 2326 1636 Christi
2357 1580 2713 1650 suscipiendo
2743 1581 3037 1641 servirent,
3069 1574 3382 1645 postulavit.
3413 1573 3502 1628 Ab

1932 1690 1995 1728 ea
2036 1687 2254 1742 quoque
2308 1672 2575 1741 petitione
2625 1670 2812 1724 multis
2861 1667 3309 1728 abhorrentibus,
3338 1666 3495 1734 quasi

1935 1781 2090 1820 saera
2122 1765 2512 1835 profanaturus
2538 1772 2706 1822 esset,
2737 1760 2900 1815 surda
2927 1769 2981 1813 et
3011 1768 3160 1812 muta
3197 1759 3498 1826 imperato-

267 1863 473 1916 ἀνεκτά
524 1865 863 1933 ἡγουμένους
916 1865 984 1917 τὰ
1039 1866 1272 1932 φορτικά
1336 1865 1506 1916 ταῦτα
1553 1865 1648 1916 καὶ
1683 1865 1824 1932 ἀήθη
1860 1844 1900 1898 Β
1933 1875 1956 1910 I'

1799 1880 1824 1932 η
1860 1844 1900 1898 Β
1933 1873 2049 1911 rum
2085 1864 2460 1917 monumenta,
2483 1868 2606 1922 qua:
2626 1854 2834 1907 nullum
2867 1852 3190 1906 advocatum
3206 1848 3494 1909 baberent,

264 1954 640 2022 ιπιτάγματα,
686 1955 790 2007 ὑπό
835 1973 996 2008 τινων
1020 1956 1076 2008 δὲ
1115 1958 1208 2009 καὶ
1247 1956 1696 2025 λογιστευόμενος
1751 1956 1828 2016 ὡς

265 2046 332 2097 τά
363 2044 520 2098 κοινά
546 2046 915 2100 κατασπαθῶν
936 2050 1032 2100 καὶ
1055 2050 1167 2109 τοῖς
1195 2048 1486 2114 συγγενέσι
1507 2048 1610 2108 τὰς
1654 2047 1827 2115 ἐπαρ-

266 2136 392 2205 χίας
418 2136 836 2206 διανειμάμενος
865 2139 1108 2208 ἀχρείοις
1154 2138 1270 2192 οὖσι
1295 2142 1428 2192 πᾶσι
1463 2139 1558 2192 καὶ
1589 2139 1828 2191 ἀπεσϐε-

267 2225 490 2293 σμένοις
527 2230 654 2290 τοὺς
681 2227 908 2296 λύχνους
941 2229 1033 2281 τοῦ
1071 2227 1346 2298 σώματος,
1403 2228 1500 2297 τῆς
1552 2227 1653 2296 μὲν
1687 2244 1827 2296 προ-

264 2315 469 2377 θέσεως
502 2317 707 2386 ταύτης
745 2321 862 2384 μεθ’
903 2319 1034 2389 ὅλης
1072 2322 1354 2381 συντονίας
1383 2322 1587 2389 ἀπῆρε,
1624 2321 1825 2390 μικροῦ

271 2409 397 2477 μηδ’
435 2409 596 2472 αὐτὸς
642 2406 781 2464 εἶναι
816 2411 1216 2481 διατεινόμενος
1253 2415 1279 2465 ό
1324 2415 1383 2466 τὸ
1429 2413 1654 2480 σκέμμα
1706 2412 1828 2466 τότε

264 2501 747 2568 εἰσενεγκάμενος,
778 2502 971 2570 ἑτέραν
1017 2504 1072 2556 δὲ
1109 2504 1452 2572 τραπόμενος
1495 2504 1677 2574 ᾐτεῖτο
1720 2504 1828 2556 τῶν

267 2590 516 2660 χρυσίων
567 2593 664 2644 καὶ
707 2595 996 2662 ἀργυρέων
1039 2596 1408 2664 ἀναθημάτων
1449 2597 1624 2649 όπόσα
1672 2595 1831 2658 ἐκτὸς

266 2682 360 2735 τοῦ
395 2682 660 2752 βήματος,
699 2689 836 2752 μήτε
875 2686 982 2754 μὴν
1015 2687 1152 2754 πρὸς
1193 2687 1466 2756 ὑποδοχὴν
1495 2687 1830 2756 ἡτοίμασται

266 2769 361 2822 τοῦ
392 2771 537 2822 θείου
567 2771 820 2838 σώματος
848 2774 942 2824 καὶ
971 2773 1200 2840 αἵματος
1231 2775 1326 2826 τοῦ
1352 2776 1610 2844 Χριστοῦ.
1662 2777 1830 2830 Ἀπο-

267 2861 628 2930 πηδησάντων
664 2863 719 2914 δὲ
752 2863 890 2931 πρὸς
937 2863 1098 2917 τοῦτο
1135 2865 1372 2929 πολλῶν,
1418 2866 1512 2919 καὶ
1566 2869 1829 2920 εἰπόντων

263 2951 342 3010 ὼς
379 2949 593 3002 κοινοῦν
624 2952 798 3004 ἐθέλει
824 2953 890 3005 τά
934 2955 1090 3021 am,
1129 2955 1271 3022 ἔγνω
1302 2957 1410 3008 δεῖν
1455 2959 1568 3020 τοῖς
1610 2957 1828 3022 ἀλάλοις

268 3042 364 3092 καὶ
391 3047 596 3111 κωφοῖς
627 3045 736 3096 τῶν
763 3045 1028 3114 βασιλέων
1058 3047 1344 3100 ἐπιθέσθαι
1394 3049 1665 3118 μνήμασι,
1721 3066 1829 3119 μη-

265 3133 392 3184 δένα
439 3135 531 3186 τὸν
585 3136 1096 3207 ύπερφθεγξόμενον
1140 3138 1375 3208 ἔχουσιν.

1930 1947 2235 2002 invadenda
2253 1961 2374 2002 esse
2392 1945 2626 2001 censuit.
2649 1945 2831 2013 Itaque
2853 1942 3105 2011 sepulcra
3133 1939 3496 2002 effodiuntur;

1929 2055 2033 2094 nec
2069 2039 2194 2094 ullis
2243 2039 2614 2093 Romanorum
2648 2036 3072 2105 imperatoribus
3095 2074 3110 2096 ,
3144 2033 3503 2103 quantumvis

1929 2133 2000 2187 ob
2042 2145 2132 2185 res
2159 2138 2344 2200 gestas
2369 2129 2556 2190 claris,
2587 2126 2890 2198 quidquam
2924 2133 3127 2196 preter
3175 2136 3366 2178 saxeas
3406 2132 3496 2177 tu-

1930 2224 2105 2288 nicas,
2133 2222 2390 2292 frigidum
2416 2230 2473 2276 et
2494 2232 2800 2276 extremum
2829 2219 2962 2273 illud
2992 2215 3496 2288 propugnaculum,

1932 2316 2285 2385 relinquitur,
2315 2317 2465 2370 omni
2496 2315 2739 2384 pretioso
2768 2321 2969 2367 ornatu
3006 2311 3278 2380 spoliatis.
3305 2310 3385 2362 Ac
3429 2323 3500 2361 ne

1933 2407 2115 2478 magni
2145 2407 2367 2477 quidem
2401 2405 2748 2461 Constantini
2773 2404 2991 2460 loculus
3037 2402 3276 2469 intactus
3321 2408 3378 2455 et
3417 2400 3502 2454 in-

1931 2500 2172 2554 violatus
2198 2497 2511 2562 mansisset,
2529 2496 2634 2550 nisi
2657 2495 2806 2550 fures
2841 2493 3187 2565 imperatoris
3215 2493 3499 2546 decretum

1935 2591 2356 2646 antevertissent
2385 2597 2441 2644 et
2469 2603 2637 2642 aurea
2687 2587 2840 2641 illius
2867 2592 3194 2639 ornamenta
3237 2581 3498 2636 abstulis-

1935 2688 2079 2736 sent.
2101 2680 2257 2735 Unde
2287 2695 2411 2733 cum
2443 2678 2510 2733 ad
2542 2678 2887 2748 septuaginta
2916 2678 3264 2731 centenarios
3289 2672 3499 2741 argenti

1935 2781 1993 2829 et
2037 2774 2161 2828 auri
2217 2772 2471 2826 nonnihil
2500 2773 2862 2834 corrasisset,
2893 2767 3117 2826 conﬂari
3145 2782 3210 2822 ea
3242 2775 3499 2835 tanquam

1937 2865 2221 2935 profanam
2247 2864 2534 2920 materiam
2564 2863 2749 2934 jussit.
2789 2862 2923 2931 Ejus
2968 2859 3215 2914 muneris
3263 2855 3502 2912 ministri

1934 2957 2045 3011 duo
2071 2957 2231 3026 paulo
2265 2965 2386 3026 post
2413 2956 2711 3022 obierunt,
2742 2953 2882 3008 alter
2914 2950 3128 3006 ardenti
3159 2948 3333 3015 febre,
3363 2946 3504 3002 alter

1934 3065 2077 3120 aqua
2111 3051 2383 3106 intercute
2412 3050 2687 3105 sublatus.

1459 3139 1976 3209 Ἐτυμὸωρυχοῦντο
2033 3138 2129 3196 οὖν
2187 3145 2255 3194 τά
2324 3143 2606 3212 μνήματα,
2635 3141 2712 3204 ὡς
2758 3143 2874 3203 τοῖς
2937 3139 3155 3193 πώποτε
3208 3133 3498 3203 Ῥωμαίων

267 3225 484 3293 ἄρξασι,
517 3229 608 3278 καὶ
630 3229 772 3290 ὅσοις
796 3230 852 3281 αί
883 3229 1110 3298 πράξεις
1134 3229 1431 3299 περίδοξοι,
1458 3232 1585 3293 τοὺς
1637 3232 1856 3294 λαΐνους
1899 3233 2308 3302 περιλελεῖφθαι
2377 3234 2539 3301 μόνον
2572 3232 2829 3304 χιτῶνας,
2859 3232 2921 3285 τὸ
2954 3232 3159 3302 ψυχρὸν
3189 3233 3284 3286 καὶ
3312 3231 3499 3286 τελευ-

266 3319 418 3369 ταῖον
448 3319 710 3388 κάλυμμα
732 3321 909 3385 τοῦτο,
954 3323 1152 3384 παντὸς
1195 3323 1646 3390 γεγυμνωμένοις
1703 3325 2158 3394 ιπικοσμήματος
2219 3324 2549 3395 τιμαλφοῦς.
2589 3324 2700 3379 Ἦν
2731 3325 2774 3377 δ’
2838 3326 2907 3379 ἀν
2936 3324 3098 3394 ούδῚι
3129 3323 3225 3378 τοῦ
3259 3322 3498 3394 μεγάλου

270 3410 688 3463 Κωνσταντίνου
715 3412 871 3480 σορὸς
899 3411 1112 3482 ἀναφὴς
1151 3414 1246 3466 καὶ
1281 3414 1637 3477 ἀσκύλευτος.
1672 3417 1721 3468 εί
1745 3417 1821 3485 μὴ
1861 3418 2042 3486 φῶρες
2105 3418 2411 3485 φθάσαντες
2478 3421 2541 3471 τὸ
2563 3419 2742 3488 δόγμα
2767 3417 2861 3470 τοῦ
2903 3417 3166 3486 βασιλέως
3222 3417 3320 3486 τὴν
3379 3417 3498 3468 επι-

271 3502 566 3570 τρέχουσαν
588 3501 877 3573 διάχρυσον
907 3505 1138 3572 ἀγλαΐαν
1202 3507 1677 3578 ὲκλοποφόρησαν.
1749 3511 1966 3582 Ἀμέλει
2023 3511 2118 3564 καὶ⁵
2192 3511 2546 3583 συναγηοχὼς
2628 3513 2892 3585 ἀργύριον
2944 3513 3195 3567 ιντεῦθεν
3244 3511 3387 3580 ύπὶρ
3430 3512 3498 3565 τὰ

271 3593 644 3662 ιϐδομήκοντα
671 3600 999 3666 κεντηνάρια
1030 3598 1123 3650 καὶ
1168 3600 1360 3669 μερίδα
1397 3603 1625 3669 χρυσίου
1680 3603 1826 3667 τινὸς
1861 3604 1994 3657 ὡσεὶ
2053 3604 2279 3674 βέϐηλον
2360 3605 2491 3674 ὕλην
2547 3608 2789 3678 καθῆκεν
2842 3608 2924 3669 είς
2975 3609 3035 3661 τὸ
3107 3609 3474 3678 χωνευτήριον

273 3686 404 3737 Δυσὶ
451 3685 507 3740 δὲ
547 3687 656 3741 τῶν
707 3691 770 3740 ὲκ
811 3691 908 3759 τῆς
944 3689 1216 3758 βασιλείου
1262 3693 1432 3756 αὐλῆς
1477 3695 1575 3762 τὴν
1619 3696 1825 3749 τούτων
1864 3697 2156 3761 ἑπαναθεὶς
2232 3698 2499 3769 συλλογὴν
2533 3694 2677 3770 εἶχεν
2723 3700 3073 3768 ἀμφοτέρους
3120 3699 3258 3768 μετά
3323 3698 3512 3770 βραχὺ

273 3780 573 3849 σύνδρομον
624 3783 691 3849 τῇ
737 3781 935 3850 πράξει
991 3784 1089 3851 τὴν
1135 3783 1395 3836 ὲκὸίωσιν
1461 3759 1756 3854 εἰληφότας
1788 3803 1802 3817 ο
1838 3787 1866 3839 ό
1904 3788 2004 3857 μιν
2044 3759 2153 3857 γὰρ
2184 3759 2621 3860 πυρετῷλάϐρῷ
2687 3759 3007 3860 διᾶφρυγέις
3054 3759 3501 3862 ειὲωλυόεζίι

271 3873 330 3927 δι
362 3873 533 3944 ὑδέρῳ
563 3876 704 3929 κατὰ
726 3876 854 3939 τοὺς
883 3877 1086 3939 ἀσκοὺς
1114 3877 1347 3946 οίδηθεὶς
1375 3879 1694 3942 ἀπεγένετο.

2145 4041 2588 4057 ———.——l

3108 4046 3490 4066 σο--α

863 4170 1429 4260 ΒΑΣΙΛΕΙΑΣ
1504 4166 1999 4262 ΑΛΕΞΙΟΥ
2073 4179 2301 4265 ΤΟΥ
2374 4179 2889 4266 ΑΓΓΕΛΟΥ

1713 4340 1945 4396 ΤΟΜΟΣ
1973 4344 2047 4395 B'.
2069 4379 2077 4384 -

1080 4628 1566 4721 IMPERII
1646 4632 2066 4721 ALEXII
2151 4631 2706 4724 COMNENI‘

1705 4809 1926 4870 LIBER
1971 4811 2044 4872 ῐῐ.

344 5096 416 5144 α’.
444 5088 525 5140 rs
549 5085 597 5139 δ’
620 5085 817 5153 ιφεξῆς
845 5083 1054 5138 -ἀλλά
1085 5084 1169 5146 τις
1199 5083 1264 5137 ἂν
1290 5083 1453 5148 ἀξίως
1475 5082 1562 5153 [Ρ.
1583 5083 1707 5154 509]
1739 5084 1835 5146 τὰς
1859 5088 1905 5150 c
2006 5085 2039 5154 ε

1796 5101 1835 5146 ις
1859 5088 1905 5150 C
2006 5084 2165 5154 633
2198 5084 2247 5136 l.
2298 5081 2401 5136 Sed
2433 5081 2555 5148 quis
2584 5080 2800 5135 Domini
2833 5083 3134 5150 potentiam
3183 5097 3284 5153 pro
3309 5085 3491 5156 digni-

273 5180 368 5234 τοῦ
391 5178 598 5248 Κυρίου
646 5175 899 5243 λαλήσεις
948 5176 1294 5240 δυναστείας;
1343 5175 1375 5243 ἢ
1424 5175 1508 5237 τίς
1563 5175 1832 5237 ἀκουστάς

274 5273 520 5341 ποιήσειε
547 5270 647 5330 τὰς
678 5267 914 5330 αίνέσεις
946 5266 1148 5331 αὐτοῦς
1180 5266 1374 5319 Φθάνει
1404 5267 1501 5334 τὴν
1530 5266 1834 5333 ἀποστολὴν

270 5363 382 5416 τῶν
411 5364 707 5433 χρημάτων
733 5363 761 5414 ό
784 5359 876 5414 τοῦ
909 5358 1075 5429 ρηγδς
1123 5357 1451 5428 ’Δλαμανίας
1481 5358 1724 5420 θάνατος.
1758 5358 1831 5408 Οὑ

285 5453 582 5522 Ῥωμαίοις
625 5453 683 5505 δὲ
723 5453 884 5521 μόνον
922 5434 1288 5518 πολυέρασὼς
1321 5443 1474 5511 οὗτος
1508 5449 1796 5517 γεγένηται
1817 5487 1831 5511 ,

273 5545 410 5599 ἀλλά
438 5547 531 5598 καὶ
560 5547 672 5607 τοῖς
699 5544 972 5611 ἑσπερίοις
1006 5542 1236 5612 μάλιστα
1267 5539 1661 5609 τρισασπάσιος
1689 5539 1834 5591 ἔθνε-

276 5654 382 5700 σιν,
408 5636 508 5690 ὃσα
537 5653 596 5688 τε
627 5634 762 5706 πρὸς
787 5635 978 5690 ἑαυτὸν
1002 5635 1205 5695 ἐκεῖνος
1236 5633 1326 5704 βία
1357 5632 1518 5685 πλέον
1547 5632 1690 5702 ἢπερ
1718 5647 1835 5684 πει·

275 5727 360 5781 δοῖ
389 5728 735 5781 ὲπεσπάσατο
766 5726 857 5779 καὶ
883 5727 982 5779 ὅσα
1025 5725 1298 5784 μετελθεῖν
1339 5723 1565 5787 μελέτην
1600 5720 1828 5781 ἐτίθετο.

1943 5184 2050 5230 tate
2081 5173 2324 5228 celebret
2351 5179 2443 5226 aut
2469 5170 2660 5225 laudes
2701 5172 2821 5240 ejus
2869 5171 3154 5243 divulget?
3185 5176 3492 5245 Antequam

1939 5268 2168 5336 pecunia
2200 5266 2533 5328 mitteretur,
2567 5265 2904 5319 Alemannis:
2927 5281 3021 5320 rex
3052 5268 3307 5332 moritur,
3339 5270 3496 5340 cujus

1940 5359 2122 5411 obitus
2166 5371 2273 5409 non
2310 5355 2571 5409 Romanis
2616 5356 2880 5410 duntaxat
2931 5359 3311 5426 optatissimus
3338 5400 3351 5426 ,
3398 5363 3494 5416 sed

1939 5444 2383 5502 Occidentalibus
2430 5443 2595 5498 etiam
2657 5445 2914 5514 gentibus
2963 5447 3310 5515 gratissimus
3367 5448 3494 5516 fuit,

1939 5550 2052 5594 tum
2090 5537 2156 5591 iis
2183 5550 2319 5605 quas
2373 5535 2426 5589 vi
2479 5535 2651 5606 magis
2679 5551 2842 5605 quam
2890 5537 3267 5594 benevolentia
3304 5556 3495 5597 secum

1935 5631 2328 5698 eonjunxerat,
2374 5634 2488 5682 tum
2533 5627 2606 5683 iis
2648 5642 2783 5697 quas
2841 5628 3106 5685 invadere
3128 5629 3480 5688 decreverat.

1934 5736 2144 5784 semper
2176 5719 2442 5775 sollicitus
2484 5728 2544 5775 et
2578 5719 2823 5776 omnium
2874 5721 3212 5777 voluntatum
3249 5732 3492 5779 contem-
