4304 6354
800 347 907 412 859

2023 363 2068 422 N
2083 364 2324 424 ΙΟΕΤίΕ
2361 367 2567 428 CHON
2577 371 2773 429 ΙΑΤιΕ

3948 387 4056 451 860

801 461 1110 567 i‘mitatione
1140 467 1403 537 consequi
1448 472 1536 527 vel
1586 475 1851 531 accedere
1906 479 2136 547 pr0pius
2187 482 2381 546 possit.
2412 476 2501 539 Ai

2358 520 2381 534 ..
2412 483 2460 539 Α
2486 476 2554 550 ἦν
2579 482 2746 546 ὄντως
2774 485 2833 536 τὸ
2861 487 3096 540 τοιοῦτον
3120 488 3355 558 διανόημα
3385 491 3692 566 ιλευθέρὶὸν
3719 516 3777 551 τι
3801 501 3941 567 ἄγαν
3965 503 4058 556 καὶ

810 548 1008 606 Verum
1034 556 1153 623 ejus
1176 560 1413 637 cognati,
1448 575 1640 618 omnes
1681 567 1829 620 avari
1863 567 2133 630 homines.
2169 581 2224 625 et
2254 587 2376 625 cre-

804 642 920 698 bris
947 645 1343 714 imperatorum
1389 657 1790 712 mutationibus
1821 661 1957 716 nihil
2003 664 2150 717 aliud
2191 664 2374 719 edocti

803 737 902 789 nisi
936 738 1126 800 furari,
1183 755 1397 809 rapere,
1452 747 1672 813 publica
1715 751 1917 805 tributa
1966 755 2274 822 depeculari
2321 765 2376 809 et

802 827 1084 881 cumulare
1115 828 1357 895 divitias,
1389 835 1432 887 si
1468 837 1538 890 ab
1573 840 1852 908 aliquibus
1883 853 1940 896 ut
1969 846 2111 913 apud
2145 847 2378 915 impera-

799 929 970 972 torem
1005 923 1228 985 gratiosi
1257 925 1572 993 adibantur,
1608 946 1703 985 eos
1727 934 2031 1001 spoliabant
2053 946 2106 990 et
2127 949 2372 992 coactam

793 1012 1086 1076 pecuniam
1140 1013 1192 1066 in
1230 1030 1382 1069 suam
1432 1035 1544 1072 rem
1593 1026 2016 1093 convertebant;
2054 1046 2172 1098 quae
2225 1040 2372 1084 tanta

795 1112 917 1154 crat
945 1110 999 1152 ut
1027 1103 1365 1167 privatorum
1397 1107 1681 1164 hominum
1740 1115 2112 1172 conditionem
2148 1135 2374 1189 supera-

801 1201 899 1247 ret.
939 1193 1102 1260 639
1135 1195 1290 1249 Unde
1319 1213 1445 1251 cum
1473 1201 1594 1256 aliis
1647 1203 1700 1256 in
1753 1207 1922 1261 rebus
1980 1209 2051 1263 ita
2091 1224 2370 1277 peceatum

795 1291 879 1333 est
919 1293 975 1333 ut
1004 1284 1054 1334 in
1082 1286 1232 1337 nullo
1263 1288 1371 1340 alio
1404 1288 1656 1358 imperio,
1689 1303 1802 1349 tum
1843 1297 2084 1354 Romana
2137 1319 2224 1357 res
2271 1321 2374 1372 pu-

799 1372 939 1424 blica
981 1373 1486 1442 funditusiuteriit,
1529 1392 1583 1437 et
1613 1388 1961 1455 magistratus
2007 1393 2161 1461 pejus
2205 1410 2368 1464 quam

797 1466 952 1529 prius
976 1466 1202 1520 venales
1238 1471 1596 1526 exstiterunt.
1658 1474 1848 1533 Cuivis
1899 1479 2102 1536 licebat
2137 1500 2370 1551 praeesse

798 1555 1094 1620 provinciae
1152 1557 1206 1612 e't
1255 1577 1530 1616 summum
1573 1568 1717 1634 apud
1774 1569 2044 1628 Romanos
2093 1576 2371 1645 dignitatis

794 1643 1026 1711 gradum
1061 1650 1346 1718 consequi.
1385 1652 1460 1706 ita
1491 1655 1691 1711 factum
1721 1668 1782 1714 ut
1812 1677 1920 1716 non
1944 1668 2108 1721 modo
2127 1643 2371 1724 triviales

799 1745 852 1786 et
880 1737 1301 1794 eircuml'oranei
1325 1743 1592 1810 homines,
1616 1754 1966 1807 nummularii
1991 1766 2042 1810 et
2068 1759 2368 1829 institores,

2485 575 2836 642 ἀξιὰγαστον,
2878 581 2972 630 καὶ
3000 582 3201 650 κρηπὶς
3224 583 3465 650 χρηστῆς
3491 585 3768 654 βασιλείας
3796 595 3888 644 καὶ
3921 595 4060 646 ὐπο-

2483 665 2660 732 δάθρα
2687 667 2780 717 καὶ
2807 665 3097 735 θέμεθλος·
3125 669 3231 721 οὐδ’
3260 671 3324 730 ἂν
3351 672 3736 743 ἔπαλληλίζειν
3753 696 3833 742 τις
3859 680 4059 746 ἕλοιτο,

2482 756 2582 807 οὐκ
2621 756 2684 808 ἄν
2721 773 2850 808 ποτε
2895 758 3005 810 οὐδ’
3035 760 3202 826 ἐγγὺς
3234 763 3489 829 ἀφίκοιτο
3523 768 3930 839 παραδείγματι
3962 774 4060 826 ἐπὶ

2482 847 2591 899 τῶν
2622 850 2908 918 ἡμετέρων
2952 852 3194 921 ἡμερῶν.
3239 853 3380 905 Ἀλλ’
3413 858 3461 908 οί
3492 858 3569 926 τῷ
3609 860 3820 928 βασιλεῖ
3848 867 4057 934 προσή-

2481 956 2665 1001 κοντες
2693 941 3141 1010 κερδοσυλλέκται
3175 945 3374 1008 πάντες
3399 952 3780 1019 τυγχάνοντες,
3809 956 3904 1006 καὶ
3931 958 4056 1017 ταῖς

2482 1035 2705 1097 συχναῖς
2737 1033 3061 1098 μεταθέσεσι
3094 1034 3202 1086 τῶν
3228 1036 3504 1104 ἀρχόντων
3537 1043 3704 1110 μηδὲν
3736 1043 3924 1112 ἕτερον
3959 1061 4057 1096 πε-

2484 1122 2860 1186 ρισπουδάξειν
2884 1123 3252 1192 δεδιδαγμένοι
3279 1127 3358 1178 ὅτι
3386 1128 3460 1197 μὴ
3484 1130 3676 1198 κλέψαι
3703 1133 3794 1184 καὶ
3823 1133 4055 1203 διαρπά-

2482 1227 2571 1262 σαι
2603 1212 2695 1262 καὶ
2724 1211 2821 1273 τὰς
2847 1212 3140 1280 δημοσίους
3181 1216 3442 1282 εἰσφορὰς
3477 1204 3779 1284 ύφελέσθαι
3824 1226 3916 1274 καὶ
3951 1239 4055 1275 πε-

2484 1299 2798 1369 ριϐαλέσθαι
2831 1302 3059 1355 πλοῦτον
3091 1303 3281 1371 βαθὺν,
3313 1307 3438 1369 τούς
3470 1325 3529 1360 τε
3564 1312 3890 1377 προσιόντας
3923 1315 4049 1381 σφι·-

2482 1407 2562 1442 σιν
2585 1393 2705 1444 ὅτου
2728 1393 2975 1461 ἐνέτυχεν
2989 1394 3060 1454 ὡς
3081 1395 3324 1463 ίσχύουσι
3348 1399 3498 1467 παρὰ
3523 1398 3731 1466 βασιλεῖ
3748 1401 4051 1471 ὲληῖζοντοέ

2479 1484 2572 1535 καὶ
2596 1485 2664 1535 τὰ
2690 1483 3054 1553 ξυλλεγὸμενα
3078 1488 3302 1540 ίδιοῦντο
3327 1489 3608 1558 χρήματα,
3635 1490 3770 1559 ἁδρὰ
3790 1493 3921 1544 ὄντα
3951 1497 4050 1546 καὶ

2477 1577 2650 1644 τύχην
2711 1577 2983 1647 ἰδιωτικὴν
3011 1579 3431 1648 ὑπερϐαίνοντα.
3467 1583 3565 1635 Διὰ
3592 1584 3656 1651 δὴ
3686 1584 3858 1636 ταῦτα
3895 1586 3968 1637 τά
3989 1602 4052 1637 τε

2477 1669 2609 1721 ἄλλα
2645 1669 2933 1738 ήμαρτήθη
2973 1669 3047 1732 ὼς
3090 1669 3150 1723 οὗ
3186 1688 3316 1724 ποτε
3350 1672 3473 1724 κατ’
3499 1674 3668 1740 ἄλλην
3712 1676 3920 1746 ἀρχὴν,
3956 1677 4054 1728 καὶ

2479 1757 2794 1810 παντάπασι
2825 1759 2892 1810 τὰ
2929 1757 3222 1827 Ῥωμαίων
3249 1760 3570 1830 διέφθαρται
3605 1763 3926 1834 πράγματα,
3956 1767 4053 1816 καὶ

797 1826 891 1879 sed
932 1825 1145 1898 Scythae
1180 1834 1343 1886 etiam
1373 1846 1425 1888 et
1457 1836 1579 1908 Syri
1633 1855 1864 1897 excusso
1901 1855 2148 1902 veterum
2186 1852 2371 1908 domi-
2404 1835 2443 1889 Β
2474 1865 2497 1898 α

2349 1825 2371 1895 ξ
2404 1835 2443 1889 Β
2474 1849 2529 1898 αἱ
2552 1849 2716 1917 ἀρχαὶ
2737 1850 2995 1916 χειρόνως
3013 1825 3107 1903 καὶ
3131 1853 3228 1921 οὺχ
3255 1825 3626 1924 ὼςνπρδτερον
3645 1825 4049 1924 τοῖς-πρίασθαι

795 1933 994 1970 norum
1050 1920 1182 1989 jugo
1234 1923 1464 1993 Augusti
1535 1943 1874 1990 crearentur.
1934 1937 2134 1994 Harum
2187 1960 2370 2001 rerum

794 2007 1066 2070 omnium,
1105 2019 1163 2063 ut
1197 2013 1410 2067 dictum
1436 2027 1538 2081 est,
1576 2022 1838 2086 primaria
1873 2040 2034 2080 causa
2067 2029 2169 2084 fuit
2201 2032 2372 2101 impe-

796 2099 996 2151 ratoris
1026 2100 1279 2164 facilitas.
1311 2122 1377 2159 ne
1402 2107 1596 2164 levitas
1635 2113 1834 2178 dicam,
1867 2125 1922 2170 et
1945 2118 2222 2186 ingenium
2271 2099 2374 2177 im-

798 2189 955 2254 perio
1016 2188 1284 2259 ineptum.
1350 2197 1428 2250 Eo
1493 2202 1787 2258 accedebat
1859 2206 2212 2265 familiarium
2253 2216 2373 2284 ejus

799 2281 1074 2347 ingluvies
1111 2295 1166 2337 et
1193 2288 1540 2352 quorundam
1587 2291 1930 2361 inexplebilis
1984 2304 2232 2356 avaritia.
2268 2281 2374 2360 l—ta-

796 2387 903 2435 quo
939 2373 1270 2428 mulieribus
1300 2386 1354 2430 et
1387 2382 1634 2447 cognatis
1684 2385 1803 2452 ejus
1849 2403 1938 2442 res
1972 2390 2187 2457 publica
2231 2393 2344 2449 ludi

801 2460 921 2513 lll'lt)
955 2474 1092 2517 erat.
1147 2466 1263 2532 Ipse
1322 2473 1614 2540 veroquid
1675 2492 1856 2531 rerum
1913 2495 2212 2549 gereretur,
2263 2504 2373 2543 non

799 2555 972 2622 magis
1007 2567 1160 2609 norat
1188 2575 1351 2626 quam
1377 2563 1470 2630 qui
1510 2566 1564 2618 in
1591 2577 1836 2623 extrema
1884 2571 2058 2627 Thule
2099 2575 2370 2633 habitant.

800 2648 939 2700 llinc
998 2658 1054 2702 et
1115 2652 1231 2719 ipse
1289 2656 1626 2723 gubernator
1684 2664 1920 2730 pessime
1987 2669 2129 2736 apud
2181 2686 2373 2727 omnes

798 2737 1075 2802 audiebat,
1105 2752 1160 2794 et
1193 2757 1425 2810 proretae
1451 2763 1513 2802 ac
1537 2761 1716 2806 nauta:
1746 2768 1937 2809 omnes
1978 2757 2046 2810 ab
2070 2745 2148 2812 eo.
2176 2761 2372 2817 delecti

797 2829 1158 2886 atrocissimis
1196 2836 1333 2888 diris
1385 2839 1812 2897 devovebantur.
1866 2846 2186 2916 lmperatrix
2221 2869 2371 2921 vero,

798 2934 921 2986 qum
956 2938 1050 2977 eas
1097 2941 1182 2978 res
1224 2928 1386 2998 640
1440 2947 1547 2985 non
1598 2934 1855 2992 ferendas
1904 2941 2131 2998 duceret
2173 2947 2373 3015 (neque

796 3014 941 3066 enim
975 3015 1311 3082 dligentlatn
1345 3031 1400 3074 et
1432 3025 1715 3080 avaritiam
1747 3030 1866 3098 ejus
1889 3032 2056 3087 latere
2075 3014 2346 3103 poterant)

2476 1937 2688 1991 θέλουσι
2720 1939 3070 2008 προῦκειντο.
3096 1937 3206 1992 Ἦν
3235 1942 3327 1994 οὗν
3355 1943 3450 1995 τοῦ
3488 1945 3811 2013 βουλομένου
3849 1946 4049 2008 παντὸς

2476 2031 2657 2100 χώρας
2703 2031 2877 2100 ἀρχὴν
2916 2031 3300 2095 ἀναζὼσασθαι
3335 2033 3428 2084 καὶ
3468 2032 3559 2084 τοῦ
3603 2033 3858 2102 μεγίστου
3895 2035 4051 2104 παρὰ

2487 2122 2775 2189 Ῥωμαίοις
2804 2123 2988 2190 τυχεῖν
3016 2121 3344 2192 ἀξιώματος.
3383 2124 3456 2177 Οὐ
3492 2125 3654 2192 μόνον
3686 2125 3863 2178 τοίνυν
3902 2127 3949 2178 οί
3992 2129 4050 2178 ιν

2474 2215 2700 2282 τριόδοις
2729 2215 2824 2267 καὶ
2853 2215 3078 2284 ἀγοραῖς
3104 2215 3199 2267 καὶ
3226 2214 3572 2268 κολλυϐισταὶ
3599 2216 3690 2268 καὶ
3713 2218 3919 2284 πράται
3940 2217 4049 2270 τῶν

2476 2303 2675 2356 ὀθονῶν
2707 2304 2957 2356 σεϐαστοὶ
2991 2305 3330 2375 ἐτιμήθησαν
3357 2345 3372 2370 ,
3412 2305 3546 2359 ἀλλά
3580 2306 3674 2358 καὶ
3713 2307 3916 2360 Σκύθαι
3957 2310 4050 2359 καὶ

2475 2396 2634 2459 Σύροι
2668 2393 2826 2445 ὤνιον
2851 2396 3129 2463 ἀργυρίων
3166 2395 3396 2465 εὕραντο
3441 2397 3499 2449 τὸ
3542 2396 3902 2462 σεϐἀζεσθαι,
3936 2403 4049 2462 τοῖς

2476 2487 2606 2554 πρὶν
2637 2486 3025 2555 ὑπηρετεῖσθαι
3050 2487 3334 2551 δεσπόταις
3366 2488 3712 2557 ἡδοξηκότες.
3740 2489 3960 2543 Τούτων
3991 2490 4048 2543 δὲ

2479 2579 2693 2630 πάντων
2724 2579 2869 2631 αίτία
2895 2596 2977 2641 τις
3004 2576 3092 2649 ἦν,
3124 2581 3199 2643 ὡς
3227 2582 3461 2650 εἰρηται,
3492 2582 3848 2651 πρωτουργδς
3879 2584 3913 2652 ή
3939 2583 4052 2634 τῶν

2478 2667 2770 2738 βασιλικῶν
2794 2669 3009 2738 φρενῶν
3032 2669 3267 2739 ὲλαφρία
3289 2675 3380 2722 καὶ
3410 2673 3470 2724 τὸ
3492 2674 3627 2742 πρὸς
3650 2671 3916 2741 διοίκησιν
3941 2671 4050 2724 τῶν

2476 2760 2818 2828 πραγμάτων
2843 2761 3176 2829 ἀπροσφυὲς,
3212 2763 3310 2814 οὐκ
3335 2761 3553 2814 ἔλαττον
3585 2763 3640 2815 δὲ
3666 2765 3756 2815 καὶ
3782 2764 3814 2832 ή
3839 2763 4051 2833 λιχνεία

2474 2852 2584 2903 τῶν
2629 2854 2760 2920 περὶ
2786 2853 2948 2906 αὐτὸν
2995 2853 3091 2904 καὶ
3135 2853 3194 2905 τὸ
3247 2856 3382 2923 πρὸς
3441 2854 3702 2923 συλλογὴν
3746 2859 4051 2924 χρημάτων

2475 2943 2755 3010 ἀπληστόν
2784 2961 2945 2996 τινων
2985 2946 3078 2998 καὶ
3102 2947 3420 3015 ἀκόρεστον,
3449 2945 3574 2998 ὅθεν
3607 2947 3711 2998 ὑπὸ
3736 2950 3838 3016 τῆς
3857 2964 4047 3012 γυναι-

2477 3035 2778 3100 κωνίτιδος,
2827 3037 2921 3088 καὶ
2967 3038 3081 3090 ὅσοι
3134 3040 3241 3090 τῶν
3271 3038 3328 3101 ἐξ
3373 3038 3583 3106 ἀνδρῶν
3626 3037 3775 3108 αὐτῷ
3827 3054 4048 3107 προσῳ-

805 3119 911 3158 non
946 3105 1034 3160 diu
1068 3108 1169 3162 sibi
1207 3113 1600 3180 quiescendum
1636 3130 1773 3183 rata,
1806 3133 1902 3178 aut
1932 3129 2283 3195 magistratus
2306 3149 2370 3187 ex
2397 3157 2441 3222 Ο
2479 3147 2505 3182 κ

805 3199 979 3222 tua.“
1292 3207 1331 3222 ν.
1677 3212 1710 3222 ..
1849 3215 1860 3222 .

2347 3149 2370 3187 ι
2397 3157 2441 3222 C
2479 3129 2723 3193 κείωντο,
2757 3129 3134 3182 διεπεττεύετο
3169 3129 3238 3182 τὰ
3272 3130 3446 3182 κοινά.
3478 3127 3744 3182 Τοσοῦτον
3773 3127 3818 3180 δ’
3849 3130 4047 3198 ἀπεῖχε

798 3199 982 3251 edicto
1017 3201 1367 3270 imperatoris
1398 3223 1506 3262 non
1542 3212 1928 3269 nundinandos
1960 3228 2054 3272 aut
2085 3222 2369 3277 collectam

797 3296 1082 3359 pecuniam
1131 3296 1184 3349 in
1243 3298 1431 3353 iiscum
1475 3317 1594 3356 esse
1642 3305 1984 3362 referendam
2016 3314 2248 3368 censuit.
2294 3315 2371 3370 Ac

799 3383 1070 3454 principio
1100 3389 1221 3456 ejus
1248 3374 1485 3446 instituti
1517 3397 1828 3452 ministrum
1852 3401 2039 3471 deligit
2068 3405 2372 3475 Mesopota-

802 3475 1068 3531 mitanum
1093 3480 1537 3550 Constantinum,
1572 3491 1729 3558 cujus
1752 3495 1894 3560 apud
1929 3496 2190 3551 [saucium
2218 3515 2371 3553 smn-

798 3583 941 3623 mam
1006 3571 1174 3627 fuisse
1223 3579 1607 3633 auctoritatem
1657 3583 1913 3640 diximus.
1965 3587 2170 3642 Deinde
2243 3607 2368 3646 eum

797 3665 1018 3725 marito,
1058 3666 1146 3718 cui
1184 3677 1240 3720 et
1291 3679 1417 3723 ante
1477 3673 1850 3742 principatum
1902 3677 2111 3732 invisus
2153 3691 2207 3736 et
2250 3693 2370 3751 post

795 3770 922 3808 eum
955 3771 1172 3825 quoque
1207 3775 1399 3827 parum
1432 3773 1622 3831 gratus
1666 3777 1808 3830 erat,
1853 3770 1998 3837 quod
2048 3773 2281 3840 plurima
2315 3777 2369 3829 in

795 3846 1044 3901 Romana
1105 3867 1160 3903 re
1203 3852 1420 3919 publica
1475 3868 1734 3911 novasset
1776 3869 1830 3913 et
1881 3861 2260 3919 Iallet‘actasset
2314 3877 2370 3922 et

793 3941 1127 3994 conturbare
1149 3945 1328 3996 omnia
1363 3961 1470 3998 non
1501 3947 1821 4015 destitisset,
1875 3957 2212 4010 reconciliet.
2264 3958 2366 4026 lgi-

791 4039 882 4083 tur
917 4048 1124 4088 stnnma
1164 4052 1347 4090 rerum
1375 4038 1558 4094 denuo
1582 4042 1647 4094 ad
1693 4043 1843 4096 illum
1887 4046 2146 4102 devoluta
2209 4061 2371 4104 caete.

799 4139 985 4178 rorum
1054 4130 1351 4183 auctoritas
1423 4131 1686 4200 elanguit,
1744 4144 1799 4187 et
1849 4137 2032 4192 lumen
2114 4144 2370 4209 patentia

791 4226 1149 4285 cognatorum
1196 4221 1544 4288 imperatoris
1563 4234 1646 4278 est
1675 4225 2051 4283 obscuratum.
2085 4231 2185 4295 Qui
2241 4248 2369 4287 vero

791 4307 998 4361 dudum
1025 4310 1093 4363 ab
1129 4311 1461 4379 imperatore
1515 4331 1614 4383 pro
1663 4317 1837 4373 nihilo
1884 4321 2202 4388 putabatur,
2253 4334 2367 4378 tum

796 4399 978 4452 omnia
1010 4409 1245 4469 poterat,
1275 4413 1331 4458 et
1375 4421 1517 4460 unus
1546 4417 1664 4461 erat
1700 4409 1872 4461 instar
1925 4412 2192 4475 omnium,
2227 4431 2369 4468 unus

2473 3222 2568 3273 τοῦ
2617 3224 2811 3275 ειδέναι
2865 3222 2933 3274 τὰ
2980 3222 3257 3292 δρώμενα,
3307 3224 3363 3285 ὲς
3420 3224 3542 3274 ὅσον
3595 3223 3689 3273 καὶ
3757 3222 4052 3290 Ῥωμαίων

2474 3310 2944 3380 ἀποσχοινίζονται
2974 3314 3023 3364 οί
3050 3312 3148 3380 τῆς
3178 3311 3386 3381 Θούλης
3420 3310 3695 3373 οἰκοῦντες
3721 3311 3788 3363 τὰ
3815 3311 4044 3380 ἔσχατα.

2475 3404 2683 3457 Οὐκοῦν
2730 3404 2892 3466 αὐτὸς
2930 3421 2989 3456 τε
3037 3407 3065 3456 δ
3106 3404 3202 3472 τῆς
3243 3403 3420 3472 ἀρχῆς
3461 3401 3815 3472 πηδαλιοῦχος
3858 3402 4048 3465 ἰακῶς

2473 3497 2637 3566 ἤκουε
2675 3497 2824 3566 παρὰ
2857 3499 3095 3558 πάντων,
3133 3496 3226 3547 καὶ
3258 3496 3317 3547 τὸ
3353 3497 3408 3556 ἐς
3450 3497 3692 3564 πρωρεῖς
3727 3497 3820 3545 καὶ
3855 3494 4047 3562 νηϊτας

2475 3589 2567 3641 ὐπ’
2597 3590 2807 3640 ἐκείνου
2847 3588 3047 3657 ταχθὲν
3083 3586 3585 3656 παλαμναιοτάταις
3621 3587 3779 3655 ἀραῖς
3811 3587 4049 3639 ύπεσάλο

2471 3684 2614 3736 λετο.
2663 3683 2726 3738 Ἦ
2763 3684 2942 3735 τοίνυν
2975 3682 3187 3752 βασιλὶς
3216 3683 3317 3734 ούκ
3347 3681 3643 3750 ἀνασχετὸν
3673 3681 3733 3731 τδ
3759 3681 4050 3747 γινόμενον

2472 3773 2613 3826 οὕτω
2637 3778 2916 3842 κρῖνουσα,
2949 3775 3029 3825 ὅτι
3063 3773 3195 3842 μηδὲ
3221 3772 3501 3842 διαδρᾶναι
3528 3767 3640 3823 οἷόν
3665 3787 3721 3823 τε
3744 3766 3811 3840 ἦν
3831 3770 3894 3822 τὸ
3919 3771 4046 3823 ταύ-

2471 3885 2570 3935 της
2612 3866 2963 3936 ὲρευνητῑκὺν
3005 3867 3101 3917 καὶ
3143 3865 3612 3934 ὲρασιχρήματον,
3659 3861 3801 3930 ἔγνω
3838 3863 3912 3931 μὴ
3954 3864 4045 3915 ἐπὶ

2475 3961 2686 4029 μακρὸν
2713 3959 2946 4011 ἐθελοντὶ
2968 3959 3248 4029 ἀτρεμεῖν.
3281 3955 3396 4008 ἀλλ’
3423 3956 3454 4026 ἢ
3505 3957 3646 4008 κατά
3693 3955 4042 4023 τούπίταγμα

2470 4051 2565 4103 τοῦ
2606 4052 2812 4118 ταύτης
2848 4049 3041 4119 ἀνδρὸς
3073 4048 3533 4114 τὰς’προύλήσεις
3574 4045 3821 4112 γίνεσθαι
3866 4046 4048 4113 (inpi-

2471 4159 2596 4203 τους
2630 4142 2659 4211 ἦ
2696 4142 2829 4208 γοῦν
2862 4142 2964 4209 τὴν
2994 4139 3267 4209 βασίλειον
3299 4140 3474 4206 γάζαν
3511 4138 3728 4204 στέγειν
3743 4139 3820 4213 ,τὰ
3856 4137 4046 4202 ξυλλιτ

2472 4235 2706 4301 γόμενα.
2741 4233 2841 4284 Καὶ
2884 4233 2953 4283 τὰ
2990 4231 3086 4299 μὲν
3120 4230 3314 4298 πρῶτα
3349 4232 3427 4292 εἰς
3465 4228 3740 4298 ὑπουργὸν
3769 4230 3803 4297 ή
3838 4227 4047 4297 βασιλὶς

2472 4325 2737 4385 ἐπέταξεν
2767 4325 2936 4392 ἑαυτῇ
2972 4323 3066 4374 τὸν
3099 4323 3558 4390 Μεσοποταμίτην
3591 4323 4042 4373 Κωνσταντῖνον·

2471 4412 2536 4483 ἦν
2566 4416 2607 4466 δ’
2638 4408 2788 4475 οὗτος
2812 4415 2838 4465 ὁ
2868 4416 2998 4481 παρ’
3040 4412 3293 4481 Ἰσαακίῳ
3325 4412 3401 4480 τῷ
3433 4413 3674 4480 ’Λγγέλῳ
3703 4414 3770 4464 τὰ
3804 4413 4038 4479 μέγιστα

791 4493 977 4545 omnia
1019 4503 1166 4547 recte
1203 4505 1467 4560 statuere,
1520 4514 1666 4550 unus
1715 4502 1962 4554 omnium
2018 4505 2268 4560 moribus
2310 4522 2367 4560 se
2403 4492 2491 4557 Πδ

2345 4522 2367 4560 e
2403 4492 2441 4544 Ῑ)
2470 4506 2738 4573 δυνηθεὶς,
2774 4505 2956 4566 καθὼς
2984 4507 3041 4555 ὲν
3067 4506 3179 4562 τοῖς
3216 4503 3346 4570 περὶ
3371 4503 3580 4554 ἐκείνου
3602 4501 3782 4567 λόγοις
3804 4502 4045 4572 εἰρήκει-

790 4586 1231 4650 accommodare,
1266 4587 1450 4641 omnia
1487 4590 1746 4645 omnibus
1771 4607 1871 4660 pro
1905 4593 2170 4662 dignitate
2204 4611 2367 4665 posse

792 4676 1037 4730 tribuere
1068 4678 1386 4746 putabatur,
1419 4688 1475 4733 et
1511 4680 1578 4732 ab
1616 4681 1964 4749 imperatoris
2005 4685 2175 4739 latere
2221 4704 2367 4741 nun~

790 4783 953 4836 quam
982 4770 1319 4824 discedebat.
1356 4772 1487 4824 Eam
1545 4773 1971 4842 inexspectatam
2006 4779 2366 4834 mutationem

789 4876 916 4914 cum
951 4862 1065 4923 alii,
1095 4862 1253 4932 δίει
1285 4865 1376 4931 qui
1416 4865 1584 4932 priori
1620 4868 1859 4933 potentia
1893 4869 2209 4923 exciderant
2233 4884 2287 4924 et
2311 4881 2369 4923 ut

792 4952 1186 5021 pyrilampides
1216 4965 1338 5007 orto
1372 4957 1484 5010 sole
1545 4958 1836 5024 splendere
1883 4959 2179 5024 desierant,
2229 4977 2369 5030 aegre

797 5043 1081 5106 tulerunt,
1158 5053 1272 5098 tum
1335 5048 1700 5115 impcratricis
1752 5053 1998 5120 cognatis
2054 5053 2370 5106 Andronico

795 5134 1272 5202 Contostepbano,
1321 5139 1408 5191 cui
1462 5139 1618 5192 irene
1667 5141 1811 5196 iilius
1864 5143 1970 5196 lilia
2006 5154 2172 5212 nupta
2228 5155 2366 5208 erat,

790 5237 843 5280 et
875 5227 1030 5282 l‘ratri
1065 5229 1185 5304 ejus
1235 5231 1523 5284 (Zamatero
1575 5231 1775 5285 Basilio
1834 5249 1971 5300 pene
2030 5234 2118 5288 ilia
2154 5252 2372 5304 rumpe-

792 5319 995 5373 bantur
1049 5320 1290 5373 Proinde
1322 5323 1526 5374 omisso
1564 5321 1945 5383 Constantino.
1983 5325 2073 5392 qui
2107 5335 2166 5378 ut
2207 5326 2372 5393 lapil-

791 5413 881 5465 lus
912 5422 1101 5466 contra
1177 5414 1325 5481 ipsos
1384 5415 1667 5482 conjectus
1713 5424 1852 5478 erat,
1915 5425 2086 5468 totum
2149 5431 2370 5468 cursum

791 5514 985 5556 contra
1010 5503 1311 5565 dominam,
1354 5520 1475 5570 qua:
1499 5519 1622 5556 cum
1647 5508 1978 5574 conjecerat,
1997 5508 2369 5571 intenderunt,

789 5605 842 5649 et
873 5597 1034 5650 bilem
1092 5611 1246 5650 suam
1306 5607 1692 5658 evomuerunt,
1745 5598 1967 5651 ultionis
2005 5600 2372 5653 occasionem

791 5690 1170 5756 qureritantes.
1209 5688 1273 5740 Et
1300 5697 1420 5756 post
1456 5686 1773 5741 diuturnam
1822 5689 2273 5744 deliberationem
2320 5702 2374 5745 et

793 5798 1063 5839 sunnnain
1093 5783 1404 5836 cautionem
1441 5781 1824 5849 imperatorem
1878 5784 2079 5836 adeunt
2131 5785 2184 5836 in
2222 5786 2375 5840 Ocri—

2474 4615 2571 4665 μεν
2598 4613 2610 4626 ·
2647 4597 2837 4649 ἔπειτα
2868 4596 2925 4647 δὲ
2965 4594 3042 4663 τῷ
3073 4594 3227 4664 ἀνδρὶ
3261 4594 3648 4658 καταλλάσσει,
3692 4592 3900 4655 δύσνως
3939 4593 4044 4661 πρὸ

2472 4689 2570 4756 τῆς
2610 4691 2781 4758 ἀρχῆς
2815 4691 2890 4748 είς
2925 4686 3088 4739 αὑτὸν
3121 4687 3296 4755 ἔχοντι
3326 4687 3422 4738 καὶ
3465 4687 3602 4754 μετά
3634 4685 3735 4750 τὴν
3772 4684 3868 4736 τοῦ
3907 4686 4044 4753 κρά·

2472 4796 2595 4840 τους
2643 4780 2721 4830 ἔτι
2768 4779 3239 4846 ἀποστρεφομένῳ
3281 4776 3470 4829 τοῦτον
3513 4776 3806 4839 ἀνάζωσιν,
3857 4776 3939 4827 ὅτι
3986 4791 4044 4825 τε

2475 4871 2644 4921 πολλά
2669 4869 2776 4920 τῶν
2808 4867 3164 4920 καθιστάντων
3187 4867 3531 4936 πραγμάτων
3564 4865 3860 4932 Ῥωμαίοις
3888 4864 4044 4916 κεκί-

2474 4980 2605 5029 νηκε
2638 4962 2733 5014 τοῦ
2770 4962 3061 5030 στασίμου,
3098 4962 3194 5013 καὶ
3219 4962 3299 5012 ὅτι
3329 4958 3620 5026 ξυγκυκῶν
3644 4959 3786 5011 κατὰ
3815 4959 4044 5027 πρόοδον

2473 5057 2565 5106 καὶ
2603 5053 2990 5121 συνταράσσων
3012 5053 3079 5104 τὰ
3108 5052 3398 5121 σύμπαντα
3426 5050 3677 5119 οὐδαμῶς
3701 5051 3917 5120 ἔληγεν.
3956 5051 4046 5112 Ὠς

2472 5142 2564 5197 οὖν
2595 5145 2626 5212 ή
2669 5144 2774 5196 τῶν
2806 5144 3004 5196 κοινῶν
3031 5143 3295 5212 διοίκησις
3323 5141 3411 5213 [Ρ.
3436 5141 3563 5213 315]
3598 5142 3759 5194 πάλιν
3790 5142 3929 5211 πρὸς
3955 5142 4047 5192 τὸν

2473 5240 2938 5308 Μεσοποταμίτην
2981 5239 3383 5308 μετανενεύκει,
3415 5237 3641 5289 ἔσϐεστο
3672 5239 3705 5306 ἡ
3732 5237 3843 5288 τῶν
3871 5236 4047 5289 ἄλλων

2479 5333 2628 5398 ἰσχὺς
2652 5372 2664 5392 ,
2698 5329 2997 5398 ἠμαύρωτο
3035 5329 3090 5380 δὲ
3121 5328 3231 5380 τῶν
3261 5327 3340 5395 τῷ
3371 5328 3584 5396 βασιλεῖ
3617 5326 4044 5397 προσκολλωμέ-

2478 5440 2581 5472 νων
2623 5418 2720 5488 τῆς
2752 5420 3072 5480 δυναστείας
3100 5419 3161 5470 τὸ
3195 5419 3310 5486 φῶς
3331 5457 3347 5479 .
3376 5421 3472 5471 καὶ
3499 5421 3526 5472 δ
3563 5417 3754 5487 πρώην
3785 5417 3938 5486 παρὰ
3969 5415 4048 5484 τῷ

2478 5512 2769 5581 κρατοῦντι
2811 5512 3115 5581 ἀπόϐλητος
3151 5511 3495 5589 ἀξύμελητοέ
3545 5509 3846 5580 τηνικαῦτα
3892 5509 4047 5575 ἰκρί-

2477 5621 2626 5662 νετο,
2669 5603 2840 5672 κέρας
2886 5603 2953 5655 ἂν
3003 5603 3331 5672 ’Λμαλθείας
3371 5602 3508 5673 ᾤετο
3558 5603 3688 5671 παρ’
3721 5602 3920 5670 ἐκείνῳ
3957 5603 4048 5653 καὶ

2478 5693 2786 5760 adiurit:th
2811 5695 3023 5762 κρατὴρ
3053 5692 3275 5759 ἀγαθῶν
3302 5692 3334 5762 ἦ
3367 5693 3426 5746 τὸ
3454 5693 3601 5762 παρὰ
3630 5692 3705 5760 τῷ
3746 5689 3866 5743 Ἰὼϐ
3902 5707 4038 5756 παμ»

2480 5784 2700 5835 εὐτανον
2738 5782 2831 5834 τοῦ
2873 5781 3083 5853 ἀγροῦ,
3116 5783 3208 5835 καὶ
3252 5784 3380 5836 πᾶσι
3420 5782 3594 5837 πάντα
3629 5780 3924 5850 προσφυῶς
3955 5779 4040 5828 καὶ
