4304 6354
802 321 907 382 853
2037 325 2344 387 NlCET/E-
2371 325 2502 385 ΕΗ(

2379 324 2781 385 ΕΗΟΝΙΑῊΕ
3971 333 4079 398 864

801 433 912 483 τῶν
940 432 1252 501 δορυφόρων
1280 434 1411 495 ⁵ἐντι,
1441 425 1487 501 ᾧ
1551 435 1841 508 ἐπίκλησις
1894 435 2289 505 Βαστραλίτης,
2359 434 2578 501 τίθησιν
2646 434 2708 500 ἐξ
2778 432 3102 503 ἀνθρώπων.
3154 436 3214 487 Ὀ
3248 438 3345 506 μέν
3374 438 3482 506 γὰρ
3518 442 3629 505 τοῖς
3665 442 3792 511 περὶ
3825 442 4082 497 Βιθυνίαν

799 522 1037 590 διέτριϐε
1080 526 1341 591 μέρεσιν,
1383 526 1465 579 ἔτι
1504 528 1953 591 ἀντιστατοῦντος
2034 530 2275 593 Ἀλεξίου
2318 527 2411 579 τοῦ
2456 525 2706 587 Κίλικοςο
2758 526 2787 577 6
2817 526 2873 578 δέ
2915 524 3289 596 Βαστραλίτης
3344 530 3675 599 ἀφικόμενος
3728 536 3818 588 καὶ
3884 536 4079 587 τοῦτον

800 610 897 662 τοῦ
946 614 1309 681 στρατοπέδου
1356 617 1683 683 ἀπαγαγὼν,
1734 621 1808 679 ὡς
1852 620 1918 671 ἂν
1960 619 2105 671 οὕτω
2155 619 2383 686 μηδενὸς
2422 621 2635 680 ἁῖοντος
2705 620 3010 685 ἀπαγγελεῖ
3044 620 3111 672 τὰ
3178 620 3446 689 βασιλέως
3477 625 3789 695 ἐντάλματα
3822 630 3968 701 ἅπερ
3998 633 4082 691 είς

801 709 1172 776 ἐκεῖνον,ῆκει
1222 710 1402 778 φέρων
1452 710 1763 779 ἀπόρρητα,
1810 714 1970 775 αὐτός
2013 731 2071 764 τε
2114 715 2174 765 τδ
2225 713 2377 779 ξίφος
2414 713 2691 763 ἐσπάσατο
2759 712 2854 764 καὶ
2881 712 2930 763 οἳ
2990 712 3100 764 τῶν
3128 714 3335 766 ἐκείνου
3372 715 3507 783 πρὸς
3540 721 3871 788 φονουργίαν
3900 741 4074 794 προη-

800 803 1201 871 τιιμιάσθησαν,
1237 806 1329 858 καὶ
1357 802 1423 874 ἦν
1453 807 1479 856 6
1514 809 1709 873 μεῖραξ
1742 809 1992 859 ἐντεῦθεν
2059 809 2133 870 ὡς
2209 807 2458 877 βόσκημα
2497 804 2963 873 διαμελιζόμενον.
2997 807 3105 857 Καὶ
3138 808 3197 857 τδ
3228 809 3325 874 μὲν
3362 808 3521 875 ἔργον
3552 812 3712 865 τοῦτο
3745 814 3956 883 βαρέως
3985 824 4083 875 καὶ

803 899 1086 964 δυσφόρως
1110 900 1253 961 ἅπας
1281 900 1512 968 ἤνεγκεν
1541 902 1568 952 6
1597 902 1848 967 στρατὸς,
1886 900 2102 961 ὁπόσοις
2164 900 2224 950 τὸ
2285 898 2529 967 πραχθὲν
2595 899 2652 948 ἐν
2685 898 2984 966 ὀφθαλμοῖς
3040 898 3370 968 προῦκειτο·
3406 904 3433 953 6
3469 902 3525 954 δὲ
3566 903 3938 975 Βαστραλίτης
3969 925 4083 979 πη-

805 992 956 1061 ριδῖῳ
999 992 1095 1060 τὴν
1126 991 1218 1043 τοῦ
1254 992 1502 1060 Βατὰτζη
1554 994 1793 1062 κεφαλὴν
1838 992 2121 1061 ἐνθέμενος
2186 991 2419 1054 εὕζωνος
2459 992 2732 1058 ἐπανῆκεν
2766 994 2821 1053 ἐς
2852 992 3089 1059 βασιλέα.
3159 995 3265 1045 Καὶ
3296 987 3450 1058 οὗτος
3484 994 3560 1063 τῷ
3587 1001 3796 1068 κρανίῳ
3834 1001 3942 1070 πρὸ
3968 1003 4083 1055 τῶν

807 1085 982 1134 ποδῶν
1038 1082 1247 1151 ριφέντι
1294 1082 1393 1146 λὰξ
1440 1084 1811 1153 ἐναλλόμενος,
1863 1086 1959 1136 καὶ
2000 1083 2201 1146 ἱκανῶς
2246 1080 2393 1150 αὐτῷ
2433 1081 2741 1150 ἐμϐλέπων,
2800 1084 3135 1151 προσλαλιάν
3157 1101 3281 1136 τινα
3334 1084 3535 1156 διεξῄει
3567 1087 3834 1158 μηδαμῶς
3862 1089 4081 1161 ἱστορίᾳ

804 1175 1024 1244 δοθῆναι
1050 1176 1389 1241 πρέπουσαν.

879 1268 931 1317 3.
972 1268 1177 1321 Deinde
1213 1269 1529 1323 institutum
1584 1270 1693 1324 iter
1748 1286 2093 1340 persequens
2142 1268 2392 1340 Cypsella
2422 1272 2471 1328 Α
2571 1284 2579 1295 ·

2382 1272 2471 1328 ιΑ
2571 1273 2644 1333 γ’.
2673 1266 2786 1319 Καὶ
2836 1266 3097 1335 βασιλεὺς
3155 1269 3298 1337 μετὰ
3342 1268 3505 1322 τοῦτο
3550 1269 3653 1337 τῆς
3701 1272 4082 1341 προκειμένης

806 1360 961 1421 ahiit,
1004 1370 1059 1413 ut
1096 1361 1346 1415 Thraciis
1380 1362 1613 1417 urbibus
1639 1379 1797 1431 opem
1827 1364 2015 1425 ferret,
2036 1379 2171 1433 quas
2204 1364 2395 1417 Blachi

805 1463 861 1503 ct
894 1452 1109 1521 Scythae
1145 1454 1590 1522 populabantur,
1622 1466 1677 1507 et
1707 1455 1977 1525 Chrysum
2012 1457 2178 1509 etiam
2234 1470 2388 1509 com-

810 1543 1296 1608 prehenderet,aut
1316 1545 1505 1598 saltem
1532 1545 1893 1599 excursiones
1911 1548 2029 1615 ejus
2050 1545 2392 1613 prohiberet,

810 1648 946 1700 quas
984 1635 1122 1686 clam
1172 1636 1224 1687 in
1265 1634 1561 1689 Serranum
1618 1652 1809 1707 agrum
1855 1637 2112 1691 faciebat.
2178 1637 2310 1691 Erat
2347 1638 2395 1691 is

812 1723 1061 1789 (:hrysus
1129 1738 1334 1790 genere
1386 1724 1658 1789 Blachus,
1719 1724 1886 1797 644
1938 1740 2118 1794 parvae
2169 1736 2394 1780 staturae

814 1811 1002 1871 homo.
1030 1814 1124 1882 qui
1180 1815 1234 1868 in
1270 1815 1416 1869 Petri
1449 1825 1504 1870 et
1540 1818 1734 1871 Asanis
1785 1819 2147 1872 defectionem
2196 1834 2225 1871 a
2281 1817 2395 1872 Ro-

817 1906 993 1960 manis
1028 1922 1134 1959 uon
1172 1919 1547 1973 consenserat,
1580 1925 1643 1964 ac
1674 1912 1857 1979 potius
1886 1911 2091 1965 findere
2121 1926 2244 1965 cum
2283 1911 2395 1963 Ro-

815 1997 992 2049 manis
1036 1998 1147 2051 icto
1182 2014 1305 2051 cum
1337 2002 1454 2053 suis
1485 2001 1802 2070 quingentis
1835 2003 2104 2056 militibus
2133 2018 2283 2056 arma
2314 2003 2397 2057 eis

815 2088 1116 2143 inferebat.
1156 2090 1259 2145 Sed
1297 2108 1405 2145 non
1444 2094 1617 2147 multo
1649 2105 1773 2163 post
1800 2108 1993 2164 captus
2026 2112 2086 2148 υι
2115 2095 2181 2149 ad
2219 2112 2395 2167 pepu-

816 2178 961 2232 lares
990 2195 1120 2234 suos
1149 2182 1439 2245 inclinans,
1473 2186 1621 2254 quod
1659 2198 1930 2255 perpetuo
1958 2188 2391 2256 progrederetur

816 2282 871 2322 et
910 2272 1275 2341 principatum
1311 2276 1413 2328 sibi
1450 2292 1639 2344 parare
1672 2281 1961 2342 niteretur,
2003 2281 2056 2333 in
2090 2280 2396 2335 custodiam

818 2362 1003 2414 datur.
1040 2364 1245 2419 Deinde
1301 2368 1513 2423 solutus
1561 2377 1617 2421 et
1665 2369 1732 2422 ad
1804 2369 2193 2424 Strummizam
2236 2381 2398 2424 tut-n-

818 2454 942 2506 dm
996 2454 1196 2508 missus
1268 2458 1617 2524 imperatoris
1684 2475 1835 2529 spem
1889 2461 2132 2523 fefellit,
2219 2477 2397 2530 eoque

819 2546 1026 2612 oppido
1071 2546 1176 2600 sibi
1216 2550 1496 2603 vindicato
1532 2551 1796 2606 finitimos
1832 2552 2111 2606 Romanos
2156 2555 2396 2623 graviter

826 2638 1035 2690 afﬂixit.
1075 2638 1276 2693 Contra
1307 2656 1431 2693 eum
1474 2641 1644 2712 igitur
1673 2643 1956 2712 profectus
1988 2648 2309 2715 imperator,
2341 2658 2395 2700 et
2425 2614 2472 2673 Β

817 2728 969 2797 justo
999 2730 1245 2785 exercitu
1276 2730 1528 2801 Cypsella
1557 2745 1897 2797 convocato,
1935 2737 2094 2803 paulo
2132 2746 2255 2807 post
2300 2738 2397 2793 do-

825 2836 972 2872 mum
1028 2822 1211 2875 redire
1262 2826 1437 2893 cupit.
1492 2824 1569 2878 Ita
1634 2835 1688 2878 et
1754 2829 2027 2881 exercitus
2075 2830 2275 2884 frustra
2334 2846 2399 2885 eo

822 2916 1105 2976 i-nmenit,
1144 2924 1199 2969 et
1232 2917 1348 2985 ipse
1385 2917 1586 2972 frustra
1612 2935 1732 2974 eam
1768 2922 2173 2989 expeditionem
2210 2939 2398 2977 susce-

823 3006 925 3074 pit;
956 3020 1129 3075 cuque
1160 3018 1305 3062 statu
1338 3008 1655 3065 Occidentis
1682 3013 1872 3067 relicto
1894 3014 1986 3082 qui
2012 3015 2166 3083 prius
2198 3015 2397 3079 fuerat,

825 3110 893 3147 ne
931 3095 1070 3149 duos
1097 3099 1324 3166 quidem
1359 3115 1576 3156 menses
1604 3103 1739 3157 foris
1779 3114 2151 3159 commoratus
2196 3108 2402 3177 Byzan—

825 3185 962 3237 tium
1017 3188 1204 3249 rcdiit,
1250 3198 1305 3243 et
1354 3191 1407 3243 in
1444 3193 1648 3260 palatio
1704 3195 2055 3263 Aphamiano
2090 3198 2401 3254 diversatus

818 3276 955 3355 inde
986 3279 1037 3331 in
1069 3279 1439 3350 Philopatium
1485 3286 1731 3340 transiit.
1776 3288 2101 3357 lmperatrix
2134 3306 2264 3344 vero
2294 3289 2405 3344 Eu-

828 3371 1106 3442 phrosyne
1124 3389 1247 3427 cum
1276 3376 1458 3429 animo
1480 3392 1580 3431 suo
1601 3390 1864 3447 reputans
1890 3390 1947 3433 ut
1974 3382 2114 3449 apud
2142 3382 2400 3436 maritum

825 3462 1003 3517 delata
1052 3475 1242 3530 esset,
1282 3482 1521 3537 eumque
1573 3479 1847 3534 metuens,
1911 3472 2209 3526 miserabili
2245 3484 2401 3543 gestu

830 3571 1029 3610 manus
1056 3558 1122 3611 ad
1156 3574 1349 3613 omnes
1379 3562 1735 3623 extendebat,
1762 3564 2049 3617 obtestans
2079 3580 2177 3617 eos
2201 3566 2407 3633 quibus

828 3647 1032 3702 fidebat
1064 3652 1384 3719 imperator,
1424 3664 1486 3709 ut
1515 3656 1601 3709 sui
1632 3655 2005 3722 patrocinium
2055 3657 2405 3723 susciperent

827 3756 1094 3811 suamque
1126 3759 1345 3799 causam
1377 3762 1475 3816 pro
1503 3748 1649 3801 virili
1679 3746 2072 3802 defenderent:
2098 3748 2405 3815 periculum

833 3832 991 3903 645
1049 3837 1196 3889 enim
1237 3853 1358 3893 esse
1404 3856 1513 3893 non
1566 3842 1729 3893 modo
1782 3856 1850 3894 ne
1903 3854 1999 3908 per
2052 3839 2406 3909 ignominiam

2495 1355 2759 1425 ἐχόμενος
2786 1356 2974 1410 ἄπεισι
3000 1359 3141 1424 προς
3172 1360 3239 1409 τὰ
3264 1359 3545 1426 Κύψελλα,
3580 1362 3857 1429 σωτήριόν
3879 1379 3933 1414 τι
3957 1365 4083 1424 ταῖς

2494 1449 2763 1518 Θρακίαις
2809 1450 3037 1501 πόλεσιν
3095 1449 3494 1517 ἐργασόμενος,
3524 1452 3593 1513 ἃς
3642 1454 3690 1503 οἱ
3730 1453 3928 1523 Βλάχοι
3986 1456 4085 1506 καὶ⁵

2496 1540 2704 1591 Σκύθαι
2754 1540 2943 1602 κακῶς
2980 1541 3258 1603 ἐτίθεσαν,
3308 1542 3503 1594 ἔπειτα
3542 1543 3599 1594 δέ
3652 1544 3945 1595 συλλαὸεἶν
3989 1545 4085 1597 τὸν

2497 1629 2720 1700 Χρύσον
2745 1631 3089 1699 προθέμενος
3122 1631 3155 1699 ἢ
3182 1630 3316 1696 γοῦν
3346 1631 3621 1699 ἀνακόψαι
3644 1632 3755 1683 τῶν
3789 1632 4085 1700 ἐκδρομῶν

2494 1722 2560 1783 ἃς
2614 1723 2792 1774 ἐποίει
2828 1721 3106 1791 λαθραίως
3146 1724 3216 1775 τὰ
3269 1724 3399 1792 περὶ
3452 1724 3549 1785 τὰς
3616 1724 3829 1792 Σέρῥας
3874 1725 4083 1793 κείρων

2494 1815 2693 1883 χωρία.
2726 1810 2839 1866 Ἦν
2869 1814 2913 1867 δ’
2941 1818 2968 1867 6
3002 1815 3219 1883 Χρύσος
3255 1810 3410 1878 οὗτος
3439 1815 3646 1885 Βλάχος
3678 1818 3737 1868 το
3768 1816 3950 1883 γένος,
3982 1816 4086 1884 τὴν

2495 1907 2714 1976 ἡλικίαν
2746 1909 3182 1977 συνεσταλμένος
3220 1908 3358 1979 (47),
3408 1908 3483 1978 μὴ
3541 1912 3944 1977 συμφρονήσας
3980 1911 4085 1976 μέν

2497 1999 2898 2067 ἀφισταμένοις
2948 2001 3240 2068 Ῥωμαίων
3287 2002 3481 2070 Πέτρῳ
3515 2001 3721 2068 καὶτῷ
3766 1999 3956 2059 Ἀσὰν,
3998 2002 4085 2053 ὅτι

2502 2093 2577 2160 μὴ
2610 2092 2704 2143 καὶ
2747 2092 2951 2160 μᾶλλον
2984 2094 3106 2144 κατ’
3140 2093 3325 2145 αὐτῶν
3372 2094 3653 2161 ἀράμενος
3679 2090 3819 2144 ὅπλα
3856 2090 3977 2159 μεθ’
4010 2085 4086 2145 ὧν

2498 2180 2614 2253 εἶχε
2655 2185 3034 2236 πεντακοσίων
3081 2184 3388 2253 ὁμογενῶν.
3435 2184 3534 2235 καὶ
3572 2184 3865 2247 Ῥωμαίων
3912 2200 4085 2251 γεγο-

2498 2276 2608 2340 νὼς
2649 2278 2960 2338 ἔνσπονδος.
2993 2277 3067 2329 Οὐ
3107 2275 3293 2344 πολλῷ
3328 2276 3370 2325 δ’
3407 2273 3641 2343 ὕστερον
3676 2274 3840 2337 ἁλοὺς
3875 2274 3952 2337 ὡς
3994 2278 4089 2345 ῥέ-

2499 2386 2618 2420 πων
2640 2369 2776 2437 πρὸς
2800 2369 2860 2420 τὸ
2893 2368 3188 2438 ὁμόφυλον,
3213 2367 3291 2437 τῷ
3316 2368 3506 2437 πρόσω
3536 2366 3739 2436 βαίνων
3762 2367 3850 2419 διὰ
3882 2369 4089 2431 παντὸς

2498 2466 2594 2517 καὶ
2624 2463 2951 2515 δυναστείαν
2988 2462 3171 2530 ἐαυτῷ
3206 2463 3676 2531 μνηστευόμενος,
3730 2465 3944 2532 φρουρᾷ
3981 2481 4090 2516 πσ-

2506 2556 2807 2625 ραδίδοται.
2863 2552 3000 2608 Εἶτα
3033 2554 3251 2616 ἀνεθεὶς
3284 2555 3379 2607 καὶ
3412 2556 3631 2616 σταλεὶς
3662 2557 3757 2606 ἐπὶ
3791 2552 3868 2622 τῷ
3912 2572 4088 2622 φρου-

2502 2649 2669 2717 ρῆσαι
2702 2647 2802 2715 τὴν
2831 2647 3258 2717 Στρούμμιτςαν
3290 2647 3381 2698 τδν
3412 2648 3509 2715 μέν
3539 2648 3719 2699 ἐκεῖσε
3749 2648 4085 2714 πεπομφότα

2501 2742 2732 2811 βασιλέα
2768 2742 2878 2793 τῶν
2912 2741 3143 2792 ἐλπίδων
3180 2739 3476 2808 ἐψεύσατο,
3522 2738 3589 2807 τῇ
3629 2740 3686 2791 δὲ
3720 2740 3918 2807 γνώμη
3952 2758 4089 2807 χρη-

2503 2833 2741 2899 σάμενος
2795 2828 2864 2901 ἦν
2892 2834 3005 2892 τοῖς
3041 2832 3104 2882 ἐκ
3158 2831 3420 2897 γειτόνων
3477 2829 3773 2897 Ῥωμαίοις
3828 2833 4086 2891 κάκεῖνος

2501 2924 2672 2975 κακὸν
2716 2921 3100 2989 ἀδυσώπητον.
3149 2920 3295 2989 Πρὸς
3330 2920 3523 2972 τοῦτον
3554 2918 3735 2970 τοίνυν
3767 2919 4087 2989 ἐξορμήσας

2501 3012 2529 3063 6
2591 3012 2848 3080 βασιλεὺς
2898 3013 2994 3063 καὶ
3042 3009 3361 3077 στράτευμα
3411 3008 3595 3061 ἱκανὸν
3629 3012 3685 3070 ἐς
3724 3009 3791 3061 τὰ
3826 3008 4087 3077 Κύψελλα

2502 3102 2805 3173 ἠθροικὼς,
2840 3102 2981 3171 μετὰ
3011 3101 3186 3170 βραχὺ
3220 3101 3467 3162 ἀποστὰς
3500 3099 3600 3167 τῆς
3630 3100 3951 3169 προθέσεως
3986 3103 4086 3170 ἐρᾷ

2504 3198 2794 3259 ἐπανόδου,
2818 3195 2892 3256 ὡς
2926 3196 3107 3263 μάτην
3137 3193 3236 3261 μὲν
3268 3193 3387 3243 ἐκεῖ
3411 3207 3512 3242 που
3541 3190 3639 3258 τὴν
3674 3190 3939 3259 στρατιὰν
3971 3191 4086 3243 ἁλιο

2507 3289 2725 3357 σθῆναι,
2764 3286 2991 3347 εἰκαίως
3025 3285 3082 3336 δέ
3130 3284 3225 3336 καὶ
3278 3282 3443 3335 αὑτὸν
3473 3285 3573 3350 τὴν
3608 3283 3665 3343 ἐς
3709 3282 3776 3334 τὰ
3828 3284 4086 3341 mean:

2507 3382 2736 3450 πορείαν
2781 3377 3031 3430 ἑλέσθαι.
3096 3374 3310 3427 Οὐκοῦν
3358 3374 3425 3424 τὰ
3494 3373 3639 3425 κατὰ
3688 3373 3787 3441 τὴν
3842 3374 4089 3444 ἑσπέραν

2506 3470 2756 3537 ἀφεικὼς
2790 3468 3060 3538 φέρεσθαι
3085 3468 3161 3529 ὡς
3193 3466 3385 3535 πρώην
3422 3462 3572 3533 εἶχον
3611 3464 3707 3516 καὶ
3739 3464 4005 3533 ἔπασχον,
4034 3467 4091 3527 ἐς

2505 3565 2566 3616 τε)
2609 3561 2911 3624 Βυζάντιον
2948 3557 3283 3622 ἐπανέζευξε
3323 3556 3457 3626 μηδέ
3488 3555 3585 3609 δύο
3620 3558 3797 3623 μῆνας
3846 3554 4091 3625 ἀνασχό-

2513 3671 2677 3725 μενος
2707 3653 3077 3722 θυραυλῆσαι.
3120 3652 3227 3703 Καὶ
3270 3650 3298 3700 6
3335 3649 3434 3717 μὲν
3464 3651 3579 3708 τοῖς
3612 3648 3756 3699 κατὰ
3791 3646 3893 3713 τὴν
3921 3646 4093 3714 ’Λφά-

2513 3766 2671 3818 μειαν
2693 3746 2987 3816 βασιλείοις
3020 3743 3444 3809 ἐναυλισάμενος
3471 3740 3533 3793 τὸ
3553 3739 3879 3792 Φιλοπάτιον
3895 3741 4095 3792 ιπειτα

2510 3841 2873 3908 κατειλῄρεν
2928 3840 2961 3908 ἠ
3022 3837 3077 3889 δέ
3113 3853 3177 3904 γε
3233 3835 3448 3905 βασιλὶς
3480 3833 3567 3905 [Ρ.
3602 3833 3730 3907 515]
3762 3833 4090 3903 Εὑφροσύνη

830 3925 1037 3993 palatio
1058 3928 1374 3995 ejiceretur,
1400 3933 1494 3984 sed
1526 3933 1692 3984 etiam
1722 3948 1789 3985 ne
1824 3933 2193 3986 occideretur.
2216 3933 2408 4001 Itaque
2435 3946 2478 4003 (ι
2512 3951 2530 3985 c

2398 3952 2408 3987 ξ
2435 3946 2478 4003 C
2512 3930 2859 4000 συναθροῦσα
2892 3930 2970 3990 τῷ
3003 3928 3078 3997 νῷ
3119 3927 3213 3980 καὶ
3246 3926 3707 3993 συλλαμϐάνουσα
3744 3927 3846 3977 ὅσα
3894 3929 4098 3995 κατερ-

836 4016 1088 4087 plerique
1116 4022 1236 4089 ejus
1268 4022 1480 4075 miserti
1512 4025 1710 4092 partim
1739 4024 1972 4078 suadere
2003 4026 2323 4093 imperatori
2350 4035 2408 4079 ut

836 4110 1067 4163 crimina
1101 4114 1259 4166 uxori
1292 4115 1508 4185 objecta
1538 4117 1863 4185 negligeret,
1898 4126 1952 4170 et
1989 4117 2268 4172 delatores
2289 4118 2408 4187 ejus

831 4200 1114 4254 criminari
1153 4212 1209 4256 ut
1236 4220 1512 4269 morosos,
1537 4207 1830 4260 mendaces
1855 4216 1910 4259 et
1938 4207 2406 4273 Calumniatores;

830 4293 1030 4360 partim
1064 4310 1287 4350 monere
1322 4305 1380 4349 ut
1404 4298 1549 4366 quod
1586 4298 1925 4353 decrevisset
1957 4315 2175 4353 summo
2224 4300 2409 4354 studio

831 4398 1271 4454 exsequeretur,
1310 4405 1378 4443 ne
1428 4390 1779 4459 postmodum
1833 4393 1984 4461 argui
2044 4399 2229 4460 posset
2287 4408 2409 4446 eam

834 4482 1108 4549 recepisse
1146 4498 1309 4551 quam
1341 4484 1505 4537 hodie
1535 4500 1633 4552 pro
1666 4484 1916 4538 adultera
1948 4485 2323 4553 repudiasset,
2356 4492 2412 4539 et

833 4574 953 4641 ipse
984 4591 1144 4628 suum
1175 4576 1419 4631 dedecus
1448 4592 1546 4645 per
1577 4586 1751 4631 totum
1786 4577 1979 4632 orbem
2015 4587 2291 4632 terrarum
2324 4578 2411 4631 di-

832 4665 1121 4731 vulgaret,
1177 4666 1245 4720 iis
1298 4667 1671 4721 animantibus
1722 4668 1955 4730 similis,
2020 4684 2143 4736 qua:
2202 4684 2409 4721 cornua

836 4760 1140 4824 vibrarent,
1200 4758 1297 4814 sed
1368 4776 1478 4812 non
1544 4760 1773 4813 ferirent
1804 4775 1901 4813 eos
1970 4775 1999 4813 a
2057 4760 2259 4828 quibus
2330 4760 2412 4815 fe-

839 4854 1029 4906 mellas
1058 4868 1187 4905 suas
1226 4852 1353 4905 iniri
1400 4852 1671 4906 viderent.
1703 4852 1833 4906 Post
1876 4854 1992 4906 haec
2026 4852 2411 4907 Blacberniutn

835 4948 1102 5017 palatiutn
1163 4946 1443 5013 ingressus
1497 4961 1607 4998 non
1663 4946 1847 4998 statim
1899 4960 2054 4999 suam
2116 4945 2249 4998 iram
2313 4945 2415 4999 de-

834 5040 1087 5102 claravit,
1123 5038 1220 5093 sed
1270 5054 1497 5091 uxorem
1529 5053 1640 5091 sua:
1668 5054 1870 5091 mensa:
1912 5037 2185 5099 adhibuit,
2224 5052 2416 5105 quam-

836 5134 921 5187 vis
950 5142 1064 5185 tum
1090 5147 1311 5201 quoque
1334 5132 1805 5201 perturbationem
1836 5131 2004 5184 animi
2038 5130 2235 5183 tetrico
2261 5131 2413 5183 vultu

835 5233 892 5274 et
952 5235 1148 5274 averso
1196 5229 1421 5287 aspectu
1473 5235 1585 5288 pra:
1624 5235 1682 5273 se
1731 5218 1895 5282 tulit;
1933 5228 1989 5271 et
2029 5218 2106 5270 ira
2139 5228 2411 5280 aestuans,

2520 4025 2651 4095 ρέθη
2685 4024 2876 4090 αὐτῆς,
2916 4023 3009 4073 καὶ
3036 4020 3315 4072 δεδοικυῖα
3345 4018 3436 4070 τὸν
3460 4016 3815 4086 σύλλεκτρον,
3844 4017 3945 4078 τὰς
3976 4019 4096 4085 χεῖ-

2520 4132 2618 4184 ρας
2642 4114 2780 4184 πρὸς
2814 4114 3061 4173 ἅπαντας
3090 4110 3302 4177 ὤρεγεν
3326 4109 3543 4177 ἐλεεινῷ
3568 4110 3662 4160 καὶ
3690 4107 4097 4177 ἀπεσϐεσμένῳ

2517 4208 2748 4276 ὄμματι,
2780 4207 2874 4256 καὶ
2915 4202 3189 4272 ἠντιϐόλει
3215 4200 3343 4263 τοὺς
3398 4200 3549 4265 παρὰ
3587 4197 3801 4268 βασιλεῖ
3825 4198 4101 4265 πεποίθη-

2520 4314 2605 4349 σιν
2656 4296 2879 4363 ἒχοντας
2933 4289 3239 4361 προστῆναι
3298 4304 3358 4339 τε
3419 4285 3592 4355 αὐτῆς
3625 4285 3719 4336 καὶ
3765 4283 3833 4335 τὰ
3884 4283 4095 4335 δυνατὰ

2520 4384 3010 4455 ὑπερφθέγξασθαι
3052 4382 3115 4434 οὐ
3159 4380 3323 4449 μόνον
3374 4378 3587 4443 ἀτίμως
3635 4374 3943 4443 ἐξωσθῆναι
3986 4374 4097 4426 τῶν

2519 4479 2841 4549 ἀνακτόρων
2881 4473 3325 4541 κινδυνευούσης,
3356 4468 3492 4521 ἀλλὰ
3513 4468 3613 4519 καὶ
3640 4466 3734 4517 τὸν
3758 4467 3888 4534 περὶ
3914 4464 4097 4534 ψυχῆς

2520 4573 2622 4643 ήδη
2676 4567 3002 4642 τρεχούσης.
3042 4566 3332 4636 ᾯκτειρον
3390 4559 3486 4613 οὖν
3524 4558 3696 4629 αὐτὴν
3725 4558 3776 4609 oi
3820 4558 4093 4617 πλεῖστοι,

2521 4665 2616 4716 xui.
2646 4664 2697 4715 οἱ
2748 4662 2845 4730 μὲν
2885 4656 3305 4725 ἁπολιγωρῆσαι
3366 4652 3478 4705 τῶν
3510 4651 3656 4704 κατὰ
3700 4650 3801 4716 τῆς
3830 4648 4095 4715 γυναικὸς

2520 4752 2930 4822 εἰσηγηθέντων
2988 4750 3081 4801 τὸν
3120 4744 3349 4815 βασιλέα
3396 4744 3617 4810 ἐνῆγον,
3651 4739 4001 4793 ἐνδιέὁαλλόν
4039 4756 4095 4791 τε

2521 4849 2648 4905 τοὺς
2698 4843 3063 4901 κατειπόντας
3119 4838 3291 4906 αὐτῆς
3340 4835 3571 4905 ἄνδρας,
3610 4830 3954 4894 ἀκανθώδεις
4006 4830 4096 4883 τὸν

2521 4938 2725 5007 τρόπον
2752 4937 2847 4987 καὶ
2877 4931 3196 5003 συρραφέας
3233 4927 3468 4995 ψεύδους
3502 4927 3600 4977 καὶ
3647 4923 4095 4991 στρεσλοχείλους

2523 5028 2722 5087 αὐτοὺς
2756 5024 3121 5093 ὀνομάζοντες
3166 5019 3260 5072 καὶ
3291 5018 3598 5087 φιλαιτίους
3644 5015 3726 5066 ἔτι
3758 5014 3857 5066 καὶ
3889 5014 4097 5081 μεμψι-

2528 5123 2751 5193 μοίρους
2771 5134 2785 5149 ⁸
2815 5120 2864 5171 οἳ
2898 5118 2954 5169 δὲ
2984 5112 3283 5167 ὑπετίθουν
3312 5109 3453 5179 μετά
3484 5105 3806 5176 προμηθίας
3834 5104 4099 5170 πλείστης

2524 5214 2584 5265 τὸ
2610 5209 2981 5279 γενησόμενον
3022 5201 3452 5272 διαπράξασθαι,
3491 5199 3577 5249 ινα
3613 5197 3692 5264 μὴ
3878 5194 4098 5263 ἐκείνην

836 5326 1005 5381 quam
1029 5319 1211 5367 tamen
1232 5310 1470 5365 subinde
1503 5311 1859 5379 reprimebat,
1893 5325 2001 5363 non
2038 5309 2274 5377 amplius
2296 5310 2419 5379 ejus
2446 5296 2498 5356 Ι)
2524 5325 2536 5357 ι

2397 5296 2959 5370 εΒείσοικιζόμενος
3018 5298 3244 5364 ὓστερον
3309 5294 3374 5363 ἢν
3436 5291 3673 5345 ἀπέλυσε
3726 5288 3977 5358 σήμερον
4024 5288 4097 5348 ὡς

2125 5472 2265 5529 Ant.
2306 5464 2595 5527 Ballcrini
2640 5471 2827 5524 noun.

920 5622 1029 5688 (Π)
1070 5620 1186 5686 Τὴν
1216 5617 1901 5692 ἡλικίανσυνεσττΑΙιει-
1926 5625 2098 5692 negat
2130 5629 2254 5692 etim
2289 5627 2420 5692 cou-

840 5685 1105 5751 sensisse,
1136 5685 1282 5743 alter
1324 5690 1604 5764 afﬁrmat;
1647 5690 1740 5764 sed
1781 5688 1942 5764 sequi
1978 5687 2102 5740 illos
2132 5685 2416 5764 .no‘luissc,

845 5772 1060 5817 mutato
1114 5762 1362 5815 consilio.
1410 5760 1637 5813 Notabis
1684 5758 2043 5825 ἀκολουθῆσαι
2086 5756 2281 5815 αὐτοὺς
2319 5768 2424 5843 Pr”.

2528 5610 2737 5670 αὐτοῖς.
2775 5604 3109 5677 Huiusmodi
3135 5600 3514 5677 dvrttt‘tnboetg-
3542 5609 3594 5653 ct
3644 5596 3945 5652 insolentes
3973 5613 4101 5677 con-

2529 5672 2873 5733 structiones
2905 5692 3013 5727 non
3056 5674 3301 5737 librario,
3336 5674 3431 5728 sed
3479 5672 3677 5739 lingua'
3711 5677 3990 5736 corrupta
4025 5672 4100 5719 ιι-

2530 5750 2730 5801 dentur
2762 5744 3119 5801 ascrihcndte.
