4292 6396
175 369 284 433 865

1020 362 1117 421 DE
1160 358 1441 420 ALEXIO
1482 352 1769 415 lSAACII
1837 349 2117 410 ANGELI
2165 350 2283 408 Fli.
2320 351 2467 410 LIB.
2506 350 2588 410 li.

3336 347 3441 412 866

180 478 555 551 μοιχεύτριαν,
588 474 681 528 καὶ
712 472 811 541 τὴν
843 470 1004 534 αὐτὸς
1040 471 1209 525 αὑτοῦ
1256 468 1525 537 αἰσχύνην
1574 465 1762 517 διατι·
1792 466 1835 521 Α
1862 479 1875 515 ι

1741 489 1762 501 -
1792 460 2266 521 Αςοηειιειιιάὶηε
2316 460 2395 513 uti
2446 474 2549 513 nec
2607 471 2936 513 concinnare
2982 456 3242 513 instituit.
3294 459 3436 513 Tum

180 572 465 642 χνώμενος
505 570 712 620 ὲσεῖται
746 560 901 627 οὗτος
963 563 1317 632 παγκόσμιον
1376 557 1759 628 περιλάλημα,

118 654 133 683 ⁷⁷
183 663 468 724 κάκείνοις
498 662 607 712 τῶν
640 659 794 722 ζώων
845 656 1337 727 παραὸαλλόμενος
1366 655 1480 713 τοῖς
1531 647 1764 718 ικκρού-

182 770 304 806 ουσι
337 755 435 819 μὲν
468 753 562 803 ἐπὶ
595 750 704 801 τῶν
737 751 1033 819 κροτάφων
1058 747 1125 799 τὰ
1158 745 1496 813 άμυντήρια,
1525 739 1766 809 παροξυ-

184 845 435 910 νομένοις
468 842 523 894 δὲ
556 840 809 908 οὐδαμῶς
841 838 965 890 οὕτε
1012 838 1119 905 μὴν
1149 835 1212 887 τὸ
1262 834 1430 903 κέρας
1478 830 1761 893 ὁπλίζουσι

186 940 334 988 κατα
389 937 500 987 τῶν
550 932 1000 1003 ὲπιΘορνυμὲνων
1033 932 1092 981 ὲν
1140 929 1299 997 ὕψεσι
1352 928 1472 987 ταῖς
1523 924 1769 991 θηλείαις

188 1029 393 1081 αὐτῶν.
428 1028 582 1080 Μετὰ
612 1026 667 1077 δὲ
697 1024 859 1076 τοῦτο
888 1024 968 1081 είς
1001 1021 1070 1074 τά
1109 1020 1248 1072 κατᾶ
1294 1018 1607 1085 Βλαχέρνας
1638 1013 1771 1065 ἀνά-

190 1137 367 1190 κτορα
396 1118 583 1170 εἰσιὼν
615 1118 716 1167 οὑκ
742 1115 946 1175 εὐθέως
972 1113 1065 1165 τὸν
1100 1111 1261 1163 κότον
1283 1108 1601 1176 ἐξέρρηξεν,
1635 1103 1773 1157 άλλά

197 1211 457 1263 σύσπιτον
482 1208 739 1271 καθάπαξ
780 1203 1117 1274 παραλαϐὼν
1142 1203 1242 1270 τὴν
1280 1202 1641 1267 ὁμόλεκτρον,
1676 1200 1770 1249 καὶ

192 1305 320 1354 τότε
354 1304 452 1370 τὴν
502 1301 651 1353 ἔνδον
692 1301 938 1367 ταραχὴν
976 1296 1298 1363 ὑποφαίνων
1328 1291 1405 1359 τῷ
1463 1292 1564 1359 τῆς
1597 1291 1775 1359 ὅψεως

197 1392 513 1461 σκυθρωπῷ
541 1394 635 1443 καὶ
658 1390 737 1460 τῷ
765 1391 957 1443 ἄλλοσὲ
983 1403 1061 1449 πη
1096 1383 1449 1452 προσνεύοντι
1479 1383 1773 1452 βλέμματι,

195 1484 493 1552 καιόμενος
520 1500 579 1533 τε
610 1482 689 1551 τῷ
722 1483 856 1551 πυρὶ
883 1480 979 1533 τοῦ
1017 1476 1216 1545 Θυμοῦ,
1268 1474 1344 1545 μὴ
1378 1477 1560 1543 μέντοι
1586 1492 1645 1541 γε
1680 1491 1781 1526 κα-

193 1576 699 1642 ταπιμπράμενος,
746 1575 777 1642 ἢ
826 1571 957 1637 γοῦν
1009 1570 1230 1639 ἀφανῶς
1278 1567 1648 1635 ἐξαπτόμενος
1688 1566 1780 1617 καὶ

199 1664 505 1731 λενιηϐότως
535 1660 693 1725 αὖθις
734 1662 1239 1730 άποσϐεννύμενος,
1277 1664 1463 1715 οὐκέτι
1522 1658 1780 1727 ὁμιλῆσαι

198 1758 375 1827 ταύτῃ
409 1757 503 1807 καὶ
544 1755 940 1821 συνδειπνῆσαι
1001 1754 1322 1823 προσέθετο.
1366 1753 1431 1803 'il
1487 1750 1544 1802 δὲ
1601 1747 1782 1817 κρίσιν

1865 554 1955 608 illa
1982 552 2255 623 judicium
2282 552 2352 606 de
2396 566 2456 606 se
2504 550 2624 605 fieri
2666 550 2939 619 ﬂagitare,
2974 552 3195 621 quidvis
3224 552 3443 622 perpeti

1864 660 1973 698 non
2009 657 2289 706 recusare,
2317 641 2485 713 648
2511 641 2557 695 si
2589 641 2839 696 convicta
2862 651 3027 705 esset;
3051 642 3445 711 imperatorem

1868 752 2030 792 orare
2067 744 2127 789 ut
2176 750 2286 787 non
2319 735 2633 803 eloquentia
2659 745 2718 789 et
2749 734 3080 804 cognatione
3112 734 3447 799 delatorum,

1870 827 1965 880 sed
1994 827 2233 881 veritate
2264 834 2321 877 et
2347 826 2685 878 certitudine
2735 824 2815 877 rei
2861 834 3203 876 moveretur.
3236 824 3288 879 ls
3316 840 3450 879 vero

1871 916 1939 970 ad
1965 916 2171 968 nullam
2204 914 2517 983 hujusmodi
2544 928 2657 965 rem
2690 928 2747 967 se
2781 913 3036 973 demisit;
3073 914 3167 965 sed
3196 915 3457 981 quaestio-

1874 1008 2039 1060 nibus
2073 1006 2141 1059 de
2172 1004 2453 1058 nonnullis
2477 1004 2837 1057 cubiculariis
2862 1004 3197 1058 mulieribus
3224 1005 3452 1069 habitis,

1873 1096 2146 1151 eunuchis
2171 1095 2336 1148 etiam
2380 1094 2527 1148 illius
2576 1093 2870 1161 diligenter
2923 1094 3303 1164 interrogatis,
3340 1104 3461 1162 post

1875 1189 1993 1243 dies
2027 1190 2240 1257 aliquot
2291 1202 2414 1241 eam
2465 1187 2727 1239 omnibus
2773 1186 3116 1238 ornamentis
3146 1193 3202 1239 et
3254 1187 3461 1254 princi-

1878 1289 2041 1346 patus
2100 1277 2412 1345 insignibus
2491 1276 2763 1343 ademptis
2821 1275 3030 1345 palatio
3084 1276 3245 1329 educi
3281 1277 3459 1346 jubet.

1878 1368 2149 1421 Educitur
2207 1365 2296 1417 illa
2363 1379 2460 1432 per
2533 1365 2861 1418 descensum
2941 1365 3236 1434 quemdam
3300 1367 3464 1435 vulgo

1880 1462 2155 1530 ignotum,
2192 1459 2285 1511 vili
2341 1459 2575 1521 vestitu,
2629 1459 2781 1525 quali
2820 1468 3055 1515 utuntur
3103 1462 3464 1516 mercenaria:

1882 1546 2245 1607 mulierculae,
2278 1560 2401 1598 cum
2431 1547 2651 1599 duabus
2686 1545 2938 1600 barbaris
2966 1550 3180 1603 ancillis
3205 1591 3220 1613 ,
3253 1566 3465 1603 sermo-

1883 1639 1971 1691 nis
2005 1637 2177 1690 nostri
2205 1651 2313 1690 non
2342 1638 2477 1690 satis
2509 1638 2722 1705 peritis;
2755 1646 2811 1692 et
2841 1638 2893 1691 iu
2924 1641 3176 1709 cymbam
3206 1646 3462 1708 conjecta

1886 1730 1943 1783 in
1972 1729 2382 1786 Nematareum.
2411 1729 2681 1781 muliebre
2701 1731 3101 1783 monasterium
3133 1733 3279 1784 circa
3310 1729 3467 1785 Ponti

199 1848 296 1897 ὲπι
332 1849 443 1903 τοῖς
481 1848 865 1912 εἰσαγομένοις
892 1845 1013 1896 κατ’
1042 1845 1212 1911 αὐτῆς
1242 1842 1530 1907 ἐξαιτιῦσα
1571 1840 1781 1890 ἐνέχει-
1814 1826 1855 1879 Β
1885 1822 1894 1874 1

1773 1865 1781 1875 .
1814 1826 1855 1879 Β
1885 1820 2071 1875 fauces
2118 1822 2284 1875 situm
2314 1860 2328 1883 ,
2363 1820 2675 1875 abducitur.
2711 1819 2936 1873 Domina
2972 1822 3053 1875 sic
3082 1834 3285 1885 amota,
3319 1824 3468 1875 dela-

196 1954 282 1997 το,
311 1942 403 1987 καὶ
432 1939 611 1987 πάντα
636 1936 829 1989 παθεῖν
853 1936 1084 2004 ἑτοίμως
1110 1937 1293 2001 ἔλεγεν
1326 1936 1487 2004 ἔχειν,
1520 1932 1691 1983 ὁπόσα
1722 1931 1785 1982 ἂν

200 2030 232 2094 ἡ
270 2028 395 2078 κατ’
418 2029 586 2095 αὐτῆς
622 2028 966 2095 ἐξενεχθεῖσα
988 2028 1166 2095 ψῆφος
1191 2028 1549 2093 ἀποφανείται
1576 2038 1589 2050 ·
1620 2019 1787 2072 ἐδεῖτό

202 2137 262 2170 τε
303 2120 398 2171 τοῦ
440 2118 705 2187 βασιλέως
738 2121 815 2188 μὴ
847 2124 911 2188 τῇ
942 2120 1179 2188 κομψείξι
1210 2120 1304 2171 καὶ
1354 2117 1645 2183 συγγενείᾳ
1682 2113 1788 2165 τῶν

205 2212 729 2278 καταγορευσάντων
770 2212 937 2279 αὐτῆς
972 2212 1304 2277 προσώπων,
1362 2212 1426 2278 τῇ
1484 2209 1528 2258 δ’
1560 2206 1789 2276 ἀληθείᾳ

205 2303 302 2351 καὶ
334 2301 590 2370 άκριῦεία
620 2302 729 2351 τῶν
756 2305 1101 2370 πραγμάτων
1143 2300 1453 2369 προσσχεῖν.
1488 2298 1545 2349 Ὀ
1569 2297 1623 2347 δὲ
1656 2296 1789 2364 πρὸς

204 2392 363 2444 οὐδέν
392 2409 445 2443 τι
476 2391 715 2444 τοιοῦτον
754 2393 943 2444 ἑαυτὸν
970 2393 1303 2453 άπευούνας,
1334 2390 1468 2443 ἀλλά
1498 2406 1650 2451 τινας
1684 2388 1793 2439 τῶν

207 2483 653 2552 κατευναστριὼν
703 2484 981 2549 γυναικῶν
1030 2482 1285 2551 βασάνοις
1335 2483 1635 2549 ὑπαγαγὼν
1683 2482 1791 2532 κάκ

209 2576 327 2627 τῶν
358 2574 761 2644 Θαλαμηπόλων
812 2578 1082 2645 εὐνούχων
1120 2576 1575 2644 ἁκριόωσάμενος
1604 2571 1672 2624 τά
1701 2569 1793 2622 τοῦ

210 2670 561 2737 πράγματος,
597 2670 833 2737 ἁπάγειν
879 2669 1047 2740 αὐτὴν
1082 2669 1201 2738 μεθ’
1232 2672 1443 2737 ἡμέρας
1493 2666 1603 2717 τῶν
1637 2665 1795 2733 βασι-

212 2757 380 2813 λείων
414 2758 690 2819 ὲκέὶευσε,
738 2759 938 2821 παντὸς
994 2758 1367 2827 ἐστερημένην
1420 2755 1647 2824 ἀρχικοῦ
1682 2769 1799 2805 στο-

213 2847 483 2916 λίσματος
517 2852 611 2902 καὶ
644 2852 1033 2921 προϐλήματος
1065 2851 1342 2919 λαμπροῦ.
1396 2850 1681 2916 Ἐξάγεται
1705 2843 1800 2899 οὖν

212 2938 329 2991 τὼν
378 2941 696 3009 άνακτόρων
729 2942 819 2995 διά
869 2942 1094 2994 καθόδου
1147 2945 1259 3003 τοῖς
1317 2941 1529 3001 πολλοῖς
1576 2938 1796 3007 ἀδήλου,

214 3028 433 3089 εὐτελὲς
469 3033 826 3100 περικειμένη
872 3032 1118 3099 χιτώνιον
1142 3033 1325 3083 ὁποῖον
1371 3028 1480 3079 τῶν
1521 3028 1801 3093 γυναικῶν

216 3122 272 3172 αἱ
300 3122 635 3190 χερνήτιδες,
658 3126 753 3175 καὶ
771 3124 863 3175 δύο
888 3122 1229 3191 ἀμφιπόλους
1256 3121 1561 3190 βαρϐάρους
1580 3119 1796 3187 ἔχουσα,

216 3213 865 3283 παραγραμματιστρίας
894 3215 988 3265 καὶ
1016 3212 1217 3274 ταύτας
1250 3214 1343 3280 τῆς
1362 3210 1662 3279 Ἑλληνίδος
1691 3227 1802 3276 φω-

218 3302 345 3367 νῆς,
395 3306 487 3354 καὶ
528 3302 750 3375 δικώπῳ
807 3305 983 3358 ἁλιάδι
1035 3306 1445 3374 παραρῤιφεῖσα
1493 3304 1632 3355 κατά
1683 3318 1801 3353 τινα

218 3398 547 3461 γυναικείαν
587 3398 756 3466 μονὴν
784 3400 1057 3465 ἀπάγεται
1085 3400 1211 3466 περί
1245 3415 1345 3449 που
1381 3400 1441 3449 τι
1470 3396 1562 3449 τοῦ
1602 3396 1800 3447 Πόντον

222 3487 403 3553 στόμα
454 3487 828 3559 δεδομημένην
876 3491 1095 3559 καὶτῆς
1136 3490 1508 3559 Νηματαρέας
1543 3487 1803 3556 ὠνομασ-

222 3576 425 3644 μένην.
451 3576 592 3629 Ἀλλ’
619 3580 762 3632 οὕτω
788 3581 884 3648 τῆς
915 3580 1051 3631 δεσπ
1087 3581 1201 3649 ίνης
1232 3579 1477 3631 ἐκποδὼν
1503 3579 1807 3647 γενομένης

217 3669 270 3720 οί
334 3670 434 3734 μὲν
494 3673 884 3740 κατειρηκότες
938 3672 1107 3738 αὐτῆς
1146 3672 1205 3723 οὐ
1243 3672 1418 3740 πάντη
1485 3669 1809 3737 ἀνεπαχθῶς

220 3758 503 3826 ὑπέφερον
552 3761 613 3811 τὸ
647 3764 883 3829 συμὸάν,
937 3763 1233 3831 ἐπειδήπερ
1281 3766 1374 3813 καὶ
1417 3760 1509 3812 τοῦ
1542 3763 1680 3827 ἄγαν
1714 3761 1807 3812 ὲκ-

219 3848 463 3917 κροῦσαι
492 3852 591 3917 τὴν
617 3850 863 3919 βασιλίδα
901 3852 1235 3921 πειρώμενοι
1267 3854 1525 3904 κατεῖπον
1562 3852 1730 3919 αὐτῆς
1753 3854 1808 3913 ἐς

219 3939 316 3989 τὸν
343 3940 570 4004 ἄνακτα,
602 3942 663 3992 οὐ
698 3942 807 4011 μὴν
837 3942 1189 4010 ὲκσφαιρίσαι
1234 3942 1549 3994 παντάπασι
1584 3942 1679 4011 τῆς
1714 3945 1810 4010 ἀρ·-

258 4028 331 4096 ἦς
358 4029 725 4101 βουλόμενοιῆ
761 4032 891 4099 γοῦν
920 4034 982 4083 ὲκ
1014 4032 1281 4101 θεμελίων
1318 4034 1499 4084 αὐτῶν
1528 4036 1604 4096 εἰς
1628 4033 1809 4085 τέλεον

224 4123 582 4184 κατασείσαι,
622 4126 713 4174 καί
740 4126 830 4175 τὸν
854 4122 1077 4193 βασιλέα
1108 4127 1209 4175 οὐκ
1235 4124 1403 4193 ῷοντο
1428 4126 1563 4186 ὅλως
1587 4125 1809 4177 τοιαῦτα

223 4211 451 4277 δράσειν
487 4216 614 4265 ποτὶ
640 4216 759 4266 κατ’
796 4215 985 4284 αὐτῆς,
1025 4217 1104 4277 εἰς
1138 4215 1233 4285 τὴν
1277 4217 1464 4268 τούτου
1497 4216 1809 4285 ἀφορῶντες

226 4304 591 4373 μαλακότητα
625 4305 800 4357 καὶτὸ
822 4307 1088 4376 φέρεσθαι
1112 4306 1308 4375 αὔραις
1340 4304 1423 4377 [Ρ.
1457 4305 1586 4378 Sili]
1614 4309 1810 4377 μικροῦ

224 4397 321 4445 καὶ
351 4395 686 4463 ριπίζεσθαι.
724 4397 832 4449 Καὶ
858 4398 907 4449 οἱ
933 4398 1032 4466 μὶν
1060 4397 1144 4466 ἐφ’
1173 4393 1253 4460 οἷς
1292 4400 1353 4450 τὸ
1386 4399 1539 4465 γένος

1889 1928 2036 1967 tores
2096 1913 2217 1982 ejus
2272 1928 2458 1965 casum
2514 1912 2665 1964 illum
2694 1926 2805 1965 non
2856 1928 3085 1982 prorsus
3129 1914 3248 1969 sine
3278 1914 3471 1969 dolore

1892 2006 2160 2057 tulerunt.
2216 2002 2349 2056 Nam
2404 2017 2467 2055 ea
2523 2002 2590 2055 de
2626 2017 2793 2055 causa
2828 2002 2975 2055 illam
3026 2002 3366 2065 detulerant,
3410 2014 3473 2057 ut

1891 2096 2279 2149 auctoritatem
2313 2093 2434 2163 ejus
2472 2096 2886 2155 imminuerent,
2921 2110 3030 2147 non
3068 2104 3128 2148 ut
3156 2096 3333 2163 ipsam
3366 2098 3475 2149 im-

1892 2187 2047 2255 perio
2102 2186 2408 2252 dejicerent
2462 2194 2558 2238 aut
2615 2201 2645 2238 a
2704 2186 3075 2239 fundamentis
3132 2197 3475 2241 everterent.

1894 2279 2083 2347 Neque
2130 2292 2373 2347 unquam
2437 2277 2543 2331 hoc
2593 2278 2982 2346 imperatorem
3042 2278 3475 2334 commissurum

1896 2372 2288 2433 crediderant,
2326 2371 2485 2439 cujus
2545 2371 2833 2423 mollitiem
2882 2380 2941 2424 et
2992 2370 3241 2425 animum
3281 2372 3477 2441 quavis

1896 2477 2031 2514 aura
2076 2460 2284 2529 impelli
2337 2462 2561 2513 solitum
2596 2475 2706 2513 non
2748 2460 3087 2529 ignorarent.
3142 2461 3252 2516 Eos
3308 2462 3478 2531 igitur

1895 2552 2058 2624 647
2092 2552 2221 2607 facti
2254 2552 2596 2623 pmnitebat,
2653 2552 2757 2605 etsi
2802 2567 2912 2605 non
2963 2562 3173 2606 tantum
3212 2566 3479 2623 quantum

1898 2644 2263 2698 conveniebat
2295 2660 2311 2697 :
2344 2644 2437 2697 sed
2470 2642 2612 2712 vulgi
2644 2641 2894 2696 dicteriis
2925 2650 2983 2695 et
3004 2642 3269 2695 conviciis
3293 2643 3484 2697 admo-

1898 2737 2032 2790 dum
2067 2736 2485 2789 mordebantur.
2518 2734 2711 2788 Abluit
2738 2733 3099 2803 Euphrosyna
3133 2750 3227 2789 sex
3261 2748 3485 2788 menses

1900 2844 1932 2883 a
1964 2830 2189 2899 palatio;
2226 2843 2292 2882 ac
2323 2842 2550 2897 prorsus
2580 2826 2789 2896 abjecta
2819 2836 2875 2881 et
2915 2836 3185 2896 perpetuo
3233 2828 3487 2895 neglecta

1903 2930 2051 2976 esset
2076 2922 2181 2974 nisi
2211 2922 2245 2973 ii
2282 2921 2376 2988 qui
2402 2921 2758 2973 volnerarunt
2784 2934 2905 2972 eam
2936 2930 3222 2974 sanassent
3255 2923 3388 2989 (nou
3417 2934 3484 2973 eo

1902 3014 2124 3082 quidem
2161 3014 2344 3067 animo
2376 3028 2487 3081 quo
2509 3012 2811 3081 Telephum
2844 3013 3100 3076 Achilles,
3132 3014 3227 3067 sed
3264 3012 3491 3082 publico

1905 3106 2093 3175 populi
2125 3105 2255 3157 odio
2286 3105 2531 3174 impulsi,
2564 3106 2709 3171 quod
2758 3106 2909 3159 nulla
2954 3106 3284 3159 necessitate
3310 3107 3491 3159 coacti

1909 3213 2028 3251 eam
2076 3198 2372 3265 ignominia
2421 3195 2776 3259 alIecissent,
2820 3212 2848 3248 a
2897 3211 3007 3264 qua
3040 3196 3148 3265 ipsi
3174 3197 3492 3249 honoribus

1911 3288 2091 3342 ali‘ecti
2122 3291 2347 3355 essent)
2397 3295 2453 3341 et
2488 3303 2779 3354 panaceam
2809 3293 2874 3341 ad
2923 3290 3044 3358 ejus
3077 3290 3489 3342 restitutionem

1913 3382 2271 3436 invenissent.
2307 3380 2441 3435 Nam
2472 3397 2594 3434 cum
2644 3396 2836 3435 omnes
2889 3381 3241 3450 imperatoris
3271 3394 3493 3451 cognati

1915 3474 2351 3534 consensissent,
2386 3483 2441 3525 et
2469 3473 2883 3543 Mesoliotamita
2932 3472 3326 3529 Constantinus
3376 3492 3494 3527 om-

1913 3582 2060 3625 nem,
2089 3566 2234 3633 quod
2275 3565 2451 3628 aiunt,
2485 3567 2722 3635 lapidem
2757 3568 3037 3631 movisset,
3069 3569 3138 3622 ab
3163 3568 3496 3637 imperatore

1914 3669 2169 3710 revocata
2234 3660 2503 3726 majorem
2554 3660 2719 3711 etiam
2786 3662 3088 3727 potentiam
3124 3678 3286 3729 quam
3339 3663 3497 3729 prius

1914 3749 2175 3802 obtinuit.
2229 3748 2340 3802 Nec
2395 3759 2574 3802 tamen
2628 3750 2906 3805 delatores
2956 3753 3040 3805 vel
3096 3761 3281 3821 aperta
3326 3754 3371 3805 vi
3410 3754 3495 3807 vel

1917 3841 2133 3894 occulta
2165 3839 2359 3894 fraude
2380 3844 2490 3894 ulta
2516 3852 2621 3901 est,
2655 3842 2855 3912 insigni
2889 3844 3286 3896 moderatimtis
3312 3860 3497 3897 exem-

1918 3933 2029 4002 plo.
2066 3932 2324 3986 Maritum
2380 3946 2511 3985 vero
2558 3934 2886 4002 jampridem
2918 3949 2946 3988 a
2983 3949 3041 3988 se
3076 3934 3445 3987 abalienatum
3478 3973 3498 3993 .

1920 4035 2034 4078 tum
2076 4040 2209 4076 vero
2238 4026 2357 4092 ejus
2391 4026 2794 4077 consuetudine
2844 4041 3074 4093 prorsus
3106 4028 3497 4087 abstinentem,

1921 4119 2075 4171 miris
2093 4117 2305 4169 artibus
2324 4125 2379 4168 et
2404 4116 2688 4168 blanditiis
2721 4118 3124 4181 reconciliavit,
3156 4120 3297 4171 utin
3326 4118 3501 4185 ipsius

1923 4218 2193 4280 potestate
2225 4217 2391 4271 esset;
2425 4210 2723 4277 omniaque
2760 4211 2875 4262 fere
2904 4210 3124 4278 imperii
3156 4212 3373 4279 negotia
3398 4224 3501 4262 suo

1924 4304 2193 4357 arbitratu
2226 4302 2653 4355 administravit.
2691 4303 2869 4369 Atque
2903 4303 3018 4355 haec
3042 4305 3329 4357 hactenus.

1616 4400 1855 4469 ᾔσχυναν
1892 4399 2141 4468 ἧχθοντο,
2177 4397 2224 4446 εί
2292 4398 2385 4447 καὶ
2420 4394 2495 4462 μὴ
2546 4394 2601 4455 ὲς
2630 4394 2755 4445 ὅσον
2790 4396 2897 4447 ἔδει
2929 4397 3023 4447 καὶ
3050 4396 3373 4464 δυσφορεῖν·
3408 4397 3501 4446 καλ⁸

222 4487 275 4535 οί
305 4484 610 4553 ὀνειδισμοὶ
662 4487 719 4538 δὲ
757 4488 851 4540 τοῦ
884 4489 987 4541 λεὼ
1031 4492 1125 4540 καὶ
1172 4491 1229 4541 αῖ
1283 4492 1575 4559 κερτομίαι
1624 4494 1816 4545 τούτου
1852 4494 2251 4546 ἐπιπίπτουσαι
2324 4488 2668 4550 κατεπίεζον.
2710 4488 2810 4551 Ἐξ
2862 4489 2961 4556 μὲν
3028 4487 3120 4541 οὖν
3182 4489 3349 4557 μῆνες
3393 4487 3500 4550 ἐξί-

225 4594 416 4640 κοντο,
460 4581 556 4633 καὶ
606 4582 638 4649 ἡ
705 4580 915 4649 βασιλὶς
968 4584 1291 4653 [εὐφροσύνη
1342 4584 1452 4635 τῶν
1516 4585 1807 4653 βασιλείων
1846 4586 2215 4652 άποὸἐὸλητο.
2254 4582 2340 4644 Ἐς
2391 4580 2544 4642 τέλος
2591 4582 2637 4634 δ’
2708 4581 2775 4633 ἂν
2810 4583 3156 4651 παρεωρᾶτο,
3190 4588 3237 4631 ει
3286 4593 3360 4649 μη
3436 4598 3500 4648 γε

224 4673 276 4721 οῖ
308 4670 622 4739 τρώσαντες
655 4673 900 4736 ίάσαντο,
932 4678 1031 4745 οὐχ
1060 4677 1118 4727 ὃν
1148 4677 1349 4744 τρόπον
1410 4676 1688 4745 ’Ἀχιλλεὺς
1735 4679 2000 4747 Τήλεφον,
2068 4675 2204 4728 ἀλλὰ
2258 4675 2319 4725 τι
2394 4674 2529 4740 πρὸς
2602 4674 2797 4735 αὐτοὺς
2853 4674 3150 4739 πάγκοινον
3202 4677 3379 4741 μῖσος,
3420 4673 3502 4726 ὅτι

224 4766 330 4832 τὴν
362 4762 669 4825 δοξάσασαν
699 4768 898 4828 αὐτοὺς
922 4770 1073 4822 οὐδὲν
1108 4770 1227 4822 δέον
1256 4770 1411 4822 αὐτοὶ
1484 4770 1848 4835 ἁπεδόξασαν,
1892 4768 2123 4838 εὕραντο
2177 4768 2313 4835 πρὸς
2365 4765 2623 4817 ἐπάνοδον
2673 4766 2781 4817 οἵδε
2839 4766 3142 4817 πανάκειαν
3218 4766 3501 4832 ἄντικρυς,

230 4861 449 4921 Παντὸς
484 4862 593 4929 γὰρ
624 4860 717 4912 τοῦ
758 4862 820 4912 ὲκ
857 4864 1178 4929 συγγενείας
1244 4864 1320 4932 τῷ
1355 4863 1568 4933 βασιλεῖ
1644 4864 2117 4931 συνωμονοηκότος
2146 4901 2160 4921 ,
2244 4863 2335 4913 καὶ
2393 4860 2486 4911 τοῦ
2566 4860 3025 4927 Μεσοποταμίτου
3088 4859 3503 4912 Κωνσταντίνου

231 4955 421 5006 πάντα
454 4955 657 5017 κάλων,
691 4956 718 5006 ὅ
766 4972 922 5022 φασι,
996 4957 1349 5026 κεκινηκότος
1419 4960 1511 5009 καὶ
1582 4958 2040 5025 άνταρκέσαντος,
2108 4955 2534 5008 ἐπανακαλείται
2568 4950 2725 5015 αὖθις
2754 4954 2847 5007 καὶ
2880 4954 3380 5025 προσλαμὸάνεται,
3407 4970 3503 5007 και

228 5048 298 5123 ἦν
356 5050 514 5117 ἰσχὺν
570 5048 667 5119 τὴν
698 5051 972 5119 προτέραν
1028 5051 1411 5121 ὑπερϐαλοῦσα
1468 5056 1535 5121 τῇ
1568 5051 1815 5125 ὕστερον.
1860 5054 1985 5116 Τοῖς
2053 5052 2098 5103 o’
2132 5051 2418 5115 ἁντίιρροσι
2487 5048 2624 5117 πρὸς
2657 5049 2811 5101 οὐδὲν
2845 5049 3252 5119 ὲὸαρυμηνίασε
3296 5052 3501 5118 πςνοδή-

230 5145 342 5206 λως
382 5144 417 5209 ἢ
464 5142 865 5212 ἐδολορράφησε
918 5144 987 5195 τά
1014 5144 1377 5213 ἀντισταθμα,
1428 5142 1551 5199 οὔτε
1599 5147 1705 5215 μὴν
1744 5150 1809 5215 τῇ
1855 5148 2061 5215 κατοχῇ
2124 5142 2216 5196 τοῦ
2249 5140 2423 5209 Ουμοῦ
2487 5141 2562 5201 ὡς
2597 5140 2813 5209 Μήδεια
2850 5145 3173 5211 ἀνοίστρησε
3208 5142 3501 5212 βακχευτι-

232 5234 351 5295 κῶς
420 5232 542 5284 κατ’
610 5235 812 5297 αὐτῶν,
874 5233 1013 5287 ἀλλὰ
1067 5234 1449 5306 θηροκομοῦσα
1507 5236 1600 5286 τὸν
1650 5234 1883 5302 σύζυγον
1920 5238 2017 5288 καὶ
2069 5236 2236 5287 πάλαι
2293 5234 2392 5300 μὲν
2428 5232 2863 5301 ἀποστέργοντα,
2900 5236 3024 5287 τότε
3084 5236 3137 5287 δὲ
3173 5238 3267 5287 καὶ
3319 5239 3499 5289 τέλεον

231 5327 413 5395 αὐτῆς
441 5327 818 5394 ἀποσχόμενον
846 5329 940 5377 καὶ
971 5327 1105 5394 πρὸς
1127 5326 1291 5394 εὐνὴν
1318 5326 1497 5396 ἐκείνη
1540 5328 1805 5395 μηδαμῶς
1848 5328 2264 5397 συνερχόμενον,
2338 5324 2673 5394 σοφιστικῶς
2746 5324 3043 5398 ὑπήρχετο,
3087 5326 3409 5381 θωπεύουσα
3435 5348 3501 5387 τε

236 5424 339 5474 σὺν
372 5421 545 5490 τέχνῃ
592 5419 794 5488 εχρῆτο
845 5419 918 5481 ὡς
954 5420 1140 5490 ᾑρεῖτο
1174 5417 1249 5487 τῷ
1296 5418 1389 5469 τοῦ
1423 5420 1615 5490 ἀνδρὸς
1673 5420 1815 5491 ﬁdat,
1862 5422 2059 5489 μικροῦ
2130 5423 2308 5472 πᾶσαν
2381 5420 2782 5492 ἀναξωσαμένη
2836 5425 2934 5492 τῆς
2970 5422 3147 5492 ἀρχῆς
3172 5423 3271 5491 την
3296 5424 3504 5493 διοίκη-

236 5530 348 5567 σιν.
380 5511 495 5564 Καὶ
520 5510 640 5578 τῇδε
688 5511 787 5577 μὲν
820 5507 935 5579 εἶχε
972 5510 1167 5564 ταῦτα.

305 5604 373 5658 δ’.
419 5602 479 5655 Ὀ
521 5602 576 5653 δὲ
619 5602 1085 5671 Μεσοποταμίτης
1144 5603 1550 5665 Κωνσταντινος
1616 5601 1817 5669 (δοτέον
1853 5606 1895 5659 D
1995 5619 2000 5655 ι

1805 5621 1817 5651 ρ
1853 5606 1895 5659 D
1995 5599 2164 5673 648
2202 5600 2252 5653 ι.
2298 5599 2695 5654 Constantinus
2739 5610 2925 5655 autem
2976 5600 3500 5670 Mesopotamitanus

234 5699 348 5767 γάρ
406 5696 489 5747 ἔτι
534 5692 609 5763 τῷ
648 5692 792 5762 λόγῳ
822 5694 890 5745 τά
938 5693 1079 5745 κατὰ
1114 5692 1203 5744 τὸν
1249 5692 1372 5744 καθ’
1405 5694 1550 5761 ἡμᾶς
1584 5694 1817 5761 Πρωτέα
1927 5718 1929 5739 Α

1791 5710 1817 5744 α
1927 5695 2105 5764 (plura
2130 5694 2278 5745 enim
2312 5692 2379 5745 de
2412 5692 2711 5746 Vertumno
2744 5703 2920 5746 aetatis
2945 5703 3145 5748 nostra!
3176 5708 3231 5748 et
3264 5696 3486 5750 homine

235 5791 334 5844 καὶ
397 5785 891 5853 πολυτροπώτατον
930 5785 1045 5854 ἅμα
1086 5787 1179 5837 καὶ
1216 5784 1613 5837 ποικιλώτατον
1668 5785 1813 5837 τόνδε
1927 5807 1930 5829 ι

1802 5803 1813 5837 ε
1927 5784 2281 5837 callidissimo
2330 5798 2391 5835 ac
2424 5785 2803 5838 vcrsutissimo
2852 5783 3086 5839 dicenda
3136 5787 3304 5844 sunt)
3356 5788 3497 5841 elato
