4292 6396
854 341 955 403 867

2078 333 2376 394 NICETiﬁ
2418 333 2825 393 CllONIATd‘J

3985 335 4096 399 868

852 457 1149 528 supercilio
1174 457 1470 510 insolenter
1497 452 1789 508 incedebat
1811 452 1880 504 ob
1898 449 2134 504 dominae
2157 449 2416 514 reditum;
2451 457 2493 510 Α
2523 449 2547 501 ᾶ

2408 466 2416 514 ;
2451 457 2493 510 Α
2523 449 2830 518 ἄνθρωπον)
2859 447 3070 502 ἀνέστια
3119 450 3216 520 τὴν
3246 452 3420 520 ὀφρὺν
3460 451 3551 504 καὶ
3608 451 3880 520 βλακῶδες
3917 454 4103 507 ἔϐαινε

853 549 1030 619 caque
1062 550 1128 602 de
1161 563 1321 601 causa
1366 547 1562 614 opinor
1610 559 1720 598 non
1769 551 2062 597 contentus
2102 541 2246 609 quod
2275 541 2418 609 apud

857 644 1241 700 imperatori-n1
1273 649 1454 706 posset
1481 638 1681 697 omnia,
1718 634 1948 688 Caniclii
1981 632 2243 693 cilicium,
2268 634 2415 700 quod

854 732 1063 785 lsaacio
1101 732 1405 798 imperante
1435 728 1749 781 obtinuerat
1788 741 1851 779 ac
1893 739 2085 777 rursus
2141 722 2417 776 oll'ereba-

851 830 961 882 tur,
992 833 1052 874 ut
1081 837 1181 874 suo
1213 821 1427 888 fastigio
1484 818 1710 870 inferius
1745 816 1948 877 renuit,
1993 815 2085 866 sed
2122 829 2187 866 ex
2216 814 2418 866 lectore

848 910 1142 963 diaconum
1173 909 1349 962 creari
1384 923 1440 960 se
1470 907 1666 970 voluit,
1701 921 1810 957 non
1846 902 2130 955 ferendum
2183 910 2332 954 ratus
2364 902 2418 954 ni

849 1016 1034 1055 sacras
1062 1002 1225 1054 etiam
1249 1000 1543 1066 dignitates
1565 1002 1957 1050 contrectaret.
1984 992 2254 1047 Continuo
2273 992 2418 1060 quod

850 1093 1064 1146 libitum
1097 1101 1178 1143 est
1213 1091 1472 1156 impetrat
1503 1106 1515 1141 :
1554 1093 1622 1142 ab
1657 1089 1989 1154 imperatore
2041 1086 2094 1138 itt
2148 1085 2415 1154 inclytum

848 1183 1234 1237 Blachernium
1271 1181 1532 1248 templum
1587 1179 1845 1238 mittitur,
1890 1193 1918 1230 a
1971 1177 2282 1246 patriarcha
2307 1186 2418 1230 sta-

850 1273 947 1324 tim
1005 1287 1071 1324 οι
1126 1272 1329 1324 lectore
1388 1271 1651 1323 diaconus
1708 1277 1971 1333 creatur,
2035 1269 2327 1321 stationem
2363 1276 2419 1320 et

847 1362 1081 1430 gradum
1112 1361 1419 1430 principem
1451 1359 1832 1428 consequitur.
1869 1359 1984 1414 Hoc
2030 1361 2286 1414 confecto
2317 1376 2415 1413 ne-

846 1456 994 1525 gotio
1024 1493 1038 1517 ,
1093 1468 1149 1506 se
1206 1453 1530 1504 relicturuin
1570 1451 1831 1519 palatium
1865 1461 1921 1503 et
1955 1452 2271 1518 imperatori
2308 1467 2414 1504 non

846 1545 1080 1610 amplius
1128 1558 1353 1612 Operam
1402 1552 1728 1594 navatttrum
1781 1541 2019 1595 simulat.
2053 1541 2239 1610 Neque
2270 1545 2413 1596 enim

844 1635 1168 1701 permittere
1203 1648 1463 1693 canones,
1501 1631 1757 1684 eumdem
1791 1639 1847 1683 et
1883 1632 1994 1684 Deo
2045 1647 2200 1684 sacra
2239 1632 2416 1686 facere

842 1732 899 1774 et
933 1724 1187 1776 civilibus
1220 1724 1382 1775 rebus
1417 1722 1524 1774 ullo
1563 1721 1723 1774 modo
1749 1722 2030 1790 implicari.
2072 1722 2280 1776 Distare
2326 1725 2415 1776 illa

2522 537 2612 589 διὰ
2640 539 2737 608 τὴν
2776 539 2875 606 τῆς
2923 540 3211 610 δεσποίνης
3270 543 3549 595 ἐπάνοδον.
3594 544 3727 595 Καθ’
3785 545 3861 609 ὃν,
3922 543 4102 615 οἶμαι,

2522 628 2682 694 λόγον
2723 629 2844 696 μηδ’
2875 630 3128 698 ἐξαρκεῖν
3162 631 3313 700 αὐτῷ
3362 634 3418 694 ἐς
3449 633 3617 701 τιμὴν
3653 634 3715 684 τὸ
3748 637 3900 704 παρά
3938 635 4099 705 βασι-

2523 717 2606 768 λεῖ
2641 717 2902 770 δύνασθαι
2959 721 3025 770 τὰ
3072 721 3247 773 πάντα
3293 724 3561 789 οἰόμενος,
3616 725 3675 775 τὸ
3715 724 3813 792 μὲν
3863 728 3964 778 ἐπὶ
4005 727 4101 777 τοῦ

2523 808 2823 860 κανικλείου
2871 811 3142 876 ὀφφίκιον,
3178 813 3310 882 ὅπερ
3338 812 3608 866 Ἰσαακίου
3641 814 3785 882 εῗχεν
3831 818 4104 869 ἀνάσσον-

2520 913 2630 959 τος,
2685 897 3088 967 βραϐευόμενον
3118 901 3274 964 αὖθις
3305 903 3380 964 ὡς
3425 905 3498 973 μὴ
3547 903 3763 972 χωροῦν
3803 906 3972 958 αὑτοῦ
3998 911 4098 976 τῆς

2525 989 2705 1056 ἰσχύος
2753 991 2814 1040 τὸ
2871 990 3101 1058 μέγεθος
3159 993 3496 1062 ἀπηνῃνατο,
3551 997 3612 1045 ὲκ
3662 994 3707 1047 δ’
3748 996 4103 1063 ἀναγνώστου

2523 1078 2875 1149 κληρωθῆναι
2900 1085 2978 1144 είς
3012 1083 3259 1135 διάκονον
3285 1087 3597 1154 ῃρετίσατο,
3635 1088 3707 1154 μὴ
3750 1089 3844 1139 καὶ
3875 1089 3988 1138 τῶν
4027 1091 4102 1139 ls-

2526 1171 2632 1240 ρῶν
2694 1172 3069 1239 ἐπιθιγγάνειν
3109 1172 3313 1236 ἀξόνων
3359 1175 3419 1225 οὑ
3459 1176 3662 1244 κρίνων
3692 1176 3829 1238 ὁλως
3856 1177 4101 1247 ἀνάσχεο

2520 1262 2631 1316 τόν.
2666 1262 2775 1313 Καὶ
2802 1257 2870 1332 ἦν
2907 1263 2940 1332 ἡ
2991 1264 3249 1331 πρόθεσις
3282 1265 3441 1335 ἔργον
3484 1268 3669 1330 εὐθὺς,
3722 1269 3814 1319 καὶ
3845 1269 4102 1336 βασιλεὺς

2521 1352 2682 1404 αὐτὸν
2733 1355 2874 1406 κατὰ
2909 1354 3000 1405 τὸν
3047 1357 3104 1406 ὲν
3157 1356 3495 1426 Βλαχέρναις
3549 1361 3890 1427 περίπυστον
3919 1363 4101 1414 καθίει

2520 1441 2678 1507 νεὼν,
2711 1444 2802 1496 καὶ
2832 1445 2859 1495 ὁ
2902 1445 3248 1515 πατριάρχης
3285 1449 3401 1515 ἆμα
3429 1449 3478 1499 oi
3522 1454 3705 1520 παρῆν
3731 1452 4101 1522 προχειρῐζων

2517 1530 2708 1585 τοῦτον
2759 1533 2816 1598 ἐξ
2865 1534 3216 1600 ἀναγνώστου
3259 1537 3528 1598 διάκονον,
3562 1541 3658 1591 καὶ
3713 1542 3901 1604 στάσις
3950 1543 4100 1610 αὺτῷ

2520 1624 2611 1673 καὶ
2665 1624 2870 1691 βαθμὸς
2917 1626 3237 1689 ἀναϐάσεως
3293 1631 3714 1699 συγκεχώρηται
3764 1633 4096 1701 πρώτιστος.

2519 1713 2690 1765 Ἰόὖτο
2715 1715 2757 1764 δ’
2786 1717 3002 1782 ὴνυκὼς
3032 1718 3433 1787 σχηματίζεται
3456 1722 3549 1772 τὸν
3577 1722 3980 1776 ὑπονοστοῦντα
4009 1743 4040 1776 κ
4076 1727 4100 1776 ι

843 1815 987 1867 inter
1007 1830 1326 1881 sese,ncque
1343 1814 1598 1881 conjungi
1623 1814 2272 1880 posse,qnemadmodum
2295 1828 2414 1866 ser-
2449 1794 2490 1851 Β
2527 1821 2538 1870 l

2401 1842 2414 1852 .
2449 1794 2490 1851 Β
2527 1805 2723 1872 μηκέτι
2739 1809 2850 1868 τοῖς
2871 1808 3109 1877 ἀρχείοις
3132 1809 3599 1881 παραϐαλοῦνταῆ
3623 1815 4096 1882 ὑποδρηστεπντα

839 1921 954 1958 vrre
981 1906 1092 1959 Deo
1114 1917 1168 1958 et
1189 1907 1391 1959 servire
1425 1919 1743 1958 tnauunonte
1764 1919 1829 1958 ex
1857 1905 2122 1958 diametro
2147 1913 2407 1974 pugnent.

845 1995 1148 2062 Imperator
1180 2012 1307 2048 vero
1335 2011 1458 2048 eum
1491 2005 1549 2048 ut
1586 1996 1788 2048 hedera
1844 1997 2006 2047 vitem
2070 1996 2407 2062 complexus,

840 2089 1024 2140 atatim
1049 2089 1412 2156 patriarcham
1438 2086 1774 2154 Xiphilinutn
1791 2085 1957 2155 649
1972 2087 2254 2154 privilegio
2280 2102 2412 2139 con—

842 2178 1034 2229 cedere
1060 2178 1221 2246 cogii,
1250 2176 1809 2245 utMesopotamitano
1830 2177 1988 2228 simul
2012 2184 2066 2229 et
2091 2177 2197 2230 Deo
2228 2188 2282 2228 et
2307 2176 2408 2228 im-

841 2269 1100 2337 peratori.
1125 2279 1178 2320 et
1205 2270 1405 2334 templo
1434 2276 1487 2320 et
1519 2268 1736 2336 palatio,
1758 2268 1872 2320 sine
1902 2267 2093 2320 fraude
2116 2283 2406 2331 canonum,

839 2361 930 2425 qui
953 2361 1451 2427 acerbaspmnasin
1476 2359 1608 2412 istos
1635 2359 2004 2412 ambidcxtros
2035 2369 2302 2424 statuunt,
2329 2362 2411 2411 in-

840 2453 1045 2502 servire
1074 2453 1249 2503 liceat.
1285 2451 1396 2504 Hoc
1423 2466 1642 2519 quoque
1674 2461 1916 2520 peracto,
1942 2467 2046 2504 non
2084 2454 2257 2505 multo
2286 2462 2409 2518 post

840 2538 1238 2593 Thessalonica:
1271 2541 1508 2606 pontifex
1550 2542 1886 2610 designatur.
1925 2541 2150 2595 Tantam
2181 2543 2407 2611 gloriam

838 2633 1068 2700 adeptus
1083 2633 1243 2684 homo
1262 2634 1487 2684 fortasse
1501 2648 1606 2684 non
1623 2633 2278 2696 contemnendusl‘uisset,
2308 2649 2409 2688 nec

838 2739 904 2776 ea
932 2724 1071 2776 mala
1104 2726 1157 2777 in
1189 2740 1308 2792 qua:
1343 2733 1460 2791 post
1487 2724 1673 2776 incidit
1703 2726 1816 2792 ipse
1847 2725 2032 2778 sibiex
2053 2735 2408 2792 parteaccer-

839 2815 1020 2870 sisset.
1055 2815 1098 2867 si
1130 2817 1287 2881 plane.
1308 2816 1509 2882 palatio
1536 2819 1863 2868 excessisset
1886 2827 1942 2868 et
1974 2817 2262 2884 cupiditati
2296 2834 2409 2871 sua:

841 2905 1058 2956 tandem
1096 2908 1314 2957 modum
1342 2907 1581 2972 alnuem
1614 2907 1916 2969 statuisset,
1950 2917 2045 2959 aut
2076 2908 2143 2961 de
2173 2909 2406 2961 curiosi-

840 3005 949 3047 tate
975 2997 1171 3063 ingenii
1198 3006 1254 3049 et
1281 3012 1462 3048 rerum
1486 3001 1844 3064 gerendarum
1872 2998 2172 3064 cupiditate
2198 2999 2406 3067 aliquid

839 3085 1318 3139 remisissetﬁunc
1335 3089 1629 3138 nmltorum
1655 3095 1709 3138 et
1730 3087 2088 3138 maximorum
2112 3092 2404 3152 honorum,

836 3190 1140 3244 eorumque
1177 3179 1318 3229 inter
1347 3193 1462 3229 sese
1487 3177 1860 3240 dissimilium,
1894 3178 2083 3230 insana
2112 3189 2167 3231 et
2195 3179 2407 3233 infinita

837 3264 1188 3319 aﬂ‘ectatione
1218 3269 1383 3320 etiam
1412 3269 1703 3321 humiliore
1735 3279 1879 3321 statu
1912 3277 1996 3321 est
2025 3283 2316 3334 excussus,
2348 3281 2409 3325 ut

838 3355 1021 3407 divina
1060 3358 1110 3407 in
1139 3372 1205 3408 eo
1233 3358 1574 3423 providentia
1599 3357 2016 3409 etcelsitudinis
2039 3358 2408 3414 immoderataa

837 3449 893 3495 ct
923 3443 1249 3497 humilitatis
1284 3445 1563 3498 immensa:
1592 3448 1898 3514 exeniplum
1932 3458 2219 3509 Statueret,
2257 3459 2312 3501 et
2340 3449 2407 3502 ad

835 3536 1005 3586 cmlos
1041 3552 1211 3603 usque
1241 3538 1442 3590 elatum
1479 3539 1677 3606 insigni
1712 3554 1894 3591 rerum
1931 3541 2313 3594 vicissitudine
2336 3541 2404 3594 ad

838 3625 1051 3679 inferos
1085 3628 1442 3695 deprimeret.
1471 3629 1603 3682 Nam
1667 3645 1791 3683 cum
1827 3631 1988 3682 vitam
2023 3632 2124 3683 sibi
2157 3638 2405 3685 acerbam

835 3732 959 3772 esse
991 3717 1237 3779 duceret,
1275 3719 1378 3772 nisi
1429 3720 1557 3772 hera
1593 3722 1878 3788 templum,
1916 3720 2107 3772 dextra
2142 3721 2403 3788 palatium

841 3816 1076 3871 teneret,
1106 3819 1161 3860 et
1204 3819 1461 3878 utrasiue
1489 3810 1785 3877 dignitates
1818 3820 1876 3863 ut
1925 3811 2063 3878 lapis
2129 3814 2406 3879 angularia

843 3901 970 3953 bina
1008 3901 1225 3954 aedilicii
1274 3902 1443 3954 latera
1475 3905 1958 3970 complecteretur,
1993 3920 2021 3954 a
2054 3905 2286 3971 pristino
2317 3907 2404 3957 iti-

833 3993 1026 4047 stituto
1057 4009 1164 4045 non
1198 3995 1509 4047 recedebat.
1548 3994 1610 4046 Et
1646 4009 1714 4046 ne
1745 3996 1878 4062 quid
1910 3997 2032 4049 sine
2080 4010 2177 4047 sua
2215 4004 2405 4048 aucto-

833 4087 993 4138 ritate
1022 4087 1185 4156 650
1211 4097 1494 4155 gereretur
1519 4126 1533 4150 ,
1570 4097 1765 4141 Iratres
1787 4103 1916 4141 suos
1941 4097 2194 4156 tanquam
2223 4089 2404 4143 claros

832 4189 891 4232 et
938 4194 1122 4232 reetcs
1185 4181 1503 4243 inserebat,
1553 4194 1617 4232 ac
1666 4181 1846 4248 potius
1894 4181 2043 4233 velut
2089 4181 2310 4234 inaures
2335 4181 2404 4234 de

835 4279 1069 4337 utraque
1123 4271 1469 4337 imperatoris
1518 4271 1763 4324 auricula
1821 4270 2230 4337 suspendebat,
2263 4279 2322 4324 ut
2358 4273 2402 4324 si

833 4362 1052 4429 quando
1084 4362 1474 4415 ecclesiasticis
1508 4361 1873 4414 conventibus
1906 4363 2197 4414 interesset
2226 4401 2241 4419 ,
2276 4362 2402 4414 nul—

833 4452 943 4504 lum
973 4453 1177 4505 dictum
1200 4462 1293 4504 aut
1323 4453 1524 4506 factum
1549 4455 1845 4520 ignoraret,
1871 4468 1972 4505 nec
1997 4455 2286 4521 quisquam
2323 4455 2402 4507 lo-
2427 4473 2480 4532 D

833 4560 953 4598 cum
987 4560 1144 4598 suum
1173 4561 1229 4599 se
1256 4547 1602 4613 imprudente
1625 4557 1937 4613 occuparet.
1959 4544 2399 4600 Thessalonicam

831 4651 965 4690 vero
1007 4638 1316 4706 profectus,
1360 4647 1414 4688 et
1460 4639 1544 4688 vix
1600 4638 1866 4704 tantisper
1899 4636 1974 4689 ibi
2031 4649 2401 4691 commoratus

832 4727 962 4779 dum
990 4728 1042 4779 in
1075 4728 1213 4780 solio
1246 4729 1630 4791 collocaretur,
1664 4741 1876 4780 summa
1903 4743 2026 4780 cum
2050 4728 2402 4782 festinatione

832 4817 1150 4888 Byzantium
1183 4818 1366 4870 rediit.
1395 4822 1467 4870 Ac
1495 4834 1556 4871 ea
1597 4820 1710 4886 ipsa
1738 4818 1805 4871 de
1850 4832 2013 4870 causa
2060 4828 2403 4886 contemptor

833 4909 1078 4958 omnium
1105 4908 1296 4968 evasit,
1321 4907 1464 4975 quod
1487 4922 1595 4958 uno
1616 4907 1786 4975 digito
1813 4907 2403 4975 regebatomnia,praa-

839 4996 1029 5051 sertim
1056 5012 1179 5051 cum
1204 4997 1530 5065 imperatore
1560 5013 1750 5049 rursus
1771 5009 1960 5050 contra
1986 4995 2252 5066 Chrysum
2276 5014 2401 5064 pro-

833 5087 998 5150 fecto,
1029 5102 1129 5140 suo
1152 5087 1382 5138 consilio
1402 5086 1670 5139 industria
1688 5099 1742 5138 et
1766 5102 1930 5154 opera
1956 5088 2212 5138 omnibus
2237 5088 2402 5140 rebus

836 5183 1029 5247 contra
1062 5175 1380 5229 seditiosum
1406 5191 1567 5243 quam
1597 5166 1800 5244 optime
1829 5176 2248 5240 administratis,
2285 5193 2403 5229 ma-

831 5281 992 5332 gnam
1018 5265 1220 5333 ingenii
1245 5266 1462 5319 laudem
1483 5275 1632 5319 esset
1655 5277 2002 5319 consecutus.
2023 5267 2178 5321 Unde
2208 5283 2402 5335 quem-

835 5355 1131 5407 admodum
1176 5352 1538 5422 Hippocrates
1588 5355 1849 5423 optimam
1898 5357 2145 5423 corporis
2185 5357 2402 5409 habitu-

833 5444 1039 5506 dinem,
1071 5446 1216 5514 quod
1257 5446 1352 5499 diu
1398 5447 1452 5498 in
1496 5446 1688 5500 eodem
1728 5455 1874 5500 statu
1942 5462 2266 5516 permanere
2294 5464 2402 5501 non

829 5536 1045 5604 possit,
1108 5537 1472 5605 periculosam
1533 5553 1653 5591 esse
1739 5538 2007 5599 amrmeit,
2088 5539 2160 5592 ita
2238 5541 2403 5593 etiam

835 5624 1329 5694 Mesopotamitano
1359 5626 1581 5689 accidit,
1617 5625 1709 5695 qui
1747 5626 1876 5678 dum
1904 5641 2123 5694 seraper
2155 5642 2403 5684 crescere

833 5717 1036 5783 studet,
1067 5718 1197 5771 dum
1222 5719 1695 5789 nullumgloriolte
1721 5719 1948 5772 modum
1982 5721 2192 5788 statuit,
2233 5722 2404 5777 instar

2523 1892 2730 1960 βασιλεί
2759 1895 2914 1957 ὅλως·
2948 1898 3072 1959 τοὺς
3095 1903 3200 1966 γάρ
3224 1900 3452 1962 κανόνας
3467 1901 3542 1970 μὴ
3561 1904 3816 1956 ἐνδιδόναι
3834 1906 3885 1956 oi
3913 1908 4098 1958 ὀπωσο

2518 1985 2664 2036 τιοῦν
2689 1988 2781 2037 καὶ
2815 1988 2932 2056 Θεῷ
2955 1990 3199 2052 ίερᾶσυαι
3215 1998 3305 2042 καὶ
3331 1998 3618 2062 κοσμικαῖς
3653 1998 4097 2064 προσπλέκετθπι

2519 2079 2923 2146 πραγματείαις
2946 2097 2958 2109 ·
2992 2083 3374 2136 ἀποδιεστάναι
3401 2087 3508 2157 γὰρ
3524 2090 3691 2154 ἄμφω
3708 2092 3798 2140 καὶ
3825 2089 4097 2159 μηδαμῶς

2520 2169 2960 2235 συναλείφεσθαι,
3003 2172 3193 2242 ὥσπερ
3222 2179 3315 2227 καὶ
3364 2179 3424 2228 τὸ
3457 2179 3729 2231 δουλεύειν
3760 2179 3880 2249 Θεῷ
3914 2198 3972 2232 τε
4002 2186 4094 2232 καὶ

2521 2263 2772 2341 μαμωνᾴ
2799 2264 2939 2315 κατά
2966 2265 3257 2336 διάμετρόν
3291 2272 3428 2322 εἰσιν
3464 2273 3832 2340 ἀντικείμενα.
3872 2275 3929 2326 ’0
3961 2275 4093 2341 γοῦν

2520 2350 2772 2418 βασιλεὺς
2800 2355 2901 2406 ὅσα
2923 2359 3015 2406 καὶ
3034 2359 3213 2419 κιττὸς
3243 2360 3562 2428 ὲξεχόμενος
3580 2365 3770 2415 τούτου
3791 2366 3884 2415 καὶ
3900 2382 3968 2416 πε
3980 2383 4091 2433 ριε-

2519 2444 2753 2510 χόμενος
2804 2447 2970 2513 τόμον
3000 2447 3161 2509 εὐθὺς
3193 2450 3449 2503 ἐκθέσθαι
3479 2453 3570 2504 τὸν
3611 2458 3960 2526 πατριάρχην
4004 2459 4092 2509 5.:-

2517 2535 2720 2602 ιειλίνον
2758 2537 3092 2604 ἠνάγκασεν,
3123 2535 3380 2594 ἐνδιδόναι
3411 2542 3491 2612 τῷ
3513 2545 3944 2617 Μεσοποταμίτῃ
3970 2549 4089 2617 Θεῴ

2522 2633 2615 2676 καὶ
2662 2625 2874 2693 βασιλεῖ
2916 2629 3018 2697 νεῷ
3057 2646 3116 2681 τε
3167 2636 3262 2683 καὶ
3294 2634 3540 2701 ἀρχείοις
3570 2635 4084 2702 συνδιαπλὺιεσθαι,

2519 2716 2687 2783 μηδὲν
2717 2718 3057 2788 ὑφορωμένῳ
3088 2721 3285 2790 βλάϐος
3313 2740 3375 2776 εκ
3426 2728 3541 2778 τῶν
3565 2731 3808 2781 κανόνων
3835 2731 3923 2800 μ’.
3957 2734 4083 2802 51η

2516 2807 2566 2859 οἳ
2603 2810 2715 2870 τοῖς
2769 2810 3056 2878 ἀμφιϐίοις
3111 2815 3323 2877 τούτοις
3357 2817 3748 2887 δριμύσσονται
3798 2823 4088 2878 δυσκολαίο

2517 2913 2719 2958 ιοντες.
2749 2899 3044 2953 Τετέλεστο
3074 2905 3202 2969 γοῦν
3231 2909 3324 2957 καὶ
3347 2909 3527 2971 τοῦτο,
3567 2913 3754 2981 μικρῷ
3779 2914 3822 2964 δ’
3857 2914 4085 2985 ὕστερον

2517 2989 2612 3040 καὶ
2652 2991 2749 3059 τῆς
2784 2992 3176 3064 λαμπροτάτης
3206 2997 3414 3060 πόλεως
3454 3002 3856 3073 θεσσαλονίκης
3897 3007 4088 3075 ἀρχιε-

2519 3083 2643 3147 ρεὺς
2677 3084 3109 3151 προχλρίςεται.
3142 3082 3248 3138 Ἦν
3294 3089 3360 3140 ἂν
3384 3085 3476 3140 οὖν
3506 3092 3574 3144 τά
3609 3092 3709 3159 τῆς
3742 3094 3904 3161 δόξης
3961 3097 4088 3147 ταύ-

2512 3185 2609 3235 της
2637 3169 3009 3240 κληρούμενος
3043 3177 3143 3227 οὐκ
3181 3177 3488 3248 ἀπόϐλητος
3540 3181 3669 3243 ἴσως
3717 3186 3744 3234 ὁ
3771 3185 3889 3252 ἀνθ,
3912 3201 4083 3252 ωπος,

2512 3259 2620 3311 οὐδ’
2677 3256 2751 3313 ὧν
2807 3267 2862 3325 ἐς
2917 3264 3141 3335 ὕστερον
3192 3271 3428 3323 πέπονθε
3481 3273 3672 3324 δεινῶν
3705 3276 3868 3337 αὐτὸς
3901 3279 4084 3348 ἑαυτῷ

2513 3352 2823 3417 παραίτιος,
2856 3357 2904 3405 εί
2930 3355 3034 3406 τῶν
3073 3358 3357 3424 βασιλείων
3393 3362 3606 3431 ἀπέστη
3638 3366 3932 3435 λαμπρῶς,
3957 3371 4084 3438 ὅρον

2509 3440 2607 3508 ὀψέ
2631 3460 2758 3494 ποτε
2799 3448 2862 3513 τῇ
2898 3449 3085 3514 ἐφέσει
3129 3450 3235 3501 τῶν
3266 3455 3566 3521 χρημάτων
3628 3455 3854 3524 θέμενος
3891 3459 3924 3527 ἢ
3983 3461 4082 3527 τῆς

2510 3533 2953 3603 φιλοπράγμονος
2979 3538 3203 3608 γνώμης
3244 3543 3418 3611 βραχύ
3444 3561 3494 3595 τι
3541 3546 3930 3610 καθυπενδούς.
3965 3550 4081 3601 Νῦν

2507 3622 2565 3674 δὲ
2629 3625 2744 3675 ἀλλ’
2790 3629 2821 3694 ὴ
2878 3627 2987 3677 τῶν
3027 3630 3236 3682 πολλῶν
3283 3633 3375 3683 καὶ
3414 3637 3687 3702 μεγίστων
3743 3638 3944 3707 τιμῶν,
3987 3643 4084 3691 καὶ

2508 3714 2717 3765 τούτων
2753 3718 3043 3786 ἀνομοίων,
3073 3719 3354 3790 λυσσώδης
3397 3727 3492 3777 καὶ
3521 3727 3824 3796 ἀπέραντος
3860 3729 4082 3798 λίχνευ-

2511 3821 2594 3865 σις
2625 3807 2719 3858 καὶ
2769 3807 2879 3859 τῶν
2932 3808 3371 3882 χθαμαλωτέρων
3411 3817 3578 3869 αὑτὸν
3625 3819 3946 3887 ἐξέκρουσε,
3990 3823 4086 3873 καὶ

2508 3895 2824 3966 προῠθηκεν
2867 3901 2946 3961 εἰς
3003 3903 3356 3974 παράδειγμα
3388 3909 3479 3959 τὸν
3515 3911 3680 3961 αὐτὸν
3719 3910 3885 3980 ὕψους
3915 3914 4086 3981 ὑπερ-

2508 3988 2673 4052 φυοῦς
2705 3993 2800 4040 καὶ
2830 3994 3220 4062 ταπεινότητος
3269 3997 3513 4064 ἀμέτρου
3545 4002 3578 4069 η
3626 4004 3740 4063 τοῖς
3792 4006 4084 4071 ἀνθρωπί-

2506 4097 2617 4141 νοις
2650 4083 2940 4150 πράγμασι
2965 4085 3306 4154 βραϐεύουσα
3343 4093 3595 4158 πρόνοια,
3626 4100 3720 4145 καί
3739 4096 3950 4158 ἀναϐάς
3974 4099 4082 4160 ἕως

2506 4170 2611 4222 τῶν
2641 4172 2892 4239 οὐρανῶν·
2919 4175 3297 4243 καταϐέϐηκεν
3325 4178 3424 4238 ἕως
3462 4181 3569 4231 τῶν
3604 4183 3860 4234 ἀϐύσσων
3887 4189 3953 4254 τῇ
3981 4203 4084 4237 πα·

2507 4259 2768 4329 λιμπνοίᾳ
2797 4263 2908 4314 τῶν
2935 4268 3207 4335 πράξεων.
3257 4272 3370 4322 υὺκ
3402 4275 3677 4344 ἀνασχετά
3709 4279 3817 4343 γὰρ
3878 4282 4081 4348 κρίνων

2507 4353 2554 4403 εί
2589 4352 2663 4421 μὴ
2702 4358 2766 4422 τῇ
2792 4353 2917 4425 λαιᾷ
2953 4358 3051 4423 μὲν
3076 4360 3182 4410 τῶν
3218 4363 3378 4429 ίερών
3415 4365 3594 4431 ἔχοιτο
3619 4370 3983 4437 πραγμάτων,
4014 4374 4078 4440 τῇ

2506 4440 2656 4508 δεξιᾷ
2677 4442 2732 4492 δὲ
2768 4441 2873 4495 τῶν
2911 4448 3052 4496 κατά
3092 4447 3161 4498 τὰ
3191 4448 3469 4519 ἀνάκτορα
3527 4452 3765 4519 λάζοιτο,
3814 4461 4079 4526 συμμάρ-

2508 4547 2656 4583 πτων
2684 4532 2781 4593 τὰς
2813 4535 2984 4602 ἀρχάς
3019 4539 3337 4608 ἀμφοτέρας
3388 4543 3482 4592 καὶ
3540 4549 3923 4613 περισςρίγγων
3979 4550 4078 4601 ὅσα

2505 4625 2598 4675 καὶ
2626 4623 2770 4686 λίθος
2795 4626 2902 4677 τῶν
2932 4626 3236 4681 διεστώτων
3275 4632 3532 4701 συνδέτης
3567 4637 3911 4704 ἀκρόγωνος,
3945 4641 4077 4709 ἀμε-

2504 4715 2739 4776 ταθέτως
2766 4710 2877 4784 εἶχε
2908 4720 2998 4768 καὶ
3031 4719 3191 4771 πάλιν
3216 4720 3316 4789 τῆς
3346 4722 3536 4790 πρώην
3559 4728 3898 4792 προθέσεως.
3918 4724 4076 4782 Ἀλλά

2507 4803 2632 4871 μηδ’
2667 4804 2800 4873 ἀτερ
2832 4807 2928 4874 τῆς
2961 4808 3125 4859 αὑτοῦ
3151 4810 3376 4879 γνώμης
3406 4814 3776 4881 περατοῡοθαί
3804 4833 3854 4868 τι
3896 4817 4077 4887 βουλό-

2509 4911 2687 4962 μενος,
2711 4895 2781 4955 ὡς
2823 4899 3030 4964 σφῆνάς
3052 4915 3205 4961 τινας
3234 4902 3328 4952 καὶ
3359 4902 3563 4973 βλῆτρα
3589 4905 3716 4967 τοὺς
3743 4908 3946 4962 ἑαυτοῦ
3976 4930 4072 4963 κα-

2507 4989 2798 5054 σιγνήτους
2849 4988 3074 5040 ὲνέϐυσε
3115 4994 3180 5059 τῇ
3230 4994 3398 5062 ἀρχῇ,
3435 4995 3466 5063 ἢ
3504 4996 3581 5057 ὡς
3605 4997 3802 5048 ἐνώτια
3830 5005 3952 5061 ταῖς
3983 5005 4072 5054 τοῦ

2508 5076 2773 5146 βασιλέως
2808 5079 3101 5146 ἑκατέραις
3133 5084 3467 5152 ἀπῃὼρησεν
3499 5090 3713 5152 ἀκοαῖς,
3771 5088 3841 5140 ἵν’
3869 5092 3924 5142 εἰ
3950 5110 4074 5146 ποτε

2504 5170 2570 5236 τῇ
2636 5169 2904 5238 ἐκκλησίᾳ
2957 5173 3325 5240 παραϐάλλων
3375 5179 3440 5245 τῇ
3485 5179 3686 5247 συνόδῳ
3740 5183 4074 5247 συγγένοιτο,

2509 5260 2673 5329 μηδὲν
2706 5262 2790 5330 εἴη
2825 5262 3160 5335 διαπραχθὲν
3191 5267 3223 5336 ἢ
3252 5268 3345 5318 καὶ
3374 5267 3563 5337 λεχθὶν
3591 5271 3911 5338 ἀφὼρατον,
3941 5278 4074 5345 μηδί

2507 5352 2646 5422 λάθῃ
2679 5371 2762 5414 τις
2797 5355 2961 5406 αὑτὸν
3006 5361 3084 5416 εὶς
3116 5359 3208 5409 τὸν
3265 5359 3478 5412 ἐκείνου
3511 5361 3692 5430 χῶρον
3744 5369 4073 5434 παρεισιὼν.

2506 5447 2582 5499 Οὐ
2614 5447 2722 5516 μὴν
2763 5447 2900 5499 ἀλλά
2930 5451 3024 5500 καὶ
3067 5453 3201 5520 πρὸς
3227 5451 3324 5522 τὴν
3358 5454 3760 5524 Θεσσαλονίκην
3791 5460 4074 5531 ἀφικὸμι-

2505 5555 2615 5602 νος,
2653 5538 2747 5593 καὶ
2777 5539 2972 5611 μικρόν
2998 5557 3049 5593 τι
3080 5545 3270 5609 φανεὶς
3305 5545 3399 5596 καὶ
3421 5549 3544 5597 ὅσον
3581 5546 3936 5619 ὲνιδρυθῆναι
3999 5555 4075 5626 τῷ

2509 5630 2703 5700 θρόνῳ,
2728 5633 2785 5692 ἐς
2812 5631 2872 5682 τὸ
2898 5630 3193 5694 Βυζάντιον
3227 5632 3382 5696 αὖθις
3432 5639 3634 5707 πτηνὶς
3667 5640 3954 5706 ἀνέζευξε,
4001 5651 4076 5716 μὴ

2511 5721 2850 5791 περιϐλέψας
2898 5724 2979 5784 εἰς
3026 5723 3092 5778 τὰ
3152 5724 3326 5778 ὀπίσω
3382 5727 3515 5798 μηδὲ
3550 5730 3679 5792 στὰς
3711 5732 3768 5782 ἐν
3829 5736 3980 5803 πάσι]
4012 5747 4072 5800 τῆ
