4304 6354
814 361 915 424 871
2031 352 2330 415 NICEm
2370 348 2775 412 CHONIAM
3957 357 4066 425 δῖε

814 478 1000 539 οἶκους
1051 476 1364 547 διαφθεῖρον
1417 473 1511 526 καὶ
1557 469 1694 540 πρὸς
1760 467 1926 538 χρόας
1995 463 2283 532 ἀνομοίους
2351 461 2876 536 μεταλλαττόμενον,
2926 463 3083 519 ὁποῖα
3153 464 3219 517 τὰ
3259 465 3470 521 Λιϐυκά
3529 486 3714 537 φασιν,
3763 470 3793 540 ἦ
3851 472 3881 524 ό
3914 475 4070 544 παρὰ

815 568 895 633 τῷ
930 566 1050 621 Ἰὼϐ
1091 568 1359 625 ἀνάλωτος
1388 563 1607 633 δράκων
1639 560 1986 626 συνείληπτο,
2024 554 2117 604 καὶ
2156 553 2184 604 ὁ
2263 550 2422 621 βαρὺς
2457 550 2857 620 μυρμηκολέων
2907 552 3175 616 amuli”:
3238 558 3348 609 εἴτε
3416 556 3523 625 μὴν
3606 561 3639 624 ἦ
3700 560 4070 626 πολυούσανος

821 622 965 728 σίγὶς
997 662 1089 712 καὶ
1123 622 1462 724 δειματῶδης
1486 655 1715 714 ἐκείνοις
1743 651 1823 711 είς
1844 622 1978 719 χάος
2043 645 2299 715 ἐλήλαται
2362 644 2457 695 καὶ
2496 643 2844 696 διέσπασται.
2888 646 2997 698 Καὶ
3031 646 3175 699 οὕτω
3207 649 3305 717 μὲν
3343 652 3370 702 δ
3411 622 3868 733 Μεσοποταμίτης
3912 622 4071 709 Kron);

820 755 1099 813 σταντῖνος
1134 752 1225 802 καὶ
1257 751 1306 800 οἱ
1348 748 1542 800 τούτου
1580 745 1674 796 δύο
1702 744 2023 810 κασίγνητοι
2050 739 2159 792 τῶν
2185 736 2381 789 κοινῶν
2421 735 2775 805 ἐκκρούονται
2837 736 3181 808 διοικήσεων,
3215 743 3596 815 ἀντεισάγεται
3618 745 3660 795 δ’
3690 743 3876 814 ἕτερος
3935 750 4070 816 περὶ

818 843 915 901 τὰς
976 840 1160 899 κοινὰς
1221 838 1515 905 διοικήσεις
1552 835 1649 886 οὐκ
1707 833 1901 885 ἐνδέων
1953 829 2047 881 τοῦ
2089 825 2374 894 ἀκριϐοῦς,
2419 826 2636 892 χαρίεις
2705 827 2764 878 τὶ)
2799 820 2951 895 ἦθος,
3020 830 3164 898 μάλα
3196 847 3253 882 τε
3284 832 3411 894 τοὺς
3445 836 3637 902 λόγους
3678 836 4017 904 ἀποτορνεύε
4042 857 4070 887 ν

818 933 974 995 εἰδὼς
1002 936 1097 986 καὶ
1122 933 1500 1000 ἀπομηκύνειν
1533 931 1613 989 είς
1656 927 1937 995 περιόδους
1978 920 2285 992 ῥητορικῶς
2312 935 2324 948 °
2395 920 2423 969 ὁ
2464 920 2749 987 Εἰρηνικδς
2788 917 2855 991 ἦν
2885 914 3043 983 οὗτος
3106 925 3402 996 Θεόδωρος,
3444 931 3537 981 καὶ
3574 934 3836 1000 παρεῖχεν
3873 933 4072 984 gum-3‘,

817 1031 928 1089 τθῖς
988 1029 1124 1079 πᾶσι
1189 1023 1545 1090 κατάλληλον,
1583 1015 2030 1082 Συνέζευκταιδέ
2063 1030 2146 1074 τις
2194 1012 2389 1079 ἐκείνῳ
2424 1011 2519 1062 καὶ
2587 1014 2698 1063 τνῦν
2732 1014 2909 1066 πόνων
2978 1018 3415 1087 συνελαμϐάνετο
3465 1023 3891 1093 φιλοχρηματῶν
3945 1029 4071 1078 ίκα·

819 1121 923 1181 νῶς
956 1121 1048 1171 καὶ
1080 1118 1205 1186 βηχὶ
1232 1116 1448 1184 συνεχεῖ
1476 1114 1723 1181 κάτοχος.
1761 1108 2090 1175 Ἀμφότεροι
2151 1098 2247 1155 οὖν
2331 1105 2448 1163 ταῖς
2488 1102 2794 1167 ποὶιτικαῖς
2836 1108 3173 1161 ἐπεστάτουν
3204 1113 3459 1181 πράξεσι.
3498 1114 3641 1183 ιιλὴν
3668 1117 3727 1167 τὸ
3758 1118 3850 1170 τοῦ
3887 1121 4071 1173 Μεσο-

820 1212 1118 1280 ποταμίτου
1156 1212 1354 1279 πτῶμα
1382 1207 1643 1278 μηδαμῶς
1672 1207 1729 1255 ἐν
1756 1202 1953 1271 γέλωτι
1983 1199 2218 1269 ἔχοντες.
2251 1197 2387 1249 ἀλλὰ
2427 1195 2514 1248 διὰ
2575 1198 2778 1259 παντὸς
2844 1201 3217 1271 προορώμενοι
3244 1208 3336 1256 καὶ
3366 1206 3427 1257 τὸ
3453 1205 3546 1257 τοῦ
3580 1209 3817 1275 κράτους
3844 1209 4073 1264 εὔκολον

820 1302 1166 1370 ὑφορώμενοι
1190 1302 1290 1353 οὐκ
1319 1300 1608 1370 ὅρθιοικαὶ
1639 1298 1902 1359 ἀκλινεῖς,
1939 1295 2014 1358 ὡς
2044 1295 2092 1345 οἱ
2136 1290 2472 1361 ἀκράδαντοι
2535 1290 2642 1342 τῶν
2711 1292 2958 1347 ίπποτςῦν
2983 1297 3123 1348 κατά
3179 1314 3239 1347 τε
3286 1300 3509 1367 πρανῶν
3530 1303 3622 1354 καὶ
3662 1301 3749 1373 [Ρ.
3787 1300 3926 1374 519Ῐ
3982 1307 4077 1374 ὁρ·

820 1398 951 1449 θίων
986 1397 1265 1464 ἐφέροντο,
1303 1395 1440 1446 ἀλλά
1491 1394 1553 1446 τὸ
1617 1390 1943 1446 δυναστεῦον
1997 1386 2424 1453 ύποποιούμενοι
2463 1384 2714 1454 ἀνεῖργόν
2758 1404 2817 1438 τε
2868 1390 2965 1442 καὶ
3010 1392 3362 1463 ἀνεσείραζον
3418 1396 3507 1448 ἀεὶ
3582 1400 3682 1469 τὴν
3741 1401 3918 1468 ἰσχὺν,
3975 1404 4075 1452 καὶ

821 1490 992 1542 πολλὰ
1020 1488 1129 1539 τῶν
1165 1487 1395 1539 δεόντων
1422 1487 1755 1555 παρέτρεχον
1790 1486 1890 1553 τὴν
1920 1481 2190 1535 ἀπόϐασιν
2230 1475 2651 1546 εὐλαϐούμενοι.

891 1601 945 1654 5.
981 1598 1078 1652 llis
1119 1609 1173 1652 et
1226 1599 1536 1671 hujusmodi
1591 1599 1756 1652 rebus
1812 1596 2037 1652 Alexius
2082 1596 2397 1649 Comnenus
2428 1600 2470 1653 A

824 1692 1123 1745 triennium
1158 1692 1209 1744 in
1239 1691 1469 1760 imperio
1500 1689 1703 1759 exegit.
1734 1689 1962 1758 Reliqua
1991 1686 2060 1742 ab
2084 1687 2275 1741 eadem
2315 1702 2395 1739 ra-

823 1782 975 1835 tione
998 1783 1132 1835 nihil
1171 1790 1538 1837 recesserunt.
1570 1781 1926 1835 Consuetudo
1950 1768 2149 1833 mansit
2179 1778 2391 1840 eadem,

820 1875 931 1927 vita
995 1875 1175 1928 mollis
1229 1886 1285 1929 et
1335 1884 1604 1943 perpetuo
1658 1889 1844 1928 socors
1884 1873 2185 1943 ingenium.
2239 1871 2397 1924 Tunc

822 1964 1001 2019 fmilus
1047 1966 1329 2021 lconiense
1374 1968 1635 2020 violatum
1674 1974 1777 2019 est.
1824 1965 1958 2019 Nam
2008 1963 2394 2028 Caicbosroes,

820 2055 942 2123 ejus
969 2056 1122 2110 urbis
1169 2058 1442 2120 sultanus,
1480 2057 1619 2111 duos
1648 2072 1822 2126 equos
1850 2057 1943 2126 qui
1978 2055 2292 2123 imperatori
2328 2053 2396 2107 ab

820 2146 1193 2200 Alexandrino
1241 2149 1460 2202 sultano
1494 2150 1858 2203 mittebantur
1884 2148 2127 2217 eripuit;
2160 2161 2395 2215 quorum

826 2236 1060 2289 alterius
1087 2253 1226 2306 genu
1283 2239 1334 2291 in
1383 2255 1545 2293 cursu
1593 2240 1801 2303 luxato,
1827 2255 1922 2308 per
1947 2240 2156 2308 legatos
2188 2238 2257 2291 ab
2289 2239 2395 2291 im-

825 2340 1078 2398 peratore
1128 2332 1295 2402 651‘
1339 2335 1550 2386 veniam
1585 2333 1742 2403 petiit
1775 2332 1918 2401 quod
1958 2334 2078 2401 ejus
2115 2345 2289 2401 equos
2316 2333 2401 2383 in-

824 2424 1142 2491 tcrcepisscl
1171 2437 1226 2477 et
1250 2426 1397 2491 quod
1442 2435 1667 2494 propter
1691 2426 1919 2479 alterius
1949 2425 2227 2478 lmsionem
2264 2425 2399 2478 alte—

823 2530 943 2567 rum
973 2531 1191 2584 quoque
1243 2518 1461 2570 mittere
1512 2534 1618 2571 non
1658 2518 1857 2571 fuisset
1904 2532 2090 2571 ausus.
2127 2515 2396 2571 Caeterum

824 2620 883 2657 se
920 2610 1147 2659 omnino
1195 2618 1515 2659 curaturum
1580 2623 1648 2661 ne
1683 2608 1862 2662 amico
1911 2616 2060 2662 esset
2108 2609 2397 2672 molestus,

822 2711 962 2749 nere
987 2698 1080 2750 diu
1130 2700 1286 2766 equis
1313 2710 1548 2753 careret.
1585 2700 1737 2753 llanc
1779 2702 2084 2769 speciosam
2132 2702 2403 2755 defensio-

823 2803 948 2841 nem
995 2791 1299 2856 imperator
1325 2807 1455 2853 non,
1474 2802 1535 2843 ut
1560 2794 1963 2857 Inagnanimnm
1984 2793 2162 2845 virum
2190 2792 2398 2858 decuit,

822 2893 981 2947 :cquo
1011 2882 1195 2932 animo
1225 2874 1457 2949 accepit.
1490 2898 1667 2950 neque
1710 2883 2021 2936 necessitati
2057 2884 2398 2937 voluntatem

826 2972 1285 3033 accommodavit,
1316 2988 1495 3041 neque
1548 2984 1853 3042 temporum
1890 2975 2157 3028 rationem
2208 2975 2403 3029 habuit

825 3078 1060 3127 quorum
1089 3063 1504 3117 difficultatibus
1532 3065 1774 3133 undique
1801 3066 2121 3134 urgebatur,
2154 3068 2248 3121 sed
2292 3076 2405 3121 sta-

826 3157 926 3204 tim
958 3154 1352 3209 efl‘ertcscente
1409 3156 1519 3209 bile
1565 3156 1838 3209 fulminat.
1868 3158 1979 3210 Nec
2030 3166 2210 3210 tamen
2241 3160 2403 3227 quid-

824 3262 990 3311 quam
1046 3245 1177 3299 facit
1216 3263 1329 3314 quo
1382 3249 1603 3300 Persam
1655 3248 1972 3307 ulcisratur.
2019 3249 2114 3301 sed
2170 3248 2271 3301 sibi
2301 3250 2401 3317 ipsi

831 3342 989 3403 plane
1024 3338 1227 3391 bellum
1258 3339 1423 3392 infert
1447 3350 1501 3393 et
1525 3340 1763 3407 gladium
1796 3349 1985 3393 contra
2013 3357 2133 3395 sese
2161 3342 2400 3411 stringit.

828 3427 993 3481 .lubet
1050 3428 1101 3479 in
1140 3444 1417 3483 carcerem
1447 3430 1573 3484 duci
1596 3440 1651 3484 et
1683 3432 1942 3485 onmibus
1988 3431 2148 3485 bonis
2179 3432 2404 3486 multari

827 3520 1203 3588 negetiatores
1252 3537 1443 3573 omnes
1477 3532 1584 3574 tam
1637 3522 1915 3575 Romanos
1947 3539 2108 3591 quam
2168 3524 2399 3588 Turcos,

830 3614 923 3679 qui
949 3611 1137 3663 Iconio
1166 3612 1485 3680 Byzantium
1514 3613 2020 3676 venissent;eorum
2045 3630 2174 3669 vero
2194 3631 2403 3670 merces

830 3713 885 3754 et
912 3703 1160 3771 jumenta
1207 3719 1307 3756 nec
1337 3704 1452 3772 ipse
1486 3713 1545 3756 ut
1576 3705 1759 3757 decuit
1786 3705 1889 3758 sibi
1947 3707 2268 3769 vindicavit,
2303 3724 2405 3763 nec

834 3794 942 3846 illis
981 3794 1209 3861 reliquit
1240 3813 1251 3845 :
1285 3795 1431 3847 unde
1466 3796 1570 3847 alia
1626 3795 1752 3848 alibi
1800 3798 2061 3865 dissipata
2097 3800 2403 3865 perierunt.

829 3885 949 3948 Quo
996 3885 1264 3939 barbarus
1296 3886 1483 3939 audito
1517 3887 1698 3941 denuo
1745 3888 1950 3956 lrgatos
1991 3890 2209 3943 mittere
2242 3890 2404 3961 655

834 3974 1032 4034 noluit,
1081 3975 1174 4027 scd
1208 3976 1379 4027 armis
1409 3976 1665 4029 alacriter
1701 3978 1937 4045 arreptis
1986 3979 2284 4047 improvisa
2316 3984 2404 4034 in-

832 4067 1088 4119 cursione
1126 4060 1342 4120 Cariam
1407 4076 1464 4121 et
1507 4067 1795 4121 Tantalum
1848 4070 2045 4137 oppida
2103 4071 2167 4123 ad
2204 4071 2403 4125 Maean-

834 4161 993 4211 drum
1028 4161 1127 4212 sita
1164 4162 1411 4214 vastavit.
1467 4161 1593 4214 Inde
1638 4161 1705 4213 ad
1766 4162 2009 4232 Phrygiae
2056 4164 2405 4218 Antiochiam

834 4252 1138 4313 contendit,
1168 4268 1398 4318 eamque
1432 4251 1680 4305 fortassis
1712 4269 1867 4320 aeque
1918 4270 1980 4306 ac
2031 4255 2151 4307 heri
2185 4255 2401 4309 Cariam

833 4354 889 4394 et
924 4343 1211 4395 Tantalum
1249 4345 1507 4411 cepisset,
1549 4345 1654 4397 nisi
1688 4360 1847 4398 casus
1882 4347 2106 4414 quidam
2142 4347 2404 4403 fortuitus

834 4433 1100 4501 impetum
1131 4436 1249 4502 ejus
1297 4435 1481 4486 divina
1526 4437 1708 4501 potius
1740 4450 1899 4502 quam
1950 4437 2188 4490 humana
2224 4439 2407 4506 provi-

834 4522 1021 4575 dentia
1069 4522 1345 4591 fregisset.
1376 4524 1510 4576 Nam
1546 4539 1650 4591 qua
1686 4535 1843 4577 nocte
1870 4527 1937 4577 ad
1985 4528 2177 4580 urbem
2221 4531 2409 4597 oppri-

836 4615 1090 4665 mendam
1153 4614 1499 4681 properabat,
1542 4614 1762 4682 quidam
1815 4620 1974 4669 homo
2034 4628 2228 4685 potens
2284 4619 2409 4674 tiliae

834 4703 1057 4767 nuptias
1085 4701 1420 4754 celebrabat.
1474 4702 1605 4755 Erat
1656 4703 1843 4770 igitur,
1898 4717 1958 4758 ut
1990 4706 2042 4759 in
2088 4707 2407 4775 hujusmodi

832 4792 1233 4844 festivitatibus
1277 4792 1435 4856 solet,
1469 4794 1739 4846 tumultus
1770 4796 2055 4866 hominum
2104 4800 2407 4852 convivan-

836 4885 998 4935 tium.
1028 4883 1309 4953 Cymbala,
1355 4893 1632 4954 tympana,
1686 4887 1977 4941 saltatores
2013 4898 2068 4942 et
2113 4892 2407 4944 mulierum

836 4984 1014 5027 uetus
1050 4975 1388 5043 hymenaeum
1445 4978 1783 5029 cantantium
1839 4994 1937 5046 per
1980 4988 2146 5032 totam
2194 4990 2408 5034 noctem

836 5063 1277 5129 perstrepebant.
1312 5064 1381 5119 Ut
1423 5076 1606 5119 autem
1661 5068 1727 5120 ad
1781 5069 1973 5121 urbem
2025 5071 2254 5124 accessit
2288 5073 2415 5124 Cai-

837 5154 1123 5218 rhosroes,
1148 5155 1334 5208 audita
1363 5172 1694 5224 organorum
1731 5158 2015 5227 harmonia
2040 5173 2094 5214 et
2126 5162 2410 5217 hominum

838 5256 1139 5308 concentu.
1192 5262 1302 5299 non
1358 5263 1471 5302 rem
1526 5250 1697 5317 ipsam
1749 5253 2066 5320 conjectura
2103 5266 2409 5319 assecutus,

839 5338 935 5389 sed
982 5338 1215 5391 militum
1273 5346 1510 5392 tesseras
1559 5355 1703 5403 esse,
1751 5344 1844 5411 qui
1900 5357 2061 5396 suum
2113 5346 2409 5400 adventum

839 5440 1310 5499 prmeuguossent,
1358 5440 1580 5501 putans,
1610 5434 1677 5486 ad
1708 5433 1947 5504 Lampen
1996 5436 2268 5504 discessit,
2308 5439 2414 5493 ibi-

838 5538 947 5588 que
1004 5522 1250 5590 captivos
1298 5523 1692 5577 describendos
1746 5530 1998 5592 curavit;
2032 5537 2087 5580 et
2146 5530 2412 5599 cujusque

2570 1600 2632 1649 ε’.
2667 1594 2757 1648 Ἐν
2797 1596 3009 1662 τούτοις
3056 1601 3155 1668 μὲν
3188 1603 3282 1660 οὖν
3324 1604 3419 1659 καί
3465 1608 3731 1672 τοιούτοις
3779 1614 4059 1685 παραπληι

2505 1685 2642 1747 σίοις
2697 1690 2944 1753 ἐνιαυτὸς
2997 1692 3206 1757 ἐξίκετο
3252 1697 3439 1764 τρίτος
3494 1700 3714 1769 ἄρχοντι
3779 1703 4075 1773 Ῥωμαίων

2512 1779 2733 1849 ’Δὶεξῗῳ
2767 1781 2844 1849 τῷ
2875 1784 3182 1855 Κομνηνῷ.’
3220 1789 3301 1840 Τὰ
3328 1789 3372 1840 δ’
3405 1791 3605 1860 ἐφεξῆς
3634 1794 3784 1847 οὐδὲν
3813 1796 4077 1849 ἀντιστα-

2499 1871 2704 1924 τοῦντα
2748 1876 2862 1936 τοῖς
2907 1879 3205 1947 προτέροις
3235 1895 3250 1912 ·
3278 1880 3458 1934 δίαιτα
3497 1883 3607 1954 γάρ
3635 1881 3704 1953 ἦν
3732 1887 3765 1955 ή
3806 1888 3945 1957 αὑτὴ
3983 1890 4080 1941 καὶ

2502 1959 2665 2011 πάλιν
2694 1962 2785 2013 καὶ
2822 1962 2936 2030 βίος
2968 1966 3206 2036 χαλαρός
3239 1970 3333 2023 καὶ
3370 1971 3780 2042 ἐξημϐλυμένον
3815 1980 4078 2046 φρόνημα

2497 2048 2756 2103 ἀεί.Τότε
2784 2054 2841 2105 δὲ
2872 2057 2967 2107 καὶ
2995 2058 3048 2107 αἱ
3081 2061 3357 2128 εἰρηνικαὶ
3384 2064 3610 2116 σπονδαὶ
3637 2066 4082 2135 παρεωράθησάν

2496 2156 2557 2191 τε
2580 2143 2675 2193 καὶ
2704 2146 3081 2214 συνεχύθησαν
3104 2149 3171 2212 ἂς
3195 2145 3311 2221 εἶχε
3342 2152 3595 2221 βασιλεὺς
3620 2157 3914 2216 ἐκτελέσας
3942 2162 4082 2226 μετὰ

2499 2233 2715 2301 Πέρσου
2746 2236 2843 2289 τοῦ
2878 2239 3161 2302 διέποντος
3185 2242 3247 2294 τδ
3290 2244 3532 2297 Ἰκόνιον.
3582 2246 3640 2297 '0
3673 2248 3771 2313 μὲν
3794 2248 3907 2317 γὰρ
3944 2250 4085 2301 Kc?-

2502 2326 2738 2392 χοσρόης
2791 2328 2970 2394 (τοῦτο
3029 2332 3142 2400 γὰρ
3194 2328 3263 2401 ἦν
3305 2334 3477 2402 ὄνομα
3527 2335 3607 2404 τῷ
3663 2336 3952 2407 βαρϐάρῳ)
3988 2340 4085 2392 δύο

2506 2416 2755 2483 ’Ἄραϐας
2786 2417 2987 2480 ἵππους
3018 2423 3082 2471 ἐκ
3109 2421 3208 2472 τοῦ
3246 2425 3478 2475 σουλτὰν
3516 2425 3615 2493 τῆξ
3652 2427 3775 2478 κατ’
3801 2430 4086 2494 Αἴγυπτον

2514 2506 2929 2574 ’Δλεξανδρείας
2981 2512 3059 2578 τῷ
3119 2512 3335 2581 βασιλεῖ
3380 2515 3768 2584 στελλομένους
3800 2522 4081 2587 ἀφείλετο.

2502 2597 2695 2649 Τοίνυν
2745 2600 2840 2650 καὶ
2892 2599 3107 2671 θατέρῳ
3144 2604 3350 2656 τούτων
3390 2609 3449 2659 τὸ
3490 2609 3618 2673 γόνυ
3675 2609 4087 2679 ἐξαρθρωθέντι

2503 2688 2669 2759 ἐντῷ
2708 2690 2844 2758 πρὸς
2896 2693 3097 2762 δρόμον
3148 2696 3399 2748 ἀνίεσθαι
3450 2699 3675 2766 πέμψας
3726 2706 3804 2763 εἰς
3856 2703 4087 2770 βασιλέα

2505 2779 2841 2850 συγγνώμην
2870 2782 3075 2849 ⁴ᾐτεῖτο,
3106 2786 3186 2835 ὅτι
3212 2802 3269 2837 τε
3302 2786 3437 2848 ὅλως
3470 2789 3550 2849 εἱς
3584 2790 3747 2841 αὑτὸν
3776 2792 4090 2845 διαϐαίνον-

2503 2886 2604 2930 τας
2634 2871 2837 2933 ἵππους
2860 2872 3021 2941 ἔσχεν
3056 2875 3411 2945 ίδιωσάμενος
3438 2919 3452 2944 ,
3494 2880 3591 2932 καὶ
3630 2880 3713 2932 ὅτι
3755 2898 3865 2951 περ
3899 2886 3933 2951 η
3992 2886 4088 2938 τοῦ

2435 2958 2475 3012 Β
2507 2962 2625 3023 ἑνὸς
2657 2963 2952 3032 ἀχρείωσις
2976 2966 3070 3016 καί
3098 2967 3195 3035 τὴν
3218 2970 3407 3037 ἐτέρου
3438 2974 3748 3042 ἀποστολὴν
3781 2979 4090 3047 πεποίηκεν

2507 3053 2938 3106 ὑποστείλασθαι
2964 3071 2975 3082 ’
3011 3059 3233 3119 πάντως
3285 3059 3343 3111 δὲ
3394 3068 3673 3128 φροντιεῖν
3712 3065 3807 3117 τοῦ
3838 3068 3918 3135 τῷ
3948 3070 4090 3138 φίλῳ

2505 3141 2849 3210 ἀνεπαχθοῦς
2884 3146 2977 3196 καὶ
3007 3146 3103 3197 τοῦ
3137 3149 3211 3216 μη
3248 3150 3355 3202 τῶν
3394 3150 3578 3204 ἵππων
3610 3155 3669 3217 ἐς
3713 3160 3927 3226 μακρὸν
3964 3163 4090 3212 στέ-

2508 3232 2724 3299 ρεσθαι.
2778 3234 2888 3286 Καὶ
2938 3238 2966 3286 ὁ
3022 3238 3122 3305 μὲν
3182 3240 3266 3307 ἐφ’
3316 3237 3399 3304 οἷς
3450 3244 3679 3313 ἔδρασεν
3723 3247 4093 3314 εὐπρόσωπον

2506 3320 2682 3375 οὕτως
2713 3324 2949 3391 ἠγόρευε
2984 3325 3076 3377 τὸν
3111 3329 3380 3394 ἀπόλογον
3407 3347 3421 3361 ·
3455 3334 3483 3383 ό
3508 3334 3564 3383 δὲ
3596 3336 3734 3402 μήτε
3764 3336 3822 3385 τὸ
3849 3338 4093 3403 μεγαλό-

2504 3409 2677 3478 ψυχον
2706 3411 3006 3475 ἐπαινέσας
3044 3417 3183 3482 μήτε
3212 3419 3321 3486 μὴν
3349 3419 3450 3488 τὴν
3486 3423 3735 3491 ἀνάγκην
3764 3426 3976 3493 τρέψας
4010 3432 4092 3488 εἰς

2507 3501 2575 3551 τὸ
2610 3500 2920 3571 φιλότιμον,
2967 3504 2999 3573 ἦ
3038 3508 3167 3572 γοῦν
3195 3509 3251 3559 ἐν
3282 3508 3357 3576 νῷ
3402 3510 3729 3580 βαλλόμενος
3757 3514 3851 3567 τὸν
3893 3521 4093 3585 καιρὸν

2510 3590 2687 3661 βαρὺν
2738 3595 3005 3665 ἐνστάτην
3060 3600 3149 3650 ἀεὶ
3197 3593 3348 3666 αὐτῷ
3393 3604 3761 3673 ἐφιστάμενον
3806 3609 3905 3659 καὶ
3953 3610 4092 3679 πρὸς

2509 3683 2724 3749 πνίγμα
2770 3686 2861 3736 ἐπὶ
2907 3688 3043 3739 πᾶσι
3095 3692 3462 3758 κατασχόντα,
3516 3693 3590 3757 ὡς
3640 3699 3834 3765 πρῖνος
3887 3699 4095 3752 αὐτίκα

2510 3778 2803 3844 καιόμενος
2856 3778 2935 3847 τῷ
2982 3780 3140 3850 θυμῷ
3175 3782 3505 3853 ὑπεϐρόντα.
3561 3788 3710 3857 Πλὴν
3752 3789 3945 3860 ἕτερον
3991 3794 4093 3860 μὲν

2509 3867 2664 3918 οὐδέν
2698 3884 2802 3919 τινι
2848 3873 3099 3934 γενναῖον
3140 3873 3276 3940 πρὸς
3322 3874 3688 3947 ἀντιλύπησιν
3740 3881 3838 3932 τοῦ
3878 3882 4090 3949 Πέρσου

2512 3957 2826 4026 συνεώρακε
2854 3960 3279 4031 διαπράξασθαι,
3312 3966 3435 4019 καθ’
3466 3969 3664 4021 ἐαυτοῦ
3698 3971 3754 4023 δὲ
3788 3975 4085 4041 στρατεύε-

2507 4062 2599 4098 ται
2630 4048 2871 4117 ἀτεχνώς
2898 4053 3071 4103 καὶτὸ
3095 4052 3247 4120 ξίφος
3275 4055 3351 4122 τῷ
3379 4057 3514 4117 τέως
3540 4065 3926 4131 κρυπτόμενον
3958 4065 4091 4116 ἀνα-

2509 4137 2773 4192 δείκνυσι.
2821 4140 3016 4194 Τοίνυν
3074 4145 3354 4197 ἐπιτάττει
3408 4149 3679 4215 φυλακαῖς
3735 4154 4089 4225 ἐνειρχθῆναι

2511 4234 2605 4283 καὶ
2633 4232 2701 4283 τὰ
2730 4231 2860 4287 ὄντα
2892 4238 3070 4286 πάντα
3105 4236 3473 4306 ἀφαιρεθῆναι
3504 4242 3693 4294 ὀπόσοι
3736 4242 4091 4312 Ῥωμαῖοί-τε

2511 4323 2605 4374 καὶ
2637 4324 2871 4393 Ἰὀῦρκοι
2906 4331 3326 4395 πραγματεύεται
3361 4329 3455 4381 τοῦ
3500 4329 3721 4383 Ἰκονίου
3770 4336 4091 4405 ἀπάραντες

2511 4414 2572 4465 τὸ
2596 4414 2892 4476 Βυζάντιον
2919 4418 3272 4487 ἐπεισῄεσαν.
3320 4422 3429 4471 Καὶ
3473 4432 3541 4472 τα
3584 4425 3685 4489 μὲν
3722 4426 3955 4476 ἐκείνων
3984 4431 4090 4495 ἐμ-

2512 4504 2838 4573 πορεύματά
2884 4521 2943 4557 τε
2993 4508 3088 4558 καὶ
3134 4508 3411 4575 ὑποζύγια
3464 4508 3578 4561 οὔτ’
3621 4512 3784 4574 αὐτὸς
3832 4510 3981 4584 εἶχεν
4013 4516 4090 4575 ὡς

2508 4594 2627 4647 δέον
2659 4598 3113 4666 οἰκειωσάμενος.
3148 4598 3259 4651 οὔτ’
3285 4601 3641 4670 ἐναπέλειψεν
3664 4605 3921 4667 ἐκείνοις·
3947 4606 4086 4659 ἄλλα

2509 4689 2621 4758 γὰρ
2652 4689 2834 4750 ἄλλοις
2866 4694 2959 4743 καὶ
2993 4692 3152 4744 πάνθ’
3199 4694 3334 4761 ὁμοῦ
3376 4694 3730 4748 διεσκέδαστο
3777 4699 3873 4749 καὶ
3908 4701 4089 4767 ἠφάν-

2509 4796 2649 4832 τωτο
2672 4797 2683 4810 ’
2716 4785 2745 4833 ό
2776 4782 2831 4833 δὲ
2867 4782 3142 4853 βάρϐαρος
3174 4786 3234 4836 τὸ
3263 4786 3478 4854 συμϐὰν
3500 4790 3906 4856 ἑνωτισάμενος
3929 4833 3946 4855 ,
3980 4809 4091 4860 μη-

2511 4872 2601 4925 δέν
2639 4892 2693 4929 τι
2727 4876 2823 4945 τῆς
2858 4878 3172 4946 προθυμίας
3205 4878 3473 4945 καθυφεὶς
3518 4885 3656 4950 μήτε
3706 4883 3813 4951 μὴν
3845 4885 3929 4946 είς
3964 4886 4088 4937 δευ-

2513 4968 2679 5032 τέραν
2744 4967 2946 5037 βλέψας
2994 4970 3320 5037 πρεσϐείαν,
3380 4971 3521 5024 κατά
3586 4973 3877 5041 Ῥωμαίων
3945 4978 4089 5029 ὅπλα

2516 5056 2797 5125 βαστάζει,
2839 5063 2936 5112 καὶ
2976 5062 3306 5132 προσπεσὼν
3342 5063 3754 5133 ἀπροσδόκητος
3799 5068 3919 5127 ταῖς
3947 5071 4090 5121 κατά

2514 5149 2832 5219 Μαίανδρον
2883 5153 3231 5222 κωμοπόλεσι
3291 5155 3507 5221 Καρίαν
3551 5171 3611 5206 τε
3654 5157 3751 5207 καὶ
3809 5157 4092 5212 Τάνταλον

2516 5239 2640 5292 καθ’
2672 5242 2893 5310 ἠλικίαν
2943 5244 3374 5313 ἠνδραποδίσατο
3398 5284 3414 5308 ,
3448 5247 3544 5298 καὶ
3576 5247 3762 5309 πόλεις
3805 5249 3975 5312 ἄλλας
4006 5251 4089 5302 ὅτι

2516 5333 2719 5397 πολλὰς
2766 5335 3097 5406 ληϊσάμενος
3144 5338 3279 5406 πρὸς
3324 5338 3495 5409 αὐτὴν
3521 5342 3787 5407 ἠπείγετο
3814 5342 3915 5410 τὴν
3949 5345 4093 5395 κατά

2516 5426 2761 5494 Φρυγίαν
2798 5428 3151 5497 Ἀντιόχειαν.
3182 5431 3291 5482 Καὶ
3314 5429 3434 5499 τάχ’
3466 5432 3535 5483 ἂν
3561 5431 3732 5496 ἐξεῖλε
3756 5434 3852 5485 καὶ
3884 5437 4092 5506 ταύτην

2517 5516 2708 5588 ῶσπερ
2757 5520 2921 5587 χθιζά
2969 5520 3186 5590 Καρίαν
3237 5521 3333 5573 καὶ
3388 5522 3701 5589 Τάνταλον,
3742 5528 3790 5577 εί
3827 5526 3903 5597 μὴ
3938 5532 4091 5598 παρὰ

843 5613 1083 5678 patriam
1125 5623 1183 5666 et
1211 5630 1433 5678 nomen,
1459 5624 1515 5668 et
1539 5631 1568 5667 a
1598 5631 1706 5682 quo
1744 5628 1939 5684 captus
1980 5627 2147 5675 esset.
2174 5620 2303 5673 item
2344 5636 2410 5675 an
2444 5616 2490 5674 0
2517 5608 2543 5661 δ

2394 5637 2410 5675 ι
2444 5616 2490 5674 1)
2517 5608 2677 5673 δόξαν
2716 5613 2923 5680 ἐπέστη
2956 5611 3034 5682 τῷ
3069 5611 3332 5684 βαρϐάρῳ
3364 5614 3499 5683 πρὸς
3527 5614 3590 5667 τὸ
3611 5615 3706 5681 ὀξὺ
3732 5616 3832 5686 τῆς
3857 5620 4094 5671 σκυλεύ-

843 5702 1049 5769 aliquid
1082 5717 1308 5756 suarum
1337 5718 1523 5757 rerum
1548 5702 1715 5772 656
1757 5705 2049 5771 amisisset,
2086 5712 2144 5759 ct
2172 5720 2240 5758 an
2270 5705 2411 5760 filius

2524 5718 2665 5767 σεως
2696 5704 2796 5757 οὐκ
2826 5706 2892 5757 ἐκ
2927 5707 3184 5775 προνοίας
3215 5708 3363 5770 τινὸς
3402 5708 3758 5781 ἀνθρωπίνης
3794 5712 3935 5767 ἀλλά
3974 5728 4093 5777 πως
