4304 6354
290 386 387 449 $.77

1096 387 1195 446 DE
1236 386 1519 447 ALEXIO
1557 380 1842 446 ISAACII
1905 381 2186 443 ANGELI
2231 383 2348 440 ΡΒ.
2405 382 2553 441 LIB.
2596 383 2673 441 ll.

3407 382 3514 446 878

286 495 567 563 κρυφισῖδη
600 497 708 547 τῶν
756 492 1136 563 βουλευμάτων
1188 496 1570 564 προσανετίθει
1618 494 1712 547 καὶ
1753 492 1847 547 τοῦ
1877 499 1920 557 Α
1950 509 1983 562 q

1817 492 1847 546 ὖ
1877 499 1920 557 Α
1950 492 2042 562 qui
2070 494 2125 545 in
2158 491 2322 561 Mysia
2345 491 2396 543 iu
2417 490 2649 543 vinculis
2679 490 2834 550 obiit.
2870 500 2927 543 ut
2954 506 3118 559 supra
3153 496 3516 551 narravimus.

288 587 519 655 στήθους
548 587 826 654 ἀνεμήρυε
857 587 925 639 τά
967 589 1287 657 ἀπόρρητα,
1337 589 1430 639 καὶ
1462 587 1710 656 περὶτοῦ
1744 604 1847 640 πα-

290 677 671 747 ραληψομένου
697 676 795 741 τὴν
829 675 1124 743 βασιλείαν,
1156 677 1230 740 ὼς
1271 678 1422 729 ἔσται
1454 693 1537 734 τις
1585 677 1721 745 αὐτῇ
1774 678 1849 745 μὴ

286 756 547 837 ἀνάρσιος
577 762 701 833 μηδ’
729 766 972 836 ἀπεχθὴς
1000 768 1114 820 ἀλλ’
1140 769 1434 828 ἀσπάσιος.
1494 768 1714 818 Βασιλεῖ
1750 768 1850 834 μὲν

282 861 394 928 γὰρ
428 860 529 910 οὐκ
562 852 630 927 ἦν
660 856 904 927 διάδοχος
952 860 1065 921 υίὸς
1098 860 1197 927 τῆς
1234 854 1434 925 ἀρχῆς,
1467 857 1759 921 δυάζουσαι
1793 856 1850 907 δὲ

286 949 611 1013 θυγατέρες,
646 947 739 998 καὶ
764 943 925 1000 αὗται
972 950 1082 1000 τῶν
1124 949 1394 999 συνεύνων
1424 950 1623 1017 μικροῦ
1661 965 1852 999 σπανι-

288 1038 515 1104 ζόμεναι
554 1053 566 1065 ·
608 1039 640 1107 ἡ
691 1038 788 1105 μὲν
835 1039 944 1107 γὰρ
1002 1040 1417 1107 προφερεστέρα
1471 1039 1592 1091 καθ’
1637 1038 1853 1105 ἡλικίαν

288 1129 491 1195 Εἰρήνη
543 1127 763 1197 Θανάτῳ
819 1128 1051 1195 μαλακῷ
1095 1128 1333 1195 δαμέντα
1382 1130 1475 1180 τον
1527 1128 1852 1195 σύλλεκτρον

301 1216 643 1285 ’Λνδρόνικον
674 1220 767 1270 τὸν
822 1218 1265 1287 Κοντοστέιρανον
1310 1220 1639 1277 ἀπεϐάλετο,
1688 1222 1854 1273 ’Λννα

286 1305 343 1358 δὲ
372 1310 401 1374 ή
439 1310 582 1360 κατά
621 1307 836 1370 γένεσιν
868 1309 1208 1373 ἐφεπομένη,
1246 1307 1324 1374 τῷ
1354 1307 1408 1358 δὲ
1438 1306 1621 1357 κάλλει
1657 1325 1855 1375 προτε-

290 1400 549 1466 ρεύουσα,
603 1397 858 1463 Ἰσαακί;›
912 1379 1146 1466 συνῷκει
1190 1398 1265 1464 τῷ
1299 1399 1591 1468 Κορνηνῷ,
1621 1399 1680 1461 ὃς
1715 1400 1855 1452 κατά

286 1490 503 1542 Μυσίαν
534 1488 838 1539 ὲναπέθανε
870 1490 983 1551 τοῖς
1017 1486 1240 1553 δεσμοῖς
1265 1525 1279 1549 ,
1313 1485 1385 1547 ὡς
1417 1490 1475 1537 ἐν
1501 1490 1610 1548 τοῖς
1643 1488 1855 1555 ἔμπρο-

289 1578 417 1628 σθεν
456 1577 639 1643 λόγοις
682 1577 1028 1645 εἰρήκειμεν.
1062 1570 1347 1640 Ἐπιλογαὶ
1392 1576 1577 1627 τοίνυν
1630 1577 1723 1626 καὶ
1751 1576 1857 1642 ψη·

288 1667 557 1735 φηφορίαι
594 1666 703 1717 τῶν
730 1664 1006 1731 ἀρξόντων
1036 1661 1191 1716 ἄλλαι
1241 1681 1299 1715 τε
1354 1665 1488 1730 παρ’
1527 1662 1705 1715 ἄλλων
1744 1664 1855 1729 ὲγζ-

285 1771 459 1817 νοντο,
504 1754 601 1807 καὶ
656 1754 829 1805 πᾶσαι
879 1749 1015 1821 πρὸς
1058 1753 1118 1805 τὸ
1157 1753 1266 1804 τῶν
1306 1748 1689 1822 προϐαλόντων
1730 1755 1852 1805 ιτσ-

1955 582 2124 653 lgitur
2172 584 2263 637 alii
2317 593 2480 650 atque
2551 582 2643 636 alii
2704 584 3066 650 imperatores
3140 583 3514 650 nominantur,

1952 673 2046 727 sed
2083 687 2277 727 omnes
2316 674 2408 741 qui
2468 672 2533 727 iis
2562 672 2857 741 opportuni
2892 679 3133 727 essenta
3183 673 3386 743 quibus
3420 690 3519 729 no-

1953 764 2326 819 minabantur.
2360 766 2435 819 De
2470 780 2537 818 eo
2588 779 2721 817 vero
2757 762 3045 833 deligendo
3078 766 3173 834 qui
3219 761 3521 836 rempubii-

1954 867 2071 906 cam
2126 855 2331 921 optime
2363 864 2418 903 et
2464 866 2499 903 θ
2538 851 2808 919 dignitate
2861 850 3231 908 Romanorum
3283 856 3523 910 admini-

1955 954 2179 1006 straret,
2234 942 2444 995 nemini
2485 942 2782 1011 quidquam
2844 942 2897 994 in
2954 942 3193 997 mentem
3244 946 3521 1001 veniebat.

1955 1034 2109 1090 Unde
2165 1027 2432 1086 veeordes
2478 1034 2727 1087 homines
2787 1034 2953 1087 etiam
2993 1034 3229 1089 infantes
3271 1037 3323 1089 in
3364 1039 3525 1093 cunis

1954 1123 2135 1176 adhuc
2158 1123 2437 1191 vagientes
2469 1122 2853 1189 designabant.
2885 1123 2960 1181 Ex
3002 1124 3290 1179 nobilitate
3316 1136 3372 1180 et
3403 1128 3522 1196 opi-

1958 1214 2060 1265 bus
2099 1213 2264 1265 claris
2292 1212 2505 1265 Manuel
2543 1212 2793 1265 Camizes
2830 1223 3197 1280 protostrator
3252 1219 3525 1272 avunculo

1953 1318 2055 1357 suo
2085 1286 2279 1357 .loanni
2330 1304 2760 1357 sebastocratori
2804 1302 3228 1359 adversabatur.
3285 1290 3335 1361 ls
3395 1325 3558 1373 vero,

1954 1395 2193 1447 vicissim
2227 1395 2379 1448 illum
2417 1394 2772 1463 impediebat.
2810 1394 2945 1447 Tres
2986 1410 3115 1447 vero
3174 1378 3559 1465 imperator’s'

1955 1484 2150 1557 fratres
2181 1485 2250 1539 ab
2280 1485 2594 1539 Andronico
2634 1484 2911 1547 excaecati,
2958 1474 3013 1538 et
3045 1498 3238 1538 eorum
3281 1490 3527 1541 sororius

1953 1576 2193 1629 Joannes
2224 1575 2667 1638 Cantacnzenus,
2698 1584 2754 1628 et
2791 1575 2909 1644 ipse
2940 1566 3113 1630 orbus
3166 1578 3365 1639 oculis.
3401 1578 3530 1633 ﬁliis

1955 1667 2072 1719 suis
2094 1666 2375 1718 favebant.
2433 1664 2594 1733 661
2631 1664 2984 1718 Erantetiam
3037 1666 3131 1735 qui
3173 1660 3520 1721 Ponticarum

1961 1769 2167 1808 nucum
2214 1762 2271 1807 et
2314 1753 2602 1807 suillarum
2650 1758 2899 1807 carnium
2932 1750 3196 1823 reliquias
3244 1757 3424 1816 adhuc
3472 1759 3531 1812 in

286 1841 477 1895 λοῦντο
508 1844 799 1909 χρήσιμον.
832 1840 938 1892 Τοῦ
967 1840 1012 1893 δ’
1044 1841 1212 1906 ἀξίως
1246 1838 1665 1907 βασιλεύσοντος
1716 1842 1851 1894 Ῥω·-
1887 1833 1928 1887 Β
1960 1844 1986 1899 d

1834 1870 1851 1881 -
1887 1833 1928 1887 Β
1960 1844 2225 1899 dentibus
2254 1852 2559 1914 gestantes,
2606 1840 2900 1913 imperium
2945 1840 3091 1898 haud
3120 1842 3534 1903 dissimulanter

286 1934 466 1999 μαίων
512 1932 605 1982 καὶ
647 1929 723 1991 ὡς
766 1930 962 1999 ἄριστα
1008 1931 1078 1983 τὰ
1129 1931 1282 1983 κοινά
1329 1927 1851 2002 διακυϐερνήσοντος

284 2021 590 2090 πράγματα
620 2022 795 2085 οὐδεὶς
827 2022 1017 2074 οὐδένα
1050 2021 1207 2088 λόγος
1235 2024 1543 2090 εἰσήρχετο,
1571 2022 1713 2077 ὥστε
1747 2015 1852 2076 ὐπδ

281 2112 391 2165 τῶν
430 2113 739 2182 ἀϐελτέρων
775 2112 870 2164 καὶ
897 2112 1068 2179 νήπια
1098 2110 1179 2163 ἔτι
1225 2114 1282 2163 ἐν
1318 2113 1544 2179 γάλαξιν
1572 2110 1702 2167 ὄντα
1762 2116 1853 2167 καὶ¹

284 2203 617 2272 σπαργάνοις
650 2202 976 2271 ὲνειλημένα
1008 2203 1145 2272 πρὸς
1176 2198 1272 2271 τὴν
1308 2202 1482 2272 ἀρχὴν
1507 2206 1851 2272 ἑπεκρίνετο.

285 2293 479 2347 Δύτῶν
517 2294 701 2361 μέντοι
738 2292 846 2345 τῶν
877 2293 934 2344 ὲν
964 2294 1107 2361 γένει
1137 2296 1231 2347 καὶ
1256 2294 1474 2363 πλούτῳ
1520 2296 1853 2363 περιϐλεποο

293 2384 470 2455 μένων
492 2385 520 2436 δ
550 2382 651 2453 μὲν
674 2384 1124 2453 πρωτοπράτωρ
1172 2382 1433 2453 Μανουὴλ
1482 2386 1509 2436 ὁ
1553 2384 1853 2455 Καμύτζης

284 2475 365 2545 τῷ
408 2474 545 2543 πρὸς
598 2474 808 2543 μητρὸς
847 2472 1162 2539 ἐπεκάθητο
1196 2470 1326 2540 θείῳ
1366 2472 1445 2541 τῷ
1479 2473 1852 2543 σεϐαστοκρά-

282 2581 405 2634 τορι
442 2563 687 2635 Ἰωάννῃ,
714 2556 873 2623 οὗτος
908 2560 953 2612 δ’
986 2558 1142 2621 αὖθις
1173 2562 1297 2614 κατ’
1337 2560 1507 2613 αὐτοῦ
1534 2562 1853 2631 ἀντωφθάλ-

286 2658 400 2723 μαι.
430 2655 494 2705 0i
519 2656 577 2707 δὲ
600 2653 695 2705 τοῦ
730 2652 1000 2721 βασιλέως
1032 2654 1353 2722 κασίγνητοι
1386 2656 1540 2723 τρεῖς
1564 2650 1718 2715 ὄντες
1758 2656 1854 2706 καὶ

285 2743 418 2812 παρ’
462 2743 808 2813 Ἀνδρονίκου
846 2740 1223 2808 τυφλωθέντες
1244 2784 1259 2807 ,
1308 2742 1444 2794 ἀλλά
1480 2742 1545 2810 δὴ
1580 2744 1674 2794 καὶ
1699 2746 1727 2796 ὁ
1760 2745 1853 2795 ἐπὶ

282 2836 352 2901 τῇ
382 2833 583 2901 ἀδελφῇ
617 2832 798 2882 αὐτῶν
830 2830 1083 2900 γαμϐρὸς
1112 2832 1139 2880 ὁ
1170 2832 1627 2900 Καντακουζηνὺς
1670 2833 1851 2886 Ἰωάνο

282 2936 381 2987 νης
428 2917 739 2987 ἑξόμματος
783 2921 875 2969 καὶ
911 2918 1072 2979 αὐτὸς
1131 2917 1505 2986 δεικνύμενος,
1553 2922 1708 2972 παισὶ
1741 2918 1851 2982 τοῖς

280 3005 492 3062 ἑαυτῶν
529 3008 628 3078 τὴν
677 3008 854 3078 ἀρχὴν
886 3006 1259 3076 ἠνδρολόγουν.
1297 3005 1478 3061 ⁷Ησαν
1530 3009 1575 3061 δ’
1634 3011 1684 3063 οἶ
1728 3011 1853 3079 χθές

281 3116 341 3151 τε
388 3100 483 3151 καὶ
535 3097 727 3167 πρώην
773 3098 1219 3166 διαμασσὼμενοι
1264 3100 1333 3151 τὰ
1393 3100 1712 3170 δρυόκαρπα
1760 3106 1855 3155 καὶ

1960 1944 2017 1990 et
2041 1944 2295 1990 amarent
2329 1943 2386 1990 et
2414 1935 2711 2001 ambirent,
2749 1944 2806 1991 et
2846 1936 3098 1991 curiosos
3141 1936 3195 1991 in
3231 1938 3284 1991 id
3338 1940 3530 1995 oculos

1959 2028 2280 2098 defigerent,
2305 2026 2399 2082 sed
2433 2023 2700 2096 pronubis
2728 2042 2822 2083 seu
2846 2027 3141 2085 lenonibus
3167 2040 3387 2086 utentes
3429 2032 3532 2087 h0-

1961 2118 2206 2172 minibus
2255 2117 2730 2182 circumforaneis,
2759 2119 2854 2188 qui
2877 2119 3063 2174 ventri
3114 2114 3431 2176 serviebant
3476 2131 3533 2177 et

1960 2207 2196 2279 pecunia
2240 2207 2401 2262 facile
2463 2208 2985 2279 corrumpebantur.
3027 2208 3246 2275 Quanto
3283 2209 3533 2267 deterius

1961 2308 2046 2356 est
2073 2298 2389 2369 suﬂ'ragium
2432 2299 2735 2354 multorum
2766 2314 2929 2370 quam
2966 2301 3177 2356 uniusl
3226 2316 3260 2356 ο
3305 2303 3525 2359 celebre

1961 2391 2335 2446 Romanorum
2362 2391 2676 2459 imperium,
2707 2400 2763 2446 et
2784 2391 3045 2445 omnibus
3074 2392 3335 2461 gentibus
3361 2393 3532 2448 admi-

1959 2482 2130 2535 randa
2164 2488 2221 2535 et
2254 2481 2533 2535 adoranda
2560 2482 2837 2551 maiestas,
2868 2483 3061 2551 quales
3117 2493 3376 2554 tyrannos
3402 2498 3530 2554 per—

1962 2571 2136 2625 tulisti
2170 2573 2183 2625 ι
2218 2572 2422 2641 quibus
2447 2572 2665 2642 injuriis
2710 2574 2981 2643 exagitata
3007 2579 3100 2629 est
3154 2576 3345 2644 quales
3375 2591 3530 2631 αωο-

1963 2675 2114 2718 tores
2153 2663 2208 2716 in
2238 2673 2291 2717 te
2346 2663 2690 2717 insanierunt
2725 2649 2736 2718 ἰ
2775 2664 2968 2734 quales
3016 2665 3270 2722 homines
3311 2681 3372 2721 es
3415 2683 3532 2722 am-

1962 2754 2163 2823 plexa!
2221 2754 2479 2823 qualibus
2544 2766 2595 2808 te
2656 2754 2997 2809 substravisti
3045 2764 3102 2809 et
3151 2758 3341 2811 oscula
3385 2771 3529 2826 prae-

1963 2842 2134 2896 buisti
2164 2847 2178 2897 t
2210 2844 2401 2911 quales
2442 2858 2646 2898 corona
2700 2856 2757 2897 et
2792 2843 3100 2898 diademate
3140 2854 3196 2899 et
3249 2861 3531 2916 purpureo

1962 2934 2150 2989 calceo
2182 2936 2499 2990 exornastii
2555 2936 2804 3005 graviora
2850 2930 3040 3005 utique
3093 2936 3162 2990 ab
3201 2936 3309 2993 illis
3344 2950 3535 3008 pertu-

1965 3025 2078 3080 listi
2099 3040 2265 3095 quam
2291 3025 2566 3095 Penelope
2593 3041 2622 3080 a
2656 3040 2948 3096 procorum
2984 3026 3317 3097 frequentia.
3349 3029 3530 3084 Nimi-

1966 3132 2087 3169 rum
2136 3116 2206 3169 ab
2252 3118 2401 3171 omni
2458 3126 2614 3187 parte
2668 3117 2867 3171 similis
2920 3132 2980 3173 es
3050 3120 3213 3188 regite
3269 3129 3534 3177 matrona:

277 3192 345 3243 τὰ
384 3166 623 3242 Ποντικά
678 3190 797 3239 ὓεια
858 3188 994 3254 κρέα
1048 3190 1139 3240 ἐπὶ
1190 3166 1461 3257 στόματος
1513 3166 1614 3243 {re
1653 3194 1852 3262 φέρον-
1888 3166 1977 3259 εγ

2138 3166 2197 3169 η
2460 3166 2613 3187 rw
2670 3166 2864 3171 --------
2925 3166 2978 3173 μ
3052 3166 3212 3188 πο-..
3270 3166 3529 3177 -.._-.-.....

1829 3222 1852 3234 -
1888 3166 1935 3229 c
1966 3206 2318 3271 felicissimae,
2350 3206 2525 3261 forma
2557 3207 2883 3269 venerabili,
2940 3210 3084 3278 justa
3128 3210 3529 3279 magnitudine.

279 3297 371 3341 τες
401 3281 637 3344 ἐπείρων
663 3281 756 3331 καὶ
780 3280 929 3346 ἥρων
956 3278 1056 3346 τῆς
1080 3278 1358 3347 βασιλείας
1387 3282 1535 3348 μάλα
1561 3284 1852 3353 λαμπρῶς,

283 3373 380 3422 καὶ
403 3371 547 3430 ὅλοις
578 3373 637 3430 ἐς
663 3368 834 3436 αὐτὴν
868 3371 1191 3438 περιέργοις
1236 3372 1546 3439 ὲνητένιζον
1592 3373 1809 3441 ὄμμασι
1842 3415 1855 3438 ,

282 3463 631 3529 προαγωγοῖς
659 3462 755 3511 καὶ
778 3463 1187 3531 προμνήστορσι
1224 3464 1497 3531 χρώμενοι
1528 3467 1716 3517 ὁπόσοι
1749 3468 1857 3517 τῶν

280 3550 557 3618 ἀγοραίων
621 3548 772 3601 ὤνιοι
828 3552 1133 3620 χρημάτων
1188 3556 1278 3603 καὶ
1333 3554 1720 3615 κοιλιόδουλοι,
1780 3554 1855 3615 ὡς

285 3640 483 3710 μακρῷ
512 3642 708 3692 κάκιον
734 3641 828 3692 τοῦ
867 3640 989 3692 καθ’
1020 3641 1118 3693 ἕνα
1149 3643 1207 3694 τὸ
1237 3646 1390 3712 κοινῇ
1423 3643 1712 3711 γινόμενον
1750 3645 1848 3715 ψή-

280 3747 479 3799 φισμα.
515 3732 578 3781 Ὢ
606 3731 941 3798 περίπυστον
977 3734 1211 3801 πρᾶγμα
1251 3733 1540 3801 Ῥωμαίων
1567 3739 1733 3805 ἀρχὴ,
1762 3740 1853 3789 καὶ

279 3822 449 3872 πᾶσιν
483 3820 658 3872 ἔθνεσι
683 3821 921 3888 ζηλωτὸν
943 3824 1034 3872 καὶ
1053 3823 1425 3891 προσκυνητὺν
1454 3825 1692 3892 ἀξίωμα,
1710 3828 1853 3890 οἴους

282 3910 601 3978 ὐπήνεγκᾱς
625 3912 882 3977 βιαστάςί
911 3904 1026 3961 Oiei
1049 3926 1131 3961 σοι
1160 3912 1533 3979 ἐπανέστησαν
1568 3915 1848 3982 ὐϐρισταίί

279 3991 400 4049 Οἷοί
432 4006 515 4049 σοι
565 3998 921 4066 ἐπεμάνησαν
951 4000 1212 4065 ἐρασταίε
1252 4002 1411 4061 Οἴους
1464 4004 1845 4068 ὲνηγκαλίσωί

281 4089 432 4149 (ttat;
467 4088 748 4154 ὑπέθηκας
775 4089 975 4157 ἑαυτὴν
1029 4090 1124 4141 καὶ
1163 4089 1466 4159 φιλοτήτων
1512 4094 1795 4160 μετέδωκα
1830 4138 1846 4159 ,

280 4177 633 4240 ἑταινιώκεις
658 4196 717 4231 τε
756 4179 837 4247 τῷ
870 4180 1120 4249 στεφάνῳ
1151 4184 1247 4233 καὶ
1286 4184 1615 4251 περιέϐαλες
1644 4187 1706 4237 τὸ
1737 4186 1849 4241 διά-

281 4270 433 4339 δημαη
460 4270 641 4322 καὶτὸ
673 4270 1057 4340 φοινικόκρουν
1093 4273 1425 4342 περιέδησας
1460 4276 1702 4330 πέδιλονί
1738 4278 1847 4331 Θυ-⁸

282 4358 634 4429 μαλγέστερά
661 4359 798 4410 εἰσιν
823 4358 990 4422 ὅντως
1013 4360 1082 4410 τὰ
1105 4362 1174 4412 σὰ
1198 4354 1273 4414 ὧν
1300 4362 1536 4416 πέπονθε
1563 4364 1844 4438 Πηνελόπη

1961 3298 2115 3350 vultu
2151 3308 2406 3357 venusto.
2445 3298 2537 3351 sed
2567 3307 2735 3367 captae
2772 3297 3173 3368 impudentium
3226 3312 3530 3357 amatorum

1961 3387 2233 3453 manibus,
2276 3402 2413 3456 quos
2442 3387 2651 3442 cordati
2685 3388 2936 3442 homines
2960 3391 3049 3443 vix
3099 3400 3355 3446 centusse
3398 3393 3534 3447 lice-

1960 3485 2145 3537 antur,
2170 3476 2261 3547 qui
2287 3476 2743 3547 magniﬁcentiam
2766 3479 2914 3531 illius
2934 3481 3207 3533 aestimare
3229 3492 3527 3549 nequeant,

1959 3568 2340 3622 celsitudinem
2400 3570 2563 3643 662
2638 3584 2748 3624 non
2806 3581 3181 3637 revereantur,
3237 3576 3527 3631 nobilitate

1957 3658 2093 3710 nihil
2122 3667 2470 3723 moveantur,
2501 3661 2801 3729 aliquando
2839 3663 3004 3715 etiam
3039 3678 3159 3717 eam
3188 3681 3285 3734 per
3328 3677 3525 3721 contu-

1958 3748 2175 3801 meliam
2199 3748 2251 3801 in
2276 3748 2547 3803 nefarium
2571 3749 2754 3805 cubile
2774 3752 3117 3819 perlrahant.
3142 3754 3237 3809 Hei
3260 3756 3527 3822 dedecus,

1956 3835 2045 3889 hei
2086 3836 2372 3907 ﬂagitium,
2401 3839 2581 3908 qualia
2633 3854 2890 3911 perpessa
2921 3845 3017 3896 es!
3055 3844 3231 3912 qualis
3279 3849 3392 3901 visa
3424 3850 3523 3903 es!

1957 3921 2129 3977 facies
2179 3924 2510 3991 meretricis,
2544 3941 2577 3980 0
2624 3928 2823 3998 inclyta
2882 3939 2939 3984 et
2993 3931 3225 3986 celebris
3251 3935 3524 4003 majeslas,

1956 4014 2345 4081 contigittibi.
2395 4016 2631 4071 Evanuit
2679 4018 2945 4073 naturalis
3005 4020 3093 4075 illa
3133 4032 3221 4076 tua
3277 4026 3518 4092 pulchri-

1954 4102 2087 4157 tudo
2113 4112 2167 4157 et
2206 4105 2394 4157 vultus
2436 4105 2768 4162 verecundia
2792 4115 2847 4162 et
2868 4107 3010 4179 frugi
3053 4111 3266 4179 pridem
3313 4124 3369 4169 et
3396 4131 3517 4171 mo-

1955 4192 2106 4246 deSta
2132 4193 2255 4248 vitae
2290 4194 2449 4249 ratio.
2477 4195 2637 4251 Nune
2660 4196 2829 4253 facies
2869 4206 2959 4254 tua
2988 4200 3118 4256 luxu
3143 4213 3196 4258 et
3244 4206 3387 4262 fucis
3436 4216 3522 4265 est

1952 4291 2248 4351 corrupta;
2286 4285 2353 4339 ad
2372 4285 2596 4341 delicias
2615 4288 2959 4355 exorbitasti,
3007 4284 3074 4345 ad
3115 4308 3295 4351 mores
3346 4296 3523 4353 disso-

1955 4369 2098 4424 lutos
2124 4370 2420 4427 deﬂexisti.
2474 4375 2608 4429 Nam
2638 4376 2730 4445 qui
2760 4376 2856 4431 tibi
2876 4379 2984 4433 vim
3032 4372 3280 4439 fecerunt
3309 4385 3519 4455 pridem

278 4447 817 4519 σωρᾱλληλὲζόμενα,
837 4450 933 4500 καὶ
957 4450 1078 4501 κατ’
1101 4451 1254 4503 οὐδὲν
1278 4453 1542 4517 ἀπίοικας
1566 4454 1846 4525 βασιλείας
1876 4500 1921 4556 D
1951 4476 1978 4515 c

1810 4477 1846 4522 .;
1876 4500 1921 4556 Β
1951 4460 2087 4515 citra
2117 4477 2303 4516 curam
2328 4462 2600 4530 formosas,
2636 4468 2791 4521 vultu
2821 4470 3129 4526 admirabili
3175 4484 3234 4529 et
3282 4447 3510 4534 amabili

274 4542 543 4609 γυναικὸς
579 4539 1040 4609 πανευδαίμονος,
1077 4545 1278 4612 σεμνῆς
1312 4546 1372 4595 τὸ
1401 4545 1599 4610 κάλλος
1625 4587 1640 4613 ,
1678 4550 1845 4619 εὐφυ-

274 4634 371 4693 σῦς
426 4632 487 4683 τὶ,
537 4630 790 4701 μέγεθος.
843 4630 1160 4700 εὐπρεποῦς
1207 4634 1307 4702 τὴν
1356 4635 1500 4704 ὕψιν,
1538 4637 1843 4705 ἑαλωκυίας

277 4724 465 4789 μέντοι
490 4723 678 4788 χερσὶν
727 4721 978 4788 ἐραστῶν
1031 4722 1289 4790 ἀναιδῶν,
1326 4726 1463 4795 μηδὲ
1508 4732 1841 4800 τιμωμένων

272 4811 466 4864 ὀϐολοῦ
503 4810 634 4880 παρ’
667 4811 985 4881 ὲχέφροσιν,
1018 4812 1141 4864 οὔτε
1172 4816 1279 4884 μὴν
1313 4818 1547 4887 ἐχόντων
1581 4821 1641 4874 τὸ
1672 4840 1843 4892 μεγα-

272 4902 546 4972 λοπρεπὲς
614 4902 787 4969 αὐτῆς
841 4902 1095 4967 συνιδεῖν,
1132 4903 1256 4973 μηδ’
1313 4908 1731 4981 εὐλαϐουμένων
1782 4914 1843 4968 τδ

272 4987 431 5057 ὕψος,
466 4988 588 5058 μηδ’
618 4989 1100 5059 ὐποστελλομένων
1117 4999 1176 5045 τὸ
1201 4993 1436 5060 εὐγενὲς,
1468 4998 1641 5053 ἐνίοτε
1663 5001 1719 5054 δὲ
1750 5002 1842 5055 καὶ

271 5084 411 5150 πρὸς
440 5079 599 5147 ὓϐριν
628 5081 1030 5149 περιελκόντων
1062 5083 1158 5132 καὶ
1182 5084 1260 5144 είς
1289 5084 1476 5153 κοίτην
1516 5088 1841 5156 ἀπαγόντων

270 5169 552 5236 ἀθέμιτον.
602 5168 667 5220 Ai
730 5169 832 5237 τῆς
883 5171 1315 5237 αἰσχρουργίαςί
1382 5172 1484 5227 Οἴα
1544 5178 1840 5242 πέπονθας,

270 5251 360 5307 οἷα
392 5259 652 5309 τεθέασαι
678 5258 689 5309 !
722 5258 883 5322 Ὀψις
917 5260 1124 5327 πόρνης
1162 5263 1382 5323 ἐγένετό
1410 5281 1490 5316 σοι
1518 5266 1710 5335 χρῆμα
1741 5274 1839 5321 πέο

1953 4552 2215 4619 praeditas,
2259 4552 2327 4606 ad
2362 4553 2742 4609 meretricium
2794 4552 3041 4613 habitum
3069 4568 3120 4613 te
3172 4560 3517 4633 redegerunt.

1959 4641 2193 4707 Quando
2226 4642 2384 4696 istam
2437 4644 2735 4701 deformem
2769 4646 2994 4702 formam
3050 4653 3258 4706 exues?
3302 4655 3521 4722 quando

1952 4742 2279 4787 accersitum
2311 4744 2593 4804 aspectum
2615 4746 2674 4792 et
2709 4753 2958 4809 gressum
3000 4742 3380 4813 mutabis?qui
3419 4755 3470 4800 te
3492 4763 3521 4799 a

1950 4824 2251 4893 tyrannicis
2280 4825 2401 4881 istis
2437 4830 2780 4898 amplexibus
2832 4847 2930 4901 per
2954 4833 3062 4887 vim
3100 4834 3423 4901 vindicabit,
3467 4848 3523 4893 et

1943 4912 2011 4965 ad
2027 4921 2265 4967 veterem
2288 4915 2668 4970 castimoniam
2683 4926 2739 4971 et
2762 4917 3071 4975 libertatem
3090 4921 3316 4980 reducet
3336 4926 3358 4979 7
3385 4927 3522 4981 Nam

1947 5018 2101 5059 nunc
2138 5003 2363 5073 quidem
2394 5021 2588 5074 parum
2616 5007 2770 5064 abest
2798 5010 2933 5080 quin
2956 5021 3008 5066 te
3034 5013 3311 5071 rideamus
3342 5019 3524 5086 potius

1944 5108 2109 5163 quam
2122 5092 2465 5157 miseremur,
2483 5100 2671 5150 eorum
2689 5104 2930 5152 utentem
2945 5102 3341 5159 consuetudine
3355 5105 3447 5175 qui
3470 5113 3523 5162 to

1952 5185 2252 5251 dedecent;
2274 5193 2440 5255 atque
2462 5187 2514 5240 id
2533 5187 2887 5256 opprobrium
2910 5190 3208 5257 intuentes,
3234 5211 3527 5251 vereamur

1940 5291 2010 5329 ne
2067 5291 2292 5346 prorsus
2340 5272 2576 5332 delearis
2625 5288 2682 5332 et
2732 5278 2800 5333 ad
2857 5288 3163 5339 extremum
3197 5300 3446 5342 corruas.

272 5356 536 5421 ρίπυστον
587 5353 673 5422 [Ρ.
704 5353 832 5424 525]
914 5353 1010 5405 καὶ
1072 5356 1307 5424 πρᾶγμα
1367 5361 1672 5427 περίδοξον.
1742 5365 1853 5418 Kal.
1891 5368 2121 5438 φροῦδον
2188 5368 2289 5439 μέν
2319 5382 2404 5424 σοι
2459 5372 2519 5424 τὸ
2549 5372 2849 5443 ἀπέριττον
2890 5375 3067 5431 ἐκεῖνο
3096 5377 3292 5441 κάλλος
3339 5383 3432 5432 καὶ
3465 5383 3524 5435 τ’)

269 5450 365 5501 τοῦ
400 5448 689 5517 προσώπου
732 5448 965 5518 αξόἧμον
995 5454 1090 5503 καὶ
1132 5453 1164 5520 ἡ
1200 5452 1437 5523 σώφρων
1508 5460 1600 5511 καὶ
1671 5462 1915 5533 προτέρα
1954 5465 2231 5534 ἐγκρατὴς
2281 5465 2485 5531 δίαιτα,
2545 5466 2841 5537 περίεργον
2870 5468 2926 5521 δὲ
2984 5470 3078 5523 καὶ
3140 5476 3523 5545 μετεγγραφὶν

271 5543 550 5610 ἐντρίψεσι
585 5547 677 5595 aut
708 5560 1021 5614 φαρμακοις
1048 5549 1108 5600 το
1142 5551 1233 5603 σὺν
1255 5553 1580 5620 πρόσωπον,
1647 5558 1739 5607 καὶ
1809 5557 2171 5613 διεσκεύασαι
2205 5562 2344 5629 πρὸς
2374 5561 2590 5632 τρυφὴν
2646 5562 2744 5615 καὶ
2798 5565 2938 5633 πρὸς
3011 5560 3145 5635 ἦθος
3225 5543 3515 5624 ἀκόλαστοι.

275 5640 715 5710 μετερρύθμισαι
749 5660 762 5675 ο
798 5644 849 5696 οί
882 5647 991 5713 γάρ
1024 5661 1085 5698 σε
1135 5646 1463 5716 βιασάμενοι
1496 5652 1596 5722 τὴν
1646 5652 1840 5724 πρώην
1878 5656 2235 5727 ἀπεριέργως
2306 5657 2479 5729 καλὴν
2514 5660 2609 5714 καὶ
2686 5660 2747 5713 τὸ
2784 5657 2924 5725 εἶδος
2971 5664 3220 5735 ἀγαστὴν
3260 5669 3353 5719 καὶ
3386 5669 3514 5722 ἐπέ-

271 5753 471 5804 ραστον
525 5736 660 5807 πρὸς
712 5740 771 5790 τὸ
826 5743 1104 5811 ἐτιιρικδν
1158 5745 1576 5811 μετεπὶάσαντο
1671 5749 1880 5819 σχῆμα.
1921 5753 2057 5805 Πότε
2110 5755 2428 5817 ἀνανευσεις
2508 5754 2606 5826 τῆς
2659 5755 2910 5825 ἀμόρφου
2958 5758 3161 5828 ταύτης
3211 5760 3516 5829 εὐμορφίας
