4304 6354
766 378 876 443 883

1983 386 2278 446 NICE'I‘A‘I
2320 385 2518 444 CHON
2534 387 2723 443 L-\'l‘.'E

3899 379 4005 442 831

763 492 986 556 versati,
1039 492 1352 561 imperatori
1387 505 1777 562 persuaserunt
1825 505 1881 549 ut
1914 509 2060 550 recta
2099 499 2166 550 ad
2198 497 2331 550 Pro-
2362 500 2411 555 Δ
2437 513 2463 546 τ

2309 526 2331 536 -
2362 500 2411 555 Α
2437 498 2534 558 τὰς
2562 496 2752 565 κώμας
2775 497 2968 548 ὁπόσαι
3013 496 3271 565 κατήκοοι
3327 495 3527 567 Χρύσῳ
3552 497 3828 565 γεγόνασι,
3860 503 4001 568 μετᾶ

763 599 947 635 sacum
1018 584 1314 641 adduceret
1379 585 1722 647 exercitum,
1783 603 1894 656 quo
1963 597 2124 657 capto
2190 588 2326 641 nihil

763 674 1023 742 deinceps
1098 689 1254 742 posse
1312 676 1588 736 resistere,
1647 678 1946 745 praesertim
2002 692 2125 731 cum
2194 677 2328 731 nihil

764 764 1054 836 impediret
1103 765 1398 834 quominus
1441 781 1618 822 arcem
1643 767 1811 836 668
1843 767 1967 821 belli
2024 767 2328 831 invaderet,

765 868 865 905 nec
917 853 1216 920 quidquam
1266 867 1410 908 esset
1464 855 1608 923 quod
1667 854 1878 908 hostem
1931 869 2028 924 per
2078 853 2333 924 ambages

764 957 1008 1007 quturere
1043 953 1282 1013 cogeret.
1341 945 1607 1006 Praeterea
1659 945 1930 1000 neminem
1973 959 2094 1000 esse
2133 946 2229 1014 qui
2279 945 2333 998 in

763 1032 1059 1086 barbaricis
1109 1044 1165 1086 et
1211 1034 1372 1087 faedis
1415 1035 1522 1089 illis
1571 1035 1708 1090 locis
1754 1036 1961 1090 diutius
2010 1039 2336 1090 commorari

764 1123 1053 1184 sustineat,
1093 1123 1244 1176 nullo
1300 1132 1396 1178 aut
1445 1126 1641 1194 exiguo
1691 1140 1816 1179 cum
1877 1129 2077 1189 fructu,
2134 1126 2336 1180 ficuum

764 1225 820 1270 et
867 1232 1140 1285 peponum
1201 1227 1448 1286 tempore
1495 1219 1756 1281 instante,
1823 1227 1878 1271 et
1917 1218 2130 1272 caeteris
2165 1219 2340 1286 pomis

766 1307 1288 1370 maturescentibus,
1340 1307 1541 1374 quibus
1596 1308 1888 1376 Propontis
1945 1317 2005 1362 ut
2053 1307 2342 1376 paradisus

765 1395 862 1449 Dei
889 1396 1146 1451 manibus
1185 1397 1431 1453 consitus
1462 1396 1706 1453 abundet
1743 1415 1760 1449 t
1788 1398 2029 1462 Utinam,
2066 1397 2342 1466 inquiunt,

767 1469 821 1538 in
867 1485 1060 1555 Rhegii
1097 1486 1323 1554 planitie
1364 1501 1633 1550 essemus,
1681 1494 1737 1540 et
1781 1485 2116 1555 Aphameam
2151 1498 2345 1539 cerne-

713 1608 717 1611 -
768 1590 976 1637 remus,
1003 1587 1064 1630 ut
1093 1592 1244 1630 sacra
1272 1576 1426 1646 Cpoli
1461 1577 1695 1631 salutata
1717 1576 1771 1629 in
1796 1576 2151 1645 Propontidis
2171 1591 2346 1631 amoe-

770 1664 969 1719 nitates
1002 1667 1406 1736 navigaremus,
1433 1681 1598 1734 quam
1623 1666 1776 1721 lenes
1817 1675 1872 1721 et
1905 1666 2153 1720 fecundae
2178 1666 2347 1734 Aqui-

774 1754 914 1815 lonis
965 1769 1112 1808 aurae
1156 1754 1357 1824 jugiter
1409 1755 1668 1824 perﬂant,
1720 1755 1814 1808 ubi
1863 1756 2044 1823 pisces
2097 1763 2345 1809 recentes

773 1845 1063 1913 palpitant,
1097 1846 1191 1900 ubi
1241 1845 1529 1914 delphines
1570 1846 1970 1914 iucundissime
2002 1846 2224 1907 saltant,
2260 1845 2352 1899 ubi

775 1935 988 1989 lavacra
1033 1936 1232 2004 passim
1293 1937 1576 2000 arrident,
1637 1937 1728 1989 ubi
1780 1937 2138 2005 limpidorum
2201 1936 2354 1988 rivu-

777 2028 955 2080 lorum
1007 2027 1176 2081 ﬂexus
1205 2036 1570 2096 spectatorem
1603 2028 1936 2087 exhilarant,
1989 2027 2080 2080 ubi
2131 2027 2356 2080 auribus

780 2118 1245 2171 obambulantium
1321 2119 1554 2186 garritus
1621 2117 1978 2172 hirundinum
2045 2125 2102 2170 et
2166 2125 2358 2170 cantus

781 2208 1135 2263 lusciniarum
1191 2218 1626 2276 caeterarumque
1673 2211 1854 2268 avium
1922 2207 2301 2261 blandiuntur.
2336 2225 2354 2256 ι

784 2298 954 2368 igitur
978 2298 1274 2367 imperator
1302 2298 1438 2352 laxis
1473 2298 1702 2352 habenis
1729 2298 1795 2352 ad
1836 2298 2132 2352 Prosacum
2162 2297 2356 2361 fertur,

787 2390 942 2459 quasi
1000 2390 1173 2444 oculis
1231 2405 1294 2445 ea
1359 2399 1681 2459 usurpasset
1730 2406 1851 2460 qua:
1914 2390 2143 2450 auribus
2205 2403 2361 2442 acce-

790 2492 965 2552 perat.
1047 2483 1239 2537 Obiter
1315 2493 1492 2537 tamen
1574 2483 1795 2536 castella
1859 2481 2106 2550 quaedam
2173 2495 2361 2534 eversa

791 2587 940 2638 sunt,
972 2584 1023 2628 et
1058 2575 1253 2628 horrea
1304 2584 1358 2628 et
1405 2584 1617 2641 segetes
1661 2574 1897 2629 incensae
1935 2614 1948 2634 ,
2002 2581 2058 2626 et
2087 2588 2115 2625 a
2161 2571 2360 2632 Persis,

793 2682 930 2734 quos
950 2666 1269 2735 Ancyranus
1291 2677 1506 2735 satrapa
1539 2667 1857 2735 imperatori
1888 2665 2092 2718 auxilio
2117 2665 2363 2726 miserat,

795 2758 974 2812 Blacbi
1027 2758 1233 2826 aliquot
1285 2757 1447 2826 capti.
1483 2757 1620 2811 Tum
1666 2756 1982 2810 orthodoxae
2017 2755 2140 2810 fidei
2197 2753 2368 2824 669

796 2849 1038 2902 cultores
1093 2848 1477 2915 imperatorem
1506 2847 1768 2901 obtestati
1807 2855 1934 2900 sunt
1991 2861 2060 2899 ne
2088 2863 2117 2899 a
2175 2846 2368 2899 Turcis

797 2940 1048 2993 homines
1091 2941 1183 3007 qui
1240 2937 1493 2992 eumdem
1551 2940 1720 2992 Deum
1773 2939 1978 2998 colant,
2048 2953 2212 3005 quem
2271 2953 2370 2990 nos

797 3043 1210 3093 veneraremur,
1278 3027 1472 3082 abduci
1537 3028 1647 3081 ullo
1712 3028 1876 3080 modo
1946 3036 2244 3096 pateretur,
2301 3043 2369 3080 ne

2431 589 2488 640 δὲ
2540 589 2641 652 τὴν
2668 585 2875 639 τούτων
2906 586 3166 656 χείρωσιν
3193 585 3270 655 τῷ
3298 589 3568 657 Προσάκῳ
3602 590 3978 659 παρεμϐαλεῖν

2433 678 2577 730 οὕτω
2606 679 2714 747 γάρ
2738 677 2980 729 ἐσεῖσθαι
3013 677 3108 730 καὶ
3155 675 3216 730 τδ
3273 678 3597 747 στράτευμα
3639 680 4002 746 εὐθαρσέστε-

2439 786 2554 840 ρον,
2594 771 2662 822 τά
2693 768 2992 837 εύχείρωτα
3027 768 3557 838 καταστρεψάμενον
3585 771 3852 841 πρότερον
3907 776 4003 825 καὶ

2435 859 2584 911 λείαν
2639 858 2851 910 ἐκεῖθεν
2907 856 3383 926 περιϐαλόμενον,
3440 857 3534 909 καὶ
3590 860 3751 912 αὑτὸν
3800 861 3855 911 δὲ
3912 863 4005 912 τὸν

2437 955 2653 1024 Χρύσον
2681 957 2746 1024 τῇ
2786 954 2877 1023 βίᾳ
2910 953 3020 1004 τῶν
3055 953 3397 1023 πραγμάτων
3429 952 3733 1020 ἀγχόμενον
3756 950 3841 1021 [Ρ.
3874 951 4006 1020 5'26]

2444 1044 2980 1114 μεταϐουλεύσασθαί
3041 1062 3094 1096 τι
3165 1044 3533 1113 χρηστότερον
3571 1082 3586 1105 ,
3635 1042 3854 1094 ἐνδόντα
3911 1041 4008 1094 τοῦ

2447 1137 2587 1203 ἄγαν
2619 1136 2767 1204 ἦκαλ.
2800 1136 3107 1200 ἀπογνόντα
3164 1134 3272 1186 τῶν
3316 1133 3440 1186 καθ’
3472 1132 3660 1186 αὐτόν.
3719 1132 3825 1184 Τοῦ
3857 1133 3913 1183 δέ
3945 1150 4009 1199 γε

2445 1229 2584 1282 κατὰ
2608 1228 2708 1295 τὴν
2743 1228 2964 1296 πρώτην
3006 1225 3186 1294 ὁρμὴν
3244 1225 3358 1285 τοῖς
3405 1223 3791 1291 ἀπροσμάχοις
3849 1223 4013 1284 εὐθὺς

2445 1321 2778 1391 προσϐαλεῖν
2819 1321 2916 1372 καλ⁵
2958 1319 3093 1387 πρὸς
3133 1315 3235 1386 ὅρη
3271 1314 3672 1383 διαμιλλᾶσθαι
3735 1315 4012 1380 ἀπότομα,

2449 1412 2525 1480 μὴ
2556 1411 2652 1463 καὶ
2703 1404 2844 1462 εἴναι
2901 1409 3128 1477 μάταιον
3179 1405 3388 1474 ἔλεγον,
3445 1407 3540 1459 καὶ
3576 1405 3753 1467 άλλως
3782 1406 4015 1474 ἱδρῶτας

2446 1502 2580 1570 ὀρᾷν
2622 1499 2984 1568 αἱματόεντας
3026 1497 3121 1550 καὶ
3163 1496 3566 1566 προσκείμενον
3613 1496 3776 1548 πόνον
3825 1497 4014 1558 πολὺν,

2451 1591 2545 1642 καὶ
2565 1588 2930 1658 φαντάζεσθαι
2959 1587 3162 1656 κόρσας
3191 1587 3492 1656 άναύχενας
3524 1585 3633 1639 τῶν
3657 1585 4022 1654 μαχουμένων

2451 1677 2682 1744 ἀνδρῶν.
2723 1678 2834 1730 Καὶ
2859 1679 2909 1729 οί
2955 1676 3055 1740 μὲν
3115 1676 3290 1730 ταῦτα
3347 1675 3649 1745 παρῄνουν,
3682 1674 4021 1741 ἀντέστησαν

2453 1769 2511 1823 δὲ
2537 1769 2915 1838 γενναιότερον
2941 1769 2990 1820 οί
3024 1769 3098 1837 μὴ
3124 1767 3341 1836 ὲνόρχαι
3365 1765 3462 1818 τοῦ
3494 1766 3762 1835 βασιλέως
3797 1765 4015 1833 πρόκοι-

2457 1877 2561 1922 τοι,
2593 1851 2666 1910 ὧν
2689 1857 3094 1927 ὲπρωτίστευεν
3123 1860 3151 1911 ό
3185 1857 3467 1924 Οίανώτης
3490 1855 3782 1925 Γεὼργιος,
3834 1857 3928 1906 καὶ
3956 1856 4026 1905 τὰ

2457 1951 2548 2004 ἐπὶ
2575 1952 2673 2019 τῆς
2709 1949 3005 2020 Θεραπείας
3054 1949 3358 2016 λειογένεια
3391 1948 3676 2017 μειράκια.
3729 1940 3889 1998 Οὗτοι
3916 1945 4027 2011 γὰρ

2459 2041 2814 2108 περιστάντες
2845 2040 2936 2092 τὸν
2961 2039 3184 2107 βασιλέα
3213 2039 3433 2091 παλαιοὶ
3463 2039 3555 2091 καὶ
3579 2035 3851 2101 πανδέξιοι
3884 2035 4031 2085 ἔπει-

2460 2149 2559 2185 σαν
2597 2133 2654 2192 ές
2683 2133 2772 2182 τὶν
2794 2131 3072 2200 Πρόσακον
3095 2128 3387 2197 εύουώρως
3417 2127 3572 2194 ἄγειν
3595 2128 3693 2195 τὴν
3741 2125 4026 2194 στρατιάν,

2461 2225 2553 2274 καὶ
2581 2223 2704 2274 κατ’
2737 2222 2901 2275 αὑτοῦ
2931 2222 3025 2273 τοῦ
3054 2220 3266 2289 Χρύσου
3280 2220 3460 2274 ἀντίον
3483 2220 3548 2271 τὰ
3572 2219 3713 2270 ὅπλα
3746 2218 3903 2284 ἄγειν
3931 2217 4028 2266 καὶ⁵

2460 2317 2521 2367 τὸ
2539 2314 2666 2382 δόρυ
2699 2312 3170 2380 διαγκωνίζεσθαι,
3200 2313 3273 2374 ὡς
3300 2330 3318 2362 ι
3345 2313 3404 2361 ΕΞ
3434 2304 3585 2371 οὗτος
3615 2307 3905 2369 ἁλώσεται,
3931 2308 4032 2358 οὐκ

2463 2406 2609 2458 ἐστιν
2657 2405 2805 2466 ὅστις
2833 2405 2889 2464 ἐς
2924 2402 2982 2455 τὸ
3008 2402 3134 2469 ἑξῆς
3190 2401 3591 2470 ἀντιστήσεται.
3630 2401 3740 2453 Καὶ
3771 2398 3946 2456 ἄλλως
3977 2395 4034 2447 δὶ

2462 2495 2513 2545 τί
2538 2494 2596 2545 τὸ
2624 2491 3053 2562 προσιστάμενον
3106 2490 3179 2559 μὴ
3237 2488 3380 2540 κατα
3412 2486 3504 2538 τοῦ
3552 2486 3767 2553 καιρίου
3828 2485 4036 2550 μέρους

2465 2587 2664 2639 αὐτίκα
2705 2586 2925 2652 χωρεῖν,
2982 2580 3094 2633 ἀλλ’
3122 2582 3185 2632 ὲκ
3217 2579 3481 2648 περιόδων
3511 2577 3605 2628 καὶ
3656 2575 3868 2627 κύκλων
3908 2588 4037 2640 μετ-

2468 2675 2725 2744 έρχεσθαι
2752 2675 2811 2725 τὸ
2861 2671 3120 2739 πολέμιον
3146 2687 3160 2734 ;
3221 2669 3354 2736 πρὸς
3380 2668 3435 2719 δὲ
3467 2667 3678 2727 τούτοις
3713 2665 3794 2726 τίς
3817 2663 3882 2715 ἂν
3909 2661 4036 2714 ἀνέ-

2470 2770 2619 2834 ξεται
2646 2767 2778 2825 ὅλως
2806 2767 2927 2825 ταῖς
2963 2762 3326 2830 βαρϐαρικαῖς
3381 2757 3603 2818 ταύταις
3637 2755 3730 2808 καὶ
3765 2752 4039 2822 ἀχαριτώ-

2467 2875 2580 2917 τοις
2607 2856 2808 2924 χώραις
2838 2851 3136 2922 διατρίϐειν
3168 2851 3259 2901 ἐπὶ
3314 2848 3447 2899 πολὺ
3477 2847 3543 2898 δι’
3593 2845 3743 2898 οὐδὲν
3771 2843 3803 2910 ἦ
3841 2839 4040 2909 μικρὸν

2470 2951 2680 3019 δφελος,
2715 2949 2810 3016 τῆς
2864 2947 2972 2996 τῶν
3029 2950 3230 2995 συκῐων
3265 2940 3359 2992 καὶ
3413 2939 3519 2990 τῶν
3577 2936 3830 2988 πεπόνων
3888 2933 4042 2999 ὧρας

2473 3040 2839 3111 ὲφισταμένης
2870 3037 2964 3088 καὶ
3020 3034 3128 3086 τῶν
3187 3033 3361 3085 ἄλλων
3404 3026 3788 3096 περκαζόντων
3817 3021 4042 3091 ὡραίων

801 3120 1118 3190 religionem
1164 3120 1420 3190 abiurare
1480 3119 1657 3173 coacti
1739 3120 1910 3173 Deum
1967 3128 2156 3172 contra
2203 3134 2299 3172 eos
2339 3133 2367 3169 a
2398 3138 2440 3195 ο
2472 3151 2501 3186 τ

2340 3133 2367 3169 ³
2398 3138 2440 3195 C
2472 3135 2570 3199 τῆς
2601 3132 2724 3199 γῆς,
2761 3123 2840 3190 οἷς
2867 3123 3227 3195 ὐπερδὲϐριθε
3263 3119 3563 3190 Προποντὶς
3597 3117 3696 3167 ὅσα
3731 3115 3822 3164 καὶ
3859 3112 4040 3178 παρά-

801 3211 1001 3278 quibus
1048 3209 1219 3270 dediti
1261 3218 1444 3267 essent
1494 3210 1819 3279 instigarent
1858 3227 1871 3267 ;
1928 3208 2022 3262 sed
2057 3209 2275 3262 Blachis
2309 3209 2362 3260 in

804 3302 1178 3355 Romanorum
1221 3301 1441 3355 servitia
1502 3300 1811 3360 distributis
1863 3299 2062 3363 Persae,
2119 3299 2214 3368 qui
2274 3313 2369 3355 eos

805 3391 1098 3456 cepissent,
1150 3389 1273 3444 aliis
1305 3390 1693 3459 largitionibus
1742 3390 2115 3458 placarentur.
2170 3389 2369 3442 Verum

807 3484 896 3538 111(¹
942 3483 1102 3551 plane
1149 3482 1374 3543 renuit;
1425 3491 1480 3535 et
1511 3480 1706 3535 castris
1737 3481 1804 3534 ad
1837 3479 2129 3534 Prosacum
2181 3481 2374 3548 positis

809 3573 992 3626 statim
1056 3572 1516 3641 oppugnationem
1576 3579 1785 3625 tentare
1833 3571 2090 3625 instituit.
2143 3571 2221 3623 Ac
2265 3571 2378 3624 Βο-

810 3663 957 3716 mani
994 3678 1159 3731 opera
1198 3661 1435 3717 edebant
1456 3663 1680 3730 praamio
1712 3671 1768 3716 et
1792 3661 2160 3715 admiratione
2191 3661 2376 3728 digna,

811 3767 964 3820 spem
1037 3765 1255 3806 omnem
1327 3751 1609 3804 alacritate
1678 3759 2030 3818 superantes.
2097 3747 2231 3802 Nam
2289 3748 2381 3802 alii

813 3841 1018 3911 clypeis
1063 3849 1120 3893 et
1170 3838 1377 3893 strictis
1457 3839 1682 3893 ensibus
1757 3838 1978 3901 muniti,
2053 3837 2147 3890 alii
2221 3851 2384 3891 arcus

814 3938 871 3984 et
937 3929 1162 4000 sagittas
1239 3937 1517 3998 gestantes
1590 3928 1647 3981 in
1733 3927 1938 3985 arduos
2015 3928 2229 3983 castelli
2294 3937 2384 3981 tu-

816 4020 995 4074 mulos
1058 4021 1411 4089 arrepebant,
1468 4028 1524 4073 et
1571 4019 1834 4073 moenium
1899 4017 2213 4078 defensores
2260 4017 2387 4072 facti

816 4119 1101 4184 propiores
1187 4111 1567 4179 impetebant.
1658 4110 1906 4177 Denique
2018 4119 2142 4177 post
2262 4108 2390 4162 fati-

820 4206 1094 4274 gationem
1162 4211 1217 4255 et
1289 4200 1493 4254 caedem
1571 4199 1794 4252 multam
1869 4199 2136 4252 barbaros
2212 4200 2394 4254 muni-

823 4297 971 4349 tione
998 4308 1187 4348 recens
1215 4291 1386 4360 portis
1412 4289 1647 4344 obducta
1669 4289 2012 4358 depulerunt.
2044 4289 2211 4342 Erant
2229 4289 2392 4342 etiam

825 4386 919 4456 qui
971 4399 1068 4455 per
1119 4381 1429 4452 praecipites
1491 4381 1738 4433 tramites
1793 4381 2020 4434 funibus
2066 4394 2184 4434 sese
2237 4379 2398 4432 attol-

2473 3225 2647 3284 δεισος
2699 3221 2841 3290 χειρὶ
2871 3217 3006 3270 Θεοῦ
3068 3213 3394 3282 φυτευθείςς
3437 3209 3559 3261 Εἴθε
3581 3205 3685 3257 ὑπὸ
3710 3205 3880 3255 πλακὶ
3921 3204 4045 3270 Ῥη-

2473 3315 2595 3384 γίου
2627 3311 2920 3380 γενοίμεθα
2965 3309 3056 3360 καὶ
3116 3305 3421 3372 Ἀφάμειαν
3481 3296 3840 3365 θεασαίμεθα,
3897 3297 4046 3354 ὅπως

2477 3405 2870 3475 προσείποιμεν
2931 3400 3030 3464 τὴν
3082 3398 3230 3464 ἱερὰν
3287 3387 3885 3447 Κωνσταντινούττολιν,
3949 3386 4045 3435 κὰ-

2477 3499 2654 3551 κεῖθεν
2705 3497 2761 3556 ές
2791 3494 2857 3544 τὰ
2911 3491 3002 3542 τοῦ
3041 3489 3145 3558 πρὸ
3175 3487 3267 3538 τοῦ
3322 3486 3520 3536 Πόντου
3576 3481 3824 3550 τρυφερὰ
3872 3479 4049 3546 χωρία

2479 3584 3086 3658 προσαναπλείσαιμεν,
3140 3578 3262 3629 ἔνθα
3311 3574 3510 3642 πραεῖά
3542 3590 3625 3634 τις
3662 3571 3806 3636 αὖρα
3837 3569 4050 3636 βόρειος

2481 3683 2572 3732 καὶ
2609 3676 2870 3743 ζωογόνος
2922 3670 3247 3740 προσϐάλλει
3310 3667 3395 3718 διὰ
3448 3665 3668 3724 παντὸς,
3729 3663 3823 3713 καὶ
3861 3659 4046 3725 ἰχθύες

2481 3766 2690 3826 νεαλεῖς
2751 3759 3191 3830 περισκαίρουσι,
3247 3755 3340 3806 καὶ
3392 3752 3633 3817 δελφῖνες
3665 3749 3883 3817 ἥδιστον
3914 3747 4053 3797 ἁνα-

2483 3855 2811 3926 ορὼσκουσι,
2831 3847 3070 3916 λουτρῶν
3090 3860 3152 3896 τε
3173 3838 3721 3912 χάριτεςδιαγελῶσιν
3743 3831 4053 3900 ἁπανταχῆ,

2485 3925 2582 3998 καὶ
2614 3942 2862 4011 ἀργύρεα
2894 3935 3222 4004 πλανώμενα
3246 3931 3412 3984 ὕδατα
3427 3930 3516 3980 τὸν
3537 3927 3734 3996 θεατὴν
3751 3925 4056 3993 διαχέουσι,

2487 4033 2704 4094 καὶτὰς
2757 4029 2926 4090 ἀκοάς
2976 4027 3084 4078 τῶν
3139 4023 3298 4093 δεῦρο
3359 4021 3582 4073 κάκεῖσε
3615 4016 4060 4086 περιφοιτὼντων

2490 4125 2709 4180 ἑστιῶσι
2768 4117 3171 4188 κατακηλοῦσαι
3230 4113 3590 4167 κωτίλλουσαι
3644 4108 3915 4177 χελιδόνες
3965 4108 4062 4158 καὶ

2497 4214 2854 4288 μελεάζουσαι
2891 4209 3111 4277 ἀηδόνες
3143 4205 3241 4258 καὶ
3270 4206 3376 4256 πᾶν
3406 4205 3594 4271 ἔτερον
3632 4200 3769 4269 άλλῃ
3801 4198 3895 4249 καὶ
3927 4197 4063 4262 ἄλλῃ

2495 4307 2695 4376 τρύζον
2769 4305 2828 4355 ὲν
2877 4303 2995 4362 ταῖς
3053 4299 3281 4366 λόχμαις
3328 4296 3424 4348 καὶ
3466 4292 3739 4354 τιτυῦίζον
3802 4289 4063 4357 μουσικὸν

2501 4397 2720 4468 πτερόν.
2753 4413 2770 4446 ι
2811 4393 2957 4460 Ὀλῳ
3012 4389 3192 4442 τοίνυν
3247 4388 3441 4455 ῥυτῆρι
3496 4383 3633 4453 πρὸς
3652 4381 3753 4468 τὸν
3780 4379 4065 4468 Πρόσακον

825 4481 1022 4542 lentes,
1059 4489 1115 4533 et
1165 4479 1220 4531 in
1271 4477 1505 4545 rupibus
1559 4475 1735 4527 instar
1764 4486 2085 4541 caprearum
2136 4471 2392 4523 inesitan-
2427 4461 2471 4513 Ι)
2501 4504 2525 4552 τε

2368 4497 2392 4508 ·
2427 4461 2471 4513 D
2501 4461 2726 4553 φέρεται
2787 4477 3059 4548 βασιλεὺς,
3107 4475 3264 4539 εἴπερ
3294 4473 3352 4532 ὲς
3383 4470 3494 4520 ἴσον
3539 4466 3686 4532 αὺτῷ
3732 4465 3970 4531 κατέστη
4001 4465 4063 4528 τῇ

828 4581 933 4634 tes,
968 4570 1168 4625 mcenia
1213 4565 1602 4622 transcendere
1649 4573 1705 4616 et
1745 4563 1799 4616 in
1844 4562 2018 4630 ipsam
2060 4574 2240 4614 arcem
2265 4574 2394 4612 eva-

829 4664 958 4717 dere
1038 4661 1350 4714 niterentur
1389 4695 1403 4708 .
1478 4655 1585 4709 Sed
1680 4668 1806 4706 cum
1900 4649 2397 4720 propugnatoribus

832 4753 1129 4823 proﬂigatis
1173 4760 1228 4803 et
1275 4750 1325 4802 in
1373 4747 1656 4801 castellum
1701 4744 1999 4812 compulsis
2038 4757 2096 4795 se
2145 4756 2258 4794 rem
2307 4755 2394 4794 sa-

831 4845 1062 4898 lutarem
1127 4849 1184 4894 et
1237 4837 1666 4908 pulcherrimam
1739 4832 2040 4887 confecisse
2100 4837 2395 4899 putarent,

834 4950 952 4991 tum
990 4935 1211 4991 demum
1271 4929 1474 4985 laboris
1524 4928 1606 4981 sui
1644 4926 1937 4978 vanitatem
1989 4923 2396 4977 intellexerunt.

833 5029 969 5082 Nam
1015 5041 1139 5079 cum
1197 5024 1407 5090 ligones
1477 5019 1545 5074 ad
1617 5017 1818 5072 mwnia
1881 5013 2150 5068 diruenda
2210 5021 2401 5082 postu-

836 5122 1082 5180 lassent,
1150 5113 1316 5184 670
1392 5126 1554 5164 nemo
1611 5109 1715 5163 fuit
1782 5107 1875 5174 qui
1907 5121 1971 5159 ea
2036 5105 2402 5158 instrumenta

839 5209 1237 5280 suppeditaret.
1268 5206 1538 5258 Caeterum
1587 5198 1947 5254 nihilominus
1983 5198 2036 5248 in
2065 5209 2231 5262 opere
2280 5208 2406 5261 per-

842 5311 1160 5364 severantes
1226 5296 1442 5349 fabrum
1509 5292 1771 5360 praefecto
1844 5287 2286 5348 succensehant,
2350 5293 2407 5337 et

844 5391 1096 5445 manibus
1126 5403 1188 5440 ac
1237 5383 1430 5454 gladiis
1485 5396 1582 5449 pro
1627 5378 1901 5448 ligonibus
1932 5377 2012 5428 usi
2045 5389 2169 5427 saxa
2199 5387 2228 5424 c
2260 5387 2408 5425 com-

845 5483 1074 5553 pagibus
1103 5478 1390 5537 eruebant,
1418 5482 1473 5528 et
1504 5472 1699 5541 pinnas
1727 5466 2022 5523 assiliendo
2051 5463 2406 5517 revellebant.

847 5575 954 5628 Sed
988 5587 1110 5626 cum
1148 5586 1235 5622 res
1269 5565 1476 5619 tardius
1529 5559 1854 5632 procederet
1901 5565 1955 5610 et
1993 5556 2094 5624 ipsi
2149 5570 2214 5607 ex
2248 5568 2412 5620 supe-

852 5667 997 5726 riore
1051 5664 1170 5716 loco
1217 5658 1352 5712 male
1406 5662 1791 5712 tractarentur,
1839 5649 1924 5701 vix
1973 5646 2192 5699 tandem
2239 5661 2414 5697 arma-

853 5755 1120 5813 mentario
1145 5750 1432 5822 pra-fectus
1465 5745 1630 5814 spado
1671 5744 1878 5811 ligones
1921 5739 1973 5792 in
2006 5752 2170 5792 unum
2210 5737 2413 5792 fascem

2501 4574 2652 4642 θέᾳό
2693 4570 2870 4635 λόγος.
2927 4565 3090 4618 Ὅθεν
3140 4561 3262 4614 τινὰ
3327 4561 3424 4627 μὲν
3479 4557 3730 4626 ἐρύματα
3786 4555 4066 4621 πάρεργον

2499 4662 2619 4717 ὁδοῦ
2654 4657 3138 4726 κατεστράφησαν,
3167 4650 3440 4718 θημωνίαι
3470 4665 3530 4698 τε
3564 4644 3792 4715 καρπῶν
3821 4644 3916 4694 καὶ
3940 4643 4066 4710 λὴῐα

2501 4749 2784 4818 πυροφόρα
2835 4742 3338 4813 κατῃθαλώθτβαν,
3401 4738 3497 4789 καὶ
3545 4735 3770 4804 Περσῶν
3823 4734 4067 4785 ἑάλωσαν

2501 4843 2697 4910 Βλάχοι
2725 4839 3065 4907 δορύκτητοι,
3096 4832 3187 4893 οὓς
3210 4836 3236 4884 ὁ
3265 4831 3362 4897 τῆς
3393 4829 3599 4890 πόλεως
3642 4825 3912 4894 Ἀγκύρας
3978 4842 4070 4876 σα-

2503 4932 2719 5002 τράπης
2747 4925 3075 4993 ἐπικούρους
3110 4920 3418 4974 ἀπέσταλκε
3477 4915 3706 4985 βασιλεῖ,
3742 4915 3832 4966 ὅτε
3885 4915 3983 4964 καὶ
4015 4912 4101 4962 τὸ»

2507 5025 2607 5094 μὲν
2630 5022 2756 5089 περὶ
2784 5021 2881 5087 τὴν
2901 5013 3181 5086 όρθόδοξον
3213 5012 3395 5063 πίστιν
3427 5008 3576 5073 ὑγιὲς
3609 5006 3703 5094 καὶ
3733 5004 4072 5094 Θερμότερον

2504 5090 2595 5163 τὸν
2633 5107 2857 5178 βασιλέα
2913 5101 3276 5167 ὲξελιπάρησε
3307 5097 3383 5165 μὴ
3412 5093 3762 5162 συγχωρῆσαι
3789 5090 3925 5149 ὅλως
3964 5092 4073 5148 τοῖς

2506 5200 2770 5266 Τούρκοις
2821 5192 3003 5244 οἴκαδε
3053 5189 3373 5256 ἀνθρώπους
3437 5183 3784 5253 μετενεγκεῖν
3843 5178 3978 5230 Θεὸν
4018 5178 4074 5228 ὃν

2509 5295 2668 5362 ἡμεῖς
2721 5287 3102 5358 πρεσϐεύομεν
3157 5281 3506 5350 σεσομένους,
3535 5279 3623 5330 ἵνα
3662 5275 3737 5344 μὴ
3767 5275 3864 5334 τὴν
3895 5272 4075 5323 πίστιν

2510 5386 2734 5442 ἄκοντες
2781 5379 3137 5446 μεταθέμενοι
3168 5376 3227 5426 τὸ
3258 5374 3412 5425 Θεῖον
3464 5369 3605 5422 κατὰ
3659 5367 3769 5418 τῶν
3814 5365 4074 5415 ἐκδόντων

2513 5474 2848 5543 ὲκμήνωσιν.
2892 5469 3026 5522 ἀλλὰ
3074 5469 3134 5520 τὸ
3182 5467 3280 5534 μὲν
3336 5461 3599 5530 Βλαχικδν
3644 5457 3989 5525 αἰχμάλωτον
4023 5455 4075 5513 ὲς

2513 5567 2780 5621 οἰκετικὸν
2833 5561 3160 5626 ἀποδοθῆναι
3229 5554 3544 5624 Ῥωμαίοις,
3605 5550 3802 5608 αὐτοὺς
3859 5545 3914 5598 δὲ
3955 5544 4075 5603 τοὺς

2516 5657 2952 5729 χειρωσαμένους
2999 5653 3214 5720 Πέρσας
3262 5642 3723 5716 φιλοφρονηθῆναι
3769 5635 4075 5729 δεξιώσεσιν

2521 5753 2728 5825 ἑτέραις
2767 5746 3068 5816 βασιλικαῖς
3098 5746 3161 5794 ’ὁ
3187 5741 3242 5793 δὲ
3272 5739 3376 5790 οὐδ’
3411 5736 3542 5800 ὅλως
3577 5733 3880 5785 ἐπένευσεν.
3935 5723 4078 5776 Ἐπεὶ
