4304 6354
268 453 376 516 885

270 564 328 617 δι
360 559 454 613 καὶ
481 559 536 621 ὲς
565 555 732 610 αὑτὸν
786 551 1016 623 ἔφθάκει
1064 549 1156 603 τδν
1186 547 1493 619 Πρόσακον,
1529 540 1704 614 βαλὼν
1728 541 1843 591 ὲκεί
1873 546 1915 600 Α
1948 534 2229 603 colligatos

272 667 379 704 που
408 648 734 719 στρατήγιον
765 645 905 711 ἔγνω
928 641 1023 698 τοῦ
1052 639 1311 711 φρουρίου
1337 636 1535 691 αὐτίκα
1569 632 1840 701 πειράσα-

276 743 427 796 σθαι.
459 740 570 792 Καὶ
598 733 667 807 ἦν
697 736 835 806 ἔργα
863 732 1302 805 πρδςῬωμαίων
1332 727 1632 797 τηνικαῦτα
1663 723 1846 777 τελού-

279 850 416 905 μενα
467 831 704 884 κατιδεῖν
758 829 990 897 γέρατος
1043 824 1135 877 καὶ
1188 822 1462 890 θαύματος
1520 817 1848 887 ἄξια’ὑπὲρ

275 925 387 991 γὰρ
402 920 622 981 ἐλπίδας
667 915 1081 987 διηγωνίσαντο.
1112 914 1175 965 Οἱ
1235 912 1333 981 μὲν
1374 910 1484 978 γὰρ
1510 908 1726 977 θυρεοῖς
1753 906 1849 959 καὶ

280 1014 513 1082 γυμνοῖς
540 1008 878 1081 φραξάμενοι
916 1005 1000 1078 [Ρ.
1023 1002 1154 1069 ⁸527]
1184 1004 1416 1071 ξίφεσιν,
1444 1002 1493 1054 ei
1518 1000 1575 1053 δὲ
1606 1000 1735 1063 τόξα
1756 998 1851 1051 καὶ

258 1108 410 1184 Δβέλη
443 1108 700 1175 φέροντες
726 1102 855 1171 περὶ
886 1101 954 1154 τὰ
984 1100 1187 1168 ἀνάντη
1218 1101 1311 1151 τοῦ
1345 1096 1608 1167 φρουρίου
1630 1095 1851 1163 ἀνεῤῥιο

256 1188 455 1269 ’χῶντο
478 1196 753 1265 γεώλοφα,
778 1193 870 1247 καὶ¹
903 1194 1013 1254 τοῖς
1041 1191 1149 1245 ἀπὸ
1177 1189 1371 1259 τειχῶν
1404 1188 1497 1241 καὶ
1546 1188 1643 1255 τῆς
1677 1186 1853 1252 ἄκρας

290 1290 620 1358 μαχομένοις
668 1285 1131 1355 ἔπεγχρίπτοντες
1174 1280 1421 1334 ἔϐαλλον.
1482 1278 1700 1339 Ἀμέλει
1760 1276 1856 1328 καὶ

288 1378 427 1446 μετά
451 1378 696 1446 κάματον
761 1376 857 1429 καὶ
912 1374 1070 1441 φόνον
1128 1371 1295 1425 πολὺν
1347 1370 1678 1439 ἑξέκρουσαν
1729 1368 1857 1430 τοὺς

286 1468 606 1536 Βαρϐάρους
654 1464 750 1517 τοῦ
804 1463 1287 1532 προτειχίσματος,
1322 1461 1457 1529 ὅπερ
1487 1456 1856 1528 προφύλαγμα

286 1556 397 1608 τῶν
436 1557 612 1608 ἐκεῖσε
647 1554 834 1607 πυλῶν
889 1552 1276 1621 ἐπῳκοδόμητο
1307 1547 1522 1603 νεωστί.
1552 1542 1737 1599 Ἦσαν
1803 1547 1861 1598 δ’

287 1647 338 1699 οῖ
371 1647 463 1701 καὶ
482 1646 570 1700 διὰ
598 1647 707 1699 τῶν
733 1643 1074 1716 κρημνωδῶν
1096 1640 1435 1710 ἀνιμὼμενοι
1464 1638 1666 1692 ἀνόδων
1696 1639 1862 1706 ἠκρο-

290 1735 493 1788 ϐἀτουν
536 1735 610 1798 ῶς
668 1737 929 1803 αῖγαγροι
959 1774 974 1798 ,
1027 1731 1367 1802 πειρώμενοι
1427 1727 1681 1797 γενέσθαι
1734 1728 1865 1779 εῐσω

291 1823 488 1892 τειχῶν
514 1824 761 1894 καὶπρὸς
789 1823 958 1892 αὐτὴν
992 1822 1089 1891 τὴν
1119 1820 1296 1891 άκραν
1321 1818 1676 1886 ἀναδραμεῖν.
1709 1814 1866 1867 Ἀλλ’
1897 1857 1937 1911 Β

1328 1864 1597 1979 σωτίζριιόν
1649 1925 1710 1962 τε
1744 1908 1861 1978 ἅμα
1897 1864 1937 1911 Β

1913 1864 1937 1911 ³
1964 1888 2148 1943 statim
2185 1884 2242 1939 in
2278 1890 2535 1953 promptu
2587 1877 2845 1934 fuissent.
2874 1873 3033 1929 Nune
3092 1869 3179 1924 vel
3224 1864 3391 1921 officii
3442 1878 3542 1917 ne-

2274 1976 2287 1979 —
2336 1976 2365 1979 —
2526 1972 2539 1979 -
2713 1970 2742 1979 -
2946 1978 2951 1979 ,
3002 1961 3211 1979 η-ρῌ-
3281 1954 3541 1979 ,ημλη

292 1916 385 1968 ὅτε
416 1933 467 1967 τι
495 1915 745 1969 διανύσαι
807 1914 969 1983 ἔργον
1021 1912 1281 1983 ᾠήθησαν

296 2006 392 2057 καὶ
416 2004 725 2069 κάλλιστον,
778 2005 906 2066 τοὺς
941 2002 1033 2054 ἐπὶ
1075 2000 1183 2053 τῶν
1234 1998 1430 2069 τειχῶν
1486 1996 1864 2067 ἀμυνομένους

298 2097 631 2167 τρεψάμενοι
686 2094 782 2148 καὶ
823 2094 954 2147 εἴσω
998 2092 1439 2161 συγκλείσαντες,
1495 2089 1618 2142 τότε
1642 2087 1866 2150 εἰκαίως

296 2187 718 2256 διαπονούμενοι
760 2185 1006 2253 ἔγνωσαν
1028 2201 1043 2215 ·
1091 2184 1416 2254 αἰτήσαντες
1446 2181 1555 2250 γὰρ
1581 2180 1866 2241 σκαπάνας

299 2278 383 2340 είς
408 2278 509 2346 τὴν
535 2277 643 2329 τῶν
675 2276 977 2344 περιϐόλων
1029 2274 1351 2344 καθαίρεσιν
1394 2271 1588 2325 οὐδένα
1625 2266 1771 2339 εἶχον
1802 2270 1867 2322 τὸ

301 2367 524 2437 αἰτηθὲν
572 2368 738 2420 ὅπλον
792 2367 1156 2438 προσάγοντα.
1231 2364 1611 2434 Ἐπιμένοντες
1669 2361 1726 2414 δὲ
1770 2362 1867 2415 καὶ

303 2458 448 2513 οὕτω
475 2460 552 2529 τῷ
582 2460 765 2530 μόχθῳ
795 2460 890 2512 καὶ
946 2459 1085 2512 κατὰ
1134 2457 1239 2509 τῶν
1271 2457 1363 2510 ἐπὶ
1412 2454 1522 2509 τῶν
1580 2453 1873 2524 βασιλικῶν

305 2554 487 2608 ὅπλων
517 2550 970 2621 ἀγανακτοῦντες,
1007 2549 1239 2621 χερσίτε
1267 2548 1360 2601 καὶ
1385 2546 1593 2617 ξίφεσιν
1619 2548 1695 2607 ὼς
1725 2547 1874 2615 ἀμά-

306 2646 430 2709 λαις
476 2646 769 2715 χρώμενοι,
835 2659 961 2705 τους
988 2642 1166 2702 λίθους
1190 2641 1452 2694 ἀπέσπων
1490 2638 1589 2707 τῆς
1628 2638 1876 2709 ἀρμογῆς

310 2740 407 2789 καὶ
435 2736 504 2789 τὰ
536 2735 785 2805 θωράκια
820 2732 1094 2803 καθῄρουν
1120 2730 1567 2800 ἀναθορνύμενοι.
1594 2730 1876 2799 Σχολαίτε-

315 2839 410 2893 ρον
434 2822 491 2877 δὲ
524 2820 618 2874 τοῦ
650 2820 811 2890 ἔργου
840 2819 1251 2886 προϐαίνοντος,
1279 2818 1374 2868 καὶ
1405 2816 1584 2869 αὐτῶν
1632 2832 1878 2885 προσπα-

316 2910 558 2979 σχόντων
598 2908 785 2971 κακῶς
815 2910 878 2961 ὲκ
902 2907 1010 2959 τῶν
1063 2906 1429 2975 ἐπικειμένων
1487 2904 1695 2958 ἀνωθεν
1730 2907 1878 2957 ἀντι-

317 3002 529 3065 πάλων,
551 3000 648 3068 ὀψὲ
679 2998 773 3052 καὶ
804 2996 1041 3066 βραδέως
1062 2998 1090 3048 ὁ
1115 2997 1226 3059 τοῖς
1257 2996 1443 3056 ὅπλοις
1482 2994 1724 3061 ἐφεστὼς
1752 2993 1879 3045 θλα-

316 3090 434 3153 δίας
461 3090 708 3158 ἀφίκετο,
769 3087 1057 3150 σκαπάνας
1111 3084 1351 3157 κομίξων
1399 3087 1477 3149 είς
1505 3086 1599 3138 ἕνα
1643 3085 1881 3154 όρμαθὸν

316 3183 407 3236 διὰ
442 3180 704 3251 μηρίνθου
757 3178 1230 3249 συμϐεϐλημένας.
1262 3179 1391 3230 Δέον
1441 3172 1532 3231 οὖν
1564 3177 1757 3229 αὐτίκα
1788 3194 1886 3228 κα-

317 3270 743 3340 ταποντισθῆναι
766 3269 856 3322 τὸν
885 3269 1202 3339 ὲπίρρητον,
1265 3268 1297 3337 ἢ
1328 3266 1458 3334 γοῦν
1484 3263 1768 3336 δυσφόρως
1791 3267 1887 3319 καὶ

322 3360 578 3432 χαλεπῶς
629 3359 720 3411 τὸν
744 3357 1051 3428 κρατοῦντα
1079 3358 1404 3425 ὑπενεγκεῖν
1429 3358 1490 3409 τὸ
1527 3356 1771 3427 πραχθὲν
1805 3357 1889 3420 είς

325 3449 588 3519 βραχεῖαν
609 3446 871 3515 ἀνάψυξιν
912 3445 1018 3498 τῶν
1075 3445 1220 3514 μάχῃ
1251 3444 1346 3498 καὶ
1403 3443 1544 3512 δίψει
1583 3444 1677 3498 καὶ
1710 3444 1891 3510 πνίγει

324 3537 783 3607 κακουχουμένων
813 3536 900 3590 διὰ
929 3536 1017 3589 τὸν
1046 3535 1106 3599 ἐξ
1132 3534 1282 3605 ἡλίου
1307 3534 1585 3598 καύσωνα,
1609 3537 1636 3586 ὁ
1665 3533 1718 3586 δὲ
1755 3534 1890 3605 μόνῃ

326 3629 646 3699 ἐπιπλήξει.
706 3626 801 3680 καὶ⁸
830 3625 1003 3697 ταύτῃ
1038 3625 1296 3696 ἀκκισμῷ
1342 3626 1668 3695 κατεχούσῃ,
1702 3628 1797 3678 καὶ
1824 3629 1890 3695 τῇ

326 3720 698 3791 περιψοφήσει
758 3716 866 3770 τῶν
920 3718 1147 3786 χειλέων
1198 3716 1290 3768 τὸν
1315 3714 1727 3783 ἀγανακτοῦντα
1761 3714 1895 3766 ὑποο

330 3813 658 3884 κρινάμενος
684 3809 983 3865 κατέϐαλεν
1040 3807 1182 3862 οὕτω
1211 3808 1278 3861 τὰ
1307 3808 1414 3860 τῶν
1436 3808 1704 3876 γενναίων
1751 3806 1896 3859 ὲκεί-

330 3917 438 3954 νων
468 3898 682 3968 ἀνδρῶν
710 3897 1057 3969 φρονήματα.
1075 3896 1198 3948 Ἐπὶ
1222 3895 1281 3951 δὲ
1308 3894 1484 3969 τούτῳ
1508 3896 1601 3947 καὶ
1627 3893 1897 3962 κλίμακας

340 3989 728 4060 αἰτησάμενοι,
763 3989 914 4050 ὅπως
942 3987 1012 4040 δι’
1045 3985 1225 4043 αὐτῶν
1284 3987 1341 4046 ἐς
1370 3986 1441 4036 τά
1481 3983 1593 4037 ἀνω
1634 3982 1897 4050 γένωνται

330 4074 443 4134 τῶν
472 4073 692 4144 τειχῶν,
716 4073 839 4131 οὐδὲ
871 4071 1075 4126 τούτων
1098 4070 1295 4125 αὐτίκα
1332 4070 1697 4142 ηὒμοίρησαν.
1733 4070 1899 4144 Ὅθεν

337 4167 416 4238 μὴ
464 4140 868 4235 ἔπ’νάνηνύτοις
896 4163 1066 4216 εἰσέτι
1103 4163 1289 4231 μογεῖν
1315 4140 1637 4231 ἀνεχόμενοι
1671 4140 1904 4229 μετέϐη-

339 4278 439 4315 σαν
461 4257 670 4312 ἐκεῖθεν
726 4256 823 4326 οὐχ
883 4255 1084 4308 έκοντί.
1121 4253 1219 4305 Ἐκ
1274 4252 1369 4305 τοῦ
1410 4252 1817 4321 ἀναμφιλέκτου
1848 4253 1904 4305 δ’

340 4350 432 4412 ἀν,
453 4348 528 4410 ὠς
557 4348 606 4399 οἱ
642 4344 1135 4416 τειχομαχούμενοι
1163 4342 1363 4411 Βλάχοι
1393 4342 1714 4403 διετείνοντο
1745 4341 1905 4393 ὔστε-

340 4457 456 4510 ρον,
505 4439 648 4492 ὲάλω
700 4438 761 4490 τὸ
826 4436 1086 4509 φρούριον

1087 438 1185 498 DE
1230 434 1511 497 ALEXIO
1546 426 1826 491 lSAACll
1872 419 2155 483 ARGELI
2204 420 2319 479 FH.
2364 415 2488 477 ΜΒ
2551 411 2661 470 lll.

3404 392 3510 455 886

2284 525 2487 581 attulit.
2534 521 2670 574 Cum
2724 522 2905 569 autem
2938 510 3102 562 homo
3141 497 3513 557 exsecrandus

1946 587 2129 679 statim
2178 611 2613 685 submergendus
2646 607 2835 660 fuisset
2878 609 2975 655 aut
3023 596 3215 650 saltem
3272 587 3516 660 graviter

1947 708 2342 782 objurgandus,
2381 715 2443 759 ut
2478 701 2683 755 milites
2728 707 2928 763 pugna,
2953 687 3142 743 labore
3169 690 3232 737 et
3280 686 3417 782 aestu
3448 689 3516 731 ex

1948 805 2146 860 ardore
2205 799 2336 854 solis
2385 792 2571 851 aﬂlicti
2618 786 2832 844 nonihil
2879 784 3291 837 recrearentur,
3349 770 3522 839 impe-

1950 903 2102 948 rator
2170 903 2340 959 prope
2401 884 2577 939 invito
2634 876 2859 941 similis,
2919 882 3204 925 murmure
3248 862 3523 919 labiorum

1950 951 2215 1040 duntaxat
2260 951 2517 1034 simulata
2574 967 2861 1027 iracundia
2919 961 3134 1018 animos
3186 955 3409 1011 fortium
3466 951 3527 1004 il—

1951 1076 2130 1130 lorum
2180 1072 2426 1125 virorum
2490 1062 2712 1132 dejecit.
2757 1055 2971 1113 Deinde
3024 1050 3185 1108 scala
3239 1046 3405 1102 etiam
3458 1041 3527 1132 ad

1953 1176 2167 1219 summa
2229 1158 2433 1214 moenia
2502 1129 2931 1208 conscendenda
2997 1134 3376 1211 ﬂagitantibus
3439 1129 3527 1183 vix

1956 1252 2174 1308 tandem
2192 1251 2332 1305 data:
2360 1255 2510 1303 sunt.
2552 1243 2743 1313 Itaque
2769 1236 2917 1294 inani
2943 1234 3133 1290 labore
3158 1245 3217 1285 se
3256 1224 3533 1283 conficere

1958 1345 2208 1398 nolentes
2264 1355 2377 1396 non
2435 1312 2659 1407 sponte,
2692 1329 2823 1386 inde
2883 1328 3259 1382 recesserunt.
3315 1312 3534 1407 Alioqui

1959 1433 2261 1495 castellum,
2305 1437 2367 1484 ut
2396 1405 2584 1483 Blaehi
2637 1420 2847 1478 obsessi
2891 1412 3243 1487 postmodum
3293 1405 3530 1461 afﬁrma-

1961 1531 2111 1587 runt,
2150 1521 2289 1577 citra
2316 1512 2752 1574 controversiam
2793 1512 3164 1577 expugnatum
3192 1508 3249 1555 et
3285 1498 3529 1566 Cbrysus

1963 1615 2080 1685 ipse
2138 1623 2332 1681 captus
2375 1614 2557 1671 esset,
2608 1610 2667 1658 et
2716 1597 2956 1656 Romani
3012 1605 3265 1663 magnam
3320 1586 3536 1643 laudem

1964 1677 2247 1761 consecuti
2301 1700 2490 1755 multis
2534 1696 2696 1769 67],
2758 1697 2949 1762 postea
2995 1683 3281 1743 laboribus
3323 1677 3539 1735 caruis-

1966 1806 2112 1861 sent,
2141 1796 2186 1850 si
2225 1795 2588 1849 instrumenta
2615 1787 2683 1841 ad
2723 1779 3054 1839 diruendam
3086 1788 3305 1831 murum
3345 1771 3541 1826 idonea

1964 1979 2175 2050 glectus
2208 1976 2294 2030 vel
2336 1976 2484 2029 Deus
2526 1972 2644 2041 ipse
2704 1970 2777 2041 (is
2830 1978 2965 2021 vero
3000 1961 3220 2017 veniam
3275 1954 3544 2011 concedat

1968 2046 2024 2123 in
2076 2083 2175 2123 sua
2209 2064 2417 2137 judicia
2468 2073 2678 2119 temere
2729 2054 3055 2128 inquirenti)
3103 2052 3171 2107 iis
3223 2046 3548 2104 hominibus

1968 2136 2219 2215 offensus
2234 2156 2346 2212 illis
2374 2152 2664 2210 conatibus
2703 2146 2942 2206 obstitit.
2967 2145 3045 2200 Ac
3065 2157 3134 2198 eo
3172 2140 3264 2195 die
3306 2136 3539 2193 Romani

1968 2249 2049 2303 sic
2077 2263 2107 2301 a
2131 2259 2313 2317 pugna
2338 2242 2750 2303 discesserunt;
2793 2249 2902 2307 qua
2940 2230 3209 2305 postridie
3265 2238 3547 2287 renovata.

1972 2336 2244 2392 Barbaros
2278 2332 2490 2387 fortiter
2524 2337 2582 2384 et
2623 2326 2928 2383 insolenter
2973 2323 3045 2379 ob
3094 2322 3414 2376 hesternum
3456 2332 3550 2370 ca-

1974 2441 2092 2481 sum
2142 2433 2447 2496 pugnantes
2478 2425 2845 2491 repererunt;
2902 2430 3005 2470 nec
3055 2411 3216 2483 pauci
3247 2424 3313 2465 ex
3348 2407 3554 2462 nostris

1977 2525 2377 2573 tormentorum
2408 2512 2555 2569 saxis
2583 2511 2698 2575 icti,
2742 2524 2809 2564 ex
2842 2506 3126 2576 superiore
3155 2503 3277 2557 loco
3319 2499 3555 2554 solerter

1974 2606 2210 2668 emissis,
2241 2602 2578 2659 ceciderunt.
2599 2600 2732 2655 Nam
2754 2597 2850 2668 qui
2876 2611 2969 2651 eas
2997 2592 3281 2648 machinas
3314 2589 3553 2642 instrue-

1979 2697 2092 2759 bat,
2165 2694 2558 2749 solertissimus
2642 2689 2880 2753 artifex,
2950 2682 3224 2755 principio
3298 2677 3557 2734 Romanis

1979 2785 2230 2841 mercede
2288 2782 2629 2844 inservierat,
2696 2788 2811 2834 tum
2872 2789 3002 2829 vero
3028 2773 3101 2827 ob
3156 2786 3264 2825 non
3316 2768 3555 2823 solutum

1980 2876 2319 2948 stipendium
2376 2874 2445 2929 ad
2504 2872 2774 2942 Cbrysum
2837 2868 3133 2923 defecerat.
3188 2862 3378 2931 Neque
3429 2873 3559 2912 vero

1983 2971 2160 3042 globis
2216 2969 2483 3024 duntaxat
2543 2964 2963 3024 machinarum,
3020 2958 3115 3013 sed
3179 2955 3326 3010 saxis
3386 2952 3552 3007 etiam

1986 3076 2224 3131 superne
2265 3058 2535 3114 devolutis
2565 3054 2737 3110 nostri
2788 3050 3188 3121 allligebantur.
3236 3045 3312 3099 Ea
3340 3056 3558 3113 quoque

1913 3179 1958 3238 ο
1987 3169 2115 3209 saxa
2144 3167 2264 3221 qua:
2309 3149 2488 3219 primo
2540 3147 2745 3215 impetu
2795 3156 3023 3212 corpora
3055 3154 3163 3194 non
3198 3136 3557 3205 attingebant,

1987 3258 2112 3297 cum
2147 3238 2521 3296 eminentibus
2559 3235 2789 3304 rupibus
2828 3232 2979 3287 allisa
3014 3230 3068 3283 in
3109 3227 3341 3294 plurima
3385 3223 3560 3277 frusta

1988 3332 2309 3397 dissilirent,
2350 3330 2458 3382 huc
2484 3335 2650 3396 atque
2680 3325 2809 3379 illuc
2840 3335 3027 3391 sparsa
3052 3318 3216 3390 672
3245 3312 3559 3371 lethiferum

1988 3430 2148 3476 erant
2168 3420 2390 3475 malum.
2444 3419 2511 3472 Et
2553 3414 2777 3472 Barbari
2836 3420 3005 3467 noctu
3061 3408 3197 3463 clam
3252 3421 3285 3462 e
3332 3403 3561 3459 castello

1989 3513 2193 3582 egressi
2232 3511 2513 3564 machinas
2545 3522 2692 3577 quas
2731 3502 2958 3560 Romani
3004 3500 3058 3555 in
3108 3497 3335 3553 tumulis
3372 3495 3558 3564 dispo-

1990 3611 2217 3657 suerant
2250 3601 2590 3668 deiecerunt,
2623 3606 2679 3651 et
2705 3594 2961 3651 excubias
2994 3592 3212 3647 territas
3259 3587 3327 3644 ad
3369 3593 3559 3656 proto-

1994 3693 2234 3748 vestiarii
2276 3691 2502 3747 Joannis
2551 3688 2845 3743 tentorium
2875 3684 3145 3755 fugientes
3186 3679 3369 3748 adepti
3410 3682 3559 3734 sunt.

1996 3792 2055 3837 ut
2094 3782 2139 3837 is
2167 3794 2383 3852 quoque
2421 3793 2611 3834 somno
2654 3789 2920 3830 excussus
2953 3771 3135 3827 statim
3189 3784 3219 3823 e
3255 3768 3395 3821 lecto
3440 3778 3563 3817 sur-

1996 3880 2148 3942 geret
2174 3850 2229 3925 et
2270 3850 2516 3937 trepidus
2557 3866 2789 3937 fugeret.
2819 3860 3066 3916 Praedam
3114 3858 3169 3911 in
3212 3855 3331 3925 ejus
3375 3850 3562 3907 taber-

1998 3961 2195 4015 naculo
2258 3968 2527 4026 repertam
2586 3955 2798 4026 partiti,
2862 3953 2917 4007 in
2970 3965 3076 4020 qua
3138 3947 3306 4002 etiam
3357 3942 3563 3997 virides

1999 4049 2164 4104 calcei
2214 4061 2395 4111 erant,
2445 4047 2655 4117 insigne
2701 4041 2983 4115 dignitatis
3037 4039 3207 4100 illius,
3251 4050 3349 4107 per
3393 4042 3560 4088 tetam

2001 4154 2119 4194 eam
2156 4148 2369 4193 noctem
2414 4153 2504 4193 res
2556 4138 2828 4192 Romanas
2875 4132 3185 4188 deriserunt
3228 4137 3284 4183 et
3330 4127 3565 4182 subsan-

2004 4239 2224 4284 narunt.
2274 4231 2541 4284 Praeterea
2589 4242 2759 4283 vacua
2805 4225 2948 4280 dolia
2998 4219 3336 4278 demittendo
3381 4216 3566 4273 sonitu

2004 4318 2325 4381 exercitum,
2369 4318 2501 4388 quid
2564 4318 2640 4372 rei
2690 4325 2836 4372 esset
2891 4315 2948 4369 in
3002 4310 3248 4367 tenebris
3294 4308 3565 4379 ignarum,

1131 4434 1229 4487 καὶ
1264 4400 1522 4503 ἔΧρύσος
1577 4433 1907 4502 συνείληπτο

2007 4407 2543 4477 perterrefaciebant.
2582 4405 2948 4473 Quamobrem
2973 4416 3099 4458 cum
3123 4400 3421 4470 imperator
3453 4411 3561 4450 non

339 4485 456 4584 ζιαὶ⁷
480 4529 781 4599 Ῥωμαίοις
819 4485 1065 4598 ξθῖφημον
1092 4485 1161 4579 τδ
1180 4525 1341 4595 ἔργον
1362 4485 1486 4577 ἱιςόδε
1502 4485 1796 4591 ’γεγένητοι
1813 4525 1908 4577 καὶ

1943 4496 1983 4550 0
2013 4502 2307 4553 succedere
2351 4499 2661 4553 institutum
2694 4512 2855 4552 suum
2897 4502 3171 4558 cerneret,
3219 4505 3323 4545 nec
3366 4485 3569 4557 alioqui

339 4621 552 4673 πολλῶν
580 4621 837 4673 ἔσέπειτα
865 4636 932 4670 κα
944 4618 1128 4685 μάτων
1156 4615 1461 4684 ἀναίρεσις,
1492 4617 1541 4666 εί
1567 4615 1633 4666 τὰ
1651 4616 1787 4685 πρὸς
1813 4616 1913 4685 τὴν

341 4703 786 4777 καθαίρεσιντοῦ
844 4704 1058 4773 τείχους
1115 4702 1325 4772 δργανα
1382 4701 1789 4771 προητοίμαστο
1820 4702 1916 4755 καὶ

342 4797 486 4849 κατά
518 4796 710 4864 καιρὸν
758 4793 1099 4862 αἰτουμένοις
1125 4789 1437 4860 παρείχετο.
1487 4790 1599 4841 Νῦν
1623 4790 1678 4841 δὲ
1729 4792 1760 4857 ἡ
1808 4790 1915 4841 τῶν

342 4886 695 4954 καθηκόντων
744 4885 975 4953 ἀμέλεια
1004 4884 1036 4953 ἢ
1068 4884 1163 4936 καὶ
1227 4881 1359 4943 Θεὸς
1397 4880 1559 4942 αὐτὸς
1607 4880 1744 4949 (ἀλλ’
1778 4882 1911 4948 ἡμῖν

346 4976 527 5046 ἱλήκοι
554 4976 705 5039 Θεὸς,
740 4975 789 5026 ει
816 4974 1146 5043 ἐμπλήκτως
1175 4974 1289 5030 τοῖς
1347 4969 1514 5022 αὑτοῦ
1546 4969 1911 5037 ἐπιϐαλλομεν

345 5056 601 5136 κρίμασι)
668 5064 741 5134 μὴ
792 5067 850 5117 ὲν
908 5067 1019 5125 τοῖς
1063 5064 1186 5115 τότε
1248 5060 1558 5131 ἀνθρώποις
1607 5060 1913 5112 ὲπευδοκῶν

346 5158 620 5226 προσέστη
687 5158 801 5216 τοῖς
845 5155 1219 5223 άγωνίσμασι.
1282 5154 1392 5205 Καὶ
1424 5151 1544 5203 κατ’
1577 5152 1792 5220 ἐκείνην
1818 5152 1914 5221 μὲν

345 5248 447 5317 τὴν
483 5247 694 5315 ἡμέραν
723 5245 867 5298 οὕτω
910 5244 1175 5312 Ῥωμαῖοι
1220 5241 1659 5311 διημιλλήθησάν
1718 5257 1777 5292 τε
1821 5242 1916 5293 καὶ⁵

346 5338 690 5407 διελύθησαν,
753 5335 850 5404 τὴν
902 5334 947 5385 δ’
1005 5332 1261 5384 emo-301v
1291 5331 1448 5393 αὖθις
1503 5331 1637 5400 πρὸς
1660 5329 1917 5399 δευτέραν

350 5430 581 5500 ἐξῄεσαν
605 5425 948 5497 συμπλοκὴν,
999 5417 1159 5491 εὗρον
1184 5422 1240 5475 δὲ
1275 5422 1413 5491 μετά
1441 5423 1789 5490 φρονήματος
1824 5422 1919 5472 καὶ

352 5519 572 5589 κόμπου
598 5518 658 5569 τὸ
707 5516 1102 5584 ἀνθιστάμενον
1144 5510 1523 5581 ἁμιλλώμενον
1548 5511 1635 5563 διὰ
1657 5511 1725 5563 τά
1763 5527 1917 5563 συνε-

352 5610 615 5680 νεχθέντα
645 5608 828 5678 χθιζά.
871 5604 1034 5659 Ἀλλὰ
1060 5605 1155 5657 καὶ
1199 5604 1266 5658 τά
1330 5602 1633 5673 πετροϐόλα
1669 5600 1917 5669 μηχανή-

360 5717 506 5770 ματα
532 5698 612 5762 οἷς
642 5700 882 5770 ἐχρῶντο
902 5699 951 5749 oi
981 5696 1251 5767 Βάρϐαροι
1283 5693 1514 5763 ἀνῄρουν
1531 5692 1651 5762 οὐχὶ
1677 5690 1918 5760 βραχεῖς,

361 5790 632 5857 ἐπιτυχῶς
664 5790 758 5844 καὶ
778 5788 869 5857 ἀφ’
899 5786 1067 5856 ὕψους
1089 5786 1213 5849 τοὺς
1238 5784 1419 5847 λίθους
1445 5783 1874 5846 διακοντίζοντες

2012 4588 2220 4642 diutius
2249 4588 2531 4643 immorari
2554 4588 2949 4651 constituisset,
2973 4582 3375 4656 per-pactiones
3403 4579 3573 4649 Chry-

2014 4693 2076 4733 so
2115 4679 2451 4735 Strummiza
2499 4686 2555 4735 et
2587 4680 2823 4734 Prosaco
2852 4676 3211 4744 ﬁnitimisque
3260 4671 3577 4743 regionibus

2017 4770 2206 4832 cedit,
2258 4782 2314 4824 et
2378 4772 2628 4825 ouamvis
2700 4784 2925 4824 uxorem
2997 4765 3222 4821 babenti
3290 4764 3580 4833 quamdam

2019 4875 2086 4913 ex
2131 4875 2453 4929 cognatione
2503 4876 2598 4915 sua
2649 4875 2707 4915 se
2756 4861 2807 4914 ei
2851 4861 3251 4928 desponsurum
3291 4854 3579 4925 promittit.

2020 4950 2335 5020 Byzantium
2379 4965 2636 5005 reversus
2667 4950 3077 5018 protostratoris
3122 4947 3286 5001 ﬁliam
3329 4962 3360 5000 a
3390 4944 3584 4999 marito

2021 5041 2320 5109 sejunctatu
2380 5041 2591 5112 Cliryso
2645 5057 2741 5110 per
2808 5041 3093 5096 Sebasth
3162 5038 3583 5095 Constantinum

2024 5131 2359 5185 Rhadamum
2409 5134 2594 5187 mittit.
2650 5133 2811 5203 673
2864 5131 3223 5200 Sponsalibus
3264 5129 3500 5199 peractis
3529 5136 3586 5179 et

2023 5223 2251 5293 nuptiali
2273 5226 2524 5279 convivio
2541 5226 2808 5293 apposito,
2832 5224 3074 5293 Chrysus
3115 5233 3338 5277 strenue
3365 5226 3588 5288 putabat

2022 5325 2078 5369 et
2131 5316 2471 5369 comedebat.
2535 5314 2681 5370 Uxor
2714 5331 2846 5369 vero
2909 5315 3029 5383 ejus
3073 5314 3360 5369 observata
3418 5324 3577 5377 spon-

2025 5422 2207 5463 sarum
2260 5405 2659 5462 consuetudine
2714 5405 2851 5458 nihil
2882 5404 3220 5472 attingebat;
3270 5411 3327 5455 et
3366 5416 3491 5453 cum
3518 5401 3587 5453 ab

2018 5515 2085 5556 eo
2108 5500 2249 5553 vesci
2275 5502 2425 5567 jussa
2443 5514 2547 5552 non
2567 5497 2749 5552 statim
2784 5496 3073 5565 paruisset,
3098 5495 3177 5548 ira
3202 5494 3587 5556 inﬂammatus,

2024 5602 2079 5645 et
2104 5590 2288 5644 multis
2313 5590 2567 5644 Barbaris
2627 5587 2811 5641 verbis
2864 5602 2959 5655 per
3012 5583 3448 5656 indignationem
3484 5582 3589 5635 ob-

2029 5680 2403 5736 murmuratis.
2452 5679 2668 5733 tandem
2711 5693 2810 5747 per
2856 5685 3226 5745 contemptum
3300 5686 3474 5744 graece
3505 5670 3591 5726 di-

2034 5774 2109 5829 xit
2148 5793 2160 5830 :
2195 5793 2211 5825 ι
2250 5770 2433 5840 Neque
2459 5771 2604 5826 edito
2634 5784 2810 5839 neque
2845 5767 3032 5823 bibito.
3084 5785 3101 5818 ι
