4292 6396
278 391 385 452 889

1139 393 1236 451 DE
1271 391 1549 451 ALEXIO
1602 390 1879 451 ISAACII
1916 390 2197 450 ANGELI
2243 391 2360 450 ΡΒ.
2414 391 2559 451 LIB.
2605 392 2718 450 lli.

3396 395 3507 461 890

267 501 329 553 τὸ
357 503 400 551 δ’
432 501 599 569 ὄνομα
630 502 770 554 ἑκὼν
802 504 1234 573 παραδράμοιμι,
1266 505 1478 575 πλούτῳ
1505 506 1547 558 δ’
1579 501 1647 574 ἦν
1679 498 1832 564 οὗτος
1859 505 1907 562 Α
1938 517 1962 556 ιε

1810 505 1907 564 ςΑ
1938 517 2077 566 tem;
2137 517 2193 558 et
2259 507 2422 575 paulo
2483 516 2626 574 post,
2677 515 2738 561 ut
2786 507 2950 577 675
3003 508 3134 562 olim
3178 509 3500 574 histriones,

272 592 594 660 περιόριθὴς
648 596 740 647 καὶ
801 595 1062 661 μεγίστας
1097 595 1348 662 χειρέζων
1399 596 1568 663 ἀρχὰς
1601 599 1832 656 καὶτοῖς

269 681 400 748 περὶ
432 681 528 748 τὴν
561 681 832 749 βασίλειον
871 684 1090 751 γραφὴν
1116 687 1548 752 ἑγγραφόμενος.
1584 687 1836 754 Πλεγμά-

267 787 382 822 τιον
408 772 584 823 τοίνυν
617 776 678 824 ἐκ
709 773 889 838 λύγων
918 774 1298 842 συγκείμενον,
1338 778 1364 828 ὅ
1399 794 1562 841 φησιν
1597 779 1626 843 ἡ
1652 775 1838 843 δημώο

267 861 365 926 δης
400 864 597 923 φράσις
629 863 751 914 ὄνον
781 866 1015 928 ξύλινον,
1046 872 1410 936 χρυσοπάστῳ
1446 868 1598 937 σάγῳ
1637 868 1838 937 ζῳωτῷ

268 955 328 1013 ἐς
359 959 412 1004 τὸ
447 955 747 1030 διαμπερὲς
775 960 1106 1021 σκεπόμενον
1161 960 1561 1025 διαζωσάμενος
1622 961 1681 1011 τδ
1715 961 1837 1026 σχέ-

270 1043 379 1095 διον
415 1047 589 1096 ἐκεῖνο
625 1046 851 1112 θέατρον
919 1051 1165 1108 εἴσεισιν,
1198 1052 1282 1101 ὅτε
1319 1052 1409 1101 καὶ
1454 1047 1520 1118 ἦν
1553 1051 1643 1100 τὸν
1677 1051 1837 1100 αὑτὸν

269 1134 402 1202 ὀρᾷν
454 1139 539 1186 καὶ
603 1137 674 1209 obl;
743 1139 1020 1204 ἀναϐάτην
1078 1141 1689 1208 μεγαλοπρετευόμενον
1744 1142 1837 1192 καὶ

272 1227 436 1276 ἵππον
482 1230 672 1296 εὐήνια
725 1231 1114 1298 προποδίξοντά
1149 1248 1207 1283 τε
1265 1233 1356 1283 καὶ
1404 1235 1829 1298 χρεςιετὲςοντα·

273 1324 410 1382 μετᾱ
445 1319 617 1386 βραχὺ
646 1321 701 1372 δὲ
736 1339 825 1372 και
855 1329 977 1384 τοίς
1027 1324 1192 1375 πάλαι
1226 1325 1333 1374 τῶν
1379 1324 1671 1390 δραμάτων
1700 1326 1835 1375 ὑπο-

269 1414 481 1473 κριτάς.
543 1412 630 1462 τὸν
678 1414 914 1479 ἔφιππον
971 1416 1379 1482 ἀποδυσάμενος
1444 1417 1701 1482 ἔπαρχον,
1743 1416 1836 1466 τὸν

269 1501 585 1566 μαπτάριον
631 1502 1004 1570 ὑποκρίνεται.
1041 1501 1222 1556 Ἦσαν
1248 1505 1303 1556 δὲ
1342 1508 1388 1556 oi
1424 1506 1512 1556 τὸν
1568 1504 1836 1572 γυμνικὸν

268 1587 560 1652 ὑποδύντες
621 1595 805 1660 ἀγῶνα
838 1598 898 1646 οὗ
948 1597 1056 1648 τῶν
1103 1595 1162 1660 ἐξ
1214 1597 1418 1664 ἀγορᾶς
1477 1600 1569 1649 καὶ
1611 1596 1837 1664 τριόδων

272 1680 439 1742 τινὲς,
494 1682 610 1733 ἀλλ’
665 1687 992 1755 εὐπατρίδαι
1047 1688 1275 1751 νεανίαι,
1343 1688 1570 1756 πρώτως
1611 1686 1837 1754 φύοντες

269 1769 503 1834 γένειον.
556 1773 776 1826 Ἐθεᾶτο
834 1778 964 1842 γοῦν
1002 1777 1070 1828 τὰ
1126 1779 1361 1846 σκηνικά
1409 1778 1581 1831 ταῦτα
1618 1779 1713 1829 καὶ¹
1746 1794 1837 1842 γε·

1939 596 2183 663 deposila
2214 597 2490 664 equestris
2521 597 2760 665 praefecti
2800 613 3032 667 persona
3065 600 3308 667 peditem
3350 599 3508 654 vide-

1940 701 2048 740 res.
2085 685 2187 749 Qui
2220 686 2500 754 gymnicos
2531 686 2690 740 ludos
2729 677 3172 763 frequeptabant,
3197 705 3304 743 non
3343 698 3503 745 erant

1940 776 2190 827 homines
2220 775 2641 828 circumforanei
2678 786 2732 830 et
2775 778 3042 840 triviales,
3065 778 3160 832 sed
3189 771 3504 834 adolescen-

1941 877 2025 919 tes
2059 867 2294 932 patricii.
2329 868 2403 920 Ea
2432 868 2648 920 scenica
2674 879 2728 920 et
2765 869 2992 944 ridicula
3026 870 3235 924 ludicra
3267 871 3503 937 impera-

1941 968 2025 1010 tor
2055 968 2111 1010 et
2139 959 2454 1026 imperatrix
2485 960 2829 1026 spectabant,
2856 977 2961 1013 una
2996 971 3120 1014 cum
3155 963 3403 1031 cognatis
3445 969 3502 1015 et

1938 1050 2383 1102 hmioratioribus
2412 1051 2698 1111 ministris,
2719 1049 2930 1103 caeteris
2956 1052 3208 1103 omnibus
3240 1053 3497 1104 exclusis.

1936 1144 2072 1198 Cum
2105 1155 2318 1212 tempus
2353 1145 2606 1197 currendi
2644 1145 2880 1199 adesset.
2923 1146 3210 1198 eunuchus
3259 1144 3498 1197 medium

1938 1234 2116 1287 locum
2156 1246 2371 1295 tenens,
2403 1235 2655 1288 inanibus
2693 1235 2760 1287 ad
2810 1234 3025 1287 cubitos
3076 1249 3247 1302 usque
3282 1233 3501 1286 nudatis

1937 1335 1992 1380 et
2020 1337 2280 1396 argenteo
2309 1329 2545 1393 tegmine
2595 1329 2756 1394 capiti
2797 1327 3074 1394 imposito,
3111 1323 3333 1378 tertium
3370 1323 3502 1377 ado-

1938 1418 2212 1470 lescentes
2235 1417 2301 1468 ad
2328 1431 2549 1469 cursum
2583 1418 2936 1484 provocabat.
2976 1416 3208 1482 Quidam
3237 1429 3368 1468 vero
3401 1427 3500 1466 no-

1939 1507 2064 1560 bilis
2109 1515 2162 1559 et
2209 1507 2475 1574 dignitate
2535 1508 2732 1560 illustri
2791 1508 3050 1574 przrditus
3093 1506 3420 1560 adolescens
3469 1519 3499 1556 a

1941 1606 2091 1663 tergo
2121 1599 2242 1665 ejus
2276 1607 2426 1650 stans
2459 1598 2620 1650 toties
2652 1598 2772 1663 ejus
2806 1606 2960 1649 nates
2989 1605 3040 1648 el
3075 1597 3279 1648 femora
3315 1596 3499 1662 planta

1937 1689 2096 1757 pedis
2130 1689 2274 1741 clare
2308 1689 2561 1748 feriebat,
2602 1690 2816 1756 quoties
2865 1688 2953 1741 ille
3003 1686 3295 1740 eonsidens
3328 1693 3503 1738 certa-

1940 1779 2104 1832 minis
2134 1780 2348 1847 signum
2381 1780 2561 1831 dabat.

266 1857 460 1923 λοιώδη
487 1863 514 1913 ό
543 1861 795 1929 βασιλεὺς
832 1867 1053 1932 παίγνια
1083 1869 1172 1921 καὶ
1203 1871 1232 1935 ἡ
1293 1869 1520 1936 βασιλὶς,
1577 1869 1674 1921 καὶ
1734 1869 1854 1920 ὅσον
1893 1872 2074 1932 αὐτοῖς
2128 1871 2221 1921 τοῦ
2276 1875 2468 1935 γένους
2535 1870 2820 1938 ἐπίσημον,
2874 1869 2966 1921 καὶ
3003 1868 3062 1921 τὸ
3084 1868 3179 1934 τῆς
3207 1861 3502 1934 θεραπείας

264 1951 743 2020 εὖπαῤῥησίαστον
770 1974 783 1986 ·
817 1962 927 2020 τοῖς
959 1961 1003 2011 δ’
1041 1961 1222 2023 ἄλλοις
1299 1963 1444 2014 πάσα
1505 1961 1738 2030 πάροδος
1792 1963 2207 2016 ἁποκέκλειστο.
2245 1962 2395 2014 Ἐπεὶ
2424 1963 2470 2014 δ’
2519 1964 2833 2031 ἐφειστήκει
2892 1961 3080 2028 καιρὸς
3109 1957 3231 2012 καθ’
3263 1958 3321 2010 δν
3392 1956 3500 2007 ἔδει

264 2044 404 2110 πρὸς
427 2045 487 2097 τὸ
511 2047 723 2114 τρέχειν
749 2050 1002 2114 γενέσθαι
1056 2053 1182 2113 τοὺς
1236 2066 1325 2104 τον
1388 2050 1652 2119 γυμνικὸν
1715 2051 2097 2114 ἐκτελέσοντας
2158 2052 2391 2111 δίαυλον,
2471 2053 2499 2104 ό
2557 2055 2654 2119 μὲν
2717 2051 2914 2111 ὑποδὺς
2947 2050 3039 2101 τὸν
3072 2035 3379 2116 μαπτάριον
3410 2045 3504 2096 εὑ-

265 2131 474 2201 νοῦχος.
529 2138 627 2205 τὴν
682 2141 853 2211 μέσην
908 2142 1140 2209 εἰληχὼς
1193 2144 1400 2212 χώραν,
1471 2143 1549 2203 είς
1621 2141 1910 2208 βραχίονας
1953 2144 2051 2202 τὰς
2113 2145 2300 2209 χεῖρας
2335 2139 2662 2207 ἀνεκάλυψε,
2699 2141 2872 2192 καὶτὸ
2901 2133 3504 2204 καταντυγῶδες-ἀργύ-

266 2241 383 2290 ριον
441 2229 704 2297 κάλυμμα
756 2235 820 2299 τῇ
879 2236 1085 2304 κεφαλῇ
1155 2236 1513 2303 περπθέμενος
1547 2236 1608 2284 ἐκ
1638 2235 1822 2301 τρίτου
1859 2229 1927 2303 ἦν
1984 2236 2064 2294 εις
2141 2235 2198 2285 τὸ
2230 2234 2372 2285 θέειν
2397 2234 2466 2286 τὰ
2509 2236 2770 2302 μειράκια
2799 2232 3292 2300 προσκαλούμενος·
3331 2225 3503 2287 ἑστὼς

263 2317 321 2369 δέ
346 2335 428 2378 τις
455 2320 736 2383 ἐξόπισθεν
770 2326 1050 2387 νεανίσκος
1118 2327 1364 2394 εὐγενὴς,
1443 2325 1712 2394 ἀξιώματι
1766 2324 2001 2392 λαμπρῷ
2089 2325 2472 2392 περίϐλεπτος,
2531 2326 2859 2384 τοσαυτάκις
2887 2324 3049 2375 αὑτὸν
3085 2321 3178 2372 τοῦ
3215 2320 3369 2380 ποδὸς
3420 2317 3499 2386 τῷ

267 2409 462 2462 πλατεῖ
507 2414 644 2464 κατά
704 2414 810 2464 τῶν
842 2415 1030 2480 πυγῶν
1082 2420 1172 2467 καὶ
1202 2414 1310 2468 τῶν
1334 2415 1572 2482 γλουτῶν
1635 2415 1862 2466 ἔτυπτεν
1903 2415 1983 2475 εἰς
2043 2414 2362 2478 ἐξάκουστον
2390 2415 2581 2478 ὁσάκις
2608 2415 2904 2478 συνιζάνων
2949 2417 3152 2476 ἐκεῖνος
3177 2412 3356 2463 τὸτοῦ
3379 2409 3501 2475 δρό-

271 2521 374 2573 μου
404 2504 568 2572 παρεί
581 2521 694 2570 ίετο
727 2505 892 2572 σύνθη
905 2524 998 2573 μα.

356 2597 497 2650 Ἀλλ’
558 2598 710 2650 οὔπω
789 2599 1030 2666 ἀκριϐῶς

272 2689 442 2757 πεώδη
525 2688 701 2742 ταῦτα
766 2689 1077 2759 ἀθύρματα,
1157 2693 1251 2743 καὶ
1304 2691 1498 2757 οἰκτρά
1525 2693 1607 2749 τις
1669 2690 1832 2756 ἀγγε-

270 2782 362 2833 λία
381 2779 480 2846 τὴν
502 2781 562 2831 ὲν
586 2779 796 2841 τούτοις
837 2782 1142 2850 διαδέχεται
1175 2782 1478 2850 χαρμονήν.
1552 2779 1618 2831 Ἣ
1665 2781 1722 2831 δὲ
1765 2775 1834 2846 ἦν

271 2869 335 2922 τὸ
369 2871 674 2938 ἀποστῆναι
707 2871 801 2921 τὸν
845 2870 1090 2937 Ἰὁαγκὸν
1132 2873 1270 2923 κατὰ
1334 2871 1432 2940 τὴν
1471 2867 1832 2921 Φιλλιπούπο-

270 2962 374 3016 λιν.
431 2963 519 3024 Ὠς
542 2963 649 3030 γάρ
707 2962 912 3016 ἀνωθεν
978 2964 1225 3030 εἴπομεν,
1293 2962 1710 3030 μετονομασθεὶς
1750 2959 1832 3010 ὅδε

285 3052 517 3115 ’Λλέξιος
551 3055 646 3106 καὶ
666 3054 932 3120 γαμϐρὸς,
962 3056 1053 3106 ἐπὶ
1082 3053 1472 3123 θυγατρόπαιδι
1512 3051 1587 3121 τῷ
1628 3051 1834 3120 βασιλεῖ

273 3145 515 3212 γεγονὼς
569 3146 665 3196 καὶ
751 3146 918 3198 πλείω
974 3147 1071 3215 τῆς
1130 3147 1354 3213 δεούσης
1424 3145 1574 3212 ἰσχὺν
1639 3142 1834 3202 ὑποδὺς

275 3235 828 3304 στρατηγεϊνείλήφει
861 3236 955 3287 καὶ
983 3239 1308 3303 προεστάναι
1369 3237 1476 3288 τῶν
1525 3235 1729 3296 τάξεων
1778 3233 1832 3284 αἳ

272 3329 387 3387 τοῖς
412 3327 734 3393 ὁμογενέσιν
760 3327 909 3394 αὐτῷ
936 3327 1165 3396 Βλάχοις
1215 3329 1343 3396 περὶ
1407 3328 1506 3394 τὴν
1569 3326 1833 3377 Φιλίππου

272 3418 546 3485 ιπαρχίαν
578 3417 944 3484 ἀντεκάθηντό
975 3435 1033 3468 τε
1071 3420 1161 3469 καὶ
1191 3419 1573 3486 ἀντεφέροντο.
1621 3416 1834 3482 Ἀμέλει

271 3506 367 3558 καὶ
405 3505 512 3556 τῶν
543 3505 723 3556 ἐκεῖσε
759 3506 954 3572 χωρῶν
980 3508 1170 3572 φανεὶς
1207 3506 1393 3574 κύριος
1428 3502 1527 3575 ἦγε
1557 3508 1625 3557 τὰ
1660 3506 1836 3556 πάντα

272 3596 366 3650 καὶ
403 3594 489 3665 11³.
526 3593 652 3664 550]
701 3595 918 3663 ἔφερεν,
950 3597 1312 3664 ἀγχίστροφος
1343 3596 1417 3648 ῶν
1459 3600 1550 3648 καὶ
1605 3596 1838 3663 δραστήσ

234 3762 238 3764 _
274 3707 388 3760 ριος
418 3689 552 3758 πρὸς
575 3689 722 3742 ἅπαν
756 3689 1054 3758 σύνδρομον
1086 3689 1247 3757 ἔργον
1285 3691 1395 3749 τοῖς
1461 3690 1517 3738 ὲν
1563 3689 1626 3755 τῇ
1684 3687 1828 3757 ψυχῇ

271 3783 535 3850 κινήμασι
570 3785 664 3832 καὶ
704 3779 1099 3849 βουλεύμασιν.
1140 3780 1341 3830 Ἤσκει
1369 3795 1427 3829 τε
1455 3779 1536 3839 εἰς
1596 3779 1831 3845 πόλεμον

269 3875 331 3926 τὸ
372 3873 500 3940 περὶ
558 3872 720 3924 αὐτὸν
806 3872 1099 3939 ὁμόφυλον,
1179 3870 1407 3939 δωρεαῖς
1475 3870 1704 3921 πιαίνων
1739 3872 1830 3921 καὶ

269 3965 557 4034 ὁπλισμοῖς
592 3962 899 4034 κρατύνων,
923 3965 1019 4015 καὶ
1068 3962 1344 4030 φρουρίων
1413 3960 1663 4029 ἐρυμνῶν
1709 3962 1829 4011 ἀνε-

267 4059 488 4123 γέρσεσι
518 4056 586 4106 τά
623 4053 974 4118 ἀντικείμενα
996 4051 1072 4118 τῷ
1099 4051 1255 4119 Λῖμῳ
1288 4051 1411 4116 δρει
1441 4050 1830 4117 ἀνεπιχείρητα

273 4146 470 4217 μικροῦ
489 4147 876 4212 ἀπειργάζετο.
909 4142 1172 4203 Βασιλεὺς
1203 4143 1300 4208 μὲν
1333 4140 1426 4193 οὖν
1451 4142 1638 4209 ἐπῄνει
1663 4138 1831 4190 ταῦτα

272 4240 585 4308 μανθάνων,
622 4237 720 4289 καὶ
745 4235 813 4288 δι’
881 4234 1065 4295 αἰδοῦς
1132 4233 1342 4284 ἐτίθετο
1399 4233 1491 4284 τὸν
1571 4231 1826 4295 ’Λλὲξιον,

269 4330 490 4389 πολλαῖς
520 4331 615 4380 καὶ
650 4329 940 4395 μεγίσταις
973 4324 1467 4392 φιλοφρονούμενος
1529 4324 1689 4374 αὐτον
1724 4323 1829 4373 δω-

268 4423 442 4486 ρεαῖς,
479 4418 648 4488 quo);
681 4434 741 4468 τε
774 4417 936 4468 αὑτοῦ
1005 4418 1192 4485 ηκουε,
1245 4416 1337 4467 καὶ
1409 4413 1507 4476 τὰς
1589 4415 1830 4481 αἰτήσεις

265 4511 588 4576 ἐξεπέραινε
618 4507 834 4578 ῥᾴδιον⁸
875 4507 944 4558 τὰ
1003 4506 1060 4557 δὲ
1107 4505 1255 4573 παρὰ
1287 4503 1381 4556 τοῦ
1427 4504 1616 4573 ἀνδρὸς
1677 4503 1827 4557 τοῦδε

265 4600 618 4667 πραττόμενα
647 4599 697 4650 oi
731 4599 858 4665 περὶ
900 4596 994 4648 τὸν
1024 4595 1246 4665 βασιλέα
1299 4594 1630 4663 συνορῶντες
1689 4593 1827 4647 καλὰ

269 4690 369 4758 μὲν
400 4687 766 4754 ἀπεφαίνοντο
787 4683 928 4739 εἶναι
968 4688 1061 4738 καὶ
1098 4687 1334 4754 άρίστως
1367 4686 1551 4752 ελεγον
1569 4686 1822 4755 δρᾶσθαι,

263 4780 324 4831 οὐ
357 4781 465 4847 μὴν
496 4780 591 4830 καὶ
619 4779 710 4830 ἐπὶ
750 4779 938 4846 σκοπῇ
989 4777 1282 4846 Ῥωμαίοις
1315 4780 1633 4832 συνοίσοντα
1676 4780 1825 4847 παρά

262 4869 359 4922 τοῦ
387 4871 720 4937 πράττοντος
764 4868 1030 4936 γίνεσθαι,
1057 4869 1176 4920 ὅθεν
1219 4871 1313 4922 καὶ
1346 4869 1690 4939 παραινέσεις
1715 4873 1826 4922 εισ-

261 4961 398 5028 ⁴ἦγον
457 4976 534 5028 τῳ
567 4961 938 5027 αὐτοκράτορι
1004 4960 1317 5030 παραλῦσαι
1383 4961 1482 5026 τῆς
1535 4961 1705 5030 ἀρχῆς
1733 4961 1824 5014 τον

274 5053 530 5117 Ἀλέξων.
564 5052 714 5119 Μηδὲ
764 5053 874 5121 γάρ
909 5052 971 5102 ἂν
1005 5051 1281 5119 βάρϐαρον
1312 5051 1480 5118 ἄνδρα
1545 5054 1617 5119 μὴ
1679 5053 1820 5104 πάνυ

263 5147 454 5213 πρώην
503 5143 799 5207 Ῥωμαίοις
855 5140 1267 5208 πολεμιώτατον
1332 5142 1504 5204 οὕτως
1563 5143 1820 5210 ἐξαίφνης

1107 2599 1428 2670 διηγώνιστο
1507 2599 1575 2649 τὰ
1651 2603 1909 2667 μειρα-Β

2011 2595 2106 2649 llis
2133 2594 2440 2662 puerilibus
2474 2594 2704 2648 ludicris
2733 2593 2974 2645 nondum
3007 2585 3502 2648 absolutis.'uistis

1938 2689 2164 2740 nuntius
2191 2685 2555 2752 Philippopoli
2592 2685 2819 2738 aifertur
2847 2684 2913 2735 de
2947 2684 3126 2735 lhanci
3164 2681 3496 2734 defectione.

1940 2779 2010 2842 Is,
2053 2788 2110 2832 ut
2158 2793 2322 2845 supra
2367 2779 2626 2838 diximus,
2677 2777 2896 2828 nomine
2941 2775 3106 2844 676
3156 2775 3219 2825 in
3250 2774 3497 2826 Alexinm

1939 2879 2147 2923 mutato
2191 2870 2571 2937 desponsaque
2622 2879 2781 2935 nepte
2839 2869 3201 2935 imperatoris.
3242 2869 3499 2931 majorem

1937 2974 2100 3028 quam
2151 2958 2335 3034 decuit
2382 2959 2764 3010 auctoritatem
2815 2967 3029 3017 nactus,
3082 2965 3136 3008 et
3181 2956 3502 3010 cohortibus

1937 3051 2229 3119 praefectus
2259 3066 2379 3118 qua:
2432 3050 2649 3102 Blacln‘s
2692 3049 2758 3102 ad
2807 3047 3232 3116 Philippopolim
3277 3057 3498 3098 resiste-

1937 3143 2087 3203 hant,
2118 3156 2181 3194 ac
2223 3141 2408 3209 potius
2441 3141 2689 3193 locorum
2740 3141 2958 3191 illorum
2999 3140 3256 3191 dominus
3303 3137 3496 3192 factus.

1936 3246 2038 3284 suo
2065 3230 2333 3282 arbitratu
2366 3230 2585 3296 regebat
2613 3230 2795 3281 omnia
2823 3246 2835 3282 :
2859 3230 3059 3296 quippe
3089 3228 3252 3279 homo
3271 3230 3503 3280 callidus

1937 3334 1994 3376 et
2021 3333 2300 3382 strenuus,
2335 3322 2489 3374 facile
2521 3323 2750 3388 quiquid
2784 3323 2966 3374 animo
2993 3323 3318 3374 destinaset
3345 3335 3500 3379 exse-
3566 3374 3584 3382 ς

1938 3429 2132 3481 quens,
2181 3422 2234 3465 et
2288 3413 2582 3481 populares
2639 3428 2771 3465 suos
2839 3412 3162 3465 liberalibus
3228 3413 3502 3465 denatiws

1936 3506 2212 3572 saginatos
2245 3511 2301 3558 et
2330 3506 2501 3556 armis
2529 3514 2824 3557 exornatas
2851 3503 2914 3556 ad
2951 3504 3150 3557 bellum
3182 3504 3490 3558 exercebat.

1936 3605 1990 3649 et
2022 3598 2135 3650 loca
2169 3597 2341 3649 monti
2393 3597 2575 3649 Hanno
2622 3595 2850 3649 finitima
2903 3598 3074 3649 ﬁrmis
3131 3597 3370 3649 castellis
3421 3595 3497 3651 ita

1936 3687 2218 3741 muniebat
2248 3696 2305 3740 ut
2326 3703 2388 3740 ea
2413 3687 2600 3740 hostes
2623 3703 2762 3755 pene
2789 3687 3050 3740 invadere
3077 3702 3183 3740 non
3207 3689 3489 3742 auderent.

1934 3780 2295 3845 Quamobrem
2324 3779 2392 3832 ab
2422 3780 2752 3847 imperatore
2779 3778 3195 3830 eollaudabatur
3224 3789 3279 3830 et
3311 3778 3490 3849 magni
3533 3761 3538 3767 ’

1935 3873 2120 3930 ﬁebat.
2147 3872 2334 3924 multis
2365 3870 2719 3939 amplissimis
2759 3872 3082 3923 muneribus
3127 3869 3488 3925 afﬁciebatur.
3522 3861 3535 3873 “

1931 3964 2260 4017 audiebatur
2285 3963 2552 4025 libenter;
2574 3964 2840 4031 quidquid
2863 3965 3124 4030 petiisset.
3144 3961 3490 4028 impetrabat.

1932 4055 2106 4108 Aulici
2132 4070 2260 4108 vero
2291 4054 2435 4108 illius
2465 4054 2565 4106 viri
2602 4055 2740 4108 facta
2768 4055 2982 4122 egregia
3009 4062 3064 4106 et
3095 4051 3245 4104 utilia
3269 4051 3489 4118 quidem

1931 4160 2050 4199 esse
2112 4144 2454 4206 fatebantur,
2498 4145 2591 4198 sed
2646 4146 2711 4198 ad
2771 4146 3140 4198 Romanorum
3202 4143 3488 4195 utilitatem

1932 4233 2127 4287 referri
2184 4233 2486 4301 negabant,
2546 4243 2602 4288 et
2647 4234 2964 4303 imperatori
3024 4243 3277 4306 auctores
3334 4240 3491 4285 erant

1933 4324 2205 4378 adimendi
2253 4325 2302 4377 ei
2357 4325 2725 4393 magistratus.
2780 4325 2965 4392 Neque
3018 4325 3163 4378 enim
3215 4323 3488 4376 hominem

1932 4416 2267 4477 barbarum,
2319 4415 2482 4483 paulo
2544 4425 2668 4468 ante
2726 4415 2986 4468 Romanis
3034 4412 3483 4468 infestissimum.
3577 4446 3586 4455 η

1932 4523 2106 4577 usque
2133 4507 2272 4560 adeo
2303 4506 2487 4559 subito
2523 4515 2789 4559 mutatum
2820 4521 2939 4559 esse
2965 4513 3277 4570 tantamque
3317 4502 3486 4554 bene-

1929 4596 2228 4652 volentiam
2267 4595 2606 4664 concepisse,
2653 4605 2713 4646 ut
2757 4608 2892 4646 nma
2930 4592 3150 4645 castella
3199 4599 3253 4643 et
3289 4588 3486 4657 oppida

1931 4691 1988 4744 in
2019 4690 2345 4758 opportunis
2374 4688 2508 4740 locis
2535 4695 2804 4739 exstruat.
2834 4685 3021 4752 Neque
3064 4698 3188 4736 eum
3235 4681 3491 4734 cohortes

1932 4782 2209 4837 Blachicas
2234 4789 2544 4840 aucturum,
2592 4777 2853 4831 Romanis
2881 4776 3041 4846 677
3087 4773 3392 4827 imminutis
3435 4781 3488 4823 et

1929 4875 2224 4946 aliquando
2265 4875 2429 4928 etiam
2473 4881 2533 4925 ut
2587 4872 2875 4925 inutilibus
2920 4886 2948 4923 a
2994 4885 3170 4938 pugna
3227 4865 3490 4928 remotis,

1928 4967 2032 5022 nisi
2064 4967 2216 5034 regni
2249 4964 2604 5032 cupiditatem
2642 4964 2832 5015 aleret.
2876 4961 3064 5029 Neque
3114 4958 3257 5013 enim
3299 4969 3489 5009 (mines

1928 5075 1991 5114 ea
2020 5073 2140 5125 quae
2165 5065 2388 5125 pectore
2415 5055 2620 5107 lateant
2648 5067 2743 5104 ore
2769 5050 3040 5120 proferre.
3075 5050 3166 5104 sed
3205 5050 3317 5120 ipsa
3353 5048 3489 5102 facta

1927 5164 2307 5219 saepenumero
2338 5148 2486 5200 omni
2537 5146 2786 5198 oratione
2828 5143 3138 5198 evidentius
3192 5140 3354 5192 animi
3405 5156 3492 5197 re-

264 5233 592 5300 μεταπεσεῖν
623 5233 700 5291 είς
741 5234 1018 5301 ἀκραιφνῆ
1055 5232 1316 5292 διάθεσιν,
1353 5233 1427 5294 ὼς
1452 5233 1686 5301 φρούρια
1727 5233 1820 5286 καὶ
1855 5247 1898 5302 D
1925 5257 1959 5296 οι

1793 5233 1820 5284 μὶ
1855 5247 1898 5302 D
1925 5257 2113 5296 cessus
2151 5239 2454 5293 declarare.
2489 5237 2690 5290 Verum
2731 5234 2924 5293 surdo,
2974 5242 3030 5284 ut
3082 5233 3257 5289 aiunt.
3309 5232 3488 5288 fabula

260 5322 514 5390 πολίχνια
538 5324 597 5376 ὲν
621 5324 733 5384 τοῖς
773 5324 1084 5390 ἐπικαίροις
1117 5327 1396 5392 νεουργεῖν
1438 5326 1645 5387 τόποις,
1711 5327 1805 5377 καὶ

260 5412 447 5476 αὔξειν
478 5414 576 5480 μιν
611 5412 672 5463 τὸ
707 5412 974 5479 ἰμφύλιον
1011 5412 1161 5480 αὺτῴ
1198 5415 1538 5483 στράτευμα,
1576 5415 1820 5482 σμικρό-

260 5520 374 5558 νειν
406 5504 464 5556 δδ
491 5506 552 5555 τὸ
592 5505 922 5571 Ῥωμαῑκὸν.
963 5503 1181 5571 ἐνιαχοῦ
1209 5505 1266 5557 δὲ
1296 5505 1388 5556 καὶ
1445 5506 1516 5568 ὡς
1582 5507 1822 5576 δύσχρη-

261 5613 391 5648 στον
418 5595 627 5648 τιθέναι
658 5597 965 5665 ἀπόμαχον,
995 5599 1044 5649 εί
1081 5598 1152 5665 μή
1200 5614 1284 5658 τις
1341 5597 1490 5666 αὐτῷ
1520 5599 1822 5665 ἐνέσπαρτο

257 5685 355 5739 τοῦ
387 5687 658 5757 τυραννίδι
691 5687 972 5740 ἐπιϐαλεῖν
1003 5688 1207 5748 ἔννοια,
1267 5688 1388 5740 ἐπεὶ
1459 5689 1594 5757 μηδὲ
1627 5691 1696 5743 τά
1744 5709 1824 5744 τι-

259 5792 368 5833 νων
402 5780 713 5851 ιννυήματα
744 5780 918 5847 φιλεῖν
953 5797 1070 5844 πως
1111 5781 1196 5834 ἀεὶ
1225 5780 1297 5846 ὡς
1329 5779 1416 5833 διὰ
1473 5780 1655 5838 πυλῶν
1717 5783 1822 5836 τῶν

1925 5330 2276 5386 narrabatur.
2307 5329 2611 5396 Imperator
2642 5325 2789 5379 enim
2827 5325 3008 5392 neptis
3037 5339 3149 5377 sua:
3186 5323 3490 5378 Theodori:
3531 5357 3542 5363 -

1927 5423 2204 5492 sponsalia
2256 5421 2389 5474 satis
2436 5419 2624 5470 firmos
2681 5417 2837 5485 quasi
2900 5417 3123 5469 obsides
3182 5426 3365 5476 ratus,
3424 5413 3492 5468 de

1930 5514 2240 5581 integritate
2274 5522 2327 5566 et
2359 5511 2459 5563 lide
2487 5511 2661 5564 ΜειῙί
2697 5509 2836 5562 nihil
2879 5507 3190 5569 dubitabat,
3242 5508 3486 5564 malefica

1919 5605 2174 5672 quapiam
2223 5606 2272 5656 vi
2328 5603 2416 5656 hic
2454 5618 2711 5671 quoque,
2761 5603 2980 5670 Opinor,
3041 5602 3244 5656 mentis
3298 5600 3493 5656 oculos

1923 5697 2347 5764 perstringente,
2374 5695 2529 5762 cujus
2557 5692 2794 5761 impulsu
2843 5708 2930 5747 res
2968 5693 3209 5750 Romana
3246 5691 3484 5748 subinde

1924 5787 2031 5840 ruit
2061 5786 2113 5840 in
2143 5788 2321 5856 pejus.
2359 5786 2421 5840 Ul
2457 5794 2640 5842 autem
2694 5800 2799 5841 non
2848 5795 3020 5840 multo
3053 5795 3175 5856 post
3207 5785 3259 5841 id
3303 5783 3488 5838 evenit
