4292 6396
784 386 886 451 891

2008 382 2308 443 ΝῙΟΕΤιΕ
2357 383 2562 446 CHON
2576 387 2592 444 Ι
2605 386 2770 445 ΑΤᾸζ

3927 387 4039 453 899

784 498 936 571 quod
969 499 1291 565 timebatur,
1325 514 1391 553 eo
1434 497 1720 568 inopinato
1764 497 1962 552 nuntio
1995 498 2266 553 attonitus
2305 506 2361 553 et
2391 504 2432 559 Α
2464 519 2479 569 )

2345 506 2361 552 ι
2391 504 2432 559 Α
2464 500 2689 570 χειλέων
2720 500 3067 569 ἐκφέρεσθαι,
3104 501 3220 553 ἀλλ’
3256 503 3353 566 ,ἐν
3435 501 3650 564 πολλοῖς
3702 504 3794 556 καὶ
3845 503 4040 573 φωνῆς

785 591 949 660 inops
970 590 1187 645 consilii
1205 589 1275 644 ob
1296 587 1571 644 difﬁcilem
1592 588 1866 643 exercitus
1882 588 2357 655 convocationem,

786 682 855 736 ad
890 682 1208 737 seditiosum
1232 683 1415 735 statim
1435 680 1732 750 spadonem
1760 680 2050 750 quemdam
2104 682 2155 735 ei
2204 680 2361 735 fami-

788 774 1148 828 liarissimum
1184 773 1375 837 mittit,
1410 774 1503 841 qui
1540 781 1696 840 pacta
1727 781 1786 826 et
1815 781 2086 827 conventa
2133 772 2188 825 in
2241 788 2360 827 me-

792 865 1023 918 moriam
1054 863 1104 917 ei
1144 873 1453 927 revocaret;
1497 870 1551 916 et
1579 862 1723 930 quod
1758 861 1892 915 nihil
1922 877 2163 931 unquam
2195 879 2260 916 ex
2292 877 2360 916 eo

792 963 1061 1022 tempore,
1088 968 1198 1023 quo
1245 968 1302 1007 se
1337 955 1400 1006 ad
1452 953 1730 1007 Romanos
1763 953 2109 1017 contulisset,
2145 956 2359 1007 molesti

792 1054 888 1097 aut
918 1046 1036 1113 spei
1081 1059 1194 1098 sua:
1226 1043 1563 1098 contrarium
1618 1057 1911 1112 perpessus
1958 1053 2124 1106 esset,
2174 1044 2365 1097 admo-

789 1147 967 1191 neret.
997 1137 1185 1205 Neque
1204 1137 1348 1190 enim
1380 1135 1447 1189 de
1473 1150 1541 1189 eo
1570 1135 1978 1191 reconciliando
2010 1136 2359 1204 desperabat.

792 1225 927 1281 Eum
957 1245 1065 1283 non
1095 1228 1256 1298 longo
1300 1227 1589 1282 intervallo
1636 1228 1806 1282 secuti
1853 1238 1982 1282 sunt
2014 1229 2364 1296 imperatoris

791 1318 979 1383 generi
1012 1332 1137 1371 cum
1163 1318 1311 1370 omni
1367 1318 1743 1372 min'strorum
1779 1328 1834 1371 et
1867 1328 2222 1386 cognatorum
2273 1332 2367 1371 co-

793 1411 1013 1469 mitatu,
1054 1417 1111 1463 et
1145 1408 1416 1462 militibus
1451 1409 1544 1477 qui
1587 1410 1640 1461 in
1677 1408 1877 1476 palatio
1907 1408 2076 1477 678
2120 1406 2366 1476 reperie-

795 1501 1014 1553 bantur.
1048 1500 1156 1553 Sed
1186 1499 1434 1554 ncfarlus
1466 1501 1636 1568 spado
1673 1499 1741 1551 ad
1771 1514 1897 1552 eum
1946 1498 2221 1567 profectus
2256 1514 2366 1553 non

794 1589 958 1643 modo
987 1590 1125 1644 nihil
1154 1593 1300 1659 quod
1345 1588 1412 1643 ad
1457 1606 1571 1643 rem
1629 1590 1934 1659 pertineret
1975 1589 2235 1649 confecit.
2270 1590 2364 1643 sed

796 1683 950 1737 illum
978 1698 1074 1736 sua
1111 1682 1398 1750 praesentia
1428 1690 1485 1735 ut
1512 1692 1689 1750 erepta
1723 1691 2153 1750 persequeretur
2198 1682 2369 1751 magis

796 1778 1162 1841 confirmavit,
1217 1791 1344 1830 cum
1400 1784 1607 1830 temere
1660 1776 1957 1830 eﬂ‘utiisset
2006 1775 2282 1829 Romanos
2336 1792 2367 1830 e

796 1869 1027 1938 vestigio
1075 1870 1229 1923 illum
1258 1868 1569 1930 invasuros,
1606 1876 1661 1920 et
1702 1866 2007 1921 monuisset
2049 1875 2105 1919 ut
2147 1870 2365 1936 Campe-

796 1962 1004 2015 stribus
1036 1961 1242 2014 relictis
1272 1960 1501 2014 salutem
1532 1974 1685 2012 suam
1731 1967 1787 2012 et
1825 1958 2171 2027 p0pularium
2208 1974 2367 2013 mon-

800 2051 943 2103 tanis
975 2049 1107 2103 locis
1126 2049 1515 2104 committeret.
1551 2047 1900 2116 Imperatoris
1916 2063 2046 2101 vero
2072 2049 2282 2116 generi,
2315 2058 2371 2103 et

799 2146 1165 2208 protostrator
1192 2137 1406 2192 Manuel
1451 2136 1732 2205 Catnyzes,
1766 2137 2043 2191 alacritate
2073 2147 2128 2191 et
2152 2139 2373 2191 amula-

801 2232 951 2286 tione
983 2231 1120 2284 mira
1150 2230 1468 2284 seditiosum
1518 2230 1794 2297 persecuti
1841 2238 2009 2284 sunt:
2037 2230 2132 2284 sed
2166 2245 2372 2300 Oppor-

803 2322 1034 2376 tunitate
1065 2319 1137 2375 ob
1168 2320 1407 2390 prmdam
1455 2320 1693 2389 fugatam
1729 2320 1925 2374 amissa
1964 2324 2373 2378 contentionem

803 2411 1156 2466 remiserunt.
1200 2412 1279 2465 Ac
1329 2410 1721 2465 fervidioribus
1763 2412 1845 2466 sic
1902 2412 2066 2466 etiam
2125 2413 2377 2481 placebat

803 2502 1061 2573 persequi
1085 2511 1141 2557 et
1165 2502 1221 2557 in
1248 2502 1527 2557 montibus
1551 2518 1798 2572 quaerere
1826 2503 2098 2558 Alexium.
2127 2505 2378 2561 Pruden-

808 2594 975 2647 tiores
1008 2600 1192 2647 autem
1220 2592 1367 2646 haud
1400 2594 1709 2647 consultant
1745 2594 2008 2661 putabant
2045 2595 2240 2663 aquila:
2282 2611 2377 2650 ve-

805 2683 966 2754 stigia
995 2691 1212 2738 montes
1244 2692 1299 2738 et
1340 2698 1506 2753 rupes
1553 2684 1890 2752 pervolantis
1924 2688 2256 2751 consectari,
2284 2697 2380 2741 aut

806 2774 1090 2828 volumina
1124 2774 1395 2845 serpentis
1423 2775 1478 2828 in
1525 2790 1658 2829 saxo
1698 2776 2015 2845 quaeritare,
2046 2786 2139 2831 aut
2186 2794 2378 2847 aprum

807 2862 1117 2928 dentatum,
1165 2864 1258 2933 qui
1308 2872 1502 2932 pectus
1549 2880 1692 2933 saepe
1738 2866 1936 2935 jaculis
1988 2867 2273 2933 obtulerit,
2311 2868 2378 2923 ad

808 2966 1048 3022 pugnam
1080 2953 1298 3007 irritare
1328 2970 1343 3020 ;
1371 2954 1465 3008 sed
1514 2955 1710 3023 oppida
1761 2955 1830 3009 ab
1861 2956 2051 3010 Alexio
2078 2958 2382 3014 instaurata

807 3052 863 3097 et
885 3043 1103 3099 condita
1137 3045 1507 3114 recuperanda
1544 3059 1688 3100 esse.
1730 3047 1849 3112 Quo
1878 3047 2106 3101 consilio
2130 3049 2380 3116 praelato,

2460 590 2797 659 τρανότερον
2829 589 2929 642 ὅσα
2963 589 3227 643 κέκευθεν
3253 590 3286 658 ἡ
3320 589 3463 659 φρὴν
3501 593 3557 644 αἱ
3619 590 3851 660 πράξεις
3875 590 4045 659 ἐξαγ-

2460 680 2769 747 γέλλουσιν.
2831 678 2907 731 Οὐ
2951 679 3057 748 μὴν
3086 680 3167 742 εις
3204 673 3319 732 ὦτα
3360 680 3671 733 ἀκουόντων
3708 682 3809 743 τὰς
3862 681 4043 748 σοφὰς

2460 770 2667 832 ταύτας
2720 770 2955 840 γνώμας
2986 765 3128 839 ἦσαν
3158 771 3573 839 εἰσηγούμενοι.
3633 771 3693 823 '0
3738 773 3848 842 γὰρ
3883 774 4044 840 βασι-

2460 861 2585 921 λεὺς
2626 860 2893 929 ἐχέγγυον
2928 862 3008 925 εἷς
3041 861 3225 914 πίστιν
3247 860 3340 913 τὸν
3378 862 3479 929 τῆς
3526 860 3724 913 υἱωνοῦ
3752 861 4042 930 Θεοδώρας

2464 953 2641 1020 γάμον
2670 952 2922 1017 καθάπαξ
2950 950 3234 1006 ὑπολαϐὼν
3253 953 3354 1004 οὐκ
3384 952 3532 1005 ἐστιν
3563 954 3717 1017 ὅπως
3774 952 3867 1005 ἐπὶ
3925 953 4040 1003 πᾶ-

2464 1060 2550 1094 σιν
2580 1043 2679 1095 οὐκ
2707 1042 3022 1111 ἀσφαλῆ.τᾶ
3059 1040 3196 1113 πρὸς
3250 1044 3468 1096 εὔνοιαν
3534 1045 3628 1096 καὶ
3686 1043 4039 1112 ἀπρόσκοπον

2466 1133 2649 1201 ἔκρινε
2737 1134 2830 1187 τὸν
2925 1135 3182 1200 Ἀλέξιον,
3255 1134 3790 1206 καταγοητευούσης,
3857 1130 4039 1204 οἶμαι,

2465 1223 2741 1278 κάνταῦθα
2774 1226 2874 1294 τῆς
2915 1226 3217 1279 κακοποιοῦ
3251 1227 3537 1296 δυνάμεως
3585 1228 3685 1295 τῆς
3718 1227 3810 1279 ἐπὶ
3836 1227 3897 1279 τὸ
3940 1227 4044 1278 xci-

2465 1334 2655 1379 ταντες
2689 1319 2776 1370 ἀεὶ
2806 1320 3076 1389 φερούσης
3125 1320 3193 1372 τά
3235 1320 3524 1389 Ῥωμαίων
3582 1320 3907 1389 πράγματα.
3949 1320 4044 1383 Ὠς

2465 1410 2509 1462 δ’
2544 1411 2604 1462 οὐ
2635 1410 2817 1479 πολλῷ
2862 1412 2983 1465 ὓστε
3000 1429 3090 1479 ρον
3130 1414 3210 1476 εἰς
3241 1412 3403 1483 ἔργον
3467 1413 3529 1464 τὸ
3550 1412 3670 1471 δέος
3706 1411 4041 1479 ἐκῦέεηκεν,

2466 1501 2644 1560 ἐννεδς
2676 1502 2767 1553 ἐπὶ
2802 1506 2915 1563 τοῖς
2949 1503 3312 1570 ἢκουσμένοις
3341 1504 3533 1571 φανεὶς
3579 1503 3673 1554 καὶ
3717 1501 3792 1571 μὴ
3833 1502 3975 1570 ἔχων
4016 1500 4047 1552 ὃ

2467 1608 2518 1642 τι
2547 1592 2643 1642 καὶ
2666 1592 2919 1659 δράσειεν
2940 1593 3015 1645 ὡς
3044 1594 3457 1662 ἀειαρῤαγέντος
3519 1592 3665 1645 τοῦδε
3722 1590 3817 1644 τοῦ
3867 1590 4046 1643 κακοῦ

2473 1680 2829 1747 ἀπροόπτως,
2885 1683 2978 1733 καὶ
3008 1683 3089 1734 ὅτι
3115 1682 3226 1733 τῶν
3261 1685 3695 1753 στρατευμάτων
3726 1680 3976 1750 ἐργώδης
4014 1682 4049 1746 ἠ

2477 1770 2731 1838 συλλογὴ,
2765 1773 2822 1823 ἐν
2874 1774 2973 1841 μὲν
3007 1775 3083 1843 τῷ
3135 1778 3449 1845 παραυτίκα
3508 1774 3718 1827 στέλλει
3778 1774 3916 1843 πρὸς
3955 1773 4051 1825 τὸν

2469 1861 2786 1930 ἀποστάτην
2812 1862 3029 1916 θλαδίαν
3064 1865 3206 1928 τινὰ,
3259 1866 3328 1918 τά
3379 1865 3573 1935 πρῶτα
3601 1864 3711 1917 τῶν
3754 1864 4051 1934 ᾠκειωμέ-

2471 1970 2578 2004 νων
2607 1954 2779 2021 αὐτῷ,
2804 1955 3194 2023 ὑπομνήσοντα
3220 1957 3411 2008 τοῦτον
3440 1956 3551 2008 τῶν
3609 1955 3895 2025 συνθηκῶν
3948 1956 4048 2006 καὶ

2469 2041 2565 2095 τοῦ
2595 2044 2763 2112 μηδέν
2780 2062 2831 2097 τι
2861 2044 3078 2098 πώποτε
3116 2047 3309 2101 παθεῖν
3339 2046 3501 2118 ἀηδὲς
3540 2050 3632 2099 καὶ
3657 2047 3763 2100 τῶν
3811 2047 4051 2099 ἐλπίδων

2474 2133 2711 2199 ἀνάξιον,
2739 2134 2796 2201 ἐξ
2828 2136 2952 2188 ὅτου
2990 2154 3097 2207 περ
3126 2138 3276 2209 αὐτῷ
3327 2140 3795 2211 προσκεχώρηκεν
3827 2153 3842 2168 ⁸
3923 2138 4050 2191 οὐδὲ

2473 2224 2583 2292 γάρ
2611 2219 2678 2293 ἦν
2698 2225 3097 2291 ἀπογινώσκων
3130 2226 3231 2297 τὴν
3260 2228 3361 2296 τῆς
3429 2230 3656 2298 γνώμης
3716 2229 4050 2297 μεταϐολήν.

2474 2314 2581 2366 Τοῦ
2608 2314 2662 2367 δὲ
2689 2315 2919 2368 κατόπιν
2957 2317 3053 2370 καὶ
3077 2318 3124 2370 οἱ
3158 2321 3449 2388 νεόνυμιροι
3472 2319 3713 2388 γαμϐροὶ
3798 2323 3893 2371 τοῦ
3948 2319 4051 2388 βα-

2478 2408 2668 2471 σιλέως
2699 2408 3030 2478 συνεξῄεσαν
3067 2411 3205 2479 μετά
3227 2428 3289 2478 γε
3311 2411 3511 2474 παντὸς
3569 2411 3662 2464 τοῦ
3696 2411 3925 2464 οῐκιδίου
3957 2411 4055 2463 καὶ

2480 2498 2806 2566 συγγενικοῦ
2839 2500 3207 2566 πληρώματος
3251 2503 3347 2555 καὶ
3374 2502 3479 2554 τῶν
3512 2505 3636 2555 τότε
3664 2502 3723 2553 ἐν
3749 2501 3828 2570 τῷ
3878 2502 4055 2554 παλα-

2480 2587 2584 2655 τίῳ
2622 2588 3031 2658 εὑρισκομένων
3062 2594 3436 2661 στρατιωτῶν.
3517 2592 3844 2661 ’Δεριγμένος
3896 2592 3992 2645 οὖν
4028 2594 4056 2645 ό

2483 2676 2707 2748 βέϐηλος
2731 2680 2987 2748 εὐνοῦχος
3022 2682 3157 2749 πρὸς
3178 2683 3269 2733 τὸν
3300 2682 3539 2746 Ἀλέξιον
3565 2685 3626 2736 οὐ
3678 2688 3839 2751 μόνον
3896 2685 4052 2736 οὐδέν

2480 2786 2534 2821 τι
2596 2774 2727 2838 πρὸς
2759 2771 2855 2838 τὴν
2892 2772 3146 2824 ὑπόθεσιν
3178 2774 3391 2844 ἑωράθη
3418 2776 3887 2845 διαπραξάμενος,
3921 2776 4060 2827 ἀλλά

2482 2859 2575 2909 καὶ
2607 2859 3034 2929 προσεπέρρωσε
3068 2862 3267 2914 μᾶλλον
3302 2865 3512 2917 ἐκεῖνον
3539 2867 3604 2934 τῇ
3641 2865 3749 2935 ἰδίᾳ.
3780 2867 4061 2935 παρουσία

2483 2951 2563 3011 εἰς
2583 2949 2745 3019 ἔργον
2769 2953 2827 3002 τὸ
2890 2955 2947 3005 ἐν
2979 2956 3157 3023 χερσὶ,
3193 2957 3560 3025 προσημάνας
3614 2958 3908 3026 προπετῶς
3961 2959 4061 3027 τὴν

2483 3042 2603 3093 κατ’
2635 3042 2799 3094 αὐτοῦ
2840 3044 2947 3095 τῶν
3012 3045 3297 3113 Ῥωμαίων
3320 3047 3443 3098 ὅσον
3466 3048 3680 3099 οὐδέπω
3743 3048 4057 3111 ἐπέὶευσιν,

810 3134 1095 3189 castellum
1120 3135 1175 3187 in
1197 3135 1320 3188 loco
1342 3136 1433 3204 qui
1452 3135 1722 3191 Crizimus
1742 3137 1944 3191 dicitur
1961 3136 2028 3191 ab
2044 3136 2235 3191 Alexio
2251 3152 2384 3191 con-
2411 3168 2454 3226 α
2486 3148 2505 3183 ³

2361 3169 2384 3182 .
2411 3168 2454 3226 c
2486 3132 2581 3183 καὶ
2610 3132 2825 3197 διδάξας
2880 3127 2960 3194 οἷς
2995 3137 3218 3203 εἴρηκεν
3259 3136 3602 3203 ἀποσχέσθαι
3644 3136 3743 3205 μὲν
3784 3137 3895 3188 τῶν
3955 3154 4056 3187 πε-

812 3223 984 3279 ditum
1003 3235 1340 3294 oppugnant;
1360 3225 1450 3279 ubi
1470 3226 1698 3279 Romani
1718 3228 2122 3296 promptissime
2138 3238 2192 3283 et
2206 3227 2386 3283 fortis-

812 3318 952 3369 sime
966 3315 1289 3369 dimicantes
1305 3315 1503 3369 multos
1517 3316 1666 3371 viros
1683 3317 2113 3386 fortes,quorutn
2133 3320 2389 3388 princeps

812 3412 933 3457 erat
961 3402 1129 3472 6'79
1158 3401 1428 3471 Georgius
1462 3403 1820 3474 Palaeologus,
1852 3406 1906 3459 in
1934 3406 2291 3461 admovendis
2321 3407 2388 3461 ad

815 3493 1019 3548 moenia
1079 3493 1242 3547 scalis
1296 3492 1621 3548 amiserunt.
1678 3495 1920 3550 Tandem
1973 3512 2039 3551 eo
2083 3508 2391 3567 expugnato

815 3584 979 3639 etiam
1018 3584 1125 3637 alia
1162 3583 1409 3652 quaedam
1442 3584 1641 3653 oppida
1673 3586 1953 3657 deinceps,
1992 3588 2097 3642 alia
2127 3590 2393 3658 sanguine

817 3674 1066 3744 profuso,
1089 3673 1196 3727 alia
1220 3672 1500 3728 deditione
1534 3688 1819 3744 ceperunt.
1859 3678 2083 3733 Alexius
2110 3694 2261 3743 vero,
2284 3680 2394 3733 cal-

817 3764 966 3819 lidus
996 3765 1161 3820 homo
1208 3776 1265 3821 et
1316 3770 1491 3823 solers
1540 3766 1794 3832 bellator,
1843 3783 1967 3822 cum
2011 3768 2115 3822 alia
2164 3769 2395 3837 plurima

822 3858 1131 3926 disciplinae
1195 3860 1448 3915 militaris
1508 3858 1808 3928 spccimina
1860 3858 2067 3925 edidit,
2110 3869 2226 3913 tum
2286 3875 2397 3915 uno

822 3947 1025 4017 insigni
1059 3956 1444 4020 stratagemate
1480 3960 1679 4019 praeter
1708 3949 1846 4004 alios
1877 3951 2055 4019 ipsum
2087 3951 2250 4004 etiam
2273 3966 2399 4020 pro-

826 4048 1176 4096 tostratorem
1209 4045 1377 4111 cepit.
1409 4041 1541 4095 Nam
1576 4042 1828 4111 plurimis
1860 4042 2156 4111 pecoribus
2182 4057 2247 4096 ex
2272 4056 2401 4110 spe-

825 4131 965 4186 culis
992 4134 1045 4186 in
1076 4148 1300 4203 campos
1322 4134 1405 4204 agi
1427 4144 1483 4188 ct
1506 4151 1537 4189 a
1568 4134 1927 4204 p0pularibus
1956 4134 2072 4189 suis
2094 4149 2220 4188 curn
2247 4144 2401 4204 parte

827 4220 1201 4278 Romanorum
1237 4228 1579 4295 captivorqu
1631 4227 1687 4279 in
1737 4225 1984 4280 Haemum
2019 4225 2088 4279 ad
2134 4226 2401 4281 Joannem

827 4310 1034 4381 Zagore
1072 4314 1402 4384 principem,
1426 4330 1551 4371 cum
1575 4330 1684 4385 quo
1708 4315 1888 4370 ftedus
1908 4325 2101 4370 contra
2126 4316 2403 4370 Romanos

830 4403 1047 4469 inierat,
1070 4404 1315 4461 muneris
1336 4406 1458 4461 loco
1479 4415 1535 4461 et
1556 4407 1698 4477 grati
1722 4406 1888 4460 animi
1911 4421 2046 4475 ergo
2066 4405 2191 4460 duci
2210 4405 2401 4476 jussis,

2488 3222 2675 3289 δινῶν,
2712 3224 3069 3276 ἐπιλαϐέσθαι
3099 3227 3155 3276 δὲ
3175 3225 3282 3277 τῶν
3303 3226 3551 3295 ὀρεινῶν,
3575 3224 3650 3287 ὡς
3688 3225 3917 3276 ἐκείνων
3951 3224 4060 3274 σώ-

2491 3312 2604 3376 ζειν
2636 3310 2717 3383 [Ρ.
2755 3311 2882 3383 531]
2919 3314 3149 3381 ἐχόντων
3180 3314 3275 3367 καὶ
3309 3316 3367 3365 τὸ
3392 3313 3732 3366 συναποστὰν
3774 3312 4061 3381 ὁμόφωνον

2495 3406 2805 3473 σύνταγμα.
2834 3407 2897 3458 Οἱ
2931 3406 2987 3457 δέ
3027 3405 3153 3474 περὶ
3189 3406 3314 3465 τοὺς
3349 3404 3634 3471 γαμϐροὺς
3658 3403 3755 3455 τοῦ
3797 3404 4065 3469 βασιλέως

2493 3497 2695 3550 καὶτὸν
2720 3497 3174 3566 πρωτοστράτορα
3199 3495 3453 3563 Μανουὴλ
3480 3496 3570 3548 τὸν
3591 3494 3893 3565 Καμύτζην
3917 3495 4068 3549 ἐδίω-

2496 3588 2591 3652 ξαν
2612 3589 2708 3658 μὲν
2737 3588 2913 3641 ὀπίσω
2933 3590 3129 3650 ἱκανῶς
3146 3588 3239 3640 τοῦ
3259 3589 3549 3655 ἀντάρτου,
3571 3587 3667 3639 καὶ
3684 3584 3753 3657 ἦν
3775 3587 4065 3654 θαυμαστή

2496 3697 2583 3738 τις
2620 3682 2654 3750 ἡ
2718 3680 3022 3749 προθυμία,
3077 3682 3173 3731 καὶ
3239 3678 3723 3747 πρωταγωνιστεῖν
3775 3676 4071 3743 ἡσούλοντο

2497 3770 2808 3839 ξύμπαντες
2831 3787 2844 3799 ·
2875 3772 2979 3841 τὴν
3003 3770 3059 3823 δέ
3080 3770 3175 3822 τοῦ
3237 3770 3433 3837 καιροῦ
3487 3770 3659 3839 ῥοπὴν
3707 3766 4071 3826 ἀπολέσαντες

2499 3858 2563 3908 ἐκ
2590 3856 2688 3909 τοῦ
2722 3856 3115 3926 διασοϐηθῆναι
3146 3858 3205 3908 τὸ
3236 3857 3463 3926 θήραμα
3506 3858 3566 3909 τδ
3597 3856 3877 3925 πρόθυμον
3914 3855 4074 3923 ἐσχα-

2504 3964 2625 4001 σαν.
2669 3947 2796 4010 Τοῖς
2841 3949 2941 4017 μέν
2981 3948 3080 4001 οῦν
3125 3948 3485 4018 θερμοτέροις
3518 3945 3831 4000 ἐπιδιώκειν
3857 3948 3953 4003 καὶ
3979 3946 4074 3998 οῦ-

2499 4054 2608 4098 τως
2649 4037 2827 4089 ἐδόκει
2862 4040 2956 4090 καὶ
2987 4038 3272 4107 διερευνᾷν
3310 4039 3616 4107 ἐφέποντας
3645 4039 3697 4092 οἷ
3761 4040 3869 4091 τῶν
3903 4040 4074 4108 ὀρέων

2502 4128 2713 4197 ἀπέδρα
2755 4128 3010 4192 Ἀλέξιος,
3037 4130 3148 4190 τοῖς
3176 4130 3221 4181 δ’
3254 4130 3684 4199 ἀσφαλεστέροις
3714 4131 3813 4199 οὐχ
3841 4130 4075 4199 ἥνδανεν

2500 4220 2637 4281 ὅλως
2655 4218 2817 4272 ἀετοῦ
2847 4219 2967 4288 ῐχνη
2991 4219 3258 4288 άναδιφᾷν
3292 4221 3711 4286 ἐπιποτωμένου
3758 4221 3963 4286 πάγοις
3982 4219 4076 4272 καὶ

2513 4309 3072 4380 δρεσιν,ἢμεταλλᾷν
3131 4311 3417 4379 ἐρπυσμὸν
3478 4310 3655 4378 ὄφεως
3710 4310 3803 4362 ἐπὶ
3844 4311 4072 4379 πέτραν,

2504 4401 2538 4471 ἣ
2575 4400 2859 4468 ἐκμαίνειν
2893 4401 2974 4463 εἰς
3037 4400 3359 4469 συμπλοκὴν
3434 4399 3786 4469 χαυλιόδοντα
3871 4399 4074 4468 μονιδν,

830 4495 1094 4549 Romanis
1122 4496 1350 4551 insidias
1381 4498 1691 4563 collocavit,
1721 4497 2038 4567 rapacitatis
2075 4508 2131 4552 et
2157 4498 2407 4551 avaritia:
2439 4494 2482 4549 D
2512 4511 2525 4545 ι

2381 4513 2407 4551 e
2439 4494 2482 4549 D
2512 4492 2770 4553 πολλάκις
2806 4491 2868 4543 τδ
2903 4490 3097 4560 στῆθος
3129 4490 3208 4552 εις
3247 4490 3582 4543 διακόντισιν
3626 4490 4076 4560 προτεινάμενον,

829 4599 1023 4638 eorum
1064 4594 1121 4640 et
1164 4586 1450 4641 ebaritatis
1498 4602 1626 4656 erga
1683 4602 1813 4643 suos
1864 4603 1974 4642 non
2021 4588 2263 4656 ignarus,
2296 4603 2405 4657 pra:

830 4676 1031 4743 quibus
1064 4677 1229 4732 etiam
1264 4677 1494 4731 salutem
1526 4693 1679 4732 suam
1711 4677 2014 4747 negleCturi
2049 4687 2259 4733 essent.
2295 4678 2405 4732 Nec

830 4782 957 4820 eum
987 4767 1181 4821 fefellit
1209 4769 1415 4836 opinio.
1465 4768 1601 4822 Nam
1645 4769 1807 4838 paulo
1856 4777 1979 4837 post
2013 4778 2403 4837 protostrator,

832 4875 901 4915 eo
929 4860 1125 4915 nuntio
1153 4870 1403 4930 accepto,
1430 4861 1904 4925 Batrachoeastro,
1937 4862 2026 4914 ubi
2066 4862 2263 4915 stativa
2314 4862 2408 4914 ba-

836 4948 1024 5013 bebat,
1054 4949 1379 5004 Bactunium
1412 4950 1709 5019 profectus,
1755 4952 1938 5020 specie
1991 4951 2067 5006 rei
2103 4951 2405 5020 decipitur;

833 5046 890 5090 et
913 5036 1080 5106 680
1105 5053 1213 5091 non
1240 5038 1625 5093 animadverso
1659 5038 1832 5093 Alexii
1871 5039 1998 5094 dolo
2021 5040 2321 5095 exercitum
2345 5055 2411 5095 ea

838 5142 961 5197 qua:
991 5129 1045 5181 in
1069 5138 1365 5196 conspectu
1420 5138 1608 5182 essent
1638 5130 1875 5198 spoliare
1905 5130 2097 5200 jubet;
2130 5129 2244 5199 ipse
2268 5146 2411 5201 equo

840 5236 949 5273 non
976 5220 1171 5275 bellico
1198 5222 1532 5277 circumiens
1558 5230 1925 5291 spectatorem
1961 5223 2091 5290 agit.
2118 5223 2255 5277 Tum
2282 5239 2414 5277 vero

838 5327 907 5365 ex
953 5311 1169 5366 insidiis
1222 5314 1510 5383 consurgit
1557 5314 1802 5378 Alexius,
1850 5323 1906 5368 et
1957 5322 2412 5383 protostratorem

843 5407 1284 5463 circumventum
1322 5407 1659 5478 diductaque
1686 5425 1913 5463 suorum
1946 5410 2065 5463 acie
2099 5412 2270 5465 veluti
2298 5426 2415 5465 cas-

846 5499 1000 5554 sibus
1045 5501 1381 5571 irnplicatum
1414 5500 1580 5571 capit.
1616 5501 1731 5555 lloc
1770 5501 2071 5556 desertoris
2104 5511 2416 5557 commento

853 5590 1084 5645 llonmni
1126 5594 1403 5647 exercitus
1463 5593 1706 5662 reliquiae
1763 5608 1994 5662 prorsus
2041 5603 2335 5656 enervatae,
2378 5593 2415 5649 ii

852 5699 982 5736 vero
1007 5685 1098 5752 qui
1125 5686 1443 5739 defecerant
1478 5684 1604 5737 elati
1638 5692 1786 5738 sunt.
1829 5684 2017 5753 Neque
2041 5683 2148 5754 jam
2186 5684 2415 5738 Romani

853 5791 978 5830 eum
1034 5777 1303 5833 lacessere
1350 5786 1446 5831 aut
1494 5776 1714 5847 aggredi
1764 5774 2060 5841 audebant,
2116 5774 2211 5831 sed
2268 5776 2420 5846 juxta

2507 4582 2814 4654 περιελθεῖν
2870 4583 2934 4636 δέ
2968 4583 3036 4634 τά
3078 4582 3329 4652 πολίχνια
3393 4582 3568 4637 όπόσα
3611 4581 3956 4635 ἐπεσκεύασε
3988 4583 4078 4635 καὶ

2506 4677 2804 4747 ἀνήγειρεν
2834 4679 2862 4730 ό
2896 4674 3157 4740 Ἀλέξιος,
3193 4675 3289 4728 καὶ
3309 4674 3500 4729 θέσθαι
3542 4674 3752 4744 βασιλεῖ
3810 4676 4076 4740 κατήκοα.

2510 4769 2621 4821 Καὶ
2648 4769 2749 4835 τῆς
2792 4765 2993 4837 βουλῆς
3023 4768 3226 4835 ταύτης
3250 4765 3324 4827 ὡς
3372 4767 3657 4834 ἀμείνονος
3713 4763 4075 4833 κυρωθείσης,

2508 4859 2586 4928 τῷ
2633 4860 2885 4929 φρουρίῳ
2918 4859 3422 4929 προσϐάλλουσιν,δ
3446 4858 3571 4911 καθ’
3597 4858 3870 4910 ὑπόὸασιν
3924 4858 4079 4924 ὅρους

2512 4952 2570 5004 ἐν
2624 4952 2774 5021 τόπῳ
2802 4950 3096 5021 Κριτζιμῷ
3120 4950 3404 5020 λεγομένῳ
3433 4949 3740 5018 ἐδομήσατο
3764 4951 3791 5000 ό
3825 4948 4080 5012 Ἀλέξιος’

2514 5040 2643 5093 ἔνθα
2666 5042 2761 5094 καὶ
2791 5041 3027 5092 πλεῖστα
3078 5039 3341 5107 Ῥωμαῖοι
3377 5040 3648 5107 καμόντες
3672 5039 3765 5090 καὶ
3783 5036 4083 5104 φιλοκινδύη

2515 5150 2622 5194 νως
2655 5132 3094 5203 ἁμιλλησάμενοι
3127 5132 3227 5184 οὐκ
3264 5131 3485 5195 ὀλίγους
3513 5129 3714 5198 ἀνδρας
3745 5128 3988 5193 άγαθοῷς
4029 5129 4079 5176 ἐν

2514 5224 2592 5294 τῷ
2628 5224 2932 5295 προσάγειν
2971 5224 3051 5293 τῷ
3085 5226 3255 5292 τείχει
3287 5223 3386 5284 τὰς
3417 5220 3698 5290 κλίμακας
3725 5221 4079 5279 ἀπεϐάλοντο,

2516 5312 2591 5370 ὧν
2618 5313 2685 5385 ἦν
2725 5316 3037 5385 πρώτιστος
3088 5318 3116 5368 ὁ
3181 5315 3548 5382 ῐΙαλαιολόγος
3608 5313 3905 5382 Γεώργιος.
3962 5310 4081 5377 ’0ᾲέ

2518 5408 2565 5461 δ’
2607 5408 2878 5472 ἐξελόντες
2912 5407 2974 5459 τὸ
3020 5408 3199 5476 ἔρυμα
3239 5406 3333 5458 καὶ
3368 5404 3514 5474 ἕτερ’
3575 5403 3712 5456 ἄττα
3775 5400 4080 5468 πολίσματα

2518 5501 2613 5554 ἐπὶ
2642 5501 2776 5570 τῷδε
2818 5500 3072 5568 συναφῶς
3096 5498 3483 5569 ἐχειρώσαντο,
3513 5499 3587 5566 πῇ
3621 5495 3722 5565 μέν
3772 5493 3895 5563 μεθ’
3922 5493 4084 5561 αἱμα-

2518 5610 2635 5660 τος,
2674 5596 2750 5662 πῇ
2773 5592 2827 5644 δὲ
2851 5593 2945 5645 καὶ
2972 5590 3230 5662 ὁμολογίᾳ
3259 5589 3466 5643 τούτων
3503 5585 3934 5657 περιγινόμενοι.
3994 5582 4086 5635 Εὕα

2527 5686 2764 5755 μήχανος
2796 5685 2841 5737 δ’
2868 5682 2944 5736 ὢν
2983 5686 3010 5735 ὁ
3055 5682 3294 5746 Ἀλέξιος
3353 5681 3449 5735 καὶ
3500 5678 3767 5747 πολύχους
3822 5676 3905 5734 εἰς
3954 5676 4085 5742 ἔργα

2527 5774 2765 5848 πολέμια
2789 5776 2923 5832 ἄλλα
2963 5792 3021 5828 τε
3090 5773 3319 5828 πλεῖστα
3401 5770 3543 5826 κατὰ
3620 5768 3912 5835 Ῥωμαίων
3957 5767 4085 5834 ἔργα
