4304 6354
856 386 965 451 899

2078 388 2375 452 NICETE
2415 398 2820 459 CllONl.\'I‘.E

3978 432 4084 495 900

856 496 1073 610 στολαῖς
1105 497 1195 551 διὰ
1224 497 1322 610 τού
1345 498 1724 610 ’πρεσϐυτέρα-υ
1763 500 1864 554 τῶν
1885 504 2159 610 ,γαμῦτρῶν
2200 504 2442 610 Fraag-Ton
2479 509 2610 577 πρὸς
2642 511 2829 564 ἑαυτὸν
2869 516 3315 590 ἐφελκυσάμενος
3381 525 3519 591 μετὰ
3562 528 3659 599 τὴν
3700 534 3807 587 τῶν
3864 543 4064 610 ὅρκων,

848 590 926 695 id;
950 591 1118 695 Eap‘qv,
1149 592 1947 695 aupnlqptoatvnauveuqcpdi;
2007 592 2171 695 εἶχεν-
2196 598 2254 648 ὲν
2325 600 2563 695 δεσμοῖς,
2629 606 2726 674 τὴν
2766 622 2785 656 ι
2819 608 2972 661 Μετὰ
3014 613 3164 666 ὁσίου
3238 590 3391 678 ὅσιος
3426 618 3522 689 ἔσῃ
3571 590 3667 677 καὶ
3704 631 3842 695 μετά

848 682 978 736 σλοῦ
1013 685 1341 756 διαστρέφῃς
1372 703 1389 735 ι
1428 683 1723 774 Δαόιδικὴν
1763 689 1946 758 φωνὴν
1980 690 2077 757 ούχ
2143 689 2218 747 ὡς
2274 690 2476 761 ἐρρέθη
2520 696 2848 766 ἐπενεγκών.
2885 702 3007 754 Κάκ
3046 703 3197 758 τοῦδε
3220 708 3327 760 τῶν
3349 726 3408 763 τε
3441 682 3646 767 πόλεων
3678 682 3771 774 κιαὶ

3907 651 4073 702 στρε-

3797 727 4069 792 φρουρίων

846 775 1079 845 ἀπονητὶ
1124 776 1467 844 περιγίνεται
1517 772 1591 831 ὧν
1631 776 1801 850 ἦρχεν
1856 780 2112 845 Ἀλέξιος,
2156 781 2249 832 καὶ
2305 782 2396 833 τὸν
2439 783 2667 854 ἀδελφὸν
2729 790 2892 843 αὐτοῦ
2952 794 3122 846 Μίτον
3174 800 3389 864 φυγάδα
3436 802 3637 874 τίθησι.
3694 772 4063 868 Ratio-£6;

845 866 1050 936 δράσας
1080 865 1361 918 ἐπάνεισιν
1398 870 1455 930 ἐς
1485 870 1544 922 τὸ
1566 871 1883 935 Βυζάντιον.

914 959 1008 1012 His
1045 962 1282 1028 peractis
1316 962 1633 1032 Byzantium
1684 978 1956 1025 reversus,
1986 965 2271 1033 conjugem
2303 966 2412 1020 Ειι-
2442 976 2487 1028 Α
2594 966 2614 1017 l

2376 984 2412 1019 ε-
2442 976 2487 1028 Α
2581 966 2852 1066 Ἐὑρίσκει
2902 971 2957 1023 δὲ
3014 972 3106 1066 καὶ
3152 973 3251 1044 τὴν
3299 978 3553 1037 σύνευνον
3607 986 3957 1065 Εὐφροσύνην
4007 999 4076 1066 μὴ

842 1050 1152 1119 phrosynen
1213 1069 1318 1106 non
1374 1054 1604 1107 otiosam
1662 1055 1930 1108 desetlisse
1981 1054 2127 1108 domi
2186 1058 2411 1125 reperit,

841 1140 934 1193 sed
969 1142 1218 1197 homines
1248 1142 1506 1199 factiosos
1531 1154 1584 1198 et
1617 1146 1959 1213 peculatores
1991 1145 2217 1200 viriliter
2244 1149 2409 1202 ultam

839 1232 1119 1300 cujusdam
1167 1234 1593 1302 Contostephani
1633 1246 1861 1289 conatus
1893 1238 2251 1306 oppressisse,
2301 1255 2407 1292 non

840 1325 1297 1378 contemnendum
1328 1341 1457 1379 sane
1504 1326 1735 1390 facinus,
1775 1327 1867 1381 sed
1901 1332 1981 1397 (ut
2013 1330 2278 1399 mulieris)
2313 1346 2409 1398 po-

2523 1057 2698 1127 πάντη
2731 1060 2828 1128 τὴν
2860 1064 3139 1132 οἰκουρίαν
3173 1067 3589 1143 ἀσπασαμένην,
3638 1057 3772 1133 ἀλλὰ
3799 1057 3939 1136 κατά
3962 1057 4071 1141 ora:

2524 1149 2754 1244 σιαστῶν
2784 1154 2875 1244 καὶ
2906 1152 3236 1244 δημοκόπων
3263 1162 3521 1232 κάκείνην
3550 1169 3952 1244 ἀνδρισαμένην
3987 1180 4077 1228 καὶ

2522 1237 2593 1297 ὼς
2624 1238 2777 1305 μίτον
2812 1239 3178 1308 Πηνελόπειον
3218 1248 3569 1303 άναλύσασαν
3617 1256 3682 1307 τά
3721 1237 3870 1329 παρά
3904 1237 4078 1326 ’τινος

2519 1327 2971 1394 Κοντοστεφάνου
3027 1332 3397 1401 ὲξυφανθέντα
3440 1327 3859 1412 συστρέμματα.
3896 1348 4003 1405 Ἦν
4032 1357 4077 1406 ξ’

840 1412 948 1466 tius
991 1414 1351 1469 admiratione
1391 1416 1636 1484 dignum,
1672 1418 1715 1469 si
1748 1419 1793 1471 is
1822 1434 1985 1472 sexus
2040 1420 2181 1473 intra
2234 1431 2413 1473 certos
2510 1413 2540 1465 ἃ

2374 1435 2413 1473 με
2510 1413 2579 1465 ἂν
2612 1419 2710 1468 οὐκ
2752 1419 3106 1473 ἀσπούδαστα
3148 1427 3322 1479 ταῦτα
3373 1430 3494 1482 οὐδὲ
3524 1433 3617 1485 τοῦ
3665 1434 3903 1501 ἄγασθαι
3942 1446 4074 1515 πόῤ-

835 1505 992 1572 quasi
1020 1505 1182 1561 ollicii
1212 1506 1414 1561 limites
1443 1522 1499 1561 se
1525 1509 1782 1561 cohibere
1817 1510 2000 1563 sciret.
2038 1510 2188 1562 Nunc
2220 1511 2412 1565 immo-

2511 1501 2703 1567 ρωθεν,
2773 1506 2848 1568 ὡς
2914 1509 3018 1561 ὑπὸ
3086 1514 3347 1576 γυναικὸς
3407 1519 3843 1590 κατορθούμενα,
3917 1501 4078 1602 εἷπέρ

835 1593 957 1648 dica
1018 1596 1274 1664 superbia
1323 1606 1378 1648 et
1423 1596 1711 1649 curiositas
1757 1611 2000 1664 praeceps
2037 1608 2095 1651 et
2139 1599 2216 1651 rei
2272 1600 2412 1653 bene
2508 1589 2535 1657 ᾖ

2381 1616 2412 1653 ο
2508 1588 2705 1657 ᾔδεσαν
2741 1596 2913 1665 μέτρα
2954 1600 3049 1651 καὶ
3083 1603 3231 1669 ὅροις
3268 1603 3562 1674 ὑπήγοντο.
3594 1588 3709 1663 Νῦν
3754 1614 3807 1666 δὲ
3839 1617 3899 1668 τὸ
3941 1588 4077 1685 ἄγαν

835 1692 1004 1752 gesta:
1036 1684 1221 1751 opinio
1268 1692 1413 1737 recte
1457 1684 1597 1737 facta
1632 1694 1689 1738 ut
1717 1686 1884 1739 solem
1934 1688 2105 1742 nubes
2147 1690 2409 1743 obscura.

836 1784 983 1826 runt.
1035 1774 1166 1827 Nam
1210 1789 1334 1828 cum
1367 1772 1543 1827 futura
1597 1790 1927 1843 cognoscere
1962 1778 2141 1839 vellet,
2175 1778 2227 1832 in
2257 1780 2404 1833 nefa-

833 1863 944 1917 rias
972 1864 1339 1919 divinationes
1374 1865 1725 1919 incumbebat
1753 1875 1809 1919 et
1840 1868 2009 1919 multa
2036 1868 2223 1925 illicita
2255 1884 2407 1935 pi-ra-

833 1954 1013 2021 gebat.
1038 1954 1225 2022 Itaque
1244 1955 1379 2008 aenei
1409 1954 1525 2021 apri
1551 1953 1828 2024 Calydonii
1866 1962 2104 2008 rostrum
2135 1959 2402 2024 praecidit,

2507 1686 2819 1747 τυφομανὲς
2858 1689 2949 1740 καὶ
3000 1691 3374 1762 πολυσπερχὲς
3423 1696 3522 1762 τῆς
3560 1699 3846 1772 δεσποίνης
3882 1709 3975 1757 καὶ
4019 1710 4077 1759 τὸ

2510 1769 2704 1824 δάκοῦν
2740 1775 2870 1838 ἴσως
2919 1779 3150 1843 δεόντως
3201 1783 3578 1855 ἀκριϐωθῆναι
3621 1769 3846 1859 ἠχρεὶου
3883 1812 3943 1848 τε
3986 1802 4076 1850 καί

2510 1860 2837 1955 διέφθειρεν,
2888 1867 2962 1928 ὼς
3022 1871 3242 1936 νέφεσιν
3291 1874 3463 1942 ἥλιος,
3515 1879 3628 1940 τοῖς
3676 1882 4075 1955 ἐπιγινομένοις

2510 1953 2860 2045 ἀπευκταίοις
2924 1958 3342 2031 ἀφαυρούμενα.
3422 1968 3752 2041 Τραπομένη
3832 1953 3941 2045 γάρ
4019 1981 4077 2043 ἐς

832 2040 927 2110 qui
971 2042 1104 2095 setis
1141 2042 1494 2096 horrentibus
1525 2053 1580 2095 et
1621 2043 1852 2097 exsertis
1899 2044 2154 2098 dentibus
2189 2046 2401 2100 leonem
2443 2080 2479 2130 Β
2512 2058 2532 2090 ‘-'

2366 2065 2401 2100 η
2443 2080 2479 2130 Β
2512 2044 2849 2135 πρ-ογνώσεις
2876 2048 2982 2099 τῶν
3014 2054 3318 2121 γινομένων
3347 2040 3778 2129 ἀρρητουργίαις
3806 2040 4066 2135 καὶ-μανέ

833 2129 886 2182 in
905 2128 1132 2198 Hippico
1161 2130 1407 2195 invadit;
1443 2139 1499 2183 et
1525 2129 1784 2200 inclytum
1817 2131 2124 2193 llerculem,
2158 2133 2409 2200 pulcher-

831 2223 1032 2273 rimum
1072 2218 1378 2289 Lysimachi
1427 2235 1587 2288 opus,
1616 2222 1709 2289 qui
1747 2222 1976 2274 leonina:
2033 2223 2156 2290 pelli
2193 2224 2404 2276 incum-

831 2308 969 2364 bens
1019 2311 1199 2378 capite
1226 2312 1281 2363 in
1310 2327 1528 2364 manum
1581 2311 1843 2365 inclinato
1880 2327 2007 2364 suas
2040 2313 2286 2365 fortunas
2315 2314 2409 2365 dc—

830 2398 1024 2467 plorat,
1060 2400 1231 2468 688
1279 2400 1465 2453 multis
1511 2400 1833 2454 verberibus
1879 2399 2093 2454 allicere
2147 2402 2404 2455 instituit.

830 2487 874 2543 Ο
902 2504 1015 2544 rem
1049 2491 1337 2544 absurdam
1373 2493 1387 2544 l
1433 2506 1465 2545 ο
1496 2491 1729 2555 facinus,
1776 2492 1935 2546 heros
1962 2493 2188 2547 illustris
2215 2503 2268 2547 et
2296 2511 2408 2548 ma—

830 2579 1104 2645 gnanime,
1132 2587 1321 2634 contra
1353 2590 1402 2633 te
1429 2582 1779 2649 susceptum!
1809 2581 1938 2647 Quis
1970 2597 2206 2649 unquam
2233 2584 2409 2654 Eury-

838 2668 1029 2722 stheus
1059 2670 1162 2723 tale
1193 2682 1475 2725 certamen
1514 2672 1609 2725 tibi
1638 2673 1953 2726 mandavit?
1982 2691 2101 2742 qua:
2120 2674 2401 2744 Omphale,

829 2761 1121 2813 exercitata
1179 2763 1437 2814 meretrix
1481 2770 1536 2815 et
1588 2761 1831 2816 malefica
1889 2764 2240 2825 muliercula,
2298 2778 2403 2820 tam

831 2848 1068 2918 superbe
1125 2857 1303 2902 tecum
1353 2849 1501 2918 egit?
1545 2850 1732 2918 Neque
1764 2851 1866 2904 hac
1893 2851 2231 2921 impudentia
2270 2869 2405 2907 con-

830 2946 999 3003 tenta,
1058 2938 1289 2992 aliarum
1340 2955 1559 3007 quoque
1608 2949 1913 2993 statuarum
1964 2951 2148 3010 partes
2197 2943 2407 3011 aliquas

828 3029 1139 3090 mutilabat,
1186 3031 1468 3084 nonnullis
1518 3031 1699 3099 capita
1750 3031 1962 3084 malleis
2009 3034 2402 3086 contundebat.

828 3119 1049 3175 Urbana
1097 3136 1229 3174 vero
1280 3120 1613 3186 multitudo,
1670 3122 1873 3189 quibus
1921 3121 2173 3176 obscenis
2222 3125 2403 3177 verbis

828 3209 1111 3272 abstinuit,
1139 3210 1339 3278 quibus
1372 3210 1639 3263 conviciis
1666 3225 1785 3264 eam
1814 3226 1922 3263 non
1958 3212 2257 3278 proscidit?
2285 3213 2405 3279 qui-

828 3297 952 3349 dam
1010 3298 1173 3350 etiam
1227 3312 1291 3349 ex
1346 3297 1795 3351 circumforaneis
1859 3313 1987 3351 aves
2042 3298 2400 3351 humanarum

2510 2133 2686 2226 ¹τιιίαις
2721 2138 3047 2205 προσέκειτο
3074 2144 3170 2194 καὶ
3206 2146 3377 2199 πολλὰ
3408 2150 3516 2201 τῶν
3564 2151 3843 2221 ἀθεμίτων
3877 2133 4073 2226 εἰργά-

2510 2220 2657 2316 ςετο,
2691 2225 2834 2279 ὥστε
2879 2230 2974 2280 καὶ
3037 2232 3130 2283 τοῦ
3186 2232 3535 2291 Καλυδωνίου
3592 2220 3720 2305 συός
3765 2245 3825 2296 τὸ
3874 2220 4071 2316 ῥύ-γξίος

2511 2312 2802 2381 ἀπέτεμεν,
2870 2316 2927 2379 ὃς
2973 2320 3029 2371 ὲν
3088 2322 3165 2390 τῷ
3224 2322 3455 2393 ’ἱππικῷ
3514 2328 3749 2396 χαλκοῦς
3782 2335 4073 2406 ἱστάμενος

2512 2405 2733 2469 φρίσσει
2809 2407 2907 2475 τὴν
2952 2408 3148 2476 λοφιάν
3194 2414 3289 2465 καὶ
3348 2422 3519 2487 χωρεῖ
3567 2421 3885 2489 χαυλιόδους
3918 2405 4075 2498 πρὸς

2510 2492 2724 2557 λέοντα,
2759 2500 2853 2548 καὶ
2892 2499 2981 2550 τὸν
3021 2502 3330 2557 καλλίνικον
3368 2507 3643 2581 Ἠρακλῆν
3669 2514 3762 2565 τοῦ
3807 2492 4058 2588 Λυσιμά-

2512 2600 2608 2650 χου
2634 2587 2815 2653 ἔργων
2856 2589 2916 2640 τὸ
2976 2591 3264 2645 κάλλιστον
3316 2595 3467 2660 ὄντα,
3521 2604 3667 2670 χειρὶ
3703 2603 3935 2671 βαλόντα
3974 2610 4073 2677 τὴν

2508 2672 2755 2742 κεφαλὴν
2817 2677 2915 2743 τῆς
2975 2678 3196 2750 λεοντῆς
3254 2682 3688 2756 ὑπεστρωμένης
3738 2693 3944 2763 κοφίνῳ
3980 2700 4074 2750 καὶ

2509 2758 2604 2817 τὰς
2649 2761 2989 2833 ίδέαςτύχας
3030 2768 3458 2839 ὀλοφυρόμενον,
3514 2777 3736 2841 πολλαῖς
3784 2758 3929 2834 κατά
3973 2789 4074 2838 νώ-

2506 2864 2600 2899 του
2645 2847 2802 2912 ξᾶναι
2843 2854 3121 2910 διενοεῖτο.
3193 2861 3489 2928 Ἠράκλεις
3538 2866 3634 2918 τοῦ
3692 2870 4072 2941 ἀτοπήματος,

2510 2941 2603 2990 καὶ
2630 2944 2812 2994 παπαὶ
2849 2946 2958 2996 τῶν
2990 2949 3080 2999 ἐπὶ
3114 2951 3197 3001 σοὶ
3233 2954 3630 3025 τολμωμένων,
3677 2962 3829 3031 ἣρως
3871 2967 4072 3034 ἄλκιμε

2508 3032 2601 3082 καὶ
2634 3034 3003 3103 μεγαλόθυμε.
3025 3039 3120 3102 Τίς
3146 3059 3226 3093 σοι
3247 3046 3557 3113 Εὐρυσθεὺς
3585 3051 3829 3103 τοιοῦτον
3854 3055 4074 3110 πώποτε

2507 3122 2822 3192 προύθηκεν
2902 3129 3127 3195 ἄεθλονς
3197 3133 3229 3202 ἦ
3291 3136 3374 3195 τίς
3436 3140 3710 3208 Ὀμφάλη,
3760 3144 4075 3216 ὲπίτριμμα

2505 3213 2724 3280 ἐρώτων
2754 3218 2847 3268 καὶ
2890 3221 3220 3290 κακότεχνον
3255 3226 3500 3292 γύναιον,
3549 3232 3690 3285 οὓτω
3734 3253 3817 3288 σοι
3864 3240 4074 3308 ὑπερη-

2506 3303 2686 3367 φάνως
2716 3312 3189 3377 προσενήνεκταις
3228 3316 3301 3366 Οὐ
3338 3318 3514 3371 ταῦτα
3550 3322 3605 3373 δὲ
3637 3324 3799 3390 μόνον
3838 3330 4076 3392 ἀναιδῶς

830 3401 1022 3438 vocum
1049 3387 1369 3439 imitatrices
1416 3386 1608 3439 sedulo
1660 3386 2021 3451 edocuerunt,
2052 3400 2112 3441 ut
2141 3389 2192 3440 in
2227 3389 2403 3443 triviis
2430 3427 2472 3483 ε
2506 3391 2530 3442 ὃ

2377 3405 2403 3443 s
2430 3427 2472 3483 Ο
2506 3391 2889 3463 διεπράττετο,
2921 3400 3056 3453 ἀλλὰ
3092 3404 3185 3455 καὶ
3227 3407 3403 3459 ἄλλων
3459 3412 3821 3478 ἀνδρεικέλων
3865 3420 4072 3490 ἀφῄρει

828 3486 882 3530 et
929 3478 1226 3547 angiportis
1286 3478 1493 3545 vulgari
1556 3492 1686 3530 voce
1741 3488 2005 3532 canerent
2043 3495 2057 3531 :
2099 3498 2117 3530 ι
2171 3479 2398 3535 Politica

824 3568 1055 3637 justitia.
1118 3586 1135 3618 ι
1192 3567 1393 3621 Eadem
1444 3575 1631 3619 aurata
1710 3566 2025 3620 cbirotheca
2082 3568 2395 3636 accipitrem

828 3658 1153 3721 sustinebat,
1202 3668 1255 3711 et
1304 3660 1357 3710 in
1408 3665 1604 3711 venatu
1654 3672 1816 3710 canes
1874 3658 2221 3723 inclamabat,
2272 3675 2396 3713 cum

831 3764 1023 3818 magno
1055 3757 1371 3802 venatorum
1403 3757 1459 3803 et
1487 3762 1759 3816 aucupum
1796 3748 2083 3804 comitatu.

2510 3488 2697 3578 μόρια,
2732 3489 2828 3537 καὶ
2875 3494 3098 3560 σφυρῶν
3132 3502 3470 3565 καρατομαῖς
3516 3501 3849 3573 ἐκαρατόμει
3884 3488 4071 3578 ἕτερα.

2505 3574 2578 3625 Τὸ
2603 3576 2658 3627 δὲ
2689 3578 2784 3646 τῆς
2813 3579 3019 3643 πόλεως
3047 3584 3249 3653 πλῆθος
3281 3589 3376 3638 ἐπὶ
3401 3590 3607 3652 τούτοις
3642 3594 3691 3644 τί
3739 3597 3841 3661 μὲν
3875 3574 4070 3668 δυσγε-

2507 3668 2692 3734 ραῖνον
2726 3671 2972 3740 ἀπρεπὲς
3004 3673 3104 3725 οὐκ
3133 3676 3455 3745 ἐφθέγγετο,
3503 3684 3687 3745 ποίαις
3721 3685 3765 3735 δ’
3811 3690 3914 3739 οὐκ
3942 3693 4069 3742 ἐπέ-

2504 3756 2673 3808 πλυνε
2703 3758 2802 3828 τὴν
2828 3762 2998 3813 ταῦτα
3016 3766 3367 3833 πράσσουσαν
3399 3768 3656 3838 ὓὸρεσινς
3688 3776 3858 3828 Ἔνιοι
3888 3780 3945 3831 δὲ
3964 3783 4072 3832 τῶν

828 3841 1100 3910 ἀγοραίων
1131 3840 1313 3891 καὶτὰ
1337 3839 1550 3909 μιμηλὰ
1578 3840 1685 3891 τῶν
1714 3840 1956 3909 πτηνῶν,
1991 3840 2085 3893 καὶ
2140 3842 2241 3895 ὅσα
2302 3842 2337 3910 ἡ
2396 3844 2555 3912 φύσις
2618 3848 2894 3919 ὲστόμωσε
2922 3854 3054 3922 πρὸς
3088 3860 3474 3927 μουσουργίαν,
3514 3864 3598 3913 ἀεὶ
3649 3866 3779 3931 μίαν
3816 3870 4052 3924 ὑποδαλ-

829 3932 1013 3993 λοντες
1048 3933 1303 4001 μάθησιν,
1348 3932 1440 3984 καὶ
1472 3932 1677 4001 ταύτην
1726 3932 1812 4001 |P.
1861 3932 1988 4003 536]
2026 3933 2386 3999 κοινόλεκτον,
2428 3937 2574 4007 ᾄδειν
2609 3940 2700 3992 ἐπὶ
2735 3947 3025 3999 στενωπῶν
3055 3952 3149 4000 καὶ
3214 3955 3458 4021 τριόδων,
3490 3973 3509 4005 ι
3558 3958 3715 4008 Πολιτ

3698 3962 3813 4027 τικὴ
3862 3964 3925 4014 τὸ
3972 3965 4051 4015 δί-

831 4041 1008 4089 καιον,
1051 4045 1070 4077 ι
1105 4028 1509 4090 ὲξεπαίδευσαν.
1556 4025 1619 4077 Ἠ
1647 4024 1693 4077 δ’
1727 4026 1863 4095 αὐτὴ
1895 4024 1991 4078 καὶ
2021 4025 2186 4096 δορὰν
2235 4030 2618 4096 χρυσόπαστον
2688 4035 2958 4105 ὲγχείριον
3014 4039 3211 4108 ἔχουσα
3231 4043 3616 4116 διεσχισμένην
3662 4050 3717 4110 ἐς
3782 4024 4045 4104 δάκτυλον

830 4119 1124 4187 κυνητίναν
1166 4114 1314 4188 εἶχεν
1349 4117 1562 4188 ὄρνιθα,
1617 4117 1711 4169 καὶ
1764 4116 1983 4213 ἐξιοῦσα
2030 4120 2168 4186 πρὸς
2216 4120 2390 4189 θήραν
2428 4121 2705 4185 ἑπέκλωζέ
2740 4142 2797 4177 τε
2867 4129 2959 4180 καὶ
2984 4130 3280 4196 ὲπεθώῦξε,
3341 4135 3437 4187 καὶ
3460 4114 3584 4195 τοὺς
3613 4140 3740 4205 περὶ
3772 4142 3870 4211 τὴν
3895 4145 4055 4213 θεραο

829 4214 989 4266 πείαν
1018 4213 1221 4265 τούτων
1261 4215 1353 4265 καὶ
1385 4212 1615 4282 κομιδὴν
1651 4211 1870 4273 ἱκανοὺς
1926 4206 2074 4279 εἶχεν
2101 4214 2500 4283 ἐφεπομένους.

899 4304 1016 4359 Non
1059 4303 1228 4357 multo
1266 4313 1383 4371 post
1418 4302 1779 4357 Caichosroes
1808 4302 1975 4356 lconii
2008 4312 2254 4373 satrapes
2287 4308 2382 4358 im-

832 4409 1142 4467 peratorem
1174 4395 1309 4456 adit,
1334 4392 1502 4464 689
1533 4393 1726 4448 tiaram
1759 4396 1936 4463 capite
1969 4403 2209 4464 gestans.
2238 4406 2386 4452 veste

2568 4307 2643 4361 οὐ
2678 4308 2841 4373 πολὺς
2872 4311 2917 4363 δ’
2942 4314 2968 4364 6
2992 4314 3050 4365 ἐν
3082 4315 3233 4384 μέσῳ
3257 4317 3471 4386 καιρὸς,
3509 4322 3603 4372 καὶ
3647 4323 3994 4395 Καῐχοσρόης
4033 4331 4062 4381 ὁ

2494 4395 2588 4451 τοῦ
2641 4398 2860 4450 Ἰκονίου
2920 4401 3207 4470 σατράπης
3236 4406 3453 4476 ἀπαντᾷ
3480 4408 3617 4476 πρὸς
3642 4410 3887 4477 βασιλέα,
3928 4432 4059 4484 κυρ-

830 4503 965 4539 auro
1019 4486 1366 4554 interpuncta
1413 4488 1670 4539 amictus.
1705 4482 1933 4560 .Verum
1964 4485 2058 4540 ubi
2104 4502 2279 4556 pauca
2333 4491 2397 4544 ile
2429 4477 2475 4533 ί)
2503 4489 2530 4540 6

2368 4505 2397 4544 e
2429 4477 2475 4533 ί)
2503 4489 2700 4541 ϐασίαν
2729 4492 2823 4542 ἐπὶ
2845 4492 3089 4559 κεφαλῆς
3138 4494 3275 4563 ἔχων
3327 4498 3422 4548 καὶ
3454 4500 3645 4567 στολὴν
3682 4477 4064 4574 διηνθισμένην

832 4577 1011 4631 Persae
1065 4578 1228 4645 hujus
1265 4577 1472 4631 familia
1515 4577 1855 4643 disseruero,
1907 4578 2150 4632 historia
2202 4581 2398 4634 seriem

832 4683 1150 4737 prosequar.
1183 4667 1553 4736 Clyzasthlani
1582 4667 1877 4731 lconiensi,
1900 4667 1994 4737 qui
2018 4669 2400 4737 superioribus

835 4760 1169 4828 temporibus
1205 4758 1618 4827 potentissimus
1649 4757 1753 4811 fuit
1795 4765 1851 4811 et
1890 4758 2061 4812 multa
2108 4774 2234 4814 cum
2285 4759 2397 4813 Ma-

832 4853 990 4905 nUele
1045 4852 1377 4919 imperatore
1436 4847 1578 4901 bella
1626 4847 1817 4917 gessit,
1878 4849 2081 4903 multas
2140 4850 2401 4904 victorias

833 4942 1061 5005 adeptus
1105 4949 1210 5000 est,
1248 4937 1342 4990 filii
1385 4937 1570 5006 plures
1605 4935 1849 4989 fuerunt.
1881 4936 2178 5000 Amasiam,
2220 4944 2399 5003 Ancy-

835 5046 974 5094 ram,
1004 5030 1304 5098 Dorylaeum
1329 5039 1387 5082 et
1410 5028 1547 5082 alias
1584 5026 1773 5082 beatas
1806 5027 1974 5082 urbes
2002 5028 2255 5083 Ponticas
2292 5032 2401 5085 Ma-

833 5134 959 5178 suto
989 5122 1306 5188 assignavit.
1345 5119 1684 5183 Melitenem,
1711 5118 2010 5174 Caesaream
2035 5129 2090 5174 et
2115 5118 2395 5175 Caloniam

834 5226 954 5278 quze
990 5224 1139 5262 nunc
1167 5208 1375 5261 Taxara
1404 5207 1628 5271 dicitur,
1663 5206 2003 5275 Coppatinns
2028 5210 2395 5278 gubernabat.

837 5303 1085 5366 Aminso,
1131 5300 1327 5356 Docea.
1357 5309 1414 5352 et
1448 5298 1569 5351 aliis
1604 5298 1895 5351 maritimis
1919 5300 2147 5355 urbibus
2189 5303 2399 5356 Rucra-

838 5396 988 5448 tinus
1033 5391 1367 5460 potiebatur.
1416 5389 1513 5444 llic
1558 5405 1690 5443 vero
1741 5389 2100 5445 Caichosroes
2150 5393 2397 5447 Iconium

840 5487 1084 5546 tenebat,
1132 5485 1260 5537 item
1307 5482 1637 5553 Lycaoniam
1662 5491 1719 5536 ct
1747 5482 2144 5553 Pamphyliam,
2176 5494 2232 5539 et
2279 5500 2400 5554 qua:

838 5581 904 5633 ad
932 5581 1256 5645 Uottyanum
1295 5588 1466 5642 usque
1493 5572 1789 5641 pertinent.
1829 5574 2131 5642 COppitano
2156 5586 2397 5639 mortuo,

841 5672 907 5723 de
928 5670 1049 5736 ejus
1079 5665 1317 5733 satrapia
1342 5665 1534 5719 Doceae
1564 5664 1823 5734 princeps
1845 5665 2175 5721 Rucratinus
2204 5676 2259 5720 et
2281 5666 2394 5720 Ma-

838 5770 998 5818 sutus
1030 5760 1351 5828 Ancyranus
1376 5756 1724 5814 certant.Sed
1742 5756 2071 5814 Rucratinus
2090 5757 2309 5828 ingenio
2347 5768 2402 5813 et

2504 4582 2695 4649 χρυσῷ
2724 4582 3127 4650 ἀμπεχόμενος.
3169 4585 3331 4638 Ἀλλά
3364 4591 3563 4657 μικρόν
3596 4608 3649 4642 τι
3681 4596 3929 4662 περὶτοῦ
3966 4600 4057 4664 γε-

2504 4687 2627 4730 νους
2656 4669 2749 4721 τοῦ
2783 4672 2991 4740 Πέρσου
3017 4672 3169 4724 τοῦδε
3206 4674 3266 4724 τὸ
3297 4674 3480 4742 λέγειν
3520 4678 3776 4731 διαλαόὸν
3814 4684 3914 4751 τῆς
3960 4687 4067 4737 τῶν

2502 4759 2628 4828 ἑξῆς
2663 4760 2902 4827 ἱστορίας
2944 4757 3099 4824 αὖθις
3138 4763 3350 4831 ἅψοιτο.
3393 4764 3499 4835 Τῷ.
3528 4767 3740 4822 Ἰκονιεί
3791 4772 4064 4835 Κλιτζασσ

2502 4850 2657 4913 θλὰν,
2689 4850 2746 4912 ὃς·
2789 4855 2847 4904 ἐν
2876 4855 2985 4913 τοῖς
3050 4854 3163 4905 ἄνω
3207 4856 3423 4923 χρόνοις
3460 4859 3701 4928 ⁴Ιζδυνήθη
3730 4862 3798 4911 τὰ
3831 4864 4064 4930 μέγιστα

2504 4942 2642 4994 κάπὶ
2693 4942 2909 5004 πολλοῖς
2938 4946 3268 5010 ἀντετάξατο
3302 4947 3379 5015 τῷ
3412 4947 3623 5017 βασιλεῖ
3684 4952 3942 5022 Μανουὴλ
3976 4960 4065 5007 καὶ

2503 5034 2682 5096 νίκαις
2712 5034 3059 5104 διαπολεμῶν
3092 5038 3485 5105 ἐστεφάνωται,
3521 5039 3737 5103 πλείους
3766 5046 4060 5108 γεγόνασιν

2501 5128 2662 5188 υἱεῖς.
2703 5127 3002 5196 Ἀμάσειαν
3029 5129 3129 5198 μὲν
3165 5128 3259 5182 οὖν
3308 5133 3400 5183 καὶ
3441 5132 3727 5199 ’Ἄγκυραν
3768 5139 3862 5186 καὶ
3898 5139 4065 5204 Δορύο

2501 5217 2651 5269 λαιον
2685 5221 2779 5270 καὶ
2829 5220 3011 5282 πόλεις
3066 5221 3232 5282 ἄλλας
3291 5223 3555 5283 Ποντικά·ς
3607 5225 3935 5292 εὐδαίμονας
3993 5230 4064 5293 τῷ

2502 5305 2718 5358 Μασοὺτ
2754 5308 3136 5379 ἀπεκλήρωσε,
3176 5296 3486 5381 Μελιτηνὴν
3507 5311 3562 5363 δὲ
3605 5314 3693 5363 καὶ
3719 5315 3818 5365 σὺν
3857 5310 4065 5368 Καισα-

2503 5396 2624 5467 ρείᾳ
2658 5396 2984 5461 Κολώνειαν,
3016 5398 3050 5465 ἡ
3079 5400 3174 5449 νῦν
3204 5399 3427 5468 Τἀξαρα
3469 5398 3705 5467 λέγεται,
3747 5404 3774 5453 ό
3832 5404 4063 5456 Κοπτῖτα-

2505 5493 2648 5552 τῑνος
2681 5492 2891 5543 διεῖπεν
2917 5504 2930 5517 ·
2981 5491 3236 5560 Ἀμινσὸν
3275 5491 3332 5542 δὲ
3365 5492 3458 5543 καὶ
3492 5494 3722 5544 Δόκειαν
3755 5495 3853 5545 καὶ
3889 5498 4063 5565 παρά-

2502 5581 2627 5643 λους
2653 5580 2835 5643 πόλεις
2869 5581 3064 5651 ἑτέρας
3108 5584 3136 5633 6
3173 5581 3553 5651 Ῥουκρατῖνος
3597 5583 3938 5651 παρείληφεν
3989 5592 4060 5645 εἰς

2502 5672 2680 5743 ἀρχὴν
2714 5690 2726 5702 ·
2766 5673 3113 5743 Καῐχοσρόης
3147 5673 3225 5735 δὲ,
3276 5671 3337 5726 οὗ
3389 5673 3494 5739 πρὸ
3520 5672 3747 5743 βραχέος
3790 5678 4058 5745 ἐμνήεθη-

2507 5776 2629 5828 μεν,
2675 5760 3010 5830 ἡγεμόνευεν
3054 5760 3277 5815 Ἰκονίου
3311 5760 3617 5825 Λυκαονίας
3655 5779 3715 5815 τε
3770 5766 3867 5816 καὶ
3910 5765 4057 5833 Παμ-
