4304 6354
258 410 364 470 905

1072 399 1169 462 DE
1209 399 1499 460 ALEXIO
1545 395 1825 458 lSAAClI
1867 396 2152 456 ANGELI
2189 397 2308 458 ΕΠ.
2351 399 2494 457 LIB.
2533 400 2650 460 ΙΙΙ.

3371 402 3475 462 906

252 514 689 584 κλαυσιγέλωτα·
731 513 791 565 οὔ
827 511 1042 572 πολλαῖ,
1076 511 1119 562 δ’
1166 511 1395 580 ἡμέραις
1432 511 1656 576 ὕστερον
1696 507 1814 560 ἔτεα·
1845 513 1888 568 Α
1919 523 1947 558 v

1773 523 1814 559 ι·
1845 513 1888 568 Α
1919 523 2095 562 verso.
2122 508 2238 561 Non
2265 507 2450 561 multis
2473 508 2668 563 diebus
2699 517 2840 579 post,
2867 508 3014 562 aliud
3041 509 3243 563 malum
3268 513 3473 580 erupit.

256 627 346 679 ρον
396 607 668 676 ἀνερράγη
700 607 886 666 κακὸν,
933 605 960 654 ὃ
1021 619 1071 652 τι
1105 606 1196 654 καὶ
1229 605 1303 664 εἰς
1339 603 1584 668 αἱμάτων
1645 597 1812 666 προῦ-

254 702 416 768 κοψεν
441 698 678 767 ἔκχυσιν.
720 695 964 761 Ἰωάννης
1015 695 1119 762 γάρ
1161 711 1262 755 τις,
1298 690 1493 757 Λαγὼς
1525 691 1584 742 τὺ
1607 690 1815 742 ἐπώνυ-

257 810 375 860 μον,
426 792 488 841 ἐκ
521 787 782 857 βασιλέως
840 786 1073 855 εἰληφὼς
1129 782 1490 852 προΐστασθαι
1552 783 1642 850 τῆς
1718 780 1811 832 τοῦ

256 879 586 949 πραιτωρίου
615 877 875 944 φρουρᾶς,
897 874 1084 945 ἢθελεν
1108 872 1283 941 ἐαυτῷ
1315 888 1368 924 τε
1398 871 1616 932 καὶτοῖς
1648 886 1816 940 προσ-

257 975 563 1038 ισταμένοις
621 967 825 1019 ἐνθένδε
857 965 1098 1033 πορίζειν
1127 964 1417 1032 χρήματαο
1456 963 1555 1028 φεῦ
1592 963 1687 1030 τῆς
1717 961 1812 1027 ῥυ.

257 1065 556 1128 πτρὸτητος
616 1059 714 1128 τῆς
774 1056 1034 1124 γνώμηςε
1079 1055 1138 1106 οὔ
1171 1055 1278 1122 γάρ
1339 1071 1388 1106 τι
1447 1054 1608 1104 πλέον
1657 1053 1685 1103 ό
1717 1049 1814 1117 τῆς

256 1153 494 1218 ἱστορίας
549 1149 708 1218 νόμος
743 1149 913 1198 εἰπεῖν
941 1147 1224 1216 ἐπιτρέπει
1269 1162 1376 1214 μοι.
1410 1144 1570 1196 Ὅθεν
1597 1143 1690 1204 τὰς
1716 1143 1816 1208 ςυ-

256 1244 412 1311 χικὲς
446 1242 550 1292 τῶν
597 1239 854 1306 φιλοθέων
906 1238 1270 1304 οίκειούμενο,
1308 1238 1592 1299 διαδόσεις,
1625 1234 1819 1296 νυκτὸς

254 1336 393 1388 ἀνίει
417 1332 658 1400 φρουρᾶς
686 1329 778 1381 καὶ
811 1328 1023 1398 δεσμῶν
1058 1329 1182 1392 τοὺς
1211 1331 1303 1380 ἐπὶ
1333 1326 1671 1396 κλεπτοσύνῃ
1702 1327 1815 1378 διαο

253 1428 480 1494 σοήτους
499 1439 512 1451 ·
538 1424 587 1474 oi
613 1421 667 1474 δὲ
714 1419 885 1490 λάθρα
913 1421 1006 1484 τὰς
1027 1421 1201 1482 οἰκίας
1238 1419 1618 1487 διερευνῶντες
1653 1434 1817 1487 προσ-

253 1517 384 1582 ῆγον
416 1513 606 1580 ἐκείνῳ
638 1514 703 1562 τὰ
727 1513 924 1582 φώρια,
989 1515 1078 1564 καὶ
1105 1507 1266 1562 ἆθλον
1300 1507 1556 1570 ἀσεϐείας
1600 1508 1663 1559 ἐκ
1706 1505 1814 1557 τῶν

255 1607 429 1657 σύλων
454 1607 561 1667 τοῖς
593 1603 918 1673 νυκτιλόχοις
943 1601 1206 1662 διαδιδοὺς
1237 1601 1302 1651 τὲ
1330 1599 1488 1651 λοιπά
1505 1597 1590 1660 οἷς
1615 1598 1676 1649 οὐ
1698 1597 1818 1650 δέον

256 1698 577 1766 προσέφερε,
599 1697 691 1748 τὸν
718 1694 904 1746 πιστὸν
941 1689 1216 1760 ὑπηρέτην
1241 1692 1266 1742 ὁ
1307 1690 1423 1759 Θεῷ
1456 1689 1516 1740 τὸ
1552 1689 1658 1739 πᾶν
1691 1687 1816 1738 ἄπι-

254 1805 376 1845 στος
423 1789 477 1836 ἐν
512 1789 621 1845 τοῖς
673 1784 994 1851 ἁτολμήτοις
1039 1780 1121 1851 [Ρ.
1161 1778 1286 1850 559]
1321 1777 1812 1847 σχηματιζόμενος.

250 1880 452 1931 Τούτου
479 1879 541 1946 δὴ
576 1875 668 1926 τοῦ
707 1873 870 1941 Λαγὼ
892 1873 1072 1925 πολλοὶ
1106 1875 1362 1924 κατεῖπον
1387 1872 1442 1930 ἐς
1488 1867 1714 1936 βασιλέα
1739 1867 1812 1928 ὡς

250 1968 486 2036 δρῶντος
513 1965 698 2016 ἀνόσια
722 1979 734 1992 ·
771 1965 796 2014 ὁ
821 1963 876 2013 δὲ
907 1962 1004 2029 τὴν
1038 1960 1322 2025 διόρθωσιν
1354 1957 1816 2024 ἐπαγγειλάμενος

252 2057 438 2121 ὥσπερ
465 2054 523 2105 ού
552 2053 846 2120 δυνάμενος
889 2049 1242 2104 ἀνεϐάλλετοο
1279 2049 1400 2102 ὅθεν
1431 2049 1682 2116 οὐδαμῶς
1726 2048 1817 2097 ἐπὶ

248 2147 362 2206 τ.ῖς
390 2144 757 2212 τολμωμένοις
789 2140 1150 2210 ὑποπτήσσων
1183 2135 1250 2208 ἦν
1277 2139 1304 2190 ὁ
1333 2139 1549 2205 Λαγὼς,
1583 2137 1698 2188 ἀλλ’
1742 2135 1817 2196 ὡς

251 2235 544 2288 ἀνεύθυνον
598 2229 850 2302 χειρίζων
900 2231 1072 2299 ἀρχὴν
1099 2230 1323 2299 ἀναίδην
1351 2229 1420 2280 τὰ
1447 2226 1678 2295 θεομισῆ
1709 2226 1816 2278 διε-

249 2325 541 2393 πράττετο.
581 2322 778 2374 Ἐνίοτε
809 2322 863 2373 δὲ
888 2321 995 2372 τῶν
1018 2320 1291 2387 ἀγοραίων
1325 2319 1420 2370 ἕνα
1458 2317 1814 2385 συνειληφὼς,

251 2415 389 2483 μετά
421 2415 479 2464 τὸ
512 2413 703 2480 πλῆξαι
754 2411 954 2471 πολλὰς
1019 2410 1160 2462 κατά
1189 2408 1360 2461 νώτου
1389 2409 1590 2478 τριχῶν
1633 2409 1815 2460 ὑποδι-

251 2508 422 2566 κασας
456 2505 646 2571 κουρᾷ,
678 2503 738 2554 τὸ
765 2501 1090 2570 θερμότερον
1121 2501 1221 2568 τῆς
1249 2502 1455 2560 πόλεως
1481 2502 1576 2552 καὶ
1608 2501 1685 2569 τῷ
1718 2520 1818 2553 πα-

248 2596 393 2646 θόντι
415 2596 699 2662 ὁμότεχνον
727 2593 861 2661 πρὸς
896 2593 1228 2660 στασιασμὺν
1252 2592 1588 2663 ἀνερρίπισε.
1609 2594 1816 2661 Σύγχυ-

254 2702 336 2745 σις
367 2680 458 2736 οὖν
489 2684 586 2751 τὴν
615 2683 769 2735 πόλιν
815 2683 1128 2750 κατείληφε,
1161 2686 1253 2736 καὶ
1303 2684 1503 2752 πλῆθος
1549 2701 1815 2752 χειρωνα-

253 2774 435 2825 κτικὸν
471 2774 565 2824 οὐκ
597 2773 777 2837 ὀλίγον
797 2773 852 2834 ἐς
878 2774 938 2823 τὸ
969 2774 1304 2842 πραιτώριον
1336 2774 1594 2841 συλλεγέν
1618 2772 1817 2842 θηρεύ-

253 2881 367 2914 σειν
404 2862 730 2914 ἐπεσαλλετο
778 2862 870 2913 τὸν
903 2861 1120 2928 Λαγών.
1187 2865 1244 2914 Ὀ
1274 2863 1330 2915 δὲ
1361 2864 1498 2931 ὑπὲρ
1543 2863 1819 2915 δασύποδα

255 2956 504 3020 συντονία
535 2955 736 3020 δρόμου
769 2954 1112 3021 χρησάμενος
1144 2953 1354 3005 ἐκεῖθεν
1405 2955 1718 3022 ἠφάνισται.
1758 2955 1817 3005 Ὀ

255 3049 435 3116 μέντοι
491 3044 628 3105 λεὼς
659 3045 752 3096 καὶ
791 3044 962 3106 οὕτως
1023 3049 1440 3115 ὲπισυρῤέοντες
1492 3047 1694 3116 ὥρμων
1726 3047 1816 3098 τὸν

1914 600 2058 668 quod
2082 600 2148 652 ad
2173 599 2453 667 sanguinis
2482 598 2802 654 effusionem
2830 609 2912 654 est
2941 614 3312 670 progressum.
3342 601 3472 656 Nam

1919 691 2176 754 Joannes,
2197 692 2287 759 qui
2327 691 2546 759 quidem
2592 703 2952 759 cognomento
2999 692 3197 760 Lagus,
3233 696 3476 758 przetorii

1916 781 2178 834 custodiae
2208 783 2274 835 ab
2307 783 2634 851 imperatore
2662 782 2965 849 prmfectus.
3001 782 3126 835 inde
3175 792 3230 836 et
3274 783 3380 836 sibi
3423 792 3479 835 et

1917 871 2035 924 suis
2064 871 2347 937 pecuniam
2378 887 2692 940 comparare
2728 873 2982 925 instituit.
3015 874 3060 927 Ο
3082 873 3362 928 sordidum
3396 875 3480 928 in-

1917 963 2174 1030 genium!
2221 978 2320 1015 nec
2371 963 2514 1016 enim
2573 963 2814 1017 historiae
2857 965 2940 1016 lex
2979 979 3065 1018 me
3099 966 3253 1033 plura
3291 966 3476 1018 dicere

1918 1053 2066 1106 sinit.
2092 1053 2155 1106 Et
2185 1053 2344 1120 stipe,
2372 1065 2531 1120 quam
2553 1054 2802 1108 homines
2825 1054 2895 1122 pii
2931 1054 3072 1106 ultro
3098 1056 3473 1117 conferebant,

1919 1146 1973 1197 in
2007 1160 2158 1198 suam
2201 1160 2312 1197 rem
2345 1158 2627 1206 conversa,
2682 1155 2846 1198 noctu
2897 1145 3143 1199 celebres
3184 1145 3331 1199 fures
3360 1146 3476 1198 vin-

1919 1235 2058 1289 culis
2090 1236 2350 1288 liberatos
2383 1249 2603 1288 carcere
2636 1235 2932 1300 educebat;
2964 1237 3058 1304 qui
3095 1237 3305 1290 aedibus
3339 1237 3476 1291 clam

1919 1325 2257 1394 perlustratis
2277 1323 2440 1394 695
2463 1323 2605 1376 furta
2637 1323 2703 1375 ad
2735 1324 2885 1378 illum
2910 1325 3290 1380 conferebant.
3319 1325 3475 1382 Unde

1916 1414 2140 1484 prmmio
2172 1414 2385 1468 furibus
2435 1413 2754 1474 distributo,
2805 1414 3012 1481 reliqua
3055 1415 3220 1469 homo
3255 1413 3471 1468 facino-

1920 1520 2075 1558 rosus
2122 1505 2260 1558 male
2305 1505 2627 1568 collocabat,
2689 1505 2834 1558 ﬁdeli
2885 1506 3135 1560 ministro
3196 1507 3473 1568 simulato,

1919 1611 2042 1649 cum
2065 1595 2321 1649 omnibus
2379 1596 2430 1648 in
2482 1596 2646 1650 rebus
2698 1597 2806 1650 Deo
2856 1597 3097 1665 perfidus
3125 1607 3289 1652 esset.
3324 1598 3480 1650 Hune

1919 1685 2120 1754 Lagum
2148 1686 2300 1739 multi
2351 1687 2492 1754 apud
2535 1687 2916 1754 imperatorem
2968 1689 3238 1755 sacrilegii
3271 1688 3482 1741 detule-

1923 1788 2074 1828 runt.
2106 1777 2208 1840 Qui
2242 1762 2582 1830 rorrectione
2610 1779 2874 1844 promissa
2909 1794 3022 1832 rem
3063 1779 3293 1834 subinde
3319 1777 3480 1832 diffe-

1918 1865 2093 1928 rebat,
2139 1866 2295 1934 quasi
2346 1864 2558 1919 viribus
2611 1865 3021 1920 destitueretur.
3075 1867 3227 1922 Unde
3301 1867 3478 1936 Lagus

1915 1955 1988 2007 ob
2017 1955 2221 2008 scelera
2256 1955 2478 2008 minime
2507 1955 2808 2023 trepidans,
2861 1955 2955 2010 sed
2994 1965 3247 2024 tanquam
3298 1956 3476 2010 libero

1918 2046 2235 2114 magistratu
2297 2046 2547 2114 fungens,
2610 2056 2796 2114 aperte
2845 2045 3089 2100 facinora
3147 2047 3255 2100 Deo
3302 2045 3476 2101 invisa

1919 2136 2282 2204 perpetrabat.
2305 2135 2549 2200 Quodam
2585 2152 2711 2190 vero
2762 2145 3027 2206 tempore,
3070 2153 3194 2191 cum
3244 2138 3471 2192 foraneo

1917 2229 2150 2300 quodam
2179 2229 2362 2282 multis
2387 2227 2707 2282 verberibus
2727 2227 2921 2282 allecto
2949 2241 3003 2282 et
3040 2246 3180 2294 raso,
3214 2230 3479 2283 audacio-

1919 2333 2030 2371 rem
2049 2317 2232 2386 populi
2261 2316 2472 2370 turbam
2497 2326 2549 2369 et
2573 2316 2815 2385 ejusdem
2839 2315 3037 2386 opificii
3063 2320 3127 2370 ad
3151 2319 3476 2372 seditionem

1920 2410 2181 2463 incitavit.
2199 2409 2388 2462 Statim
2411 2409 2574 2476 igitur
2593 2411 2984 2476 urtotumultu,
3009 2426 3114 2464 non
3137 2426 3298 2478 parva
3323 2412 3478 2480 opili-

1918 2515 2042 2552 eum
2061 2514 2183 2566 pars
2196 2499 2322 2567 Lagi
2341 2499 2587 2567 capiendi
2608 2515 2767 2552 causa
2785 2501 2849 2553 ad
2870 2501 3183 2568 praetorium
3203 2502 3479 2556 convolat.

1919 2589 2024 2644 Sed
2040 2602 2162 2641 cum
2182 2588 2889 2657 isquovisleporeyelocius
2901 2591 3228 2654 evanuisset,
3248 2593 3481 2661 populus

1918 2678 2275 2732 nihilominus
2296 2678 2576 2731 confluens
2603 2695 2856 2748 magnum
2883 2681 3142 2749 templum
3172 2681 3478 2750 bipennife-

1918 2769 1962 2821 ri
1982 2769 2218 2836 praesidii
2238 2784 2401 2822 causa
2416 2785 2481 2821 eo
2496 2770 2760 2839 missijam
2777 2785 3128 2840 occuparant.
3145 2788 3252 2825 non
3271 2774 3484 2842 digres-

1920 2858 2013 2912 sia
2039 2859 2296 2927 praetorio
2322 2859 2504 2912 verbis
2529 2859 2801 2914 indecoris
2827 2862 3210 2930 imperatorem
3234 2863 3482 2916 insectati

1921 2961 2068 3004 sunt.
2103 2949 2207 3014 Qui
2233 2949 2554 3021 Chrysopoli
2587 2961 2699 3006 tum
2733 2967 2898 3022 agens
2929 2963 3137 3022 partem
3183 2956 3478 3008 satellitum

1919 3041 1982 3093 ad
2009 3039 2324 3109 prmtorium
2357 3043 2732 3108 occupandum
2758 3042 2959 3108 mittit;
2988 3044 3290 3112 eodemque
3315 3043 3481 3115 696

257 3138 428 3205 μέγαν
459 3136 685 3187 εἰσιέναι
717 3134 852 3187 νεὼν
884 3137 980 3188 καὶ
1037 3136 1257 3204 βασιλέα
1309 3137 1493 3205 ἕτερον
1550 3139 1792 3188 ἀνειπεῖν
1844 3151 1887 3209 C
1923 3146 1957 3199 ι)

1780 3155 1792 3188 ρ
1844 3151 1887 3209 C
1923 3131 2214 3199 pmfectus
2245 3132 2400 3186 urbis
2427 3132 2820 3187 Constantinus
2867 3133 3158 3187 Tornicius
3188 3135 3357 3188 venit.
3400 3136 3480 3188 Ad

253 3224 803 3294 προκαταληφθέντος
840 3223 895 3274 δὲ
948 3223 1039 3273 τοῦ
1082 3225 1339 3292 τεμένους
1373 3225 1524 3294 παρά
1585 3225 1694 3276 ’τῶν
1742 3229 1820 3288 είς

253 3316 416 3366 αὐτοῦ
440 3314 680 3382 φρουρὰν
712 3312 1133 3381 ἀπεσταλμένων
1165 3315 1571 3384 πελεκοφόρων,
1605 3317 1679 3384 μὴ
1728 3333 1823 3384 με-

253 3405 566 3472 ειιστάμενοι
627 3403 716 3456 τοῦ
765 3405 1102 3470 πραιτωρίου
1148 3405 1289 3455 κατά
1347 3403 1440 3456 τοῦ
1494 3406 1823 3476 κρατοῦντος

253 3495 566 3562 ἐρεσχελίας
621 3495 849 3560 ἠφίεσαν
879 3495 1164 3564 ἀπρεπεῖς.
1212 3495 1270 3548 Ὀ
1315 3497 1370 3548 δὲ
1401 3498 1477 3566 μὴ
1516 3497 1705 3566 παρὼν
1753 3501 1820 3567 τῇ

256 3586 428 3648 πόλει,
487 3584 620 3637 ἀλλὰ
668 3586 795 3654 περὶ
839 3586 933 3653 τὴν
992 3586 1334 3652 Χρυσόπολιν
1391 3588 1818 3657 ἐναυλιζόμενος,

257 3676 462 3740 πέμπει
498 3675 689 3741 μοῖραν
715 3672 824 3724 τῶν
855 3673 984 3742 περὶ
1029 3673 1128 3742 τὴν
1162 3673 1409 3743 φυλακὴν
1444 3675 1540 3727 τοῦ
1571 3675 1822 3745 σώματος

255 3761 709 3830 καταληψομένην
734 3761 793 3812 τὸ
831 3761 1190 3831 πραιτώριον.
1224 3765 1404 3816 Ἰκετο
1432 3765 1476 3816 δ’
1515 3767 1696 3818 ἐκεῖσε
1732 3767 1824 3818 καὶ

254 3854 281 3902 ὁ
310 3853 404 3918 τῆς
451 3851 654 3911 πόλεως
693 3849 932 3919 ἔπαρχος
979 3853 1436 3917 Κωνσταντῖνοςό
1474 3855 1821 3925 Τορνίκηςοὴ

255 3937 311 3986 δὲ
350 3935 553 4003 πληθὺς
580 3944 673 3990 καὶ
699 3939 833 4006 πρὸς
862 3940 1030 4009 μόνην
1061 3940 1156 4009 τὴν
1183 3941 1350 3993 αὑτοῦ
1377 3944 1503 3995 θέαν
1529 3945 1823 4013 ἐκτραχυν-

260 4028 442 4088 θέντες
493 4030 582 4080 τόν
611 4045 667 4080 τε
702 4029 942 4097 ἔπαρχον
977 4030 1271 4092 λαῖὸολίαις
1320 4033 1673 4102 ἐκτρέπονται
1729 4035 1822 4087 καὶ

259 4122 383 4180 τοὺς
410 4119 878 4184 σωματοφύλακας
929 4121 1366 4189 ἀποπέμπονται.
1416 4125 1566 4177 Ἐπεὶ
1612 4125 1667 4180 δὲ
1723 4127 1821 4189 τὰς

257 4207 350 4257 τοῦ
382 4210 712 4276 πραιτωρίου
741 4210 1152 4278 ἀνατρέψαντες
1183 4212 1352 4275 πύλας
1388 4213 1571 4267 ἄνεσιν
1600 4218 1710 4276 τοῖς
1740 4216 1820 4265 Ev-

256 4297 343 4347 δον
366 4296 587 4358 διδόασι,
630 4297 950 4350 σκυλεύουσι
1001 4317 1062 4350 τε
1090 4303 1180 4352 τὸν
1212 4303 1388 4353 ἐκεῖσε
1442 4305 1822 4372 Χριστιανικὸν

258 4385 404 4444 ναὸν,
437 4386 496 4435 τὸ
525 4385 578 4435 δὲ
610 4387 716 4437 τῶν
747 4387 1081 4457 Σαρακηνῶν
1138 4390 1474 4459 συναγώγιον
1511 4396 1822 4448 ἀνασπῶσιν

1925 3227 2079 3293 cujus
2109 3226 2284 3279 solum
2314 3235 2666 3294 conspectum
2700 3227 3005 3296 exasperati
3053 3226 3328 3295 lapidibus
3374 3227 3478 3280 bo-

1925 3314 2122 3367 minem
2156 3325 2368 3383 petunt,
2395 3326 2450 3370 et
2485 3317 2744 3372 satellites
2772 3317 3093 3387 proﬂigant;
3127 3329 3182 3372 et
3242 3319 3480 3386 praetorii

1925 3405 2135 3459 foribus
2176 3405 2417 3461 effractis
2472 3417 2526 3462 et
2578 3409 2808 3477 captivis
2856 3409 3070 3462 emissis
3117 3408 3480 3462 Christianam

1925 3497 2072 3552 illius
2106 3497 2210 3549 loci
2235 3499 2406 3551 aedem
2433 3501 2688 3568 spoliant,
2756 3501 3153 3554 Saracenorum
3188 3515 3318 3554 vero
3349 3516 3482 3554 con-

1927 3589 2259 3643 venticulum
2294 3607 2321 3644 a
2355 3590 2726 3645 fundamentis
2757 3600 3030 3645 evertunt.
3064 3590 3193 3657 Qua'
3215 3607 3338 3645 cum
3360 3591 3478 3645 sine

1926 3679 2033 3731 ulla
2062 3679 2270 3732 ratione
2307 3679 2582 3745 fecissent,
2608 3680 2675 3732 ad
2706 3681 2987 3734 castellum
3018 3697 3138 3749 qua:
3167 3679 3365 3734 Clialce
3396 3681 3480 3733 di~

1927 3768 2073 3821 citur
2127 3766 2321 3820 eodem
2381 3767 2544 3821 modo
2591 3770 2822 3836 grassari
2853 3769 3163 3823 voluerunt.
3215 3769 3318 3824 Sed
3354 3783 3479 3822 cum

1925 3855 2266 3923 imperatoris
2297 3872 2462 3924 gener
2491 3857 2712 3911 Alexius
2742 3856 3069 3927 Palmologus
3092 3859 3388 3912 exercitum
3423 3859 3477 3909 in

1923 3948 2111 4002 urbem
2151 3949 2478 4012 reduxisset,
2507 3948 2689 4002 furore
2718 3950 2971 4005 nonnihil
3006 3966 3257 4019 represso
3287 3953 3481 4020 emptis

1927 4053 2034 4092 non
2065 4040 2225 4106 plane
2260 4039 2588 4092 destiterunt
2622 4057 2634 4092 :
2662 4040 2755 4092 sed
2791 4040 3061 4108 principio
3095 4041 3254 4094 nudis
3283 4057 3482 4110 corpo-

1923 4125 2092 4188 ribus,
2124 4125 2319 4178 de‘inde
2356 4127 2542 4192 paucis
2571 4127 2794 4178 armatis
2837 4129 3043 4190 ascitis,
3086 4144 3208 4180 cum
3255 4130 3483 4198 legioni—

1923 4216 2024 4269 bus
2058 4215 2203 4268 ferro
2239 4215 2475 4282 undique
2504 4215 3297 4285 fulgentibuscongrediuntur,
3329 4220 3480 4271 nullo

1925 4321 2046 4360 cum
2079 4305 2258 4359 fructu
2317 4313 2371 4357 ct
2431 4306 2600 4374 gloria
2660 4308 2928 4360 morituri.
2987 4310 3152 4360 Erant
3185 4311 3346 4362 etiam
3379 4312 3476 4377 qui

1929 4397 2086 4450 tectis
2120 4397 2435 4448 conscensis
2463 4397 2666 4463 tegulas
2686 4397 2989 4465 dijicerent,
3010 4407 3064 4452 et
3083 4400 3290 4468 lapides
3311 4417 3486 4469 quan-

258 4477 322 4522 ἐκ
350 4473 562 4540 βάθρων
602 4476 804 4528 αὐτῶν.
841 4477 947 4527 Καὶ
974 4479 1148 4530 ταῦτα
1181 4483 1277 4533 σὺν
1310 4483 1485 4534 οὐδενὶ
1520 4485 1819 4552 διαπραξά-
1853 4461 1897 4516 D
1932 4497 1958 4540 ti

1780 4489 1819 4538 ι-
1853 4461 1897 4516 D
1932 4497 2014 4542 tos
2040 4487 2156 4540 vola
2180 4488 2323 4555 capit
2349 4461 2743 4554 jacula—rentur.
2775 4487 2876 4539 Alii
2907 4489 3128 4555 sagittas
3157 4492 3211 4542 in
3246 4461 3480 4559 impera-

262 4580 411 4630 μενοι
441 4564 582 4632 λόγῳ
604 4567 920 4633 ἐφίστανται
949 4571 1015 4639 τῇ
1047 4573 1259 4640 φρουρᾷ
1288 4575 1352 4641 τῇ
1398 4574 1663 4644 λεγομένῃ
1694 4578 1823 4644 χαλ-

259 4657 352 4718 κῇ,
387 4655 606 4707 κάκεῖσε
656 4659 722 4711 τὰ
767 4660 928 4725 ὃμοια
962 4661 1272 4728 δράσοντες.
1299 4665 1559 4734 Στρατιᾶς
1584 4667 1626 4718 δ’
1658 4669 1822 4734 ἀφιγ-

263 4741 432 4808 μένης
465 4742 747 4811 βασιλικῆς
807 4748 926 4814 μεθ’
951 4749 1068 4808 ἐνὸς
1097 4751 1205 4800 τῶν
1229 4751 1321 4801 τοῦ
1363 4753 1623 4819 βασιλέως
1675 4773 1819 4825 γαμ-

259 4831 408 4897 δρῶν
440 4827 527 4900 (ἦν
554 4832 600 4885 δ’
631 4830 782 4897 οὗτος
813 4837 842 4887 ὁ
871 4837 1224 4904 Παλαιολόγος
1256 4841 1508 4912 Ἀλέξιος)
1530 4848 1821 4916 ἀνασειρά-

1929 4581 2124 4633 torium
2151 4579 2452 4633 exercitum
2493 4579 2835 4645 torquebant.
2863 4580 2937 4632 Ac
2970 4588 3082 4632 toto
3115 4593 3182 4632 eo
3215 4580 3302 4633 die
3327 4583 3462 4634 nihil

1927 4670 2148 4723 remissa
2178 4667 2476 4728 iracundia,
2517 4674 2616 4719 sub
2644 4684 2920 4736 vesperam
2949 4669 3166 4722 demum
3196 4672 3477 4734 abierunt.

1929 4758 2194 4814 Postridie
2223 4772 2324 4809 nec
2353 4757 2843 4811 obmurinurarunt
2872 4759 3171 4828 quidquam
3212 4777 3309 4818 nec
3343 4779 3482 4834 pug-

1931 4867 2053 4905 nam
2088 4851 2370 4903 iterarunt.

260 4929 446 4990 ζονται
475 4927 571 4998 τῆς
603 4931 798 4999 ὁρμῆς,
846 4933 907 4984 οὐ
941 4933 1048 5002 μὴν
1094 4935 1418 5002 ἀφίστανται
1449 4940 1651 5004 τέλεον,
1704 4944 1840 4998 ἀλλὰ
1881 4945 2094 5015 σώμασι
2160 4946 2407 5012 γυμνοῖς,
2440 4940 2557 4997 εἶτα
2599 4944 2689 4996 καὶ
2715 4943 2933 5014 βραχεῖς
2974 4947 3098 5008 τοὺς
3130 4948 3248 5017 μεθ’
3299 4951 3478 5006 ὃπλων

258 5023 655 5084 ἐφισταμένους
696 5021 908 5089 ἔχοντες
945 5023 1096 5085 ὅλαις
1149 5028 1559 5096 καταφράκτοις
1626 5033 2027 5100 συμπλέκονται
2086 5035 2382 5102 στρατιαῖς.
2412 5035 2546 5102 πρὸς
2604 5035 2754 5087 οὐδὲν
2781 5038 3045 5107 ἀνύσιμον
3080 5040 3112 5111 ἢ
3146 5048 3479 5113 παρεκτικὸν

258 5113 421 5179 ἔργον
451 5111 694 5172 εὐκλεία;
746 5115 1000 5184 τελευτᾷν
1034 5118 1298 5185 ἑλόμενοι.
1337 5119 1515 5173 Ἦσαν
1560 5123 1605 5173 δ’
1632 5124 1679 5174 οἳ
1724 5127 1818 5176 καί⁵
1856 5127 1963 5177 τών
2023 5125 2196 5192 τεγῶν
2260 5125 2689 5194 ὑπερφερόμενοι
2716 5128 2989 5195 κεράμους
3028 5111 3346 5203 κατέφε-ρον,
3383 5140 3478 5192 καὶ

256 5204 437 5265 λίθους
469 5205 596 5256 ἒνιοι
620 5205 996 5272 χειροπληθεῖς
1051 5211 1452 5278 ἐπιπέμποντες
1505 5214 1597 5265 καὶ
1658 5214 1986 5278 ὀϊστεύοντες
2038 5215 2208 5284 ἕτεροι
2235 5217 2298 5284 τῇ
2329 5215 2580 5284 βασιλείῳ
2624 5215 2990 5287 ἀντεμάχοντο
3018 5221 3275 5290 φάλαγγι.
3307 5226 3478 5297 Ὀλης

256 5293 353 5348 οὖν
379 5297 472 5360 τῆς
506 5297 716 5364 ἡμέρας
747 5295 957 5366 ἐκείνης
998 5299 1164 5367 μηδέν
1196 5318 1247 5351 τι
1287 5304 1697 5372 παραλύσαντες
1756 5307 1856 5376 τῆς
1893 5308 2065 5377 ὀργῆς
2133 5307 2502 5376 ὑπενόστησαν
2556 5306 2688 5376 πρὸς
2721 5309 2984 5380 ἑσπέραν.
3019 5314 3094 5383 Τῇ
3130 5315 3174 5366 δ’
3209 5293 3477 5390 ὑστεραίᾳ

257 5390 382 5442 οὔτε
411 5406 460 5439 τι
484 5389 839 5455 ὲὸαττάρισαν
869 5392 1024 5454 ὅλως,
1055 5392 1177 5444 οὒτε
1211 5397 1344 5464 πρὸς
1375 5398 1560 5464 ἀγῶνα
1596 5400 1932 5470 συνέδραμον
1965 5402 2236 5470 δεύτερον.

1999 5511 2160 5582 697
2193 5513 2247 5566 6.
2304 5511 2417 5567 lloc
2460 5526 2675 5580 quoque
2724 5514 2864 5568 malo
2895 5515 3101 5584 elapso,
3145 5519 3362 5588 quidam
3403 5537 3474 5578 ex

1924 5602 2221 5658 Comnenia
2300 5603 2499 5656 familia
2544 5613 2733 5658 contra
2783 5605 3166 5674 imperatorem
3218 5611 3472 5681 insurgit,

1929 5694 2146 5748 nomine
2174 5694 2447 5758 Joannes;
2482 5693 2577 5768 qui
2603 5710 2727 5750 cum
2753 5696 2915 5752 homo
2940 5709 3229 5755 ventrosus
3259 5711 3315 5756 et
3343 5703 3476 5762 dolii

576 5801 843 5860 PATROL.
887 5805 995 5864 Gn.
1034 5805 1346 5866 CXXXIX.

3006 5805 3078 5866 29

339 5497 414 5563 ς’.
453 5501 611 5554 Ἀλλά
662 5506 752 5554 καὶ
813 5505 962 5557 τοῦδε
1011 5507 1103 5558 τοῦ
1137 5507 1308 5559 κακοῦ
1357 5510 1728 5579 παρελθόντος,
1760 5513 1824 5564 ἐκ

259 5589 358 5641 τοῦ
382 5589 487 5642 τῶν
519 5592 813 5660 Κομνηνῶν
842 5612 921 5656 τις
949 5598 1137 5664 γένους
1169 5597 1246 5666 τῷ
1277 5598 1487 5666 βασιλεῖ
1527 5603 1824 5654 ἐπανίστα-

257 5698 374 5746 ται,
415 5681 664 5752 Ἰωάννης
687 5684 924 5754 τοῦνομα
946 5704 960 5717 ⁸
993 5689 1300 5757 προκοίλιος
1330 5691 1376 5742 δ’
1422 5691 1495 5744 ὣν
1527 5692 1620 5745 καὶ
1653 5693 1823 5745 πιθώ-
