4314 6356
808 382 911 443 927

2018 398 2319 458 NICETJE
2360 401 2761 463 CllONlAT/E

3932 396 4036 460 928

808 494 1064 551 dentibus
1120 501 1172 553 in
1237 504 1401 555 altum
1460 506 1671 561 eduetm
1715 509 1873 579 longe
1944 528 2107 579 supra
2172 512 2357 566 nzmnia

2403 513 2440 567 Δ
2480 509 2590 565 εἷεν
2618 512 2749 581 πυρὶ
2792 509 3029 580 ἀδῄωτα,
3072 508 3175 561 κάν
3197 508 3318 569 ταῖς
3362 506 3588 577 κεραίας
3633 506 4027 575 τεκτηνάμενοι

808 586 1147 644 eminebant.
1176 591 1386 657 Quibus
1418 595 1601 650 hostes
1630 601 1907 668 occupatis
1928 602 2070 657 mdes
2110 604 2213 656 illis
2242 618 2372 655 con-

809 677 989 746 tiguas
1040 679 1338 735 incemlunt
1366 686 1570 751 passim
1614 698 1891 756 vagantes.
1944 691 2139 745 Editur
2181 707 2248 745 co
2280 692 2370 745 die

811 768 1119 822 miserabile
1176 776 1539 838 spetaculum,
1581 779 1726 845 quod
1757 778 1977 839 ﬂumina
2008 782 2367 852 lacrymarum

812 866 962 910 tanto
1023 860 1276 916 incendio
1352 868 1500 933 paria
1554 871 1812 936 postulet.
1864 874 1997 926 Nam
2031 875 2297 943 quidquid
2341 891 2370 929 a

810 949 950 1002 colle
980 949 1303 1007 Blat-hernio
1333 973 1504 1025 usque
1536 960 1601 1014 ad
1643 964 1921 1032 Evergetae
1975 967 2368 1020 monasterium

808 1041 1068 1106 pertinet,
1106 1042 1317 1098 flamma
1348 1057 1433 1101 est
1462 1049 1831 1121 absumptum,
1883 1055 2111 1112 flamma:
2165 1058 2369 1128 impetu

810 1129 952 1182 ultra
989 1132 1282 1186 Deuterum
1333 1137 1499 1192 elato.
1548 1140 1845 1209 Imperator
1906 1155 2014 1198 tam
2075 1147 2371 1203 miserabili

816 1219 1117 1275 infortunio
1165 1227 1281 1279 viso
1318 1266 1334 1289 ,
1401 1230 1690 1285 anaietalis
1751 1236 1934 1303 populi
1985 1237 2241 1293 misertus
2283 1241 2372 1293 vix

821 1315 999 1361 tamen
1046 1325 1197 1367 arma
1246 1314 1445 1381 induit;
1488 1319 1649 1387 idque
1700 1336 1824 1375 eum
1857 1338 1885 1375 a
1919 1323 2191 1394 plerisque
2219 1326 2374 1382 iratis

812 1413 1119 1467 urgeretur,
1184 1407 1277 1474 qui
1330 1409 1632 1464 maledictis
1675 1422 1729 1466 et
1773 1415 2035 1469 conviciis
2070 1431 2177 1469 non
2201 1418 2368 1473 absti-

815 1490 1037 1551 nebant,
1093 1497 1237 1562 quod
1274 1498 1477 1552 desidia
1503 1518 1597 1555 sua
1631 1503 1865 1558 hostium
1906 1508 2117 1561 animos
2148 1519 2373 1576 augeret

810 1596 911 1634 nae
956 1582 1118 1636 ullam
1167 1588 1286 1640 urbi
1331 1590 1542 1646 afﬂicta)
1589 1608 1745 1660 opem
1785 1595 1968 1649 ferret.
2019 1599 2112 1651 sed
2171 1600 2370 1653 beiluut

815 1668 882 1720 ad
945 1674 1144 1726 muenia
1213 1680 1473 1733 accedere
1533 1693 1855 1750 pateretur,
1912 1688 2056 1755 quod
2113 1689 2373 1744 hactenus

810 1775 1090 1829 nunquam
1129 1767 1454 1835 accidisset;
1509 1774 1664 1841 quasi
1698 1790 1825 1829 vero
1872 1792 2033 1831 nemo
2085 1793 2229 1835 esset
2278 1785 2369 1851 qui

815 1868 1055 1920 pugnare
1109 1858 1218 1910 scir
1258 1868 1296 1921 t,
1381 1877 1556 1930 neque
1623 1875 1904 1933 przestaret
1958 1869 2168 1925 hostem
2218 1885 2370 1927 autc--

810 1954 1020 1999 vertere
1074 1964 1235 2016 quam
1289 1955 1600 2017 anteverti,
1655 1964 1715 2010 ut
1769 1974 1965 2029 corpus
2011 1964 2171 2033 723
2217 1968 2366 2034 gravi

810 2036 1119 2092 valetudine
1148 2052 1202 2095 et
1237 2060 1450 2099 omuem
1480 2048 1801 2103 medicinam
1834 2065 2121 2122 respuente
2142 2073 2371 2126 oppres-

810 2140 955 2181 sum.
1014 2129 1181 2199 Igitur
1234 2136 1433 2202 palatio
1502 2155 1759 2207 egressus
1830 2145 2093 2211 plurimos
2157 2151 2370 2217 equites

816 2219 1048 2283 ascivit;
1092 2231 1147 2275 et
1196 2225 1463 2291 pedestris
1518 2230 1750 2298 phalanx
1800 2251 1905 2287 non
1960 2243 2356 2295 contemnenda

806 2324 873 2362 ex
912 2309 1043 2363 flore
1077 2314 1314 2370 civitatis
1354 2328 1439 2372 est
1485 2332 1785 2386 contracta,
1841 2335 1899 2378 ut
1931 2326 2116 2382 hostes
2163 2334 2254 2399 qui
2314 2333 2366 2385 in

812 2408 954 2453 terra
996 2414 1175 2463 erant.
1234 2408 1470 2461 maximo
1506 2412 1747 2465 exercitu
1779 2428 1844 2467 ex
1884 2415 2182 2483 improviso
2235 2434 2366 2473 con-

812 2503 1018 2560 specto,
1071 2496 1293 2553 horrore
1320 2500 1685 2557 adicerentur.
1720 2504 1795 2559 Ac
1838 2506 2064 2562 farsitan
2115 2526 2201 2564 res
2232 2514 2365 2568 bene

808 2592 955 2647 tzcsta
1000 2594 1165 2647 esset,
1222 2588 1265 2641 si
1322 2591 1405 2643 vel
1451 2590 1564 2659 ipse
1616 2609 1847 2663 pugnam
1891 2599 2255 2655 couunisisset
2286 2604 2364 2658 vel

811 2671 861 2722 id
920 2670 1133 2726 Lascari
1166 2691 1368 2742 genero
1401 2681 1760 2747 permisisset,
1794 2684 1847 2737 in
1888 2684 2112 2742 Latinos
2155 2688 2367 2746 irruere

807 2761 1074 2827 cupienti.
1125 2764 1282 2819 Nune
1336 2781 1598 2836 perpetua
1656 2772 1794 2841 fugte
1854 2776 2113 2842 cogitatio
2175 2791 2231 2834 et
2284 2781 2363 2835 fa-

809 2851 1105 2907 miliarium
1160 2857 1278 2923 ejus
1340 2861 1634 2928 trepidatio
1675 2880 1800 2917 eum
1860 2868 2074 2922 consilii
2147 2871 2364 2941 iuoprm

812 2946 982 3007 fecit,
1042 2956 1099 2999 ut
1154 2958 1363 3003 tantum
1411 2952 1527 3006 acie
1581 2955 1884 3019 instructa,
1937 2975 2043 3029 qua
2108 2963 2367 3019 Romanis

812 3035 1012 3089 rharus
1041 3046 1095 3091 et
1124 3048 1310 3108 gratus
1366 3051 1423 3094 ut
1478 3042 1702 3099 Latinos
1751 3063 2104 3118 aggressurus
2135 3054 2361 3123 exierat,

805 3124 995 3179 eadem
1047 3130 1357 3196 turpissime
1404 3141 1460 3187 et
1506 3149 1722 3191 summo
1780 3155 1902 3193 eum
1965 3142 2232 3199 dedecore
2279 3164 2367 3201 rc-

805 3217 968 3280 diret,
1004 3230 1160 3274 aucta
1202 3231 1256 3276 et
1306 3224 1622 3281 confirmata
1683 3229 1922 3285 hostium
1977 3234 2214 3302 ferocia,
2271 3241 2362 3309 qui

806 3311 1174 3369 Romanorum
1240 3318 1641 3377 diseedentium
1695 3330 1861 3396 tergis
1916 3327 2257 3385 inlncrcbant
2309 3344 2365 3389 et

807 3401 989 3478 hastas
1031 3404 1082 3457 iu
1139 3422 1235 3460 eos
1309 3411 1616 3467 vibrabant.
1669 3416 1725 3468 ln
1795 3417 2052 3484 palatium
2113 3437 2365 3479 reversus

804 3494 871 3544 ad
911 3493 1091 3562 fugam
1124 3513 1181 3551 se
1229 3510 1405 3567 parat,
1444 3507 1595 3571 quasi
1631 3505 1698 3559 de
1728 3506 1993 3562 industria
2044 3511 2234 3567 urbem
2287 3515 2367 3568 af-

803 3586 1004 3638 ﬂictam
1069 3599 1124 3641 et
1176 3601 1363 3645 contra
1419 3595 1587 3648 fatum
1664 3599 1927 3665 perditam
1986 3608 2043 3653 et
2105 3605 2367 3659 remotius

803 3678 923 3746 ejus
965 3679 1191 3733 exit'um
1232 3685 1596 3738 acceleratum
1649 3688 1832 3741 vellet.
1894 3690 2079 3759 quue
2131 3696 2365 3749 concilio

804 3787 927 3823 eum
964 3773 1153 3839 paucis
1186 3774 1526 3830 mulierculis
1572 3786 1625 3831 et
1648 3780 1893 3847 cognatis
1936 3785 2363 3852 communicato,

804 3870 859 3910 et
932 3862 1087 3915 [rene
1147 3863 1254 3917 filia
1306 3877 1362 3918 et
1422 3866 1612 3920 decem
1682 3870 1800 3921 auri
1847 3875 2176 3929 ceutenariis
2237 3893 2362 3931 cum

804 3952 914 4005 alio
954 3963 1151 4008 ornatu
1218 3955 1572 4025 imperatorio
1607 3975 1673 4013 ex
1724 3962 1980 4029 pretiosis
2026 3966 2255 4033 gemmis
2310 3976 2368 4020 et

806 4043 1111 4111 perSpicuis
1168 4047 1475 4115 margaritis
1516 4049 1568 4101 in
1645 4066 1839 4105 navem
1894 4052 2206 4121 impositis,
2262 4058 2364 4111 sub

805 4136 1032 4201 primum
1077 4140 1250 4191 noctis
1279 4140 1515 4208 vigiliam
1566 4141 1852 4196 Debeltum
1889 4147 2220 4211 contendit,
2268 4149 2363 4202 ubi

804 4242 961 4277 suum
1016 4229 1310 4281 adventum
1374 4240 1727 4299 pra‘pararat,
1763 4233 1927 4288 homo
1962 4236 2362 4304 timidissimus,

802 4317 894 4381 qui
939 4333 1041 4371 non
1080 4319 1342 4373 cbaritate
1383 4320 1680 4375 liberorum
1720 4325 2028 4389 emollitos,
2069 4326 2231 4398 725
2256 4343 2362 4382 non
2406 4366 2418 4375 ι

803 4424 987 4466 amore
1036 4410 1284 4480 conjugis
1330 4413 1613 4474 subat-tus.
1648 4430 1755 4467 non
1794 4424 1953 4469 tanta:
2007 4418 2160 4470 urbis
2192 4419 2360 4474 mise-

2474 601 2755 669 κλίμακας
2779 599 2879 661 τὰς
2912 597 3176 665 βαθμῖδας
3207 595 3567 665 μηρινθὼδεις
3596 595 3843 661 ἐχούσας,
3889 594 4028 646 ὓπο-

2473 689 2799 759 χαλωμένας
2825 688 2914 740 διά
2942 687 3124 740 κάλων
3149 688 3244 739 καὶ
3274 684 3433 748 αὖθις
3462 685 3760 755 αἰρομένας
3786 685 3868 746 είς
3902 682 4037 752 ὕψος

2472 778 2920 848 προσδεδεμένων
2978 779 3094 838 τοῖς
3161 776 3365 838 ἱστοῖςο
3429 774 3565 827 οίδὲ
3619 775 4041 842 τειχεσιπλήτην

2475 871 2627 939 κριὸν
2644 870 3066 938 κρατυνάμενοι,
3086 867 3179 919 καὶ
3200 868 3325 927 τοὺς
3340 864 3775 933 τζαγροτοξότας
3793 864 4036 932 πολλαχῇ

2472 962 2928 1031 περιστήσαντες,
2960 960 3033 1022 ὡς
3073 957 3169 1026 ἀφ’
3206 959 3326 1020 ἑνὸς
3357 957 3706 1026 συνθήματος
3750 955 4038 1009 ποιοῦνται

2470 1053 2569 1121 τὴν
2598 1052 2881 1122 σύρρηξιν.
2938 1050 3047 1104 Καὶ
3091 1046 3163 1118 ἦν
3208 1052 3245 1119 ἡ
3300 1048 3448 1118 μάχη
3504 1046 3775 1116 φρικαλέα
3824 1064 3908 1108 τις
3942 1048 4036 1097 καὶ

2475 1141 2769 1193 στονόεσσα
2798 1139 3085 1193 πάντοθεν.
3111 1139 3179 1193 Ol
3201 1156 3260 1191 τε
3287 1139 3397 1207 γὰρ
3424 1139 3551 1207 περὶ
3580 1138 3672 1189 τδν
3702 1135 3855 1205 κριδν
3878 1135 4035 1187 631'-

2475 1230 2701 1297 σάμενοι
2736 1233 2956 1284 Λατῖνοι
2994 1231 3057 1282 τδ
3092 1232 3273 1298 τεῖχος
3306 1229 3572 1299 ῥήξαντες
3603 1227 3837 1295 πάροδον
3881 1227 4039 1294 ἔσχον

2473 1321 2705 1383 ἔνδοθεν,
2730 1323 2757 1374 ὃ
2785 1321 3107 1392 παρατείνει
3138 1322 3275 1390 πρὸς
3303 1319 3580 1373 θάλασσαν
3617 1320 3749 1386 περὶ
3777 1319 3945 1371 τόπον
3976 1320 4033 1379 ὃς

2486 1413 2796 1483 Ἀποδάθρα
2829 1413 3096 1482 βασιλέως
3127 1413 3471 1481 ὠνόμασται,
3518 1414 3567 1464 εί
3600 1411 3694 1464 καὶ
3744 1411 3880 1481 πρὸς
3923 1410 4034 1461 τῶν

2475 1505 2787 1574 ἐπικούρων
2825 1504 3118 1571 Ῥωμαίοις
3148 1502 3429 1556 Πισσαίων
3459 1503 3558 1555 καὶ
3583 1503 3693 1553 τῶν
3725 1502 4034 1568 πελεκυφὸο

2476 1611 2585 1663 ρων
2646 1593 2937 1664 βαρδάρων
2992 1594 3373 1662 γενναιότερον
3417 1592 3874 1662 ἀπεκρούσθησαν
3938 1594 4036 1643 καὶ

2472 1685 2811 1754 τραυματίαι
2845 1686 2896 1736 οί
2928 1686 3146 1746 πλείους
3174 1684 3471 1750 ἀνέζευξαν
3489 1699 3504 1713 ·
3534 1684 3661 1735 οἵτε
3690 1685 3804 1743 τοῖς
3830 1681 4035 1742 πλοίοις

2476 1778 2687 1837 ἐνόντες
2719 1778 2832 1838 τοῖς
2870 1777 3001 1847 περὶ
3031 1777 3100 1830 τὰ
3135 1777 3341 1844 Πετρία
3374 1776 3580 1845 τείχεσι
3618 1773 4037 1843 προσπελάσαν-

2472 1883 2562 1927 τες
2587 1867 2681 1918 καὶ
2716 1866 2783 1917 δι’
2814 1867 3060 1920 ἀκατίων
3116 1867 3215 1928 τὰς
3238 1865 3487 1935 ἀγκύρας
3511 1863 3622 1918 τῶν
3646 1864 3847 1917 πλοίων
3869 1864 4034 1932 ἔραζε

2474 1957 2729 2027 ῥίψαντες
2777 1958 2842 2009 ὲκ
2894 1956 3006 2009 τῶν
3055 1956 3366 2026 κλιμάκων,
3414 1955 3606 2008 ἔπειτα
3649 1957 3763 2015 τοῖς
3816 1956 3881 2007 ἑκ
3922 1954 4033 2007 τῶν

2474 2047 2702 2115 πύργων
2765 2048 3062 2117 Ῥωμαίοις
3116 2047 3547 2115 συμπλέκονται,
3599 2047 3695 2099 καὶ
3738 2044 4031 2113 τρέπονται

2470 2138 2693 2200 τούτους
2726 2137 2921 2209 ῥᾳδίως
2961 2138 3037 2191 ὡς
3079 2138 3136 2203 ἐξ
3167 2136 3500 2207 ὑπερδεξίων
3528 2136 3819 2206 μαχόμενοι
3849 2136 3942 2187 καὶ
3967 2135 4029 2187 ού

2475 2230 2633 2298 μόνον
2660 2230 2768 2283 ἀπὸ
2799 2229 2966 2298 ὕψους
2994 2229 3128 2282 ἀλλά
3168 2232 3259 2281 καὶ
3292 2229 3434 2282 κατά
3475 2228 3718 2297 κορυφὴν
3760 2223 3871 2280 οἷον
3902 2229 4027 2295 ἐφε-

2473 2322 2678 2384 στῶτες
2728 2323 2827 2376 καὶ
2877 2321 3164 2392 βάλλοντες
3190 2336 3205 2351 '
3261 2320 3406 2374 κατά
3448 2321 3581 2374 πολὺ
3635 2322 3744 2390 γὰρ
3781 2320 3890 2374 τῶν
3933 2321 4033 2388 τῆς

2473 2409 2683 2470 πόλεως
2712 2408 2940 2478 τειχέων
2966 2409 3487 2479 ύπερανεστήκεσαν
3511 2410 3567 2462 αί
3595 2410 3653 2461 ἐν
3684 2411 3797 2471 τοῖς
3824 2408 4034 2470 πλοῗοις

2466 2498 2760 2566 κλίμακες,
2809 2500 3077 2567 μετέωροι
3112 2500 3200 2552 διὰ
3252 2501 3573 2569 πεισμάτων
3608 2500 3911 2569 γινόμεναι.
3957 2502 4031 2553 Th

2468 2586 2516 2639 δ’
2553 2588 2658 2639 ἀπὸ
2690 2589 2843 2641 τοῦδε
2869 2589 3164 2658 λαδόμενοι
3192 2589 3299 2643 τῶν
3323 2590 3686 2659 τειχισμάτων
3708 2590 3759 2643 οἱ
3782 2591 4032 2660 πολέμιοι

2471 2678 2582 2749 πῦρ
2606 2680 2783 2733 ὲνιᾶσι
2813 2683 2932 2743 ταῖς
2962 2681 3184 2745 οίκίαις,
3213 2681 3409 2733 ὁπόσαι
3438 2683 3553 2743 τοῖς
3574 2682 3809 2749 τείχεσιν
3834 2684 4032 2750 ἐκκρε-

2475 2770 2615 2836 μεῖς,
2653 2769 3138 2834 διασκεδασθέντες
3187 2771 3453 2842 πολλαχῇ.
3510 2774 3619 2826 Καὶ
3670 2774 3884 2838 γίνεται
3930 2774 4033 2840 τῆς

2470 2860 2687 2928 ἡμέρας
2728 2862 2947 2932 ἐκείνης
2994 2862 3231 2915 ἐλεεινόν
3278 2879 3331 2915 τι
3384 2863 3562 2931 θέαμα
3608 2865 3703 2917 καὶ
3756 2864 4035 2930 ποταμοὺς

2471 2951 2629 3004 ἕλκον
2655 2953 2909 3022 δακρύων
2934 2956 3281 3025 ἀντιρρόπως)
3303 2955 3381 3024 τῷ
3406 2954 3577 3023 πολλῷ
3600 2955 3698 3023 τῆς
3719 2957 3996 3025 πυρκαῖὴ
4015 2972 4029 2987 ·

2471 3045 2650 3096 πάντα
2685 3046 2792 3115 γάρ
2822 3046 2923 3098 ὅσα
2952 3048 3015 3098 ἐκ
3049 3044 3143 3098 τοῦ
3174 3046 3283 3099 τῶν
3317 3047 3637 3116 Βλαχερνῶν
3667 3046 3860 3116 βουνοῦ
3894 3047 4031 3117 πρὸς

2469 3136 2567 3203 τὴν
2599 3136 2766 3205 μονὴν
2815 3137 3001 3207 δεήκει
3034 3137 3131 3190 τοῦ
3171 3138 3477 3208 Εὐεργέτου
3516 3139 3895 3209 κατῃθάὶωτο,
3937 3142 4032 3192 καὶ

2470 3227 2890 3296 ύπερεμτμίσθη
2918 3229 2977 3279 τδ
3005 3228 3342 3299 καλούμενον
3370 3229 3634 3299 Δεύτερον
3666 3232 3696 3299 ἡ
3727 3230 3821 3282 τοῦ
3857 3232 4030 3300 πυρῆς

2468 3318 2639 3387 ἐρωή.
2675 3319 2816 3371 Ἰδὼν
2838 3320 2883 3372 δ’
2906 3320 2935 3371 δ
2963 3319 3218 3390 βασιλεὺς
3245 3325 3305 3373 τδ
3324 3322 3541 3391 οἰκτρὸν
3566 3320 3723 3373 τοῦτο
3741 3321 3843 3389 τῆς
3873 3322 4030 3391 βασι-

2465 3410 2604 3470 λίδος
2636 3410 2980 3480 δυστύχημα,
3025 3410 3121 3464 καὶ
3157 3411 3258 3481 τὴν
3309 3412 3540 3480 συνοχὴν
3566 3411 3675 3463 τῶν
3720 3413 4026 3480 ἀνθρώπων

2468 3499 2817 3567 εὐλαϐηθεὶς,
2850 3500 3072 3568 ὁπλίτης
3101 3500 3315 3565 γίνεται
3352 3502 3527 3570 μόλις,
3560 3502 3652 3553 καὶ
3687 3502 3905 3570 μάλισθ’
3943 3504 4026 3556 ὅτι

2470 3588 2606 3655 πρὸς
2634 3589 2807 3658 ὀργὴν
2839 3590 2967 3652 τοὺς
3013 3589 3233 3651 πλείους
3261 3591 3687 3659 ὲπιφρίσσοντας
3739 3590 3887 3660 ἐώρα
3937 3593 4031 3643 καὶ

2466 3679 2662 3746 λόγους
2701 3681 2961 3748 ὲπαχθεῖ;
3016 3682 3137 3734 κατ’
3171 3680 3340 3733 αὐτοῦ
3399 3683 3492 3733 καὶ
3539 3682 4030 3751 προπηλακισμοὺς

2465 3770 2748 3837 ἀφιέντας,
2776 3766 2857 3833 οἷς
2886 3772 3158 3841 οἰκουρεῖν
3182 3771 3440 3840 ἑλομένου
3469 3771 3563 3823 ἐπὶ
3592 3772 3793 3840 μᾶλλον
3825 3774 3892 3824 τά
3920 3774 4030 3824 τῶν

2464 3861 2726 3912 ἐναντίων
2788 3862 3116 3931 φρονήματα
3184 3860 3370 3930 ⁴ᾔρετο,
3456 3860 3729 3929 μηδεμιᾶς
3804 3862 4031 3928 ἀρωγῆς

2465 3951 2903 4023 ὑπονοθευομένῃ
2933 3954 2999 4022 τῇ
3029 3952 3182 4005 πόλει
3213 3952 3679 4023 προσγινομένης,
3705 3952 3821 4006 ἀλλ’
3866 3954 4031 4019 ἀφεὶς

2464 4044 2555 4096 τὸν
2600 4043 2841 4111 πόλεμον
2869 4045 2984 4105 τοῖς
3028 4043 3233 4113 τείχεσι
3281 4041 3621 4113 προσελθεῖν,
3657 4044 3895 4111 πρᾶγμα
3945 4046 4019 4112 μὴ

2465 4131 2692 4201 ἐσδεῦρο
2745 4132 3011 4202 πραχθὲν,
3060 4133 3136 4195 ὡς
3190 4133 3347 4202 είπερ
3398 4132 3611 4193 οὐδένες
3644 4133 3756 4184 τῶν
3795 4134 4025 4185 ἐνόντων

2393 4219 2409 4230 ’
2466 4210 2773 4292 ἡπίστανέὲο
2803 4224 3082 4292 πολεμεῖν,
3113 4224 3248 4293 μηδὶ
3278 4223 3487 4292 βέλτιον
3514 4223 3712 4293 ⁴ξξδεσαν
3736 4225 3795 4276 τὺ
3822 4225 4027 4292 φθάσαι

2462 4310 2556 4366 τὸν
2585 4314 2884 4379 ἀντίπαλον
2920 4315 3122 4383 μᾶλλον
3171 4317 3204 4385 ἢ
3251 4314 3385 4383 παρ’
3416 4314 3582 4368 αὑτοῦ
3618 4316 4021 4385 προληφῠῆναι.

2464 4403 2575 4455 ὅσα
2600 4404 2691 4455 καί
2725 4404 2884 4470 σῶμα
2914 4404 3081 4472 δεινῷ
3107 4407 3489 4475 καχεκτήματι
3528 4406 3629 4476 τὴν
3659 4406 3805 4459 ἴασιν
3849 4409 4023 4477 ὑπερο

805 4500 1012 4554 ratione
1068 4502 1311 4566 fractus,
1367 4504 1624 4573 degene’ri
1701 4506 1826 4559 vita:
1903 4506 2224 4575 cupiditate,
2274 4525 2357 4563 sa-

2398 4510 2437 4563 ι)
2467 4492 2702 4565 πταίοντι.
2746 4492 2935 4558 Έξιὼν
2971 4494 3151 4547 τοίνυν
3178 4495 3287 4546 τῶν
3312 4492 3547 4564 ,ίλρχείων
3603 4497 3838 4556 ἱππότας
3872 4497 4022 4548 πλείσ

804 4594 968 4646 ιυεειη
1032 4607 1185 4645 suam
1213 4633 1228 4656 ,
1287 4609 1517 4662 eamque
1574 4597 1923 4666 ambiguam,
1959 4607 2038 4650 tot
2090 4599 2359 4662 urbibus,

804 4695 879 4735 tu:
926 4684 1221 4751 provinciis
1276 4694 1497 4751 totaque
1567 4702 1663 4739 sua
1719 4687 1923 4741 familia
1981 4693 2357 4749 commutavit.

802 4775 1087 4843 imperavit
1134 4789 1307 4830 annos
1333 4784 1477 4838 octo,
1511 4784 1619 4831 tres
1647 4792 1882 4842 menses,
1916 4786 1971 4831 et
2001 4778 2120 4834 dies
2145 4770 2354 4835 decem.

799 4867 855 4918 ιιι
911 4881 968 4919 re
1021 4865 1213 4919 bellica
1274 4866 1396 4919 talis
1428 4864 1530 4918 fuit
1588 4874 1647 4919 ut
1698 4866 1903 4920 dictum
1957 4879 2081 4931 est,
2136 4864 2359 4933 nec’ad

800 4949 980 5002 civilia
1016 4948 1199 5002 munia
1231 4949 1364 5003 satis
1413 4958 1593 5017 aptus,
1630 4965 1698 5003 ne
1748 4951 1924 5005 dicam
1983 4952 2141 5020 plane
2186 4954 2359 5010 fuisse

800 5040 1161 5110 negligentem
1190 5056 1205 5105 ;
1256 5048 1450 5094 caetera
1478 5055 1584 5093 non
1618 5040 2014 5108 aspernandus.
2070 5042 2357 5098 clementia

796 5136 851 5179 et
902 5126 1125 5179 lenitate
1175 5123 1435 5178 omnibus
1483 5126 1754 5188 superior,
1792 5123 1942 5177 aditu
1998 5124 2197 5189 facilis,
2244 5143 2353 5182 non

797 5219 1091 5273 severitate
1126 5215 1334 5278 vultus,
1380 5230 1490 5268 non
1545 5224 1757 5268 arrecto
1816 5216 2112 5283 superi-ilio
2162 5233 2360 5285 quem-

797 5324 960 5378 quam
1013 5322 1043 5361 a
1085 5318 1187 5361 suo
1259 5307 1500 5375 alloquio
1568 5305 1900 5358 deterrebat.
1972 5305 2160 5360 Cuivis
2231 5322 2356 5362 eum

795 5403 949 5457 adire
995 5409 1053 5456 et
1110 5414 1269 5454 orare
1344 5397 1588 5461 licebat;
1656 5396 1952 5465 aliquando
2020 5399 2183 5451 etiam
2246 5413 2356 5453 non

795 5492 1066 5547 submissa
1119 5504 1251 5544 voce
1310 5489 1389 5542 illi
1457 5487 1735 5556 refragari.
1792 5486 2229 5542 Calumniatores
2297 5498 2357 5543 et

796 5584 1106 5639 adulatores
1140 5580 1455 5649 frequentes
1476 5578 1682 5632 circum
1715 5593 1772 5632 se
1807 5579 2059 5632 habebat.
2090 5579 2194 5633 Sed
2230 5595 2355 5634 eum

724 5704 727 5706 ν
797 5675 1020 5731 sceleris
1071 5676 1125 5727 in
1173 5673 1397 5725 fratrem
1452 5669 1673 5723 admissi
1726 5670 2064 5747 conscientia
2120 5669 2357 5740 ﬂagella-

798 5781 971 5831 retur,
1002 5766 1168 5820 fatum
1226 5765 1450 5819 timebat
1486 5772 1539 5818 et
1590 5762 1886 5818 vindictam
1916 5777 2105 5817 omnes
2132 5778 2217 5817 res
2252 5764 2353 5817 liu-

2464 4600 2623 4644 στους
2646 4582 2781 4652 πρὸς
2812 4583 3006 4638 ἑαυτὸν
3027 4584 3399 4649 ἐπεσπάσατο,
3424 4586 3520 4637 καὶ
3542 4587 3681 4654 πεζή
3702 4603 3785 4647 τις
3810 4588 4026 4653 φάλαγξ

2461 4674 2559 4727 ούκ
2616 4674 2847 4745 ἀγεννὴς
2912 4676 3355 4746 συνδεδράμηκεν
3415 4678 3478 4729 ὲκ
3522 4678 3621 4746 τῆς
3681 4678 3867 4747 ἀκμῆς
3923 4679 4025 4745 lii;

2430 4762 2441 4767 ”
2462 4747 2690 4828 πόλεως,
2717 4765 2856 4818 ὥστε
2904 4766 2998 4818 καὶ
3031 4765 3108 4835 τῷ
3152 4767 3291 4820 κατά
3326 4766 3525 4836 χέρσον
3560 4767 3809 4837 πολεμίῳ
3846 4759 4019 4838 ’στρα-

2462 4855 2696 4923 τεύιητι
2742 4856 3055 4924 φρικασμδς
3082 4858 3377 4922 ἐπεγένετο
3425 4856 3705 4925 σώματος,
3758 4859 4025 4928 μεγίστην

2458 4946 2716 5015 αίφνηδδν
2764 4946 3087 5015 θεασαμένῳ
3139 4946 3469 5016 παράταξιν.
3523 4948 3678 5018 Τάχα
3726 4949 3775 5002 δ’
3806 4948 3874 5001 ἂν
3930 4951 4027 5002 καὶ

2462 5037 2731 5106 σωτήριον
2754 5034 2915 5105 ἔργον
2936 5036 3211 5103 διήνυστο,
3244 5038 3292 5088 εί
3334 5035 3499 5105 ὁμόσε
3552 5040 3863 5107 κεχωρῄκει
3908 5041 4025 5101 τοῖς

2459 5128 2829 5198 ἀντιπάλοιςῆ
2865 5127 2942 5197 τῷ
2963 5128 3198 5197 κηδεστῇ
3257 5129 3509 5198 Λάσκαρι
3563 5127 3663 5198 τὴν
3696 5130 4024 5199 συμπλοκὴν

2460 5219 2915 5287 συγκεχώρηκεν,
2950 5218 3220 5287 συμμῖξαι
3246 5220 3358 5280 τοῖς
3394 5219 3646 5281 Λατίνοις
3669 5222 4021 5287 σφαδάζοντι.

2457 5306 2572 5359 Νῦν
2603 5307 2660 5359 δὲ
2691 5309 2724 5377 ἡ
2770 5305 3053 5375 ἐνδελεχὴς
3104 5305 3206 5374 τῆς
3261 5306 3438 5374 φυγῆς
3487 5308 3663 5360 ἔννοια
3708 5311 3799 5361 καὶ
3829 5310 3893 5362 τὸ
3914 5311 4024 5362 τῶν

2459 5401 2586 5469 περὶ
2610 5400 2772 5451 αὐτὸν
2818 5398 3119 5467 εύπτόητον
3172 5398 3269 5449 τοῦ
3320 5397 3375 5450 τί
3410 5397 3491 5450 δεῖ
3519 5402 3694 5451 ποιεῖν
3730 5400 4023 5470 ἐξέκρουσε

2456 5492 2547 5541 τὸν
2576 5489 2832 5554 Ἀλέξιον.
2867 5488 2978 5539 Καὶ
2998 5486 3459 5556 παραταξάμενος
3482 5486 3663 5555 μόνον,
3680 5488 3806 5540 ὅθεν
3828 5489 4023 5557 ἐξῆλθε

2467 5578 2761 5647 Ῥωμαίοις
2787 5577 3055 5636 ἀσπάσιος
3087 5575 3161 5637 ὡς
3185 5575 3346 5643 δῆθεν
3375 5575 3462 5645 μ».
3497 5575 3629 5646 552]
3664 5579 4027 5646 ἀντιταξόμε-

2458 5688 2546 5732 νος
2571 5672 2680 5724 τοῖς
2728 5667 3002 5728 Λατίνοις,
3043 5666 3293 5735 είσῆλθεν
3328 5668 3607 5734 αἴσχιστος
3641 5669 3735 5719 καὶ
3788 5667 4019 5736 ἐφύϐρι-

2460 5777 2603 5824 στος,
2648 5757 3021 5827 σοϐαρώτερον
3048 5756 3249 5825 μᾶλλον
3284 5757 3377 5808 καὶ
3416 5756 3750 5827 θρασύτερον
3796 5774 4025 5826 πεποιη-
