4292 6396
277 376 375 435 937'

1195 365 1542 426 lSAAClUS
1584 361 1936 421 ANGELUS
1983 361 2068 418 ET
2108 359 2441 419 ALEXIUS
2478 359 2536 414 F.

3386 351 3487 412 933

275 484 690 553 διασωσαμένων
748 483 917 537 αὑτά·
954 480 1087 542 ἕλιξι
1142 480 1250 545 γὰρ
1301 479 1394 529 καὶ
1452 475 1830 542 περικαμπαῖς
1869 473 2167 542 ἐκτροπαῖς
2234 487 2291 521 τε
2358 469 2640 530 πλὲίσϊαις
2695 468 2785 520 καὶ
2837 467 3112 529 ὲπανίδοις
3144 465 3203 518 τὸ
3230 463 3339 532 πῦρ
3368 478 3501 553 χρη-

282 550 782 647 σάμενον-ἦφάντου
811 575 877 627 τὰ
930 570 1298 639 μεταγόμενα.
1370 566 1438 615 Ὠ
1500 581 1589 631 μοι
1650 563 1795 621 τῶνς,
1829 560 2226 629 λαμπροτάτων
2292 559 2385 609 καὶ
2450 556 2790 625 περικαλλῶν
2864 556 3040 625 δόμων
3099 556 3190 608 καὶ
3240 550 3501 613 παντοίας

279 673 556 738 γεμόντων
586 668 830 737 χάριτος,
890 664 984 715 καὶ
1013 661 1104 715 τοῦ
1158 654 1459 730 ρυηφενοῦς
1487 653 1714 706 πλούτου
1742 656 1834 705 καὶ
1871 651 2141 719 ζηλωτέον
2175 648 2305 719 παρ’
2358 652 2526 703 ἅπασι

355 783 497 850 Πρδς
527 782 581 833 δὲ
615 783 682 833 τὰ
741 777 1017 832 δεινότατα
1073 774 1244 828 ταῦτα
1278 771 1664 841 συναντήματα
1692 770 1720 820 6
1744 768 1841 836 μὲν
1871 776 1916 829 Α

283 876 531 947 βασιλεὺς
563 872 830 932 Ἰσαάκιος
860 870 1078 939 ἤχθετο,
1107 868 1155 917 εί
1188 865 1283 916 καὶ
1318 864 1391 933 μὴ
1438 866 1491 924 ἐς
1525 864 1646 914 ὅσον
1671 860 1839 921 εἰκὸς,

279 968 307 1016 ὁ
328 964 383 1017 δὲ
420 963 606 1014 τούτου
632 959 993 1021 υίὸςἈλέξιος
1023 956 1123 1022 οὐχ
1153 954 1299 1014 ὅπως
1326 955 1425 1005 οὐκ
1458 952 1837 1019 ἐδυσχέρανεν,

282 1054 417 1106 ἀλλὰ
454 1052 546 1103 καὶ
575 1047 939 1114 συντελεσμδν
999 1043 1268 1111 ὲπηύχετο
1296 1042 1389 1094 τοῦ
1423 1040 1644 1103 παντὸς,
1677 1039 1705 1089 6
1742 1038 1838 1106 τῆς

285 1143 540 1209 πατρίδος
592 1141 748 1200 δαλὸς
785 1138 879 1189 καὶ
926 1138 1025 1205 τὴν
1055 1136 1179 1204 δψιν
1238 1134 1497 1203 φλογερὸς
1549 1130 1839 1185 κάντεῦθεν

278 1232 652 1300 διαχαράττων
726 1228 818 1279 τὸν
865 1226 1138 1296 γραφικδν
1202 1222 1529 1293 ὲμπρηστὴν
1607 1223 1839 1289 πονηρὸν

280 1323 529 1390 ἄγγελον.
563 1320 745 1388 Μήπω
768 1317 823 1370 δὲ
865 1317 1119 1386 καθαρῶς
1178 1315 1526 1383 λωφήσαντος
1548 1313 1640 1365 τοῦ
1670 1312 1840 1381 πυρὸς

280 1414 311 1479 ἡ
342 1413 449 1461 τῶν
479 1408 638 1460 θείων
666 1407 822 1470 αὖθις
851 1409 1151 1477 κειμηλίων
1179 1404 1406 1474 συλλογὴ
1441 1421 1497 1455 τε
1526 1404 1620 1456 καὶ
1667 1418 1842 1454 κατα-

281 1498 543 1567 χώνευσις
599 1499 735 1568 ὑπὲρ
792 1498 851 1549 τδ
906 1498 1039 1564 πρὶν
1081 1496 1408 1548 ἐπετείνετο.
1454 1496 1513 1546 '0
1560 1494 1615 1546 δέ
1640 1509 1701 1559 γε
1731 1492 1839 1544 τῶν

279 1590 523 1641 Λατίνων
578 1588 803 1655 στρατὸς
846 1586 936 1637 τὸν
968 1584 1372 1655 χορηγούμενον
1427 1583 1612 1643 αὐτοῖς
1642 1582 1840 1635 οὑτωσὶ

277 1681 475 1750 χρυσόν
503 1698 559 1731 τε
590 1682 682 1731 καὶ
711 1679 951 1748 ἄργυρον
986 1677 1067 1737 είς
1091 1692 1150 1727 τε
1174 1677 1270 1735 τάς
1303 1674 1621 1741 σωματικάς
1650 1674 1840 1743 χρείας

273 1772 348 1832 ὡς
383 1769 512 1839 ὓλην
536 1769 766 1837 βέόηλον
797 1764 1197 1837 μετεσκεύαζον
1229 1765 1322 1816 καὶ
1349 1766 1459 1825 τοῖς
1489 1763 1839 1833 βουλομένοις

274 1857 606 1927 προῦὅαλλον
635 1859 713 1919 είς
744 1857 1070 1924 πρατήριον,
1132 1854 1345 1913 ἑαυτοῖς
1381 1853 1480 1921 μὲν
1515 1852 1575 1904 τὸ
1594 1853 1835 1920 ἀνεπέγ-

275 1951 469 2018 κλητον
517 1942 1019 2017 ἐπιμαρτυρὸμενοι
1081 1944 1164 2015 (οὐ
1211 1949 1318 2012 γὰρ
1370 1946 1595 2013 ἠγνόουν
1644 1944 1839 1998 ὁπόθεν

273 2041 588 2092 συνείλεκτο
632 2040 701 2091 τά
745 2055 897 2106 σφισι
946 2037 1321 2107 βρασευόμενα
1348 2036 1631 2105 χρήματα)
1671 2035 1747 2097 ὡς
1771 2033 1837 2087 τὰ

271 2132 616 2199 ὡςρειλημένα
667 2131 1003 2201 λαμϐάνουσι
1042 2166 1057 2190 ,

273 2222 467 2290 ὑψόθεν
498 2202 863 2291 ἐπιχαλῶντες
899 2221 1070 2290 ὀργὴν
1127 2220 1201 2281 ὼς
1246 2219 1571 2287 περιέπουσι
1636 2218 1733 2288 μὲν
1764 2217 1832 2270 τά

271 2314 471 2379 οἰκεῖα,
506 2314 743 2366 κοινοῦσι
768 2313 824 2365 δὲ
856 2314 923 2365 τά
954 2310 1115 2363 Θεοῦ.

346 2423 416 2490 γ’.
450 2423 664 2492 Δεῆσαν
691 2424 747 2475 δὲ
774 2423 885 2473 κάκ
916 2420 1025 2473 τῶν
1060 2422 1357 2474 Δατινικῶν
1385 2421 1667 2490 δυνάμεων
1705 2417 1831 2473 σύν-

270 2530 433 2581 αρσιν
489 2511 754 2581 εὕρασθαι
790 2513 879 2565 τὸν
907 2512 1141 2574 Ἀλέξιον
1172 2514 1218 2579 (ὁ
1246 2514 1354 2581 γὰρ
1387 2513 1527 2572 θεῖος
1560 2510 1705 2580 αὐτῷ
1741 2514 1833 2563 καὶ

272 2602 464 2668 πρώην
492 2602 793 2670 βασιλεύων
846 2601 1075 2665 Ἀλέξιος
1105 2601 1418 2662 ἀπαναστὰς
1447 2599 1831 2668 τοῦ“Δ;6ελτοῦ

271 2690 669 2760 τὴνἈδριανοῦ
698 2691 990 2754 κατέλαϐε,
1025 2693 1117 2742 καὶ
1149 2693 1213 2760 ἦν
1242 2693 1511 2743 ἀπείπατο
1536 2691 1829 2760 βασιλείαν,

273 2787 529 2851 ἐρασταῖς
551 2784 926 2852 καταπροδοὺς
955 2783 1251 2850 ἐκμανέσιν
1283 2783 1413 2851 ὲρᾷν
1443 2798 1500 2834 τε
1538 2782 1699 2834 πάλιν
1738 2783 1833 2835 καὶ

275 2876 476 2945 πειρᾷν
505 2876 602 2926 οὐκ
630 2874 940 2943 ᾐσχύνετο),
986 2875 1085 2925 οὐκ
1117 2873 1290 2935 ἄλλως
1318 2873 1655 2942 συνέκδημον
1683 2873 1831 2942 αὑτῷ

273 2965 369 3014 καὶ
413 2965 785 3031 συστράτηγον
823 2963 912 3015 τὸν
958 2964 1256 3031 μαρκέσιον
1301 2961 1653 3014 ἐπεσπάσατο
1686 2962 1834 3014 Βονι·

272 3053 487 3121 φάτιον,
513 3056 563 3105 εἰ
599 3055 674 3122 μὴ
709 3055 934 3123 χρυσίου
958 3055 1086 3105 δέκα
1112 3054 1246 3121 πρὸς
1277 3056 1388 3114 τοῖς
1408 3051 1465 3117 ἓξ
1499 3052 1832 3106 καταθέσθαι

269 3147 318 3196 οἱ
354 3145 638 3197 συνέθεντο
667 3147 1015 3214 κεντηνάρια.
1058 3144 1246 3207 Ἐξιὼν
1278 3145 1460 3195 τοίνυν
1494 3144 1703 3211 φυγάδα
1727 3144 1830 3196 ξεί-

270 3253 428 3287 κνυσι
464 3237 555 3287 τὸν
598 3235 836 3299 ’Δλέξιον
871 3236 1252 3304 συντονωτέρῳ
1295 3234 1390 3286 τοῦ
1434 3236 1697 3304 προτέρου
1732 3234 1827 3285 καὶ

272 3326 450 3392 πολλῷ
492 3330 818 3396 μακροτέρῴ
841 3328 1188 3395 χρησάμενον
1214 3324 1638 3393 δραπετεύματι.
1662 3322 1828 3393 Ἀμέ-

268 3418 347 3468 λει
382 3420 474 3470 καὶ
505 3420 603 3479 τὰς
633 3418 877 3487 Θρᾳκίας
922 3418 1102 3477 πόλεις
1134 3414 1434 3485 περιελθὼν
1456 3456 1471 3481 ,
1497 3419 1591 3468 καὶ
1623 3417 1825 3483 ταύτας
1851 3440 1896 3502 C

271 3511 788 3576 καταστησάμενος,
824 3509 1000 3561 εἰπεῖν
1039 3506 1095 3562 δὲ
1141 3508 1235 3562 aut
1287 3508 1743 3578 καλαμησάμενος
1780 3513 1827 3577 (6

268 3599 378 3671 γάρ
428 3600 761 3670 συνέκδημο.
790 3604 993 3667 ’ἐκείνῳ
1047 3600 1273 3669 στρατὸς
1310 3601 1563 3669 συχνάκις
1593 3602 1674 3669 μ’.
1700 3601 1825 3671 358]

267 3694 508 3762 ὼρεκτία
557 3696 665 3745 τῶν
703 3692 1146 3761 χρυσορρείθρων
1185 3692 1491 3759 ἀρύεσθαι,
1540 3693 1632 3743 καὶ
1686 3694 1826 3746 κατά

265 3788 396 3846 τοὺς
443 3784 629 3851 διψὰσι
668 3784 965 3852 δηχθέντας
1007 3784 1175 3835 πίνων
1215 3784 1313 3833 οὐκ
1357 3783 1694 3852 ὲκορέννυτο)
1736 3787 1827 3836 καὶ

270 3873 434 3939 μέχρι
501 3872 795 3937 Κυψέλλων
852 3869 1089 3933 κατιὼν,
1143 3869 1387 3921 ἐπάνεισι
1438 3869 1595 3921 πάλιν
1652 3872 1728 3931 είς
1758 3870 1828 3923 τὰ

266 3963 545 4031 βασίλεια,
598 3962 743 4022 ἄπας
786 3964 881 4029 τῆς
914 3961 1173 4029 ιφατρίας
1227 3960 1593 4029 ἐξηρτημένος
1644 3960 1692 4012 οἳ
1732 3960 1827 4029 τὴν

265 4053 360 4103 τοῦ
393 4053 595 4121 πατρὸς
630 4055 878 4121 πήρωσιν
938 4052 1031 4103 καὶ
1068 4050 1165 4120 τὴν
1219 4053 1283 4101 ἐκ
1342 4052 1440 4115 τῆς
1489 4050 1664 4119 ἀρχῆς
1698 4051 1828 4102 καθο

268 4145 479 4211 αἰρεσιν
515 4144 735 4212 Ἀλεξίῳ
792 4143 867 4210 τῷ
911 4143 1039 4211 θείῳ
1084 4141 1557 4208 συνδιεπράξαντο.
1624 4144 1688 4195 ’0
1732 4144 1826 4195 καὶ

270 4232 349 4302 μὴ
376 4234 564 4302 φέρειν
600 4235 862 4293 ἰσαάκιος
895 4233 1054 4301 ἔχων,
1086 4235 1168 4283 ὃτι
1194 4231 1283 4283 καὶ
1312 4226 1379 4299 ἦν
1409 4230 1824 4300 καιροφυλακὼν

268 4326 347 4385 είς
391 4326 503 4392 φὼς
530 4324 759 4392 ἐκρῆξαι
792 4327 883 4375 τὸν
914 4324 1071 4375 κότον
1112 4322 1169 4375 ὃν
1201 4321 1472 4389 ὐπέτυφεν
1513 4325 1578 4373 ἐκ
1615 4321 1825 4391 μακροῦ

263 4414 332 4479 τῇ
361 4413 504 4481 ψυχῇ
560 4415 699 4466 κατά
744 4414 852 4465 τῶν
905 4412 1125 4481 σχέτλια
1164 4413 1373 4463 ἐκεῖνον
1433 4412 1826 4478 ἐργασαμένων

267 4504 437 4568 δεινὰ,
470 4504 801 4573 κακηγορῶν
828 4504 929 4555 οὐκ
954 4502 1166 4555 ἐνέλιπε
1188 4504 1279 4554 τὸν
1312 4502 1446 4565 υἱὸν,
1482 4502 1575 4553 καὶ
1612 4500 1826 4569 μάλισθ’

264 4594 347 4641 ὅτι
374 4590 471 4659 τὴν
495 4593 706 4644 οἰκείαν
737 4592 885 4658 ἑώρα
922 4592 1077 4660 ἰσχὺν
1125 4592 1524 4644 ὑποϐαίνουσαν
1560 4590 1651 4642 καὶ
1686 4590 1825 4642 κατά

264 4681 438 4751 βραχύ
481 4699 596 4744 πως
630 4682 1015 4751 ἀφιπταμένην
1060 4682 1153 4733 καὶ
1197 4683 1331 4751 πρὸς
1359 4682 1451 4733 τὸν
1476 4682 1587 4733 υἱὸν
1621 4683 1824 4751 μεταρ-

2020 763 2113 817 llis
2142 766 2496 819 atroeissimis
2535 765 2753 818 casibus
2797 764 3036 819 lsaacius
3069 764 3365 833 imperator
3397 765 3495 817 do-

1944 856 2089 910 lebat
2121 858 2210 911 il!e
2265 857 2512 925 quidem.
2574 855 2669 908 sed
2722 871 2830 909 non
2884 867 3150 926 quantum
3188 858 3493 927 Oportebat.

1942 949 2072 1017 Ejus
2108 964 2239 1003 vero
2292 949 2442 1000 (ilius
2506 948 2730 1000 Alexius
2770 948 2907 1001 adeo
2962 965 3067 1003 non
3120 950 3363 1019 graviter
3403 966 3499 1015 eos

1942 1040 2173 1097 ferebat.
2204 1047 2263 1089 ut
2289 1047 2455 1090 totam
2504 1038 2695 1105 urbem
2759 1038 2984 1091 interire
3028 1048 3266 1108 optaret,
3311 1042 3499 1109 patria:

1941 1130 2050 1191 fax,
2095 1126 2343 1180 ﬂannm-a
2372 1126 2528 1190 facie,
2561 1137 2615 1181 et
2670 1129 2869 1181 malum
2924 1130 3072 1183 illum
3121 1132 3373 1201 angelum
3415 1132 3499 1185 itt-

1941 1218 2275 1271 ccndiarium
2334 1219 2666 1286 exprimens,
2703 1219 2859 1288 cujus
2904 1234 3075 1274 sacrae
3112 1221 3327 1275 Littera:
3384 1238 3501 1277 me-

1943 1308 2241 1363 minerunt.
2296 1310 2552 1363 lncendio
2610 1310 2849 1363 nondum
2912 1311 3073 1379 plane
3113 1312 3317 1380 sopito,
3346 1327 3500 1367 sacer

1940 1411 2166 1453 ornatus
2229 1401 2545 1453 accuratius
2582 1401 2919 1469 perquiritur
2951 1411 3008 1455 et
3050 1402 3318 1457 conflatur
3337 1418 3499 1472 quam

1941 1491 2113 1559 prius.
2171 1490 2491 1543 Latinorum
2533 1503 2666 1542 vero
2712 1493 2988 1547 exercitus
3018 1493 3176 1563 735
3210 1509 3406 1548 aurum
3447 1508 3502 1548 ct

1940 1591 2249 1651 argentum.
2283 1580 2427 1647 quod
2454 1579 2525 1632 ita
2560 1580 2925 1647 praebebatur,
2953 1584 3019 1636 ad
3048 1600 3203 1638 usum
3251 1589 3500 1652 corporis

1941 1682 2002 1726 ut
2060 1670 2341 1740 profanam
2398 1673 2676 1726 materiam
2752 1673 3117 1729 transferebat
3175 1684 3232 1731 et
3279 1678 3499 1746 publice

1940 1762 2229 1827 vendebat,
2256 1777 2317 1816 ac
2346 1778 2403 1817 se
2424 1764 2670 1818 criminis
2699 1764 3007 1821 absolutum
3033 1766 3158 1837 (nec
3178 1769 3323 1822 enim
3346 1770 3493 1839 igno-

1902 1898 1905 1899 ν
1943 1849 2097 1903 rabat
2145 1852 2289 1903 unde
2325 1862 2511 1906 essent
2560 1867 2681 1921 qua:
2709 1852 3000 1923 dabantur)
3030 1858 3176 1924 quod
3222 1859 3497 1928 acciperet

1941 1940 2208 2006 debitum,
2241 1942 2502 1996 Romanis
2529 1956 2661 1996 vero
2700 1943 2835 1996 iram
2860 1944 2953 1999 Dei
3010 1946 3326 2016 impendere
3356 1952 3497 2006 vati-

1940 2030 2246 2095 cinabatur.
2261 2033 2409 2100 quod
2430 2034 2821 2102 rem'privatam
2849 2049 3258 2106 conservarent,
3281 2055 3493 2098 sacram

1111 2132 1222 2190 τοῖς
1274 2128 1334 2179 δὲ
1396 2125 1683 2195 Ῥωμαίοις
1736 2125 1836 2193 τὴν
1867 2114 1909 2170 Β
1940 2134 2073 2176 vero
2115 2122 2487 2189 profanarent.

2006 2400 2058 2456 5.
2112 2402 2248 2457 Cum
2299 2415 2480 2461 autem
2510 2404 2716 2463 Latinae
2771 2411 2939 2480 copia:
2984 2412 3177 2468 Alexio
3230 2417 3488 2469 auxiliari

1935 2490 2200 2547 deberent
2224 2495 2369 2558 (nam
2424 2506 2652 2565 patruus
2691 2500 2811 2568 ejus
2846 2511 2902 2554 et
2943 2502 3150 2557 dudum
3195 2504 3495 2575 imperator

1933 2582 2179 2649 Alexius,
2208 2585 2435 2640 Debelto
2466 2588 2681 2656 relicto,
2716 2591 3121 2663 Adrianopolitn
3175 2612 3487 2669 occuparat.

1932 2680 1989 2727 et
2028 2673 2318 2743 imperium
2352 2679 2496 2747 quod
2543 2680 2879 2750 repudiant,
2918 2685 3126 2740 insanis
3155 2690 3493 2744 amatoribus

1933 2764 2320 2833 condonatum,
2359 2778 2608 2838 repetere
2653 2779 2709 2825 et
2734 2773 2987 2842 amplecti
3020 2791 3128 2830 non
3151 2778 3495 2849 verebatur},

1934 2853 2267 2911 Bonifacium
2297 2860 2665 2914 marchionem
2694 2864 2853 2917 aliter
2893 2879 3078 2919 secum
3104 2870 3384 2925 attrahere
3420 2875 3486 2925 ad

1935 2946 2062 3001 belli
2116 2949 2431 3006 societatem
2479 2970 2587 3007 non
2640 2956 2819 3024 putuit
2849 2958 2951 3012 nisi
2986 2961 3107 3014 auri
3146 2968 3491 3020 centenarias

1932 3038 2202 3093 sexdecim
2270 3043 2635 3110 promisisset.
2699 3046 2890 3100 Verum
2936 3064 3193 3117 egressus
3239 3054 3485 3107 Alexium

1931 3130 2081 3197 fugat
2121 3130 2281 3200 longe
2330 3133 2565 3188 celerius
2597 3145 2657 3188 et.
2706 3136 3057 3207 longinquius
3088 3157 3249 3210 quam
3302 3146 3485 3213 prius.

1928 3230 1984 3273 et
2050 3220 2309 3276 Thracias
2361 3225 2526 3278 urbes
2576 3228 2776 3294 passim
2826 3232 3125 3298 componit.
3186 3248 3255 3289 ne
3309 3236 3485 3290 dicam

1929 3309 2193 3378 deglubit.
2258 3313 2392 3372 Nam
2453 3316 2545 3384 qui
2598 3334 2723 3371 eum
2802 3323 3137 3389 sequebatur
3190 3328 3483 3385 exercitus.

1928 3403 2226 3472 sa-pissime
2264 3421 2330 3459 ex
2354 3421 2520 3461 aureo
2540 3407 2764 3463 flumine
2791 3410 3012 3468 haurire
3039 3416 3483 3485 cupiebatveluti

1932 3496 2095 3549 morsi
2129 3512 2157 3549 a
2198 3498 2515 3565 dipsadibus
2558 3501 2872 3570 inexplebili
2906 3505 2994 3557 siti
3028 3507 3252 3561 ardens.
3302 3510 3484 3580 Usque

1927 3585 1992 3636 ad
2044 3584 2295 3655 Cypseﬂa
2364 3603 2685 3657 progressus
2752 3592 2802 3644 in
2852 3595 3111 3661 palatium
3162 3603 3477 3661 revertitur.

1928 3683 2075 3729 totus
2130 3693 2320 3730 eorum
2382 3679 2603 3733 factioni
2648 3683 2883 3749 deditus,
2947 3686 3041 3754 qui
3086 3691 3255 3756 patris
3310 3709 3484 3747 excar-

1927 3769 2085 3821 eandi
2117 3778 2169 3822 et
2195 3772 2476 3825 evertendi
2499 3774 2687 3827 Alexio
2717 3785 2912 3843 patruo
2935 3780 3215 3848 adjutores
3237 3783 3478 3840 fuerant.

1927 3858 2082 3922 Quod
2140 3876 2263 3913 cum
2312 3861 2550 3917 lsaacius
2595 3864 2735 3918 ferre
2774 3866 2934 3937 736
2982 3885 3090 3923 non
3131 3884 3336 3941 posset,
3368 3880 3487 3946 jant

1928 3950 2089 4019 longo
2122 3961 2363 4020 tempore
2397 3955 2657 4009 ultionem
2690 3956 2906 4010 illorum
2947 3961 3191 4031 cogitans
3224 3964 3335 4021 filio
3369 3983 3481 4021 ma-

1927 4038 2160 4093 ledicere
2192 4057 2297 4095 non
2329 4042 2649 4107 desistebat,
2677 4052 2978 4114 prasertim
3032 4065 3155 4104 cum
3186 4056 3481 4111 auctorita-

1934 4141 2041 4186 tem
2098 4148 2250 4186 suatn
2287 4136 2535 4190 imminui
2589 4148 2642 4192 et
2673 4141 2929 4207 paulatim
2986 4145 3298 4202 exolescere
3327 4158 3381 4202 et
3416 4156 3480 4203 ait

1926 4222 2095 4274 tilium
2136 4224 2367 4277 transire
2396 4237 2669 4281 cerneret.
2706 4228 3088 4297 lndignissitne
3128 4249 3347 4303 quoque
3398 4238 3478 4290 fe-

1928 4315 2082 4367 rebat
2155 4316 2600 4382 proclamationis
2663 4322 3019 4374 mutationem
3070 4341 3086 4377 :
3141 4340 3266 4379 nam
3332 4328 3483 4381 {ilius

1928 4406 2110 4473 priore
2169 4406 2288 4457 loco
2317 4407 2593 4459 contentis
2643 4408 2893 4472 vocibus,
2930 4420 2987 4464 ut
3020 4413 3278 4481 palatium
3336 4433 3483 4471 reso-

1925 4497 2480 4560 naret,salutabatur,
2520 4500 2637 4567 ipso
2683 4509 2937 4569 tanquam
2967 4503 3116 4557 Echo
3158 4506 3484 4563 submissius

1926 4596 2205 4655 sequente.
2278 4587 2382 4641 Sed
2442 4591 2571 4658 quia
2646 4592 2936 4656 prohibere
2986 4594 3077 4648 illa
3148 4611 3257 4649 non
3332 4613 3484 4667 ροισι-

1927 4685 2030 4741 rat,
2108 4678 2607 4745 submurtnurabat,
2669 4690 2725 4734 et
2777 4682 2921 4749 apud
2986 4700 3081 4740 eos
3148 4688 3348 4756 quibus
3398 4708 3485 4743 ιιι-ο

234 4819 238 4824 .
270 4773 521 4839 ῥέουσαν.
574 4772 933 4840 ’Δπεπνίγετο
988 4773 1043 4824 δὲ
1085 4774 1177 4823 καὶ
1224 4772 1358 4841 πρὸς
1393 4773 1493 4839 τὴν
1532 4772 1818 4840 μετάθεσιν
1855 4763 1929 4817 Ι)‹

1785 4790 1818 4822 ην
1855 4763 1895 4817 D
1924 4782 2055 4820 rana
2097 4768 2179 4820 sui
2218 4770 2456 4837 pectoris
2514 4771 2913 4836 committebat,
2954 4775 3092 4829 male
3119 4776 3188 4830 de
3244 4778 3354 4832 tilio
3403 4781 3480 4832 In.-

264 4860 363 4926 τὴς
406 4860 819 4928 ἀναγορεύσεως
842 4877 857 4892 ο
895 4862 924 4912 6
952 4862 1052 4927 μὲν
1089 4865 1195 4930 γὰρ
1244 4862 1355 4922 υἱὸς
1387 4865 1818 4931 προταττόμενος

266 4954 746 5020 κατατειειομέναις
784 4953 1150 5018 ἀνευφημείτο
1178 4954 1401 5018 φωναῖς,
1439 4952 1512 5013 ὼς
1545 4952 1621 5021 τῷ
1648 4953 1823 5004 πατά-

267 5063 346 5113 γῳ
378 5043 676 5096 κόπτεσθαι
706 5045 773 5094 τὰ
798 5043 1092 5111 ἀνάκτορα,
1130 5044 1158 5094 6
1183 5044 1239 5094 δὲ
1272 5061 1406 5096 κατα
1434 5046 1491 5097 τὸ
1534 5047 1627 5111 τῆς
1656 5044 1821 5112 ἠχοῦς

267 5135 643 5203 ὑστερόφωνον
684 5134 1087 5202 παρηκολούθει
1134 5137 1253 5196 ταῖς
1285 5137 1492 5205 υίικαζς
1528 5139 1622 5190 καὶ
1656 5140 1814 5208 στερ-

266 5226 516 5296 ροτέραις
553 5224 973 5293 ἀνακηρύξεσιν.
1002 5226 1165 5278 Οὐδὲν
1198 5226 1256 5278 δέ
1285 5242 1338 5278 τι
1361 5227 1554 5295 δρᾶσαι
1588 5228 1722 5296 πρὸς
1750 5230 1817 5281 τὰ

266 5315 526 5383 γινόμενα
559 5314 702 5366 οὕτω
752 5315 1047 5383 δυνάμενος
1110 5316 1426 5369 ὑπ”ὀδόντα
1476 5317 1813 5387 ἑτονθόρυζε,

266 5407 376 5456 και
418 5403 498 5467 οἷς
549 5406 623 5467 ὼς
672 5404 729 5469 ἐξ
780 5406 986 5458 ἀδύτων
1024 5406 1122 5474 τῆς
1160 5408 1383 5479 καρδίας
1428 5412 1703 5483 ἀνεμὴρυε
1752 5410 1820 5461 τὰ

265 5496 577 5565 ἀπόρρητα,
611 5498 751 5548 κατᾶ
778 5498 869 5548 τοῦ
897 5497 1009 5549 uio?)
1040 5499 1220 5568 ἀπὸφη
1232 5517 1306 5567 μα
1337 5501 1623 5569 διελέγετο,
1676 5503 1818 5555 ἕωλα

270 5590 370 5655 μὲν
403 5588 548 5655 αὐτῷ
580 5588 645 5638 τὰ
677 5588 887 5656 χρηστά
908 5588 1076 5656 λέγων
1108 5589 1265 5655 εἶναι,
1303 5593 1394 5644 καὶ
1438 5592 1510 5653 ὼς
1541 5594 1646 5643 οὐδ’
1685 5592 1818 5657 ὅλως

268 5679 597 5750 σωφροσύνῃ
618 5679 1006 5749 ἐρῤύθμισται,
1040 5683 1097 5734 ἐν
1120 5685 1229 5744 τοῖς
1276 5686 1565 5754 χειρίστοις
1597 5685 1657 5738 τὸ
1691 5681 1819 5754 ἦθος

579 5797 845 5857 ΡΑτειοι..
883 5798 995 5857 Gtt.
1032 5800 1193 5859 CXX
1208 5801 1367 5863 XIX.

1924 4861 2192 4930 quebatur
2230 4880 2242 4915 :
2283 4878 2459 4931 neque
2493 4863 2635 4915 enim
2659 4864 2957 4933 quidquam
2986 4868 3209 4922 virtutis
3244 4871 3293 4922 ei
3330 4886 3475 4933 ease,

1924 4967 2032 5005 non
2078 4952 2236 5005 bonis
2268 4953 2514 5007 moribus
2558 4953 2908 5007 informatum
2940 4972 3081 5019 esse.
3117 4959 3209 5011 sed
3232 4962 3483 5028 pessima:

1922 5043 2121 5096 studiis
2172 5047 2427 5113 occupari
2498 5054 2553 5098 et
2602 5047 2965 5114 pessimorum
3030 5049 3309 5103 hominum
3347 5068 3481 5105 con—

1924 5132 2220 5186 suetudine
2274 5134 2573 5203 corrumpi.
2628 5134 2814 5203 Neque
2872 5136 2986 5190 bagc
3035 5137 3165 5193 falsa
3197 5153 3354 5195 erant
3387 5153 3483 5197 aut

1925 5225 2145 5289 inania;
2191 5239 2314 5276 nam
2350 5226 2572 5279 Alexius
2599 5227 2847 5294 pluribus
2888 5241 2944 5282 et
2973 5232 3312 5295 gravioribus
3353 5249 3482 5302 pee-

1926 5318 2061 5369 catis
2094 5316 2436 5383 magniﬁcum
2460 5325 2515 5371 et
2549 5318 2808 5387 inclytum
2842 5319 3056 5389 imperii
3098 5322 3329 5377 Romani
3384 5342 3486 5379 no-

1930 5424 2051 5460 tnen
2095 5406 2354 5469 foedabat,
2388 5418 2447 5460 ut
2499 5409 2591 5476 qui
2618 5409 2805 5477 paucis
2854 5412 3243 5467 comitantibus
3271 5416 3324 5467 in
3356 5415 3483 5468 Bar-

1928 5500 2181 5552 barorum
2239 5501 2470 5553 tentoria
2510 5501 2787 5569 trajiciens
2815 5498 3048 5570 crapulae
3104 5514 3161 5558 et
3209 5507 3342 5560 alea:
3374 5522 3482 5559 una

1928 5592 2085 5659 737
2117 5605 2239 5643 cum
2270 5590 2375 5643 illis
2404 5608 2500 5659 per
2529 5603 2673 5646 totos
2705 5593 2823 5646 dies
2854 5594 3181 5663 indulgeret.
3202 5598 3329 5666 Ejus
3355 5615 3484 5655 vero

1930 5684 2233 5738 collusorcs
2290 5680 2537 5735 diadema
2593 5698 2817 5736 aureum
2867 5694 2921 5737 et
2948 5696 3274 5753 gemmatum
3309 5690 3359 5741 ei
3388 5691 3483 5743 de-

3083 5798 3153 5859 30
