4314 6356
833 384 948 445 939

836 584 1034 651 pileum
1070 584 1445 652 imponebant.
1503 584 1689 653 Neque
1725 602 1853 639 vero
1886 587 2103 642 Alexius
2137 589 2400 644 duntaxat

832 676 903 727 ob
970 672 1283 744 hnjusniodi
1342 691 1432 729 res
1480 677 1621 744 apud
1671 680 2014 733 honestiores
2060 679 2286 734 Latinos
2346 693 2401 735 et

833 766 1194 822 modestiores
1226 766 1501 819 Romanos
1529 769 1887 823 exsecrabilis
1926 770 2236 825 habebatur
2266 792 2277 826 :
2304 773 2398 826 sed

833 870 886 911 et
910 866 1066 924 pater
1106 858 1226 926 ejus
1276 856 1508 910 lsaacius
1551 857 1726 911 nihilo
1782 862 1967 914 minus
1997 861 2205 915 invisus
2254 871 2395 925 erat,

830 963 953 1000 cum
1009 962 1203 1001 rursus
1255 945 1617 1000 absurdarum
1674 948 1994 1015 opinionum
2044 951 2393 1020 intcmpcriis

829 1041 1149 1108 agitaretur,
1206 1049 1261 1091 et
1306 1037 1740 1091 divinationibus
1790 1049 1953 1107 atque
2010 1042 2249 1095 oraculis
2302 1042 2397 1096 fa:-

828 1132 1078 1184 diorilius
1118 1145 1278 1199 quam
1322 1129 1477 1197 prius
1534 1130 1901 1185 incumberet.
1946 1131 2080 1184 Nam
2116 1144 2241 1186 ante
2276 1148 2393 1186 mo—

830 1223 1109 1276 narcbiam
1174 1221 1277 1274 sibi
1337 1221 1758 1288 imaginabatur,
1825 1237 1995 1291 seque
2046 1223 2395 1292 impudenter

826 1330 950 1366 eum
986 1327 1107 1367 esse
1152 1311 1390 1381 jactabat
1438 1312 1531 1380 qui
1568 1310 1923 1366 Occidentem
1979 1329 2104 1367 euut
2168 1316 2393 1369 Oriente

825 1404 1223 1472 eonjuncturus
1269 1410 1321 1455 et
1376 1402 1547 1455 totius
1602 1404 1791 1455 mundi
1825 1404 2054 1472 imperio
2117 1407 2395 1472 petiturus

822 1501 988 1547 esset.
1025 1493 1162 1546 Tum
1206 1508 1336 1545 vero
1368 1491 1543 1545 visum
1597 1508 1653 1546 se
1683 1504 2054 1561 recepturum,
2086 1502 2142 1546 et
2183 1495 2393 1547 articu-

825 1586 995 1638 larem
1041 1588 1289 1637 morbum
1348 1593 1408 1637 ut
1443 1591 1751 1652 serpentem
1782 1584 2006 1639 exuvias
2052 1585 2384 1654 positurum,

823 1688 877 1731 et
910 1678 964 1731 in
1011 1678 1191 1730 virum
1246 1677 1359 1731 Deo
1397 1677 1630 1731 similem
1692 1691 1750 1729 se
1808 1677 2256 1733 transformatum
2325 1679 2392 1734 iri

822 1769 1148 1824 somniabat.
1189 1768 1425 1823 Proinde
1463 1768 1720 1821 monachi
1779 1769 2001 1837 quidam
2054 1786 2266 1825 summe
2300 1787 2393 1825 ex-

822 1863 1136 1925 secrabilcs,
1191 1860 1476 1929 promissis
1524 1859 1728 1918 barbis.
1760 1860 2012 1914 homines
2068 1860 2228 1914 imisi
2257 1862 2389 1924 Deo,
2425 1863 2465 1916 Β
2494 1892 2521 1926 τ

1893 1860 2012 1914 ilics
2068 1860 2228 1914 imiSi
2257 1862 2389 1924 θεον
2425 1863 2465 1916 Β
2494 1875 2604 1926 τῶν
2666 1877 2955 1947 Ῥωμαίων
2988 1879 3231 1952 σώφροσι
3268 1886 3592 1958 βδελυγμίας

824 1956 1074 2024 religioso
1104 1954 1293 2006 habitu
1316 1967 1441 2005 eum
1476 1966 1572 2004 sua
1610 1949 1905 2019 ignominia
1934 1952 2237 2020 conspicui,
2295 1953 2388 2022 qui

823 2058 1063 2096 mensam
1112 2042 1471 2110 principalem
1522 2040 2019 2109 persequebantur,
2052 2043 2144 2109 qui
2199 2057 2393 2095 rcccn-

823 2137 968 2191 tibus
1000 2145 1055 2189 et
1084 2136 1377 2205 pinguibus
1413 2133 1649 2202 piscibus
1689 2133 1965 2187 inhiantes
2003 2150 2127 2188 cum
2180 2135 2390 2188 lsaario

819 2228 986 2297 738
1028 2226 1385 2285 cmnizabant,
1439 2238 1591 2276 mero
1638 2224 1840 2292 largius
1894 2224 2091 2276 haustu
2165 2240 2388 2278 metuar-

819 2320 999 2372 chiam
1042 2316 1118 2369 illi
1162 2314 1345 2368 verbis
1388 2312 1806 2367 confirmabant.
1852 2314 2165 2382 Aliquando
2221 2314 2388 2368 etiam

827 2411 1063 2465 nodosas
1087 2425 1281 2462 manus
1320 2409 1436 2477 ejus
1472 2408 1646 2460 oculis
1679 2408 1932 2460 admotas
1960 2423 1989 2461 c
2035 2409 2266 2477 vestigio
2306 2425 2392 2463 re-

818 2511 1079 2555 novatum
1111 2508 1165 2552 et
1191 2498 1574 2552 conﬁrmatum
1609 2496 1671 2549 iri
1700 2496 2088 2565 praedicebaut.
2123 2499 2216 2552 Ille
2254 2515 2383 2554 vero

821 2595 1016 2648 mirtun
1043 2608 1202 2662 quam
1229 2589 1507 2644 blanditiis
1550 2589 1669 2642 iSIis
1694 2589 2122 2653 exhiiarabatur,
2155 2600 2207 2644 et
2239 2606 2391 2644 scur-

822 2687 1013 2741 rilibus
1075 2685 1214 2753 jocis
1258 2697 1412 2749 aeque
1444 2697 1507 2734 ac
1551 2680 1875 2734 certissimis
1926 2681 2167 2735 oraculis
2225 2682 2386 2736 ﬁdem

819 2778 1129 2833 adhibebat.
1169 2776 1243 2829 De
1281 2774 1679 2841 astrologorum
1704 2790 1925 2841 quoque
1956 2775 2231 2827 sententia
2258 2790 2384 2827 cum

830 2871 935 2924 alia
968 2868 1117 2930 fecit,
1155 2875 1264 2919 tum
1311 2880 1503 2932 aprum
1546 2862 1926 2932 Calydonium,
1980 2865 2074 2932 qui
2115 2862 2393 2916 horrenti-

822 2965 925 3017 bus
961 2961 1016 3015 in
1064 2967 1218 3027 tergo
1270 2956 1404 3010 setis
1457 2955 1507 3007 in
1571 2955 1803 3023 ilippico
1864 2954 2068 3022 impetu
2108 2954 2306 3017 fertur,
2333 2955 2387 3009 in

823 3063 1078 3121 magnum
1119 3046 1375 3115 palatium
1442 3043 1740 3105 transtulit,
1775 3057 1835 3094 ea
1881 3057 1939 3095 se
1983 3043 2194 3096 ratione
2223 3052 2392 3097 teme—

820 3144 951 3197 rarii
986 3151 1194 3208 etapro
1245 3154 1353 3191 nun
1382 3136 1663 3189 dissimilis
1694 3134 1877 3203 pepuli
1911 3135 2117 3187 rabiem
2174 3135 2393 3187 cohibi-

823 3246 1007 3287 turum
1057 3231 1397 3285 existimans.
1430 3228 1533 3280 Sed
1589 3236 1644 3277 et
1671 3226 1872 3277 ebriosi
1920 3225 2146 3292 quidam
2180 3241 2246 3277 ex
2285 3226 2391 3278 cir-

819 3321 1186 3376 cumforaneis
1216 3321 1469 3371 Minerva:
1492 3319 1846 3369 simulacrum
1887 3317 1938 3369 in
1967 3316 2086 3368 foro
2114 3315 2386 3371 Constan-

825 3415 923 3468 tini
978 3414 1248 3466 COlUltlltT
1304 3410 1564 3462 insistens
1597 3410 1648 3461 in
1690 3409 1893 3461 multas
1940 3418 2127 3476 partes
2164 3408 2393 3461 commi-

819 3513 1082 3565 nuerunt,
1117 3502 1259 3571 quod
1324 3501 1551 3553 demens
1610 3501 1767 3553 turba
1801 3500 1849 3551 id
1922 3515 2018 3568 pro
2058 3500 2391 3554 exercitibus

819 3596 1254 3653 occidentalibus
1279 3592 1441 3662 739
1486 3593 1776 3645 formatum
1815 3606 1935 3644 esse
1998 3592 2285 3645 credebat.
2330 3592 2385 3646 Id

825 3695 877 3745 in
930 3690 1151 3758 triginta
1194 3686 1392 3753 pedum
1441 3684 1782 3737 altitudinem
1843 3685 2187 3752 assurgeliat,
2224 3683 2388 3736 indu-

821 3796 935 3835 tum
1000 3794 1140 3834 terea
1184 3786 1354 3835 veste,
1394 3790 1500 3843 qua
1559 3776 1788 3827 materia
1844 3782 2018 3828 totum
2070 3776 2387 3840 constabat,

830 3875 1077 3930 demissa
1116 3871 1180 3925 ad
1227 3871 1394 3939 pedes
1445 3876 1501 3922 et
1541 3867 1727 3921 multis
1776 3868 1828 3921 in
1869 3868 2115 3935 partibus
2164 3868 2391 3935 compli-

822 3976 963 4026 cata,
1005 3977 1072 4016 ue
1107 3960 1237 4029 quid
1273 3967 1562 4026 appareret
1600 3955 1744 4025 quod
1777 3965 1969 4008 natura
2021 3964 2227 4009 tectum
2269 3971 2390 4010 esse

821 4057 1015 4112 voluit.
1078 4054 1300 4106 Balteus
1358 4050 1575 4102 lumbos
1648 4059 1799 4102 arcte
1852 4048 2281 4117 constringebat.
2334 4049 2389 4102 lu

823 4160 1046 4221 pectore
1075 4145 1242 4198 ret-tis
1277 4140 1527 4195 mammis
1564 4139 1762 4208 insigni
1790 4138 2041 4207 [Egidein
2097 4154 2220 4192 cum
2254 4138 2392 4191 Gon-

822 4256 998 4306 i.oneo
1042 4238 1218 4306 capite
1249 4235 1317 4287 ab
1381 4232 1628 4285 humeris
1685 4231 2085 4301 dependentem
2142 4232 2385 4300 gerebat.

819 4334 1028 4387 (Zoilum
1060 4329 1266 4383 nudum
1294 4337 1346 4379 et
1375 4326 1596 4394 longum
1633 4333 1750 4377 erat
1771 4322 2231 4392 jucundissimum
2262 4339 2387 4391 spe-

819 4424 1115 4480 rtaCulann.
1182 4418 1279 4472 Ais
1330 4418 1477 4471 enim
1536 4415 1691 4469 deam
1742 4416 1815 4467 ita
1853 4415 2305 4483 repraesentabat.
2334 4423 2392 4467 ut

2065 392 2361 451 NICET.E
2393 396 2802 460 (ΣΗΟΝΙΑΤἉΕ

837 500 1072 546 tractum
1110 490 1224 545 suis
1252 491 1539 560 capitibus.
1576 493 1651 547 illi
1683 509 1812 549 vero
1851 497 2069 555 laneum
2124 498 2400 552 hirsutum
2439 506 2479 561 Α
2507 520 2536 553 τ

1461 508 1539 552 υς.
1576 493 1651 547 illi
1683 509 1812 549 vero
1851 497 2069 555 laneum
2124 498 2400 552 hirsutum
2439 506 2479 561 Α
2507 507 2884 577 τυπούμενος,
2941 510 3165 581 φθόροις

3978 431 4081 492 913

3224 534 3281 569 τε
3346 519 3571 591 ἀνδράσι
3628 530 4081 605 συνδιαιτώμενος

2506 599 2599 646 καὶ
2660 600 2726 652 τὰ
2788 600 2894 672 ἤθη
2924 602 3130 656 τούτων
3187 608 3651 682 ἀναματτόμενος.
3684 622 3764 674 Οὐ
3802 599 3979 694 μάτην
4023 632 4077 683 δὲ

2505 692 2663 741 ταυτί
2690 693 2785 745 καὶ
2818 696 3039 756 είκαίως
3062 698 3201 752 κατά
3227 703 3321 754 τοῦ
3355 706 3469 759 υἱοῦ
3499 708 3763 777 ἠγόρευεν
3786 716 4075 783 Ἰσαάκιος,

2506 782 2640 833 ἀλλά
2669 784 2760 834 καὶ
2791 785 2960 839 πλείω
2983 788 3145 860 ἕτερα
3170 796 3262 861 καὶ
3287 795 3657 869 ἀσελγέστερα
3683 805 3858 877 πολλῷ
3900 811 4078 880 τλημ.

2507 872 2685 940 μελῶν
2720 873 2781 924 τὸ
2815 879 3234 950 μεγαλοπρεπὲς
3275 886 3367 937 καί
3417 892 3783 957 παγκλέῖστον
3828 900 3923 965 τῆς
3968 903 4076 954 τῶν

2515 964 2802 1034 Ῥωμαίων
2844 967 3123 1037 βασιλείας
3159 979 3592 1048 κατερῤύπαινεν
3621 988 3816 1057 ὄνομα.
3852 990 3944 1055 Εἰς
3966 1000 4075 1064 γὰρ

2502 1054 2600 1116 τὰς
2639 1057 2749 1108 τῶν
2776 1059 3079 1131 Βαρϐάρων
3132 1070 3337 1136 σκηνὰς
3391 1074 3530 1138 μετά
3581 1079 3821 1146 μετρίων
3860 1083 4074 1138 ὀπαδῶν

2500 1149 2900 1218 περαιούμενος
2963 1161 3378 1225 συνεκραιπάλα
3440 1167 3554 1227 τοῖς
3612 1168 3670 1218 ἐν
3726 1172 3919 1234 αὑταῖς
3978 1181 4075 1227 καὶ

2501 1240 2942 1312 συνδιημερεύων
2981 1248 3266 1303 ἐκύϐευεν.
3299 1255 3363 1305 Οἱ
3392 1255 3449 1307 δὲ
3480 1260 3895 1328 συμπαίγμονες
3925 1269 4072 1320 ἐκεί-

2499 1346 2572 1397 νῳ
2603 1331 2658 1380 τὸ
2678 1331 2779 1399 τῆς
2813 1336 3055 1406 κεφαλῆς
3095 1340 3456 1411 ἀφαιροῦντες
3483 1347 3743 1419 διάδημα,
3780 1357 4075 1421 χρυσόκολ-

2499 1419 2589 1471 λον
2633 1420 2689 1475 ὃν
2736 1426 2832 1477 καὶ
2863 1426 3247 1499 λιθόστρωτον,
3295 1434 3449 1487 αὐτοὶ
3485 1439 3585 1505 μὲν
3614 1444 3790 1496 ἐκεῖνο
3835 1449 4078 1513 περιετί-

2499 1510 2670 1605 θεντο,
2709 1519 2802 1567 τὸν
2827 1517 2871 1568 δ’
2912 1519 3151 1585 Ἀλέξιον
3183 1525 3552 1594 περιέϐαλλον
3588 1532 3651 1582 τὸ
3697 1510 3931 1605 λαχνῆεν
3981 1541 4074 1590 καὶ

2496 1601 2693 1669 ἐρεοῦν
2722 1605 2818 1657 καὶ
2854 1609 2951 1676 τῆς
2978 1610 3280 1680 Λατινικῆς
3313 1615 3582 1680 ταλασίας
3618 1601 3960 1693 περίδλημα.
3994 1630 4068 1680 Οὐ

2501 1689 2661 1759 μόνον
2686 1693 2793 1747 δὲό
2837 1697 3073 1764 Ἀλέξιος
3121 1702 3462 1773 ἐνευκαιρῶν
3494 1711 3617 1772 ταῖς
3659 1689 3895 1782 πράξεσι
3937 1720 4071 1776 ταύ-

2497 1801 2619 1848 ταις
2666 1785 2817 1855 παρά
2866 1792 2981 1851 τοῖς
3033 1794 3142 1846 τῖν
3180 1795 3426 1849 Λατίνων
3471 1800 3779 1871 εὐσχήμοσι
3826 1808 3917 1859 καὶ
3960 1814 4071 1869 τοῖς

3638 1896 3906 1964 ἐκρίνετο,
3936 1901 4072 1953 ἀλλὰ

2493 1972 2588 2023 καὶ
2623 1973 2651 2024 ὁ
2678 1974 2873 2027 τούτου
2899 1977 3084 2047 πατὴρ
3125 1980 3397 2047 Ἰσαὰκιος
3441 1988 3541 2039 οὐκ
3588 1989 3679 2042 ἐπ’
3726 1992 3953 2048 ἔλαττον
4006 1994 4070 2067 ἦν

2497 2067 2792 2136 στυγητὸς,
2849 2071 3153 2142 ἐπειδήπερ
3201 2074 3298 2127 καὶ
3340 2078 3504 2130 πάλιν
3531 2080 3846 2147 ἀλλοκότοις
3886 2087 4071 2149 δόξαις

2496 2159 2877 2229 περιεςέρετο,
2939 2162 3096 2231 λόγιὰ
3143 2182 3201 2216 τε
3260 2167 3354 2218 καὶ
3401 2168 3584 2237 δμῳὰς
3644 2176 3914 2239 συντιθεὶς
3955 2181 4073 2231 ιοὺκ

2493 2249 2660 2319 ἔληγε
2696 2252 2805 2305 τῶν
2842 2254 2933 2306 ἐπὶ
2983 2254 3083 2323 τῆς
3127 2258 3402 2326 προτέρας
3446 2263 3622 2331 ἀρχῆς
3674 2267 4026 2339 ἀρρητότερα
4055 2311 4072 2334 ,

2491 2343 2607 2407 εἴγε
2644 2344 2812 2396 πάλαι
2854 2345 2955 2412 μὲν
2993 2345 3055 2396 τὸ
3091 2347 3363 2417 μόναρχον
3391 2352 3746 2420 ἔφαντάζετο,
3782 2360 3876 2410 καί
3908 2361 4075 2423 αὐτὸς

2494 2428 2633 2485 εἶναι
2679 2434 2916 2494 ἀναιδῶς
2961 2435 3254 2490 διετείνετο
3286 2441 3313 2490 ό
3346 2443 3410 2507 τῇ
3453 2444 3640 2513 Δυσμῇ
3676 2450 3931 2516 συνάψω-,ο
3975 2452 4075 2520 τὴν

2495 2522 2607 2576 Ἕω
2629 2525 2723 2576 καὶ
2744 2524 2947 2593 κράτος
2978 2526 3424 2596 περιζωσὸμενος
3458 2532 3518 2582 τὸ
3544 2536 3910 2604 παγκόσμιον,
3953 2544 4078 2594 τότε

2492 2612 2548 2665 δὲ
2582 2613 2680 2664 καί⁵
2709 2612 2808 2682 τὴν
2853 2616 3106 2684 πήρωσιν
3146 2616 3558 2685 ἀποτρίψασθαι
3611 2628 3919 2692 προσεδόκα
3964 2633 4077 2683 τῶν

2489 2703 2789 2773 ὀφθαλμῶν
2818 2706 2910 2758 καὶ
2952 2706 3027 2768 ὡς
3069 2706 3329 2776 λεϐηρίδα
3372 2710 3473 2779 τὴν
3501 2712 3656 2763 νόσον
3687 2716 4075 2778 ἀποξύσασθαι

2491 2796 2589 2865 τὴν
2633 2796 2929 2866 ἁρθρίτιδα
2978 2800 3074 2851 καὶ
3123 2799 3187 2850 τὸ
3240 2800 3365 2853 ὅλον
3419 2802 3497 2864 εἰς
3546 2804 3717 2872 ἄνδρα
3763 2806 4077 2861 θεοείκελον

2492 2887 2953 2958 ἀμειφθὴσεσθαι,
2991 2888 3132 2941 ὥστε
3163 2891 3255 2942 καὶ
3289 2890 3400 2943 τῶν
3432 2897 3715 2960 μοναστών
3749 2900 3799 2948 οἱ
3830 2916 4078 2969 καταρα-

2493 2978 2706 3031 τὸτατοι
2746 2981 2842 3033 καὶ
2884 2980 3037 3049 βαθεῖ
3069 2982 3205 3051 ληῖῳ
3238 2983 3521 3051 κομῶντες
3558 2986 3657 3055 τὴν
3683 2988 3776 3039 τοῦ
3808 2992 4078 3056 πώγωνος

2494 3070 2756 3140 ἄρουραν,
2786 3075 2863 3134 είς
2895 3074 3161 3143 αἰσχύνην
3190 3091 3248 3125 τε
3278 3075 3490 3128 οἰκείαν
3519 3078 3579 3127 τὸ
3614 3078 3862 3146 θεοφιλὲς
3887 3087 3934 3134 οἱ
3962 3084 4078 3136 θεε-

2418 3196 2459 3251 C
2496 3162 2673 3226 μισεῖς
2708 3163 3087 3229 περικείμενοι
3122 3166 3345 3230 σχῆμα,
3375 3168 3472 3226 τὰς
3517 3167 3756 3235 ἀρχικὰς
3792 3176 4077 3239 τραπέζας

2498 3250 2927 3319 μεταδιώκοντες
2983 3254 3078 3305 καὶ
3125 3253 3234 3305 τῶν
3297 3256 3500 3324 ἰχθύων
3551 3261 3679 3319 τοὺς
3722 3264 3939 3321 νεαλεῖς
3986 3266 4076 3316 καί

2492 3341 2685 3403 πίονας
2765 3344 3221 3411 περιχαίνοντες,
3304 3348 3749 3413 συνδειπνοῦντες
3820 3354 4075 3423 Ἰσαακῳ

2495 3430 2877 3496 συγκαθίστων
2917 3435 3114 3503 ἐκείνῳ
3158 3435 3259 3503 τὴν
3306 3439 3609 3507 μοναρχίαν
3647 3442 3706 3493 ὲν
3735 3443 3941 3508 λόγοις,
3984 3449 4077 3495 tiu

2494 3522 2799 3591 ἀνθοσμίαν
2831 3526 3138 3595 ζωρότερον
3167 3531 3607 3599 προσφερόμενοι
3634 3573 3646 3592 ,
3683 3535 3857 3586 ἐνίοτε
3888 3536 3943 3587 δὲ
3981 3538 4074 3587 καὶ

2495 3612 2581 3686 [Ρ.
2615 3612 2744 3683 559]
2771 3615 2870 3674 τὰς
2896 3616 3321 3686 ἐξηρορωμένας
3347 3623 3538 3689 χεῖρας
3572 3628 4074 3693 περιπτυσσόμενοι

2493 3706 2589 3756 καίΙ
2624 3709 2736 3766 τοῖς
2770 3706 3070 3776 ὀφθαλμοῖς
3101 3709 3272 3772 αὐτὰς
3320 3715 3727 3781 προσάπτοντες
3796 3718 3898 3786 τὴν
3950 3722 4073 3771 ὅσον

2493 3797 2704 3850 οὐδέπω
2733 3799 2939 3851 τούτων
2991 3802 3368 3870 προηγόρευον
3417 3804 3760 3858 ἀνακαίνισιν
3806 3810 3903 3860 καί
3939 3826 4075 3874 κρα-

2494 3887 2743 3941 ταίωσιν.
2798 3888 2855 3943 'O
2911 3890 2967 3942 δὲ
3031 3892 3263 3960 διεχεῖτο
3324 3895 3441 3956 πῶς
3500 3896 3567 3948 ἂν
3624 3898 3773 3949 εἴποι
3831 3914 3913 3961 τις
3961 3903 4072 3960 τοῖς

2493 3979 2858 4049 λεγομένοις,
2917 3983 3013 4035 καί⁵
3074 3986 3378 4056 ὲπεσκίρτα
3438 3990 3555 4050 τοῖς
3614 3987 4071 4060 βωμολοχεύμαςι

2493 4074 2702 4137 τούτοις
2728 4076 2804 4139 ὡς
2836 4077 3096 4145 ἀψευδέσι
3127 4077 3601 4149 θεσπιῳδήμασιν.
3644 4083 3734 4133 Ἐν
3765 4084 3980 4144 πολλοῖς
4014 4084 4073 4135 δὲ

2494 4167 2587 4218 καὶ
2638 4168 2765 4229 τοὺς
2815 4172 2881 4237 τῇ
2940 4170 3175 4238 ἀστρικῇ
3227 4172 3662 4240 προσκειμένους
3710 4175 4073 4242 προσιέμενος

2493 4258 2627 4312 ἄλλα
2667 4276 2726 4311 τε
2776 4262 2896 4323 ταῖς
2930 4262 3110 4314 αὐτῶν
3143 4264 3447 4330 ὑποθήκαις
3481 4264 3724 4316 ὑπείκων
3757 4266 4073 4333 εἰργάζετο,

2496 4352 2591 4403 καὶ
2637 4351 2700 4420 δὴ
2754 4352 2846 4403 καὶ
2876 4353 2967 4405 τὸν
3011 4353 3357 4407 Καλυδώνιον
3400 4355 3517 4416 σῦν,
3556 4355 3613 4418 ὂς
3632 4358 3687 4407 ἐν
3716 4356 3797 4425 τῷ
3840 4356 4074 4425 ’ἱππικῷ

2497 4442 2743 4510 φρίσσων
2786 4443 2888 4511 τὴν
2933 4445 3224 4496 ὲπινώτιον
3272 4446 3435 4513 τρίχα
3474 4447 3641 4515 ῥύδην
3678 4448 3928 4514 φέρεται,
3974 4450 4075 4515 τῆς

820 4519 961 4572 labia
1003 4525 1227 4567 suavem
1257 4509 1474 4563 editura
1526 4522 1739 4568 vocem,
1774 4506 1817 4558 si
1849 4504 1973 4573 quis
2024 4514 2388 4575 exspectaret,
2420 4522 2467 4579 υ

2373 4546 2388 4570 ν
2420 4522 2467 4579 Ι)
2497 4532 2709 4600 βάσεως
2735 4530 2985 4585 καθελὼν
3018 4533 3358 4603 μετήνεγκεν
3403 4535 3483 4594 εἰς
3512 4534 3571 4586 τὸ
3604 4536 3748 4601 μέγα
3784 4535 4072 4594 παλατιον,

817 4607 1161 4660 \iderentur.
1189 4599 1539 4670 Apparebant
1566 4609 1621 4650 et
1656 4611 1828 4659 venm,
1855 4607 1911 4650 et
1944 4604 2114 4649 totum
2165 4612 2387 4665 corpus,

818 4715 922 4769 qua
982 4697 1233 4753 decebat,
1289 4692 1505 4744 mollius
1556 4689 1982 4753 iuilectebatur;
2034 4698 2086 4741 et
2140 4690 2392 4757 quamvis

820 4790 1068 4845 exanime
1149 4784 1376 4839 animati
1464 4783 1712 4851 corporis
1787 4782 2029 4851 vigorem
2096 4782 2388 4837 referebat.

819 4881 1006 4934 tlauda
1039 4880 1240 4947 equina
1267 4875 1438 4942 capiti
1470 4873 1722 4941 imposita
1776 4886 2041 4925 terrorem
2097 4874 2388 4940 quemdam

825 4989 936 5043 pra:
963 4988 1021 5026 se
1056 4969 1287 5023 ferebat.
1327 4966 1493 5019 Coma
1554 4978 1583 5017 a
1638 4964 1818 5017 fronte
1849 4963 2186 5027 dependi-us,
2221 4965 2272 5017 in
2297 4983 2393 5017 nu-

823 5068 955 5118 dum
1032 5069 1280 5116 contorta
1349 5068 1404 5112 et
1474 5075 1502 5111 a
1548 5067 1701 5125 tergo
1758 5058 2047 5111 constricta
2105 5058 2389 5111 oculorum

821 5162 941 5208 crat
978 5149 1213 5204 deliciae.
1243 5148 1405 5201 Galea
1458 5162 1568 5199 non
1624 5145 1843 5214 penitus
1890 5155 2159 5209 contecta,
2198 5146 2292 5200 sed
2326 5162 2390 5200 ex

824 5252 978 5314 parte
1008 5241 1344 5312 prominens.
1378 5237 1533 5292 Lmva
1563 5251 1759 5291 manus
1812 5236 1983 5306 plicas
2019 5249 2186 5292 vestis
2215 5242 2392 5293 couti-

821 5335 1024 5397 lebat;
1075 5334 1243 5388 altera
1292 5345 1483 5385 versus
1517 5338 1764 5384 austrum
1815 5337 1983 5398 caput
2029 5332 2250 5398 paulqu
2306 5332 2389 5383 in-

820 5428 1085 5482 clinatum
1140 5422 1304 5494 740
1356 5421 1680 5475 sustinebat.
1738 5417 2033 5474 Oculorum
2080 5422 2229 5474 acies
2293 5436 2390 5474 eo-

820 5519 947 5573 dem
1004 5516 1441 5577 intendebatur,
1533 5522 1593 5566 ut
1666 5513 1759 5581 qui
1842 5511 2007 5565 situm
2067 5513 2390 5582 angulorum

822 5626 931 5665 non
1002 5609 1136 5663 satis
1204 5617 1421 5670 norant,
1471 5606 1824 5660 simulacrum
1884 5604 2224 5659 occidentem
2267 5622 2389 5674 spe-

821 5712 970 5755 ctare
1018 5709 1074 5753 ct
1123 5698 1290 5751 veluti
1330 5712 1490 5749 manu
1536 5695 1756 5749 allicere
1812 5693 2189 5749 Occidentales
2229 5711 2390 5749 exer-

819 5796 961 5845 citus
1012 5791 1368 5849 afﬁrmarent,
1404 5789 1469 5840 ha
1496 5789 1543 5841 :d
1581 5787 1940 5858 sanojudicio
1971 5788 2256 5841 oculorum
2290 5787 2389 5842 de-

820 5887 989 5953 copti.

2493 4622 2587 4674 τὸν
2616 4622 2716 4693 τὴν
2743 4624 2921 4692 ὁρμὴν
2960 4623 3141 4689 συὼδη
3177 4625 3272 4675 καὶ
3310 4621 3616 4677 ἀτάσθαλον
3646 4625 3822 4694 δῆμον
3844 4628 3943 4693 τῆς
3972 4628 4074 4677 πό-

2493 4714 2628 4777 λεως
2656 4715 3009 4769 καταστελεῖν
3040 4715 3292 4767 ἐντεῦθεν
3325 4717 3593 4783 οἰόμενος.
3642 4718 3804 4770 Ἀλλά
3837 4722 3932 4771 καὶ
3962 4722 4076 4771 τῶν

2493 4806 2768 4875 ἀγοραίων
2814 4808 2863 4858 οἰ
2900 4806 3256 4875 φιλοινότεροι
3303 4807 3365 4859 τὸ
3408 4806 3581 4869 ἑστὼς
3619 4809 3711 4860 ἐπὶ
3756 4809 3957 4878 στήλης
4014 4812 4076 4861 ἐν

2496 4897 2570 4961 τῷ
2628 4897 3074 4963 Κωνσταντινείῳ
3164 4897 3315 4965 φόρῳ
3377 4898 3475 4965 τῆς
3543 4898 3775 4966 Ἀθηνᾶς
3849 4900 4074 4966 ἄγαλμα

2494 4991 2573 5050 εἰς
2631 4988 2859 5039 πλεῖστα
2920 4988 3116 5040 διεῖλον
3169 4989 3435 5056 τμήματα
3482 5003 3497 5018 ·
3556 4989 3733 5041 ἐδόκει
3800 4988 3908 5058 γὰρ
3960 4992 4078 5050 τοῖς

2494 5078 2690 5145 ἄφροσι
2715 5076 2978 5144 σύρραξιν
3001 5077 3139 5145 ὑπὲρ
3157 5077 3266 5129 τῶν
3300 5077 3358 5140 ἐξ
3389 5076 3630 5146 ἑσπέρας
3658 5079 4075 5146 ἑστοιχειῶσθαι

2495 5163 2652 5216 τοῦτο
2708 5170 2979 5233 στρατῶν.
3043 5164 3316 5218 ’Δνέὄαινε
3351 5164 3449 5233 μὲν
3492 5169 3589 5234 τὴν
3621 5164 3839 5232 ἡλικίαν
3886 5165 4075 5233 ὄρθιον

2495 5253 2569 5313 ὡς
2627 5256 2683 5315 ἐς
2734 5254 3002 5322 τριακάδα
3054 5254 3270 5317 ποδῶν,
3312 5256 3586 5324 ἠμφίεστο
3631 5255 3686 5307 δὲ
3753 5255 3947 5322 στολὴν
4003 5258 4066 5321 ἐξ

2495 5344 2681 5405 ὁποίας
2710 5343 2843 5413 ῦλης
2884 5345 3008 5397 ὅλον
3056 5345 3117 5397 τὸ
3165 5345 3545 5412 ἰνδαλλόμενον
3596 5346 4072 5413 κεχαλκούργητο.

2498 5434 2744 5504 Ιίοδήρης
2770 5434 2814 5486 δ’
2850 5430 2917 5504 ἦν
2944 5436 2976 5503 ἡ
3014 5434 3174 5502 στολὴ
3204 5436 3297 5486 καὶ
3327 5437 3791 5502 συμπτυσσομένη
3825 5435 4071 5503 ποζιληςῇ

2494 5525 2601 5577 τῶν
2640 5526 2843 5595 μερῶν,
2870 5524 2945 5587 ὼς
2988 5526 3060 5596 μή
3116 5542 3168 5577 τι
3214 5524 3308 5575 τοῦ
3362 5524 3612 5591 σώματος
3667 5526 4077 5592 παρα-ξαίνοιτο

2494 5618 2631 5685 ὅπερ
2682 5620 2715 5687 η
2774 5619 2941 5684 φύσις
3010 5616 3386 5687 περιστέλλειν
3448 5617 3700 5680 ἐπέταξε.
3772 5616 3955 5684 Μίτρα
4028 5617 4077 5667 δ’

2499 5704 2691 5773 ’Δρεος
2716 5704 2815 5774 τὴν
2844 5704 2959 5768 ἰξὺν
2983 5704 3287 5771 διειληφυῖα
3325 5704 3524 5764 ἱκανῶς
3559 5702 3728 5771 αὐτὴν
3751 5706 3904 5769 περιέ
3917 5720 4085 5769 σφιγ-

2499 5815 2593 5849 γεν

2502 5888 2649 5940 κιλον
2684 5890 2963 5958 αἰγιδωδις
3006 5889 3281 5957 ὲηένδυμα
3307 5928 3320 5951 ,
3359 5888 3465 5938 τὼν
3495 5886 3662 5956 ὤμων
3692 5887 4041 5957 δηξικνσύμι
4061 5915 4073 5925 -
