4314 6356
794 337 899 401 942

791 558 932 598 esset
965 585 977 606 ,
1031 545 1257 598 sunnnis
1305 543 1606 597 honoribus
1659 544 1970 599 alliciendos
2030 560 2168 598 esse.
2223 546 2361 601 Huic

795 639 1081 690 sententia:
1123 634 1366 703 reliquiae
1401 651 1618 705 quoque
1670 637 2000 703 imperatorii
2051 638 2264 706 generis
2306 639 2359 691 in

797 729 963 779 Alevii
1001 725 1226 793 a-qualis
1262 724 1343 777 sui
1375 726 1600 792 gratiam
1627 724 2087 777 assentiebautur.
2127 725 2355 790 Quidam

793 820 956 869 etiam
998 815 1204 866 Latinis
1253 814 1546 867 familiares
1584 813 1707 865 facti
1747 814 2016 882 colloquia
2053 815 2251 867 civium
2303 826 2366 869 ut

794 918 1005 959 veteres
1076 922 1248 973 nugas
1316 905 1785 973 aspernabantur,
1840 905 2090 959 Latinum
2157 908 2356 961 bellum

793 998 963 1066 magis
1027 998 1441 1050 I°:r(‘:'lllltlalllCS
1506 1013 1665 1066 quam
1732 1015 2017 1052 cervorum
2085 1003 2360 1055 exercitus

792 1091 1096 1155 rugientem
1146 1090 1377 1143 ltmIlClIl.
1414 1087 1572 1141 Solus
1606 1090 1846 1141 niiiuium
1882 1091 2054 1143 Ducas
2097 1092 2355 1155 Alexius,

791 1182 875 1234 cui
919 1183 986 1234 ob
1021 1183 1309 1247 (-uiijuneta
1341 1181 1629 1247 supercilia
1663 1191 1715 1232 ct
1761 1180 1907 1231 velut
1957 1181 2132 1233 oculis
2175 1182 2357 1234 inuni-

790 1273 971 1325 m-nlia
1020 1271 1264 1323 Μυηυηί
1318 1282 1737 1339 cognomentum
1787 1274 1852 1323 ab
1892 1272 2192 1340 mqualibus
2238 1284 2358 1327 erat

791 1364 1043 1423 inditum,
1086 1364 1237 1432 regni
1268 1364 1567 1431 cupiditate
1602 1362 1860 1430 flagrans,
1902 1372 1961 1415 ut
1997 1365 2198 1417 civium
2230 1381 2355 1433 gra-

789 1457 916 1508 tiam
977 1457 1297 1525 eolligeret,
1351 1472 1474 1511 cum
1523 1455 1728 1509 Latinis
1773 1473 2015 1525 pugnare
2074 1474 2239 1511 ausus
2287 1459 2353 1511 ad

788 1547 1130 1600 Perforatuin
1176 1563 1363 1601 saxum
1411 1557 1463 1599 et
1498 1548 1812 1615 contiguum
1860 1548 1935 1600 illi
1984 1548 2251 1603 fornicem
2288 1551 2353 1603 il—

787 1643 958 1696 lustre
1014 1643 1233 1696 virtutis
1279 1642 1557 1709 specimen
1601 1642 1795 1695 edidit.
1854 1642 1959 1697 Sed
2004 1645 2354 1714 popularium

785 1732 985 1786 ducum
1012 1735 1160 1786 nullo
1188 1732 1467 1802 adjutante
1496 1734 1641 1795 (nam
1674 1733 1725 1786 id
1760 1735 2054 1801 imperator
2083 1735 2350 1803 \etuerat)
2385 1798 2405 1803 __

786 1834 975 1892 captus
1030 1833 1206 1883 esset,
1268 1822 1429 1892 743
1488 1839 1629 1892 equo
1672 1825 1735 1877 in
1780 1840 1959 1893 genua
2010 1828 2264 1893 prolapso
2295 1836 2351 1879 et

782 1913 1041 1966 omnibus
1062 1929 1230 1966 unum
1264 1914 1457 1967 ducem
1479 1915 1811 1982 petentibus,
1836 1915 1939 1967 nisi
1960 1931 2152 1968 manus
2182 1916 2347 1983 sagit-

786 2006 1048 2059 tariorum
1083 2021 1207 2059 eum
1243 2005 1597 2059 defendisset.
1651 2004 1884 2058 Proinde
1913 2006 2124 2074 plebeia
2161 2005 2359 2058 inulti~

783 2100 936 2162 tudo,
993 2115 1117 2153 cum
1173 2100 1444 2152 neminem
1508 2098 1599 2166 qui
1650 2108 1841 2151 contra
1906 2098 2130 2151 Latinos
2189 2114 2349 2166 opem

783 2191 951 2245 ferret
997 2191 1290 2251 inveniret,
1321 2190 1646 2245 defectionis
1676 2191 1901 2245 consilia
1950 2191 2153 2258 agitare
2186 2190 2348 2258 cwpit

779 2291 835 2335 et
880 2282 1147 2337 conviciis
1191 2284 1555 2349 imperatores
1583 2281 1875 2343 inscctari,
1925 2282 2350 2349 cogitationibus

779 2388 903 2442 qua:
933 2373 1025 2425 diu
1061 2372 1260 2425 animis
1292 2373 1570 2425 latuerant
1597 2371 2040 2439 erumpentibus.
2072 2372 2348 2441 Agebatur

781 2480 895 2519 tum
930 2465 1191 2518 vicesima
1225 2464 1413 2533 qainta
1443 2464 1560 2516 dies
1594 2463 2089 2526 mensisJanuarii,
2118 2465 2348 2530 septima

780 2555 1095 2617 indictione,
1124 2571 1267 2609 anno
1295 2555 1454 2611 6712.
1485 2556 1764 2609 Concursu
1796 2565 1977 2609 autem
2013 2555 2245 2607 maximo
2294 2557 2347 2608 iu

778 2663 1031 2717 magnum
1083 2648 1345 2715 templum
1394 2647 1534 2699 facto
1561 2686 1576 2711 ,
1623 2647 1784 2700 etiam
1820 2658 2044 2701 senatus
2076 2654 2132 2699 et
2178 2645 2347 2699 colle-

778 2742 925 2811 gium
958 2741 1276 2810 pontificum
1324 2748 1379 2793 et
1427 2738 1927 2793 ecclesiasticorum
1966 2739 2239 2805 primores
2283 2752 2349 2791 eo

778 2847 1109 2894 convenere,
1139 2843 1195 2886 et
1224 2832 1292 2885 de
1319 2832 1650 2900 imperatore
1681 2829 1972 2898 deligendo
1998 2844 2102 2882 una
2134 2828 2345 2882 delibe.

777 2940 899 2979 rare
946 2934 1075 2977 sunt
1120 2924 1314 2978 coacti.
1368 2924 1502 2977 Cum
1551 2933 1735 2977 autem
1781 2921 2083 2975 sententias
2128 2934 2347 2987 rogare-

779 3029 938 3076 inur,
1004 3012 1155 3065 nullo
1224 3011 1388 3065 modo
1440 3022 1693 3066 auctores
1745 3024 1867 3064 esse
1913 3017 2229 3078 poteramus
2288 3020 2347 3063 ut

2020 342 2316 403 ΝίίΣΕΤέΕ
2357 346 2560 406 CllUN
2573 351 2765 408 lAT’li

793 455 1016 521 grados,
1053 468 1144 505 eos
1188 468 1315 504 vero
1346 466 1576 519 quorum
1600 466 1699 521 cpe
1738 452 1788 505 in
1819 454 2045 522 patriam
2085 458 2369 511 restitutus
2397 461 2441 519 Α
2474 473 2497 508 κ

1823 454 2045 522 patriam
2085 458 2369 511 restitutus
2397 461 2441 519 Α
2474 473 2585 511 κεν.
2611 454 2792 511 Ἷισαν
2820 460 2874 513 δὲ
2916 465 2967 515 αξ
3016 465 3348 532 ἐπαγγελίαι
3394 472 3527 540 πρὶς

2640 479 2792 511 ιισαν
2820 479 2874 513 οε
2916 480 2967 515 αι
3016 479 3348 532 euanuit“
3394 479 3528 540 πρὸς
3566 479 3733 545 μηδὲν
3772 482 4045 553 ἀνύσιμον

2466 552 2772 617 προϊοῦσαι.
2806 554 2872 605 "0
2904 571 2959 607 τε
2984 557 3094 626 γὰρ
3128 556 3363 623 Ἀλέξιος
3390 565 3662 620 ὡπλίσθαι
3694 574 3831 627 κατὰ
3872 552 4043 630 Λατί-

2466 657 2570 689 νων
2604 642 2678 707 μη
2711 643 2973 708 πεφυκὼς
3006 646 3143 716 ᾣετο
3168 652 3257 702 καὶ
3293 652 3631 725 ἀσύμφορον,
3669 662 3762 712 καί
3791 666 3818 713 ὁ
3844 668 4037 719 τούτου

2464 730 2989 830 πατὴρίῚσαάκιος
3048 740 3236 807 εἰσῆγε
3298 746 3643 811 παραίφασιν
3706 762 4037 819 κενοφωνεῖν

2462 822 2585 882 τοὺς
2634 822 2695 874 ἐκ
2735 825 2957 894 τριόδων
2998 828 3113 896 ἐᾷν,
3174 833 3302 893 τοὺς
3360 837 3403 885 δ’
3459 839 3621 890 αὐτὸν
3676 854 4036 912 καταγαγόν-

2460 926 2555 971 τας
2587 914 2667 973 εἰς
2700 913 2795 980 τὴν
2823 916 3057 985 πατρίδα
3081 922 3247 989 τιμῆς
3280 925 3377 993 τῆς
3410 929 3670 982 ἀνωτάτω
3713 936 4030 999 καταξιοῦν.

2460 999 2591 1063 Ταῖς
2616 1003 2670 1053 δὲ
2701 1007 2945 1074 γνῶμαι,
2972 1009 3196 1073 ταύταις
3234 1020 3686 1089 προσεπέῥρεπον
3724 1027 3815 1077 καὶ
3846 1028 3911 1079 τὰ
3938 1047 4033 1081 του

2462 1090 2735 1158 βασιλείου
2798 1099 2994 1164 γένους
3056 1105 3575 1177 ὲγκαταλείμματα,
3629 1116 4035 1189 ἦ).ικεςῆλικα

2458 1184 2754 1254 τέρποντες
2786 1189 2878 1241 τὸν
2914 1192 3173 1257 Ἀλέξων.
3204 1198 3372 1251 Ἔνιοι
3404 1200 3459 1252 δὲ
3486 1205 3579 1255 καὶ
3625 1210 3733 1269 τοῖς
3778 1211 4033 1270 Λατίνοις

2460 1276 2539 1366 si;
2574 1277 2824 1348 ἑταίρους
2866 1285 3271 1351 ἀνακραθέντες
3325 1290 3399 1353 ὡς
3455 1290 3656 1357 ἑώλους
3706 1299 3899 1363 ὕθλους
3931 1305 4034 1366 τὰς

2459 1363 2566 1415 τῶν
2609 1366 2845 1419 πολιτῶν
2890 1371 3161 1436 ἐντεύξεις
3196 1379 3556 1449 παρέτρεχον,
3600 1385 3691 1437 τὸν
3723 1390 3828 1439 τῶν
3863 1394 4032 1445 Λατι-

2589 1457 2979 1528 ὲκτρεπόμενοι
3007 1463 3237 1533 πόλεμον
3262 1467 3337 1528 ὼς
3366 1472 3486 1522 οὐδὲ
3520 1473 3703 1529 λέοντα
3728 1477 4031 1551 βρυχητίαν

2458 1543 2673 1612 ἐλάφων
2700 1552 3080 1617 στρατόπεδον.
3118 1556 3297 1619 Μόνος
3325 1557 3371 1610 δ’
3418 1562 3480 1613 ὲκ
3523 1566 3741 1619 πάντων
3773 1543 4029 1634 ὁΔούκας

2470 1637 2730 1705 Ἀλέξιος,
2757 1640 2814 1701 ὃς
2838 1643 2901 1694 ὲκ
2928 1644 3023 1695 τοῦ
3049 1648 3420 1701 συνεστιᾶσθαι
3451 1653 3548 1716 τὰς
3580 1655 3755 1724 ὀφρῦς
3788 1663 3881 1713 καὶ
3912 1658 4028 1715 οἷον

2457 1730 2573 1820 τοῖς
2601 1728 2906 1798 ὀφθαλμοῖς
2937 1734 3350 1803 ἐπικρέμασθαι
3390 1742 3529 1810 πρὸς
3566 1745 3673 1797 τῶν
3703 1752 4029 1820 συνεφήϐων

2456 1817 2816 1887 ἐπωνόμαστο
2856 1823 3302 1895 Μούρτζουφλος,
3356 1832 3498 1903 πλὴν
3529 1836 3621 1887 καὶ
3674 1817 4029 1910 0520;616:-

2454 1907 2615 1960 λειῶν
2648 1913 2744 1962 καὶ
2767 1913 2865 1982 τὴν
2895 1916 3002 1968 τῶν
3035 1917 3270 1971 πολιτῶν
3302 1922 3741 1995 ἐπιτεχνώμενος
3785 1907 4024 1999 εὔνοιαν,

2452 2000 2543 2051 τὸν
2575 2002 2715 2052 κατὰ
2754 2004 2863 2057 τῶν
2907 2008 3151 2060 Λατίνων
3193 2011 3499 2083 ἀπεθάρρει
3533 2018 3790 2088 πόλεμον,
3824 2024 4027 2091 ἀρετῆς

2454 2087 2540 2158 [Ρ.
2585 2090 2711 2162 561]
2748 2109 2805 2144 τε
2848 2095 2922 2157 ὡς
2979 2098 3212 2164 μάλιστα
3255 2103 3577 2173 ποιούμενος
3612 2087 4027 2182 ἔνδειξιν-περὶ

2451 2182 2542 2232 τὸν
2586 2183 2884 2253 λεγόμενον
2917 2189 3211 2259 Τρυπητὸν
3256 2193 3402 2247 λίθον
3446 2199 3542 2250 καὶ
3584 2200 3685 2267 τὴν
3712 2203 3892 2255 ἐκεῖσε
3929 2223 4031 2257 πε-

2456 2277 2800 2345 ριαγομένην
2860 2280 3022 2348 ἁψῖδα
3084 2285 3197 2346 τοῖς
3253 2286 3547 2357 δυσμενέσι
3621 2273 4028 2362 συμπλέκεται.

2450 2365 2700 2433 suam;
2731 2369 2787 2422 δὲ
2832 2371 2940 2423 τῶν
2978 2376 3347 2443 παρεστώτων
3377 2380 3670 2449 ὁμοφύλων
3713 2386 4025 2454 ἡγεμόνων,

2450 2456 2607 2519 δόξαν
2657 2458 2800 2514 οὓτω
2847 2463 3099 2531 βασιλεῖ,
3141 2468 3522 2539 ὲπαρήξαντος
3579 2475 3777 2544 μικροῦ
3846 2480 4030 2532 συνεί⁹

2451 2546 2625 2615 ληπτο
2660 2551 2723 2604 ἄν
2753 2567 2767 2581 ’
2809 2554 2836 2604 ὃ
2864 2570 2921 2604 τε
2958 2556 3069 2625 γὰρ
3118 2558 3284 2618 ἵππος
3342 2562 3437 2613 ἐπὶ
3492 2564 3622 2628 γόνυ
3678 2564 3925 2621 ὤκλασεν
3982 2565 4029 2637 ᾧ

2451 2643 2776 2712 ἐπεκάθητο,
2819 2647 2909 2698 καὶ
2941 2650 3089 2701 πᾶσα
3116 2652 3149 2720 ἡ
3183 2650 3422 2723 ξυμϐολὴ
3455 2653 3589 2724 πρὸς
3620 2655 3716 2708 ἕνα
3748 2659 4027 2731 ἀπεκρίθη

2451 2733 2814 2803 πολέμαρχον,
2849 2738 2898 2789 εί
2962 2738 3037 2807 μὴ
3073 2740 3279 2803 τοξότις
3311 2743 3528 2797 νεολαία
3557 2746 3657 2812 τῆς
3696 2747 3910 2811 πόλεως
3958 2752 4029 2802 τὰ

2447 2823 2648 2875 δυνατὰ
2706 2830 3105 2897 παρατυχοῦσα
3161 2832 3434 2900 ἐπήμυνε.
3468 2835 3540 2887 Τὸ
3585 2839 3770 2890 τοίνυν
3828 2840 4028 2903 λεῶδες

2446 2918 2545 2982 τῆς
2588 2916 2793 2980 πόλεως
2849 2919 3054 2988 μηδένα
3103 2921 3204 2989 τῆς
3258 2924 3350 2973 ἐπὶ
3391 2926 3656 2991 Λατίνους
3704 2929 4025 2996 ξιφουλκίας

2450 3009 2867 3078 συναγωνιστὴν
2907 3011 3167 3079 εὑρίσκον
3211 3013 3306 3065 καὶ
3356 3014 3644 3086 ξύμμαχον
3676 3022 3759 3081 είς
3784 3023 4027 3076 ἀποστα-

779 3107 1201 3175 imperatoribns
1230 3108 1410 3162 statim
1450 3107 1637 3177 ejectis
1678 3107 1844 3159 alium
1878 3115 2166 3169 crearent,
2198 3107 2341 3160 baud
2372 3128 2415 3185 ε
2450 3112 2479 3147 σ

2321 3107 2341 3160 ά
2372 3128 2415 3185 C
2450 3096 2569 3148 σίαν
2609 3098 2867 3149 οἰδαίνειν
2899 3099 3120 3169 ἤρξατο,
3156 3103 3248 3154 καὶ
3274 3104 3347 3164 ὡς
3389 3104 3549 3175 λέϐης
3581 3110 3644 3159 ἐκ
3678 3110 3853 3179 πυρὸς
3888 3114 4025 3164 κατὰ

780 3198 973 3267 ignari,
1007 3199 1257 3268 quisquis
1282 3199 1596 3266 designatus
1622 3207 1787 3258 esset,
1819 3212 1945 3250 eum
1977 3213 2100 3251 cum
2125 3198 2195 3250 ob
2219 3199 2343 3259 alia,

780 3298 893 3341 tum
924 3288 1067 3356 quod
1097 3288 1417 3342 Latinorum
1451 3288 1618 3341 duces
1668 3302 1858 3340 rursus
1896 3286 2143 3340 Alexium
2193 3300 2345 3338 sum-

778 3378 881 3431 mis
916 3377 1122 3430 viribus
1157 3377 1432 3431 defensuri
1463 3388 1667 3441 essent,
1707 3376 2040 3445 posteriores
2083 3375 2342 3429 laturum.

776 3472 844 3522 At
874 3469 1049 3537 plebs,
1087 3478 1145 3522 ut
1194 3469 1423 3538 simplex
1464 3477 1547 3522 est
1580 3476 1635 3523 et
1673 3466 1954 3520 mutabilis
1980 3476 2036 3519 et
2069 3465 2206 3518 nihil
2243 3465 2345 3519 nisi

776 3560 1060 3614 libidinem
1093 3562 1147 3613 in
1179 3560 1408 3613 consilio
1438 3559 1600 3611 habet
1628 3597 1641 3619 ,
1686 3573 1744 3611 se
1792 3557 2119 3626 Angelorum
2170 3556 2344 3625 impe-

780 3650 919 3701 rium
974 3649 1184 3701 diutius
1237 3648 1591 3701 toleraturam
1638 3646 1906 3713 negabat,
1953 3659 2129 3713 neque
2195 3646 2344 3713 prius

777 3744 1141 3794 discessuram
1175 3754 1335 3807 quam
1371 3738 1755 3806 imperatorem
1784 3751 1848 3788 ex
1877 3734 2147 3789 sententia
2186 3744 2343 3787 nacta

776 3843 944 3886 esset.
996 3831 1169 3900 Igitur
1221 3830 1336 3898 ipsa
1374 3845 1430 3882 re
1482 3827 1883 3881 contumaeiam
1929 3826 2211 3879 hominum
2250 3840 2345 3878 ex-

778 3923 938 3991 perti,
975 3921 1221 3973 fortunas
1255 3929 1468 3973 nostras
1500 3919 1823 3972 miserantes
1851 3927 1907 3972 et
1939 3920 2145 3973 affatim
2181 3916 2343 3988 744

776 4013 1139 4078 lacrymantes
1164 4008 1519 4076 quiescimus,
1545 4006 1676 4075 quid
1704 4006 1948 4060 futurum
1982 4016 2148 4071 esset,
2175 4008 2343 4059 multo

775 4113 900 4158 ante
934 4102 1352 4173 prospicientes.
1403 4101 1539 4153 Dum
1571 4109 1749 4152 autem
1789 4099 1866 4151 illi
1918 4098 2207 4166 diligenter
2245 4099 2343 4150 im-

777 4207 1085 4263 peratorem
1119 4202 1374 4261 quaerunt
1417 4201 1472 4245 et
1502 4191 1635 4244 alios
1665 4201 1829 4258 atque
1864 4190 1999 4244 alios
2030 4206 2096 4243 ex
2140 4189 2342 4242 nobili-

779 4288 880 4339 bus
914 4284 1136 4337 familiis
1168 4285 1477 4352 dcsignant,
1511 4283 1726 4335 tandem
1757 4282 1823 4334 iis
1853 4282 2109 4333 omnibus
2141 4280 2343 4349 impro-

777 4379 937 4439 batis,
1009 4377 1253 4444 plebeios
1324 4375 1672 4442 magistratus
1733 4381 1789 4425 et
1849 4371 2109 4440 quosdam
2166 4370 2340 4424 nostri

2448 3188 2558 3238 τῶν
2603 3189 2951 3258 κρατούντων
3005 3194 3214 3260 ἀτμοὺς
3266 3196 3477 3250 ἀνιέναι
3522 3198 3744 3262 ὕϐρεων
3785 3204 3885 3255 καὶ
3926 3206 4025 3273 τὴν

2448 3277 2618 3329 πάλαι
2686 3277 2894 3345 ὕφαλόν
2944 3298 3002 3333 τε
3055 3283 3148 3333 καὶ
3198 3283 3487 3350 ’ἄγνωστον
3530 3288 3758 3357 γνώμην
3810 3291 4026 3353 ἐκζέειν

2446 3365 2583 3434 πρὸς
2618 3367 2754 3434 φῶς.
2780 3363 2923 3434 τΗγε
2959 3370 3058 3438 μὲν
3093 3371 3185 3423 οὖν
3212 3372 3334 3424 τότε
3367 3374 3630 3444 πέμπτην
3652 3380 3745 3429 καὶ
3768 3381 4024 3451 εἰκοστὴν

2445 3458 2472 3507 ὁ
2512 3455 2841 3526 Ἰανουάριος
2876 3458 2976 3527 τῆς
3016 3461 3253 3530 ἑϐδόμης
3303 3463 3634 3529 ἰνδικτιῶνος
3674 3468 3771 3520 τοῦ
3803 3471 4026 3534 ἑξακισ-

2446 3545 2718 3615 χιλιοστοῦ
2770 3548 3202 3602 ἑπτακοσιοστοῦ
3270 3552 3577 3607 δωδεκάτου
3632 3558 3829 3621 ἔτους*
3891 3578 4022 3613 συν-

2444 3638 2653 3708 δρομῆς
2692 3639 2737 3692 δ’
2787 3641 2867 3693 ὅτι
2924 3641 3187 3711 πλείστης
3235 3644 3314 3705 είς
3370 3646 3462 3697 τὸν
3508 3649 3682 3715 μέγαν
3723 3653 4020 3723 γινομένης

2445 3729 2581 3781 νεὼν
2612 3731 2953 3797 ἠναγκάζετο
3000 3733 3095 3784 καὶ
3126 3736 3157 3801 ἡ
3188 3733 3493 3803 σύγκλητος
3535 3739 3568 3807 ἦ
3599 3756 3657 3790 τε
3688 3741 3799 3793 τῶν
3834 3746 4023 3812 ἀρχιεο

2448 3821 2588 3891 ρέων
2618 3822 2893 3890 ὁμήγυρις
2938 3824 3032 3874 καὶ
3067 3827 3113 3875 oi
3148 3824 3238 3875 τοῦ
3279 3828 3522 3895 ῥήματος
3560 3829 3777 3900 λόγιμοι
3830 3836 4020 3886 συνελ-

2446 3913 2563 3964 θεῖν
2599 3914 2779 3965 ἐκεῖσε
2831 3915 2927 3965 καὶ
2984 3914 3485 3985 συνδιασκὲψασθαί
3536 3936 3687 3986 σφισι
3753 3926 3883 3990 περὶ
3927 3926 4023 3977 τοῦ

2444 4002 2718 4070 ἄρξοντος.
2761 4003 2893 4072 Περὶ
2947 4003 3056 4055 τῶν
3108 4010 3486 4075 προκειμένων
3550 4010 3730 4062 τοίνυν
3769 4013 3830 4064 τὸ
3878 4029 4023 4082 παρ-

2448 4092 2735 4160 ιστάμενον
2776 4093 2952 4144 εἰπεῖν
3001 4095 3395 4164 λιπαρούμενοι
3432 4100 3494 4149 ἐκ
3533 4097 3633 4167 μὲν
3682 4100 3775 4152 τοῦ
3821 4104 4022 4155 αὐτίκα

2445 4182 2739 4233 ἐπιθέσθαι
2780 4185 2892 4242 τοῖς
2937 4182 3287 4250 βασιλεύουσι
3339 4188 3433 4238 καὶ
3467 4193 3795 4257 χειροτονεῖν
3830 4192 4020 4261 ἕτερον

2448 4275 2529 4334 εἰς
2567 4272 2744 4341 ἀρχὴν
2777 4272 2887 4324 οὐδ’
2932 4274 3069 4336 ὅλως
3117 4275 3515 4344 ἐδοκιμάζομεν
3567 4279 3867 4333 ὑποθέσθαι
3902 4287 4019 4344 τοῖς

2448 4363 2689 4415 συνιοῦσι
2720 4378 2733 4393 °
2776 4363 2958 4426 καλῶς
3002 4366 3111 4434 γὰρ
3147 4366 3370 4435 ⁴ᾔδειμεν
3419 4368 3493 4431 ὡς
3549 4368 3611 4420 τὸ
3641 4374 3794 4439 μεῖον
3824 4375 3852 4425 ό
3885 4390 4024 4444 προ-

775 4468 986 4519 urdinis
1053 4466 1307 4518 manilius
1390 4464 1690 4532 prehensas
1755 4463 2001 4531 accipere
2077 4449 2478 4513 coronamD6

2315 4478 2340 4513 ιι
2376 4449 2417 4502 D
2448 4453 2668 4522 ϐληθεὶς
2696 4454 2987 4506 ἀποίσεται
3025 4458 3089 4525 τῇ
3131 4472 3188 4507 τε
3229 4457 3364 4525 ἄλλῃ
3408 4458 3502 4509 καὶ
3534 4459 3749 4510 ὅτιτῶν
3772 4462 4019 4514 Λατίνων

776 4556 979 4609 strictis
1027 4555 1252 4606 ensibus
1288 4552 1666 4603 hortabantur.
1718 4550 1854 4602 lleul
1886 4550 2020 4602 heu!
2069 4550 2198 4618 quid
2251 4550 2342 4602 illo

778 4646 1021 4713 periculo
1056 4644 1273 4712 gravius
1307 4651 1471 4708 atque
1494 4640 1787 4694 acerbius?
1818 4639 1950 4709 quid
1988 4640 2129 4693 illius
2158 4640 2343 4694 conci-

776 4735 963 4788 liabuli
1022 4732 1275 4786 vecordia
1343 4732 1656 4785 dementius
1720 4733 1956 4801 magisve
2014 4732 2344 4785 ridiculum?

776 4826 1175 4895 Designationis
1202 4839 1262 4878 ea
1293 4824 1429 4876 ratio
1455 4823 1818 4875 afferebatur:
1852 4841 1868 4871 ι
1898 4822 2113 4877 Vestem
2140 4822 2338 4876 habes:

776 4925 894 4969 esto
929 4926 1115 4967 noster
1148 4915 1464 4983 imperator.
1504 4931 1521 4963 ι
1551 4912 1648 4966 Vix
1678 4913 1894 4965 tandem
1922 4912 2104 4965 triduo
2137 4912 2340 4979 elapso,

777 5008 1179 5061 adolescentem
1231 5005 1521 5075 quemdam
1552 5005 1834 5059 Nicolaum
1885 5002 2161 5058 Canabum
2208 5004 2345 5056 invi-

780 5111 894 5152 tum
951 5100 1339 5167 imperatorem
1403 5096 1753 5165 inaugurant.
1810 5096 1941 5161 Qum
1985 5097 2075 5148 ubi
2122 5095 2344 5150 Alexius

775 5187 985 5239 audivit
1031 5194 1197 5249 (nam
1245 5185 1484 5237 lsaacius
1535 5186 1771 5237 animam
1817 5184 2033 5252 agebat,
2070 5184 2178 5238 illis
2225 5185 2347 5237 diu-

780 5278 925 5329 turni
969 5276 1184 5345 imperii
1230 5276 1677 5345 praadictionibus
1712 5275 1829 5343 ipso
1862 5286 2060 5329 eventu
2100 5274 2346 5328 refutatis

778 5371 828 5413 cl
860 5378 967 5414 non
1003 5364 1162 5417 aliter
1209 5377 1372 5431 quam
1418 5361 1845 5415 febricitantium
1890 5364 2099 5416 somnia
2147 5379 2345 5418 evane-

776 5451 1058 5505 scentibus
1096 5455 1146 5520 ),
1206 5452 1544 5506 Bonifacium
1620 5453 1992 5506 marchionem
2062 5455 2342 5521 accersit;

781 5542 1023 5610 initoque
1074 5545 1302 5597 consilio
1332 5543 1551 5612 utrique
1580 5543 1755 5598 visum
1781 5552 1864 5596 est
1895 5542 2114 5597 Latinas
2148 5545 2348 5598 cohor-

741 5697 744 5700 ἢ
783 5642 862 5686 tes
906 5633 958 5685 in
1011 5635 1274 5702 palatium
1318 5633 1685 5689 admittendus
1732 5649 1885 5695 esse.
1933 5634 2133 5704 quibus
2173 5650 2349 5689 novus

778 5724 881 5780 iste
918 5726 1235 5796 imperator,
1265 5739 1321 5785 et
1352 5728 1586 5798 p0pu|us
1616 5729 1707 5798 qui
1756 5728 1907 5781 illum
1960 5727 2300 5798 designasset
2328 5766 2342 5794 ,

2448 4544 2497 4596 oi
2546 4546 2845 4614 στρατηγοὶ
2882 4545 3220 4615 ἀμφοτέραις
3255 4547 3349 4598 καὶ
3378 4547 3541 4599 πάλιν
3574 4548 3893 4613 ἀνθέξονται
3925 4551 4017 4602 τοῦ

2462 4633 2701 4698 ’Λλεξίου
2760 4635 2854 4687 καὶ
2906 4636 3270 4704 περιέξονται.
3329 4637 3392 4689 Ol
3446 4639 3503 4691 δὲ
3555 4639 3673 4691 λαοὶ
3730 4640 3924 4709 χρῆμά
3966 4657 4020 4694 τι

2451 4724 2604 4786 ὄντες
2643 4727 2843 4791 ἀφελὲς
2880 4730 2976 4778 καὶ
3008 4727 3323 4795 εὑρίπιστον
3347 4766 3362 4790 ,
3415 4730 3511 4781 καὶ
3544 4728 3707 4781 πλέον
3736 4730 3830 4781 τοῦ
3864 4730 4023 4798 θελη-

2454 4817 2741 4884 ματαίνειν
2786 4816 2940 4868 οὐδὲν
2992 4817 3386 4884 ἐπιστάμενοι,
3421 4818 3599 4870 οὐκέτ’
3651 4819 3890 4888 ἔφασκον
3927 4823 4019 4874 ὑπ’

2469 4908 2747 4974 Ἀγγέλων
2777 4909 3067 4979 βούλεσθαι
3098 4909 3500 4979 βασιλεύεσθαι,
3533 4913 3629 4964 καὶ
3661 4912 3738 4975 ὡς
3779 4914 3880 4967 οὐκ
3928 4914 4025 4968 ἄλ-

2454 4999 2559 5059 λως
2592 5001 2618 5049 ὁ
2651 5001 2905 5066 σύλλογος
2932 5002 3135 5062 ἐκεῖνος
3163 5001 3566 5071 διαλυθήσεται,
3604 5003 3652 5053 εί
3686 5003 3763 5071 μή
3802 5019 3886 5065 τις
3913 5004 4020 5057 τῶν

2457 5094 2802 5158 πραγμάτων
2853 5094 3224 5162 προστήσεται
3276 5092 3527 5171 θυμήρης
3577 5093 3784 5156 αὐτοῖς.
3843 5094 4021 5164 Πεέρᾳ

2452 5183 2632 5233 τοίνυν
2674 5183 2892 5249 γνόντες
2921 5184 2979 5234 τὸ
3007 5185 3115 5235 τῶν
3142 5184 3353 5253 ἀνδρῶν
3378 5184 3715 5253 ἀμετάθετον
3749 5187 4022 5255 ἡσυχάζο-

2458 5291 2577 5341 μεν,
2617 5274 2844 5336 ἑαυτοὺς
2887 5274 3287 5339 ταλανίζοντες,
3317 5274 3603 5327 καὶπολλὰ
3632 5276 3741 5327 τῶν
3773 5280 4021 5346 παρειῶν

2454 5363 2849 5431 κατελείϐομεν
2896 5364 3130 5434 δάκρυα,
3182 5366 3243 5416 τὸ
3285 5364 3504 5434 μέλλον,
3541 5366 3617 5428 ὠς
3662 5366 3831 5430 είκὺς,
3863 5384 4022 5436 προοο

2456 5453 2712 5524 ρώμενοι.
2766 5459 2829 5508 Οί
2881 5457 2937 5509 δὲ
2985 5458 3078 5510 τὸν
3122 5457 3355 5526 ἄρξοντα
3401 5459 3681 5530 ἐπιμελῶς
3726 5462 4019 5530 ἀνεδίφων,

2456 5545 2548 5595 καὶ
2587 5543 2682 5595 νῦν
2735 5546 2833 5615 μὲν
2869 5546 3042 5613 τόνδε,
3092 5548 3189 5601 νῦν
3219 5548 3262 5601 δ’
3307 5550 3512 5602 ἐκεῖνον
3543 5552 3606 5602 ὲκ
3638 5550 3735 5620 τῆς
3764 5553 4019 5618 εὐγενοῦς

2456 5636 2727 5703 φυταλιᾶς
2794 5640 3216 5709 ηὑτοσχεδίαζον
3277 5645 3681 5715 αὐτοκράτορα.
3738 5646 3901 5709 Τέλος
3977 5649 4024 5699 δ’

2462 5730 2829 5801 ἀπειρηκότες
2867 5735 2980 5795 τοῖς
3022 5734 3189 5799 ὅλοις,
3241 5737 3365 5797 τοὺς
3408 5733 3769 5803 ὀχλαρχικοὺς
3813 5737 3904 5789 nl
3934 5734 4026 5804 δη-
