  <div class='ocr_page' id='page_1' title='image "/cluster/home/n/w/nwhite01/storage/ocr_20150623/139/nnc1.0046979840/492.png"; bbox 0 0 4314 6356; ppageno 0'>
   <div class='ocr_carea' id='block_1_1' title="bbox 268 390 373 456">
    <p class='ocr_par' dir='ltr' id='par_1_1' title="bbox 268 390 373 456">
     <span class='ocr_line' id='line_1_1' title="bbox 268 390 373 456; baseline -0.019 0"><span class='ocrx_word' id='word_1_1' title='bbox 268 390 373 456; x_wconf 70' lang='grc' dir='ltr'>9ί9</span> 
     </span>
    </p>
   </div>
   <div class='ocr_carea' id='block_1_2' title="bbox 1384 390 2522 455">
    <p class='ocr_par' dir='ltr' id='par_1_2' title="bbox 1384 390 2522 455">
     <span class='ocr_line' id='line_1_2' title="bbox 1384 390 2522 455; baseline 0 0"><span class='ocrx_word' id='word_1_2' title='bbox 1384 391 1718 455; x_wconf 67' lang='lat' dir='ltr'><strong>ALEXIUS</strong></span> <span class='ocrx_word' id='word_1_3' title='bbox 1757 390 2000 453; x_wconf 67' lang='lat' dir='ltr'><strong>DUCAS</strong></span> <span class='ocrx_word' id='word_1_4' title='bbox 2045 392 2522 455; x_wconf 75' lang='lat' dir='ltr'><strong>MUHZUFLUS.</strong></span> 
     </span>
    </p>
   </div>
   <div class='ocr_carea' id='block_1_3' title="bbox 3412 382 3525 450">
    <p class='ocr_par' dir='ltr' id='par_1_3' title="bbox 3412 382 3525 450">
     <span class='ocr_line' id='line_1_3' title="bbox 3412 382 3525 450; baseline 0.053 -6"><span class='ocrx_word' id='word_1_5' title='bbox 3412 382 3525 450; x_wconf 68' lang='grc' dir='ltr'><strong>νου</strong></span> 
     </span>
    </p>
   </div>
   <div class='ocr_carea' id='block_1_4' title="bbox 259 502 1963 582">
    <p class='ocr_par' dir='ltr' id='par_1_4' title="bbox 259 508 1963 582">
     <span class='ocr_line' id='line_1_4' title="bbox 259 508 1963 582; baseline 0.004 -23"><span class='ocrx_word' id='word_1_6' title='bbox 259 509 423 578; x_wconf 57' lang='lat' dir='ltr'><strong>inqu,</strong></span> <span class='ocrx_word' id='word_1_7' title='bbox 466 509 560 562; x_wconf 80' lang='grc' dir='ltr'>καὶ</span> <span class='ocrx_word' id='word_1_8' title='bbox 595 508 692 578; x_wconf 78' lang='grc' dir='ltr'>τὴν</span> <span class='ocrx_word' id='word_1_9' title='bbox 728 510 996 581; x_wconf 70' lang='grc' dir='ltr'>στρατιὰν</span> <span class='ocrx_word' id='word_1_10' title='bbox 1030 510 1376 582; x_wconf 73' lang='grc' dir='ltr'><strong>ἀνεζωπύρει</strong></span> <span class='ocrx_word' id='word_1_11' title='bbox 1422 511 1500 582; x_wconf 85' lang='grc' dir='ltr'>τῷ</span> <span class='ocrx_word' id='word_1_12' title='bbox 1524 512 1645 565; x_wconf 80' lang='grc' dir='ltr'>καθ’</span> <span class='ocrx_word' id='word_1_13' title='bbox 1672 512 1837 565; x_wconf 72' lang='grc' dir='ltr'>αὐτὺν</span> <span class='ocrx_word' id='word_1_14' title='bbox 1868 513 1912 571; x_wconf 75' lang='grc' dir='ltr'><strong>Α</strong></span> <span class='ocrx_word' id='word_1_15' title='bbox 1944 527 1963 566; x_wconf 82' lang='grc' dir='ltr'><strong>ε</strong></span> 
     </span>
    </p>
   </div>
   <div class='ocr_carea' id='block_1_5' title="bbox 1811 502 3515 582">
    <p class='ocr_par' dir='ltr' id='par_1_5' title="bbox 1811 502 3515 580">
     <span class='ocr_line' id='line_1_5' title="bbox 1811 502 3515 580; baseline -0.004 -17"><span class='ocrx_word' id='word_1_16' title='bbox 1811 530 1837 563; x_wconf 87' lang='grc' dir='ltr'><strong>ν</strong></span> <span class='ocrx_word' id='word_1_17' title='bbox 1868 513 1912 571; x_wconf 76' lang='grc' dir='ltr'><strong>Α</strong></span> <span class='ocrx_word' id='word_1_18' title='bbox 1944 512 2301 566; x_wconf 78' lang='lat' dir='ltr'><strong>excursiones</strong></span> <span class='ocrx_word' id='word_1_19' title='bbox 2332 508 2606 580; x_wconf 78' lang='lat' dir='ltr'><strong>reprimit,</strong></span> <span class='ocrx_word' id='word_1_20' title='bbox 2640 506 2839 577; x_wconf 87' lang='lat' dir='ltr'><strong>partim</strong></span> <span class='ocrx_word' id='word_1_21' title='bbox 2865 519 2961 562; x_wconf 83' lang='lat' dir='ltr'><strong>eos</strong></span> <span class='ocrx_word' id='word_1_22' title='bbox 2989 503 3082 575; x_wconf 88' lang='lat' dir='ltr'><strong>qul</strong></span> <span class='ocrx_word' id='word_1_23' title='bbox 3124 502 3515 559; x_wconf 77' lang='lat' dir='ltr'><strong>frumentatum</strong></span> 
     </span>
    </p>
   </div>
   <div class='ocr_carea' id='block_1_6' title="bbox 260 599 1837 671">
    <p class='ocr_par' dir='ltr' id='par_1_6' title="bbox 260 599 1837 671">
     <span class='ocr_line' id='line_1_6' title="bbox 260 599 1837 671; baseline 0.003 -20"><span class='ocrx_word' id='word_1_24' title='bbox 260 599 652 670; x_wconf 77' lang='grc' dir='ltr'>ὑποδείγματι.</span> <span class='ocrx_word' id='word_1_25' title='bbox 710 601 801 655; x_wconf 83' lang='grc' dir='ltr'><strong>Ἐν</strong></span> <span class='ocrx_word' id='word_1_26' title='bbox 831 601 1051 666; x_wconf 86' lang='grc' dir='ltr'>πολλοῖς</span> <span class='ocrx_word' id='word_1_27' title='bbox 1079 602 1136 656; x_wconf 72' lang='grc' dir='ltr'><strong>δδ</strong></span> <span class='ocrx_word' id='word_1_28' title='bbox 1169 604 1264 657; x_wconf 78' lang='grc' dir='ltr'>καὶ</span> <span class='ocrx_word' id='word_1_29' title='bbox 1292 603 1455 667; x_wconf 77' lang='grc' dir='ltr'>αὐτὸς</span> <span class='ocrx_word' id='word_1_30' title='bbox 1483 604 1636 671; x_wconf 80' lang='grc' dir='ltr'><strong>ξίφος</strong></span> <span class='ocrx_word' id='word_1_31' title='bbox 1666 603 1837 669; x_wconf 75' lang='grc' dir='ltr'>ἀγκυ-</span> 
     </span>
    </p>
   </div>
   <div class='ocr_carea' id='block_1_7' title="bbox 262 690 1835 767">
    <p class='ocr_par' dir='ltr' id='par_1_7' title="bbox 262 690 1835 767">
     <span class='ocr_line' id='line_1_7' title="bbox 262 690 1835 767; baseline 0.003 -25"><span class='ocrx_word' id='word_1_32' title='bbox 262 690 548 760; x_wconf 76' lang='grc' dir='ltr'>λιςόμενος</span> <span class='ocrx_word' id='word_1_33' title='bbox 577 693 673 746; x_wconf 77' lang='grc' dir='ltr'>καὶ</span> <span class='ocrx_word' id='word_1_34' title='bbox 696 694 966 765; x_wconf 78' lang='grc' dir='ltr'>χαλκήρει</span> <span class='ocrx_word' id='word_1_35' title='bbox 997 694 1205 767; x_wconf 78' lang='grc' dir='ltr'><strong>κορύνῃ</strong></span> <span class='ocrx_word' id='word_1_36' title='bbox 1242 695 1341 766; x_wconf 80' lang='grc' dir='ltr'>τὴν</span> <span class='ocrx_word' id='word_1_37' title='bbox 1368 697 1533 764; x_wconf 84' lang='grc' dir='ltr'>χεῖρα</span> <span class='ocrx_word' id='word_1_38' title='bbox 1574 694 1835 747; x_wconf 82' lang='grc' dir='ltr'>καθοπλι-</span> 
     </span>
    </p>
   </div>
   <div class='ocr_carea' id='block_1_8' title="bbox 259 784 1837 857">
    <p class='ocr_par' dir='ltr' id='par_1_8' title="bbox 259 784 1837 857">
     <span class='ocr_line' id='line_1_8' title="bbox 259 784 1837 857; baseline 0.001 -22"><span class='ocrx_word' id='word_1_39' title='bbox 259 784 497 853; x_wconf 78' lang='grc' dir='ltr'>ζόμενος</span> <span class='ocrx_word' id='word_1_40' title='bbox 538 786 700 840; x_wconf 81' lang='grc' dir='ltr'>τοῦτο</span> <span class='ocrx_word' id='word_1_41' title='bbox 750 787 850 857; x_wconf 64' lang='grc' dir='ltr'>μὲν</span> <span class='ocrx_word' id='word_1_42' title='bbox 905 786 1004 850; x_wconf 80' lang='grc' dir='ltr'>τὰς</span> <span class='ocrx_word' id='word_1_43' title='bbox 1064 786 1175 840; x_wconf 82' lang='grc' dir='ltr'><strong>τῶν</strong></span> <span class='ocrx_word' id='word_1_44' title='bbox 1224 785 1487 840; x_wconf 70' lang='grc' dir='ltr'>ιναντίων</span> <span class='ocrx_word' id='word_1_45' title='bbox 1536 785 1837 839; x_wconf 73' lang='grc' dir='ltr'><strong>ἀνέκοπτεν</strong></span> 
     </span>
    </p>
   </div>
   <div class='ocr_carea' id='block_1_9' title="bbox 262 876 1839 947">
    <p class='ocr_par' dir='ltr' id='par_1_9' title="bbox 262 876 1839 947">
     <span class='ocr_line' id='line_1_9' title="bbox 262 876 1839 947; baseline -0.001 -20"><span class='ocrx_word' id='word_1_46' title='bbox 262 878 561 947; x_wconf 70' lang='grc' dir='ltr'>ἐκδρομὰς,</span> <span class='ocrx_word' id='word_1_47' title='bbox 605 878 767 931; x_wconf 79' lang='grc' dir='ltr'>τοῦτο</span> <span class='ocrx_word' id='word_1_48' title='bbox 808 879 865 931; x_wconf 72' lang='grc' dir='ltr'>δὲ</span> <span class='ocrx_word' id='word_1_49' title='bbox 912 881 1029 941; x_wconf 90' lang='grc' dir='ltr'>τοῖς</span> <span class='ocrx_word' id='word_1_50' title='bbox 1087 877 1438 947; x_wconf 69' lang='grc' dir='ltr'>σποραδικιῖκ</span> <span class='ocrx_word' id='word_1_51' title='bbox 1482 876 1719 940; x_wconf 78' lang='grc' dir='ltr'><strong>ἐξιοῦσιν</strong></span> <span class='ocrx_word' id='word_1_52' title='bbox 1758 878 1839 938; x_wconf 87' lang='grc' dir='ltr'><strong>είς</strong></span> 
     </span>
    </p>
   </div>
   <div class='ocr_carea' id='block_1_10' title="bbox 263 964 1839 1038">
    <p class='ocr_par' dir='ltr' id='par_1_10' title="bbox 263 964 1839 1038">
     <span class='ocr_line' id='line_1_10' title="bbox 263 964 1839 1038; baseline -0.001 -19"><span class='ocrx_word' id='word_1_53' title='bbox 263 968 537 1035; x_wconf 83' lang='grc' dir='ltr'>πορισμὸν</span> <span class='ocrx_word' id='word_1_54' title='bbox 569 969 764 1024; x_wconf 82' lang='grc' dir='ltr'>σιτίων</span> <span class='ocrx_word' id='word_1_55' title='bbox 786 968 1153 1038; x_wconf 68' lang='grc' dir='ltr'>ἑφεστάμενος</span> <span class='ocrx_word' id='word_1_56' title='bbox 1176 964 1244 1038; x_wconf 82' lang='grc' dir='ltr'>ἦν</span> <span class='ocrx_word' id='word_1_57' title='bbox 1273 967 1721 1034; x_wconf 82' lang='grc' dir='ltr'>αὐτεπάγγελτος</span> <span class='ocrx_word' id='word_1_58' title='bbox 1746 967 1839 1018; x_wconf 72' lang='grc' dir='ltr'>καὶ</span> 
     </span>
    </p>
   </div>
   <div class='ocr_carea' id='block_1_11' title="bbox 264 1056 1839 1128">
    <p class='ocr_par' dir='ltr' id='par_1_11' title="bbox 264 1056 1839 1128">
     <span class='ocr_line' id='line_1_11' title="bbox 264 1056 1839 1128; baseline 0 -20"><span class='ocrx_word' id='word_1_59' title='bbox 264 1058 696 1128; x_wconf 74' lang='grc' dir='ltr'>αὒτενέργητος.</span> <span class='ocrx_word' id='word_1_60' title='bbox 768 1060 989 1127; x_wconf 79' lang='grc' dir='ltr'><strong>Ἀμέλει</strong></span> <span class='ocrx_word' id='word_1_61' title='bbox 1047 1059 1138 1112; x_wconf 72' lang='grc' dir='ltr'><strong>διὰ</strong></span> <span class='ocrx_word' id='word_1_62' title='bbox 1190 1058 1363 1112; x_wconf 80' lang='grc' dir='ltr'>ταῦτα</span> <span class='ocrx_word' id='word_1_63' title='bbox 1417 1061 1533 1121; x_wconf 85' lang='grc' dir='ltr'>τοῖς</span> <span class='ocrx_word' id='word_1_64' title='bbox 1592 1056 1839 1119; x_wconf 74' lang='grc' dir='ltr'><strong>πολίταις</strong></span> 
     </span>
    </p>
   </div>
   <div class='ocr_carea' id='block_1_12' title="bbox 259 1147 1835 1222">
    <p class='ocr_par' dir='ltr' id='par_1_12' title="bbox 259 1147 1835 1222">
     <span class='ocr_line' id='line_1_12' title="bbox 259 1147 1835 1222; baseline -0.001 -21"><span class='ocrx_word' id='word_1_65' title='bbox 259 1150 568 1217; x_wconf 74' lang='grc' dir='ltr'>ἠσπάζετο.</span> <span class='ocrx_word' id='word_1_66' title='bbox 603 1155 652 1205; x_wconf 86' lang='grc' dir='ltr'><strong>εί</strong></span> <span class='ocrx_word' id='word_1_67' title='bbox 703 1154 799 1205; x_wconf 72' lang='grc' dir='ltr'>καὶ</span> <span class='ocrx_word' id='word_1_68' title='bbox 837 1152 1080 1213; x_wconf 80' lang='grc' dir='ltr'>ὕποπτος</span> <span class='ocrx_word' id='word_1_69' title='bbox 1121 1147 1189 1222; x_wconf 81' lang='grc' dir='ltr'>ἦν</span> <span class='ocrx_word' id='word_1_70' title='bbox 1225 1152 1291 1204; x_wconf 75' lang='grc' dir='ltr'><strong>τὰ</strong></span> <span class='ocrx_word' id='word_1_71' title='bbox 1327 1151 1502 1203; x_wconf 87' lang='grc' dir='ltr'>πολλὰ</span> <span class='ocrx_word' id='word_1_72' title='bbox 1530 1151 1624 1202; x_wconf 78' lang='grc' dir='ltr'>καὶ</span> <span class='ocrx_word' id='word_1_73' title='bbox 1659 1149 1835 1216; x_wconf 59' lang='lat' dir='ltr'><strong>saep.</strong></span> 
     </span>
    </p>
   </div>
   <div class='ocr_carea' id='block_1_13' title="bbox 260 1236 1840 1315">
    <p class='ocr_par' dir='ltr' id='par_1_13' title="bbox 260 1236 1840 1315">
     <span class='ocr_line' id='line_1_13' title="bbox 260 1236 1840 1315; baseline 0 -21"><span class='ocrx_word' id='word_1_74' title='bbox 260 1243 427 1307; x_wconf 75' lang='grc' dir='ltr'>ϐατος</span> <span class='ocrx_word' id='word_1_75' title='bbox 461 1247 573 1307; x_wconf 90' lang='grc' dir='ltr'>τοῖς</span> <span class='ocrx_word' id='word_1_76' title='bbox 607 1246 666 1311; x_wconf 77' lang='grc' dir='ltr'><strong>ἐξ</strong></span> <span class='ocrx_word' id='word_1_77' title='bbox 711 1246 979 1314; x_wconf 78' lang='grc' dir='ltr'>αἵματος·</span> <span class='ocrx_word' id='word_1_78' title='bbox 1013 1246 1110 1300; x_wconf 71' lang='grc' dir='ltr'>ἅτε</span> <span class='ocrx_word' id='word_1_79' title='bbox 1156 1245 1267 1315; x_wconf 75' lang='grc' dir='ltr'><strong>γὰρ</strong></span> <span class='ocrx_word' id='word_1_80' title='bbox 1298 1243 1662 1314; x_wconf 73' lang='grc' dir='ltr'><strong>ἐντραφέντες</strong></span> <span class='ocrx_word' id='word_1_81' title='bbox 1692 1236 1840 1294; x_wconf 71' lang='grc' dir='ltr'>οὗτοι</span> 
     </span>
    </p>
   </div>
   <div class='ocr_carea' id='block_1_14' title="bbox 266 1333 1840 1407">
    <p class='ocr_par' dir='ltr' id='par_1_14' title="bbox 266 1333 1840 1407">
     <span class='ocr_line' id='line_1_14' title="bbox 266 1333 1840 1407; baseline 0 -22"><span class='ocrx_word' id='word_1_82' title='bbox 266 1333 501 1405; x_wconf 75' lang='grc' dir='ltr'>βλακείᾳ</span> <span class='ocrx_word' id='word_1_83' title='bbox 534 1337 626 1387; x_wconf 72' lang='grc' dir='ltr'>καὶ</span> <span class='ocrx_word' id='word_1_84' title='bbox 673 1335 919 1407; x_wconf 73' lang='grc' dir='ltr'>μαλακίᾳ</span> <span class='ocrx_word' id='word_1_85' title='bbox 962 1335 1454 1404; x_wconf 78' lang='grc' dir='ltr'>συνανδρωθὲντες,</span> <span class='ocrx_word' id='word_1_86' title='bbox 1483 1336 1840 1404; x_wconf 80' lang='grc' dir='ltr'>ἀναγωγικὴν</span> 
     </span>
    </p>
   </div>
   <div class='ocr_carea' id='block_1_15' title="bbox 261 1425 1842 1496">
    <p class='ocr_par' dir='ltr' id='par_1_15' title="bbox 261 1425 1842 1496">
     <span class='ocr_line' id='line_1_15' title="bbox 261 1425 1842 1496; baseline 0.001 -19"><span class='ocrx_word' id='word_1_87' title='bbox 261 1427 569 1495; x_wconf 71' lang='grc' dir='ltr'><strong>αὐστηρίαν</strong></span> <span class='ocrx_word' id='word_1_88' title='bbox 608 1429 703 1479; x_wconf 69' lang='grc' dir='ltr'>καὶ</span> <span class='ocrx_word' id='word_1_89' title='bbox 733 1427 948 1481; x_wconf 76' lang='grc' dir='ltr'>δίαιταν</span> <span class='ocrx_word' id='word_1_90' title='bbox 985 1426 1241 1496; x_wconf 85' lang='grc' dir='ltr'>σώφρονα</span> <span class='ocrx_word' id='word_1_91' title='bbox 1294 1426 1734 1495; x_wconf 77' lang='grc' dir='ltr'><strong>περιιστάμενοι,</strong></span> <span class='ocrx_word' id='word_1_92' title='bbox 1765 1425 1842 1487; x_wconf 82' lang='grc' dir='ltr'>ὡς</span> 
     </span>
    </p>
   </div>
   <div class='ocr_carea' id='block_1_16' title="bbox 262 1515 1841 1585">
    <p class='ocr_par' dir='ltr' id='par_1_16' title="bbox 262 1515 1841 1585">
     <span class='ocr_line' id='line_1_16' title="bbox 262 1515 1841 1585; baseline 0 -20"><span class='ocrx_word' id='word_1_93' title='bbox 262 1516 331 1566; x_wconf 74' lang='grc' dir='ltr'><strong>τα</strong></span> <span class='ocrx_word' id='word_1_94' title='bbox 360 1516 752 1585; x_wconf 76' lang='grc' dir='ltr'>κεκρατημένα</span> <span class='ocrx_word' id='word_1_95' title='bbox 790 1516 1021 1585; x_wconf 85' lang='grc' dir='ltr'>σώματα</span> <span class='ocrx_word' id='word_1_96' title='bbox 1061 1516 1459 1585; x_wconf 69' lang='grc' dir='ltr'>νοσοκόμησιν,</span> <span class='ocrx_word' id='word_1_97' title='bbox 1502 1515 1841 1584; x_wconf 74' lang='grc' dir='ltr'>ἐτραχηλίων</span> 
     </span>
    </p>
   </div>
   <div class='ocr_carea' id='block_1_17' title="bbox 266 1606 1842 1676">
    <p class='ocr_par' dir='ltr' id='par_1_17' title="bbox 266 1606 1842 1676">
     <span class='ocr_line' id='line_1_17' title="bbox 266 1606 1842 1676; baseline 0.001 -19"><span class='ocrx_word' id='word_1_98' title='bbox 266 1607 366 1657; x_wconf 77' lang='grc' dir='ltr'>καὶ</span> <span class='ocrx_word' id='word_1_99' title='bbox 391 1606 813 1675; x_wconf 66' lang='grc' dir='ltr'>ἐσκληρύνοντο.</span> <span class='ocrx_word' id='word_1_100' title='bbox 839 1607 951 1676; x_wconf 77' lang='grc' dir='ltr'>Τὴν</span> <span class='ocrx_word' id='word_1_101' title='bbox 976 1607 1071 1660; x_wconf 78' lang='grc' dir='ltr'>τοῦ</span> <span class='ocrx_word' id='word_1_102' title='bbox 1101 1609 1279 1660; x_wconf 76' lang='grc' dir='ltr'>Δούκα</span> <span class='ocrx_word' id='word_1_103' title='bbox 1305 1608 1483 1659; x_wconf 90' lang='grc' dir='ltr'>τοίνυν</span> <span class='ocrx_word' id='word_1_104' title='bbox 1508 1606 1842 1675; x_wconf 67' lang='grc' dir='ltr'>ἔμϐρίμησιν</span> 
     </span>
    </p>
   </div>
   <div class='ocr_carea' id='block_1_18' title="bbox 265 1696 1843 1769">
    <p class='ocr_par' dir='ltr' id='par_1_18' title="bbox 265 1696 1843 1769">
     <span class='ocr_line' id='line_1_18' title="bbox 265 1696 1843 1769; baseline 0.001 -20"><span class='ocrx_word' id='word_1_105' title='bbox 265 1698 363 1749; x_wconf 71' lang='grc' dir='ltr'><strong>καὶ</strong></span> <span class='ocrx_word' id='word_1_106' title='bbox 390 1697 689 1769; x_wconf 72' lang='grc' dir='ltr'><strong>ἐπίπληξιν</strong></span> <span class='ocrx_word' id='word_1_107' title='bbox 729 1696 821 1769; x_wconf 82' lang='grc' dir='ltr'><strong>(ἦν</strong></span> <span class='ocrx_word' id='word_1_108' title='bbox 849 1698 959 1769; x_wconf 73' lang='grc' dir='ltr'><strong>γὰρ</strong></span> <span class='ocrx_word' id='word_1_109' title='bbox 992 1702 1084 1752; x_wconf 74' lang='grc' dir='ltr'>καὶ</span> <span class='ocrx_word' id='word_1_110' title='bbox 1118 1700 1282 1767; x_wconf 84' lang='grc' dir='ltr'>φύσει</span> <span class='ocrx_word' id='word_1_111' title='bbox 1319 1700 1497 1761; x_wconf 79' lang='grc' dir='ltr'>κοῖλος</span> <span class='ocrx_word' id='word_1_112' title='bbox 1544 1700 1640 1752; x_wconf 72' lang='grc' dir='ltr'><strong>καλ</strong></span> <span class='ocrx_word' id='word_1_113' title='bbox 1668 1698 1843 1768; x_wconf 81' lang='grc' dir='ltr'>βαρὺς</span> 
     </span>
    </p>
   </div>
   <div class='ocr_carea' id='block_1_19' title="bbox 263 1790 1842 1862">
    <p class='ocr_par' dir='ltr' id='par_1_19' title="bbox 263 1790 1842 1862">
     <span class='ocr_line' id='line_1_19' title="bbox 263 1790 1842 1862; baseline 0 -21"><span class='ocrx_word' id='word_1_114' title='bbox 263 1790 365 1860; x_wconf 80' lang='grc' dir='ltr'>τὴν</span> <span class='ocrx_word' id='word_1_115' title='bbox 397 1794 581 1858; x_wconf 75' lang='grc' dir='ltr'>φωνὴν</span> <span class='ocrx_word' id='word_1_116' title='bbox 603 1793 697 1844; x_wconf 81' lang='grc' dir='ltr'>καὶ</span> <span class='ocrx_word' id='word_1_117' title='bbox 723 1794 815 1844; x_wconf 73' lang='grc' dir='ltr'>τὸν</span> <span class='ocrx_word' id='word_1_118' title='bbox 838 1792 1101 1861; x_wconf 80' lang='grc' dir='ltr'><strong>φάρυγγα</strong></span> <span class='ocrx_word' id='word_1_119' title='bbox 1132 1792 1435 1862; x_wconf 72' lang='grc' dir='ltr'>βραγχιῶν)</span> <span class='ocrx_word' id='word_1_120' title='bbox 1462 1792 1561 1844; x_wconf 77' lang='grc' dir='ltr'>ὅσα</span> <span class='ocrx_word' id='word_1_121' title='bbox 1590 1791 1685 1844; x_wconf 74' lang='grc' dir='ltr'>καὶ</span> <span class='ocrx_word' id='word_1_122' title='bbox 1716 1790 1842 1858; x_wconf 83' lang='grc' dir='ltr'>γεῦ-</span> 
     </span>
    </p>
   </div>
   <div class='ocr_carea' id='block_1_20' title="bbox 262 1883 1841 1955">
    <p class='ocr_par' dir='ltr' id='par_1_20' title="bbox 262 1883 1841 1955">
     <span class='ocr_line' id='line_1_20' title="bbox 262 1883 1841 1955; baseline 0 -21"><span class='ocrx_word' id='word_1_123' title='bbox 262 1899 352 1935; x_wconf 87' lang='grc' dir='ltr'><strong>σιν</strong></span> <span class='ocrx_word' id='word_1_124' title='bbox 393 1883 693 1947; x_wconf 80' lang='grc' dir='ltr'>πολύποδος</span> <span class='ocrx_word' id='word_1_125' title='bbox 716 1884 870 1953; x_wconf 80' lang='grc' dir='ltr'><strong>ὠμοῦ</strong></span> <span class='ocrx_word' id='word_1_126' title='bbox 902 1887 934 1955; x_wconf 82' lang='grc' dir='ltr'>ἢ</span> <span class='ocrx_word' id='word_1_127' title='bbox 968 1884 1254 1955; x_wconf 71' lang='grc' dir='ltr'>ἑλλεόόρου</span> <span class='ocrx_word' id='word_1_128' title='bbox 1282 1886 1563 1953; x_wconf 75' lang='grc' dir='ltr'>τράπεζαν</span> <span class='ocrx_word' id='word_1_129' title='bbox 1592 1883 1700 1935; x_wconf 81' lang='grc' dir='ltr'>εἴτε</span> <span class='ocrx_word' id='word_1_130' title='bbox 1734 1884 1841 1952; x_wconf 78' lang='grc' dir='ltr'>μὴν</span> 
     </span>
    </p>
   </div>
   <div class='ocr_carea' id='block_1_21' title="bbox 262 1975 1840 2047">
    <p class='ocr_par' dir='ltr' id='par_1_21' title="bbox 262 1975 1840 2047">
     <span class='ocr_line' id='line_1_21' title="bbox 262 1975 1840 2047; baseline 0 -21"><span class='ocrx_word' id='word_1_131' title='bbox 262 1976 522 2044; x_wconf 74' lang='grc' dir='ltr'><strong>ταυρείου</strong></span> <span class='ocrx_word' id='word_1_132' title='bbox 547 1977 780 2043; x_wconf 77' lang='grc' dir='ltr'>αἵματος</span> <span class='ocrx_word' id='word_1_133' title='bbox 802 1977 1061 2047; x_wconf 70' lang='grc' dir='ltr'>κέρασμα</span> <span class='ocrx_word' id='word_1_134' title='bbox 1086 1978 1502 2045; x_wconf 71' lang='grc' dir='ltr'><strong>ἐκτρεπόμενοι,</strong></span> <span class='ocrx_word' id='word_1_135' title='bbox 1530 1975 1630 2043; x_wconf 79' lang='grc' dir='ltr'>τὴν</span> <span class='ocrx_word' id='word_1_136' title='bbox 1650 1977 1840 2027; x_wconf 85' lang='grc' dir='ltr'>τούτου</span> 
     </span>
    </p>
   </div>
   <div class='ocr_carea' id='block_1_22' title="bbox 262 2067 1842 2138">
    <p class='ocr_par' dir='ltr' id='par_1_22' title="bbox 262 2067 1842 2138">
     <span class='ocr_line' id='line_1_22' title="bbox 262 2067 1842 2138; baseline 0 -22"><span class='ocrx_word' id='word_1_137' title='bbox 262 2068 658 2135; x_wconf 76' lang='grc' dir='ltr'>καταστροφὴν</span> <span class='ocrx_word' id='word_1_138' title='bbox 687 2069 1028 2137; x_wconf 72' lang='grc' dir='ltr'>ἐπιστροφὴν</span> <span class='ocrx_word' id='word_1_139' title='bbox 1061 2067 1235 2138; x_wconf 77' lang='grc' dir='ltr'>ᾤοντο</span> <span class='ocrx_word' id='word_1_140' title='bbox 1270 2068 1481 2136; x_wconf 82' lang='grc' dir='ltr'>Θεῖκήν.</span> <span class='ocrx_word' id='word_1_141' title='bbox 1523 2068 1717 2119; x_wconf 83' lang='grc' dir='ltr'>Ἔνθεν</span> <span class='ocrx_word' id='word_1_142' title='bbox 1759 2082 1842 2119; x_wconf 92' lang='grc' dir='ltr'><strong>τοι</strong></span> 
     </span>
    </p>
   </div>
   <div class='ocr_carea' id='block_1_23' title="bbox 264 2157 1843 2228">
    <p class='ocr_par' dir='ltr' id='par_1_23' title="bbox 264 2157 1843 2228">
     <span class='ocr_line' id='line_1_23' title="bbox 264 2157 1843 2228; baseline 0.001 -21"><span class='ocrx_word' id='word_1_143' title='bbox 264 2157 361 2208; x_wconf 79' lang='grc' dir='ltr'>καὶ</span> <span class='ocrx_word' id='word_1_144' title='bbox 392 2157 723 2210; x_wconf 71' lang='grc' dir='ltr'>Βαλδουίνου</span> <span class='ocrx_word' id='word_1_145' title='bbox 757 2158 851 2211; x_wconf 84' lang='grc' dir='ltr'>τοῦ</span> <span class='ocrx_word' id='word_1_146' title='bbox 878 2160 975 2228; x_wconf 80' lang='grc' dir='ltr'>τῆς</span> <span class='ocrx_word' id='word_1_147' title='bbox 1010 2159 1313 2228; x_wconf 69' lang='grc' dir='ltr'>Φλαντρίας</span> <span class='ocrx_word' id='word_1_148' title='bbox 1344 2160 1587 2228; x_wconf 72' lang='grc' dir='ltr'>κόμητος</span> <span class='ocrx_word' id='word_1_149' title='bbox 1618 2157 1685 2211; x_wconf 77' lang='grc' dir='ltr'><strong>τὰ</strong></span> <span class='ocrx_word' id='word_1_150' title='bbox 1709 2158 1843 2227; x_wconf 76' lang='grc' dir='ltr'>περὶ</span> 
     </span>
    </p>
   </div>
   <div class='ocr_carea' id='block_1_24' title="bbox 261 2246 1847 2319">
    <p class='ocr_par' dir='ltr' id='par_1_24' title="bbox 261 2246 1847 2319">
     <span class='ocr_line' id='line_1_24' title="bbox 261 2246 1847 2319; baseline -0.001 -20"><span class='ocrx_word' id='word_1_151' title='bbox 261 2248 357 2300; x_wconf 85' lang='grc' dir='ltr'>τὸν</span> <span class='ocrx_word' id='word_1_152' title='bbox 384 2247 579 2301; x_wconf 75' lang='grc' dir='ltr'>Φιλέαν</span> <span class='ocrx_word' id='word_1_153' title='bbox 605 2249 884 2319; x_wconf 77' lang='grc' dir='ltr'><strong>κείροντος</strong></span> <span class='ocrx_word' id='word_1_154' title='bbox 918 2250 1083 2319; x_wconf 81' lang='grc' dir='ltr'>μέρη,</span> <span class='ocrx_word' id='word_1_155' title='bbox 1139 2249 1396 2301; x_wconf 82' lang='grc' dir='ltr'>κάκεῖθεν</span> <span class='ocrx_word' id='word_1_156' title='bbox 1432 2248 1628 2317; x_wconf 82' lang='grc' dir='ltr'>φόρους</span> <span class='ocrx_word' id='word_1_157' title='bbox 1663 2246 1847 2298; x_wconf 62' lang='lat' dir='ltr'><strong>mae.</strong></span> 
     </span>
    </p>
   </div>
   <div class='ocr_carea' id='block_1_25' title="bbox 261 2336 1843 2408">
    <p class='ocr_par' dir='ltr' id='par_1_25' title="bbox 261 2336 1843 2408">
     <span class='ocr_line' id='line_1_25' title="bbox 261 2336 1843 2408; baseline -0.001 -19"><span class='ocrx_word' id='word_1_158' title='bbox 261 2352 476 2404; x_wconf 80' lang='grc' dir='ltr'>γοντος,</span> <span class='ocrx_word' id='word_1_159' title='bbox 513 2338 683 2401; x_wconf 73' lang='grc' dir='ltr'>ἔξεισι</span> <span class='ocrx_word' id='word_1_160' title='bbox 730 2339 851 2393; x_wconf 78' lang='grc' dir='ltr'>κατ’</span> <span class='ocrx_word' id='word_1_161' title='bbox 891 2339 1058 2392; x_wconf 78' lang='grc' dir='ltr'>αὑτοῦ</span> <span class='ocrx_word' id='word_1_162' title='bbox 1110 2338 1384 2408; x_wconf 75' lang='grc' dir='ltr'>βασιλεύς.</span> <span class='ocrx_word' id='word_1_163' title='bbox 1428 2337 1515 2399; x_wconf 84' lang='grc' dir='ltr'>Ὠς</span> <span class='ocrx_word' id='word_1_164' title='bbox 1561 2338 1606 2389; x_wconf 84' lang='grc' dir='ltr'>δ’</span> <span class='ocrx_word' id='word_1_165' title='bbox 1659 2340 1686 2391; x_wconf 85' lang='grc' dir='ltr'>ὀ</span> <span class='ocrx_word' id='word_1_166' title='bbox 1746 2336 1843 2406; x_wconf 79' lang='grc' dir='ltr'>μὲν</span> 
     </span>
    </p>
   </div>
   <div class='ocr_carea' id='block_1_26' title="bbox 262 2428 1843 2500">
    <p class='ocr_par' dir='ltr' id='par_1_26' title="bbox 262 2428 1843 2500">
     <span class='ocr_line' id='line_1_26' title="bbox 262 2428 1843 2500; baseline 0.001 -22"><span class='ocrx_word' id='word_1_167' title='bbox 262 2428 476 2494; x_wconf 80' lang='grc' dir='ltr'>ἀπιὼν,</span> <span class='ocrx_word' id='word_1_168' title='bbox 510 2430 560 2481; x_wconf 90' lang='grc' dir='ltr'><strong>οί</strong></span> <span class='ocrx_word' id='word_1_169' title='bbox 595 2431 641 2482; x_wconf 86' lang='grc' dir='ltr'>δ’</span> <span class='ocrx_word' id='word_1_170' title='bbox 668 2432 733 2482; x_wconf 74' lang='grc' dir='ltr'>ἐκ</span> <span class='ocrx_word' id='word_1_171' title='bbox 761 2430 858 2482; x_wconf 84' lang='grc' dir='ltr'><strong>τοῦ</strong></span> <span class='ocrx_word' id='word_1_172' title='bbox 883 2431 1145 2500; x_wconf 74' lang='grc' dir='ltr'>πολεμίου</span> <span class='ocrx_word' id='word_1_173' title='bbox 1178 2431 1396 2497; x_wconf 77' lang='grc' dir='ltr'>στίφους</span> <span class='ocrx_word' id='word_1_174' title='bbox 1416 2430 1843 2496; x_wconf 73' lang='grc' dir='ltr'>ἀναζευγνύντες</span> 
     </span>
    </p>
   </div>
   <div class='ocr_carea' id='block_1_27' title="bbox 265 2514 1843 2589">
    <p class='ocr_par' dir='ltr' id='par_1_27' title="bbox 265 2514 1843 2589">
     <span class='ocr_line' id='line_1_27' title="bbox 265 2514 1843 2589; baseline 0.001 -21"><span class='ocrx_word' id='word_1_175' title='bbox 265 2517 523 2587; x_wconf 79' lang='grc' dir='ltr'>ἀλλήλοις</span> <span class='ocrx_word' id='word_1_176' title='bbox 559 2520 881 2589; x_wconf 76' lang='grc' dir='ltr'>συνέμιξαν,</span> <span class='ocrx_word' id='word_1_177' title='bbox 929 2514 1193 2589; x_wconf 72' lang='grc' dir='ltr'>Ῥωμαῖοι</span> <span class='ocrx_word' id='word_1_178' title='bbox 1230 2522 1329 2589; x_wconf 84' lang='grc' dir='ltr'>μὲν</span> <span class='ocrx_word' id='word_1_179' title='bbox 1371 2520 1479 2571; x_wconf 77' lang='grc' dir='ltr'>δέει</span> <span class='ocrx_word' id='word_1_180' title='bbox 1533 2519 1843 2589; x_wconf 75' lang='grc' dir='ltr'>ξυνέχονται</span> 
     </span>
    </p>
   </div>
   <div class='ocr_carea' id='block_1_28' title="bbox 264 2609 1840 2682">
    <p class='ocr_par' dir='ltr' id='par_1_28' title="bbox 264 2609 1840 2682">
     <span class='ocr_line' id='line_1_28' title="bbox 264 2609 1840 2682; baseline 0 -23"><span class='ocrx_word' id='word_1_181' title='bbox 264 2609 362 2662; x_wconf 79' lang='grc' dir='ltr'>καὶ</span> <span class='ocrx_word' id='word_1_182' title='bbox 393 2610 647 2663; x_wconf 82' lang='grc' dir='ltr'>συντόνου</span> <span class='ocrx_word' id='word_1_183' title='bbox 694 2613 872 2681; x_wconf 81' lang='grc' dir='ltr'>φυγῆς</span> <span class='ocrx_word' id='word_1_184' title='bbox 903 2612 1141 2682; x_wconf 71' lang='grc' dir='ltr'>ἔχονται,</span> <span class='ocrx_word' id='word_1_185' title='bbox 1168 2610 1539 2679; x_wconf 69' lang='grc' dir='ltr'>περςὶειφθεὶς</span> <span class='ocrx_word' id='word_1_186' title='bbox 1583 2609 1639 2660; x_wconf 80' lang='grc' dir='ltr'>δὲ</span> <span class='ocrx_word' id='word_1_187' title='bbox 1677 2609 1840 2678; x_wconf 83' lang='grc' dir='ltr'>μόνος</span> 
     </span>
    </p>
   </div>
   <div class='ocr_carea' id='block_1_29' title="bbox 1943 593 3518 672">
    <p class='ocr_par' dir='ltr' id='par_1_29' title="bbox 1943 593 3518 672">
     <span class='ocr_line' id='line_1_29' title="bbox 1943 593 3518 672; baseline -0.005 -17"><span class='ocrx_word' id='word_1_188' title='bbox 1943 602 2175 672; x_wconf 82' lang='lat' dir='ltr'><strong>sparsim</strong></span> <span class='ocrx_word' id='word_1_189' title='bbox 2206 602 2431 655; x_wconf 80' lang='lat' dir='ltr'><strong>exibant</strong></span> <span class='ocrx_word' id='word_1_190' title='bbox 2466 598 2839 671; x_wconf 81' lang='lat' dir='ltr'><strong>persequitur.</strong></span> <span class='ocrx_word' id='word_1_191' title='bbox 2893 598 3023 664; x_wconf 75' lang='lat' dir='ltr'><strong>Qua:</strong></span> <span class='ocrx_word' id='word_1_192' title='bbox 3054 610 3179 651; x_wconf 91' lang='lat' dir='ltr'><strong>cum</strong></span> <span class='ocrx_word' id='word_1_193' title='bbox 3223 593 3371 648; x_wconf 88' lang='lat' dir='ltr'><strong>ultro</strong></span> <span class='ocrx_word' id='word_1_194' title='bbox 3424 608 3518 648; x_wconf 88' lang='lat' dir='ltr'><strong>ne-</strong></span> 
     </span>
    </p>
   </div>
   <div class='ocr_carea' id='block_1_30' title="bbox 1944 684 3516 761">
    <p class='ocr_par' dir='ltr' id='par_1_30' title="bbox 1944 684 3516 761">
     <span class='ocr_line' id='line_1_30' title="bbox 1944 684 3516 761; baseline -0.004 -16"><span class='ocrx_word' id='word_1_195' title='bbox 1944 693 2089 745; x_wconf 85' lang='lat' dir='ltr'><strong>mine</strong></span> <span class='ocrx_word' id='word_1_196' title='bbox 2121 692 2395 761; x_wconf 79' lang='lat' dir='ltr'><strong>llagitaute</strong></span> <span class='ocrx_word' id='word_1_197' title='bbox 2426 694 2653 753; x_wconf 82' lang='lat' dir='ltr'><strong>faceret,</strong></span> <span class='ocrx_word' id='word_1_198' title='bbox 2688 700 2747 745; x_wconf 93' lang='lat' dir='ltr'><strong>ut</strong></span> <span class='ocrx_word' id='word_1_199' title='bbox 2772 688 2971 743; x_wconf 88' lang='lat' dir='ltr'><strong>cbarus</strong></span> <span class='ocrx_word' id='word_1_200' title='bbox 2998 696 3118 743; x_wconf 90' lang='lat' dir='ltr'><strong>erat</strong></span> <span class='ocrx_word' id='word_1_201' title='bbox 3155 684 3401 748; x_wconf 82' lang='lat' dir='ltr'><strong>civibus,</strong></span> <span class='ocrx_word' id='word_1_202' title='bbox 3443 685 3516 739; x_wconf 84' lang='lat' dir='ltr'><strong>ita</strong></span> 
     </span>
    </p>
   </div>
   <div class='ocr_carea' id='block_1_31' title="bbox 1944 776 3517 858">
    <p class='ocr_par' dir='ltr' id='par_1_31' title="bbox 1944 776 3517 858">
     <span class='ocr_line' id='line_1_31' title="bbox 1944 776 3517 858; baseline -0.003 -23"><span class='ocrx_word' id='word_1_203' title='bbox 1944 784 2189 858; x_wconf 72' lang='lat' dir='ltr'><strong>cognatis</strong></span> <span class='ocrx_word' id='word_1_204' title='bbox 2223 782 2337 837; x_wconf 86' lang='lat' dir='ltr'><strong>suis</strong></span> <span class='ocrx_word' id='word_1_205' title='bbox 2377 782 2490 836; x_wconf 80' lang='lat' dir='ltr'><strong>fere</strong></span> <span class='ocrx_word' id='word_1_206' title='bbox 2520 789 2810 851; x_wconf 83' lang='lat' dir='ltr'><strong>suspectus</strong></span> <span class='ocrx_word' id='word_1_207' title='bbox 2853 789 2908 834; x_wconf 91' lang='lat' dir='ltr'><strong>et</strong></span> <span class='ocrx_word' id='word_1_208' title='bbox 2938 780 3169 834; x_wconf 87' lang='lat' dir='ltr'><strong>invisus.</strong></span> <span class='ocrx_word' id='word_1_209' title='bbox 3212 777 3317 845; x_wconf 87' lang='lat' dir='ltr'><strong>Qui</strong></span> <span class='ocrx_word' id='word_1_210' title='bbox 3358 785 3419 834; x_wconf 87' lang='lat' dir='ltr'><strong>ut</strong></span> <span class='ocrx_word' id='word_1_211' title='bbox 3460 776 3517 831; x_wconf 89' lang='lat' dir='ltr'><strong>in</strong></span> 
     </span>
    </p>
   </div>
   <div class='ocr_carea' id='block_1_32' title="bbox 1945 872 3519 937">
    <p class='ocr_par' dir='ltr' id='par_1_32' title="bbox 1945 872 3519 937">
     <span class='ocr_line' id='line_1_32' title="bbox 1945 872 3519 937; baseline -0.003 -9"><span class='ocrx_word' id='word_1_212' title='bbox 1945 878 2058 929; x_wconf 78' lang='lat' dir='ltr'><strong>otio</strong></span> <span class='ocrx_word' id='word_1_213' title='bbox 2089 876 2282 930; x_wconf 90' lang='lat' dir='ltr'><strong>nutriti</strong></span> <span class='ocrx_word' id='word_1_214' title='bbox 2316 882 2373 929; x_wconf 92' lang='lat' dir='ltr'><strong>ct</strong></span> <span class='ocrx_word' id='word_1_215' title='bbox 2407 875 2461 928; x_wconf 93' lang='lat' dir='ltr'><strong>in</strong></span> <span class='ocrx_word' id='word_1_216' title='bbox 2504 874 2718 929; x_wconf 84' lang='lat' dir='ltr'><strong>deliciis</strong></span> <span class='ocrx_word' id='word_1_217' title='bbox 2756 872 2966 937; x_wconf 84' lang='lat' dir='ltr'><strong>adulti,</strong></span> <span class='ocrx_word' id='word_1_218' title='bbox 2996 885 3241 935; x_wconf 75' lang='lat' dir='ltr'><strong>severam</strong></span> <span class='ocrx_word' id='word_1_219' title='bbox 3295 880 3353 926; x_wconf 89' lang='lat' dir='ltr'><strong>et</strong></span> <span class='ocrx_word' id='word_1_220' title='bbox 3403 884 3519 924; x_wconf 87' lang='lat' dir='ltr'><strong>mo-</strong></span> 
     </span>
    </p>
   </div>
   <div class='ocr_carea' id='block_1_33' title="bbox 1946 964 3517 1031">
    <p class='ocr_par' dir='ltr' id='par_1_33' title="bbox 1946 964 3517 1031">
     <span class='ocr_line' id='line_1_33' title="bbox 1946 964 3517 1031; baseline -0.004 -10"><span class='ocrx_word' id='word_1_221' title='bbox 1946 967 2153 1021; x_wconf 85' lang='lat' dir='ltr'><strong>destam</strong></span> <span class='ocrx_word' id='word_1_222' title='bbox 2191 967 2312 1021; x_wconf 70' lang='lat' dir='ltr'><strong>vitze</strong></span> <span class='ocrx_word' id='word_1_223' title='bbox 2346 966 2614 1019; x_wconf 88' lang='lat' dir='ltr'><strong>rationem</strong></span> <span class='ocrx_word' id='word_1_224' title='bbox 2643 976 2702 1019; x_wconf 87' lang='lat' dir='ltr'><strong>ut</strong></span> <span class='ocrx_word' id='word_1_225' title='bbox 2735 964 2984 1019; x_wconf 86' lang='lat' dir='ltr'><strong>morbida</strong></span> <span class='ocrx_word' id='word_1_226' title='bbox 3027 977 3258 1029; x_wconf 86' lang='lat' dir='ltr'><strong>corpora</strong></span> <span class='ocrx_word' id='word_1_227' title='bbox 3308 970 3517 1031; x_wconf 84' lang='lat' dir='ltr'><strong>tempe-</strong></span> 
     </span>
    </p>
   </div>
   <div class='ocr_carea' id='block_1_34' title="bbox 1948 1053 3517 1122">
    <p class='ocr_par' dir='ltr' id='par_1_34' title="bbox 1948 1053 3517 1122">
     <span class='ocr_line' id='line_1_34' title="bbox 1948 1053 3517 1122; baseline -0.003 -11"><span class='ocrx_word' id='word_1_228' title='bbox 1948 1059 2181 1112; x_wconf 81' lang='lat' dir='ltr'><strong>rantiam</strong></span> <span class='ocrx_word' id='word_1_229' title='bbox 2247 1068 2566 1111; x_wconf 79' lang='lat' dir='ltr'><strong>aversantes</strong></span> <span class='ocrx_word' id='word_1_230' title='bbox 2623 1056 2691 1110; x_wconf 91' lang='lat' dir='ltr'><strong>ab</strong></span> <span class='ocrx_word' id='word_1_231' title='bbox 2732 1070 2799 1109; x_wconf 92' lang='lat' dir='ltr'><strong>eo</strong></span> <span class='ocrx_word' id='word_1_232' title='bbox 2851 1055 3259 1119; x_wconf 81' lang='lat' dir='ltr'><strong>abhorrebant,</strong></span> <span class='ocrx_word' id='word_1_233' title='bbox 3294 1062 3349 1107; x_wconf 92' lang='lat' dir='ltr'><strong>ct</strong></span> <span class='ocrx_word' id='word_1_234' title='bbox 3398 1053 3517 1122; x_wconf 89' lang='lat' dir='ltr'><strong>ejus</strong></span> 
     </span>
    </p>
   </div>
   <div class='ocr_carea' id='block_1_35' title="bbox 1948 1145 3518 1217">
    <p class='ocr_par' dir='ltr' id='par_1_35' title="bbox 1948 1145 3518 1217">
     <span class='ocr_line' id='line_1_35' title="bbox 1948 1145 3518 1217; baseline -0.004 -14"><span class='ocrx_word' id='word_1_235' title='bbox 1948 1148 2365 1217; x_wconf 67' lang='lat' dir='ltr'><strong>castigationem</strong></span> <span class='ocrx_word' id='word_1_236' title='bbox 2395 1158 2451 1202; x_wconf 90' lang='lat' dir='ltr'><strong>et</strong></span> <span class='ocrx_word' id='word_1_237' title='bbox 2486 1147 2916 1217; x_wconf 86' lang='lat' dir='ltr'><strong>increpationem</strong></span> <span class='ocrx_word' id='word_1_238' title='bbox 2952 1148 3103 1215; x_wconf 89' lang='lat' dir='ltr'><strong>(erat</strong></span> <span class='ocrx_word' id='word_1_239' title='bbox 3137 1145 3284 1199; x_wconf 88' lang='lat' dir='ltr'><strong>enim</strong></span> <span class='ocrx_word' id='word_1_240' title='bbox 3324 1151 3518 1197; x_wconf 86' lang='lat' dir='ltr'><strong>natura</strong></span> 
     </span>
    </p>
   </div>
   <div class='ocr_carea' id='block_1_36' title="bbox 1945 1231 3522 1305">
    <p class='ocr_par' dir='ltr' id='par_1_36' title="bbox 1945 1231 3522 1305">
     <span class='ocr_line' id='line_1_36' title="bbox 1945 1231 3522 1305; baseline -0.003 -15"><span class='ocrx_word' id='word_1_241' title='bbox 1945 1252 2080 1290; x_wconf 80' lang='lat' dir='ltr'><strong>voce</strong></span> <span class='ocrx_word' id='word_1_242' title='bbox 2111 1236 2284 1305; x_wconf 79' lang='lat' dir='ltr'><strong>gravi,</strong></span> <span class='ocrx_word' id='word_1_243' title='bbox 2311 1250 2499 1304; x_wconf 88' lang='lat' dir='ltr'><strong>aspera</strong></span> <span class='ocrx_word' id='word_1_244' title='bbox 2527 1244 2582 1290; x_wconf 88' lang='lat' dir='ltr'><strong>et</strong></span> <span class='ocrx_word' id='word_1_245' title='bbox 2617 1235 2803 1303; x_wconf 84' lang='lat' dir='ltr'><strong>rauca)</strong></span> <span class='ocrx_word' id='word_1_246' title='bbox 2832 1234 3148 1304; x_wconf 78' lang='lat' dir='ltr'><strong>gravissime</strong></span> <span class='ocrx_word' id='word_1_247' title='bbox 3184 1242 3240 1288; x_wconf 92' lang='lat' dir='ltr'><strong>et</strong></span> <span class='ocrx_word' id='word_1_248' title='bbox 3286 1231 3522 1301; x_wconf 86' lang='lat' dir='ltr'><strong>iniquis-</strong></span> 
     </span>
    </p>
   </div>
   <div class='ocr_carea' id='block_1_37' title="bbox 1949 1321 3519 1397">
    <p class='ocr_par' dir='ltr' id='par_1_37' title="bbox 1949 1321 3519 1397">
     <span class='ocr_line' id='line_1_37' title="bbox 1949 1321 3519 1397; baseline -0.004 -14"><span class='ocrx_word' id='word_1_249' title='bbox 1949 1328 2103 1383; x_wconf 88' lang='lat' dir='ltr'><strong>simis</strong></span> <span class='ocrx_word' id='word_1_250' title='bbox 2140 1328 2342 1381; x_wconf 89' lang='lat' dir='ltr'><strong>auimis</strong></span> <span class='ocrx_word' id='word_1_251' title='bbox 2383 1328 2774 1397; x_wconf 84' lang='lat' dir='ltr'><strong>patiebantur.</strong></span> <span class='ocrx_word' id='word_1_252' title='bbox 2815 1333 2870 1380; x_wconf 87' lang='lat' dir='ltr'><strong>et</strong></span> <span class='ocrx_word' id='word_1_253' title='bbox 2903 1327 3022 1396; x_wconf 85' lang='lat' dir='ltr'><strong>ejus</strong></span> <span class='ocrx_word' id='word_1_254' title='bbox 3061 1325 3289 1379; x_wconf 85' lang='lat' dir='ltr'><strong>exitium</strong></span> <span class='ocrx_word' id='word_1_255' title='bbox 3340 1335 3399 1378; x_wconf 92' lang='lat' dir='ltr'><strong>ut</strong></span> <span class='ocrx_word' id='word_1_256' title='bbox 3433 1321 3519 1376; x_wconf 87' lang='lat' dir='ltr'><strong>di-</strong></span> 
     </span>
    </p>
   </div>
   <div class='ocr_carea' id='block_1_38' title="bbox 1946 1413 3521 1485">
    <p class='ocr_par' dir='ltr' id='par_1_38' title="bbox 1946 1413 3521 1485">
     <span class='ocr_line' id='line_1_38' title="bbox 1946 1413 3521 1485; baseline -0.004 -14"><span class='ocrx_word' id='word_1_257' title='bbox 1946 1418 2136 1471; x_wconf 81' lang='lat' dir='ltr'><strong>vinum</strong></span> <span class='ocrx_word' id='word_1_258' title='bbox 2171 1415 2500 1470; x_wconf 77' lang='lat' dir='ltr'><strong>beneﬁcium</strong></span> <span class='ocrx_word' id='word_1_259' title='bbox 2551 1416 2905 1485; x_wconf 74' lang='lat' dir='ltr'><strong>exoptabant.</strong></span> <span class='ocrx_word' id='word_1_260' title='bbox 2938 1413 3075 1469; x_wconf 91' lang='lat' dir='ltr'><strong>Cum</strong></span> <span class='ocrx_word' id='word_1_261' title='bbox 3120 1423 3303 1467; x_wconf 88' lang='lat' dir='ltr'><strong>autem</strong></span> <span class='ocrx_word' id='word_1_262' title='bbox 3344 1413 3521 1481; x_wconf 85' lang='lat' dir='ltr'><strong>impe-</strong></span> 
     </span>
    </p>
   </div>
   <div class='ocr_carea' id='block_1_39' title="bbox 1950 1501 3520 1569">
    <p class='ocr_par' dir='ltr' id='par_1_39' title="bbox 1950 1501 3520 1569">
     <span class='ocr_line' id='line_1_39' title="bbox 1950 1501 3520 1569; baseline -0.004 -10"><span class='ocrx_word' id='word_1_263' title='bbox 1950 1516 2102 1559; x_wconf 88' lang='lat' dir='ltr'><strong>rator</strong></span> <span class='ocrx_word' id='word_1_264' title='bbox 2148 1519 2341 1560; x_wconf 87' lang='lat' dir='ltr'><strong>contra</strong></span> <span class='ocrx_word' id='word_1_265' title='bbox 2398 1505 2723 1560; x_wconf 90' lang='lat' dir='ltr'><strong>Balduinum</strong></span> <span class='ocrx_word' id='word_1_266' title='bbox 2780 1504 3049 1558; x_wconf 69' lang='lat' dir='ltr'><strong>Flandrite</strong></span> <span class='ocrx_word' id='word_1_267' title='bbox 3092 1503 3372 1563; x_wconf 85' lang='lat' dir='ltr'><strong>comitem,</strong></span> <span class='ocrx_word' id='word_1_268' title='bbox 3426 1501 3520 1569; x_wconf 90' lang='lat' dir='ltr'><strong>qui</strong></span> 
     </span>
    </p>
   </div>
   <div class='ocr_carea' id='block_1_40' title="bbox 1949 1592 3527 1666">
    <p class='ocr_par' dir='ltr' id='par_1_40' title="bbox 1949 1592 3527 1666">
     <span class='ocr_line' id='line_1_40' title="bbox 1949 1592 3527 1666; baseline -0.004 -13"><span class='ocrx_word' id='word_1_269' title='bbox 1949 1599 2152 1653; x_wconf 70' lang='lat' dir='ltr'><strong>Philete</strong></span> <span class='ocrx_word' id='word_1_270' title='bbox 2192 1599 2310 1651; x_wconf 85' lang='lat' dir='ltr'><strong>loca</strong></span> <span class='ocrx_word' id='word_1_271' title='bbox 2346 1598 2577 1651; x_wconf 82' lang='lat' dir='ltr'><strong>ﬁnitima</strong></span> <span class='ocrx_word' id='word_1_272' title='bbox 2614 1596 2981 1666; x_wconf 71' lang='lat' dir='ltr'><strong>populabatur</strong></span> <span class='ocrx_word' id='word_1_273' title='bbox 3015 1606 3069 1648; x_wconf 88' lang='lat' dir='ltr'><strong>et</strong></span> <span class='ocrx_word' id='word_1_274' title='bbox 3100 1594 3304 1648; x_wconf 88' lang='lat' dir='ltr'><strong>tributa</strong></span> <span class='ocrx_word' id='word_1_275' title='bbox 3340 1592 3527 1661; x_wconf 77' lang='lat' dir='ltr'><strong>exige-</strong></span> 
     </span>
    </p>
   </div>
   <div class='ocr_carea' id='block_1_41' title="bbox 1950 1684 3520 1756">
    <p class='ocr_par' dir='ltr' id='par_1_41' title="bbox 1950 1684 3520 1756">
     <span class='ocr_line' id='line_1_41' title="bbox 1950 1684 3520 1756; baseline -0.004 -13"><span class='ocrx_word' id='word_1_276' title='bbox 1950 1690 2081 1750; x_wconf 88' lang='lat' dir='ltr'><strong>bat,</strong></span> <span class='ocrx_word' id='word_1_277' title='bbox 2140 1690 2352 1752; x_wconf 77' lang='lat' dir='ltr'><strong>exiret,</strong></span> <span class='ocrx_word' id='word_1_278' title='bbox 2406 1696 2569 1756; x_wconf 89' lang='lat' dir='ltr'><strong>atque</strong></span> <span class='ocrx_word' id='word_1_279' title='bbox 2615 1692 2667 1741; x_wconf 85' lang='lat' dir='ltr'><strong>in</strong></span> <span class='ocrx_word' id='word_1_280' title='bbox 2712 1702 2779 1742; x_wconf 92' lang='lat' dir='ltr'><strong>eo</strong></span> <span class='ocrx_word' id='word_1_281' title='bbox 2837 1687 3034 1740; x_wconf 89' lang='lat' dir='ltr'><strong>itinere</strong></span> <span class='ocrx_word' id='word_1_282' title='bbox 3085 1693 3315 1752; x_wconf 88' lang='lat' dir='ltr'><strong>uterque</strong></span> <span class='ocrx_word' id='word_1_283' title='bbox 3366 1684 3520 1737; x_wconf 85' lang='lat' dir='ltr'><strong>alteri</strong></span> 
     </span>
    </p>
   </div>
   <div class='ocr_carea' id='block_1_42' title="bbox 1951 1776 3525 1848">
    <p class='ocr_par' dir='ltr' id='par_1_42' title="bbox 1951 1776 3525 1848">
     <span class='ocr_line' id='line_1_42' title="bbox 1951 1776 3525 1848; baseline -0.004 -13"><span class='ocrx_word' id='word_1_284' title='bbox 1951 1781 2359 1840; x_wconf 84' lang='lat' dir='ltr'><strong>occurrissent,</strong></span> <span class='ocrx_word' id='word_1_285' title='bbox 2400 1779 2662 1833; x_wconf 82' lang='lat' dir='ltr'><strong>Romanis</strong></span> <span class='ocrx_word' id='word_1_286' title='bbox 2717 1777 3035 1848; x_wconf 82' lang='lat' dir='ltr'><strong>perterritis</strong></span> <span class='ocrx_word' id='word_1_287' title='bbox 3070 1786 3127 1831; x_wconf 85' lang='lat' dir='ltr'><strong>et</strong></span> <span class='ocrx_word' id='word_1_288' title='bbox 3175 1776 3388 1845; x_wconf 74' lang='lat' dir='ltr'><strong>trepide</strong></span> <span class='ocrx_word' id='word_1_289' title='bbox 3439 1776 3525 1829; x_wconf 79' lang='lat' dir='ltr'><strong>fu-</strong></span> 
     </span>
    </p>
   </div>
   <div class='ocr_carea' id='block_1_43' title="bbox 1873 1864 3525 1940">
    <p class='ocr_par' dir='ltr' id='par_1_43' title="bbox 1873 1864 3525 1940">
     <span class='ocr_line' id='line_1_43' title="bbox 1873 1864 3525 1940; baseline -0.001 -17"><span class='ocrx_word' id='word_1_290' title='bbox 1873 1864 1915 1923; x_wconf 86' lang='lat' dir='ltr'><strong>B</strong></span> <span class='ocrx_word' id='word_1_291' title='bbox 1943 1871 2221 1939; x_wconf 77' lang='lat' dir='ltr'><strong>gientibus</strong></span> <span class='ocrx_word' id='word_1_292' title='bbox 2249 1869 2405 1940; x_wconf 78' lang='lat'><strong>751</strong></span> <span class='ocrx_word' id='word_1_293' title='bbox 2446 1869 2597 1924; x_wconf 83' lang='lat' dir='ltr'><strong>solus</strong></span> <span class='ocrx_word' id='word_1_294' title='bbox 2622 1870 2916 1924; x_wconf 74' lang='lat' dir='ltr'><strong>derelictus</strong></span> <span class='ocrx_word' id='word_1_295' title='bbox 2951 1883 3093 1939; x_wconf 88' lang='lat' dir='ltr'><strong>pene</strong></span> <span class='ocrx_word' id='word_1_296' title='bbox 3132 1868 3415 1938; x_wconf 81' lang='lat' dir='ltr'><strong>periisset;</strong></span> <span class='ocrx_word' id='word_1_297' title='bbox 3468 1878 3525 1923; x_wconf 86' lang='lat' dir='ltr'><strong>et</strong></span> 
     </span>
    </p>
   </div>
   <div class='ocr_carea' id='block_1_44' title="bbox 1947 1960 3521 2033">
    <p class='ocr_par' dir='ltr' id='par_1_44' title="bbox 1947 1960 3521 2033">
     <span class='ocr_line' id='line_1_44' title="bbox 1947 1960 3521 2033; baseline -0.004 -15"><span class='ocrx_word' id='word_1_298' title='bbox 1947 1963 2243 2018; x_wconf 88' lang='lat' dir='ltr'><strong>Genitricis</strong></span> <span class='ocrx_word' id='word_1_299' title='bbox 2282 1963 2376 2016; x_wconf 89' lang='lat' dir='ltr'><strong>Dei</strong></span> <span class='ocrx_word' id='word_1_300' title='bbox 2413 1964 2590 2033; x_wconf 76' lang='lat' dir='ltr'><strong>imago</strong></span> <span class='ocrx_word' id='word_1_301' title='bbox 2627 1977 2788 2032; x_wconf 89' lang='lat' dir='ltr'><strong>quam</strong></span> <span class='ocrx_word' id='word_1_302' title='bbox 2822 1960 3192 2014; x_wconf 75' lang='lat' dir='ltr'><strong>Romanorum</strong></span> <span class='ocrx_word' id='word_1_303' title='bbox 3224 1961 3521 2028; x_wconf 83' lang='lat' dir='ltr'><strong>imperato-</strong></span> 
     </span>
    </p>
   </div>
   <div class='ocr_carea' id='block_1_45' title="bbox 1948 2050 3522 2118">
    <p class='ocr_par' dir='ltr' id='par_1_45' title="bbox 1948 2050 3522 2118">
     <span class='ocr_line' id='line_1_45' title="bbox 1948 2050 3522 2118; baseline -0.003 -11"><span class='ocrx_word' id='word_1_304' title='bbox 1948 2070 2038 2107; x_wconf 87' lang='lat' dir='ltr'><strong>res</strong></span> <span class='ocrx_word' id='word_1_305' title='bbox 2069 2054 2194 2107; x_wconf 85' lang='lat' dir='ltr'><strong>belli</strong></span> <span class='ocrx_word' id='word_1_306' title='bbox 2243 2054 2444 2107; x_wconf 87' lang='lat' dir='ltr'><strong>sociam</strong></span> <span class='ocrx_word' id='word_1_307' title='bbox 2492 2054 2797 2113; x_wconf 85' lang='lat' dir='ltr'><strong>asciscunt,</strong></span> <span class='ocrx_word' id='word_1_308' title='bbox 2831 2051 2899 2104; x_wconf 90' lang='lat' dir='ltr'><strong>ab</strong></span> <span class='ocrx_word' id='word_1_309' title='bbox 2930 2050 3181 2104; x_wconf 82' lang='lat' dir='ltr'><strong>hostibus</strong></span> <span class='ocrx_word' id='word_1_310' title='bbox 3211 2056 3367 2118; x_wconf 82' lang='lat' dir='ltr'><strong>capta</strong></span> <span class='ocrx_word' id='word_1_311' title='bbox 3415 2058 3522 2104; x_wconf 89' lang='lat' dir='ltr'><strong>est.</strong></span> 
     </span>
    </p>
   </div>
   <div class='ocr_carea' id='block_1_46' title="bbox 1947 2140 3526 2213">
    <p class='ocr_par' dir='ltr' id='par_1_46' title="bbox 1947 2140 3526 2213">
     <span class='ocr_line' id='line_1_46' title="bbox 1947 2140 3526 2213; baseline -0.004 -14"><span class='ocrx_word' id='word_1_312' title='bbox 1947 2144 2138 2212; x_wconf 85' lang='lat' dir='ltr'><strong>Neque</strong></span> <span class='ocrx_word' id='word_1_313' title='bbox 2170 2145 2285 2199; x_wconf 72' lang='lat' dir='ltr'><strong>lure</strong></span> <span class='ocrx_word' id='word_1_314' title='bbox 2309 2152 2517 2198; x_wconf 85' lang='lat' dir='ltr'><strong>tantum</strong></span> <span class='ocrx_word' id='word_1_315' title='bbox 2553 2144 2736 2213; x_wconf 78' lang='lat' dir='ltr'><strong>gravia</strong></span> <span class='ocrx_word' id='word_1_316' title='bbox 2764 2150 2939 2200; x_wconf 86' lang='lat' dir='ltr'><strong>erant.</strong></span> <span class='ocrx_word' id='word_1_317' title='bbox 2982 2140 3075 2195; x_wconf 81' lang='lat' dir='ltr'><strong>sed</strong></span> <span class='ocrx_word' id='word_1_318' title='bbox 3108 2150 3164 2196; x_wconf 91' lang='lat' dir='ltr'><strong>et</strong></span> <span class='ocrx_word' id='word_1_319' title='bbox 3201 2141 3361 2211; x_wconf 80' lang='lat' dir='ltr'><strong>longe</strong></span> <span class='ocrx_word' id='word_1_320' title='bbox 3402 2154 3526 2211; x_wconf 77' lang='lat' dir='ltr'><strong>gra-</strong></span> 
     </span>
    </p>
   </div>
   <div class='ocr_carea' id='block_1_47' title="bbox 1949 2230 3528 2303">
    <p class='ocr_par' dir='ltr' id='par_1_47' title="bbox 1949 2230 3528 2303">
     <span class='ocr_line' id='line_1_47' title="bbox 1949 2230 3528 2303; baseline -0.001 -16"><span class='ocrx_word' id='word_1_321' title='bbox 1949 2234 2102 2288; x_wconf 81' lang='lat' dir='ltr'><strong>viora</strong></span> <span class='ocrx_word' id='word_1_322' title='bbox 2160 2234 2515 2291; x_wconf 84' lang='lat' dir='ltr'><strong>timcbantur.</strong></span> <span class='ocrx_word' id='word_1_323' title='bbox 2585 2233 2717 2287; x_wconf 85' lang='lat' dir='ltr'><strong>Nam</strong></span> <span class='ocrx_word' id='word_1_324' title='bbox 2795 2234 2848 2286; x_wconf 92' lang='lat' dir='ltr'><strong>iu</strong></span> <span class='ocrx_word' id='word_1_325' title='bbox 2921 2230 3221 2303; x_wconf 82' lang='lat' dir='ltr'><strong>majoribus</strong></span> <span class='ocrx_word' id='word_1_326' title='bbox 3293 2230 3528 2285; x_wconf 84' lang='lat' dir='ltr'><strong>navibus</strong></span> 
     </span>
    </p>
   </div>
   <div class='ocr_carea' id='block_1_48' title="bbox 1951 2324 3529 2380">
    <p class='ocr_par' dir='ltr' id='par_1_48' title="bbox 1951 2324 3529 2380">
     <span class='ocr_line' id='line_1_48' title="bbox 1951 2324 3529 2380; baseline -0.003 0"><span class='ocrx_word' id='word_1_327' title='bbox 1951 2326 2239 2380; x_wconf 71' lang='lat' dir='ltr'><strong>horrendae</strong></span> <span class='ocrx_word' id='word_1_328' title='bbox 2301 2340 2496 2379; x_wconf 85' lang='lat' dir='ltr'><strong>rursus</strong></span> <span class='ocrx_word' id='word_1_329' title='bbox 2546 2326 2705 2379; x_wconf 74' lang='lat' dir='ltr'><strong>scala:</strong></span> <span class='ocrx_word' id='word_1_330' title='bbox 2769 2324 3178 2378; x_wconf 81' lang='lat' dir='ltr'><strong>fabricabantur</strong></span> <span class='ocrx_word' id='word_1_331' title='bbox 3231 2332 3286 2378; x_wconf 90' lang='lat' dir='ltr'><strong>et</strong></span> <span class='ocrx_word' id='word_1_332' title='bbox 3345 2325 3529 2376; x_wconf 86' lang='lat' dir='ltr'><strong>omnis</strong></span> 
     </span>
    </p>
   </div>
   <div class='ocr_carea' id='block_1_49' title="bbox 1949 2418 3523 2489">
    <p class='ocr_par' dir='ltr' id='par_1_49' title="bbox 1949 2418 3523 2489">
     <span class='ocr_line' id='line_1_49' title="bbox 1949 2418 3523 2489; baseline -0.004 -16"><span class='ocrx_word' id='word_1_333' title='bbox 1949 2420 2165 2489; x_wconf 75' lang='lat' dir='ltr'><strong>generis</strong></span> <span class='ocrx_word' id='word_1_334' title='bbox 2196 2419 2466 2473; x_wconf 76' lang='lat' dir='ltr'><strong>macltinze</strong></span> <span class='ocrx_word' id='word_1_335' title='bbox 2495 2418 2860 2489; x_wconf 79' lang='lat' dir='ltr'><strong>parabantur,</strong></span> <span class='ocrx_word' id='word_1_336' title='bbox 2894 2418 3106 2471; x_wconf 80' lang='lat' dir='ltr'><strong>vexillis</strong></span> <span class='ocrx_word' id='word_1_337' title='bbox 3144 2431 3383 2486; x_wconf 87' lang='lat' dir='ltr'><strong>superne</strong></span> <span class='ocrx_word' id='word_1_338' title='bbox 3423 2429 3523 2468; x_wconf 86' lang='lat' dir='ltr'><strong>vo-</strong></span> 
     </span>
    </p>
   </div>
   <div class='ocr_carea' id='block_1_50' title="bbox 1950 2508 3523 2579">
    <p class='ocr_par' dir='ltr' id='par_1_50' title="bbox 1950 2508 3523 2579">
     <span class='ocr_line' id='line_1_50' title="bbox 1950 2508 3523 2579; baseline -0.003 -17"><span class='ocrx_word' id='word_1_339' title='bbox 1950 2509 2269 2572; x_wconf 84' lang='lat' dir='ltr'><strong>litantibus;</strong></span> <span class='ocrx_word' id='word_1_340' title='bbox 2300 2518 2357 2563; x_wconf 91' lang='lat' dir='ltr'><strong>et</strong></span> <span class='ocrx_word' id='word_1_341' title='bbox 2388 2510 2474 2573; x_wconf 89' lang='lat' dir='ltr'><strong>iis,</strong></span> <span class='ocrx_word' id='word_1_342' title='bbox 2517 2509 2611 2578; x_wconf 90' lang='lat' dir='ltr'><strong>qui</strong></span> <span class='ocrx_word' id='word_1_343' title='bbox 2652 2508 2929 2579; x_wconf 77' lang='lat' dir='ltr'><strong>pugnandi</strong></span> <span class='ocrx_word' id='word_1_344' title='bbox 2962 2522 3125 2562; x_wconf 89' lang='lat' dir='ltr'><strong>causa</strong></span> <span class='ocrx_word' id='word_1_345' title='bbox 3156 2522 3219 2562; x_wconf 89' lang='lat' dir='ltr'><strong>ea</strong></span> <span class='ocrx_word' id='word_1_346' title='bbox 3257 2520 3523 2559; x_wconf 86' lang='lat' dir='ltr'><strong>conscen-</strong></span> 
     </span>
    </p>
   </div>
   <div class='ocr_carea' id='block_1_51' title="bbox 1949 2598 3467 2672">
    <p class='ocr_par' dir='ltr' id='par_1_51' title="bbox 1949 2598 3467 2672">
     <span class='ocr_line' id='line_1_51' title="bbox 1949 2598 3467 2672; baseline -0.007 -11"><span class='ocrx_word' id='word_1_347' title='bbox 1949 2606 2165 2669; x_wconf 89' lang='lat' dir='ltr'><strong>derent,</strong></span> <span class='ocrx_word' id='word_1_348' title='bbox 2193 2622 2222 2658; x_wconf 89' lang='lat' dir='ltr'><strong>a</strong></span> <span class='ocrx_word' id='word_1_349' title='bbox 2248 2604 2458 2658; x_wconf 86' lang='lat' dir='ltr'><strong>Latinis</strong></span> <span class='ocrx_word' id='word_1_350' title='bbox 2489 2603 2721 2657; x_wconf 80' lang='lat' dir='ltr'><strong>maxima</strong></span> <span class='ocrx_word' id='word_1_351' title='bbox 2748 2602 2968 2672; x_wconf 73' lang='lat' dir='ltr'><strong>praemia</strong></span> <span class='ocrx_word' id='word_1_352' title='bbox 2999 2598 3467 2672; x_wconf 87' lang='lat' dir='ltr'><strong>proponebantur.</strong></span> 
     </span>
    </p>
   </div>
   <div class='ocr_carea' id='block_1_52' title="bbox 263 2694 3529 2774">
    <p class='ocr_par' dir='ltr' id='par_1_52' title="bbox 263 2694 3529 2774">
     <span class='ocr_line' id='line_1_52' title="bbox 263 2694 3529 2774; baseline -0.001 -21"><span class='ocrx_word' id='word_1_353' title='bbox 263 2706 293 2753; x_wconf 80' lang='grc' dir='ltr'>ο</span> <span class='ocrx_word' id='word_1_354' title='bbox 333 2701 587 2771; x_wconf 82' lang='grc' dir='ltr'>βασιλεὺς</span> <span class='ocrx_word' id='word_1_355' title='bbox 638 2705 799 2766; x_wconf 80' lang='grc' dir='ltr'>αὐτός</span> <span class='ocrx_word' id='word_1_356' title='bbox 871 2721 931 2757; x_wconf 80' lang='grc' dir='ltr'><strong>τε</strong></span> <span class='ocrx_word' id='word_1_357' title='bbox 1017 2703 1214 2774; x_wconf 76' lang='grc' dir='ltr'>μικροῦ</span> <span class='ocrx_word' id='word_1_358' title='bbox 1270 2703 1655 2774; x_wconf 75' lang='grc' dir='ltr'>παραπώλετο,</span> <span class='ocrx_word' id='word_1_359' title='bbox 1718 2701 1813 2753; x_wconf 81' lang='grc' dir='ltr'>καὶ</span> <span class='ocrx_word' id='word_1_360' title='bbox 1866 2700 2035 2769; x_wconf 72' lang='grc' dir='ltr'><strong>ήτῆς</strong></span> <span class='ocrx_word' id='word_1_361' title='bbox 2077 2700 2422 2769; x_wconf 76' lang='grc' dir='ltr'>Θεομήτορος</span> <span class='ocrx_word' id='word_1_362' title='bbox 2468 2698 2652 2760; x_wconf 78' lang='grc' dir='ltr'>εἰκὼν,</span> <span class='ocrx_word' id='word_1_363' title='bbox 2728 2697 2795 2767; x_wconf 78' lang='grc' dir='ltr'>ἢν</span> <span class='ocrx_word' id='word_1_364' title='bbox 2843 2698 2894 2750; x_wconf 90' lang='grc' dir='ltr'><strong>οί</strong></span> <span class='ocrx_word' id='word_1_365' title='bbox 2945 2695 3182 2767; x_wconf 81' lang='grc' dir='ltr'>βασιλεῖς</span> <span class='ocrx_word' id='word_1_366' title='bbox 3239 2694 3529 2763; x_wconf 73' lang='grc' dir='ltr'>Ῥωμαίων</span> 
     </span>
    </p>
   </div>
   <div class='ocr_carea' id='block_1_53' title="bbox 268 2784 3525 2864">
    <p class='ocr_par' dir='ltr' id='par_1_53' title="bbox 268 2784 3525 2864">
     <span class='ocr_line' id='line_1_53' title="bbox 268 2784 3525 2864; baseline -0.002 -20"><span class='ocrx_word' id='word_1_367' title='bbox 268 2794 549 2846; x_wconf 78' lang='grc' dir='ltr'>ποιοῦνται</span> <span class='ocrx_word' id='word_1_368' title='bbox 573 2797 973 2864; x_wconf 80' lang='grc' dir='ltr'>συστράτηγον,</span> <span class='ocrx_word' id='word_1_369' title='bbox 1003 2801 1114 2859; x_wconf 82' lang='grc' dir='ltr'>τοῖς</span> <span class='ocrx_word' id='word_1_370' title='bbox 1149 2796 1408 2856; x_wconf 78' lang='grc' dir='ltr'>ἐναντίοις</span> <span class='ocrx_word' id='word_1_371' title='bbox 1439 2794 1699 2846; x_wconf 77' lang='grc' dir='ltr'>ἑάλωκεν.</span> <span class='ocrx_word' id='word_1_372' title='bbox 1724 2790 1837 2844; x_wconf 85' lang='grc' dir='ltr'>Ἦν</span> <span class='ocrx_word' id='word_1_373' title='bbox 1876 2792 1906 2844; x_wconf 87' lang='grc' dir='ltr'><strong>δ</strong></span> <span class='ocrx_word' id='word_1_374' title='bbox 1978 2792 2039 2844; x_wconf 80' lang='grc' dir='ltr'>ού</span> <span class='ocrx_word' id='word_1_375' title='bbox 2078 2792 2237 2861; x_wconf 88' lang='grc' dir='ltr'>μόνον</span> <span class='ocrx_word' id='word_1_376' title='bbox 2264 2790 2437 2843; x_wconf 80' lang='grc' dir='ltr'>ταῦτα</span> <span class='ocrx_word' id='word_1_377' title='bbox 2465 2792 2638 2854; x_wconf 63' lang='grc' dir='ltr'>δεινὰ,</span> <span class='ocrx_word' id='word_1_378' title='bbox 2675 2788 2813 2841; x_wconf 84' lang='grc' dir='ltr'><strong>ἀλλά</strong></span> <span class='ocrx_word' id='word_1_379' title='bbox 2838 2803 2902 2855; x_wconf 85' lang='grc' dir='ltr'><strong>γε</strong></span> <span class='ocrx_word' id='word_1_380' title='bbox 2969 2788 3064 2840; x_wconf 72' lang='grc' dir='ltr'>καὶ</span> <span class='ocrx_word' id='word_1_381' title='bbox 3095 2786 3164 2838; x_wconf 67' lang='grc' dir='ltr'><strong>τὰ</strong></span> <span class='ocrx_word' id='word_1_382' title='bbox 3194 2784 3525 2854; x_wconf 72' lang='grc' dir='ltr'>ἒλπιζόμενα</span> 
     </span>
    </p>
   </div>
   <div class='ocr_carea' id='block_1_54' title="bbox 269 2881 3529 2959">
    <p class='ocr_par' dir='ltr' id='par_1_54' title="bbox 269 2881 3529 2959">
     <span class='ocr_line' id='line_1_54' title="bbox 269 2881 3529 2959; baseline -0.002 -19"><span class='ocrx_word' id='word_1_383' title='bbox 269 2888 406 2941; x_wconf 78' lang='grc' dir='ltr'>πολὺ</span> <span class='ocrx_word' id='word_1_384' title='bbox 446 2889 615 2959; x_wconf 85' lang='grc' dir='ltr'>χείρω</span> <span class='ocrx_word' id='word_1_385' title='bbox 658 2891 755 2943; x_wconf 76' lang='grc' dir='ltr'>καὶ</span> <span class='ocrx_word' id='word_1_386' title='bbox 786 2888 1146 2959; x_wconf 85' lang='grc' dir='ltr'>χαλεπώτατα</span> <span class='ocrx_word' id='word_1_387' title='bbox 1172 2905 1185 2919; x_wconf 92' lang='grc'><strong>·</strong></span> <span class='ocrx_word' id='word_1_388' title='bbox 1232 2892 1289 2942; x_wconf 81' lang='grc' dir='ltr'>ὲν</span> <span class='ocrx_word' id='word_1_389' title='bbox 1329 2889 1437 2958; x_wconf 85' lang='grc' dir='ltr'>γὰρ</span> <span class='ocrx_word' id='word_1_390' title='bbox 1482 2891 1595 2950; x_wconf 89' lang='grc' dir='ltr'>τοῖς</span> <span class='ocrx_word' id='word_1_391' title='bbox 1631 2888 1844 2958; x_wconf 77' lang='grc' dir='ltr'>μείζοσι</span> <span class='ocrx_word' id='word_1_392' title='bbox 1884 2886 1992 2939; x_wconf 84' lang='grc' dir='ltr'><strong>τῶν</strong></span> <span class='ocrx_word' id='word_1_393' title='bbox 2060 2886 2263 2940; x_wconf 82' lang='grc' dir='ltr'>πλοίων</span> <span class='ocrx_word' id='word_1_394' title='bbox 2297 2885 2593 2956; x_wconf 80' lang='grc' dir='ltr'>φρικώδεις</span> <span class='ocrx_word' id='word_1_395' title='bbox 2627 2884 2791 2938; x_wconf 74' lang='grc' dir='ltr'>πάλιν</span> <span class='ocrx_word' id='word_1_396' title='bbox 2857 2882 3129 2953; x_wconf 80' lang='grc' dir='ltr'>κλίμακες</span> <span class='ocrx_word' id='word_1_397' title='bbox 3156 2881 3529 2935; x_wconf 78' lang='grc' dir='ltr'>ὲτεκταίνοντο</span> 
     </span>
    </p>
   </div>
   <div class='ocr_carea' id='block_1_55' title="bbox 268 2969 3525 3049">
    <p class='ocr_par' dir='ltr' id='par_1_55' title="bbox 268 2969 3525 3049">
     <span class='ocr_line' id='line_1_55' title="bbox 268 2969 3525 3049; baseline -0.002 -17"><span class='ocrx_word' id='word_1_398' title='bbox 268 2980 365 3033; x_wconf 74' lang='grc' dir='ltr'>καὶ</span> <span class='ocrx_word' id='word_1_399' title='bbox 416 2981 655 3049; x_wconf 72' lang='grc' dir='ltr'><strong>μηχαναλ⁸</strong></span> <span class='ocrx_word' id='word_1_400' title='bbox 702 2983 952 3035; x_wconf 82' lang='grc' dir='ltr'>παντοῖαι</span> <span class='ocrx_word' id='word_1_401' title='bbox 989 2982 1476 3045; x_wconf 78' lang='grc' dir='ltr'>κατεσκευάζοντο,</span> <span class='ocrx_word' id='word_1_402' title='bbox 1520 2979 1747 3049; x_wconf 82' lang='grc' dir='ltr'>σημαῖαί</span> <span class='ocrx_word' id='word_1_403' title='bbox 1813 2996 1873 3032; x_wconf 87' lang='grc' dir='ltr'><strong>τε</strong></span> <span class='ocrx_word' id='word_1_404' title='bbox 1913 2980 2004 3033; x_wconf 72' lang='grc' dir='ltr'><strong>ἐπὶ</strong></span> <span class='ocrx_word' id='word_1_405' title='bbox 2039 2980 2250 3034; x_wconf 78' lang='grc' dir='ltr'>τούτων</span> <span class='ocrx_word' id='word_1_406' title='bbox 2285 2979 2591 3049; x_wconf 78' lang='grc' dir='ltr'>ηνέμωντο,</span> <span class='ocrx_word' id='word_1_407' title='bbox 2658 2977 2754 3030; x_wconf 77' lang='grc' dir='ltr'>καὶ</span> <span class='ocrx_word' id='word_1_408' title='bbox 2789 2976 2903 3038; x_wconf 81' lang='grc' dir='ltr'>τοῖς</span> <span class='ocrx_word' id='word_1_409' title='bbox 2938 2976 3018 3038; x_wconf 90' lang='grc' dir='ltr'><strong>είς</strong></span> <span class='ocrx_word' id='word_1_410' title='bbox 3068 2972 3243 3037; x_wconf 73' lang='grc' dir='ltr'>αὐτὰς</span> <span class='ocrx_word' id='word_1_411' title='bbox 3280 2969 3525 3025; x_wconf 78' lang='grc' dir='ltr'>ἀνιοῦσιν</span> 
     </span>
    </p>
   </div>
   <div class='ocr_carea' id='block_1_56' title="bbox 264 3074 2278 3147">
    <p class='ocr_par' dir='ltr' id='par_1_56' title="bbox 264 3074 2278 3147">
     <span class='ocr_line' id='line_1_56' title="bbox 264 3074 2278 3147; baseline 0 -19"><span class='ocrx_word' id='word_1_412' title='bbox 264 3077 360 3128; x_wconf 71' lang='grc' dir='ltr'><strong>ἐπὶ</strong></span> <span class='ocrx_word' id='word_1_413' title='bbox 392 3074 468 3144; x_wconf 85' lang='grc' dir='ltr'><strong>τῷ</strong></span> <span class='ocrx_word' id='word_1_414' title='bbox 507 3076 778 3146; x_wconf 81' lang='grc' dir='ltr'>μάχεσθαι</span> <span class='ocrx_word' id='word_1_415' title='bbox 833 3076 1036 3146; x_wconf 80' lang='grc' dir='ltr'>δωρεαὶ</span> <span class='ocrx_word' id='word_1_416' title='bbox 1086 3078 1237 3147; x_wconf 73' lang='grc' dir='ltr'>παρὰ</span> <span class='ocrx_word' id='word_1_417' title='bbox 1284 3075 1533 3130; x_wconf 86' lang='grc' dir='ltr'>Λατίνων</span> <span class='ocrx_word' id='word_1_418' title='bbox 1585 3075 1968 3144; x_wconf 83' lang='grc' dir='ltr'>προύτείνοντο</span> <span class='ocrx_word' id='word_1_419' title='bbox 2000 3075 2278 3146; x_wconf 81' lang='grc' dir='ltr'>μέγισται.</span> 
     </span>
    </p>
   </div>
   <div class='ocr_carea' id='block_1_57' title="bbox 339 3162 2043 3238">
    <p class='ocr_par' dir='ltr' id='par_1_57' title="bbox 339 3163 2043 3238">
     <span class='ocr_line' id='line_1_57' title="bbox 339 3163 2043 3238; baseline 0.001 -18"><span class='ocrx_word' id='word_1_420' title='bbox 339 3164 424 3238; x_wconf 83' lang='grc' dir='ltr'><strong>[Ρ.</strong></span> <span class='ocrx_word' id='word_1_421' title='bbox 453 3163 578 3236; x_wconf 68' lang='grc'><strong>565]</strong></span> <span class='ocrx_word' id='word_1_422' title='bbox 624 3166 687 3236; x_wconf 79' lang='grc' dir='ltr'><strong>β’.</strong></span> <span class='ocrx_word' id='word_1_423' title='bbox 714 3166 826 3219; x_wconf 76' lang='grc' dir='ltr'><strong>Καὶ</strong></span> <span class='ocrx_word' id='word_1_424' title='bbox 858 3167 1029 3219; x_wconf 85' lang='grc' dir='ltr'>ταῦτα</span> <span class='ocrx_word' id='word_1_425' title='bbox 1069 3166 1165 3235; x_wconf 72' lang='grc' dir='ltr'>μὲν</span> <span class='ocrx_word' id='word_1_426' title='bbox 1200 3168 1310 3220; x_wconf 84' lang='grc' dir='ltr'><strong>τῶν</strong></span> <span class='ocrx_word' id='word_1_427' title='bbox 1356 3167 1547 3219; x_wconf 83' lang='grc' dir='ltr'>δεινῶν</span> <span class='ocrx_word' id='word_1_428' title='bbox 1586 3168 1836 3231; x_wconf 78' lang='grc' dir='ltr'>ἐκινεῖτο,</span> <span class='ocrx_word' id='word_1_429' title='bbox 1868 3171 1912 3228; x_wconf 80' lang='lat' dir='ltr'><strong>C</strong></span> <span class='ocrx_word' id='word_1_430' title='bbox 2014 3168 2043 3221; x_wconf 72' lang='grc'><strong>2</strong></span> 
     </span>
    </p>
   </div>
   <div class='ocr_carea' id='block_1_58' title="bbox 1824 3162 3528 3238">
    <p class='ocr_par' dir='ltr' id='par_1_58' title="bbox 1824 3162 3528 3236">
     <span class='ocr_line' id='line_1_58' title="bbox 1824 3162 3528 3236; baseline -0.003 -15"><span class='ocrx_word' id='word_1_431' title='bbox 1824 3208 1836 3231; x_wconf 91' lang='grc'><strong>,</strong></span> <span class='ocrx_word' id='word_1_432' title='bbox 1868 3171 1912 3228; x_wconf 83' lang='lat' dir='ltr'>c</span> <span class='ocrx_word' id='word_1_433' title='bbox 2014 3168 2070 3221; x_wconf 75' lang='grc'><strong>2.</strong></span> <span class='ocrx_word' id='word_1_434' title='bbox 2102 3168 2179 3221; x_wconf 90' lang='lat' dir='ltr'><strong>lta</strong></span> <span class='ocrx_word' id='word_1_435' title='bbox 2220 3166 2478 3236; x_wconf 85' lang='lat' dir='ltr'><strong>periculis</strong></span> <span class='ocrx_word' id='word_1_436' title='bbox 2522 3165 2719 3236; x_wconf 88' lang='lat' dir='ltr'><strong>partim</strong></span> <span class='ocrx_word' id='word_1_437' title='bbox 2789 3163 3141 3226; x_wconf 89' lang='lat' dir='ltr'><strong>instantibus,</strong></span> <span class='ocrx_word' id='word_1_438' title='bbox 3198 3162 3398 3233; x_wconf 89' lang='lat' dir='ltr'><strong>partim</strong></span> <span class='ocrx_word' id='word_1_439' title='bbox 3430 3173 3528 3217; x_wconf 76' lang='grc' dir='ltr'>αι’·</span> 
     </span>
    </p>
   </div>
   <div class='ocr_carea' id='block_1_59' title="bbox 266 3255 1841 3324">
    <p class='ocr_par' dir='ltr' id='par_1_59' title="bbox 266 3255 1841 3324">
     <span class='ocr_line' id='line_1_59' title="bbox 266 3255 1841 3324; baseline -0.003 -15"><span class='ocrx_word' id='word_1_440' title='bbox 266 3257 337 3309; x_wconf 78' lang='grc' dir='ltr'>τὰ</span> <span class='ocrx_word' id='word_1_441' title='bbox 371 3256 428 3308; x_wconf 76' lang='grc' dir='ltr'>δὲ</span> <span class='ocrx_word' id='word_1_442' title='bbox 474 3256 705 3322; x_wconf 74' lang='grc' dir='ltr'>ἐγίνετο,</span> <span class='ocrx_word' id='word_1_443' title='bbox 755 3255 825 3308; x_wconf 75' lang='grc' dir='ltr'>τὰ</span> <span class='ocrx_word' id='word_1_444' title='bbox 853 3255 899 3309; x_wconf 86' lang='grc' dir='ltr'>δ’</span> <span class='ocrx_word' id='word_1_445' title='bbox 934 3257 1171 3324; x_wconf 72' lang='grc' dir='ltr'>ἤμελλεν</span> <span class='ocrx_word' id='word_1_446' title='bbox 1201 3272 1213 3285; x_wconf 89' lang='grc'><strong>·</strong></span> <span class='ocrx_word' id='word_1_447' title='bbox 1253 3256 1526 3324; x_wconf 69' lang='grc' dir='ltr'>ὴλὸγηντο</span> <span class='ocrx_word' id='word_1_448' title='bbox 1559 3255 1613 3307; x_wconf 86' lang='grc' dir='ltr'>δὲ</span> <span class='ocrx_word' id='word_1_449' title='bbox 1660 3258 1752 3308; x_wconf 78' lang='grc' dir='ltr'>καὶ</span> <span class='ocrx_word' id='word_1_450' title='bbox 1792 3256 1841 3307; x_wconf 84' lang='lat' dir='ltr'><strong>el</strong></span> 
     </span>
    </p>
   </div>
   <div class='ocr_carea' id='block_1_60' title="bbox 270 3345 1836 3414">
    <p class='ocr_par' dir='ltr' id='par_1_60' title="bbox 270 3345 1836 3414">
     <span class='ocr_line' id='line_1_60' title="bbox 270 3345 1836 3414; baseline 0.001 -18"><span class='ocrx_word' id='word_1_451' title='bbox 270 3346 401 3413; x_wconf 67' lang='grc' dir='ltr'>περὶ</span> <span class='ocrx_word' id='word_1_452' title='bbox 457 3345 639 3411; x_wconf 85' lang='grc' dir='ltr'>φιλίας</span> <span class='ocrx_word' id='word_1_453' title='bbox 689 3346 841 3413; x_wconf 85' lang='grc' dir='ltr'>λόγοι</span> <span class='ocrx_word' id='word_1_454' title='bbox 892 3347 988 3397; x_wconf 76' lang='grc' dir='ltr'>καὶ</span> <span class='ocrx_word' id='word_1_455' title='bbox 1052 3346 1378 3398; x_wconf 81' lang='grc' dir='ltr'>παντάπασι</span> <span class='ocrx_word' id='word_1_456' title='bbox 1429 3346 1836 3414; x_wconf 75' lang='grc' dir='ltr'>κατημέληντο.</span> 
     </span>
    </p>
   </div>
   <div class='ocr_carea' id='block_1_61' title="bbox 269 3436 1841 3505">
    <p class='ocr_par' dir='ltr' id='par_1_61' title="bbox 269 3436 1841 3505">
     <span class='ocr_line' id='line_1_61' title="bbox 269 3436 1841 3505; baseline -0.001 -18"><span class='ocrx_word' id='word_1_457' title='bbox 269 3436 487 3487; x_wconf 67' lang='grc' dir='ltr'>Μᾶλλον</span> <span class='ocrx_word' id='word_1_458' title='bbox 508 3437 565 3486; x_wconf 80' lang='grc' dir='ltr'>δὲ</span> <span class='ocrx_word' id='word_1_459' title='bbox 602 3436 695 3487; x_wconf 65' lang='grc' dir='ltr'><strong>καὶ⁵</strong></span> <span class='ocrx_word' id='word_1_460' title='bbox 723 3436 949 3497; x_wconf 81' lang='grc' dir='ltr'>τούτους</span> <span class='ocrx_word' id='word_1_461' title='bbox 982 3437 1211 3503; x_wconf 77' lang='grc' dir='ltr'>πονηροί</span> <span class='ocrx_word' id='word_1_462' title='bbox 1243 3453 1387 3494; x_wconf 84' lang='grc' dir='ltr'>τινε-ς</span> <span class='ocrx_word' id='word_1_463' title='bbox 1414 3436 1669 3505; x_wconf 81' lang='grc' dir='ltr'>Τελχῖνες</span> <span class='ocrx_word' id='word_1_464' title='bbox 1713 3436 1841 3486; x_wconf 72' lang='grc' dir='ltr'>ποιλ-</span> 
     </span>
    </p>
   </div>
   <div class='ocr_carea' id='block_1_62' title="bbox 266 3522 1843 3592">
    <p class='ocr_par' dir='ltr' id='par_1_62' title="bbox 266 3522 1843 3592">
     <span class='ocr_line' id='line_1_62' title="bbox 266 3522 1843 3592; baseline -0.003 -15"><span class='ocrx_word' id='word_1_465' title='bbox 266 3522 424 3585; x_wconf 78' lang='grc' dir='ltr'>λάκις</span> <span class='ocrx_word' id='word_1_466' title='bbox 461 3528 733 3590; x_wconf 77' lang='grc' dir='ltr'>συνέχεον.</span> <span class='ocrx_word' id='word_1_467' title='bbox 780 3523 973 3590; x_wconf 71' lang='grc' dir='ltr'>Ὀ-γαρ</span> <span class='ocrx_word' id='word_1_468' title='bbox 1011 3522 1137 3586; x_wconf 79' lang='grc' dir='ltr'>δοὺξ</span> <span class='ocrx_word' id='word_1_469' title='bbox 1174 3524 1431 3585; x_wconf 84' lang='grc' dir='ltr'>Βενετίας</span> <span class='ocrx_word' id='word_1_470' title='bbox 1478 3524 1688 3592; x_wconf 78' lang='grc' dir='ltr'>Ἐρέκος</span> <span class='ocrx_word' id='word_1_471' title='bbox 1710 3523 1843 3576; x_wconf 83' lang='grc' dir='ltr'><strong>Δάν-</strong></span> 
     </span>
    </p>
   </div>
   <div class='ocr_carea' id='block_1_63' title="bbox 266 3614 1842 3685">
    <p class='ocr_par' dir='ltr' id='par_1_63' title="bbox 266 3614 1842 3685">
     <span class='ocr_line' id='line_1_63' title="bbox 266 3614 1842 3685; baseline -0.002 -16"><span class='ocrx_word' id='word_1_472' title='bbox 266 3616 450 3678; x_wconf 79' lang='grc' dir='ltr'>δουλος</span> <span class='ocrx_word' id='word_1_473' title='bbox 472 3615 730 3685; x_wconf 79' lang='grc' dir='ltr'>ὁμιλῆσαι</span> <span class='ocrx_word' id='word_1_474' title='bbox 768 3618 897 3684; x_wconf 67' lang='grc' dir='ltr'>περὶ</span> <span class='ocrx_word' id='word_1_475' title='bbox 924 3616 1167 3668; x_wconf 83' lang='grc' dir='ltr'>σπονδῶν</span> <span class='ocrx_word' id='word_1_476' title='bbox 1198 3614 1448 3685; x_wconf 81' lang='grc' dir='ltr'>ἑλόμενος</span> <span class='ocrx_word' id='word_1_477' title='bbox 1475 3614 1704 3685; x_wconf 82' lang='grc' dir='ltr'>βασιλεῖ,</span> <span class='ocrx_word' id='word_1_478' title='bbox 1739 3615 1842 3683; x_wconf 82' lang='grc' dir='ltr'>νῆα</span> 
     </span>
    </p>
   </div>
   <div class='ocr_carea' id='block_1_64' title="bbox 268 3706 1842 3777">
    <p class='ocr_par' dir='ltr' id='par_1_64' title="bbox 268 3706 1842 3777">
     <span class='ocr_line' id='line_1_64' title="bbox 268 3706 1842 3777; baseline 0.001 -19"><span class='ocrx_word' id='word_1_479' title='bbox 268 3706 454 3759; x_wconf 77' lang='grc' dir='ltr'>εἰσιὼν</span> <span class='ocrx_word' id='word_1_480' title='bbox 508 3710 731 3777; x_wconf 79' lang='grc' dir='ltr'>τριήρη,</span> <span class='ocrx_word' id='word_1_481' title='bbox 798 3706 930 3774; x_wconf 75' lang='grc' dir='ltr'>περὶ</span> <span class='ocrx_word' id='word_1_482' title='bbox 996 3710 1116 3769; x_wconf 80' lang='grc' dir='ltr'>ταῖς</span> <span class='ocrx_word' id='word_1_483' title='bbox 1176 3709 1368 3769; x_wconf 82' lang='grc' dir='ltr'>ἀκταῖς</span> <span class='ocrx_word' id='word_1_484' title='bbox 1424 3708 1689 3776; x_wconf 76' lang='grc' dir='ltr'>προσέχει</span> <span class='ocrx_word' id='word_1_485' title='bbox 1748 3706 1842 3760; x_wconf 76' lang='grc' dir='ltr'>τοῦ</span> 
     </span>
    </p>
   </div>
   <div class='ocr_carea' id='block_1_65' title="bbox 272 3798 1845 3868">
    <p class='ocr_par' dir='ltr' id='par_1_65' title="bbox 272 3798 1845 3868">
     <span class='ocr_line' id='line_1_65' title="bbox 272 3798 1845 3868; baseline 0.001 -17"><span class='ocrx_word' id='word_1_486' title='bbox 272 3799 587 3868; x_wconf 75' lang='grc' dir='ltr'>Κοσμιδίου.</span> <span class='ocrx_word' id='word_1_487' title='bbox 640 3799 725 3860; x_wconf 83' lang='grc' dir='ltr'>Ὦς</span> <span class='ocrx_word' id='word_1_488' title='bbox 758 3798 805 3851; x_wconf 82' lang='grc' dir='ltr'>δ’</span> <span class='ocrx_word' id='word_1_489' title='bbox 833 3798 1070 3865; x_wconf 63' lang='grc' dir='ltr'>ἔφιππος</span> <span class='ocrx_word' id='word_1_490' title='bbox 1095 3802 1273 3852; x_wconf 73' lang='grc' dir='ltr'>ἐκεῖσε</span> <span class='ocrx_word' id='word_1_491' title='bbox 1331 3800 1425 3852; x_wconf 70' lang='grc' dir='ltr'>καὶ</span> <span class='ocrx_word' id='word_1_492' title='bbox 1458 3799 1711 3868; x_wconf 83' lang='grc' dir='ltr'>βασιλεὺς</span> <span class='ocrx_word' id='word_1_493' title='bbox 1743 3800 1845 3867; x_wconf 79' lang='grc' dir='ltr'>ὰφ-</span> 
     </span>
    </p>
   </div>
   <div class='ocr_carea' id='block_1_66' title="bbox 272 3891 1843 3963">
    <p class='ocr_par' dir='ltr' id='par_1_66' title="bbox 272 3891 1843 3963">
     <span class='ocr_line' id='line_1_66' title="bbox 272 3891 1843 3963; baseline 0 -20"><span class='ocrx_word' id='word_1_494' title='bbox 272 3894 441 3957; x_wconf 69' lang='lat' dir='ltr'><strong>iure,</strong></span> <span class='ocrx_word' id='word_1_495' title='bbox 475 3892 782 3947; x_wconf 83' lang='grc' dir='ltr'>ὲκοινοῦντο</span> <span class='ocrx_word' id='word_1_496' title='bbox 843 3891 943 3961; x_wconf 73' lang='grc' dir='ltr'>μὲν</span> <span class='ocrx_word' id='word_1_497' title='bbox 997 3892 1248 3962; x_wconf 49' lang='grc' dir='ltr'>ἀλλήλοις</span> <span class='ocrx_word' id='word_1_498' title='bbox 1301 3892 1369 3945; x_wconf 80' lang='grc' dir='ltr'><strong>τὰ</strong></span> <span class='ocrx_word' id='word_1_499' title='bbox 1424 3892 1561 3963; x_wconf 78' lang='grc' dir='ltr'>πρὸς</span> <span class='ocrx_word' id='word_1_500' title='bbox 1620 3892 1843 3962; x_wconf 87' lang='grc' dir='ltr'>είρήνην</span> 
     </span>
    </p>
   </div>
   <div class='ocr_carea' id='block_1_67' title="bbox 269 3984 1846 4058">
    <p class='ocr_par' dir='ltr' id='par_1_67' title="bbox 269 3984 1846 4058">
     <span class='ocr_line' id='line_1_67' title="bbox 269 3984 1846 4058; baseline 0 -21"><span class='ocrx_word' id='word_1_501' title='bbox 269 3989 515 4058; x_wconf 80' lang='grc' dir='ltr'>ρήματα,</span> <span class='ocrx_word' id='word_1_502' title='bbox 550 3986 741 4055; x_wconf 76' lang='grc' dir='ltr'>μηδενὶ</span> <span class='ocrx_word' id='word_1_503' title='bbox 779 3986 888 4038; x_wconf 83' lang='grc' dir='ltr'><strong>τῶν</strong></span> <span class='ocrx_word' id='word_1_504' title='bbox 927 3985 1105 4039; x_wconf 76' lang='grc' dir='ltr'>ἄλλων</span> <span class='ocrx_word' id='word_1_505' title='bbox 1144 3986 1241 4055; x_wconf 84' lang='grc' dir='ltr'>τὴν</span> <span class='ocrx_word' id='word_1_506' title='bbox 1287 3984 1521 4054; x_wconf 81' lang='grc' dir='ltr'>σπουδὴν</span> <span class='ocrx_word' id='word_1_507' title='bbox 1552 3984 1846 4055; x_wconf 73' lang='grc' dir='ltr'>χαριζόμε-</span> 
     </span>
    </p>
   </div>
   <div class='ocr_carea' id='block_1_68' title="bbox 266 4072 1842 4147">
    <p class='ocr_par' dir='ltr' id='par_1_68' title="bbox 266 4072 1842 4147">
     <span class='ocr_line' id='line_1_68' title="bbox 266 4072 1842 4147; baseline 0.001 -19"><span class='ocrx_word' id='word_1_508' title='bbox 266 4094 365 4128; x_wconf 81' lang='grc' dir='ltr'>νοι.</span> <span class='ocrx_word' id='word_1_509' title='bbox 412 4077 542 4128; x_wconf 62' lang='grc' dir='ltr'><strong>ΚαὶΔ</strong></span> <span class='ocrx_word' id='word_1_510' title='bbox 572 4072 715 4147; x_wconf 83' lang='grc' dir='ltr'>ἦσαν</span> <span class='ocrx_word' id='word_1_511' title='bbox 760 4080 827 4130; x_wconf 72' lang='grc' dir='ltr'>τὰ</span> <span class='ocrx_word' id='word_1_512' title='bbox 876 4080 1026 4147; x_wconf 77' lang='grc' dir='ltr'>παρὰ</span> <span class='ocrx_word' id='word_1_513' title='bbox 1075 4080 1169 4131; x_wconf 76' lang='grc' dir='ltr'>τοῦ</span> <span class='ocrx_word' id='word_1_514' title='bbox 1210 4078 1397 4139; x_wconf 72' lang='grc' dir='ltr'>δουκὸς</span> <span class='ocrx_word' id='word_1_515' title='bbox 1437 4078 1696 4139; x_wconf 84' lang='grc' dir='ltr'>Βενετίας</span> <span class='ocrx_word' id='word_1_516' title='bbox 1747 4078 1842 4131; x_wconf 72' lang='grc' dir='ltr'>καὶ</span> 
     </span>
    </p>
   </div>
   <div class='ocr_carea' id='block_1_69' title="bbox 266 4166 1845 4238">
    <p class='ocr_par' dir='ltr' id='par_1_69' title="bbox 266 4166 1845 4238">
     <span class='ocr_line' id='line_1_69' title="bbox 266 4166 1845 4238; baseline 0.003 -22"><span class='ocrx_word' id='word_1_517' title='bbox 266 4169 379 4217; x_wconf 81' lang='grc' dir='ltr'><strong>τῶν</strong></span> <span class='ocrx_word' id='word_1_518' title='bbox 416 4166 624 4219; x_wconf 84' lang='grc' dir='ltr'>λοιπῶν</span> <span class='ocrx_word' id='word_1_519' title='bbox 664 4168 986 4237; x_wconf 83' lang='grc' dir='ltr'>στρατηγῶν</span> <span class='ocrx_word' id='word_1_520' title='bbox 1031 4170 1328 4237; x_wconf 87' lang='grc' dir='ltr'>αἰτούμενα</span> <span class='ocrx_word' id='word_1_521' title='bbox 1370 4169 1597 4238; x_wconf 82' lang='grc' dir='ltr'>χρυσίου</span> <span class='ocrx_word' id='word_1_522' title='bbox 1645 4169 1845 4238; x_wconf 87' lang='grc' dir='ltr'>πεντή-</span> 
     </span>
    </p>
   </div>
   <div class='ocr_carea' id='block_1_70' title="bbox 268 4259 1843 4330">
    <p class='ocr_par' dir='ltr' id='par_1_70' title="bbox 268 4259 1843 4330">
     <span class='ocr_line' id='line_1_70' title="bbox 268 4259 1843 4330; baseline 0.001 -20"><span class='ocrx_word' id='word_1_523' title='bbox 268 4274 433 4311; x_wconf 82' lang='grc' dir='ltr'>κοντα</span> <span class='ocrx_word' id='word_1_524' title='bbox 468 4260 802 4330; x_wconf 79' lang='grc' dir='ltr'>κεντηνάρια</span> <span class='ocrx_word' id='word_1_525' title='bbox 847 4262 912 4313; x_wconf 81' lang='grc' dir='ltr'>ὲκ</span> <span class='ocrx_word' id='word_1_526' title='bbox 965 4260 1061 4313; x_wconf 80' lang='grc' dir='ltr'>τοῦ</span> <span class='ocrx_word' id='word_1_527' title='bbox 1095 4262 1293 4314; x_wconf 74' lang='grc' dir='ltr'>αὐτίκα</span> <span class='ocrx_word' id='word_1_528' title='bbox 1331 4262 1475 4330; x_wconf 83' lang='grc' dir='ltr'>μάλα</span> <span class='ocrx_word' id='word_1_529' title='bbox 1507 4259 1843 4313; x_wconf 76' lang='grc' dir='ltr'>καταϐαλλό-</span> 
     </span>
    </p>
   </div>
   <div class='ocr_carea' id='block_1_71' title="bbox 272 4350 1844 4427">
    <p class='ocr_par' dir='ltr' id='par_1_71' title="bbox 272 4350 1844 4427">
     <span class='ocr_line' id='line_1_71' title="bbox 272 4350 1844 4427; baseline 0.005 -28"><span class='ocrx_word' id='word_1_530' title='bbox 272 4366 429 4416; x_wconf 81' lang='grc' dir='ltr'>μενα,</span> <span class='ocrx_word' id='word_1_531' title='bbox 458 4350 561 4427; x_wconf 10' lang='grc' dir='ltr'>,καὶ</span> <span class='ocrx_word' id='word_1_532' title='bbox 585 4351 896 4418; x_wconf 83' lang='grc' dir='ltr'>συμφωνίαι</span> <span class='ocrx_word' id='word_1_533' title='bbox 929 4354 1076 4413; x_wconf 79' lang='grc' dir='ltr'>τινὲς</span> <span class='ocrx_word' id='word_1_534' title='bbox 1127 4352 1213 4403; x_wconf 71' lang='grc' dir='ltr'><strong>ἐπ’</strong></span> <span class='ocrx_word' id='word_1_535' title='bbox 1241 4352 1423 4414; x_wconf 78' lang='grc' dir='ltr'>αὐτοῖς</span> <span class='ocrx_word' id='word_1_536' title='bbox 1444 4351 1844 4407; x_wconf 80' lang='grc' dir='ltr'>ἀποκναίουσαι</span> 
     </span>
    </p>
   </div>
   <div class='ocr_carea' id='block_1_72' title="bbox 270 4441 1845 4515">
    <p class='ocr_par' dir='ltr' id='par_1_72' title="bbox 270 4441 1845 4515">
     <span class='ocr_line' id='line_1_72' title="bbox 270 4441 1845 4515; baseline 0.004 -23"><span class='ocrx_word' id='word_1_537' title='bbox 270 4444 371 4511; x_wconf 73' lang='grc' dir='ltr'>μὶν</span> <span class='ocrx_word' id='word_1_538' title='bbox 413 4441 511 4493; x_wconf 78' lang='grc' dir='ltr'>καὶ</span> <span class='ocrx_word' id='word_1_539' title='bbox 552 4441 983 4509; x_wconf 76' lang='grc' dir='ltr'>δυσπαρὰδεκτοι</span> <span class='ocrx_word' id='word_1_540' title='bbox 1008 4444 1121 4505; x_wconf 83' lang='grc' dir='ltr'>τοῖς</span> <span class='ocrx_word' id='word_1_541' title='bbox 1174 4444 1493 4511; x_wconf 82' lang='grc' dir='ltr'>γευομένοις</span> <span class='ocrx_word' id='word_1_542' title='bbox 1525 4444 1845 4515; x_wconf 70' lang='grc' dir='ltr'>ελευθερίας</span> 
     </span>
    </p>
   </div>
   <div class='ocr_carea' id='block_1_73' title="bbox 1945 3257 3520 3329">
    <p class='ocr_par' dir='ltr' id='par_1_73' title="bbox 1945 3257 3520 3329">
     <span class='ocr_line' id='line_1_73' title="bbox 1945 3257 3520 3329; baseline -0.004 -15"><span class='ocrx_word' id='word_1_543' title='bbox 1945 3260 2220 3329; x_wconf 80' lang='lat' dir='ltr'><strong>gentibus,</strong></span> <span class='ocrx_word' id='word_1_544' title='bbox 2280 3260 2426 3313; x_wconf 86' lang='lat' dir='ltr'><strong>nulla</strong></span> <span class='ocrx_word' id='word_1_545' title='bbox 2468 3274 2593 3328; x_wconf 87' lang='lat' dir='ltr'><strong>spes</strong></span> <span class='ocrx_word' id='word_1_546' title='bbox 2642 3257 3040 3327; x_wconf 77' lang='lat' dir='ltr'><strong>pacificationis</strong></span> <span class='ocrx_word' id='word_1_547' title='bbox 3074 3265 3388 3325; x_wconf 80' lang='lat' dir='ltr'><strong>supererat.</strong></span> <span class='ocrx_word' id='word_1_548' title='bbox 3423 3269 3520 3323; x_wconf 91' lang='lat' dir='ltr'><strong>pa-</strong></span> 
     </span>
    </p>
   </div>
   <div class='ocr_carea' id='block_1_74' title="bbox 1944 3344 3525 3420">
    <p class='ocr_par' dir='ltr' id='par_1_74' title="bbox 1944 3344 3525 3420">
     <span class='ocr_line' id='line_1_74' title="bbox 1944 3344 3525 3420; baseline -0.005 -13"><span class='ocrx_word' id='word_1_549' title='bbox 1944 3352 2221 3407; x_wconf 86' lang='lat' dir='ltr'><strong>ctionibus</strong></span> <span class='ocrx_word' id='word_1_550' title='bbox 2255 3366 2355 3420; x_wconf 91' lang='lat' dir='ltr'><strong>per</strong></span> <span class='ocrx_word' id='word_1_551' title='bbox 2412 3349 2629 3404; x_wconf 88' lang='lat' dir='ltr'><strong>invidos</strong></span> <span class='ocrx_word' id='word_1_552' title='bbox 2682 3360 2738 3403; x_wconf 89' lang='lat' dir='ltr'><strong>et</strong></span> <span class='ocrx_word' id='word_1_553' title='bbox 2772 3348 3071 3402; x_wconf 79' lang='lat' dir='ltr'><strong>sceleratos</strong></span> <span class='ocrx_word' id='word_1_554' title='bbox 3130 3347 3395 3415; x_wconf 78' lang='lat' dir='ltr'><strong>quosdam</strong></span> <span class='ocrx_word' id='word_1_555' title='bbox 3427 3344 3525 3399; x_wconf 85' lang='lat' dir='ltr'><strong>lto-</strong></span> 
     </span>
    </p>
   </div>
   <div class='ocr_carea' id='block_1_75' title="bbox 1944 3435 3524 3510">
    <p class='ocr_par' dir='ltr' id='par_1_75' title="bbox 1944 3435 3524 3510">
     <span class='ocr_line' id='line_1_75' title="bbox 1944 3435 3524 3510; baseline -0.005 -14"><span class='ocrx_word' id='word_1_556' title='bbox 1944 3444 2120 3496; x_wconf 84' lang='lat' dir='ltr'><strong>ntines</strong></span> <span class='ocrx_word' id='word_1_557' title='bbox 2158 3450 2303 3510; x_wconf 65' lang='lat' dir='ltr'><strong>saepe</strong></span> <span class='ocrx_word' id='word_1_558' title='bbox 2331 3440 2596 3496; x_wconf 81' lang='lat' dir='ltr'><strong>confusis.</strong></span> <span class='ocrx_word' id='word_1_559' title='bbox 2640 3438 2774 3493; x_wconf 86' lang='lat' dir='ltr'><strong>Nam</strong></span> <span class='ocrx_word' id='word_1_560' title='bbox 2804 3438 2914 3493; x_wconf 84' lang='lat' dir='ltr'><strong>dux</strong></span> <span class='ocrx_word' id='word_1_561' title='bbox 2942 3435 3296 3490; x_wconf 79' lang='lat' dir='ltr'><strong>Venetiarum</strong></span> <span class='ocrx_word' id='word_1_562' title='bbox 3328 3435 3524 3489; x_wconf 85' lang='lat' dir='ltr'><strong>Erieus</strong></span> 
     </span>
    </p>
   </div>
   <div class='ocr_carea' id='block_1_76' title="bbox 1948 3516 3525 3602">
    <p class='ocr_par' dir='ltr' id='par_1_76' title="bbox 1948 3516 3525 3602">
     <span class='ocr_line' id='line_1_76' title="bbox 1948 3516 3525 3602; baseline -0.003 -17"><span class='ocrx_word' id='word_1_563' title='bbox 1948 3534 2224 3588; x_wconf 83' lang='lat' dir='ltr'><strong>Dandulus</strong></span> <span class='ocrx_word' id='word_1_564' title='bbox 2250 3548 2372 3587; x_wconf 88' lang='lat' dir='ltr'><strong>cum</strong></span> <span class='ocrx_word' id='word_1_565' title='bbox 2425 3532 2753 3602; x_wconf 84' lang='lat' dir='ltr'><strong>imperatore</strong></span> <span class='ocrx_word' id='word_1_566' title='bbox 2797 3531 2864 3585; x_wconf 90' lang='lat' dir='ltr'><strong>de</strong></span> <span class='ocrx_word' id='word_1_567' title='bbox 2895 3545 3025 3599; x_wconf 89' lang='lat' dir='ltr'><strong>pace</strong></span> <span class='ocrx_word' id='word_1_568' title='bbox 3059 3536 3279 3582; x_wconf 87' lang='lat' dir='ltr'><strong>acturus</strong></span> <span class='ocrx_word' id='word_1_569' title='bbox 3310 3516 3525 3580; x_wconf 73' lang='lat' dir='ltr'><strong>triremi</strong></span> 
     </span>
    </p>
   </div>
   <div class='ocr_carea' id='block_1_77' title="bbox 1939 3620 3524 3697">
    <p class='ocr_par' dir='ltr' id='par_1_77' title="bbox 1939 3620 3524 3697">
     <span class='ocr_line' id='line_1_77' title="bbox 1939 3620 3524 3697; baseline -0.004 -19"><span class='ocrx_word' id='word_1_570' title='bbox 1939 3626 2092 3697; x_wconf 82' lang='lat' dir='ltr'><strong>juxta</strong></span> <span class='ocrx_word' id='word_1_571' title='bbox 2133 3625 2470 3679; x_wconf 82' lang='lat' dir='ltr'><strong>Cosmidium</strong></span> <span class='ocrx_word' id='word_1_572' title='bbox 2527 3623 2751 3693; x_wconf 86' lang='lat' dir='ltr'><strong>appellit</strong></span> <span class='ocrx_word' id='word_1_573' title='bbox 2805 3622 3051 3677; x_wconf 83' lang='lat' dir='ltr'><strong>:eodem</strong></span> <span class='ocrx_word' id='word_1_574' title='bbox 3106 3627 3161 3673; x_wconf 86' lang='lat' dir='ltr'><strong>et</strong></span> <span class='ocrx_word' id='word_1_575' title='bbox 3223 3620 3524 3687; x_wconf 82' lang='lat' dir='ltr'><strong>imperator</strong></span> 
     </span>
    </p>
   </div>
   <div class='ocr_carea' id='block_1_78' title="bbox 1944 3710 3522 3783">
    <p class='ocr_par' dir='ltr' id='par_1_78' title="bbox 1944 3710 3522 3783">
     <span class='ocr_line' id='line_1_78' title="bbox 1944 3710 3522 3783; baseline -0.004 -12"><span class='ocrx_word' id='word_1_576' title='bbox 1944 3732 2089 3783; x_wconf 90' lang='lat' dir='ltr'><strong>equo</strong></span> <span class='ocrx_word' id='word_1_577' title='bbox 2103 3717 2416 3771; x_wconf 83' lang='lat' dir='ltr'><strong>advehitur.</strong></span> <span class='ocrx_word' id='word_1_578' title='bbox 2436 3716 2622 3771; x_wconf 76' lang='lat' dir='ltr'><strong>Rebus</strong></span> <span class='ocrx_word' id='word_1_579' title='bbox 2643 3715 2766 3769; x_wconf 84' lang='lat' dir='ltr'><strong>aliis</strong></span> <span class='ocrx_word' id='word_1_580' title='bbox 2794 3713 3050 3768; x_wconf 89' lang='lat' dir='ltr'><strong>omnibus</strong></span> <span class='ocrx_word' id='word_1_581' title='bbox 3076 3710 3282 3767; x_wconf 88' lang='lat' dir='ltr'><strong>relictis</strong></span> <span class='ocrx_word' id='word_1_582' title='bbox 3304 3710 3372 3765; x_wconf 89' lang='lat' dir='ltr'><strong>de</strong></span> <span class='ocrx_word' id='word_1_583' title='bbox 3390 3715 3522 3780; x_wconf 69' lang='lat' dir='ltr'><strong>pace</strong></span> 
     </span>
    </p>
   </div>
   <div class='ocr_carea' id='block_1_79' title="bbox 1946 3804 3523 3870">
    <p class='ocr_par' dir='ltr' id='par_1_79' title="bbox 1946 3804 3523 3870">
     <span class='ocr_line' id='line_1_79' title="bbox 1946 3804 3523 3870; baseline -0.006 -7"><span class='ocrx_word' id='word_1_584' title='bbox 1946 3811 2110 3863; x_wconf 89' lang='lat' dir='ltr'><strong>verba</strong></span> <span class='ocrx_word' id='word_1_585' title='bbox 2173 3808 2484 3870; x_wconf 74' lang='lat' dir='ltr'><strong>conferunt,</strong></span> <span class='ocrx_word' id='word_1_586' title='bbox 2531 3809 2609 3862; x_wconf 79' lang='lat' dir='ltr'><strong>Ac</strong></span> <span class='ocrx_word' id='word_1_587' title='bbox 2662 3822 2693 3860; x_wconf 87' lang='lat' dir='ltr'><strong>a</strong></span> <span class='ocrx_word' id='word_1_588' title='bbox 2749 3806 2890 3860; x_wconf 87' lang='lat' dir='ltr'><strong>duce</strong></span> <span class='ocrx_word' id='word_1_589' title='bbox 2946 3804 3301 3859; x_wconf 76' lang='lat' dir='ltr'><strong>Venetiarum</strong></span> <span class='ocrx_word' id='word_1_590' title='bbox 3360 3810 3523 3855; x_wconf 56' lang='lat' dir='ltr'><strong>cate-</strong></span> 
     </span>
    </p>
   </div>
   <div class='ocr_carea' id='block_1_80' title="bbox 1947 3891 3523 3967">
    <p class='ocr_par' dir='ltr' id='par_1_80' title="bbox 1947 3891 3523 3967">
     <span class='ocr_line' id='line_1_80' title="bbox 1947 3891 3523 3967; baseline -0.005 -16"><span class='ocrx_word' id='word_1_591' title='bbox 1947 3899 2132 3967; x_wconf 87' lang='lat' dir='ltr'><strong>risque</strong></span> <span class='ocrx_word' id='word_1_592' title='bbox 2196 3897 2540 3967; x_wconf 84' lang='lat' dir='ltr'><strong>principibus</strong></span> <span class='ocrx_word' id='word_1_593' title='bbox 2590 3895 2708 3950; x_wconf 90' lang='lat' dir='ltr'><strong>auri</strong></span> <span class='ocrx_word' id='word_1_594' title='bbox 2773 3892 3075 3948; x_wconf 87' lang='lat' dir='ltr'><strong>centenarii</strong></span> <span class='ocrx_word' id='word_1_595' title='bbox 3129 3891 3523 3961; x_wconf 74' lang='lat' dir='ltr'><strong>quinquaginta</strong></span> 
     </span>
    </p>
   </div>
   <div class='ocr_carea' id='block_1_81' title="bbox 1945 3982 3518 4057">
    <p class='ocr_par' dir='ltr' id='par_1_81' title="bbox 1945 3982 3518 4057">
     <span class='ocr_line' id='line_1_81' title="bbox 1945 3982 3518 4057; baseline -0.006 -13"><span class='ocrx_word' id='word_1_596' title='bbox 1945 3991 2128 4045; x_wconf 88' lang='lat' dir='ltr'><strong>statim</strong></span> <span class='ocrx_word' id='word_1_597' title='bbox 2171 3988 2499 4043; x_wconf 84' lang='lat' dir='ltr'><strong>numerandi</strong></span> <span class='ocrx_word' id='word_1_598' title='bbox 2547 3987 2919 4057; x_wconf 83' lang='lat' dir='ltr'><strong>postulantur,</strong></span> <span class='ocrx_word' id='word_1_599' title='bbox 2962 3983 3196 4055; x_wconf 88' lang='lat' dir='ltr'><strong>adjectis</strong></span> <span class='ocrx_word' id='word_1_600' title='bbox 3239 3982 3518 4037; x_wconf 86' lang='lat' dir='ltr'><strong>conditio-</strong></span> 
     </span>
    </p>
   </div>
   <div class='ocr_carea' id='block_1_82' title="bbox 1944 4073 3523 4151">
    <p class='ocr_par' dir='ltr' id='par_1_82' title="bbox 1944 4073 3523 4151">
     <span class='ocr_line' id='line_1_82' title="bbox 1944 4073 3523 4151; baseline -0.004 -15"><span class='ocrx_word' id='word_1_601' title='bbox 1944 4083 2108 4136; x_wconf 84' lang='lat' dir='ltr'><strong>nibus</strong></span> <span class='ocrx_word' id='word_1_602' title='bbox 2141 4082 2350 4151; x_wconf 89' lang='lat' dir='ltr'><strong>aliquot</strong></span> <span class='ocrx_word' id='word_1_603' title='bbox 2379 4079 2687 4135; x_wconf 86' lang='lat' dir='ltr'><strong>durissitnis</strong></span> <span class='ocrx_word' id='word_1_604' title='bbox 2721 4091 2775 4133; x_wconf 91' lang='lat' dir='ltr'><strong>et</strong></span> <span class='ocrx_word' id='word_1_605' title='bbox 2816 4078 3039 4131; x_wconf 87' lang='lat' dir='ltr'><strong>minime</strong></span> <span class='ocrx_word' id='word_1_606' title='bbox 3081 4074 3422 4143; x_wconf 87' lang='lat' dir='ltr'><strong>accipiendis</strong></span> <span class='ocrx_word' id='word_1_607' title='bbox 3458 4073 3523 4129; x_wconf 66' lang='lat' dir='ltr'><strong>ii;</strong></span> 
     </span>
    </p>
   </div>
   <div class='ocr_carea' id='block_1_83' title="bbox 1945 4162 3520 4241">
    <p class='ocr_par' dir='ltr' id='par_1_83' title="bbox 1945 4162 3520 4241">
     <span class='ocr_line' id='line_1_83' title="bbox 1945 4162 3520 4241; baseline -0.006 -18"><span class='ocrx_word' id='word_1_608' title='bbox 1945 4171 2038 4241; x_wconf 85' lang='lat' dir='ltr'><strong>qui</strong></span> <span class='ocrx_word' id='word_1_609' title='bbox 2096 4170 2365 4225; x_wconf 85' lang='lat' dir='ltr'><strong>libertatis</strong></span> <span class='ocrx_word' id='word_1_610' title='bbox 2423 4168 2768 4223; x_wconf 81' lang='lat' dir='ltr'><strong>dulcedinem</strong></span> <span class='ocrx_word' id='word_1_611' title='bbox 2822 4172 2950 4219; x_wconf 88' lang='lat' dir='ltr'><strong>sunt</strong></span> <span class='ocrx_word' id='word_1_612' title='bbox 2980 4163 3192 4232; x_wconf 74' lang='lat' dir='ltr'><strong>experti</strong></span> <span class='ocrx_word' id='word_1_613' title='bbox 3246 4171 3301 4215; x_wconf 89' lang='lat' dir='ltr'><strong>et</strong></span> <span class='ocrx_word' id='word_1_614' title='bbox 3346 4162 3520 4229; x_wconf 83' lang='lat' dir='ltr'><strong>impe-</strong></span> 
     </span>
    </p>
   </div>
   <div class='ocr_carea' id='block_1_84' title="bbox 1947 4251 3513 4330">
    <p class='ocr_par' dir='ltr' id='par_1_84' title="bbox 1947 4251 3513 4330">
     <span class='ocr_line' id='line_1_84' title="bbox 1947 4251 3513 4330; baseline -0.008 -14"><span class='ocrx_word' id='word_1_615' title='bbox 1947 4278 2090 4325; x_wconf 87' lang='lat' dir='ltr'><strong>rare,</strong></span> <span class='ocrx_word' id='word_1_616' title='bbox 2146 4277 2255 4316; x_wconf 88' lang='lat' dir='ltr'><strong>non</strong></span> <span class='ocrx_word' id='word_1_617' title='bbox 2294 4276 2485 4330; x_wconf 90' lang='lat' dir='ltr'><strong>parere</strong></span> <span class='ocrx_word' id='word_1_618' title='bbox 2533 4258 2864 4321; x_wconf 89' lang='lat' dir='ltr'><strong>didicerunt,</strong></span> <span class='ocrx_word' id='word_1_619' title='bbox 2915 4265 2969 4311; x_wconf 92' lang='lat' dir='ltr'><strong>et</strong></span> <span class='ocrx_word' id='word_1_620' title='bbox 3019 4254 3274 4319; x_wconf 83' lang='lat' dir='ltr'><strong>Laconici</strong></span> <span class='ocrx_word' id='word_1_621' title='bbox 3320 4251 3513 4322; x_wconf 73' lang='lat' dir='ltr'><strong>ﬂagelli</strong></span> 
     </span>
    </p>
   </div>
   <div class='ocr_carea' id='block_1_85' title="bbox 1947 4341 3516 4417">
    <p class='ocr_par' dir='ltr' id='par_1_85' title="bbox 1947 4341 3516 4417">
     <span class='ocr_line' id='line_1_85' title="bbox 1947 4341 3516 4417; baseline -0.005 -16"><span class='ocrx_word' id='word_1_622' title='bbox 1947 4348 2297 4403; x_wconf 87' lang='lat' dir='ltr'><strong>acerbitatem</strong></span> <span class='ocrx_word' id='word_1_623' title='bbox 2324 4347 2728 4417; x_wconf 88' lang='lat' dir='ltr'><strong>superantibus.</strong></span> <span class='ocrx_word' id='word_1_624' title='bbox 2766 4345 2978 4410; x_wconf 81' lang='lat' dir='ltr'><strong>Quibus</strong></span> <span class='ocrx_word' id='word_1_625' title='bbox 3012 4358 3143 4397; x_wconf 84' lang='lat' dir='ltr'><strong>vero</strong></span> <span class='ocrx_word' id='word_1_626' title='bbox 3176 4341 3516 4411; x_wconf 82' lang='lat' dir='ltr'><strong>captivitatis</strong></span> 
     </span>
    </p>
   </div>
   <div class='ocr_carea' id='block_1_86' title="bbox 1948 4433 3515 4510">
    <p class='ocr_par' dir='ltr' id='par_1_86' title="bbox 1948 4433 3515 4510">
     <span class='ocr_line' id='line_1_86' title="bbox 1948 4433 3515 4510; baseline -0.005 -17"><span class='ocrx_word' id='word_1_627' title='bbox 1948 4441 2247 4510; x_wconf 88' lang='lat' dir='ltr'><strong>periculum</strong></span> <span class='ocrx_word' id='word_1_628' title='bbox 2300 4438 2622 4493; x_wconf 90' lang='lat' dir='ltr'><strong>imminebat</strong></span> <span class='ocrx_word' id='word_1_629' title='bbox 2676 4454 2737 4491; x_wconf 84' lang='lat' dir='ltr'><strong>ac</strong></span> <span class='ocrx_word' id='word_1_630' title='bbox 2808 4435 3090 4505; x_wconf 89' lang='lat' dir='ltr'><strong>publicum</strong></span> <span class='ocrx_word' id='word_1_631' title='bbox 3164 4433 3391 4488; x_wconf 84' lang='lat' dir='ltr'><strong>exitium</strong></span> <span class='ocrx_word' id='word_1_632' title='bbox 3461 4441 3515 4486; x_wconf 91' lang='lat' dir='ltr'><strong>et</strong></span> 
     </span>
    </p>
   </div>
   <div class='ocr_carea' id='block_1_87' title="bbox 267 4524 1971 4600">
    <p class='ocr_par' dir='ltr' id='par_1_87' title="bbox 267 4528 1971 4593">
     <span class='ocr_line' id='line_1_87' title="bbox 267 4528 1971 4593; baseline 0.003 -13"><span class='ocrx_word' id='word_1_633' title='bbox 267 4528 365 4580; x_wconf 73' lang='grc' dir='ltr'>καὶ</span> <span class='ocrx_word' id='word_1_634' title='bbox 415 4529 667 4581; x_wconf 71' lang='grc' dir='ltr'>εἰωθόσιν</span> <span class='ocrx_word' id='word_1_635' title='bbox 718 4530 1061 4593; x_wconf 77' lang='grc' dir='ltr'>ἐπιτάσσειν,</span> <span class='ocrx_word' id='word_1_636' title='bbox 1114 4531 1215 4585; x_wconf 86' lang='grc' dir='ltr'>οὐκ</span> <span class='ocrx_word' id='word_1_637' title='bbox 1275 4533 1691 4593; x_wconf 80' lang='grc' dir='ltr'>ὲπιτάσσεσθαι,</span> <span class='ocrx_word' id='word_1_638' title='bbox 1742 4535 1839 4587; x_wconf 72' lang='grc' dir='ltr'><strong>καὶ</strong></span> <span class='ocrx_word' id='word_1_639' title='bbox 1870 4532 1971 4591; x_wconf 72' lang='grc' dir='ltr'><strong>υἱ]</strong></span> 
     </span>
    </p>
   </div>
   <div class='ocr_carea' id='block_1_88' title="bbox 1810 4524 3514 4600">
    <p class='ocr_par' dir='ltr' id='par_1_88' title="bbox 1810 4524 3514 4600">
     <span class='ocr_line' id='line_1_88' title="bbox 1810 4524 3514 4600; baseline -0.005 -16"><span class='ocrx_word' id='word_1_640' title='bbox 1810 4535 1839 4585; x_wconf 71' lang='grc' dir='ltr'><strong>,ἱ</strong></span> <span class='ocrx_word' id='word_1_641' title='bbox 1870 4532 1921 4591; x_wconf 91' lang='lat' dir='ltr'>D</span> <span class='ocrx_word' id='word_1_642' title='bbox 1949 4532 2259 4587; x_wconf 88' lang='lat' dir='ltr'><strong>inchoatum</strong></span> <span class='ocrx_word' id='word_1_643' title='bbox 2294 4540 2349 4584; x_wconf 91' lang='lat' dir='ltr'><strong>ct</strong></span> <span class='ocrx_word' id='word_1_644' title='bbox 2386 4540 2787 4599; x_wconf 80' lang='lat' dir='ltr'><strong>eanperatum,</strong></span> <span class='ocrx_word' id='word_1_645' title='bbox 2822 4528 2981 4600; x_wconf 76' lang='lat'><strong>752</strong></span> <span class='ocrx_word' id='word_1_646' title='bbox 3008 4528 3165 4596; x_wconf 87' lang='lat' dir='ltr'><strong>plane</strong></span> <span class='ocrx_word' id='word_1_647' title='bbox 3200 4524 3514 4580; x_wconf 86' lang='lat' dir='ltr'><strong>tolerabiles</strong></span> 
     </span>
    </p>
   </div>
   <div class='ocr_carea' id='block_1_89' title="bbox 265 4620 1844 4693">
    <p class='ocr_par' dir='ltr' id='par_1_89' title="bbox 265 4620 1844 4693">
     <span class='ocr_line' id='line_1_89' title="bbox 265 4620 1844 4693; baseline 0.003 -19"><span class='ocrx_word' id='word_1_648' title='bbox 265 4621 591 4674; x_wconf 69' lang='grc' dir='ltr'>Λακωνικαὶ</span> <span class='ocrx_word' id='word_1_649' title='bbox 652 4620 870 4693; x_wconf 82' lang='grc' dir='ltr'>βαρεῖαι</span> <span class='ocrx_word' id='word_1_650' title='bbox 924 4622 1242 4691; x_wconf 86' lang='grc' dir='ltr'>κρινόμεναι</span> <span class='ocrx_word' id='word_1_651' title='bbox 1306 4624 1578 4693; x_wconf 81' lang='grc' dir='ltr'>μάστιγες</span> <span class='ocrx_word' id='word_1_652' title='bbox 1608 4640 1627 4656; x_wconf 76' lang='grc' dir='ltr'><strong><em>ο</em></strong></span> <span class='ocrx_word' id='word_1_653' title='bbox 1661 4622 1743 4686; x_wconf 78' lang='grc' dir='ltr'><strong>οἷς</strong></span> <span class='ocrx_word' id='word_1_654' title='bbox 1800 4625 1844 4677; x_wconf 77' lang='grc' dir='ltr'>δ’</span> 
     </span>
    </p>
   </div>
   <div class='ocr_carea' id='block_1_90' title="bbox 268 4711 1846 4787">
    <p class='ocr_par' dir='ltr' id='par_1_90' title="bbox 268 4711 1846 4787">
     <span class='ocr_line' id='line_1_90' title="bbox 268 4711 1846 4787; baseline 0.002 -23"><span class='ocrx_word' id='word_1_655' title='bbox 268 4711 651 4779; x_wconf 74' lang='grc' dir='ltr'>αἰχμαλωσίας</span> <span class='ocrx_word' id='word_1_656' title='bbox 673 4714 962 4782; x_wconf 86' lang='grc' dir='ltr'>πρόκειται</span> <span class='ocrx_word' id='word_1_657' title='bbox 994 4715 1236 4778; x_wconf 86' lang='grc' dir='ltr'>κίνδυνος</span> <span class='ocrx_word' id='word_1_658' title='bbox 1264 4718 1357 4769; x_wconf 84' lang='grc' dir='ltr'>καὶ</span> <span class='ocrx_word' id='word_1_659' title='bbox 1384 4716 1663 4785; x_wconf 76' lang='grc' dir='ltr'>πάνδημος</span> <span class='ocrx_word' id='word_1_660' title='bbox 1687 4717 1846 4787; x_wconf 75' lang='grc' dir='ltr'><strong>ἀνέρο</strong></span> 
     </span>
    </p>
   </div>
   <div class='ocr_carea' id='block_1_91' title="bbox 272 4803 1845 4875">
    <p class='ocr_par' dir='ltr' id='par_1_91' title="bbox 272 4803 1845 4875">
     <span class='ocr_line' id='line_1_91' title="bbox 272 4803 1845 4875; baseline 0.005 -21"><span class='ocrx_word' id='word_1_661' title='bbox 272 4805 449 4874; x_wconf 81' lang='grc' dir='ltr'>ῥωγεν</span> <span class='ocrx_word' id='word_1_662' title='bbox 471 4803 696 4870; x_wconf 70' lang='grc' dir='ltr'>ὄλεθρος</span> <span class='ocrx_word' id='word_1_663' title='bbox 712 4805 770 4857; x_wconf 74' lang='grc' dir='ltr'><strong>τὸ</strong></span> <span class='ocrx_word' id='word_1_664' title='bbox 799 4805 898 4872; x_wconf 76' lang='grc' dir='ltr'>μέν</span> <span class='ocrx_word' id='word_1_665' title='bbox 931 4822 984 4857; x_wconf 92' lang='grc' dir='ltr'><strong>τι</strong></span> <span class='ocrx_word' id='word_1_666' title='bbox 1018 4805 1235 4875; x_wconf 83' lang='grc' dir='ltr'>πρώην,</span> <span class='ocrx_word' id='word_1_667' title='bbox 1261 4807 1321 4859; x_wconf 83' lang='grc' dir='ltr'>τὸ</span> <span class='ocrx_word' id='word_1_668' title='bbox 1354 4807 1412 4860; x_wconf 73' lang='grc' dir='ltr'>δὲ</span> <span class='ocrx_word' id='word_1_669' title='bbox 1442 4810 1535 4860; x_wconf 74' lang='grc' dir='ltr'>καὶ</span> <span class='ocrx_word' id='word_1_670' title='bbox 1568 4808 1845 4874; x_wconf 82' lang='grc' dir='ltr'>ὑπογυίως</span> 
     </span>
    </p>
   </div>
   <div class='ocr_carea' id='block_1_92' title="bbox 268 4894 1844 4969">
    <p class='ocr_par' dir='ltr' id='par_1_92' title="bbox 268 4894 1844 4969">
     <span class='ocr_line' id='line_1_92' title="bbox 268 4894 1844 4969; baseline 0.005 -25"><span class='ocrx_word' id='word_1_671' title='bbox 268 4894 769 4965; x_wconf 72' lang='grc' dir='ltr'>ἀναστομούμενος,</span> <span class='ocrx_word' id='word_1_672' title='bbox 813 4897 1045 4949; x_wconf 73' lang='grc' dir='ltr'>ἀνεκταὶ</span> <span class='ocrx_word' id='word_1_673' title='bbox 1073 4897 1292 4961; x_wconf 76' lang='grc' dir='ltr'>πάντως</span> <span class='ocrx_word' id='word_1_674' title='bbox 1324 4898 1459 4969; x_wconf 78' lang='grc' dir='ltr'>μηδὲ</span> <span class='ocrx_word' id='word_1_675' title='bbox 1493 4899 1844 4952; x_wconf 83' lang='grc' dir='ltr'>παντάπασιν</span> 
     </span>
    </p>
   </div>
   <div class='ocr_carea' id='block_1_93' title="bbox 265 4981 1845 5058">
    <p class='ocr_par' dir='ltr' id='par_1_93' title="bbox 265 4981 1845 5058">
     <span class='ocr_line' id='line_1_93' title="bbox 265 4981 1845 5058; baseline 0.003 -19"><span class='ocrx_word' id='word_1_676' title='bbox 265 4982 669 5052; x_wconf 75' lang='grc' dir='ltr'>ἁχθεινόταται.</span> <span class='ocrx_word' id='word_1_677' title='bbox 719 4985 807 5038; x_wconf 85' lang='grc' dir='ltr'>Ἐν</span> <span class='ocrx_word' id='word_1_678' title='bbox 828 4981 872 5053; x_wconf 81' lang='grc' dir='ltr'><strong>ᾧ</strong></span> <span class='ocrx_word' id='word_1_679' title='bbox 898 4986 955 5039; x_wconf 74' lang='grc' dir='ltr'>δὲ</span> <span class='ocrx_word' id='word_1_680' title='bbox 986 4987 1052 5039; x_wconf 76' lang='grc' dir='ltr'>τὰ</span> <span class='ocrx_word' id='word_1_681' title='bbox 1078 4987 1214 5055; x_wconf 82' lang='grc' dir='ltr'>πρὸς</span> <span class='ocrx_word' id='word_1_682' title='bbox 1244 4988 1467 5058; x_wconf 76' lang='grc' dir='ltr'>εἰρήνην</span> <span class='ocrx_word' id='word_1_683' title='bbox 1496 4988 1577 5050; x_wconf 85' lang='grc' dir='ltr'><strong>είς</strong></span> <span class='ocrx_word' id='word_1_684' title='bbox 1606 4988 1845 5054; x_wconf 77' lang='grc' dir='ltr'>διάλεξιν</span> 
     </span>
    </p>
   </div>
   <div class='ocr_carea' id='block_1_94' title="bbox 265 5072 1842 5153">
    <p class='ocr_par' dir='ltr' id='par_1_94' title="bbox 265 5072 1842 5153">
     <span class='ocr_line' id='line_1_94' title="bbox 265 5072 1842 5153; baseline 0.004 -28"><span class='ocrx_word' id='word_1_685' title='bbox 265 5072 617 5153; x_wconf 73' lang='grc' dir='ltr'>προῦκειντο,</span> <span class='ocrx_word' id='word_1_686' title='bbox 673 5076 898 5130; x_wconf 79' lang='grc' dir='ltr'>ἱππικαὶ</span> <span class='ocrx_word' id='word_1_687' title='bbox 943 5078 1235 5131; x_wconf 68' lang='grc' dir='ltr'>Λατινικαλ.</span> <span class='ocrx_word' id='word_1_688' title='bbox 1279 5078 1542 5149; x_wconf 85' lang='grc' dir='ltr'>δυνάμεις</span> <span class='ocrx_word' id='word_1_689' title='bbox 1578 5080 1636 5145; x_wconf 78' lang='grc' dir='ltr'><strong>ἐξ</strong></span> <span class='ocrx_word' id='word_1_690' title='bbox 1670 5079 1842 5151; x_wconf 86' lang='grc' dir='ltr'>ὑπερ-</span> 
     </span>
    </p>
   </div>
   <div class='ocr_carea' id='block_1_95' title="bbox 260 5166 1846 5240">
    <p class='ocr_par' dir='ltr' id='par_1_95' title="bbox 260 5166 1846 5240">
     <span class='ocr_line' id='line_1_95' title="bbox 260 5166 1846 5240; baseline 0.005 -23"><span class='ocrx_word' id='word_1_691' title='bbox 260 5166 454 5231; x_wconf 74' lang='grc' dir='ltr'>δεξίων</span> <span class='ocrx_word' id='word_1_692' title='bbox 504 5168 704 5234; x_wconf 78' lang='grc' dir='ltr'>αἴφνης</span> <span class='ocrx_word' id='word_1_693' title='bbox 762 5170 1019 5237; x_wconf 81' lang='grc' dir='ltr'>φανεῖσαι</span> <span class='ocrx_word' id='word_1_694' title='bbox 1072 5170 1252 5239; x_wconf 81' lang='grc' dir='ltr'>ἡνίαις</span> <span class='ocrx_word' id='word_1_695' title='bbox 1307 5170 1459 5233; x_wconf 82' lang='grc' dir='ltr'>ὅλαις</span> <span class='ocrx_word' id='word_1_696' title='bbox 1502 5169 1579 5240; x_wconf 85' lang='grc' dir='ltr'>τῷ</span> <span class='ocrx_word' id='word_1_697' title='bbox 1634 5172 1846 5240; x_wconf 82' lang='grc' dir='ltr'>βασιλεῖ</span> 
     </span>
    </p>
   </div>
   <div class='ocr_carea' id='block_1_96' title="bbox 265 5257 1842 5332">
    <p class='ocr_par' dir='ltr' id='par_1_96' title="bbox 265 5257 1842 5332">
     <span class='ocr_line' id='line_1_96' title="bbox 265 5257 1842 5332; baseline 0.006 -25"><span class='ocrx_word' id='word_1_698' title='bbox 265 5257 626 5324; x_wconf 76' lang='grc' dir='ltr'>ἐπιτίθενται,</span> <span class='ocrx_word' id='word_1_699' title='bbox 677 5258 754 5322; x_wconf 84' lang='grc' dir='ltr'>ὡς</span> <span class='ocrx_word' id='word_1_700' title='bbox 804 5260 959 5328; x_wconf 80' lang='grc' dir='ltr'>μόλις</span> <span class='ocrx_word' id='word_1_701' title='bbox 1034 5262 1242 5314; x_wconf 68' lang='grc' dir='ltr'>ἐκεῖνον</span> <span class='ocrx_word' id='word_1_702' title='bbox 1302 5262 1703 5332; x_wconf 81' lang='grc' dir='ltr'>παρερύσαντα</span> <span class='ocrx_word' id='word_1_703' title='bbox 1749 5263 1842 5317; x_wconf 84' lang='grc' dir='ltr'><strong>τδν</strong></span> 
     </span>
    </p>
   </div>
   <div class='ocr_carea' id='block_1_97' title="bbox 264 5348 1840 5417">
    <p class='ocr_par' dir='ltr' id='par_1_97' title="bbox 264 5348 1840 5417">
     <span class='ocr_line' id='line_1_97' title="bbox 264 5348 1840 5417; baseline 0.005 -18"><span class='ocrx_word' id='word_1_704' title='bbox 264 5349 434 5400; x_wconf 79' lang='grc' dir='ltr'>ῖττπον</span> <span class='ocrx_word' id='word_1_705' title='bbox 479 5348 793 5417; x_wconf 83' lang='grc' dir='ltr'>διεκφυγεῖν</span> <span class='ocrx_word' id='word_1_706' title='bbox 843 5350 936 5403; x_wconf 84' lang='grc' dir='ltr'>τὸν</span> <span class='ocrx_word' id='word_1_707' title='bbox 980 5351 1249 5416; x_wconf 81' lang='grc' dir='ltr'>κίνδυνον,</span> <span class='ocrx_word' id='word_1_708' title='bbox 1293 5352 1400 5405; x_wconf 85' lang='grc' dir='ltr'><strong>τῶν</strong></span> <span class='ocrx_word' id='word_1_709' title='bbox 1458 5353 1513 5404; x_wconf 77' lang='grc' dir='ltr'>δὲ</span> <span class='ocrx_word' id='word_1_710' title='bbox 1570 5355 1840 5407; x_wconf 85' lang='grc' dir='ltr'>συνόντων</span> 
     </span>
    </p>
   </div>
   <div class='ocr_carea' id='block_1_98' title="bbox 258 5429 1841 5514">
    <p class='ocr_par' dir='ltr' id='par_1_98' title="bbox 258 5429 1841 5514">
     <span class='ocr_line' id='line_1_98' title="bbox 258 5429 1841 5514; baseline 0.006 -26"><span class='ocrx_word' id='word_1_711' title='bbox 258 5440 594 5508; x_wconf 66' lang='grc' dir='ltr'>χειρωθῆναι</span> <span class='ocrx_word' id='word_1_712' title='bbox 624 5457 776 5502; x_wconf 82' lang='grc' dir='ltr'>τινας</span> <span class='ocrx_word' id='word_1_713' title='bbox 802 5457 817 5473; x_wconf 73' lang='grc' dir='ltr'><strong>ο</strong></span> <span class='ocrx_word' id='word_1_714' title='bbox 849 5440 909 5495; x_wconf 83' lang='grc' dir='ltr'><strong>τὸ</strong></span> <span class='ocrx_word' id='word_1_715' title='bbox 947 5442 1055 5511; x_wconf 77' lang='grc' dir='ltr'><strong>γὰρ</strong></span> <span class='ocrx_word' id='word_1_716' title='bbox 1098 5429 1280 5513; x_wconf 77' lang='grc' dir='ltr'>ἄκρον.</span> <span class='ocrx_word' id='word_1_717' title='bbox 1302 5443 1403 5513; x_wconf 83' lang='grc' dir='ltr'>τῆς</span> <span class='ocrx_word' id='word_1_718' title='bbox 1441 5445 1667 5497; x_wconf 81' lang='grc' dir='ltr'>ἐκείνων</span> <span class='ocrx_word' id='word_1_719' title='bbox 1706 5446 1841 5514; x_wconf 78' lang='grc' dir='ltr'>πρὸς</span> 
     </span>
    </p>
   </div>
   <div class='ocr_carea' id='block_1_99' title="bbox 261 5532 1840 5612">
    <p class='ocr_par' dir='ltr' id='par_1_99' title="bbox 261 5532 1840 5612">
     <span class='ocr_line' id='line_1_99' title="bbox 261 5532 1840 5612; baseline 0.004 -30"><span class='ocrx_word' id='word_1_720' title='bbox 261 5533 413 5612; x_wconf 71' lang='grc' dir='ltr'>ἡμᾶς</span> <span class='ocrx_word' id='word_1_721' title='bbox 441 5532 738 5601; x_wconf 80' lang='grc' dir='ltr'>ἀπεχθείας</span> <span class='ocrx_word' id='word_1_722' title='bbox 767 5534 863 5585; x_wconf 75' lang='grc' dir='ltr'><strong>καὶ</strong></span> <span class='ocrx_word' id='word_1_723' title='bbox 888 5534 946 5586; x_wconf 79' lang='grc' dir='ltr'>τὸ</span> <span class='ocrx_word' id='word_1_724' title='bbox 976 5534 1318 5603; x_wconf 79' lang='grc' dir='ltr'>ύπερὸἀλλον</span> <span class='ocrx_word' id='word_1_725' title='bbox 1346 5534 1447 5605; x_wconf 83' lang='grc' dir='ltr'>τῆς</span> <span class='ocrx_word' id='word_1_726' title='bbox 1476 5536 1564 5588; x_wconf 79' lang='grc' dir='ltr'><strong>ἐπ’</strong></span> <span class='ocrx_word' id='word_1_727' title='bbox 1597 5537 1840 5599; x_wconf 78' lang='grc' dir='ltr'>ἐκείνους</span> 
     </span>
    </p>
   </div>
   <div class='ocr_carea' id='block_1_100' title="bbox 262 5622 1839 5707">
    <p class='ocr_par' dir='ltr' id='par_1_100' title="bbox 262 5622 1839 5707">
     <span class='ocr_line' id='line_1_100' title="bbox 262 5622 1839 5707; baseline 0.006 -35"><span class='ocrx_word' id='word_1_728' title='bbox 262 5622 427 5707; x_wconf 60' lang='grc' dir='ltr'>ἡμῶν</span> <span class='ocrx_word' id='word_1_729' title='bbox 446 5624 710 5693; x_wconf 86' lang='grc' dir='ltr'>διχονοίας</span> <span class='ocrx_word' id='word_1_730' title='bbox 731 5625 991 5694; x_wconf 74' lang='grc' dir='ltr'>οὐδεμίαν</span> <span class='ocrx_word' id='word_1_731' title='bbox 1023 5627 1305 5697; x_wconf 75' lang='grc' dir='ltr'>ἑκατέροις</span> <span class='ocrx_word' id='word_1_732' title='bbox 1338 5628 1642 5698; x_wconf 82' lang='grc' dir='ltr'>παρεισῆγε</span> <span class='ocrx_word' id='word_1_733' title='bbox 1666 5627 1839 5700; x_wconf 71' lang='grc' dir='ltr'>ῥοπὴν</span> 
     </span>
    </p>
   </div>
   <div class='ocr_carea' id='block_1_101' title="bbox 266 5717 1839 5799">
    <p class='ocr_par' dir='ltr' id='par_1_101' title="bbox 266 5717 1839 5799">
     <span class='ocr_line' id='line_1_101' title="bbox 266 5717 1839 5799; baseline 0.008 -34"><span class='ocrx_word' id='word_1_734' title='bbox 266 5717 676 5799; x_wconf 68' lang='grc' dir='ltr'>φιλάνθρωπον.</span> <span class='ocrx_word' id='word_1_735' title='bbox 715 5717 797 5772; x_wconf 71' lang='grc' dir='ltr'><strong>Τὰ</strong></span> <span class='ocrx_word' id='word_1_736' title='bbox 833 5720 879 5773; x_wconf 82' lang='grc' dir='ltr'>δ’</span> <span class='ocrx_word' id='word_1_737' title='bbox 910 5720 999 5774; x_wconf 78' lang='grc' dir='ltr'><strong>ἐπὶ</strong></span> <span class='ocrx_word' id='word_1_738' title='bbox 1029 5720 1237 5784; x_wconf 86' lang='grc' dir='ltr'>τούτοις</span> <span class='ocrx_word' id='word_1_739' title='bbox 1276 5721 1706 5775; x_wconf 82' lang='grc' dir='ltr'>ἀποσαλεύονται</span> <span class='ocrx_word' id='word_1_740' title='bbox 1728 5722 1839 5777; x_wconf 86' lang='grc' dir='ltr'><strong>τῶν</strong></span> 
     </span>
    </p>
   </div>
   <div class='ocr_carea' id='block_1_102' title="bbox 261 5806 1836 5882">
    <p class='ocr_par' dir='ltr' id='par_1_102' title="bbox 261 5806 1836 5882">
     <span class='ocr_line' id='line_1_102' title="bbox 261 5806 1836 5882; baseline 0.005 -22"><span class='ocrx_word' id='word_1_741' title='bbox 261 5806 438 5877; x_wconf 71' lang='grc' dir='ltr'>ᾐόνων</span> <span class='ocrx_word' id='word_1_742' title='bbox 468 5809 533 5861; x_wconf 72' lang='grc' dir='ltr'>τὰ</span> <span class='ocrx_word' id='word_1_743' title='bbox 568 5811 802 5877; x_wconf 78' lang='grc' dir='ltr'>μέγιστα</span> <span class='ocrx_word' id='word_1_744' title='bbox 845 5809 956 5863; x_wconf 85' lang='grc' dir='ltr'>τῶν</span> <span class='ocrx_word' id='word_1_745' title='bbox 985 5810 1297 5865; x_wconf 75' lang='grc' dir='ltr'>ἀντιπάλων</span> <span class='ocrx_word' id='word_1_746' title='bbox 1346 5810 1590 5880; x_wconf 84' lang='grc' dir='ltr'>σκαφῶν,</span> <span class='ocrx_word' id='word_1_747' title='bbox 1641 5814 1728 5882; x_wconf 71' lang='grc' dir='ltr'><strong>ἔφ’</strong></span> <span class='ocrx_word' id='word_1_748' title='bbox 1761 5807 1836 5868; x_wconf 67' lang='grc' dir='ltr'>ὧν</span> 
     </span>
    </p>
   </div>
   <div class='ocr_carea' id='block_1_103' title="bbox 1945 4616 3512 4685">
    <p class='ocr_par' dir='ltr' id='par_1_103' title="bbox 1945 4616 3512 4685">
     <span class='ocr_line' id='line_1_103' title="bbox 1945 4616 3512 4685; baseline -0.007 -5"><span class='ocrx_word' id='word_1_749' title='bbox 1945 4634 2102 4681; x_wconf 90' lang='lat' dir='ltr'><strong>erant</strong></span> <span class='ocrx_word' id='word_1_750' title='bbox 2139 4639 2240 4679; x_wconf 86' lang='lat' dir='ltr'><strong>nec</strong></span> <span class='ocrx_word' id='word_1_751' title='bbox 2269 4624 2513 4677; x_wconf 76' lang='lat' dir='ltr'><strong>omnium</strong></span> <span class='ocrx_word' id='word_1_752' title='bbox 2544 4622 2892 4677; x_wconf 63' lang='lat' dir='ltr'><strong>difﬁcillimae.</strong></span> <span class='ocrx_word' id='word_1_753' title='bbox 2927 4621 3062 4673; x_wconf 84' lang='lat' dir='ltr'><strong>Dum</strong></span> <span class='ocrx_word' id='word_1_754' title='bbox 3110 4633 3243 4673; x_wconf 85' lang='lat' dir='ltr'><strong>vero</strong></span> <span class='ocrx_word' id='word_1_755' title='bbox 3278 4616 3345 4671; x_wconf 90' lang='lat' dir='ltr'><strong>de</strong></span> <span class='ocrx_word' id='word_1_756' title='bbox 3379 4631 3512 4685; x_wconf 87' lang='lat' dir='ltr'><strong>pace</strong></span> 
     </span>
    </p>
   </div>
   <div class='ocr_carea' id='block_1_104' title="bbox 1946 4711 3507 4785">
    <p class='ocr_par' dir='ltr' id='par_1_104' title="bbox 1946 4711 3507 4785">
     <span class='ocr_line' id='line_1_104' title="bbox 1946 4711 3507 4785; baseline -0.006 -15"><span class='ocrx_word' id='word_1_757' title='bbox 1946 4716 2276 4785; x_wconf 90' lang='lat' dir='ltr'><strong>disputatur,</strong></span> <span class='ocrx_word' id='word_1_758' title='bbox 2330 4714 2646 4769; x_wconf 86' lang='lat' dir='ltr'><strong>Latinorum</strong></span> <span class='ocrx_word' id='word_1_759' title='bbox 2688 4721 2973 4782; x_wconf 87' lang='lat' dir='ltr'><strong>equestres</strong></span> <span class='ocrx_word' id='word_1_760' title='bbox 3032 4711 3203 4778; x_wconf 70' lang='lat' dir='ltr'><strong>copiae</strong></span> <span class='ocrx_word' id='word_1_761' title='bbox 3234 4724 3299 4763; x_wconf 88' lang='lat' dir='ltr'><strong>ex</strong></span> <span class='ocrx_word' id='word_1_762' title='bbox 3340 4722 3507 4776; x_wconf 87' lang='lat' dir='ltr'><strong>supe-</strong></span> 
     </span>
    </p>
   </div>
   <div class='ocr_carea' id='block_1_105' title="bbox 1946 4799 3507 4875">
    <p class='ocr_par' dir='ltr' id='par_1_105' title="bbox 1946 4799 3507 4875">
     <span class='ocr_line' id='line_1_105' title="bbox 1946 4799 3507 4875; baseline -0.007 -13"><span class='ocrx_word' id='word_1_763' title='bbox 1946 4809 2090 4863; x_wconf 90' lang='lat' dir='ltr'><strong>riore</strong></span> <span class='ocrx_word' id='word_1_764' title='bbox 2145 4809 2265 4863; x_wconf 92' lang='lat' dir='ltr'><strong>loco</strong></span> <span class='ocrx_word' id='word_1_765' title='bbox 2323 4808 2505 4862; x_wconf 89' lang='lat' dir='ltr'><strong>subito</strong></span> <span class='ocrx_word' id='word_1_766' title='bbox 2552 4816 2905 4875; x_wconf 86' lang='lat' dir='ltr'><strong>erumpentes</strong></span> <span class='ocrx_word' id='word_1_767' title='bbox 2955 4803 3093 4856; x_wconf 82' lang='lat' dir='ltr'><strong>laxis</strong></span> <span class='ocrx_word' id='word_1_768' title='bbox 3142 4799 3371 4853; x_wconf 88' lang='lat' dir='ltr'><strong>habenis</strong></span> <span class='ocrx_word' id='word_1_769' title='bbox 3405 4800 3507 4851; x_wconf 85' lang='lat' dir='ltr'><strong>im-</strong></span> 
     </span>
    </p>
   </div>
   <div class='ocr_carea' id='block_1_106' title="bbox 1946 4889 3505 4970">
    <p class='ocr_par' dir='ltr' id='par_1_106' title="bbox 1946 4889 3505 4970">
     <span class='ocr_line' id='line_1_106' title="bbox 1946 4889 3505 4970; baseline -0.007 -17"><span class='ocrx_word' id='word_1_770' title='bbox 1946 4909 2250 4970; x_wconf 88' lang='lat' dir='ltr'><strong>peratorem</strong></span> <span class='ocrx_word' id='word_1_771' title='bbox 2270 4906 2481 4967; x_wconf 87' lang='lat' dir='ltr'><strong>petunt,</strong></span> <span class='ocrx_word' id='word_1_772' title='bbox 2510 4902 2570 4950; x_wconf 87' lang='lat' dir='ltr'><strong>ut</strong></span> <span class='ocrx_word' id='word_1_773' title='bbox 2604 4896 2693 4950; x_wconf 86' lang='lat' dir='ltr'><strong>vix</strong></span> <span class='ocrx_word' id='word_1_774' title='bbox 2731 4909 2874 4963; x_wconf 90' lang='lat' dir='ltr'><strong>equo</strong></span> <span class='ocrx_word' id='word_1_775' title='bbox 2898 4906 3165 4947; x_wconf 84' lang='lat' dir='ltr'><strong>converso</strong></span> <span class='ocrx_word' id='word_1_776' title='bbox 3198 4889 3505 4959; x_wconf 78' lang='lat' dir='ltr'><strong>periculum</strong></span> 
     </span>
    </p>
   </div>
   <div class='ocr_carea' id='block_1_107' title="bbox 1944 4984 3505 5061">
    <p class='ocr_par' dir='ltr' id='par_1_107' title="bbox 1944 4984 3505 5061">
     <span class='ocr_line' id='line_1_107' title="bbox 1944 4984 3505 5061; baseline -0.008 -16"><span class='ocrx_word' id='word_1_777' title='bbox 1944 4992 2286 5061; x_wconf 82' lang='lat' dir='ltr'><strong>eﬂ&#39;ugeretet</strong></span> <span class='ocrx_word' id='word_1_778' title='bbox 2356 4989 2617 5042; x_wconf 91' lang='lat' dir='ltr'><strong>comitum</strong></span> <span class='ocrx_word' id='word_1_779' title='bbox 2680 4986 2799 5055; x_wconf 90' lang='lat' dir='ltr'><strong>ejus</strong></span> <span class='ocrx_word' id='word_1_780' title='bbox 2855 4984 3064 5052; x_wconf 91' lang='lat' dir='ltr'><strong>aliquot</strong></span> <span class='ocrx_word' id='word_1_781' title='bbox 3134 4989 3505 5050; x_wconf 88' lang='lat' dir='ltr'><strong>caperentur.</strong></span> 
     </span>
    </p>
   </div>
   <div class='ocr_carea' id='block_1_108' title="bbox 1944 5071 3509 5145">
    <p class='ocr_par' dir='ltr' id='par_1_108' title="bbox 1944 5071 3509 5145">
     <span class='ocr_line' id='line_1_108' title="bbox 1944 5071 3509 5145; baseline -0.008 -9"><span class='ocrx_word' id='word_1_782' title='bbox 1944 5083 2075 5137; x_wconf 82' lang='lat' dir='ltr'><strong>Nam</strong></span> <span class='ocrx_word' id='word_1_783' title='bbox 2107 5096 2381 5135; x_wconf 90' lang='lat' dir='ltr'><strong>summum</strong></span> <span class='ocrx_word' id='word_1_784' title='bbox 2424 5094 2613 5134; x_wconf 89' lang='lat' dir='ltr'><strong>eorum</strong></span> <span class='ocrx_word' id='word_1_785' title='bbox 2649 5091 2777 5145; x_wconf 78' lang='lat' dir='ltr'><strong>erga</strong></span> <span class='ocrx_word' id='word_1_786' title='bbox 2810 5090 2911 5129; x_wconf 84' lang='lat' dir='ltr'><strong>nos</strong></span> <span class='ocrx_word' id='word_1_787' title='bbox 2947 5074 3130 5127; x_wconf 90' lang='lat' dir='ltr'><strong>odium</strong></span> <span class='ocrx_word' id='word_1_788' title='bbox 3174 5081 3230 5126; x_wconf 91' lang='lat' dir='ltr'><strong>et</strong></span> <span class='ocrx_word' id='word_1_789' title='bbox 3276 5071 3509 5125; x_wconf 87' lang='lat' dir='ltr'><strong>immen-</strong></span> 
     </span>
    </p>
   </div>
   <div class='ocr_carea' id='block_1_109' title="bbox 1942 5163 3505 5231">
    <p class='ocr_par' dir='ltr' id='par_1_109' title="bbox 1942 5163 3505 5231">
     <span class='ocr_line' id='line_1_109' title="bbox 1942 5163 3505 5231; baseline -0.01 -3"><span class='ocrx_word' id='word_1_790' title='bbox 1942 5188 2061 5228; x_wconf 87' lang='lat' dir='ltr'><strong>sum</strong></span> <span class='ocrx_word' id='word_1_791' title='bbox 2117 5182 2368 5226; x_wconf 84' lang='lat' dir='ltr'><strong>nostrum</strong></span> <span class='ocrx_word' id='word_1_792' title='bbox 2421 5186 2545 5226; x_wconf 90' lang='lat' dir='ltr'><strong>cum</strong></span> <span class='ocrx_word' id='word_1_793' title='bbox 2608 5169 2717 5224; x_wconf 86' lang='lat' dir='ltr'><strong>illis</strong></span> <span class='ocrx_word' id='word_1_794' title='bbox 2754 5166 3038 5222; x_wconf 90' lang='lat' dir='ltr'><strong>dissidium</strong></span> <span class='ocrx_word' id='word_1_795' title='bbox 3093 5163 3346 5218; x_wconf 88' lang='lat' dir='ltr'><strong>obstabat</strong></span> <span class='ocrx_word' id='word_1_796' title='bbox 3395 5176 3505 5231; x_wconf 90' lang='lat' dir='ltr'><strong>quo</strong></span> 
     </span>
    </p>
   </div>
   <div class='ocr_carea' id='block_1_110' title="bbox 1943 5255 3503 5335">
    <p class='ocr_par' dir='ltr' id='par_1_110' title="bbox 1943 5255 3503 5335">
     <span class='ocr_line' id='line_1_110' title="bbox 1943 5255 3503 5335; baseline -0.008 -14"><span class='ocrx_word' id='word_1_797' title='bbox 1943 5266 2125 5321; x_wconf 92' lang='lat' dir='ltr'><strong>minus</strong></span> <span class='ocrx_word' id='word_1_798' title='bbox 2155 5266 2410 5335; x_wconf 88' lang='lat' dir='ltr'><strong>utrinque</strong></span> <span class='ocrx_word' id='word_1_799' title='bbox 2437 5264 2503 5317; x_wconf 86' lang='lat' dir='ltr'><strong>de</strong></span> <span class='ocrx_word' id='word_1_800' title='bbox 2534 5262 2704 5331; x_wconf 68' lang='lat' dir='ltr'><strong>aequis</strong></span> <span class='ocrx_word' id='word_1_801' title='bbox 2729 5257 3133 5315; x_wconf 84' lang='lat' dir='ltr'><strong>conditionibus</strong></span> <span class='ocrx_word' id='word_1_802' title='bbox 3167 5255 3249 5326; x_wconf 81' lang='lat' dir='ltr'><strong>agi</strong></span> <span class='ocrx_word' id='word_1_803' title='bbox 3298 5261 3503 5324; x_wconf 89' lang='lat' dir='ltr'><strong>posset.</strong></span> 
     </span>
    </p>
   </div>
   <div class='ocr_carea' id='block_1_111' title="bbox 1942 5346 3502 5416">
    <p class='ocr_par' dir='ltr' id='par_1_111' title="bbox 1942 5346 3502 5416">
     <span class='ocr_line' id='line_1_111' title="bbox 1942 5346 3502 5416; baseline -0.009 -5"><span class='ocrx_word' id='word_1_804' title='bbox 1942 5355 2150 5411; x_wconf 81' lang='lat' dir='ltr'><strong>Exinde</strong></span> <span class='ocrx_word' id='word_1_805' title='bbox 2194 5357 2440 5410; x_wconf 69' lang='lat' dir='ltr'><strong>maximae</strong></span> <span class='ocrx_word' id='word_1_806' title='bbox 2492 5354 2720 5407; x_wconf 90' lang='lat' dir='ltr'><strong>hostiles</strong></span> <span class='ocrx_word' id='word_1_807' title='bbox 2749 5365 2933 5411; x_wconf 87' lang='lat' dir='ltr'><strong>naves,</strong></span> <span class='ocrx_word' id='word_1_808' title='bbox 2971 5349 3025 5401; x_wconf 92' lang='lat' dir='ltr'><strong>iu</strong></span> <span class='ocrx_word' id='word_1_809' title='bbox 3064 5346 3267 5416; x_wconf 85' lang='lat' dir='ltr'><strong>quibus</strong></span> <span class='ocrx_word' id='word_1_810' title='bbox 3302 5352 3502 5414; x_wconf 79' lang='lat' dir='ltr'><strong>parata:</strong></span> 
     </span>
    </p>
   </div>
   <div class='ocr_carea' id='block_1_112' title="bbox 1941 5436 3503 5513">
    <p class='ocr_par' dir='ltr' id='par_1_112' title="bbox 1941 5436 3503 5513">
     <span class='ocr_line' id='line_1_112' title="bbox 1941 5436 3503 5513; baseline -0.01 -12"><span class='ocrx_word' id='word_1_811' title='bbox 1941 5457 2099 5501; x_wconf 91' lang='lat' dir='ltr'><strong>erant</strong></span> <span class='ocrx_word' id='word_1_812' title='bbox 2138 5447 2297 5501; x_wconf 74' lang='lat' dir='ltr'><strong>scala:</strong></span> <span class='ocrx_word' id='word_1_813' title='bbox 2343 5454 2646 5513; x_wconf 69' lang='lat' dir='ltr'><strong>creteraque</strong></span> <span class='ocrx_word' id='word_1_814' title='bbox 2694 5442 3054 5495; x_wconf 77' lang='lat' dir='ltr'><strong>inStrutnenta</strong></span> <span class='ocrx_word' id='word_1_815' title='bbox 3097 5436 3163 5489; x_wconf 90' lang='lat' dir='ltr'><strong>ad</strong></span> <span class='ocrx_word' id='word_1_816' title='bbox 3217 5448 3503 5504; x_wconf 71' lang='lat' dir='ltr'><strong>oppugna~</strong></span> 
     </span>
    </p>
   </div>
   <div class='ocr_carea' id='block_1_113' title="bbox 1942 5528 3501 5600">
    <p class='ocr_par' dir='ltr' id='par_1_113' title="bbox 1942 5528 3501 5600">
     <span class='ocr_line' id='line_1_113' title="bbox 1942 5528 3501 5600; baseline -0.008 -7"><span class='ocrx_word' id='word_1_817' title='bbox 1942 5541 2146 5593; x_wconf 89' lang='lat' dir='ltr'><strong>tionem</strong></span> <span class='ocrx_word' id='word_1_818' title='bbox 2199 5537 2525 5600; x_wconf 60' lang='lat' dir='ltr'><strong>necessaria,</strong></span> <span class='ocrx_word' id='word_1_819' title='bbox 2582 5551 2611 5589; x_wconf 92' lang='lat' dir='ltr'><strong>a</strong></span> <span class='ocrx_word' id='word_1_820' title='bbox 2651 5532 2930 5587; x_wconf 89' lang='lat' dir='ltr'><strong>littoribus</strong></span> <span class='ocrx_word' id='word_1_821' title='bbox 2976 5530 3213 5584; x_wconf 51' lang='lat' dir='ltr'><strong>reductae</strong></span> <span class='ocrx_word' id='word_1_822' title='bbox 3260 5535 3404 5583; x_wconf 84' lang='lat' dir='ltr'><strong>recta</strong></span> <span class='ocrx_word' id='word_1_823' title='bbox 3436 5528 3501 5582; x_wconf 91' lang='lat' dir='ltr'><strong>ad</strong></span> 
     </span>
    </p>
   </div>
   <div class='ocr_carea' id='block_1_114' title="bbox 1940 5620 3499 5699">
    <p class='ocr_par' dir='ltr' id='par_1_114' title="bbox 1940 5620 3499 5699">
     <span class='ocr_line' id='line_1_114' title="bbox 1940 5620 3499 5699; baseline -0.008 -15"><span class='ocrx_word' id='word_1_824' title='bbox 1940 5630 2143 5686; x_wconf 68' lang='lat' dir='ltr'><strong>moenia</strong></span> <span class='ocrx_word' id='word_1_825' title='bbox 2170 5628 2460 5693; x_wconf 87' lang='lat' dir='ltr'><strong>accedunt,</strong></span> <span class='ocrx_word' id='word_1_826' title='bbox 2491 5636 2546 5682; x_wconf 91' lang='lat' dir='ltr'><strong>et</strong></span> <span class='ocrx_word' id='word_1_827' title='bbox 2567 5626 2729 5699; x_wconf 89' lang='lat' dir='ltr'><strong>justis</strong></span> <span class='ocrx_word' id='word_1_828' title='bbox 2754 5624 2984 5679; x_wconf 89' lang='lat' dir='ltr'><strong>invicem</strong></span> <span class='ocrx_word' id='word_1_829' title='bbox 3023 5621 3293 5676; x_wconf 70' lang='lat' dir='ltr'><strong>distinctae</strong></span> <span class='ocrx_word' id='word_1_830' title='bbox 3321 5620 3499 5673; x_wconf 87' lang='lat' dir='ltr'><strong>inter-</strong></span> 
     </span>
    </p>
   </div>
   <div class='ocr_carea' id='block_1_115' title="bbox 1940 5713 3505 5790">
    <p class='ocr_par' dir='ltr' id='par_1_115' title="bbox 1940 5713 3505 5790">
     <span class='ocr_line' id='line_1_115' title="bbox 1940 5713 3505 5790; baseline -0.006 -14"><span class='ocrx_word' id='word_1_831' title='bbox 1940 5721 2102 5776; x_wconf 83' lang='lat' dir='ltr'><strong>vallis</strong></span> <span class='ocrx_word' id='word_1_832' title='bbox 2159 5722 2209 5776; x_wconf 85' lang='lat' dir='ltr'><strong>id</strong></span> <span class='ocrx_word' id='word_1_833' title='bbox 2277 5721 2514 5790; x_wconf 85' lang='lat' dir='ltr'><strong>spatium</strong></span> <span class='ocrx_word' id='word_1_834' title='bbox 2571 5728 2863 5788; x_wconf 83' lang='lat' dir='ltr'><strong>occupant,</strong></span> <span class='ocrx_word' id='word_1_835' title='bbox 2917 5715 3063 5785; x_wconf 86' lang='lat' dir='ltr'><strong>quod</strong></span> <span class='ocrx_word' id='word_1_836' title='bbox 3102 5713 3169 5768; x_wconf 91' lang='lat' dir='ltr'><strong>ad</strong></span> <span class='ocrx_word' id='word_1_837' title='bbox 3222 5713 3505 5784; x_wconf 76' lang='lat' dir='ltr'><strong>Evergetae</strong></span> 
     </span>
    </p>
   </div>
   <div class='ocr_carea' id='block_1_116' title="bbox 1940 5806 3501 5875">
    <p class='ocr_par' dir='ltr' id='par_1_116' title="bbox 1940 5806 3501 5875">
     <span class='ocr_line' id='line_1_116' title="bbox 1940 5806 3501 5875; baseline -0.006 -7"><span class='ocrx_word' id='word_1_838' title='bbox 1940 5814 2276 5870; x_wconf 87' lang='lat' dir='ltr'><strong>monasterio</strong></span> <span class='ocrx_word' id='word_1_839' title='bbox 2304 5813 2369 5867; x_wconf 84' lang='lat' dir='ltr'><strong>ad</strong></span> <span class='ocrx_word' id='word_1_840' title='bbox 2409 5812 2669 5868; x_wconf 84' lang='lat' dir='ltr'><strong>amussim</strong></span> <span class='ocrx_word' id='word_1_841' title='bbox 2701 5810 2766 5866; x_wconf 90' lang='lat' dir='ltr'><strong>ad</strong></span> <span class='ocrx_word' id='word_1_842' title='bbox 2827 5808 3207 5864; x_wconf 83' lang='lat' dir='ltr'><strong>Blachernium</strong></span> <span class='ocrx_word' id='word_1_843' title='bbox 3242 5806 3501 5875; x_wconf 78' lang='lat' dir='ltr'><strong>palatium</strong></span> 
     </span>
    </p>
   </div>
  </div>
