4314 6356
792 314 889 377 951

2012 319 2057 377 Ν
2073 318 2309 377 ΗἸΕΤᾸΞ
2345 317 2752 379 ΟΠΟΝΙΑΤᾹΞ

3924 319 4040 384 952

789 427 1128 492 extenditur,
1158 427 1409 482 incendio
1444 428 1747 483 desolatam
1769 438 2103 499 aspectuque
2133 428 2358 482 tantum.
2384 432 2435 487 Α
2467 445 2493 480 a

2350 432 2435 487 ..Α
2467 429 2522 480 αἱ
2565 427 2837 496 κλίμακες
2884 430 3173 498 εὐτρεπεῖς
3220 430 3314 483 καὶ
3345 430 3445 484 ὅσα
3474 430 3582 484 τῶν
3618 431 3867 500 ὀργάνων
3906 436 4054 491 πρὲις

796 516 917 583 Quo
941 519 1059 573 viso
1092 521 1286 582 Ducas,
1336 527 1394 573 ut
1443 521 1592 587 paria
1644 537 1769 575 cutn
1835 520 2086 575 hostibus
2140 519 2366 582 faceret,

797 607 914 677 ipse
950 626 1168 679 quoque
1218 612 1568 680 imperatoria
1615 613 1854 667 tentoria
1914 613 1968 666 in
2043 611 2255 665 tumulo
2299 610 2366 663 ad

799 699 1141 769 l’autepoptre
1176 702 1566 756 monasterium
1620 702 1705 773 tigi
1741 704 1932 773 jussit;
1987 702 2133 756 unde
2174 711 2228 755 et
2270 702 2372 755 lio-

799 791 966 845 stium
1000 807 1189 856 naves,
1220 802 1287 869 et.
1308 793 1570 861 quidquid
1597 804 1842 863 agerent,
1876 793 2115 861 conspici
2136 800 2368 861 poterat.

798 880 868 935 Ut
925 891 1106 935 autent
1167 897 1309 935 nona
1362 882 1481 936 dies
1547 884 1752 952 Aprilis
1806 884 2007 947 illuxit,
2074 884 2373 937 indictione

799 971 1032 1039 septima
1074 976 1201 1026 anni
1237 973 1604 1039 6712,1naves
1640 974 1704 1028 ad
1745 975 1947 1029 moenia
1986 974 2368 1037 contendunt;

800 1070 857 1113 et
906 1062 1128 1130 quidam
1173 1062 1409 1117 audaces
1450 1064 1672 1126 milites,
1706 1066 1871 1117 scalis
1893 1062 2231 1124 conscensis,
2267 1062 2372 1114 tela

804 1153 963 1222 753
988 1155 1162 1206 omnis
1206 1158 1421 1224 generis
1454 1158 1507 1208 in
1557 1172 1652 1209 eos
1686 1156 2000 1223 iaculantur
2028 1157 2120 1223 qui
2173 1154 2373 1206 mamia

803 1244 1193 1298 defendebant.
1225 1246 1301 1300 Ac.
1330 1262 1394 1299 eo
1427 1256 1540 1299 toto
1568 1246 1655 1300 die
1685 1248 1883 1300 acriter
1928 1256 2224 1315 pugnatum
2269 1256 2374 1305 cst,

803 1336 1035 1389 victoria
1072 1346 1250 1391 tamen
1288 1338 1353 1390 ad
1394 1338 1673 1392 Romanos
1707 1339 2041 1402 inclinante;
2088 1353 2213 1391 nam
2256 1351 2376 1388 sca-

805 1426 989 1493 ligcrie
1023 1436 1077 1480 et
1107 1437 1393 1495 equestres
1424 1444 1590 1483 naves
1623 1445 1680 1483 re
1714 1429 1913 1483 infecta
1965 1439 2095 1483 sunt
2145 1428 2212 1481 ab
2244 1427 2377 1480 urbe

808 1517 1062 1585 repulsze,
1108 1525 1163 1571 et
1207 1519 1497 1572 tormentis
1551 1534 1745 1587 magna
1790 1519 2031 1573 hostium
2081 1516 2377 1571 multitudo

808 1609 1091 1663 occubuit.
1131 1609 1403 1663 Postridie
1432 1619 1486 1663 et
1511 1610 1763 1678 sequenti
1793 1610 1882 1663 die
1912 1609 2196 1663 Dominieo
2224 1609 2381 1677 quie—

808 1710 1009 1753 verunt
1064 1700 1268 1753 hostes.
1320 1699 1450 1753 Inde
1486 1700 1686 1767 Aprilis
1734 1700 2083 1761 duodecima,
2136 1699 2376 1752 secunda

810 1790 899 1842 die
944 1797 1108 1843 sexta:
1152 1789 1511 1844 hebdomadis
1552 1790 1910 1860 jejuniorum,
1965 1805 2157 1844 rursus
2187 1789 2379 1843 urbem

812 1885 1024 1947 petunt.
1053 1878 1130 1931 Ac
1166 1892 1254 1931 res
1281 1886 1466 1931 nostra
1499 1892 1673 1945 usque
1703 1876 1769 1930 ad
1805 1876 2092 1930 meridiem
2118 1876 2377 1944 superior

813 1971 939 2033 fuit,
972 1979 1025 2022 et
1058 1984 1235 2038 pugna
1267 1970 1514 2022 atrocior
1560 1983 1723 2037 quam
1774 1967 2179 2021 nudiustertius
2227 1982 2377 2020 com-

815 2063 1004 2115 missa.
1039 2060 1144 2114 Sed
1176 2076 1300 2114 cum
1332 2061 1579 2113 omnium
1626 2060 1847 2114 urbium
1896 2059 2134 2113 domina:
2174 2058 2381 2111 civitati

814 2153 1099 2206 servitutis
1122 2152 1311 2221 jugum
1339 2150 1687 2205 subeundum
1729 2158 1895 2213 esset,
1923 2159 1980 2203 et
2016 2149 2263 2203 maxillas
2287 2164 2384 2201 no-

814 2254 956 2299 stras
981 2244 1137 2297 freno
1166 2256 1219 2297 et
1247 2258 1403 2297 camo
1427 2241 1879 2312 eonstringendas
1894 2242 2195 2296 censuisset
2216 2241 2381 2304 Deus,

815 2338 960 2408 quod
996 2352 1188 2391 omnes
1213 2334 1708 2399 deelinavcramus,
1740 2333 1999 2389 sacerdos
2026 2332 2265 2390 simulet
2290 2350 2384 2401 po-

819 2428 1002 2497 pulus.
1039 2437 1096 2479 ut
1127 2441 1304 2495 equus
1332 2425 1558 2481 effrenis
1591 2434 1647 2480 et
1675 2433 1992 2489 contumax,
2014 2424 2125 2478 duo
2162 2424 2261 2477 viri
2298 2439 2387 2477 sa-

817 2521 930 2575 lute
965 2534 1060 2573 sua
1110 2518 1345 2572 fortuna
1377 2518 1663 2587 permissa,
1698 2533 1765 2570 ex
1787 2517 1949 2570 scalis
1978 2531 2098 2586 qua:
2138 2515 2385 2586 proxime

819 2613 1063 2667 Petriutn
1112 2609 1377 2663 adversus
1429 2609 1815 2677 imperatorem
1867 2608 1922 2661 in
1981 2621 2148 2676 opere
2195 2613 2376 2669 erant,

819 2720 933 2773 pra!
967 2702 1179 2757 caeteris
1202 2701 1366 2756 sociis
1390 2701 1442 2755 in
1476 2703 1671 2754 turrim
1703 2698 1963 2754 desiliunt
1986 2711 2043 2753 et
2082 2699 2387 2753 Romanum

821 2795 1137 2865 praesidium
1164 2794 1479 2849 deturbant.
1522 2792 1730 2847 Deinde
1761 2792 1960 2861 agitata
2009 2806 2194 2855 manu,
2241 2791 2387 2859 quod

822 2889 1123 2941 alacritatis
1148 2896 1203 2940 et
1226 2885 1438 2939 ﬁducia:
1462 2885 1675 2953 signum
1711 2881 1874 2953 754
1901 2891 2067 2945 esset,
2099 2881 2389 2950 populares

824 2996 956 3034 suos
978 2980 1327 3033 conlirmant.
1373 2976 1577 3031 Eodem
1612 2991 1831 3046 quoque
1862 2985 2131 3042 tempore,
2164 2973 2386 3042 quidam

2470 518 2828 586 τειχομαχίαν
2860 518 3186 588 ἡτοίμασται
3218 520 3315 573 καὶ
3343 521 3417 583 ὡς
3450 523 3545 574 ἐπὶ
3580 521 3750 587 ζυγοῦ
3785 526 4052 572 κατατεί-

2474 624 2641 661 ναντα
2667 610 2761 660 ἐπὶ
2804 609 2902 679 τὴν
2957 608 3093 678 πρὸς
3141 609 3211 662 τὰ
3259 611 3416 680 τείχη
3481 610 3865 679 μεταϐαίνουσι
3905 610 4053 661 πλά-

2475 716 2701 766 στιγγα,
2732 701 2826 752 καὶ
2874 700 3188 770 διειλήφασι
3235 702 3342 754 τὸν,
3360 702 3560 770 χῶρον,
3598 703 3657 765 ἐς
3690 701 3752 754 τὸ
3785 701 4052 770 ἀποχρῶν

2472 790 2722 859 ἀλλήλων
2744 791 3085 861 διιστάμενα,
3111 792 3168 855 ὃς
3197 794 3261 845 ἐκ
3286 793 3386 859 τῆς
3409 793 3503 845 τοῦ
3537 793 3846 861 Εὐεργέτου
3876 788 4052 860 μονῆς

2474 883 2531 944 ἐς
2556 881 2623 934 τὰ
2648 884 2706 934 ἐν
2728 882 3063 952 Βλαχέρναις
3084 884 3361 954 ἀνάκτορα
3388 884 3727 954 γραμμικῶς
3754 882 4056 953 ἐκμηκίζε·

2474 989 2586 1031 ται,
2622 973 3107 1043 ἐμπεπῡρισμένος
3132 976 3206 1027 ὢν
3230 977 3324 1027 καὶ
3354 976 3773 1045 ἀνεσκαμμένος
3800 975 3869 1027 τὰ
3899 975 4054 1027 ἔνδον

2475 1064 2736 1116 οἰκόπεδα
2788 1064 2883 1116 καὶ
2929 1064 3128 1127 παντὸς
3174 1065 3510 1135 ἐψιλωμένος
3552 1066 3706 1137 ήδέος
3751 1066 4050 1134 θεάματος.

2480 1157 2658 1224 Ὅπερ
2705 1154 2826 1208 ἰδὼν
2859 1159 2887 1208 ὁ
2929 1157 3159 1221 Δούκας,
3210 1158 3353 1226 δρῶν
3390 1160 3482 1210 καὶ
3527 1159 3689 1219 αὐτὸς
3724 1161 3838 1221 τοῖς
3887 1158 4053 1209 πολε-

2482 1249 2623 1316 μίοις
2656 1247 2930 1311 ἀντίθετα,
2959 1248 3058 1315 τὴν
3091 1248 3364 1315 βασίλειον
3394 1246 3623 1299 αὐλαίαν
3654 1246 4051 1313 προσετετάχει

2477 1337 2803 1405 διαταθῆναι
2850 1338 2992 1390 κατὰ
3036 1337 3128 1389 τὸν
3156 1338 3214 1388 ὲν
3244 1340 3311 1405 τῇ
3341 1340 3476 1405 μονῇ
3507 1336 3602 1389 τοῦ
3656 1335 4051 1389 Παντεπόπτου

2482 1432 2743 1498 κολωνὶν,
2774 1432 2897 1485 ὅθεν
2928 1428 3069 1502 ἦσαν
3096 1434 3291 1501 όραταὶ
3334 1431 3432 1500 μὶν
3463 1432 3519 1485 αἱ
3557 1432 3685 1499 νῆες
3724 1431 3781 1482 αί
3824 1429 4054 1495 πολεμισ-

2482 1526 2716 1594 στήριοι,
2743 1524 3028 1592 καταφανῆ
3059 1522 3113 1575 δὲ
3148 1523 3242 1574 καὶ
3269 1521 3337 1575 τὰ
3370 1523 3504 1591 παρ’
3531 1520 3711 1573 αὐτῶν
3738 1520 3797 1572 ἐν
3824 1519 4055 1581 ταύταις

2481 1614 2754 1684 δρώμενα.
2801 1611 2889 1676 Ὠς
2915 1614 2958 1665 δ’
2990 1614 3314 1681 ἐπέφωσκεν
3342 1614 3376 1681 ἡ
3400 1613 3565 1680 ἐνάτη
3599 1611 3695 1664 τοῦ
3739 1610 4051 1679 Ἀπριλλίου

2486 1706 2655 1776 μηνὸς
2683 1707 2782 1773 τῆς
2811 1706 3044 1774 ἑϐδόμης
3087 1705 3415 1766 ίνδικτιῶνος
3452 1703 3546 1759 τοῦ
3584 1699 4052 1771 ἐξακισχιλιοστοῦ

2414 1765 2455 1818 Β
2486 1765 2917 1850 ἐπτακοσίοστοῦ
2936 1765 2947 1774 ’
2967 1765 3274 1848 δίοδεκάτου
3324 1765 3501 1855 ἔτους,
3538 1792 3608 1846 τὰ
3626 1765 3741 1862 *μὲν
3771 1765 3933 1843 πλοῖα
3961 1788 4053 1842 καὶ

2484 1890 2535 1941 οἱ
2564 1889 2841 1959 δρόμωνες
2880 1889 2995 1949 τοῖς
3029 1888 3229 1955 τείχεσι
3264 1884 3729 1955 προσπελάζουσι,
3759 1880 4050 1951 θαρσαλέοι

2481 1981 2540 2034 δέ
2569 1997 2710 2042 τινες
2750 1979 3124 2048 πολεμήτορες
3165 1979 3421 2029 ἐπανίασι
3449 1976 3548 2037 τὰς
3579 1975 3878 2043 κλίμακας,
3903 1972 3973 2022 τά
3997 1972 4049 2023 δὲ

2488 2069 2619 2139 βέλη
2647 2072 2877 2121 παντοῖα
2925 2068 3068 2119 κατὰ
3117 2066 3227 2119 τῶν
3274 2068 3464 2126 ἐντοῖς
3521 2064 3753 2133 πύργοις
3810 2062 4049 2129 ἠφίεντο.

2493 2161 2665 2229 Ὅλην
2697 2160 2795 2229 μὲν
2822 2158 2915 2212 οὖν
2936 2158 3152 2227 ἐκείνην
3183 2158 3279 2228 τὴν
3306 2157 3524 2226 ἡμέραν
3556 2155 3702 2224 μάχη
3749 2154 4051 2222 ἐνειστήκει

2486 2248 2799 2311 στονόεσσα,
2835 2244 2903 2316 ἦν
2934 2246 2993 2299 δέ
3018 2263 3134 2307 πως
3156 2245 3223 2299 τὰ
3260 2245 3549 2313 Ῥωμαίων
3576 2243 4013 2310 ἐπικρατέστερα
4036 2257 4049 2270 ·

2486 2339 2617 2393 αἵτε
2648 2338 2757 2408 γὰρ
2789 2336 3189 2406 κλιμακοφόροι
3236 2334 3362 2403 νῆες
3415 2339 3512 2387 σ’δν
3545 2336 3657 2395 τοῖς
3709 2335 4051 2400 ἱππαγωγοῖς

2486 2429 2761 2499 δρόμωσιν
2793 2428 3069 2496 ἄπρακτοι
3095 2426 3203 2479 τίίη
3236 2425 3433 2493 τειχῶν
3457 2422 3934 2490 ἀπεκρούσθησαν,
3965 2423 4055 2473 καὶ

2486 2522 2555 2573 τὰ
2584 2520 2694 2573 τῶν
2739 2519 2902 2572 λίθων
2940 2520 3004 2571 ἐκ
3042 2517 3141 2587 τῆς
3190 2517 3396 2579 πόλεως
3434 2516 3716 2584 ἀφετήρια
3766 2514 4054 2574 πλείστους

2488 2612 2649 2673 ὅσους
2675 2610 2781 2664 τῶν
2824 2608 3098 2677 πολεμίων
3130 2606 3465 2675 διέφθειραν.
3513 2606 3969 2674 ’Δνοχευσάμενοι
4003 2605 4054 2656 δὲ

2488 2704 2537 2755 οἱ
2569 2701 2817 2770 πολέμιοι
2849 2701 2947 2766 τὴν
2976 2699 3091 2768 μετ’
3121 2698 3337 2767 ἐκείνην
3377 2697 3596 2767 ἡμέραν
3621 2699 3715 2749 καὶ
3736 2696 3837 2763 τὴν
3863 2695 4055 2763 ἑφεξῆς

2488 2794 2853 2861 κυριώνυμον,
2904 2793 2968 2860 τῇ
3026 2789 3292 2859 ὑστεραία
3351 2789 3511 2841 πάλιν
3559 2791 3626 2856 τῇ
3682 2788 3838 2838 πόλει
3882 2801 4053 2851 xpos-

2491 2884 2713 2937 πλέουσι
2751 2884 2843 2937 καὶ
2878 2885 2997 2943 ταῖς
3036 2885 3160 2952 ᾐόσι
3206 2881 3617 2948 προσίσχουσιν,
3650 2878 3736 2948 [Ρ.
3763 2875 3891 2947 566]
3941 2877 4059 2947 ἥτις

2489 2972 2557 3037 ἦν
2591 2976 2861 3043 δωδεκάτη
2893 2976 2988 3041 μὲν
3015 2973 3109 3025 τοῦ
3156 2971 3470 3040 Ἀπριλλίου
3507 2970 3699 3039 μηνὸς,
3751 2966 3979 3036 δευτέρα
4006 2964 4059 3017 δέ

827 3088 999 3141 eques
1021 3071 1242 3124 nomine
1277 3070 1493 3133 Petrus,
1518 3084 1616 3137 per
1650 3078 1864 3137 portam
1914 3066 2115 3119 ibidem
2151 3063 2387 3133 ingredi-
2416 3102 2459 3159 ε
2491 3071 2531 3119 τε

2354 3066 2387 3116 i-
2416 3102 2459 3159 ε
2491 3070 2590 3136 τῆς
2628 3068 2793 3135 ἕκτης
2839 3065 3133 3133 ἑϐδομάδος
3175 3062 3284 3115 τῶν
3322 3060 3602 3129 νηστειῶν.
3650 3058 3809 3125 Μέσῃ
3842 3056 3943 3123 μὲν
3971 3052 4058 3107 οὖν

827 3176 938 3227 tur,
966 3164 1058 3233 qui
1092 3174 1232 3216 totas
1260 3161 1556 3231 phalanges
1595 3160 1786 3230 fugare
1835 3172 1997 3227 posse
2046 3167 2387 3219 censeretur,

828 3258 1093 3326 gigantem
1142 3252 1538 3322 propemodum
1589 3261 1831 3312 statum,
1881 3247 2146 3303 cassidem
2183 3249 2392 3300 turrite

830 3347 983 3400 urbis
1034 3346 1206 3399 instar
1246 3343 1424 3412 capite
1474 3350 1728 3412 gestans;
1782 3341 1938 3409 cujus
1986 3340 2147 3391 unius
2180 3338 2383 3405 equitis

830 3449 988 3492 torvo
1045 3437 1201 3489 vultu
1254 3443 1311 3487 et
1368 3430 1652 3501 Spectabili
1702 3429 2050 3497 proceritate,
2102 3425 2395 3492 stipatures

831 3526 1196 3598 imperatorii,
1254 3523 1510 3578 homines
1556 3521 1790 3580 nobiles.
1843 3528 1897 3572 et
1946 3518 2185 3584 reliquus
2235 3530 2393 3567 excr-

832 3622 975 3675 citus
1032 3635 1140 3673 non
1198 3618 1450 3673 tolerato.
1499 3620 1816 3668 consuetam
1878 3609 2019 3674 [ttgzi'
2124 3607 2402 3675 egregium

827 3708 1021 3763 salutis
1046 3705 1366 3776 praesidium
1401 3703 1743 3773 judicarunt.
1794 3697 1951 3766 quasi
2002 3697 2054 3747 in
2107 3712 2272 3748 tum.”
2307 3702 2400 3749 de—

828 3813 1083 3866 generem
1127 3796 1371 3850 animum
1410 3793 1630 3849 conﬂati
1677 3801 1864 3848 essent
1917 3805 2149 3853 omnes;
2198 3804 2262 3841 ae
2306 3790 2397 3843 de-

829 3891 994 3946 sertis
1020 3888 1423 3943 munitionibus
1450 3887 1596 3957 (nam
1630 3886 1685 3939 in
1715 3885 1881 3939 editis
1904 3882 2131 3936 tumulis
2159 3880 2399 3948 stabant)

832 3983 1040 4038 milleni
1086 3982 1156 4036 ab
1201 3996 1310 4035 uno
1339 3980 1692 4049 fugabantur.
1727 3986 1783 4031 et
1826 3993 1923 4047 per
1962 3992 2185 4030 auream
2233 3985 2404 4027 terre-

834 4088 1002 4129 strem
1034 4075 1189 4128 urbis
1218 4080 1436 4142 portam
1478 4070 1706 4141 egressi,
1735 4085 1797 4123 ac
1818 4085 1997 4137 nuper
2030 4076 2242 4121 structo
2275 4082 2373 4133 pro

834 4162 1145 4233 pugnaculo
1161 4160 1368 4222 diruto,
1394 4175 1505 4229 quo
1522 4174 1797 4229 quemque
1823 4167 2000 4210 metus
2026 4157 2149 4208 tulit
2174 4156 2403 4218 (utinam

836 4267 963 4305 vero
1008 4251 1063 4304 in
1088 4250 1406 4303 barathrum
1440 4256 1495 4303 et
1535 4249 1965 4302 internecionem
2020 4243 2403 4308 incidissent!)

836 4342 1153 4411 dill'ugiunt.
1186 4341 1325 4395 Tum
1357 4341 1565 4405 hostes,
1608 4340 1901 4394 resistente
1934 4337 2174 4400 nemine,
2204 4334 2404 4403 passim

2492 3159 2676 3227 ἡμέρᾳ
2717 3159 2811 3210 καὶ
2848 3158 3141 3224 κατῖσχυον
3173 3156 3236 3206 τὰ
3278 3153 3545 3221 ἡμέτερα,
3577 3151 3671 3202 καὶ
3706 3151 3741 3219 ἡ
3780 3148 3938 3218 ἀκμὴ
3964 3146 4057 3201 τοῦ

2496 3250 2669 3305 κακοῦ
2695 3251 3018 3321 ἰσχυροτέρα
3035 3269 3117 3312 τις
3136 3246 3202 3322 ἦν
3221 3252 3315 3305 καὶ
3330 3250 3633 3322 δριμυτέρα
3654 3250 3757 3320 τῆς
3774 3249 4061 3320 πρότριτα’

2495 3343 2686 3411 ἐπειδὴ
2730 3343 2787 3395 δὲ
2842 3343 2949 3395 ἔδει
2997 3343 3236 3397 δούλειον
3288 3344 3449 3410 ζυγὸν
3493 3340 3754 3395 ὑποδῦναι
3804 3340 3906 3409 τὴν
3958 3339 4062 3392 τῶν

2497 3432 2705 3487 πόλεων
2737 3435 2963 3500 ἁπασῶν
2992 3436 3303 3504 ἄρχουσαν,
3348 3435 3403 3486 ἐν
3432 3435 3599 3504 κημῴ
3633 3450 3692 3484 τε
3732 3434 3829 3485 καὶ
3864 3431 4064 3501 χαλινῷ

2496 3523 2596 3585 τὰς
2632 3526 2888 3591 σιαγόνας
2930 3524 3087 3595 ἡμῶν
3118 3526 3282 3591 ἄγξαι
3311 3524 3443 3586 Θεὸς
3480 3523 3821 3585 ἐδικαίωσεν,
3856 3525 3942 3575 ὅτι
3977 3522 4066 3573 καὶ

2500 3614 2699 3678 πάντες
2730 3617 3051 3687 ἐξέστημεν,
3095 3618 3276 3687 ἱερεὺς
3303 3616 3437 3687 ὁμοῦ
3466 3616 3560 3670 καὶ
3597 3615 3747 3680 λαὸς,
3778 3614 3855 3677 ὼς
3902 3613 4065 3673 ἵππος

2500 3706 2820 3778 θρασαύχην
2866 3725 2925 3760 τε
2974 3708 3070 3762 καὶ⁸
3121 3708 3473 3778 δυσχάλινος,
3525 3710 3587 3760 ἐκ
3634 3706 3744 3759 τῶν
3786 3706 4067 3772 κλιμάκων

2504 3798 2658 3867 μιᾶς,
2707 3799 2831 3867 ἥτις
2870 3799 3104 3868 ἄγχιστα
3138 3794 3206 3868 ἦν
3249 3799 3355 3851 τῶν
3402 3799 3649 3868 Πετρίων
3676 3798 3771 3851 καὶ
3808 3798 4069 3866 βασιλέως

2508 3894 2690 3947 ἔναντι
2716 3893 3034 3955 διεπονεῖτο,
3087 3891 3278 3959 ἄνδρες
3322 3887 3415 3940 δύο
3461 3887 3798 3955 παραδόντες
3851 3884 4077 3944 ἑαυτοὺς

2508 3987 2574 4053 τῇ
2626 3986 2761 4053 τύχῃ
2813 3982 3019 4050 πρῶτοι
3073 3981 3167 4033 τοῦ
3208 3980 3486 4050 ἑταιρικοῦ
3534 3980 3593 4039 ἐς
3644 3976 3738 4028 τὸν
3788 3978 3909 4028 κατ’
3959 3976 4077 4043 εψιν

2510 4075 2720 4143 πύργον
2742 4072 3119 4140 καταπηδῶσι,
3148 4073 3241 4123 καὶ
3277 4069 3591 4124 διασοὸοὔσι
3628 4069 3688 4118 τὸ
3722 4069 3901 4118 ἐκεῖσε
3940 4063 4073 4117 Ῥω·

2516 4166 2695 4234 μαίοις
2732 4165 3030 4234 φυλακικὸν
3062 4162 3432 4232 συμμαχικὸν,
3476 4163 3544 4212 ἐκ
3571 4160 3625 4211 δὲ
3660 4159 3850 4211 τούτου
3884 4156 4082 4207 διασεί-

2517 4272 2709 4317 σαντες
2758 4256 2854 4323 τὴν
2886 4258 3043 4325 χεῖρα
3076 4255 3280 4308 ἄνωθεν
3308 4249 3417 4306 οἷον
3455 4250 3727 4320 σύμϐολον
3778 4250 3953 4317 χαρᾶς
3990 4247 4081 4298 καὶ

2518 4348 2752 4415 θάρσους
2786 4348 2910 4406 τοὺς
2940 4346 3173 4411 φυλέτας
3202 4345 3545 4413 ἐπέρῤωσαν.
3590 4341 3681 4404 Ἐξ
3723 4341 3841 4391 ἴσξυ
3871 4339 3927 4390 δὲ
3976 4341 4081 4398 τοῖς

838 4438 1175 4498 discurrunt,
1208 4443 1264 4488 et
1292 4433 1508 4503 gladios
1543 4433 1598 4485 in
1624 4445 1843 4485 omnem
1874 4438 2090 4484 aetatem
2131 4435 2186 4481 et
2216 4442 2404 4480 sexum
2448 4432 2489 4485 υ
2520 4455 2542 4490 ε

2378 4442 2404 4478 τ’
2448 4432 2489 4485 υ
2520 4441 2596 4500 είς
2628 4439 2716 4490 τὴν
2746 4438 2963 4507 ⁹πύργον
3018 4436 3309 4505 ἁὶαμένοις
3348 4435 3440 4486 καί
3481 4451 3563 4496 τις
3613 4435 3677 4484 ἐκ
3705 4436 3808 4499 τῆς
3852 4430 4082 4491 ἱππάδος

837 4528 1140 4598 stringunt,
1185 4540 1295 4580 non
1340 4532 1669 4579 conservata
1723 4522 1864 4585 acie,
1911 4537 2023 4575 non
2071 4520 2282 4588 integra
2314 4534 2410 4571 co-

848 4628 1033 4689 horte,
1066 4624 1159 4679 sed
1188 4624 1421 4693 sparsim
1462 4620 1648 4675 ditIusi
1695 4630 1754 4674 ut
1787 4622 1897 4690 jam
1930 4618 2186 4672 omnibus
2232 4617 2418 4670 formi-

849 4718 1081 4772 dabiles.
1103 4715 1331 4783 Vesperi
1368 4714 1433 4767 iis
1471 4729 1589 4779 qua:
1620 4712 1686 4764 ad
1720 4712 2003 4766 Orientem
2058 4709 2293 4763 tendunt
2328 4708 2416 4759 in-

850 4809 1031 4863 censis
1062 4806 1225 4877 (quod
1252 4804 1565 4859 incendium
1592 4804 1659 4857 ab
1689 4792 1970 4866 Evergetze
1993 4799 2330 4852 monasterio
2353 4813 2416 4850 ca

848 4916 969 4969 quae
1011 4898 1078 4951 ad
1124 4913 1271 4951 mare
1302 4896 1571 4951 inclinant
1616 4909 1787 4962 usque
1821 4890 1980 4960 755
2022 4890 2086 4943 ad
2125 4886 2414 4957 Drungarii

851 4991 1000 5045 aedes
1035 4990 1362 5059 absumpsit)
1398 4987 1601 5041 reversi
1647 4985 1712 5039 ad
1759 4984 2111 5050 PantepOptae
2145 4989 2417 5033 monaste-

852 5084 991 5136 rium
1023 5091 1205 5135 castra
1252 5080 1458 5140 locant,
1502 5074 1849 5143 imperatoris
1889 5073 2129 5127 tentorio
2180 5070 2418 5139 spoliato

849 5185 909 5228 ct
936 5172 1259 5229 Blachemio
1307 5170 1508 5241 palatio
1563 5169 1701 5222 citra
1754 5164 2034 5235 negotium
2089 5164 2271 5232 primo
2316 5161 2417 5214 im-

2517 4531 2722 4599 Πέτρος
2754 4527 2988 4597 τοῦνομα
3020 4528 3106 4579 διά
3152 4529 3249 4594 τῆς
3288 4527 3462 4595 πύλης
3492 4526 3691 4577 εἴσεισι
3736 4524 3835 4592 τῆς
3880 4524 4081 4583 ἐκεῖσε,

2515 4620 2640 4679 ὂλας
2665 4618 2949 4684 φάλαγγας
2980 4617 3236 4683 κλονῆσαι
3264 4615 3582 4684 κρινόμενος
3605 4614 3961 4673 ἱκανώτατος,
3995 4610 4085 4660 καὶ

2519 4710 2618 4775 τὴν
2648 4707 2960 4776 ἀναδρομὴν
2994 4705 3087 4756 τοῦ
3120 4704 3374 4773 σώματος
3402 4704 3477 4764 ὼς
3512 4703 3676 4769 γίγας
3711 4699 3911 4768 μικροδῦ
3948 4715 4084 4768 προ-

2519 4798 2842 4867 φαινόμενος
2905 4796 3244 4863 ἐννεόργυιος
3302 4794 3455 4863 (51),
3490 4793 3583 4843 καὶ
3638 4791 3802 4844 αὐτὸν
3871 4789 3929 4840 δὲ
3988 4792 4085 4854 τὴν

2525 4886 2681 4938 κάσιν
2712 4886 2823 4955 (55)
2869 4886 2965 4951 τῆς
3014 4884 3256 4950 κεφαλῆς
3280 4880 3740 4948 διεσκευασμένον
3776 4878 3914 4948 ἔχων
3946 4875 4087 4929 κατὰ

2524 4977 2678 5029 πόλιν
2736 4976 3102 5043 πυργόεσσαν.
3150 4973 3284 5025 Οὐδέ
3336 4971 3565 5040 κόρυθος
3607 4970 3786 5021 τοίνυν
3838 4968 4089 5033 μέτωπον

2524 5068 2641 5127 ἐνὸς
2697 5065 2889 5134 ἀνδρὸς
2946 5063 3243 5125 ίππαστοῦ,
3305 5059 3755 5129 καταπληκτικοῦ
3808 5060 3871 5111 τδ
3928 5055 4087 5118 εἶδος,

2523 5155 2836 5221 ἀξιοθεάτου
2870 5153 2931 5208 τδ
2966 5152 3196 5223 μέγεοος
3227 5153 3276 5204 οἱ
3309 5152 3439 5222 περὶ
3467 5150 3558 5202 τὸν
3585 5149 3809 5219 βασιλέα
3836 5150 3915 5217 τῷ
3944 5146 4089 5214 γένει

2117 5339 2289 5399 Hier.
2334 5334 2536 5396 Wolﬁi
2587 5342 2775 5396 notae.

922 5522 1033 5591 (55)
1062 5520 1244 5588 Γίγας
1265 5517 1627 5591 ἐνεόργυιος.
1641 5514 2038 5586 Jugeribusque
2056 5526 2248 5568 novem
2268 5528 2416 5568 sum-

852 5597 957 5648 mis
987 5588 1226 5647 distabat
1244 5588 1314 5642 ab
1347 5591 1476 5643 imo.

805 5688 807 5690 ·
926 5664 1034 5731 155)
1060 5663 1161 5716 Kal
1195 5660 1383 5731 αὺτρν
1416 5659 1484 5711 δὲ
1510 5659 1614 5731 τὴν
1648 5657 1855 5731 κάσιν.
1878 5655 2064 5731 Talem
2084 5654 2293 5731 galeam
2316 5652 2416 5705 Ba-

854 5725 1161 5796 silete'vidi.
1195 5729 1448 5796 qualibus
1481 5730 1609 5784 olim
1652 5730 1705 5782 in
1745 5725 2202 5781 concursionibus
2245 5737 2413 5792 eque-

2522 5511 2728 5565 stribus
2756 5506 3079 5560 Germanica
3116 5502 3369 5555 Lobililas
3399 5515 3491 5552 usa
3524 5507 3633 5573 est.
3660 5494 3794 5573 tanti
3832 5489 4093 5573 ponderis

2524 5581 2691 5633 armis
2722 5580 3108 5642 circumsepta,
3143 5583 3199 5625 ut
3231 5586 3376 5624 nunc
3419 5584 3447 5622 a
3484 5570 3671 5621 multis
3705 5570 3793 5617 vix
3830 5572 4090 5614 sustineri

2524 5668 2681 5720 posse
2724 5649 3031 5702 rideantur.
