4314 6356
289 405 395 463 953

1322 411 1659 474 ALEXIUS
1689 417 1938 478 DUCAS
1982 423 2476 488 MUllZUFLUS.

3436 435 3546 498 954

286 519 554 584 ἐπίσημοι
604 521 698 572 καὶ
755 519 816 573 τὸ
865 521 1051 575 λοιπὸν
1093 527 1405 596 στράτευμα
1435 530 1674 582 κατιδεῖν
1705 534 1860 598 ἐνεγε
1897 543 1990 602 Ag

1842 555 1860 568 α
1897 543 1938 596 Α
1971 545 2099 602 pctn
2135 549 2316 605 capto.
2354 543 2421 593 At
2449 543 2749 612 imperator
2775 547 2827 599 in
2863 550 2998 603 alios
3029 562 3193 621 atque
3225 556 3362 608 alios
3390 557 3546 613 urbis

288 609 480 668 κόν-τες
521 609 728 674 ἀγαθὸν
772 612 865 665 τοῦ
911 614 1181 679 σώζεσθαι
1218 618 1510 696 φάρμακον
1555 621 1653 688 τὴν
1701 622 1864 676 ἐθάδα

287 698 468 766 φυγὴν
522 699 908 769 ὑπειλήφασιν,
941 703 1135 774 ὥσπερ
1190 709 1271 770 είς
1308 709 1438 776 μίαν
1489 708 1864 775 ἐνεθισθέντες

287 786 384 839 καί
434 791 798 854 συντακέντες
849 794 1055 862 ἀγεννῆ
1114 796 1313 865 ψυχὴν,
1357 798 1480 850 ὅθεν
1534 803 1612 862 είς
1659 803 1860 855 δειλίαν

285 880 400 930 τῶν
435 881 812 950 ὀχυρωμάτων
848 884 1032 946 αὐτοῖς
1059 887 1390 957 τεθειμένων
1421 890 1538 955 (ἐπὶ
1568 890 1676 960 γάρ
1704 893 1865 962 γηλό-

289 986 407 1035 φων
429 971 625 1038 ὀρθίων
646 972 887 1041 ἵσταντο)
912 975 1054 1027 κατά
1077 976 1279 1044 χιλίους
1300 978 1389 1046 ὑφ’
1415 981 1534 1041 ἐνὸς
1558 981 1862 1047 ἐδιώκοντο,

289 1063 385 1114 καὶ
412 1067 528 1124 ταῖς
559 1067 819 1134 χρυσέαις
848 1069 1135 1136 χερσαίαις
1168 1069 1366 1131 πύλαις
1398 1070 1508 1138 (56)
1546 1073 1867 1137 ἐπιστάντες

285 1155 385 1222 τῆς
424 1155 640 1217 πόλεως
688 1157 748 1208 τὸ
800 1158 1092 1227 νεόδμητον
1143 1162 1323 1212 ἐκεῖσε
1389 1164 1711 1216 κατασπῶσι
1759 1166 1866 1219 τῶν

290 1247 501 1299 πολλῶν
545 1249 916 1318 ἐπιτείχισμα,
959 1253 1053 1303 καὶ
1101 1253 1358 1321 τρέχουσί
1397 1271 1454 1305 τε
1513 1256 1606 1306 καὶ
1658 1257 1868 1309 διασκί-

283 1337 528 1400 δνανται,
565 1341 640 1402 ὼς
675 1341 876 1409 δφελόν
906 1361 968 1411 γε
1004 1345 1103 1412 τὴν
1138 1347 1193 1407 ἐς
1236 1345 1511 1416 βάραθρον
1547 1349 1642 1400 καὶ
1679 1350 1865 1403 πανώ-

1965 627 2286 696 angiportus
2316 631 2633 689 discurrens
2657 632 2916 693 studebat
2951 642 3041 696 ille
3081 646 3303 714 quidem
3337 658 3543 706 temere

1969 717 2318 774 oberrantem
2362 725 2621 793 populum
2669 730 2926 800 colligere
2956 743 3010 787 et
3054 740 3406 804 centuriare;
3445 742 3539 796 sed

1965 804 2001 858 ii
2034 822 2212 875 neque
2257 812 2482 867 monitis
2530 816 2650 883 ejus
2707 821 3095 885 movebantur,
3143 842 3246 881 nec
3290 829 3545 900 increpa-

1967 897 2145 953 tiones
2170 904 2436 958 curabant
2475 909 2694 963 turbine
2743 911 3156 981 desperationis
3204 933 3399 975 omnes
3440 897 3540 992 op-

1967 993 2162 1057 pressi.
2190 992 2257 1046 Et
2291 1004 2436 1051 utea
2467 1016 2589 1068 quae
2622 1013 2830 1060 restant
2857 1007 3172 1078 adjungam,
3216 1011 3335 1065 dies
3383 1014 3544 1067 inelio

1967 1081 2141 1142 navit,
2177 1098 2284 1136 nox
2335 1091 2624 1154 processit,
2681 1103 2736 1146 et
2778 1096 2928 1151 urbis
2983 1099 3323 1156 habitatores
3350 1116 3545 1159 Omnes

1968 1177 2367 1232 transferendis
2413 1193 2468 1234 et
2511 1183 2859 1240 defodiendis
2905 1190 3019 1243 suis
3063 1193 3262 1258 opibus
3304 1210 3544 1263 occupa-

1967 1263 2196 1321 bantur.
2229 1270 2397 1325 Erant
2427 1275 2590 1327 etiam
2616 1277 2707 1345 qui
2746 1293 2812 1330 ex
2841 1280 2974 1332 urbe
2998 1282 3199 1336 vellent
3235 1284 3542 1352 discedere,

1964 1371 2072 1425 qua
2111 1359 2343 1426 quisque
2374 1375 2556 1432 posset
2589 1369 2800 1422 ratione
2829 1371 3060 1425 salutem
3091 1373 3395 1441 quaesituri.

285 1428 440 1534 λειαν
465 1433 831 1507 βαδιούμενοι.
854 1441 918 1493 Οἰ
941 1440 996 1492 δὲ
1024 1441 1274 1508 πολέμιοι
1307 1444 1538 1508 μηδενὸς
1567 1447 1648 1534 εᾷίς
1678 1447 1866 1514 χεῖρας
1912 1449 2082 1515 ἰόντος
2149 1428 2423 1510 διαθέουσι
2461 1461 2726 1531 πολλαχῆ,
2771 1466 2864 1516 καὶ
2892 1466 2961 1517 τὰ
3034 1428 3160 1534 ξίφίη
3202 1467 3383 1519 σπῶσι
3421 1467 3544 1520 καθ’

286 1522 747 1630 ﬁmiﬂ’fiifﬂi
775 1534 869 1584 καὶ
921 1532 1112 1630 γένους
1145 1534 1374 1630 παντὶ)ξί
1425 1535 1520 1630 οὐχ
1549 1531 1629 1630 εἷς
1694 1539 1776 1590 ἑνὶ
1841 1547 2179 1613 συνημμένοι
2237 1552 2330 1603 καὶ
2381 1554 2524 1606 κατά
2595 1522 2848 1619 σύνταξιν
2910 1522 3542 1630 πλείουςίἀλληλουχοψ

290 1628 467 1721 μενοι,
519 1615 669 1721 ἀλλά
711 1619 1106 1721 ’διακεχυμένοι
1164 1623 1432 1691 σποράδες
1479 1624 1552 1687 ὡς
1590 1625 1687 1694 ἤδη
1715 1631 1868 1695 παρὰ
1911 1634 2079 1685 πᾶσιν
2144 1639 2566 1706 ἐπιφοϐώτατοι.
2636 1615 2910 1718 Ἐσπέρας
2938 1649 2994 1702 δὲ
3028 1615 3364 1720 παραδόντες
3406 1615 3543 1721 πυρὶ

282 1709 354 1806 ’ξά
373 1708 613 1806 πῼδς-ἒω
639 1712 733 1806 ἐπὶ
763 1711 841 1806 ξτῑ
871 1714 1058 1806 πρόσω
1085 1716 1278 1786 μικρὸν
1306 1718 1406 1785 τῆς
1432 1719 1525 1770 τοῦ
1554 1719 1859 1789 Εὐεργέτου
1899 1726 2087 1795 μονῆς,
2146 1730 2172 1782 δ
2197 1732 2290 1785 καὶ
2311 1739 2720 1806 κατενεμήσατο
2740 1708 2964 1806 τείπρδς
2991 1708 3268 1794 Θάλασσαν
3326 1708 3534 1796 ἐκεῖθέν

285 1799 683 1898 ἐπικλινῆ-καὶ
720 1803 885 1898 μέχρι
919 1804 1032 1856 τῶν
1069 1807 1447 1877 Δρουγγαρίου
1516 1810 1897 1879 καταλήγοντα
1943 1818 2082 1888 μέρη
2132 1821 2230 1889 τῆς
2278 1799 2521 1887 πόλεως..
2565 1799 2962 1884 ἐπαναλύουσιν
3037 1825 3216 1895 αὖθις,
3270 1834 3365 1884 καὶ
3419 1828 3546 1898 περί⁵

287 1895 392 1964 τὴν
442 1895 612 1965 μονὴν
655 1893 750 1948 τοῦ
785 1896 1172 1950 Παντεπόπτου
1211 1903 1542 1970 στρατήγιον
1587 1903 1859 1969 βάλλουσι,
1897 1909 1996 1977 τὴν
2043 1910 2314 1978 βασίλειον
2382 1917 2778 1982 ἐσκυλευκότες
2851 1921 3058 1992 σκηνὴν
3104 1925 3197 1976 καὶ
3228 1924 3410 1976 αὐτῶν
3438 1925 3545 1977 τῶν

283 1986 344 2090 ἐν
377 1988 712 2090 Βλαχέρναις
746 1990 985 2060 ἀρχείων
1016 1993 1390 2063 ἀπραγμόνως
1414 2014 1472 2049 τε
1505 1999 1598 2051 καὶ
1632 1998 1690 2065 ἐξ
1755 2003 1948 2068 ἐφόδου
2016 2012 2438 2079 κεκρατηκότες.
2514 2015 2573 2068 '0
2606 2016 2663 2069 δὲ
2728 1986 2983 2085 βασιλευς
3002 1986 3129 2090 τῇδε
3165 2023 3391 2074 κάκεῖσε
3439 2021 3550 2073 τῶν

282 2081 385 2148 τῆς
422 2083 631 2144 πόλεως
664 2087 893 2154 περιιὼν
930 2089 1222 2140 στενωπῶν
1253 2090 1531 2159 ἐπεχείρει
1581 2094 1682 2161 μὲν
1745 2101 2008 2169 συνιστᾷν
2089 2105 2182 2154 καὶ
2223 2105 2530 2176 διακροτεῖν
2573 2111 2710 2180 πρὸς
2743 2112 2998 2176 σύνταξιν
3059 2113 3150 2166 τὸν
3220 2114 3343 2183 εἰκῆ
3385 2130 3551 2182 περι-

285 2176 556 2243 φοιτῶντα
578 2179 737 2232 λαόν·
764 2181 815 2233 οἰ
840 2183 886 2235 δ’
908 2182 1023 2235 οὗτ⁹
1051 2184 1332 2237 ἐπείθοντό
1358 2189 1406 2238 οἰ
1468 2189 1893 2257 ἐπιρῤωννύοντι
1933 2195 2046 2248 οὗθ’
2097 2198 2374 2270 ὑπήκουον
2395 2176 2805 2275 ἐπιπλήττοντι,
2830 2208 2948 2260 ἀλλ’
2970 2176 3343 2277 ἀπογνώσεως
3369 2176 3542 2263 πᾶσιν

281 2272 432 2335 αἰγὶς
462 2273 828 2373 ἐπεσέσειστο.
869 2277 978 2330 Καὶ
1019 2278 1106 2331 ἵνα
1140 2277 1216 2347 τῷ
1247 2279 1389 2348 λόγῳ
1435 2283 1751 2351 προϐιϐάσω
1787 2289 1846 2339 τὸ
1885 2287 2090 2355 λοιπὸν,
2158 2297 2468 2371 κέκλικενή
2506 2272 2691 2372 ἡμέρα
2752 2302 2845 2356 καὶ
2877 2304 2909 2372 ἡ
2940 2304 3034 2368 νὺξ
3066 2272 3406 2373 προῠκοπτε,
3449 2303 3542 2357 καὶ

281 2362 392 2415 ⁴τῶν
422 2362 519 2431 μὲν
551 2363 638 2435 [Ρ.
684 2364 810 2436 567]
871 2367 1188 2421 ἀστυπόλων
1229 2370 1461 2434 ἕκαστος
1527 2374 1772 2426 ἐνεπόνει
1825 2380 1889 2444 τῇ
1931 2383 2222 2446 μεταθέσει
2258 2389 2350 2441 καὶ
2399 2362 2711 2460 καταχώυσει
2750 2394 2858 2446 τῶν
2895 2362 2909 2372 ⁹
2934 2362 3155 2460 οὐσιῶν,
3201 2390 3344 2466 ἦσαν
3385 2362 3433 2448 δ’
3460 2389 3546 2460 οἷς

284 2456 544 2526 ᾑρέτιστο
586 2458 681 2510 καὶ
729 2460 762 2528 ὴ
815 2460 880 2511 ἐκ
926 2461 1025 2532 τῆς
1064 2463 1274 2526 πόλεως
1305 2466 1564 2535 ἄπαρσις,
1627 2469 1721 2520 καὶ
1779 2469 1853 2530 ὡς
1895 2472 2148 2540 ἑκάστοις
2186 2480 2502 2550 προύχώρει
2542 2456 2810 2548 σώζεσθαι
2842 2456 3159 2556 ἠπείγοντοί

360 2554 430 2616 γ’.
448 2547 589 2602 Ἰδὼν
607 2551 786 2603 τοίνυν
804 2553 830 2603 ὀ
847 2551 1054 2616 Δούκας
1075 2553 1148 2615 ὡς
1168 2555 1318 2607 οὐδὲν
1331 2555 1548 2624 ὠφελεῖ,
1573 2557 1667 2610 καὶ
1687 2559 1873 2622 δεδιὼς
1907 2568 1946 2621 Β
2047 2568 2064 2621 ξ

1845 2577 1873 2622 ς
1907 2568 1946 2621 Β
2047 2568 2098 2621 3.
2142 2547 2515 2639 Ducas-igitur
2549 2547 2672 2628 cum
2715 2590 2771 2628 se
2805 2547 2939 2628 nilnil
2978 2547 3244 2644 proﬁcere
3284 2576 3544 2633 videret-

287 2640 404 2708 ἅμα
429 2640 502 2708 μὴ
525 2640 857 2713 συλληφθείη
898 2644 996 2696 καὶ
1018 2644 1093 2707 ὼς
1124 2646 1254 2714 δψον
1284 2649 1314 2716 ἦ
1351 2650 1713 2719 ἐπιτράγημα
1751 2653 1872 2709 ταῖς

287 2730 511 2797 γνάθοις
540 2732 649 2784 τῶν
675 2733 926 2786 Λατίνων
959 2738 1343 2804 προκείσεται,
1376 2739 1601 2792 εἴσεισιν
1651 2743 1868 2810 ἀρχεῖον

283 2821 348 2875 τδ
402 2823 679 2892 μέγιστον.
726 2826 835 2877 Καὶ
881 2827 946 2895 δὴ
1005 2828 1102 2897 τὴν
1146 2829 1462 2896 βασίλισσαν
1515 2831 1870 2902 Εὐφροσύνην

285 2915 389 2985 τὴν
451 2917 544 2967 τοῦ
583 2915 850 2984 βασιλέως
889 2919 1128 2982 Ἀλεξίου
1157 2925 1389 2986 γυναῖκα
1424 2925 1517 2974 καὶ
1546 2924 1644 2993 τὴν
1672 2926 1870 2993 ταύτης

285 3006 560 3074 θυγατέρα
591 3007 853 3058 Εὺδοκίαν
868 3007 1140 3079 λεμὸαδίῳ
1173 3009 1565 3082 ἐνθέμενος,ἦς
1598 3014 1674 3082 τῷ
1707 3015 1868 3083 ἐρωτι

286 3097 729 3166 προκατείληπτο
753 3098 1151 3168 πολυομίλητος
1180 3103 1244 3154 ἐκ
1278 3103 1501 3172 πρώτης
1545 3108 1730 3174 τριχὸς
1777 3108 1870 3159 καὶ

291 3191 570 3259 ῥυηφενὴς
597 3195 675 3252 εἰς
708 3191 894 3254 κοίτας
922 3192 1274 3261 δεικνύμενος
1310 3199 1404 3249 καὶ
1435 3197 1526 3248 δύο
1565 3200 1869 3268 κουριδίους

290 3281 520 3350 ἀλόχους
562 3283 711 3350 παρά
750 3283 905 3352 δίκην
955 3286 1467 3354 ἀποπεμψάμενος,
1518 3289 1618 3357 τῆς
1660 3291 1867 3351 πόλεως

286 3373 479 3438 ἐξεισι,
532 3372 862 3441 βασιλεύσας
914 3377 1089 3445 μῆνας
1119 3377 1209 3429 δύο
1249 3379 1342 3430 καὶ
1389 3380 1601 3448 ἡμέρας
1634 3379 1691 3445 ἒξ
1727 3383 1869 3451 πρὸς

285 3467 407 3526 ταῖς
436 3465 589 3517 δέκα.
615 3465 720 3517 Τοῦ
746 3465 802 3517 δὲ
838 3466 1099 3536 βασιλέως
1127 3467 1271 3521 οὓτω
1303 3471 1865 3537 μεταναστεύσαντος,

288 3558 520 3609 νεανιῶν
564 3557 794 3627 ξυνωρίς
825 3559 1100 3626 νηφαλίων
1136 3576 1194 3611 τε
1233 3562 1325 3612 καὶ
1357 3561 1596 3629 ἀρίστων
1626 3565 1689 3630 τῇ
1724 3563 1866 3614 κατὰ

287 3651 527 3719 πόλεμον
574 3650 845 3718 δεξιότητι
869 3651 918 3720 (ὁ
947 3651 1156 3712 Δούκας
1185 3646 1330 3705 οὗτοι
1364 3653 1457 3702 καὶ
1491 3655 1518 3704 ὁ
1561 3654 1862 3722 Λάσκαρις,

286 3748 494 3811 ἀμφοῖν
527 3744 572 3795 δ’
612 3745 644 3811 ἡ
677 3742 868 3812 κλῆσις
900 3742 1190 3812 ὁμώνυμος
1235 3743 1314 3812 τῷ
1358 3745 1588 3814 ἀρχηγῷ
1635 3747 1731 3813 τῆς
1778 3748 1867 3796 πί-

288 3850 462 3893 στεως
496 3833 744 3902 βασιλεῖ)
776 3834 850 3896 ώς
891 3834 1020 3903 περὶ
1062 3835 1188 3900 νηὸς
1237 3834 1642 3904 χειμαζομένης
1683 3837 1865 3904 διαφέ-

1972 2661 2244 2731 simulque
2296 2666 2515 2719 timeret
2579 2682 2648 2719 ne
2705 2675 2899 2736 captus
2957 2677 3209 2736 paratum
3252 2669 3544 2738 opsonium

1972 2753 2206 2808 maxillis
2246 2754 2562 2809 Latinorum
2613 2768 2779 2820 esset,
2833 2759 3126 2811 maximum
3162 2760 3425 2828 palatium
3461 2761 3546 2814 in-

1971 2846 2243 2913 greditur,
2298 2858 2353 2902 et
2407 2850 2766 2920 Enphrosyna
2799 2851 3148 2918 imperatoris
3191 2853 3367 2906 Alexii
3413 2868 3545 2908 con-

1966 2937 2093 3006 juge
2127 2947 2180 2992 et
2231 2939 2347 3008 ejus
2391 2940 2496 2992 lilia
2530 2940 2793 3004 Eudoeia,
2827 2942 2984 3011 cujus
3037 2957 3226 2996 amore
3255 2944 3548 2998 tenebatur

1972 3027 2121 3095 (erat
2154 3027 2298 3079 enim
2332 3027 2496 3079 homo
2545 3044 2571 3080 a
2610 3028 2896 3096 pubertate
2926 3030 3252 3084 libidinosus
3277 3042 3332 3086 et
3374 3033 3543 3095 salax,

1969 3122 2024 3166 et
2059 3114 2194 3167 duas
2235 3115 2561 3183 juvenculas
2607 3132 2803 3170 uxores
2842 3133 2938 3186 per
2990 3119 3244 3186 injuriam
3289 3121 3543 3188 repudia-

1969 3204 2106 3271 rat),
2140 3203 2321 3258 lembo
2357 3207 2627 3274 impositis
2651 3247 2662 3265 .
2703 3209 2839 3260 urbe
2877 3209 3159 3276 egreditur
3184 3249 3198 3271 ,
3250 3226 3374 3264 cum
3406 3211 3547 3264 duos

1970 3311 2186 3350 menses
2225 3307 2282 3349 et
2320 3298 2482 3367 756
2525 3300 2641 3352 dies
2696 3301 2969 3353 sexdecim
3025 3303 3361 3368 imperasset.
3421 3300 3548 3355 Post

1968 3388 2086 3456 ejus
2116 3388 2413 3441 discessum
2449 3391 2556 3442 duo
2580 3392 2813 3460 juvenes
2858 3391 3246 3444 modestissimi
3299 3401 3352 3445 et
3389 3392 3545 3445 belli-

1970 3478 2260 3540 cosissimi,
2316 3477 2491 3532 Ducas
2517 3488 2570 3532 et
2613 3480 2883 3542 Lascaris,
2916 3490 3149 3549 uterque
3197 3481 3542 3542 Theodorus.

1969 3564 2034 3616 de
2071 3566 2301 3633 imperio
2345 3579 2602 3636 tanquam
2652 3569 2718 3622 de
2764 3585 2902 3622 nave
2956 3570 3372 3638 tempestatibus
3418 3587 3547 3624 con-

1969 3656 2210 3711 ﬂictantc
2268 3667 2500 3721 certant,
2567 3675 2689 3712 cum
2753 3661 3046 3714 maximam
3104 3671 3157 3714 et
3211 3663 3543 3715 celebratam

1968 3748 2115 3801 illam
2164 3763 2278 3801 rem
2337 3750 2643 3803 Romanum
2695 3751 2985 3820 imperium
3037 3753 3266 3806 fortuna:
3307 3754 3547 3806 ludibrio

1968 3847 2022 3890 et
2075 3840 2267 3892 incerti
2324 3856 2481 3893 casus
2531 3843 2825 3894 temeritati
2877 3844 3218 3912 propositum
3277 3847 3544 3899 viderent.

295 3895 610 3994 {iv/misi];
640 3895 854 3993 ἀρχῆς,
891 3895 1060 3994 τύχης
1095 3895 1380 3994 βράϐεςυμα
1416 3895 1509 3977 καὶ
1538 3895 1708 3996 φορᾶς
1741 3895 1866 3979 ὰλο-
1893 3895 1936 3954 C
1968 3929 1995 3981 li

1835 3955 1866 3969 ι-
1893 3895 1936 3954 C
1968 3929 2261 3982 Maximum
2310 3933 2474 4000 igitur
2518 3933 2779 4001 templum
2819 3935 3044 4002 ingressi
3083 3936 3225 3988 inter
3253 3951 3371 3988 sese
3408 3951 3539 3989 eon-

289 4019 480 4085 γίστου
525 4017 807 4085 πέττευμα
843 4016 902 4068 τὸ
940 4018 1196 4084 μέγιστον
1225 4016 1360 4084 ὁμοῦ
1397 4017 1490 4068 καὶ
1526 4018 1862 4086 περίπυστον

288 4105 481 4174 χρῆμα
530 4105 627 4175 τὴν
670 4107 778 4158 τῶν
819 4105 1110 4173 Ῥωμαίων
1150 4105 1426 4175 βασιλείαν
1457 4107 1693 4175 ὁρῶντες
1726 4125 1861 4176 προ-

286 4197 564 4264 κείμενον.
607 4196 968 4264 Εἰστήκεισαν
1012 4193 1106 4248 οὖν
1152 4198 1490 4266 ἀμφήριστοι
1539 4199 1629 4250 τὸν
1688 4201 1863 4268 μέγαν

285 4288 548 4349 εἰσιόντες
575 4286 734 4353 νεὼν,
767 4286 1134 4363 ἀμιλλώμενοί
1179 4305 1237 4340 τε
1279 4289 1530 4358 ἀλλήλοις
1559 4292 1650 4342 καὶ
1678 4307 1862 4360 παρα-

284 4381 626 4449 ὁαλλόμενοι,
647 4381 737 4432 καὶ
761 4379 929 4449 μηδὲν
960 4381 1122 4432 πλέον
1150 4379 1182 4449 ἦ
1215 4381 1436 4433 ἔλαττον
1462 4384 1698 4451 ἔχοντες,
1727 4383 1864 4436 ἀλλὰ

281 4473 382 4538 τῆς
411 4472 531 4540 ἴσης
559 4472 732 4540 ῥοπῆς
768 4470 1101 4539 ἀξιούμενοι,
1127 4472 1208 4524 ὅτι
1245 4473 1370 4540 μηδ’
1401 4469 1465 4542 ἦν
1505 4474 1532 4524 ὁ
1569 4475 1804 4543 ἐλέγχων
1831 4476 1862 4544 ἢ

283 4565 378 4614 καί
419 4562 715 4630 ἐπικρίνων
750 4561 1032 4631 ἑκάτερον.
1074 4561 1169 4614 Ἐκ
1193 4563 1247 4613 δὲ
1274 4563 1476 4631 κλήρου
1513 4565 1572 4615 τὸ
1603 4569 1867 4634 πρωτεῖον

283 4653 568 4720 εἰληφὼςὸ
611 4653 892 4722 Λὰσκαρις
923 4653 993 4704 τὰ
1035 4655 1134 4722 μὲν
1163 4654 1261 4722 τῆς
1298 4654 1574 4723 βασιλείας
1600 4657 1658 4706 ού
1693 4674 1866 4725 προσ-

284 4743 397 4792 ίετο
424 4740 664 4809 σύμϐολα
698 4781 713 4805 ,
757 4742 1015 4805 συνεξιὼν
1071 4742 1126 4795 δὲ
1155 4743 1232 4812 τῷ
1276 4744 1588 4814 πατριάρχῃ
1627 4747 1768 4796 κατά
1807 4746 1867 4800 τὸ

285 4832 482 4884 Μίλων
511 4833 612 4884 οὐκ
657 4833 796 4884 ἀνίει
845 4834 1130 4903 παραινῶν
1175 4837 1287 4896 τοῖς
1319 4835 1560 4887 συνιοῦσι
1593 4838 1683 4888 καὶ
1729 4841 1868 4903 σφᾶς

284 4923 658 4976 ὑποθωπεύων
678 4925 758 4987 εἰς
780 4927 1166 4995 ἀντιμαχησιν.
1187 4927 1347 4979 Ἀλλὰ
1374 4928 1603 4990 καὶτοὺς
1622 4929 1866 4991 σείοντας

280 5019 340 5082 ἐξ
363 5016 529 5086 ὢμων
553 5017 620 5068 τὰ
644 5016 841 5086 ἀρεῖκά
875 5016 1091 5088 σιδήρια
1116 5018 1171 5079 ἐς
1185 5017 1273 5069 τὸν
1296 5019 1658 5086 προκείμενον
1677 5022 1865 5085 ἀγῶνα

282 5111 520 5178 πέμπων
583 5111 886 5180 ἐπώτρυνε,
964 5109 1037 5177 μὴ
1078 5109 1270 5178 χρῆναι
1333 5109 1510 5176 λέγων
1580 5110 1868 5181 Ῥωμαίων

280 5201 505 5252 ἔλαττον
534 5199 776 5262 ἐκείνους
792 5200 851 5252 τὸ
869 5199 1178 5253 διολωλέναι
1205 5201 1514 5265 δεδιέναι,εί
1541 5205 1677 5271 πρὸς
1705 5207 1864 5271 γένος

281 5292 469 5358 ἕτερον
487 5291 555 5342 τὰ
588 5289 874 5358 Ῥωμαίων
902 5291 1510 5364 ἁνακυμῦαλισθήςετκι
1537 5296 1861 5363 πράγματα·

282 5386 408 5438 οὐδὲ
441 5386 550 5455 γὰρ
599 5384 1100 5454 μισθοφορήσουσιν
1130 5387 1297 5438 εἰσέτι
1330 5387 1530 5458 ἁδρῶς,
1579 5388 1697 5440 οὐδὲ
1731 5389 1867 5459 γέρα

1968 4023 2305 4087 tendebant,
2357 4040 2456 4077 nec
2492 4034 2608 4076 erat
2671 4027 2762 4093 qui
2809 4027 2868 4078 in
2923 4027 3335 4095 comparatione
3389 4030 3543 4082 alteri

1964 4118 2425 4185 prmponderaret.
2459 4118 2727 4171 ambobus
2767 4120 2916 4171 velut
2962 4120 3014 4173 in
3066 4121 3376 4184 :cquilibrio
3411 4137 3545 4173 con-

1966 4208 2196 4260 stitutis.
2250 4208 2439 4276 Neque
2487 4209 2632 4262 enim
2670 4222 2787 4262 erat
2825 4210 2916 4277 qui
2951 4225 3237 4264 censuram
3269 4221 3361 4264 aut
3400 4213 3546 4281 judi-

1967 4297 2111 4350 cium
2169 4298 2394 4352 faceret.
2453 4298 2701 4353 Lascaris
2757 4309 2938 4353 tamen
2990 4317 3020 4354 a
3072 4303 3220 4354 clero
3265 4304 3544 4370 praelatus,

1969 4386 2278 4456 insignibus
2331 4388 2543 4456 imperii
2592 4389 2921 4457 repudiatis,
2964 4405 3086 4442 cum
3134 4391 3439 4458 patriarcha
3491 4393 3543 4444 in

1968 4478 2172 4531 Milium
2199 4494 2450 4546 egressus
2491 4479 2857 4532 conﬂuentem
2911 4481 3169 4548 populum
3214 4482 3546 4536 blandiendo

1968 4580 2022 4623 et
2055 4570 2292 4638 rogando
2327 4569 2392 4622 ad
2435 4571 2800 4623 resistendum
2846 4571 3120 4625 cohortari
3172 4588 3279 4624 non
3309 4573 3545 4627 desiste-

1968 4659 2096 4722 bat,
2157 4669 2210 4713 et
2251 4662 2513 4715 satellites
2560 4661 2627 4714 ad
2673 4678 2908 4730 pugnam
2957 4663 3288 4716 concitabat.
3357 4664 3545 4732 Neque

1969 4755 2114 4806 enim
2148 4754 2375 4807 exitium
2411 4755 2592 4808 minus
2625 4754 2705 4808 eis
2740 4756 3038 4809 timendum
3071 4772 3191 4809 esse
3223 4772 3387 4824 quam
3437 4757 3546 4810 Ro-

1970 4846 2164 4909 manis,
2200 4845 2244 4899 si
2280 4846 2567 4915 imperium
2619 4845 2688 4900 ad
2721 4847 2880 4900 aliam
2908 4848 3184 4900 nationem
3225 4847 3547 4900 devolvere-

1971 4945 2096 5000 tur;
2158 4951 2334 5004 neque
2406 4937 2583 5005 ampla
2636 4937 2905 5005 stipendia
2967 4954 3144 5005 neque
3199 4937 3546 5006 imperatoris

1970 5026 2206 5094 stipandi
2256 5026 2521 5079 hunorcm
2566 5038 2897 5091 retenturos,
2944 5029 3038 5081 sed
3080 5027 3542 5081 merccnariorum

1971 5117 2202 5170 militum
2256 5117 2375 5170 loco
2423 5118 2662 5173 futuros.
2717 5119 2928 5184 Quibus
2968 5119 3152 5172 verbis
3187 5133 3308 5171 cum
3365 5133 3465 5169 nec
3513 5135 3545 5171 c

1967 5208 2173 5277 populo
2204 5207 2491 5275 quisquam
2537 5218 2888 5264 moveretur.
2927 5221 3027 5259 nec
3075 5203 3404 5274 bipenniferi
3440 5203 3541 5254 nisi

1902 5278 1944 5332 θ
1974 5295 2245 5364 stipendio
2277 5299 2549 5365 promisso
2585 5294 2848 5350 auxilium
2881 5296 3267 5366 promitterent
3291 5333 3305 5358 ,
3341 5309 3544 5361 urgens

1973 5389 2107 5442 illud
2154 5390 2462 5458 periculum
2504 5388 2699 5444 callide
2746 5389 3103 5443 nundinaturi
3130 5427 3144 5453 ,
3196 5386 3361 5441 etiam
3399 5394 3544 5438 cata-

1556 5544 1733 5604 Hier.
1776 5546 1980 5608 Wolfii
2016 5555 2206 5608 nota}.

368 5676 476 5740 t5li)
517 5674 637 5739 Ταῖς
667 5672 947 5741 χρυσέαις
975 5675 1283 5740 χερσαίαις
1313 5676 1532 5740 πύλαις
1581 5675 1861 5744 Legnntnr

283 5747 512 5818 quidem
546 5746 688 5814 apud
723 5744 984 5818 lunarat“
1020 5747 1434 5818 χρυσαῖ-πύλαι,
1468 5747 1560 5799 sed
1595 5749 1680 5798 hic
1713 5749 1857 5800 haud

282 5814 402 5874 51.10
435 5833 500 5870 an
535 5821 593 5867 τὸ
624 5817 872 5884 χρυσέαι,
905 5815 1166 5867 abundet.
1196 5814 1254 5867 Et
1283 5819 1442 5884 paulo
1479 5827 1596 5884 post
1628 5831 1724 5883 pro
1755 5836 1858 5874 των

1967 5681 2178 5732 πολλῶν
2227 5680 2515 5748 legendum
2570 5677 2791 5731 videtur
2847 5673 3048 5739 πυλῶν,
3088 5690 3192 5726 non
3243 5670 3409 5742 vulgi,
3441 5670 3539 5725 sed

1967 5762 2133 5819 porta:
2164 5751 2654 5822 propugnaculum.
