4314 6356
814 377 921 443 955
2040 383 2343 443 ΝῙΕΕΤᾸΞ
2383 381 2799 443 ΕΗΟΝΙΑΤΑΞ
3962 384 4077 448 956

815 490 1057 559 phractr.
1119 488 1279 559 757
1334 488 1652 543 Latinorum
1706 491 1963 546 cohortes
2019 498 2390 561 apparerent,
2422 501 2519 557 Αι

2376 530 2390 554 ,
2422 501 2466 557 Α
2502 489 2825 560 περιώνυμα
2876 489 2975 559 τῆς
3025 488 3293 557 βασιλέων
3344 488 3597 559 φυλακῆς
3655 489 4023 561 ἀπολήψονται
4063 526 4077 552 .

816 580 943 633 inde
1014 579 1242 634 discedit
1273 590 1327 633 et
1356 581 1481 650 fuga
1512 582 1744 634 salutem
1776 582 1995 652 quaerit.
2499 581 2520 635 ἀ

2499 581 2616 635 ἀλλ’
2640 582 2699 633 ὲν
2730 581 2859 653 αἴσῃ
2895 582 3074 652 Καρδς
3101 582 3435 647 τετάξονται.
3465 583 3577 635 Καὶ
3600 583 3628 634 ό
3655 582 3756 652 μὲν
3782 583 3919 653 πρὸς
3948 583 4076 635 τού-

815 689 928 737 τοις
975 673 1043 747 ἦν
1071 693 1085 708 ’
1118 679 1193 740 ὼς
1237 678 1280 730 δ’
1313 676 1435 729 οὕτε
1479 679 1573 730 τοῦ
1605 678 1709 729 λεώ
1760 695 1841 741 τις
1888 678 1999 731 τῶν
2045 678 2241 748 φωνῶν
2284 677 2673 747 ἱπεστρέφετο.
2716 678 2810 731 καὶ
2845 678 2978 730 αὐτὸ
3016 678 3074 730 δὲ
3119 677 3179 729 τὸ
3224 676 3602 746 πελεκυφόρον
3634 679 3730 730 επὶ
3770 676 3950 747 μισθῷ
3974 678 4079 744 τὴν

820 761 1079 833 σύναρσιν
1108 765 1501 836 ἐπηγγέλλετο,
1535 766 1807 835 ἐμπορίας
1833 768 2026 837 καιρὸν
2058 768 2307 829 ὑπούλως
2337 766 2434 818 καὶ
2460 766 2775 827 ὲπικλόπως
2804 764 2901 830 τὴν
2935 766 3127 833 ἀκμὴν
3151 764 3248 816 τοῦ
3279 764 3531 818 κινδύνου
3557 765 3864 832 τιθέμενον,
3890 764 3993 834 ἤδη
4017 764 4076 818 δὲ

820 854 913 901 καὶ
947 852 1327 921 κατάφρακτοι
1357 854 1643 905 Λατινικαὶ
1672 854 2070 923 προύφαίνοντο
2100 853 2400 922 φάλαγγες,
2444 852 2655 905 ἐκεῖθεν
2682 855 3006 923 μεθίσταται
3036 853 3131 906 καὶ
3165 853 3227 906 τὸ
3260 852 3500 921 σωθῆναι
3526 855 3672 921 φυγῇ
3708 852 4035 920 διατίθησιν.

889 942 942 996 4.
986 943 1186 999 Hostes
1211 961 1344 999 vero
1373 961 1495 999 cum
1523 955 1719 1015 przrter
1750 949 2216 1016 exspectationem
2244 960 2393 999 arma

818 1044 1011 1089 contra
1042 1035 1187 1089 ferre
1229 1038 1533 1098 neminem.
1580 1040 1854 1092 neminem
1902 1038 2160 1093 resistere
2204 1054 2396 1091 cerne-

821 1136 966 1190 rent,
1000 1128 1180 1181 omnia
1217 1128 1376 1197 plana
1407 1140 1462 1183 et
1499 1131 1774 1198 expedita,
1802 1130 2121 1200 angiportus
2153 1131 2390 1197 pervios,

819 1217 978 1270 trivia
1011 1231 1219 1287 aperta,
1254 1236 1281 1273 a
1316 1221 1459 1274 bello
1496 1228 1866 1287 securitatem,
1901 1224 1968 1275 ab
1999 1223 2251 1275 hostibus
2286 1222 2392 1273 titi-

818 1309 1025 1365 litaIem
1049 1327 1188 1370 esse.
1223 1312 1441 1366 fortuna
1475 1319 1709 1384 quadam
1758 1317 1993 1386 propitia
2027 1314 2389 1385 etadjutrice,

817 1403 1074 1455 omnibus
1100 1418 1222 1456 eum
1249 1407 1509 1458 crucibus
1538 1416 1591 1460 et
1616 1409 1781 1461 sacris
1803 1406 2005 1460 Christi
2042 1406 2390 1469 imaginibus,

821 1503 879 1544 ut
917 1493 969 1545 in
1026 1495 1240 1563 pompis
1278 1506 1333 1549 et
1387 1496 1776 1551 festivitatibus
1824 1501 1990 1551 moris
2029 1508 2132 1561 est,
2176 1499 2390 1552 obviam

819 1581 1242 1649 prodeuntibus.
1281 1585 1415 1638 nzbil
1453 1600 1520 1639 eo
1553 1596 1847 1654 conspectu
1882 1586 2129 1639 habitum
2180 1588 2391 1639 animo-

820 1690 941 1726 rum
973 1674 1357 1734 immutarunt,
1397 1692 1575 1745 neque
1607 1680 1914 1730 arriseruut
1953 1677 2254 1746 paululum,
2290 1691 2391 1729 nec

820 1763 1102 1834 insperato
1135 1767 1226 1819 illo
1257 1768 1568 1835 spectaculo
1601 1769 1773 1821 tristis
1815 1780 1869 1821 et
1908 1768 2147 1821 furiosus
2196 1784 2389 1821 eorum

818 1855 1056 1922 impetus
1087 1856 1365 1926 mitigatus
1415 1869 1531 1920 est,
1574 1859 1867 1927 quominus
1898 1875 2005 1912 non
2040 1870 2247 1913 tantum
2283 1859 2387 1927 pri-

817 1955 1066 1998 vatorum
1116 1950 1426 2016 pecuniam,
1478 1966 1504 2003 a
1547 1951 1810 2019 jumentis
1843 1952 2144 2018 auSpieati,
2198 1950 2290 2003 sed
2336 1962 2391 2004 ct

817 2034 929 2088 Deo
955 2051 1108 2089 sacra
1148 2038 1495 2107 impudenter
1530 2042 1851 2110 diriperent,
1889 2043 2090 2096 strictis
2141 2044 2388 2107 ensibus,

817 2141 991 2194 equos
1017 2128 1083 2180 ad
1118 2129 1259 2183 tubte
1312 2131 1551 2185 sonitum
1598 2134 1821 2187 excitari
1882 2136 2071 2188 solitos
2121 2135 2173 2187 in
2222 2136 2391 2187 armis

820 2224 1088 2271 tenentes.
1141 2219 1281 2285 Quid
1333 2238 1461 2275 vero
1504 2226 1703 2292 primo,
1744 2225 1875 2294 quid
1938 2227 2212 2286 secundo,
2256 2225 2388 2295 quid

819 2312 985 2366 tertio
1016 2312 1137 2366 loco
1170 2316 1399 2369 referam
1432 2332 1496 2369 cx
1532 2317 1599 2370 iis
1627 2333 1747 2387 qua:
1786 2319 1978 2372 nefarii
2013 2319 2101 2372 isti
2138 2319 2237 2371 viri
2268 2334 2393 2387 per-

822 2404 1145 2471 petrarunt?
1184 2405 1297 2459 Heu
1340 2408 1755 2475 ignominiosam
1801 2411 2203 2464 adoraudarum
2251 2411 2387 2464 ima-

821 2495 1008 2561 ginum
1030 2497 1527 2551 conculcationeml
1561 2500 1663 2552 beu
1691 2500 2044 2569 reliquiarum
2074 2510 2387 2554 sanctorum

824 2594 1122 2655 martyrum
1162 2587 1215 2638 in
1259 2586 1401 2641 fmda
1452 2588 1567 2641 loca
1621 2588 2020 2658 alijectioneml
2058 2590 2211 2655 Quod
2262 2606 2392 2643 vero

823 2673 908 2725 vel
944 2675 1129 2727 auditu
1169 2674 1501 2733 horrendum
1538 2688 1655 2742 est,
1687 2680 1739 2732 id
1771 2691 1881 2733 tum
1908 2690 2028 2736 erat
2055 2698 2301 2743 cerni-rc,
2336 2692 2395 2736 ut

823 2764 1044 2818 divinus
1076 2769 1297 2835 sanguis
1323 2778 1377 2822 et
1408 2784 1609 2837 corpus
1641 2770 1844 2825 Christi
1887 2774 2037 2828 bumi
2080 2776 2399 2832 elfundere-

828 2869 920 2910 tur
963 2866 1019 2911 et
1057 2858 1410 2926 abjiceretur.
1443 2862 1544 2925 Qui
1584 2862 1748 2932 758
1784 2872 1963 2917 autem
2006 2870 2270 2934 pretiosas
2304 2884 2398 2923 eo-

828 2962 951 3000 rum
1000 2950 1250 3017 capsuias
1309 2952 1628 3020 rapiebant,
1678 2967 1994 3009 ornamenta
2043 2973 2164 3025 qua:
2225 2960 2278 3012 iu
2332 2960 2398 3015 iis

827 3039 1255 3094 continebantur
1294 3042 1347 3095 in
1374 3045 1554 3096 sinum
1587 3047 1974 3114 congerebant,
2009 3050 2153 3116 ipsas
2184 3051 2399 3104 confra-

827 3140 946 3183 ctas
977 3146 1074 3199 pro
1105 3134 1305 3200 patinis
1332 3144 1387 3187 et
1420 3138 1631 3203 poeulis
1668 3139 2041 3208 usurpabant,
2071 3143 2397 3198 Antichristi

2577 946 2643 997 δ’.
2680 948 2745 996 ()i
2781 944 2836 996 δὲ
2881 944 3133 1011 πολέμιοι
3183 943 3388 1013 μηδένα
3436 943 3591 1015 παρά
3633 941 3794 1006 δόξαν
3840 944 4078 1012 ὁρῶντες

2499 1038 2871 1107 ίθυμαχοῦντα
2907 1037 2939 1107 ἦ
2971 1037 3430 1106 ἁντεγχειροῦντά
3461 1054 3616 1103 σφισι
3647 1038 3741 1090 καὶ
3779 1035 4075 1105 ὀπλιζόμε-

2495 1148 2607 1191 νον,
2639 1130 2757 1184 ἀλλ’
2788 1130 2943 1183 εὔοδα
2973 1132 3041 1181 τὰ
3075 1132 3132 1182 ἐν
3167 1131 3346 1195 ποσὶν,
3378 1128 3575 1181 εὔκολα
3603 1130 3671 1181 τὰ
3706 1129 3764 1181 ιν
3799 1128 3977 1197 χερσὶ,
4004 1128 4075 1181 τὰ

2493 1225 2552 1275 έν
2586 1225 2883 1283 στενωποῖς
2918 1221 3235 1283 εὐδιάϐατα,
3278 1223 3346 1273 τὰ
3372 1223 3431 1273 ιν
3456 1220 3690 1289 τριόδοις
3723 1222 4073 1289 ἁπρόσκοπα,

2491 1314 2599 1366 ἀπὸ
2638 1312 2891 1380 πολέμων
2937 1312 3261 1389 ἀσξάλειαν,
3308 1313 3418 1365 ἀπὸ
3468 1312 3739 1381 πολεμίων
3780 1312 4072 1379 ὠφέλειαν,

2489 1405 2656 1473 τύχης
2689 1408 2831 1466 τιν⁷ς
2859 1407 3204 1472 προαγούσης
3231 1404 3493 1473 εὐμενοῦς
3535 1406 3628 1456 καὶ
3661 1402 4076 1471 συλλαμϐανού-

2495 1512 2594 1563 σης
2649 1496 2857 1556 πάντας
2911 1498 3065 1560 σφίσι
3121 1496 3512 1563 προσυπαντᾷν
3567 1494 3708 1561 μετὰ
3764 1493 4074 1562 σταυρικῶν

2499 1588 2743 1654 σημείων
2777 1585 2870 1636 καὶ
2894 1583 3108 1636 σεπτῶν
3140 1583 3395 1637 έκτύπων
3427 1584 3687 1649 Χριστοῦ,
3714 1584 3789 1644 ὡς
3814 1585 3873 1635 έν
3901 1599 4073 1651 πανη-

2496 1680 2720 1747 γύρεσιν
2751 1678 2981 1728 εἴθισται
3012 1680 3107 1728 καὶ
3145 1678 3418 1743 πομπαῖς,
3448 1676 3511 1727 οὐ
3544 1676 3679 1744 πρὸς
3696 1675 3793 1744 τὴν
3816 1675 3939 1742 δψιν
3966 1672 4075 1726 τῶν

2495 1770 2790 1838 ὁρωμένων
2819 1767 2915 1836 τὴν
2944 1768 3045 1834 τῆς
3068 1766 3246 1836 ψυχῆς
3269 1766 3686 1835 μεταμορφοῦσι
3715 1766 4073 1826 κατάστασιν.

2495 1863 2617 1912 οὐδὲ
2679 1868 2844 1928 μέχρι
2904 1860 3129 1928 χειλέων
3182 1858 3593 1927 ἑπεμειδίασαν,
3627 1858 3746 1911 οὐδὲ
3776 1859 3810 1928 ἡ
3842 1858 4075 1919 ἄελπτος

2497 1952 2680 2014 ἐκείνη
2705 1952 2801 2002 θέα
2827 1951 2889 2002 τὸ
2921 1951 3157 2019 στυγνδν¹
3175 1952 3271 2003 καὶ
3298 1949 3382 2020 [Ρ.
3402 1949 3530 2021 368]
3552 1951 3818 2020 μανιῶδες
3846 1952 4073 2019 ὅρμημα

2503 2046 2595 2097 καὶ
2626 2044 2847 2114 βλέμμα
2876 2046 2954 2106 είς
2983 2046 3168 2097 εἰκόνα
3202 2044 3547 2113 μετέχρωσεν
3592 2044 3933 2113 ἱλαρότητος,
3964 2040 4075 2096 ἀλλ’

2504 2137 2872 2208 ὲπρονόμευον
2906 2137 3099 2199 ἀδεῶς,
3140 2138 3203 2189 ὲκ
3238 2137 3346 2188 τῶν
3379 2137 3679 2206 ὀχημάτων
3719 2136 3947 2206 πρώτως
3983 2136 4078 2205 ἀρ-

2504 2228 2745 2297 ξάμενοι,
2768 2229 2827 2279 ού
2863 2229 2931 2280 τὰ
2957 2229 3064 2280 τῶν
3090 2228 3300 2280 πολλῶν
3328 2229 3491 2297 μόνον
3522 2228 3802 2297 χρήματα,
3833 2227 3952 2282 ἀλλ’

2506 2324 2600 2373 καὶ
2625 2322 2691 2373 τὰ
2730 2321 2813 2390 τῷ
2848 2321 2966 2384 Θεῷ
2997 2321 3351 2389 ἀνακείμενα,
3388 2320 3680 2390 ξιφηφόροι
3706 2322 3926 2383 πάντες,
3953 2320 4003 2372 oi
4023 2318 4077 2371 δι

2503 2412 2597 2465 καὶ
2630 2412 3054 2481 σκεπαστηρίοις
3084 2411 3268 2476 ὅπλοις
3298 2414 3422 2474 τοὺς
3452 2412 3588 2482 πρὸς
3620 2412 3900 2479 σάλπιγγα
3938 2414 4080 2479 ὲγει-

2505 2508 2769 2576 ρομένους
2817 2506 3016 2568 ἵππους
3062 2506 3276 2557 ἑαυτῶν
3317 2504 3799 2574 περιφράττοντες.
3830 2504 3896 2555 Τί
3936 2502 3983 2557 δ’
4016 2503 4079 2557 ἂν

2505 2599 2745 2669 πρῶτον.
2770 2599 2819 2650 τί
2841 2597 2884 2650 δ’
2914 2599 3125 2659 ἔπειτα,
3147 2600 3199 2650 τί
3224 2598 3269 2649 δ’
3299 2599 3551 2651 ὑστάτιον
3584 2597 3951 2666 καταλέξαιμι
3971 2596 4077 2647 τῶν

2505 2686 2809 2757 τηνικαῦτα
2841 2685 3213 2754 τολμωμένων
3241 2689 3392 2755 παρὰ
3414 2687 3522 2740 τῶν
3550 2686 3909 2755 παλαμναίων
3939 2684 4079 2738 ὲκεί-

2507 2796 2617 2830 νων
2656 2778 2866 2846 ἀνδρῶν
2896 2793 2911 2841 ;
2952 2778 3017 2828 Ὠ
3051 2793 3139 2845 μοι
3169 2777 3267 2841 τῆς
3304 2778 3504 2845 ἀτίμου
3544 2778 3653 2829 τῶν
3691 2777 4079 2846 προσκυνητιῖη

2507 2870 2733 2922 εἰκόνων
2784 2867 3189 2933 κατεδαφίσεως
3222 2868 3234 2920 !
3266 2866 3311 2920 ὣ
3352 2867 3454 2935 τῆς
3500 2867 3606 2919 τῶν
3663 2867 3933 2937 λειψάνων
3974 2865 4080 2918 τῶν

2508 2961 2651 3029 ὑπὲρ
2701 2959 2941 3029 Χριστοῦ
2986 2959 3271 3012 παθόντων
3317 2957 3438 3010 κατ’
3489 2958 3697 3027 ἐναγῶν
3754 2958 4082 3018 ἀκοντίσεως

2510 3055 2691 3105 τόπων
2721 3053 2733 3104 ι
2770 3053 2827 3103 τὸ
2857 3051 2913 3103 δὲ
2944 3051 3213 3120 φρικῶδες
3242 3050 3336 3102 καὶ
3372 3050 3728 3118 ἀκουόμενον,
3763 3043 3830 3119 ἦν
3862 3049 3998 3119 ὁρᾷν
4027 3046 4082 3101 τδ

2512 3144 2654 3195 θεῖον
2706 3138 2845 3210 αἷμα
2879 3144 2975 3195 καὶ
3024 3141 3183 3209 σῶμα
3236 3140 3471 3209 Χριστοῦ
3512 3140 3654 3193 κατὰ
3686 3141 3790 3209 γῆς
3827 3140 4085 3209 χεόμενον

829 3237 1215 3287 ιπειεςιιτεοτοε,
1255 3234 1309 3278 et
1338 3227 1671 3281 nefariarum
1712 3230 1832 3298 ejus
1861 3231 2141 3284 actionum
2185 3249 2306 3301 (ιιι-υ
2341 3235 2393 3287 in
2424 3250 2467 3306 ο
2502 3251 2533 3285 κ

2381 3250 2467 3306 ιο
2502 3234 2595 3285 καὶ
2643 3234 2992 3303 ῥιπτόμενον.
3039 3233 3101 3283 0i
3151 3231 3207 3283 δὲ
3258 3231 3326 3283 τὰ
3372 3230 3617 3299 τιμαλφῆ
3648 3229 3836 3300 δοχεῖα
3878 3231 4084 3282 τούτων

828 3316 1240 3381 exspectatione
1293 3327 1422 3370 sunt
1470 3321 1726 3387 auspices
1774 3330 1829 3374 et
1875 3325 2189 3391 prmuuntii.
2239 3325 2406 3380 Plane

833 3405 1076 3469 profecm
1133 3423 1161 3460 a
1217 3419 1377 3477 gente
1435 3412 1521 3464 illa
1570 3421 1722 3476 tum,
1755 3423 1813 3465 ut
1852 3424 1907 3467 et
1951 3415 2103 3475 olim,
2154 3414 2408 3469 Christus

728 3514 731 3517 ν
828 3495 1138 3549 exurebatur
1178 3508 1233 3550 et
1270 3498 1635 3563 illudebatur,
1670 3513 1724 3555 et
1760 3512 1937 3555 vestes
1963 3504 2082 3571 ejus
2112 3512 2259 3558 sorte
2292 3505 2406 3557 dis-

837 3585 1219 3641 tribuebantur
1250 3608 1263 3642 :
1295 3591 1426 3644 illud
1472 3600 1680 3645 tantum
1728 3594 1935 3656 aberat,
1978 3608 2046 3645 ne
2078 3594 2222 3647 latus
2254 3594 2408 3648 hasta

839 3679 1099 3745 trajectus
1160 3680 1307 3734 rivos
1360 3682 1529 3735 divini
1590 3685 1805 3737 cruoris
1867 3684 2018 3738 humi
2075 3685 2408 3739 eﬂ'uudcret.

835 3768 1070 3821 violatio
1121 3785 1285 3837 porro
1330 3774 1549 3826 maximi
1590 3775 1775 3843 templi
1828 3791 1928 3829 nec
1969 3776 2197 3830 auribus
2241 3778 2412 3845 a'quis

837 3869 1017 3927 potest
1042 3863 1233 3929 accipi.
1266 3864 1398 3917 Nam
1437 3880 1589 3919 sacra
1637 3883 1821 3920 mensa
1863 3882 1927 3920 ex
1972 3869 2149 3921 omnis
2194 3869 2414 3936 generis

839 3952 1101 4019 pretiosis
1141 3955 1388 4009 materiis
1432 3958 1665 4011 conflata
1708 3960 1759 4011 in
1800 3959 2124 4013 excellentis
2169 3961 2413 4029 pulchri-

840 4040 1047 4093 tudinis
1076 4042 1392 4096 varietatem
1423 4048 1680 4100 omnibus
1709 4049 1965 4117 gentibus
2006 4049 2410 4117 admirabilem,

838 4131 894 4185 in
940 4131 1111 4187 frusta
1158 4142 1243 4187 est
1303 4136 1540 4191 dissecta
1586 4149 1641 4192 et
1680 4140 1824 4193 inter
1858 4142 2064 4196 milites
2096 4142 2411 4207 distributa,

840 4234 901 4276 ut
936 4232 991 4277 et
1022 4240 1215 4280 omnes
1260 4242 1428 4281 sacra:
1476 4245 1610 4298 opes
1647 4238 1753 4282 tam
1807 4230 2087 4286 immensae
2126 4242 2181 4288 et
2218 4234 2415 4287 inﬁniti

840 4315 1172 4383 splendoris.
1201 4317 1336 4372 Cum
1381 4330 1563 4373 autem
1599 4332 1946 4376 sacrosancta
1979 4340 2107 4377 vasa
2146 4334 2203 4379 et
2234 4326 2422 4394 supel-

840 4409 1044 4463 lectilia
1080 4409 1465 4479 insuperabilis
1501 4413 1635 4466 artis
1685 4420 1741 4467 et
1783 4415 1973 4481 gratia:
2026 4430 2274 4484 rarasque
2308 4432 2420 4470 ma-

840 4500 1018 4561 teriae,
1053 4510 1108 4553 et
1141 4502 1370 4569 probum
1414 4512 1736 4571 argentum,
1778 4504 1923 4572 quod
1968 4505 2262 4559 tribunalis
2311 4506 2421 4559 cla-

2506 3326 2897 3395 διαρπάζοντες
2925 3323 2991 3375 τὰ
3018 3323 3115 3391 μὲν
3143 3322 3422 3392 διέθρανον
3447 3322 3538 3375 καὶ
3567 3322 3692 3384 τοὺς
3724 3321 4082 3390 ἐγκειμένους

2510 3417 2750 3483 κόσμους
2800 3414 3233 3479 ὲνεκολπίζοντο,
3275 3414 3342 3466 τὰ
3376 3412 3433 3465 δὲ
3480 3413 3561 3475 είς
3600 3412 3766 3464 σίτων
3802 3413 3950 3464 κανᾶ
3994 3410 4087 3464 καὶ

2509 3510 2667 3562 οἴνων
2706 3525 2764 3561 κε
2776 3510 3033 3576 ρὰσματα
3056 3509 3177 3569 ταῖς
3202 3505 3415 3558 ἑαυτῶν
3439 3505 3745 3575 τραπέζαις
3774 3504 4087 3573 παρέφερον

2509 3599 2559 3649 οἱ
2600 3596 2692 3649 τοῦ
2733 3597 3108 3665 ’Δντιχρίστου
3151 3596 3450 3665 πρόδρομοι
3500 3593 3736 3647 καὶτῶν
3782 3593 4089 3662 προσδοκω-

2516 3687 2693 3754 μένων
2732 3685 3061 3736 πανασεὸῶν
3085 3684 3339 3752 πράξεων
3370 3684 3585 3736 ἐκείνου
3619 3684 3971 3753 πρωτουργοὶ
4002 3682 4090 3736 καὶ

2518 3777 2871 3845 προάγγελοι,
2908 3775 3173 3844 Ἀτεχνῶς
3206 3774 3386 3827 τοίνυν
3432 3775 3537 3827 ὑπὸ
3580 3774 3734 3826 τοῦδε
3777 3773 3871 3827 τοῦ
3901 3774 4091 3841 γένους

2516 3868 2591 3931 ὡς
2628 3869 2797 3919 πάλαι
2836 3866 2966 3919 ποτὲ
3007 3868 3101 3918 καὶ
3142 3866 3265 3918 τότε
3308 3866 3699 3936 ἁπημφιάζετο
3731 3866 3970 3934 Χριστὸς
4004 3867 4093 3918 καὶ

2517 3957 2786 4027 ὑϐρίζετο,
2822 3961 2916 4011 καὶ
2950 3959 3210 4027 μερισμοὶ
3252 3955 3348 4010 καὶ
3394 3957 3588 4026 κλῆροι
3616 3956 3723 4009 τῶν
3760 3954 3928 4008 αὑτοῦ
3966 3956 4093 4025 ίμαο

2515 4054 2646 4106 τίων
2677 4053 2937 4118 ἐγίνοντο,
2966 4054 3059 4102 καὶ
3089 4052 3250 4120 μόνον
3277 4050 3338 4102 οὐ
3368 4048 3762 4118 λογχευόμενος
3794 4049 3895 4116 τὴν
3928 4046 4092 4100 πλευ-

2520 4144 2620 4214 ρὰν
2666 4142 2959 4213 θεορρύτου
3013 4142 3223 4209 ῥύακας
3268 4140 3500 4207 αἵματος
3533 4140 3614 4200 εἰς
3652 4140 3759 4208 γῆν
3790 4137 3889 4190 καὶ
3933 4137 4095 4188 πάλιν

2518 4233 2811 4297 ἁπέσταξε.
2864 4232 2943 4283 Τὰ
2982 4232 3028 4282 δ’
3070 4233 3163 4283 ἐπὶ
3192 4231 3296 4283 νεὼ
3338 4230 3433 4283 τοῦ
3471 4229 3731 4299 μεγίστου
3776 4229 4096 4299 ἠσεϐημένα

2517 4326 2638 4379 οὐδὲ
2696 4325 2888 4385 ἀκοαῖς
2953 4324 3091 4375 είσιν
3135 4322 3537 4392 εύπαράδεκτα.
3609 4320 3671 4374 Ἦ
3736 4321 3837 4389 μὲν
3888 4320 4097 4391 θυωρὸς

2518 4415 2791 4486 τράπεζα,
2822 4414 2882 4465 τὸ
2912 4415 2975 4465 ἐκ
3006 4413 3195 4465 πασῶν
3224 4412 3421 4481 τιμίων
3460 4410 3601 4463 ὑλῶν
3638 4410 3883 4477 σύνθεμα
3912 4426 4099 4463 συντε-

2520 4508 2810 4575 τηγμένων
2868 4504 3005 4571 πυρὶ
3049 4503 3144 4553 καὶ
3189 4498 3657 4569 περιχωρησασῶν
3710 4498 3971 4564 ἀλλήλαις
4022 4499 4100 4558 είς

842 4591 999 4643 tbros
1024 4601 1077 4644 et
1108 4592 1398 4645 atubonem
1433 4594 1567 4647 artis
1593 4592 1931 4649 admirabilis
1954 4606 2011 4649 et
2043 4596 2207 4665 759
2236 4608 2421 4666 portas
2452 4579 2496 4634 Ῐ)
2524 4597 2546 4648 έ

2396 4613 2421 4651 s
2452 4579 2496 4634 Ῐ)
2524 4596 2644 4657 ἑνὸς
2686 4592 3066 4661 ποικιλοχρόου
3102 4590 3333 4650 κάλλους
3374 4586 3705 4658 ὑπερϐολὴν,
3753 4586 3993 4651 ἐξαισίου
4025 4586 4100 4656 τῷ

835 4692 897 4736 et
930 4684 1099 4736 multa
1142 4684 1245 4736 alia
1288 4696 1613 4737 ornamenta
1654 4685 1968 4748 ambiebat,
2004 4702 2141 4740 auro
2186 4688 2423 4741 circum-

840 4777 1065 4837 tusiun,
1108 4790 1207 4843 pro
1256 4776 1531 4829 manubiis
1580 4776 1860 4831 eﬂ'ereuda
1907 4790 2127 4841 essent,
2181 4782 2315 4834 muli
2369 4790 2426 4835 et

838 4866 1085 4935 jumeuta
1117 4866 1268 4919 sellis
1305 4867 1531 4920 instrata
1575 4883 1748 4936 usque
1792 4868 1857 4921 ad
1900 4870 2085 4937 templi
2130 4871 2290 4940 adyta
2342 4872 2424 4924 in-

845 4958 1307 5019 troducebantur,
1340 4973 1574 5027 quorum
1610 4960 1873 5012 nonnulla
1905 4975 2027 5013 cum
2061 4961 2132 5015 ob
2177 4962 2419 5030 splendi-

841 5049 977 5101 dum
1013 5057 1067 5102 et
1107 5049 1381 5103 lubricum
1425 5050 1600 5102 solum
1647 5051 1879 5118 pedibus
1924 5052 2176 5106 insistere
2225 5053 2423 5121 nequi-

846 5149 993 5198 rent,
1023 5139 1273 5208 prolapsa
1299 5140 1791 5204 confodiebantur,
1827 5152 1885 5194 ut
1915 5141 2090 5196 eﬂ‘uso
2122 5158 2320 5196 cruore
2370 5150 2427 5196 et

846 5242 1098 5284 stercore
1134 5247 1348 5284 sacrum
1380 5233 1750 5299 pavimentum
1796 5233 2200 5302 inquinarelur.
2230 5233 2342 5286 lino
2373 5243 2429 5288 et

855 5320 1181 5375 tnuliercuia
1220 5320 1471 5389 quaedam
1498 5360 1512 5381 ,
1567 5331 1824 5391 conperta
1875 5322 2146 5389 peccatis,
2180 5322 2429 5374 ministra

852 5411 1167 5475 Furiarum,
1204 5411 1407 5465 ancilla
1433 5410 1763 5474 dwtnonum,
1795 5413 2222 5465 iucantationum
2252 5422 2306 5465 et
2344 5427 2435 5465 ve-

2523 4688 2640 4741 ὅντι
2676 4691 2770 4739 καὶ
2800 4684 3135 4750 ἁξιαγάστου
3169 4680 3299 4752 παρ’
3330 4681 3540 4733 έθνεσιν
3571 4680 3765 4741 amat,
3800 4695 4104 4748 κατετεμα-

2525 4778 2686 4847 χίσθη
2720 4778 2815 4829 καὶ
2863 4772 3183 4843 διεμερίσθη
3216 4772 3328 4833 τοῖς
3386 4771 3733 4833 σκυλευταίς,
3773 4769 3965 4837 ῶσπερ
4011 4769 4103 4822 καὶ

2529 4868 2758 4930 πλοῦτος
2792 4866 2935 4925 am;
2959 4867 2986 4917 ό
3022 4863 3168 4932 ἱερὸς
3211 4862 3239 4913 ό
3268 4860 3520 4922 τοσοῦτος
3550 4859 3612 4912 τὸ
3641 4858 3844 4921 πλῆθος
3873 4859 3971 4910 καὶ
4007 4860 4106 4927 τὴν

2528 4955 2759 5021 ἀγλαΐαν
2813 4953 3141 5019 ἀπέραντος.
3188 4948 3399 5016 Δεῆσαν
3428 4946 3474 4999 δ’
3511 4946 3913 5015 ἐκκομισθῆναι
3960 4945 4105 4997 καθά

2530 5063 2654 5098 τινα
2694 5043 2865 5097 σκῦλα
2906 5046 2974 5093 τὰ
3011 5038 3231 5106 παναγῆ
3283 5038 3452 5107 σκεύη
3499 5038 3593 5089 καὶ
3645 5036 3853 5089 ἔπιπλα
3893 5036 3962 5087 τὰ
4009 5035 4108 5105 τὴν

2532 5140 2694 5209 χάριν
2726 5137 2819 5189 καὶ
2851 5135 2949 5203 τὴν
2977 5134 3174 5201 τέχνην
3215 5130 3401 5198 ἄμαχα
3441 5128 3535 5180 καὶ
3566 5127 3668 5197 τὴν
3714 5128 3850 5197 ὓλην
3884 5128 4105 5191 σπάνια,

2536 5228 2675 5282 ἀλλὰ
2705 5228 2768 5297 δὴ
2794 5230 2889 5279 καὶ
2916 5224 2975 5275 τὸ
3003 5224 3225 5289 δόκιμον
3248 5218 3511 5288 ἀργύριον
3542 5218 3571 5270 ὃ
3599 5219 3692 5270 τὸν
3713 5217 3807 5270 τοῦ
3861 5219 4103 5287 βήματι-,ς

2538 5320 2762 5387 θριγκίον
2796 5320 2889 5369 καὶ
2917 5316 3007 5368 τὸν
3038 5308 3149 5365 οἷον
3188 5310 3456 5377 ἐκπλῆξαι
3484 5309 3713 5379 ἄμϐωνα
3747 5311 3860 5378 (57)
3890 5310 3986 5362 καὶ
4012 5312 4109 5371 τὰς

2542 5412 2719 5473 πύλας
2756 5410 3133 5479 περιήμπισχε
3164 5404 3258 5457 καὶ
3295 5404 3374 5464 εἰς
3414 5399 3768 5470 παμπόλλους
3797 5402 3990 5465 ἄλλους
4018 5402 4112 5455 κό-

2142 5573 2318 5633 Hier.
2352 5571 2560 5634 Wolﬁi
2599 5582 2788 5634 noue.

932 5722 1048 5790 (57)
1085 5722 1344 5787 Ἀμϐων,
1396 5717 1545 5789 παρὰ
1594 5720 1654 5773 τὸ
1697 5720 2157 5785 ἀνσϐαίνειν,‹ίίοἰ
2202 5721 2442 5787 videtur,

856 5798 1011 5849 locus
1054 5793 1241 5861 utique
1289 5791 1474 5861 templi
1508 5792 1731 5859 editior,
1772 5795 1889 5847 sive
1931 5804 2270 5863 suggestum,
2313 5794 2428 5846 sive

2554 5720 2780 5791 gradus.
2811 5721 2928 5775 sive
2961 5719 3184 5781 chorus,
3212 5726 3275 5791 ut
3307 5718 3471 5791 vulgo
3493 5718 3858 5787 appellantur,
3886 5716 4003 5773 sive
4022 5731 4117 5773 ll-

2537 5789 2726 5861 perius
2757 5793 3155 5856 ambulacrum,
3187 5789 3270 5843 die
3302 5790 3628 5844 oorkirchm.
