4314 6356
220 461 321 524 961

1246 426 1587 492 ALEXlUS
1629 419 1878 483 DUCAS
1921 410 2415 475 MUllZUFLUS.

3374 394 3482 458 962

220 575 381 645 πυρί,
415 568 505 621 καὶ
537 560 714 636 ῥυτίσι
758 555 1025 627 χαλαραῖς
1057 545 1437 645 ηὐλακι-σ-μὲνη
1471 543 1591 645 ,τὴν
1646 535 1794 638 στιλ-
1826 533 1877 593 Α

1913 527 2142 598 fuligine
2166 522 2465 586 exstitisti;
2499 515 2785 589 profundis
2828 514 2979 585 rugis
3016 510 3299 583 splendida
3328 510 3482 567 prius

1917 630 1962 645 Α.
1994 618 2176 645 -......;..
2221 628 2309 645 ...α
2343 612 2509 645 nmine
2536 618 2615 645 ρει
2653 622 2803 645 grain
2862 608 3049 645 Nomm
3072 606 3175 645 iam
3213 603 3339 645 Αἴθη
3362 615 3482 645 nam

222 625 477 733 idimon
492 625 732 727 τερπνὴν
754 625 876 718 δψιν
898 643 1183 712 πρότερον.
1212 636 1319 691 Ἐῶ
1344 636 1452 705 γὰρ
1471 632 1651 733 λέιγειμ
1675 625 1802 733 ⁸τοὺς

228 718 370 825 πρός
392 718 570 818 λύραν.
590 718 925 800 ιντείνοντάς
950 751 1008 789 τε
1034 731 1133 786 καὶ
1152 728 1453 800 ψάλλοντας
1472 722 1550 825 ’τὰ
1579 720 1646 825 σὰ
1678 718 1804 771 δυσ·

231 809 579 915 πραγήμίατα
598 873 613 897 ,
652 832 745 885 καὶ
783 825 1074 895 κωμῳδίαν
1098 821 1421 915 τιθεμένους
1560 809 1803 915 σὴνιτρα-

234 900 447 1004 ﬁssas;
473 931 530 981 ὲν
559 926 637 993 τῷ
667 915 931 974 τὸν“οῐνον
956 913 1298 986 προσίεσθαι,
1339 907 1431 960 καί
1465 903 1580 1004 βίου
1600 900 1807 1004 ’τέχνην

234 992 722 1091 πόιουμένουςτὴν
751 1008 1010 1079 γελσιιὶηδη
1032 1005 1141 1058 τῶν
1172 999 1359 1054 κακῶν
1392 1013 1485 1048 σου
1512 992 1810 1091 ἀφηγησιν,

236 1118 367 1178 τοὺς
392 1106 782 1175 κονδυλισμούς
815 1118 878 1153 τι
914 1099 1008 1151 καὶ
1035 1092 1426 1165 πτερνισμοὺς,
1477 1086 1559 1138 ἐτι
1608 1083 1666 1136 δὲ
1714 1082 1813 1138 τὰς

240 1172 529 1273 ἀθετήρεις
580 1172 679 1252 καλ.
726 1193 796 1246 τά
836 1187 1062 1243 ὑπώπια
1099 1187 1135 1239 ἆ
1175 1201 1256 1237 σοι
1290 1179 1408 1234 καθ’
1450 1176 1600 1273 ὥραν
1625 1172 1817 1273 πάσαν

242 1257 688 1365 ⁸Ῑτροστιρίὸιπαιῖαι.
727 1276 1173 1351 Παρεζηλωμένη
1206 1270 1389 1324 θεόθεν
1441 1266 1535 1365 ἐπὶ

242 1349 438 1455 epam;
477 1381 711 1439 εθνεσιν,
753 1372 784 1441 ἢ
820 1349 1168 1422 uagum
1192 1361 1409 1455 ἀληθῶς
1446 1358 1647 1455 εἰπεῖν,
1680 1349 1816 1455 ,ἀλλῖ

241 1444 512 1547 άμυδροῖς
566 1472 662 1521 καλ⁸
702 1462 1048 1533 σποραδικοῖς
1095 1460 1334 1527 γένεσιν,
1365 1447 1439 1504 ὧν
1470 1449 1536 1501 τά
1567 1445 1739 1497 πλείω
1770 1444 1819 1542 εί

247 1532 327 1636 μθ]
384 1565 709 1631 ἐγέννησας,
749 1556 865 1612 ἀλλ’
912 1552 1134 1622 ὖψωσάς
1162 1565 1222 1601 τε
1252 1547 1346 1597 καὶ
1394 1540 1614 1595 στέατος
1647 1532 1820 1604 πυροῦ

249 1657 584 1729 μετέδωκας,
634 1650 718 1713 τίς
766 1648 929 1700 σώσει
960 1660 1018 1696 σε
1048 1659 1063 1707 ;
1096 1641 1128 1709 ἢ
1177 1638 1260 1698 τίς
1305 1629 1681 1702 παρακαλέσει
1721 1638 1822 1684 σε;

248 1713 334 1811 τίς
361 1713 607 1816 φείσεται
636 1743 731 1793 ἐπὶ
760 1740 879 1801 eoi;
908 1737 941 1805 ἢ
972 1734 1055 1795 τίς
1085 1727 1472 1797 σκυθρωπάσει
1503 1722 1594 1774 ἐπὶ
1630 1716 1709 1816 σοί
1742 1732 1757 1779 ;
1790 1713 1824 1783 ἢ

248 1807 336 1899 τίς
368 1807 758 1916 ἑπανακάμψει
790 1825 1066 1898 ἐρωτῆσαι
1088 1820 1153 1873 τά
1172 1822 1249 1881 είς
1276 1818 1498 1887 είρήνην
1525 1827 1606 1862 σοι
1629 1807 1826 1916 (διερε-

1914 630 1968 675 ct
1994 618 2179 674 suavis
2221 628 2310 669 tua
2342 612 2511 666 facies
2536 618 2621 665 est
2652 622 2827 663 arata.
2862 608 3049 677 Neque
3065 606 3176 676 jam
3213 603 3339 658 dico
3362 615 3485 657 esse

1913 712 2008 782 qui
2040 719 2163 763 tuas
2209 705 2397 760 clades
2443 702 2511 756 ad
2560 701 2829 755 citharam
2871 698 3176 762 cantillant,
3206 694 3303 766 qui
3334 702 3485 747 tuam

1920 800 2248 871 tragoediam
2283 813 2384 867 pro
2412 794 2679 850 eommdia
2712 792 2924 853 ludant,
2956 806 3065 861 quo
3091 788 3323 844 artificio
3352 786 3490 840 ridi-

1917 894 2055 949 culae
2103 888 2450 946 recitationis
2509 889 2777 941 malorum
2838 894 3059 937 tuorum
3102 892 3155 935 et
3203 882 3486 951 alaparum

1918 987 2135 1040 alantur
2155 1026 2169 1051 ,
2199 983 2288 1054 qui
2314 984 2499 1051 lapsus
2526 988 2582 1034 et
2616 979 2825 1033 vibices
2856 985 2913 1032 et
2947 974 3334 1038 contumelias,
3362 973 3487 1043 qui-

1919 1080 2023 1133 bus
2051 1078 2103 1130 in
2134 1078 2297 1131 horas
2346 1074 2599 1133 afficeris,
2650 1087 2752 1141 per
2800 1072 2986 1142 jocum
3035 1077 3489 1123 commemorent.

1920 1167 2024 1224 Per
2074 1165 2336 1220 invidiam
2384 1163 2643 1232 depressa
2684 1175 2744 1216 es
2797 1175 2827 1213 a
2877 1160 3100 1215 vecordi
3153 1158 3380 1230 populo,
3431 1173 3495 1212 ac

1920 1261 2105 1331 petius
2146 1259 2215 1313 ab
2253 1257 2476 1313 obscuri
2523 1264 2578 1308 et
2629 1252 2940 1325 vagabundi
2982 1253 3168 1322 populi
3218 1252 3493 1316 colluvie;

1921 1356 2081 1422 cuius
2110 1366 2360 1419 magnam
2402 1358 2610 1417 partem
2651 1349 2692 1401 si
2727 1362 2835 1400 non
2872 1346 3135 1417 genuisti,
3173 1353 3227 1399 at
3264 1343 3494 1399 evcxisti

1922 1441 2289 1512 et'saginasti.
2312 1440 2448 1505 Quis
2474 1442 2533 1493 te‘
2553 1438 2833 1492 servabit?
2852 1438 2980 1507 quis
3008 1445 3058 1491 te
3084 1436 3460 1491 consolabitur
3476 1436 3501 1487 τ

1932 1536 2062 1604 quis
2103 1534 2200 1588 tibi
2232 1532 2458 1603 parcet?
2489 1531 2615 1599 quis
2664 1530 2838 1583 vicem
2882 1540 3031 1583 tuam
3084 1527 3333 1582 dolebit?
3376 1528 3501 1598 quis

1930 1635 2260 1688 revertetur,
2296 1632 2355 1677 ut
2391 1624 2509 1693 paci
2546 1631 2652 1675 tua:
2677 1620 2965 1674 consulat?
3005 1622 3172 1686 (Sunt
3196 1628 3251 1673 et
3274 1619 3388 1673 lta'c
3421 1619 3503 1671 la.

1930 1718 2164 1789 crymosi
2206 1716 2456 1771 Ieremia:
2500 1711 2713 1777 verba.)
2765 1710 2899 1776 Quis
2942 1710 3112 1779 priori
3152 1709 3291 1763 stola
3338 1718 3389 1762 te
3420 1708 3505 1761 in-

1932 1810 2102 1865 duet?
2149 1807 2371 1878 quando
2416 1804 2678 1857 divinitus
2730 1802 2966 1856 audies:
3020 1800 3263 1870 Erigere,
3318 1815 3505 1869 surge,

511 1877 1244 1982 -τῶιεῖτ-οῦνῖπσλυθρηνὴτου
1290 1877 1359 1960 τά
1385 1877 1621 1975 ’ῥήματα
1648 1899 1689 1968 ),
1717 1895 1825 1997 εἴτε
1860 1877 1900 1929 Β

1896 1885 1900 1923 ⁵
1934 1920 2054 1974 qua:
2086 1901 2310 1956 calicem
2341 1897 2543 1951 furoris
2574 1896 2679 1947 mei
2711 1892 2899 1946 bibisti
2938 1900 2994 1947 et
3042 1892 3297 1961 poculum
3334 1892 3509 1945 ruinae

255 1987 368 2083 μὴν
400 2017 501 2079 τὴν
539 2007 816 2079 προτέραν
861 2001 1052 2071 στολὴν
1078 1996 1366 2051 ἐπενδύσει
1401 2009 1460 2044 σε
1489 2008 1502 2057 ;
1551 1991 1681 2043 πότε
1713 1987 1832 2040 θεό-

254 2079 349 2157 θεν
405 2100 639 2167 ὲνωτίσῃ
705 2093 1044 2163 Ἐξεγείρου,
1106 2085 1371 2156 ἀνάστηθι
1425 2087 1455 2154 ἡ
1522 2080 1724 2135 πιοῦσα
1770 2079 1833 2131 τδ

253 2194 519 2263 ποτήριον
549 2189 645 2242 τοῦ
674 2185 850 2256 θυμοῦ
882 2199 985 2253 μου
1018 2180 1195 2233 καὶτὸ
1225 2177 1381 2230 κόνδυ
1414 2176 1509 2245 τῆς
1547 2170 1830 2231 πτώσεως.

258 2289 522 2340 Ἐνδυσαι
568 2285 668 2352 τὴν
724 2278 875 2350 ἰσχύν
922 2294 1040 2340 σου,
1096 2273 1311 2327 ἔνδυσαι
1361 2271 1461 2340 τὴν
1496 2267 1655 2332 δόξαν
1696 2277 1834 2327 σονς

271 2376 586 2440 Ἐκντίναξαι
612 2374 700 2427 τὸν
734 2371 862 2441 χοῦν
890 2369 988 2422 κα)⁵
1015 2365 1299 2433 ἀνάστηθι.
1332 2360 1598 2413 Ἐκδυσαι
1631 2358 1721 2410 τὸν
1754 2357 1838 2408 δε-

259 2470 400 2539 σμὸν
451 2466 545 2519 τοῦ
595 2463 867 2534 τραχήλου
915 2476 1010 2511 σου
1049 2474 1066 2489 ·
1102 2456 1368 2508 πλάτυνον
1407 2452 1498 2504 τὸν
1541 2450 1705 2502 τόπον
1736 2446 1836 2515 τῆς

268 2562 477 2629 σκηνῆς
512 2574 605 2610 σου
634 2558 727 2607 καὶ
756 2554 867 2605 τῶν
884 2547 1121 2604 αὺλαιῶν
1151 2564 1267 2600 σου.
1292 2545 1384 2615 Μὴ
1402 2542 1570 2611 φοϐοῦ
1599 2542 1681 2593 ὃτι
1703 2555 1835 2593 κατ-

264 2625 581 2722 ῃσλξύνθης,
643 2644 778 2713 μηδὲ
832 2640 1110 2709 ὶντραπῇς
1174 2639 1255 2689 ὅτι
1337 2630 1680 2700 ώνειδίσθης,
1743 2625 1847 2680 καὶ

265 2719 578 2811 ἐκρότησαν
608 2736 700 2787 ἐπὶ
724 2734 805 2785 σοὶ
835 2734 1028 2801 χεῖρας
1066 2728 1268 2789 πάντες
1301 2729 1350 2779 oi.
1380 2719 1849 2794 παραπορευόμε-

266 2851 349 2888 νοι
372 2834 522 2898 ὁδὸν,
546 2829 807 2899 ισύρισαν
830 2828 929 2881 καὶ
954 2824 1215 2891 ἐκίνησαν
1245 2818 1487 2889 κεφαλὰς
1513 2817 1716 2878 αὐτῶν,
1748 2812 1844 2865 καὶ

262 2921 445 2991 εἷπον,
484 2941 502 2974 ι
538 2921 686 2989 Αὖτη
714 2918 861 2971 ἐστὶν
884 2917 917 2985 ἡ
948 2912 1122 2979 πόλις,
1153 2912 1182 2964 ὁ
1207 2911 1469 2979 στέφανος
1494 2905 1653 2975 δόξης
1686 2905 1781 2957 καὶ
1808 2905 1841 2971 ὴ

265 3012 579 3086 εὐφροσύνη
623 3010 803 3079 πάσης
848 3010 948 3077 τῆς
988 3005 1114 3074 γῆς.
1156 3004 1265 3056 Καὶ
1299 3001 1415 3062 πῶς
1451 2998 1670 3052 ἐκάθισε
1702 2997 1847 3065 χήρα

265 3108 300 3175 ἡ
337 3101 771 3172 πεπληθυσμένη
818 3098 965 3151 λαῶν
991 3134 1007 3160 ,
1056 3094 1150 3148 καὶ
1190 3095 1223 3164 ἠ
1278 3092 1522 3162 ἄρχουσα
1553 3091 1609 3142 ὲν
1641 3086 1849 3157 χώραις

271 3193 541 3264 ἐγεννήθη
574 3194 654 3255 είς
683 3192 918 3259 φόρουςς
955 3182 1091 3239 Eine
1125 3186 1231 3254 γὰρ
1263 3186 1291 3236 ό
1321 3182 1455 3245 Θεός
1491 3197 1607 3245 σου,
1638 3180 1844 3250 Χρόνον
1871 3196 1913 3254 c

270 3288 469 3357 μικρὸν
486 3282 776 3338 κατέλιπόν
825 3295 909 3344 σε,
929 3278 1027 3330 καὶ
1050 3277 1168 3345 μετ’
1187 3275 1369 3336 ἐλέους
1396 3273 1632 3340 μεγάλου
1656 3271 1852 3322 οἰκτει-

277 3374 432 3445 ρήσω
462 3387 545 3425 σε.
586 3371 674 3422 Ἐν
703 3367 860 3435 θυμῷ
910 3365 1094 3435 μικρῷ
1123 3362 1442 3432 ἀπέστρεψα
1472 3360 1532 3412 τὸ
1561 3358 1852 3427 πρόσωπόν

279 3480 408 3533 μου,
440 3460 535 3513 καῖ¹
575 3460 634 3511 ὲν
664 3458 799 3525 ἐλέῳ
823 3457 1027 3524 αίωνίῳ
1051 3454 1258 3516 ὲλεήσω
1293 3468 1375 3506 σε.
1400 3469 1420 3502 ι
1440 3450 1509 3503 Ἦ
1540 3449 1671 3517 γοῦν
1700 3448 1854 3519 ᾅσεις

271 3549 571 3611 Δαὸιδικῶς
613 3549 749 3619 πρὸς
778 3547 934 3610 Θεὸν,
961 3564 979 3597 ι
1010 3544 1167 3598 Κατὰ
1196 3543 1256 3595 τὺ
1286 3542 1487 3611 πλῆθος
1517 3540 1626 3593 τῶν
1652 3540 1854 3592 ὀδυνῶν

276 3657 380 3711 μου
410 3642 471 3691 ἐν
500 3642 568 3708 τῇ
607 3638 803 3709 καρδίᾳ
831 3654 930 3706 μου
954 3639 1008 3689 αἱ
1041 3634 1417 3703 παρακλήσεις
1452 3647 1548 3683 σου
1574 3629 1853 3699 εῦφραναν

270 3732 370 3798 τὴν
397 3729 573 3799 ψυχήν
600 3744 755 3796 μου.»
801 3727 895 3787 Τίς
925 3724 1281 3793 ὲπιστήσεταί
1310 3739 1394 3774 σοι
1416 3723 1656 3789 Μωῦσῆς
1688 3736 1856 3772 καιν-

270 3821 488 3890 ουργὸς,
521 3821 554 3885 ἢ
588 3818 875 3885 ἐπανάγων
939 3815 1304 3884 ἐποφθήσεται
1351 3811 1691 3883 Ζοροϐάϐελς
1724 3812 1856 3863 πότε

272 3911 325 3964 δ’
355 3909 559 3962 ἐσεῖταί
597 3924 681 3960 σοι
716 3910 781 3959 ὲκ
819 3906 927 3957 τῶν
953 3905 1236 3972 τεσσάρων
1277 3903 1497 3970 ἀνέμων
1528 3901 1857 3967 συναγαγεῖν

277 3998 347 4050 τὰ
398 3997 568 4049 τέκνα
617 4011 736 4060 σου,
789 3995 847 4045 ὲν
902 3987 985 4054 οἷς
1033 3991 1430 4060 διεσπάρημεν,
1462 3988 1521 4039 ὃν
1551 3990 1749 4057 τρόπον
1800 3988 1857 4038 αί

280 4088 594 4156 φιλότεκνοι
628 4084 845 4155 ὄρνιθες
874 4084 979 4136 ὑπὸ
1016 4086 1114 4145 τὰς
1146 4082 1357 4135 ἑαυτῶν
1387 4078 1703 4148 ἀθροίζουσι
1731 4078 1859 4131 πτέο

286 4195 459 4250 ρυγας
495 4178 563 4229 τὰ
611 4179 791 4228 οἰκεῖα
824 4175 1035 4226 νεόττια
1066 4190 1081 4237 ;
1127 4174 1214 4235 Ὠς
1250 4172 1342 4224 νῦν
1373 4188 1436 4239 γε
1468 4170 1578 4223 οὐδ’
1615 4170 1860 4230 ὲνωπίως

284 4285 374 4320 σοι
412 4265 837 4335 ἑποφθαλμῆσαι
882 4263 1142 4335 καθαρῶς
1189 4263 1408 4333 ἔχομεν,
1458 4262 1568 4314 οὐδ’
1612 4261 1856 4330 ἐμφῆναι

280 4354 599 4426 περιχαρῶς
628 4355 701 4416 ὡς
736 4356 931 4425 μητρὶ,
973 4353 1069 4405 καὶ
1114 4353 1358 4422 ἀκριὸῶς
1414 4353 1731 4403 ἐπισπεῖσαι
1773 4368 1857 4404 σοι

278 4444 516 4513 δάκρυον
566 4444 687 4495 ὅσον
735 4441 1011 4511 ὀφθαλμὸς
1066 4442 1309 4508 βούλεται
1381 4440 1413 4510 ἢ
1463 4441 1712 4503 δύναται,
1743 4440 1860 4493 ἀλλ’

281 4535 529 4596 εὐλαϐῶς
574 4534 649 4596 ὡς
688 4532 938 4601 στρουθοί
973 4549 1029 4584 σε
1072 4534 1516 4602 περιιπτάμενοι,
1561 4525 1634 4582 ὧν
1679 4530 1855 4583 συνεί-

280 4628 348 4695 λη
360 4642 488 4677 πται
513 4627 546 4694 ἡ
563 4626 783 4692 τροφὸς,
804 4627 837 4692 ἡ
857 4625 913 4675 δὲ
933 4623 1098 4676 καλιὰ
1124 4623 1519 4687 διεσκέδασται,
1545 4622 1775 4675 ἐλεεινόν
1804 4639 1857 4673 τι

283 4720 380 4772 καὶ
396 4718 596 4785 γοῶδες
620 4716 1036 4785 περιτρύζομεν,
1055 4718 1066 4787 |
1082 4718 1118 4767 P
1130 4757 1143 4769 .
1160 4714 1288 4785 372]
1309 4715 1495 4785 πόρρω
1511 4732 1614 4767 που
1628 4715 1734 4767 τῶν
1750 4714 1857 4769 σῶν

285 4809 667 4878 φατνωμάτων
690 4810 1127 4872 ὲκτοπισθέντες,
1148 4809 1441 4870 πεινῶντες
1464 4809 1855 4876 καίδιψῶντες,

284 4902 608 4970 αὐχμῶντες
633 4901 726 4952 καὶ
758 4900 1042 4972 ριγῶντες,
1060 4902 1151 4952 καὶ
1176 4902 1309 4969 πρὸς
1338 4900 1572 4968 φθειρῶν
1600 4902 1858 4964 πολλάκις

286 4993 625 5061 κειρόμενοι,
679 4993 771 5042 καὶ
823 4992 920 5052 τὰς
970 4992 1148 5061 ψυχάς
1191 4994 1249 5046 ἐν
1302 4994 1490 5054 κακοῖς
1544 4993 1856 5061 τηκόμενοι,

287 5085 407 5135 ὀδόν
458 5099 514 5133 τε
573 5082 771 5151 μηκέτι
820 5086 1168 5145 κατοικεσίας
1228 5084 1573 5151 εὑρίσκοντες
1627 5083 1857 5145 πόλεως,

290 5174 431 5226 αλλὰ
458 5172 866 5238 πολύπλαγκτοι
897 5173 1187 5241 φερόμενοι
1213 5174 1287 5234 ώς
1309 5174 1521 5242 ὄρνιθες
1546 5174 1591 5224 oi
1614 5174 1861 5225 άὸἐόαιοι

290 5265 388 5316 καὶ
420 5263 529 5313 τῶν
559 5262 805 5332 ἀστέρων
831 5264 880 5315 σί
912 5265 1201 5333 πλάνητες.
1233 5265 1303 5318 Ἦ
1344 5266 1439 5317 καὶ
1469 5263 1634 5327 οὕτως
1662 5266 1858 5327 είπεῖν,

291 5354 570 5422 ἑνούμεθά
600 5371 682 5407 σοι
712 5355 1055 5424 διῃρημένως
1078 5359 1173 5409 καὶ⁵
1202 5355 1625 5427 ωμπλεκόμεθά
1659 5373 1740 5408 σοι
1767 5372 1860 5407 κε-

292 5447 674 5514 χωρισμένως,
725 5447 867 5500 κατὰ
921 5450 1045 5510 τοὺς
1083 5450 1714 5519 ψυχῇίσυναπτομένους
1771 5449 1864 5500 καὶ

292 5538 677 5606 διισταμένους
712 5539 948 5607 σώματι,
984 5542 1077 5591 καὶ
1112 5541 1538 5609 προσπάσχομεν
1571 5537 1807 5607 ἀτεχνῶς
1837 5536 1865 5588 ὃ

294 5626 397 5680 καὶ
434 5626 551 5680 ἔνια
579 5628 686 5679 τῶν
714 5627 871 5692 ζώων
911 5632 1048 5699 πρὸς
1094 5632 1163 5685 τά
1188 5632 1597 5700 παγιδευόμενα
1619 5634 1679 5682 ὲκ
1715 5629 1864 5696 σφῶν

298 5719 407 5770 ὑπὸ
448 5718 728 5789 θηρευτῶν
773 5722 866 5773 καὶ
901 5724 1256 5793 ὲγκλειόμενα
1288 5726 1605 5793 διαφανέσιν
1639 5723 1865 5783 ὑελίνοις

296 5813 549 5877 ἄγγεσιν.
596 5812 807 5868 Ἐκεῖνα
840 5830 897 5867 τε
946 5815 1053 5882 γὰρ
1084 5815 1162 5895 τῶ
1194 5814 1287 5869 τοῦ
1323 5818 1551 5879 σκεύους
1586 5815 1866 5879 εἱλικρινεί

1936 1991 2275 2054 exhausisti;
2314 1988 2481 2042 indue
2510 1984 2657 2039 vires
2686 1992 2826 2045 tuas,
2866 1983 3031 2037 indue
3066 1984 3290 2053 gloriam
3327 1993 3508 2045 tuam;

1934 2087 2122 2141 exuito
2149 2080 2431 2135 vinculum
2487 2076 2612 2132 colli
2673 2074 2832 2146 765
2867 2075 2978 2140 tui;
3041 2074 3274 2129 extende
3328 2075 3511 2129 locum

1940 2171 2276 2227 tabernaculi
2309 2169 2385 2222 tui
2418 2177 2475 2221 et
2500 2165 2756 2221 vestibuli
2802 2163 2879 2218 tui
2908 2182 2921 2229 ;
2960 2178 3029 2216 ne
3060 2166 3332 2217 movearis
3366 2164 3513 2233 quod

1940 2264 2142 2333 probro
2182 2261 2377 2315 aﬂ‘ceta
2409 2275 2490 2325 es,
2522 2270 2702 2326 neque
2739 2255 3134 2310 verecunderis
3164 2255 3234 2309 ob
3261 2263 3515 2324 acceptas

1940 2352 2326 2415 contumelias,
2360 2359 2416 2404 et
2448 2348 2595 2417 quod
2636 2362 2830 2401 omnes
2881 2356 3281 2415 praetereuntes
3318 2362 3514 2401 manus

1940 2458 2111 2511 super
2141 2449 2193 2494 te
2225 2438 2662 2507 comploserunt,
2696 2420 3011 2495 sibilarunt,
3054 2440 3111 2485 et
3141 2433 3318 2501 capita
3352 2447 3515 2501 quas-

1942 2539 2156 2595 sarunt,
2184 2538 2239 2583 et
2265 2528 2563 2582 dixerunt:
2606 2524 2731 2578 Haec
2779 2534 2865 2577 est
2896 2522 3049 2587 urbs,
3088 2536 3290 2576 corona
3331 2522 3517 2593 gloriae

1943 2632 1998 2681 et
2030 2622 2240 2678 delicia:
2270 2620 2419 2675 orbis
2446 2614 2758 2673 terrarum?
2780 2615 2901 2681 Quo
2942 2623 3124 2669 autem
3158 2621 3317 2684 pacto
3353 2612 3517 2667 vidua

1944 2717 2107 2780 sedit,
2153 2728 2276 2783 quae
2328 2710 2547 2782 populis
2600 2707 2800 2762 referta
2854 2705 3001 2759 fuit?
3039 2704 3315 2774 quomodo
3347 2703 3521 2758 tribu-

1946 2807 2083 2862 taria
2137 2806 2276 2858 facta
2336 2809 2441 2868 est,
2479 2815 2603 2869 quae
2649 2796 2951 2866 provinciis
3001 2795 3325 2864 imperavit?
3382 2795 3520 2850 dixit

1950 2898 2099 2952 enim
2130 2896 2276 2949 Deus
2306 2905 2435 2946 tuus
2473 2907 2486 2944 :
2524 2890 2737 2959 Exiguo
2771 2898 3021 2955 tempore
3065 2898 3118 2939 te
3169 2886 3390 2956 reliqui,
3423 2886 3520 2941 sed

1950 3001 2147 3057 magna
2178 2995 2229 3038 te
2260 2979 2638 3036 misericordia
2680 2992 3003 3047 prosequar.
3037 2976 3097 3031 in
3130 2993 3296 3047 parva
3329 2978 3406 3030 ira
3442 2976 3521 3030 fa-

1950 3075 2089 3129 ciem
2117 3087 2290 3125 mcam
2313 3070 2507 3128 averti.
2540 3068 2638 3123 sed
2663 3078 2868 3121 aeterna
2904 3074 2955 3121 te
2986 3066 3275 3121 clementia
3300 3065 3519 3120 fovebo.

1952 3164 2220 3220 Nimirum
2260 3176 2383 3217 cum
2421 3161 2625 3216 Davide
2675 3159 2926 3214 cantabis
2952 3160 3104 3214 Deo:
3137 3158 3244 3214 Pro
3275 3158 3526 3213 multitu-

1953 3256 2081 3309 dine
2118 3255 2371 3308 dolorum
2399 3253 2584 3306 cordis
2614 3253 2722 3305 mei
2761 3249 3171 3305 consolationes
3202 3259 3308 3305 tua:
3341 3264 3522 3305 meum

1953 3346 2198 3400 animum
2235 3343 2636 3397 exhilararunt.
2670 3342 2805 3407 Quis
2835 3342 3013 3396 Moses
3058 3355 3329 3395 novorum
3391 3341 3525 3395 effe-

1962 3445 2084 3489 ctor
2117 3448 2347 3503 cperum
2384 3433 2480 3485 tibi
2512 3431 2984 3501 patrocinabitur?
3008 3432 3131 3501 quis
3159 3431 3457 3486 Zorobabel
3476 3444 3526 3485 te

1956 3526 2226 3580 reducet?
2260 3526 2484 3594 quando
2522 3525 2728 3578 liberos
2756 3534 2879 3577 tuos
2915 3538 2946 3576 a
2979 3531 3218 3592 quatuor
3237 3525 3436 3585 ventis.
3473 3526 3526 3577 in

1954 3633 2100 3688 quos
2128 3617 2362 3686 dispersi
2396 3631 2603 3675 sumus,
2636 3616 2959 3684 recolligere
2990 3614 3218 3677 licebit.
3266 3618 3528 3686 quemad-

1958 3708 2180 3761 modum
2208 3708 2308 3776 piaa
2331 3707 2542 3774 gallinae
2564 3706 2739 3774 pullos
2761 3705 2864 3758 sub
2884 3705 2996 3759 alas
3017 3720 3145 3758 suas
3161 3706 3530 3775 congregant?

1960 3800 2094 3854 Nam
2132 3813 2280 3852 nunc
2310 3796 2534 3867 quidem
2566 3811 2666 3851 nec
2702 3795 2906 3851 intueri
2943 3795 3075 3849 satis
3108 3804 3159 3849 te
3192 3796 3351 3850 nobis
3375 3796 3529 3859 licet,

1959 3900 2056 3945 aut
2084 3897 2334 3943 amanter
2363 3889 2618 3957 amplecti
2653 3898 2714 3941 ut
2750 3896 2999 3941 matrem.
3029 3895 3086 3942 ct
3120 3887 3293 3942 libare
3327 3887 3426 3941 tibi
3453 3890 3532 3942 la-

1960 3991 2194 4050 crymas,
2228 3993 2464 4050 quantas
2498 3981 2694 4034 oculus
2728 3981 2880 4047 cupit
2921 3988 3018 4033 aut
3070 3990 3251 4048 potest
3284 3996 3298 4033 :
3337 3978 3431 4033 sed
3462 3980 3533 4033 li-

1962 4069 2107 4123 mide
2161 4078 2219 4122 ut
2277 4068 2575 4137 passerculi
2634 4078 2686 4122 te
2741 4066 3240 4131 circumvolamus,
3294 4080 3532 4135 quorum

1966 4160 2150 4214 nutrix
2210 4160 2454 4226 abrepta,
2496 4161 2660 4213 nidus
2703 4159 2955 4227 direptus
2988 4167 3095 4224 est,
3147 4158 3534 4214 miserabiliter

1967 4250 2127 4319 766
2157 4260 2213 4302 et
2239 4249 2549 4317 lugubriter
2576 4248 2914 4317 pippicntes,
2942 4246 3127 4316 Longe
3157 4263 3187 4300 a
3220 4246 3330 4300 tuis
3377 4247 3499 4301 lacu
3522 4275 3534 4285 -

1965 4340 2193 4392 naribus
2249 4338 2449 4391 remoti
2503 4351 2730 4402 sumus,
2778 4336 3094 4390 esurientes
3152 4345 3208 4389 et
3257 4335 3531 4398 sitientes,

1964 4430 2218 4499 squalore
2258 4438 2313 4482 et
2338 4431 2515 4498 rigore
2545 4429 2857 4481 horrentes.
2886 4429 2929 4479 Δ
2956 4426 3225 4495 pediculis
3256 4442 3398 4494 swpe
3442 4442 3536 4478 ι’..-

1896 4519 1938 4572 ι)
1966 4523 2169 4583 dimur,
2220 4521 2419 4573 animis
2477 4520 2679 4573 nostris
2723 4518 3035 4572 calamitate
3080 4518 3533 4586 liquescentibus.

1966 4615 2078 4669 Nec
2109 4615 2248 4667 viam
2285 4613 2599 4665 invenimus
2628 4610 2695 4664 ad
2726 4610 2916 4665 urbem
2965 4610 3019 4663 in
3059 4625 3169 4679 qua
3199 4608 3534 4672 babitemus,

1967 4710 2063 4764 sed
2095 4708 2280 4761 multis
2309 4705 2597 4761 erroribus
2621 4715 2681 4760 ut
2710 4704 3044 4775 vagabundaa
3068 4706 3324 4759 volucres
3361 4711 3418 4757 et
3446 4718 3535 4757 er-

1968 4808 2151 4853 rantes
2189 4798 2357 4852 stellm
2388 4797 2859 4861 cireumferitnur;
2910 4810 2974 4850 ac
3020 4797 3205 4864 potius
3241 4796 3405 4865 longo
3455 4796 3539 4848 in—

1970 4891 2197 4945 tervallo
2217 4906 2247 4943 a
2280 4899 2329 4944 te
2366 4890 2598 4959 sejuncti
2627 4899 2805 4943 tecunt
2835 4890 3241 4958 conjunginiur,
3290 4888 3535 4956 comple-

1968 4985 2167 5038 ctitnur
2218 4991 2268 5035 te
2332 4982 2588 5049 separati,
2657 4990 2717 5033 ut
2756 4981 2793 5034 ii
2840 4981 2932 5051 qui
2987 4981 3184 5033 animis
3237 4980 3534 5039 coltmrenl,

1969 5076 2163 5130 divulsi
2183 5075 2522 5143 corporibus.
2545 5073 2798 5127 Dolemus
2818 5074 2988 5125 vicem
3015 5084 3184 5132 tuam,
3211 5087 3268 5123 υι
3287 5074 3535 5139 qutcdatn

1971 5171 2298 5231 animantes,
2341 5183 2463 5221 cum
2496 5166 2707 5234 aliquas
2755 5164 2838 5219 sui
2867 5164 3087 5235 generis
3119 5180 3147 5217 a
3183 5161 3537 5217 venatoribus

1971 5272 2157 5329 captas
2202 5269 2259 5313 et
2316 5259 2607 5328 perspicuo
2662 5255 2803 5310 vitro
2857 5255 3098 5310 inclusas
3132 5256 3342 5315 vident,
3399 5268 3537 5321 quas

1973 5361 2152 5405 tamen
2197 5350 2464 5419 attingere
2511 5356 2566 5400 et
2610 5346 2866 5415 amplecti
2913 5353 3217 5414 nequeunt.
3245 5353 3301 5397 et
3335 5344 3536 5397 frustra

1973 5457 2099 5496 cum
2148 5440 2339 5495 dolore
2381 5440 2527 5493 circa
2576 5446 2931 5491 transennam
2971 5442 3284 5493 versantur.
3328 5442 3537 5487 mutato

1971 5541 2196 5601 aspectu
2244 5542 2303 5584 ut
2349 5527 2520 5596 priori
2555 5527 2748 5582 fortnas
2782 5522 3073 5581 contrario
3121 5524 3536 5595 obstupefacta.

1973 5624 2176 5677 Eodem
2218 5622 2380 5675 modo
2415 5627 2470 5672 et
2496 5634 2595 5673 nos
2620 5618 2865 5688 adjicere
2895 5616 3084 5671 oculos
3106 5626 3163 5671 et
3208 5616 3541 5686 propius-ae.

1973 5714 2167 5768 cedere
2218 5726 2551 5782 possumus:
2604 5711 2699 5764 sed
2750 5710 3049 5764 convenire
3098 5718 3150 5762 te
3196 5707 3364 5761 libere
3394 5717 3447 5760 et
3481 5706 3543 5758 li-

1973 5809 2167 5865 denter
2200 5804 2473 5873 amplecti,
2499 5811 2560 5858 ut
2586 5804 2821 5873 pridem,
2852 5802 3005 5859 nullo
3041 5801 3205 5856 modo
3230 5816 3541 5867 possumus.
