4302 6370
235 383 338 448 969

1586 378 1788 440 URBS
1828 377 2090 438 CAP'I'A.

3361 377 3463 435 flii)

231 497 350 551 ἀλλ’
377 495 485 549 οὐδ’
518 493 685 564 ᾠδαῖς
717 492 951 564 ὀρνίθων
1013 491 1450 564 διυπνιζόμενον,
1483 495 1557 558 ὡς
1611 497 1703 550 καὶ
1735 497 1796 549 τὸ
1822 503 1870 560 Α
1898 513 1930 550 o

1758 497 1796 548 τὸ
1822 503 1870 560 Α
1898 510 2111 561 omnes,
2147 492 2354 548 bellum
2382 506 2609 562 prorsus
2634 491 2887 562 ignorare
2911 483 3270 542 didicissent?
3297 491 3457 536 cane-

232 588 353 640 ὅλον
385 585 644 638 καθεῦδον
678 585 847 655 ἡδέως
869 585 963 637 καὶ
999 584 1074 654 μὴ
1097 586 1334 652 ἔγνωκάς
1353 602 1484 637 ποτε
1517 588 1749 652 πόλεμον
1776 604 1790 654 ;

238 677 299 728 τὸ
334 676 388 727 δέ
419 692 482 742 γε
519 677 822 728 συντιθέναι
854 677 1136 744 ποιήματα
1172 677 1266 728 καὶ
1300 676 1410 728 τῶν
1462 677 1795 747 διαμαρτόν-

237 783 349 818 των
386 766 764 818 καθάπτεσθαι
797 762 863 835 ἦν
901 769 1001 836 μὲν
1035 769 1130 820 καὶ
1162 766 1257 820 τοῦ
1297 769 1588 836 μεγαλείου
1621 770 1796 820 Σόλω-

239 873 350 921 νος,
373 852 439 926 ἦν
471 858 535 920 δ’,
575 856 650 918 ὡς
677 857 841 920 ἔοικε,
886 857 982 908 καὶ
1014 857 1108 908 τοῦ
1141 858 1260 909 τότε
1290 858 1465 926 δήμου
1493 859 1599 910 τῶν
1637 858 1798 926 Ἀθηο

240 946 427 1008 ναίων,
456 946 735 1014 κνωμένου
766 947 825 997 τὸ
850 945 940 1005 οὓς
975 948 1092 1007 ταῖς
1132 947 1242 998 τῶν
1283 948 1626 1015 είσηγήσεων
1665 963 1798 1014 χρη-

247 1041 450 1106 σίμοις,
500 1039 683 1107 ἡρέμα
727 1053 784 1087 τε
832 1035 1203 1094 ὑπενδιδόντος
1257 1039 1376 1097 ταῖς
1416 1037 1524 1087 τῶν
1566 1035 1799 1104 ἀρίστων

244 1128 450 1196 ἀνδρῶν
476 1128 872 1197 παραιφὰσεσι.
905 1126 1013 1179 Καὶ
1040 1126 1213 1186 ἄλλως
1248 1125 1303 1176 δὲ
1334 1124 1410 1193 τῷ
1437 1126 1570 1191 πρὸς
1600 1126 1801 1187 ὕνειδος

246 1216 393 1288 ᾄδειν
432 1219 707 1276 τιθασσοῖς
740 1216 913 1281 λόγων
959 1214 1186 1283 μέροψιν
1224 1215 1400 1267 ἔνεστί
1443 1232 1493 1266 τι
1545 1217 1637 1267 καὶ
1667 1215 1800 1282 γλυ-

245 1310 409 1373 κάζον
437 1310 533 1359 σὺν
559 1309 634 1377 τῷ
666 1308 919 1373 στύφοντι
955 1307 1377 1374 ἐμφαινόμενον·
1409 1307 1502 1359 καὶ
1529 1309 1560 1375 ἡ
1588 1309 1803 1375 μνήμη.

243 1401 344 1451 ὅσα
373 1399 438 1467 δὴ
474 1401 564 1451 καὶ
591 1402 765 1467 ῥιπὶς,
799 1397 860 1448 τὸ
915 1397 1242 1465 παραμένον
1294 1401 1353 1449 έν
1391 1398 1540 1467 ψυχῇ
1575 1399 1670 1449 καὶ
1720 1398 1804 1448 ἑν-

243 1491 583 1559 θαπτόμενον
615 1488 945 1556 έμπύρευμα
977 1487 1072 1539 τοῦ
1126 1487 1293 1544 καλοῦ
1325 1493 1469 1541 κατά
1495 1489 1678 1552 ζῶσαν
1725 1489 1802 1538 ἔτι

1897 606 2015 643 rum
2051 603 2240 642 versus
2260 599 2590 653 componere
2622 593 2678 636 et
2705 585 2836 636 vitia
2863 593 3108 648 carpere,
3136 591 3199 630 ea
3250 585 3458 643 tempe-

1897 690 2036 734 state
2081 695 2204 734 cum
2238 677 2456 732 Solonis
2501 683 2652 736 erat,
2711 674 2813 726 viri
2882 667 3274 729 illustrissimi,
3343 677 3459 718 tum

1899 769 2085 838 populi
2139 768 2505 826 Atheniensis.
2558 766 2716 832 cujus
2747 777 2908 815 aures
2955 761 3181 812 utilibus
3240 757 3464 810 monitis

1901 858 2280 925 capiebantur.
2308 856 2511 922 quique
2542 854 2876 922 optimorum
2924 849 3164 900 virorum
3219 846 3466 900 consiliis

1902 948 2162 1017 paulatim
2221 945 2622 1014 acquiescebat.
2681 943 2815 997 Nam
2885 939 3186 993 mansuetis
3236 938 3466 1006 ingeniis

1904 1039 2366 1107 reprehensiones
2401 1036 2522 1103 plus
2551 1035 2664 1086 fere
2694 1032 2990 1101 voluptatis
3022 1030 3264 1084 aﬂerunt
3301 1043 3462 1096 quam

1903 1127 2128 1189 doloris,
2153 1139 2457 1191 eorumque
2492 1123 2756 1176 memoria
2789 1122 3052 1175 scintillas
3079 1119 3381 1173 honestatis
3410 1119 3464 1170 in

1904 1214 2102 1267 animis
2161 1215 2308 1267 velut
2359 1214 2537 1283 ignem
2571 1211 2672 1267 sub
2719 1210 2996 1264 cineribus
3054 1210 3470 1263 delitescentem

1907 1306 1971 1357 ad
2030 1304 2267 1358 cavenda
2323 1306 2376 1357 in
2428 1311 2708 1372 posterum
2757 1301 2956 1355 similia
3009 1299 3206 1353 delicta
3244 1300 3466 1354 excitat.

1904 1396 2101 1450 Nostra
2134 1410 2262 1449 vero
2301 1404 2457 1449 aetate
2491 1392 2792 1461 Cpolitanis
2833 1392 3048 1445 civibus
3077 1401 3131 1444 et
3159 1391 3469 1459 provincia-

1906 1485 2049 1539 libus
2102 1501 2320 1554 quoque
2365 1484 2766 1538 admonitiones
2821 1484 2979 1551 plane
3027 1483 3235 1536 vibices
3289 1491 3470 1545 erant,

243 1581 417 1646 φλόγα
450 1580 620 1645 πυρὸς
654 1579 1061 1641 ἀναθάλπουσα,
1087 1579 1186 1645 τὴν
1209 1579 1295 1645 ἐφ’
1320 1578 1529 1646 ὁμοίοις
1552 1578 1805 1630 ὲσέπειτα
1907 1593 1940 1629 n

1767 1595 1805 1630 α
1907 1591 2010 1630 nec
2036 1578 2230 1645 vulgus
2275 1589 2437 1628 aures
2487 1576 2720 1629 habebat
2748 1577 2813 1628 ad
2863 1585 3099 1629 mentem
3139 1573 3466 1640 perforatas.

242 1669 567 1737 διαμαρτίαν
599 1669 960 1737 φυλάττεσθαι
991 1668 1315 1737 διανίστησι.
1353 1669 1476 1729 Τοῖς
1501 1668 1546 1720 δ’
1572 1671 1628 1730 ἐς
1657 1671 1807 1737 ἡμᾶς
1909 1681 1941 1717 n

1772 1674 1807 1732 ξς
1909 1681 2088 1733 neque
2142 1664 2417 1719 libertatis
2467 1665 2703 1719 dulcedo
2753 1675 2956 1729 quanta
3015 1673 3159 1717 esset
3207 1664 3471 1717 hactenus

246 1758 347 1825 τῆς
408 1758 818 1809 Κωνσταντίνου
857 1759 1189 1826 οἰκήτορσιν,
1232 1758 1410 1809 εἰπεῖν
1451 1757 1506 1809 δὲ
1560 1761 1652 1811 καὶ
1695 1761 1808 1819 τοῖς
1912 1760 1945 1809 il

1770 1762 1808 1819 ἴς
1912 1756 2269 1814 intellexerat.
2308 1767 2368 1808 ut
2396 1766 2451 1809 et
2482 1755 2659 1809 mellis
2684 1754 2919 1809 dulcedo
2951 1755 3130 1823 ignota
3162 1755 3226 1807 iis
3264 1763 3346 1806 est
3376 1754 3469 1822 qui

245 1851 309 1900 ὲκ
340 1850 444 1900 τῶν
478 1850 650 1902 ἄλλων
673 1849 1019 1917 ὁρμωμένοις
1051 1850 1266 1917 χωρῶν,
1302 1851 1348 1901 oi
1377 1848 1590 1918 ἔλεγχοι
1617 1850 1808 1918 μώλω-
1835 1827 1882 1887 Β
1912 1846 1944 1900 it

1772 1868 1808 1900 ι-
1835 1827 1882 1887 B
1912 1846 1965 1900 id
1996 1862 2104 1900 non
2136 1855 2445 1915 gustarunt.
2480 1845 2748 1911 Quoniam
2782 1845 2947 1915 igitur
2996 1855 3180 1899 nostra
3225 1853 3471 1913 tempora

247 1957 344 2000 m;
381 1940 645 2008 ἀκριῦῶς.
678 1940 802 2001 Τοῖς
831 1941 883 1990 δὲ
914 1941 1128 2002 πολλοῖς
1161 1939 1271 1992 οὐδ’
1311 1933 1427 1992 ὦτα
1462 1942 1804 2008 πεφύτευται

244 2031 556 2100 τετρημένα
593 2031 671 2091 είς
703 2029 848 2094 νοῦν,
912 2031 1019 2082 οὐδ’
1051 2033 1082 2100 ή
1133 2031 1318 2097 Παφία
1367 2032 1462 2099 τῆς
1498 2031 1807 2100 ἐλευθερίας

243 2121 405 2173 ὁποία
434 2123 516 2180 τίς
553 2121 709 2172 ἐστιν
741 2123 796 2180 ὲς
835 2121 994 2191 δεῦρο
1023 2120 1410 2188 κατείληπται,
1435 2120 1509 2183 ὼς
1538 2122 1655 2172 οὐδὲ
1679 2123 1806 2187 γλυ-

248 2213 420 2281 κύτης
469 2212 687 2280 μέλιτος
723 2215 832 2274 τοῖς
883 2214 1108 2280 μηδέπω
1156 2212 1516 2280 γευσαμένοις
1567 2214 1803 2279 μέλιτος.

259 2298 412 2350 Ἐπεὶ
441 2300 622 2350 τοίνυν
659 2301 965 2367 ἀσύμφωνα
989 2301 1102 2360 τοῖς
1147 2300 1382 2361 Σόλωνος
1410 2300 1477 2353 τά
1535 2303 1804 2369 ἡμέτερα,

245 2390 343 2452 ἆγε
371 2390 441 2441 τά
467 2391 565 2456 μὲν
608 2391 716 2442 τῶν
763 2392 1004 2459 ἐλέγχων
1034 2394 1355 2460 παρήσομεν
1395 2392 1714 2460 βούκεντρα,
1750 2395 1807 2455 ὲς

243 2481 397 2531 οὐδὲν
424 2481 612 2549 ἕτερον
636 2482 1164 2550 προσληφθησόμενα
1194 2482 1274 2533 ὅτι
1300 2483 1374 2549 μὴ
1403 2482 1510 2534 τῶν
1537 2484 1804 2535 πλείστων

242 2572 630 2640 έτεροζύγησιν
666 2573 795 2640 (εἰσὶ
819 2573 950 2640 γὰρ,
980 2573 1120 2623 είσὶν
1145 2573 1194 2623 οἶ
1227 2574 1426 2640 χόρτον
1470 2575 1528 2625 έν
1559 2577 1672 2636 τοῖς
1716 2575 1804 2626 κέ-

243 2679 404 2730 ρασιν
428 2663 653 2732 έχουσι).
691 2663 787 2731 τὴν
811 2663 856 2714 δ’
893 2663 1134 2730 ἱστορίας
1165 2663 1288 2715 καθ’
1319 2665 1511 2734 εἱρμὸν
1538 2664 1796 2732 ἑξόμεθα.

243 2753 331 2824 [Ρ.
357 2753 484 2824 377]
515 2756 577 2806 El
605 2758 711 2821 γὰρ
739 2755 830 2804 καὶ
880 2753 949 2804 τὰ
981 2753 1091 2806 τῶν
1129 2755 1419 2824 βαρϐάρων
1464 2757 1615 2826 ᾅδειν
1644 2761 1801 2809 ἀπει-

1907 1940 1976 1992 ab
2001 1947 2160 1992 atate
2191 1938 2408 1993 Solonis
2431 1938 2764 2007 discrepant,
2792 1953 2890 2005 age
2923 1936 3142 1990 omissis
3166 1938 3471 2004 reprehen-

1906 2034 2120 2086 sionum
2155 2029 2416 2092 stimulis,
2484 2030 2577 2097 qui
2615 2029 2751 2082 nihil
2795 2028 2942 2081 aliud
3004 2029 3108 2081 nisi
3155 2024 3277 2080 odia
3311 2027 3474 2098 775

1907 2122 2293 2189 plerarumque
2330 2119 2609 2172 irritarent
2631 2121 2781 2185 (sunt
2806 2119 2973 2182 enim,
2998 2119 3231 2185 suntqui
3263 2117 3468 2172 [mnum

1907 2214 1962 2264 in
1992 2226 2161 2264 cornu
2195 2211 2428 2280 gerant),
2485 2210 2769 2263 historiam
2810 2209 3002 2262 ordine
3049 2222 3469 2276 prosequamur.

1907 2305 2019 2359 Etsi
2052 2307 2196 2359 enim
2256 2321 2356 2359 nos
2407 2320 2493 2359 res
2546 2320 2574 2357 a
2630 2304 2885 2357 Barbaris
2937 2313 3115 2370 gestas
3172 2305 3471 2372 scripturus

1906 2397 2242 2465 negavimus,
2273 2404 2455 2448 tamen
2506 2408 2630 2448 cum
2674 2394 2720 2446 is
2772 2393 2865 2462 qui
2913 2395 3222 2462 sapientum
3258 2395 3476 2460 sapien-

1907 2485 2032 2536 tiam
2064 2484 2370 2544 confundit,
2403 2483 2670 2551 superbos
2714 2482 2835 2535 illos
2887 2483 3138 2535 homines
3193 2483 3248 2535 in
3297 2483 3473 2535 multa

1908 2573 2212 2627 infortunia
2250 2574 2573 2641 conjecerit,
2630 2587 2934 2639 eorumque
2987 2572 3124 2624 facie
3176 2573 3474 2642 ignominia

1906 2661 2128 2728 impleta
2157 2659 2569 2713 barbarioribus
2609 2660 2864 2729 gentibus
2893 2659 3203 2728 perdendos
3250 2662 3470 2730 objece-

1907 2753 2015 2815 rit,
2061 2751 2346 2820 repudiato
2399 2750 2614 2804 silentio
2661 2750 2928 2802 mirabilia
2976 2751 3070 2802 Dei
3129 2765 3296 2819 opera
3347 2758 3476 2805 sunt

243 2845 490 2910 πάμεθα,
546 2844 663 2895 ἀλλ’
707 2842 801 2895 οὖν
848 2842 944 2895 τοῦ
991 2844 1360 2913 δρασσομένου
1410 2849 1538 2909 τοὺς
1602 2849 1800 2914 σοφοὺς
1903 2859 1942 2896 c1

1774 2865 1800 2909 ς
1903 2842 2248 2905 celebranda,
2298 2842 2391 2910 qui
2445 2843 2522 2893 ait
2556 2859 2569 2894 :
2604 2859 2621 2890 ι
2651 2839 2721 2894 Ut
2753 2840 2875 2894 vivo
2909 2840 2963 2892 iu
3008 2850 3349 2908 perpetuum,
3402 2842 3473 2895 ita

241 2934 300 2983 ὲν
356 2936 422 3000 τῇ
467 2934 628 3001 σοφία
689 2933 872 2984 αὐτῶν
933 2936 990 2984 ἑν
1055 2935 1271 2996 πολλοῖς
1319 2937 1444 2997 τοὺς
1490 2937 1797 3004 ὑψαύχενας
1902 2935 1940 2988 ά

1777 2956 1797 2998 ς
1902 2935 1967 2988 de
2029 2933 2262 2987 inimicis
2318 2932 2452 2986 meis
2484 2947 2672 3001 poenas
2720 2947 2956 2990 sumam.
3006 2941 3060 2984 et
3108 2946 3201 2986 eos
3236 2934 3326 3000 qui
3388 2947 3474 2986 me

242 3022 544 3088 σςήλαντος
580 3025 676 3074 καὶ
707 3024 774 3074 τὰ
795 3025 1061 3092 πρόσωπα
1085 3025 1266 3077 αὐτῶν
1305 3026 1527 3093 ἀτιμίας
1559 3027 1800 3095 πλήσαν-
1899 3041 1941 3080 οι

1771 3046 1800 3067 '-
1899 3025 2133 3080 oderunt
2159 3025 2490 3092 exstirpabo.
2538 3043 2556 3074 ι
2601 3024 2664 3077 Et
2706 3024 2811 3076 alio
2840 3024 2960 3076 loco
2985 3025 3051 3075 ad
3084 3023 3470 3076 Abrahamuma

236 3128 351 3172 τος,
403 3115 495 3164 καὶ
560 3115 890 3183 παραδόντος
941 3117 1022 3174 είς
1081 3115 1304 3184 ὄλεθρον
1362 3118 1797 3189 βαρϐαρωτέροις
1906 3138 1922 3169 ι

1542 3121 1797 3189 ρωτέροις
1906 3138 1922 3169 ι
1970 3118 2198 3172 Gentem
2226 3133 2356 3170 vero
2389 3116 2476 3170 cui
2509 3116 2771 3178 serviant,
2796 3129 2896 3185 ego
2930 3115 3182 3168 ulciscar.
3220 3135 3236 3165 ι

241 3199 448 3252 ἑαυτῶν
477 3201 676 3267 ἔθνεσι,
721 3203 897 3271 χρεὼν
931 3205 1055 3272 μηδ’
1089 3207 1236 3272 ἡμᾶς
1270 3207 1366 3276 τὴν
1402 3208 1612 3276 σιωπὴν
1639 3212 1715 3270 εἰς
1759 3209 1908 3271 τέλος
1941 3207 2180 3270 ἑλέσθαι,
2213 3208 2522 3277 χρήσασθαι
2545 3207 2602 3258 δὲ
2627 3207 2704 3273 τῷ
2734 3205 2875 3273 λόγῳ
2901 3206 3037 3272 πρὸς
3101 3207 3474 3276 ἀνθομολογη·

241 3304 325 3338 σιν
357 3289 462 3337 τιῗιν
484 3289 782 3355 τερασ-ἵων
805 3290 960 3349 Θεςὲ,
1012 3290 1105 3339 τοῦ
1144 3309 1162 3340 ι
1192 3291 1277 3343 Ζῶ
1311 3294 1419 3358 ἐγὼ
1457 3312 1474 3342 ι
1505 3294 1749 3360 λέγοντος
1774 3314 1792 3345 ι
1830 3298 1907 3355 είς
1942 3295 2032 3346 τὸν
2059 3294 2254 3358 αἰῶνα,
2286 3297 2374 3345 καὶ
2405 3293 2768 3345 ἀνταποδώσω
2789 3295 2944 3358 δίκην
2985 3296 3094 3354 τοῖς
3121 3296 3330 3362 ἐχθροῖς
3364 3313 3464 3363 μου

239 3377 456 3435 καὶτοῖς
490 3376 711 3443 μισοῦσί
737 3393 802 3438 με
824 3375 1212 3446 ὲξολόθρευσιν,
1257 3398 1275 3429 ι
1306 3383 1396 3431 καὶ
1419 3380 1482 3432 αὖ
1502 3382 1664 3433 πάλιν
1701 3384 1838 3451 πρὸς
1879 3382 2130 3450 Ἀϐραάμ
2150 3397 2162 3411 ·
2200 3399 2217 3431 ι
2248 3381 2320 3431 Τὸ
2344 3381 2398 3432 δὲ
2433 3380 2582 3442 ἔθνος
2613 3373 2656 3446 ᾧ
2679 3379 3048 3438 δουλεύσουσι.
3085 3384 3254 3448 κρινῶ
3283 3384 3410 3447 ἐγώ.
3449 3404 3466 3432 ι

314 3469 378 3532 β’.
429 3463 551 3533 Εἶχε
578 3468 678 3533 μὲν
714 3467 776 3534 δὴ
804 3465 946 3518 οὕτω
993 3466 1186 3530 ταῦτα,
1243 3475 1339 3522 καὶ
1375 3473 1407 3539 ἡ
1445 3473 1793 3525 Κωνσταντί·
1821 3481 1868 3538 C
1965 3471 2013 3524 Ως

1773 3501 1793 3514 -
1821 3481 1868 3538 (ζ
1965 3471 2020 3524 2.
2062 3471 2198 3525 Cum
2230 3472 2323 3524 illo
2358 3486 2540 3524 rerum
2598 3481 2742 3526 statu
2784 3473 3084 3526 clarissima
3133 3475 3281 3532 urbs.
3324 3491 3472 3529 con.-

237 3574 331 3608 νου
371 3555 709 3619 καλλίπολις,
740 3557 799 3608 τὸ
842 3559 1020 3609 κοινὸν
1042 3559 1300 3612 ἁπάντων
1357 3561 1685 3632 ὲντρύςρημά
1735 3579 1794 3615 τε
1902 3577 1936 3614 η

1762 3579 1794 3615 ηε
1902 3576 2096 3615 munes
2126 3563 2368 3615 omnium
2400 3563 2627 3626 deliciae,
2647 3565 2888 3617 omnium
2918 3566 3187 3620 celebrata
3215 3569 3461 3629 vocibus.

238 3650 332 3698 καὶ
377 3648 702 3712 ἐξάκουστον
750 3647 1126 3717 περιλάλημα,
1192 3650 1468 3719 ᾐθάλωται
1516 3655 1652 3722 πυρὶ
1703 3655 1798 3706 καὶ
1911 3651 1937 3704 il

1770 3655 1798 3706 vi.
1911 3649 2165 3704 incendio
2192 3649 2503 3718 absumpta.
2538 3652 2735 3715 deleta,
2771 3662 2948 3720 capta,
2977 3655 3232 3709 omnibus
3265 3658 3469 3724 Opibus

236 3734 568 3805 ἠμαύρωται
603 3735 744 3785 ἑάλω
770 3751 827 3785 τε
857 3736 951 3787 καὶ
981 3735 1074 3787 τοῦ
1120 3736 1351 3790 πλούτου
1389 3741 1589 3803 παντὸς
1638 3741 1798 3794 κεκέ-
1906 3747 1935 3792 t:

1770 3770 1798 3782 -
1906 3747 2013 3792 tam
2057 3740 2230 3792 sacris
2261 3755 2423 3807 quam
2475 3741 2738 3808 profanis,
2788 3743 2903 3798 sive
2950 3745 3180 3812 publicis
3218 3748 3330 3801 sive
3358 3752 3469 3816 pri-

237 3843 427 3889 νιιται,
451 3827 573 3887 ὅσος
596 3842 654 3877 τε
683 3827 943 3894 δημόσιος
963 3821 1031 3895 ἦν
1055 3828 1151 3880 καὶ
1179 3831 1291 3892 τοῖς
1322 3829 1458 3899 λεῷς
1482 3831 1794 3900 έπῳκείωτο

236 3917 329 3965 καὶ
362 3915 483 3975 ὅσος
538 3913 658 3981 Θεῷ
707 3915 1016 3981 ἀφωσίωτο,
1087 3917 1239 3984 παρὰ
1291 3919 1466 3984 γενῶν
1523 3921 1793 3990 ἑσπερίων

233 4003 600 4072 σποραδικῶν,
649 4005 908 4071 ἀφαυρῶν
955 4006 1020 4057 τά
1060 4004 1290 4058 πλεῖστα
1317 4010 1409 4059 καὶ
1468 4009 1792 4078 ἀνωνύμων,

232 4095 312 4153 εἰς
336 4092 628 4162 λῃστρικὸν
651 4093 747 4159 μὲν
782 4092 1016 4145 ἔκπλουν
1046 4097 1550 4164 συγκροτηθέντων,
1574 4099 1792 4168 ὀργάνῳ

227 4183 285 4235 δὲ
317 4184 674 4251 χρησαμένων
704 4185 795 4235 καὶ
829 4185 1159 4253 προσωπείῳ
1189 4187 1488 4257 εύτυπὼτῳ
1525 4190 1624 4257 τῆς
1668 4189 1790 4242 καθ’

231 4275 387 4343 ἡμῶν
417 4277 682 4342 κινήσεως
709 4273 786 4342 τῷ
813 4275 1150 4343 κρούσασθαι
1185 4276 1441 4344 πρύμναν
1474 4280 1552 4340 είς
1578 4280 1790 4348 ἄμυναν

243 4364 497 4431 Ίσαακίῳ
527 4362 604 4432 τῷ
636 4363 692 4427 ἐξ
726 4363 1000 4430 ’Δγγέλων
1035 4367 1126 4415 καὶ
1153 4364 1209 4415 ὃν
1234 4366 1440 4423 ἐκεῖνος
1471 4366 1788 4432 ἐφύτευσεν,

230 4455 304 4515 ὡς
338 4455 413 4521 μὴ
444 4451 674 4518 ὤφελεν,
724 4452 811 4503 ἐπ’
837 4453 1080 4522 ἀπωλείᾳ
1130 4452 1230 4515 τῆς
1269 4453 1548 4521 πατρίδος,
1591 4455 1650 4505 ὃν
1698 4457 1791 4507 καὶ

230 4543 416 4594 καλῶν
449 4543 735 4594 κάλλιστον
765 4541 859 4592 καί
920 4557 1104 4608 σφισιν
1155 4542 1455 4611 ἐπέραστον
1504 4541 1788 4614 ἀγώγιμον

227 4633 556 4701 ἐπεφέροντο
577 4645 592 4661 °
634 4633 666 4700 ἡ
695 4632 805 4698 γὰρ
830 4631 1086 4698 smusqu
1119 4632 1209 4682 καὶ
1243 4633 1556 4701 οίκουρότης
1589 4634 1694 4685 τῶν
1722 4635 1788 4687 τὰ

240 4723 524 4790 Ῥωμαίων
567 4721 918 4790 χειριζόντων
973 4723 1276 4789 πράγματα
1311 4723 1574 4782 δικαστὰς
1625 4725 1784 4792 ήμῶν

1898 3833 2040 3886 vatis
2067 3832 2137 3886 ab
2171 3833 2606 3888 Occidentalium
2663 3839 2904 3904 gentium
2952 3838 3185 3893 colluvie
3238 3841 3467 3909 spoliata

1895 3930 2060 3986 esset,
2121 3937 2244 3990 quae
2300 3933 2490 3992 gentes
2535 3926 2767 3978 maxima
2799 3943 2862 3979 ex
2919 3938 3071 3996 parte
3125 3929 3374 3983 obscurae
3408 3940 3464 3984 et

1900 4011 2168 4080 ignobiles
2193 4027 2319 4065 cum
2351 4015 2752 4081 navigationem
2772 4017 3048 4070 latrocinii
3078 4033 3240 4072 causa
3269 4035 3465 4075 susce-

1898 4102 2126 4169 pissent.
2184 4118 2294 4156 suae
2354 4114 2545 4158 contra
2595 4120 2694 4159 nos
2768 4108 3105 4176 expeditioni
3163 4114 3465 4177 speciosam

1897 4204 2116 4243 causam
2165 4194 2538 4258 praetexebant
2575 4193 2760 4247 lsaarii
2791 4197 2976 4264 Angeli
3025 4198 3463 4267 restitutionem;

1894 4287 1950 4333 et
1979 4296 2143 4348 quem
2175 4283 2222 4335 is
2255 4283 2425 4336 ﬁlium
2456 4285 2598 4338 malo
2625 4286 2735 4338 l'ato
2763 4285 2924 4353 775
2955 4287 3006 4339 in
3049 4289 3240 4355 patria:
3279 4293 3466 4358 perni-

1894 4370 2034 4423 ciem
2067 4383 2350 4439 genuerat,
2378 4375 2631 4428 comitem
2674 4375 3103 4442 pulcherrimum
3133 4389 3189 4431 et
3231 4383 3463 4447 Optatis-

1893 4461 2090 4513 simum
2115 4462 2479 4517 addueebant.
2507 4465 2637 4517 Nam
2668 4481 2857 4518 eorum
2898 4468 3184 4521 oscitantis
3211 4485 3265 4522 et
3300 4475 3423 4540 igua
3443 4502 3458 4512 -

1895 4553 1982 4605 via
2014 4554 2105 4620 qui
2143 4568 2328 4607 rerum
2361 4556 2738 4624 potiebantur.
2770 4558 2952 4611 eﬂecit
2999 4567 3054 4611 ut
3088 4560 3325 4616 latrones
3373 4565 3460 4617 isti

1892 4643 2055 4696 nobis
2085 4644 2177 4711 jus
2230 4645 2479 4699 dicerent
2514 4655 2566 4698 et
2621 4660 2807 4714 poenas
2854 4650 3176 4718 irrogareut.
3212 4653 3320 4706 Nec
3359 4655 3459 4707 illa:

1893 4733 2079 4785 clades
2113 4734 2268 4787 urbis
2297 4735 2406 4786 ullo
2436 4745 2687 4802 portento
2719 4737 2802 4788 vel
2829 4739 3035 4791 ςωιιιειὶ
3078 4740 3158 4792 vel
3211 4745 3457 4796 terrestri

230 4813 327 4865 καὶ
362 4813 630 4871 κολαστὰς
673 4814 796 4872 τοὺς
854 4811 1056 4880 λῃστὰς
1117 4813 1526 4880 ὲπεισήνεγκεν.
1584 4813 1704 4865 Ἐπὶ
1730 4815 1786 4868 δὲ
1820 4801 1864 4855 D
1893 4839 1926 4890 ρ

1757 4817 1786 4868 ιὲ
1820 4801 1864 4855 D
1893 4823 2324 4890 praesigniﬁcata:
2347 4801 2494 4883 sunt.
2540 4825 2591 4877 id
2626 4827 2770 4893 quod
2837 4828 2966 4880 olim
3012 4831 3330 4899 plerumque.
3381 4836 3456 4885 t'a-

220 4907 334 4966 τοῖς
359 4904 596 4972 αιιμὸἄσι
623 4904 756 4954 πᾶσι
787 4905 851 4970 τῇ
887 4902 1118 4968 βασιλίδι
1154 4903 1304 4953 οὐδὲν
1330 4905 1556 4969 σημεῖον
1585 4903 1782 4970 ὑψόθεν

221 4997 254 5064 ἢ
281 5000 377 5048 καὶ
407 4995 572 5064 γῆθεν
601 4992 868 5060 έκφανθὲν
910 4992 1199 5056 ἔγνωσται,
1242 4994 1398 5044 ὁποῖα
1441 4993 1574 5044 ἄττα
1614 4993 1783 5045 πολλὰ

1901 4923 2046 4965 ctum
2065 4923 2167 4978 est,
2203 4931 2326 4968 cum
2356 4917 2529 4969 caedes
2563 4917 2845 4970 hominum
2888 4929 2942 4971 et
2975 4922 3184 4973 excidia
3235 4925 3452 4978 urbium

1891 5005 2272 5070 imminebant,
2320 5022 2497 5074 neque
2545 5019 2785 5061 cruentae
2826 5020 2990 5077 gutta:
3045 5012 3186 5065 coelo
3234 5016 3454 5069 decide-

217 5090 333 5146 τοῖς
357 5088 622 5154 πρότερον
650 5083 1058 5153 ξυνηνέχθησαν
1097 5086 1381 5152 συμφορὰς
1426 5084 1633 5152 ἀνδρῶν
1685 5089 1780 5138 καὶ
1885 5111 1910 5146 r

1750 5089 1780 5138 ιὶ
1885 5103 2034 5155 runt.
2072 5112 2250 5164 neque
2289 5099 2585 5165 sanguinea
2642 5100 2834 5152 messis
2881 5102 3107 5162 exstitit,
3146 5119 3245 5157 nec
3298 5107 3449 5175 igniti

219 5177 413 5230 κακῶν
474 5179 767 5242 ἐπαγωγὰς
841 5174 1239 5244 κηρεσιφόρους
1307 5175 1773 5243 ὑποσημαίνοντα.

220 5267 360 5321 Οὔτε
385 5269 494 5336 γὰρ
525 5267 712 5336 ψιάδες
757 5266 1050 5334 οὐρανόθεν
1104 5263 1342 5334 ὕσθησαν
1388 5267 1771 5333 αἱματόεσσαι,

216 5362 344 5413 οὕτε
377 5360 532 5427 Θέρος
584 5359 811 5425 ἔναιμον
849 5356 1309 5425 παρεξήλλακται,
1351 5355 1476 5407 οὒτε
1507 5357 1642 5409 λίθοι
1673 5376 1774 5409 πυ-

216 5453 434 5520 ρόεντες
461 5449 519 5512 ἐξ
541 5450 756 5516 αίθέρος
779 5447 1104 5517 ἠνέχθησαν,
1124 5447 1246 5499 οὔτε
1268 5463 1318 5497 τι
1346 5447 1529 5516 ἕτερον
1555 5449 1770 5517 ἑωράθη

213 5541 614 5610 καινουργηθὲν
675 5540 948 5602 ὁπωσοῦν,
1010 5540 1128 5593 ἀλλ’
1182 5539 1376 5608 ἐμϐάδι
1432 5540 1624 5609 ἀψόφῳ
1674 5542 1767 5592 καὶ

213 5633 408 5701 χερσὶν
436 5633 756 5698 ἀκροτητοις
787 5629 1060 5690 πολύπους
1091 5631 1184 5679 καὶ
1228 5627 1484 5698 πολύχειρ
1513 5635 1575 5701 τῇ
1609 5635 1758 5686 πόλει

212 5728 304 5775 καὶ
339 5725 472 5790 ημῖν
503 5723 535 5788 ἡ
566 5721 688 5789 δίκη
730 5720 1130 5773 ἑπεισπεσοῦσα
1177 5720 1515 5786 δυσπότμους
1569 5725 1625 5777 έν
1671 5727 1755 5778 ἀν.

500 5813 763 5871 Ριτιιοι..
817 5812 932 5872 Gn.
977 5810 1307 5873 CXXXIX.

1888 5187 2098 5253 lapides
2129 5204 2193 5239 ex
2220 5189 2422 5242 aethere
2459 5190 2806 5256 deciderunt,
2844 5208 2943 5247 nec
2971 5195 3264 5262 quidquam
3296 5199 3450 5252 deui-

1883 5291 1988 5342 que
2013 5275 2260 5329 inusitati
2293 5278 2509 5339 accidit,
2553 5282 2646 5332 sed
2699 5283 2857 5334 tacita
2883 5291 2937 5334 et
2996 5287 3282 5352 tranquilla
3331 5292 3448 5343 vin-

1883 5365 2026 5417 dicta
2062 5367 2249 5419 multis
2273 5368 2522 5420 manibus
2550 5378 2606 5421 et
2639 5370 2870 5437 pedibus
2901 5373 2971 5424 ita
3013 5389 3111 5426 nos
3152 5380 3444 5444 oppressit,

1889 5465 1950 5506 ut
1992 5455 2190 5509 delicta
2223 5458 2392 5524 probe
2430 5459 2541 5510 ulta
2603 5461 2939 5514 miserrimos
2970 5465 3213 5518 omnium
3249 5481 3450 5524 morta-

1885 5545 2023 5598 lium
2055 5547 2324 5600 eﬂecerit.
2375 5547 2453 5600 Eo
2486 5562 2654 5616 porro
2679 5550 2766 5603 die
2810 5565 2920 5618 quo
2973 5553 3104 5606 urbs
3157 5569 3310 5625 capta
3342 5569 3445 5625 est,

1870 5637 2203 5705 praedatores
2234 5651 2328 5690 eas
2353 5637 2499 5690 aedes
2545 5639 2596 5690 in
2633 5653 2771 5707 quas
2819 5639 3160 5698 diverterant
3212 5646 3444 5714 diripie-

1871 5729 2043 5792 bant;
2076 5737 2130 5781 et
2162 5736 2356 5797 printer
2391 5743 2452 5781 ea
2493 5743 2614 5797 qua:
2637 5728 2738 5798 ipsi
2787 5730 3134 5802 indagabant.
3187 5737 3436 5795 donunos

3056 5824 3124 5886 31
