  <div class='ocr_page' id='page_1' title='image "/cluster/home/n/w/nwhite01/storage/ocr_20150623/139/nnc1.0046979840/503.png"; bbox 0 0 4302 6370; ppageno 0'>
   <div class='ocr_carea' id='block_1_1' title="bbox 808 368 901 428">
    <p class='ocr_par' dir='ltr' id='par_1_1' title="bbox 808 368 901 428">
     <span class='ocr_line' id='line_1_1' title="bbox 808 368 901 428; baseline 0.022 -2"><span class='ocrx_word' id='word_1_1' title='bbox 808 368 901 428; x_wconf 74' lang='grc'><strong>971</strong></span> 
     </span>
    </p>
   </div>
   <div class='ocr_carea' id='block_1_2' title="bbox 2058 362 2794 424">
    <p class='ocr_par' dir='ltr' id='par_1_2' title="bbox 2058 362 2794 424">
     <span class='ocr_line' id='line_1_2' title="bbox 2058 362 2794 424; baseline -0.003 -1"><span class='ocrx_word' id='word_1_2' title='bbox 2058 365 2106 423; x_wconf 86' lang='grc' dir='ltr'>Ν</span> <span class='ocrx_word' id='word_1_3' title='bbox 2122 364 2359 424; x_wconf 75' lang='grc' dir='ltr'><strong>ΙΕΕΤᾸΞ</strong></span> <span class='ocrx_word' id='word_1_4' title='bbox 2390 362 2794 423; x_wconf 59' lang='grc' dir='ltr'><strong>(ΞΗΟΝΙΑΤέΕ</strong></span> 
     </span>
    </p>
   </div>
   <div class='ocr_carea' id='block_1_3' title="bbox 3943 370 4060 434">
    <p class='ocr_par' dir='ltr' id='par_1_3' title="bbox 3943 370 4060 434">
     <span class='ocr_line' id='line_1_3' title="bbox 3943 370 4060 434; baseline 0.017 -2"><span class='ocrx_word' id='word_1_5' title='bbox 3943 370 4060 434; x_wconf 70' lang='lat'><strong>972</strong></span> 
     </span>
    </p>
   </div>
   <div class='ocr_carea' id='block_1_4' title="bbox 808 475 2507 551">
    <p class='ocr_par' dir='ltr' id='par_1_4' title="bbox 808 475 2507 541">
     <span class='ocr_line' id='line_1_4' title="bbox 808 475 2507 541; baseline -0.004 -7"><span class='ocrx_word' id='word_1_6' title='bbox 808 487 866 534; x_wconf 83' lang='lat' dir='ltr'><strong>;le</strong></span> <span class='ocrx_word' id='word_1_7' title='bbox 900 479 1133 534; x_wconf 86' lang='lat' dir='ltr'><strong>occultis</strong></span> <span class='ocrx_word' id='word_1_8' title='bbox 1185 478 1475 538; x_wconf 89' lang='lat' dir='ltr'><strong>thesauris.</strong></span> <span class='ocrx_word' id='word_1_9' title='bbox 1527 477 1824 532; x_wconf 89' lang='lat' dir='ltr'><strong>nonnullos</strong></span> <span class='ocrx_word' id='word_1_10' title='bbox 1855 492 1979 530; x_wconf 88' lang='lat' dir='ltr'><strong>cum</strong></span> <span class='ocrx_word' id='word_1_11' title='bbox 2031 476 2379 541; x_wconf 77' lang='lat' dir='ltr'><strong>verberibus,</strong></span> <span class='ocrx_word' id='word_1_12' title='bbox 2407 475 2507 540; x_wconf 75' lang='grc' dir='ltr'><strong>ΑΟ</strong></span> 
     </span>
    </p>
   </div>
   <div class='ocr_carea' id='block_1_5' title="bbox 2353 475 4052 551">
    <p class='ocr_par' dir='ltr' id='par_1_5' title="bbox 2353 475 4052 551">
     <span class='ocr_line' id='line_1_5' title="bbox 2353 475 4052 551; baseline 0.009 -27"><span class='ocrx_word' id='word_1_13' title='bbox 2353 475 2729 544; x_wconf 74' lang='grc' dir='ltr'>,,Αθρώποις</span> <span class='ocrx_word' id='word_1_14' title='bbox 2775 476 3094 546; x_wconf 73' lang='grc' dir='ltr'>εἰργάσατο,</span> <span class='ocrx_word' id='word_1_15' title='bbox 3152 479 3391 549; x_wconf 78' lang='grc' dir='ltr'>τιμωρὸς</span> <span class='ocrx_word' id='word_1_16' title='bbox 3450 478 3681 548; x_wconf 79' lang='grc' dir='ltr'><strong>ὀφθεῖσα</strong></span> <span class='ocrx_word' id='word_1_17' title='bbox 3741 482 4052 551; x_wconf 78' lang='grc' dir='ltr'>φιλότιμος.</span> 
     </span>
    </p>
   </div>
   <div class='ocr_carea' id='block_1_6' title="bbox 806 567 2380 633">
    <p class='ocr_par' dir='ltr' id='par_1_6' title="bbox 806 567 2380 633">
     <span class='ocr_line' id='line_1_6' title="bbox 806 567 2380 633; baseline -0.001 -11"><span class='ocrx_word' id='word_1_18' title='bbox 806 572 1008 625; x_wconf 80' lang='lat' dir='ltr'><strong>multos</strong></span> <span class='ocrx_word' id='word_1_19' title='bbox 1061 570 1276 625; x_wconf 87' lang='lat' dir='ltr'><strong>blandis</strong></span> <span class='ocrx_word' id='word_1_20' title='bbox 1322 569 1527 633; x_wconf 90' lang='lat' dir='ltr'><strong>verbis,</strong></span> <span class='ocrx_word' id='word_1_21' title='bbox 1581 584 1776 625; x_wconf 88' lang='lat' dir='ltr'><strong>omnes</strong></span> <span class='ocrx_word' id='word_1_22' title='bbox 1828 583 1953 623; x_wconf 90' lang='lat' dir='ltr'><strong>cum</strong></span> <span class='ocrx_word' id='word_1_23' title='bbox 2000 567 2380 622; x_wconf 84' lang='lat' dir='ltr'><strong>comminatio-</strong></span> 
     </span>
    </p>
   </div>
   <div class='ocr_carea' id='block_1_7' title="bbox 804 656 2378 727">
    <p class='ocr_par' dir='ltr' id='par_1_7' title="bbox 804 656 2378 727">
     <span class='ocr_line' id='line_1_7' title="bbox 804 656 2378 727; baseline -0.003 -14"><span class='ocrx_word' id='word_1_24' title='bbox 804 662 965 713; x_wconf 82' lang='lat' dir='ltr'><strong>nibus</strong></span> <span class='ocrx_word' id='word_1_25' title='bbox 1029 658 1513 727; x_wconf 83' lang='lat' dir='ltr'><strong>percontabantur.</strong></span> <span class='ocrx_word' id='word_1_26' title='bbox 1575 659 1678 724; x_wconf 86' lang='lat' dir='ltr'><strong>Qui</strong></span> <span class='ocrx_word' id='word_1_27' title='bbox 1738 671 1862 710; x_wconf 91' lang='lat' dir='ltr'><strong>cum</strong></span> <span class='ocrx_word' id='word_1_28' title='bbox 1912 656 2015 708; x_wconf 88' lang='lat' dir='ltr'><strong>alia</strong></span> <span class='ocrx_word' id='word_1_29' title='bbox 2067 671 2125 709; x_wconf 91' lang='lat' dir='ltr'><strong>se</strong></span> <span class='ocrx_word' id='word_1_30' title='bbox 2173 656 2378 709; x_wconf 88' lang='lat' dir='ltr'><strong>habere</strong></span> 
     </span>
    </p>
   </div>
   <div class='ocr_carea' id='block_1_8' title="bbox 804 747 2378 825">
    <p class='ocr_par' dir='ltr' id='par_1_8' title="bbox 804 747 2378 825">
     <span class='ocr_line' id='line_1_8' title="bbox 804 747 2378 825; baseline -0.004 -20"><span class='ocrx_word' id='word_1_31' title='bbox 804 754 1125 809; x_wconf 80' lang='lat' dir='ltr'><strong>faterentur,</strong></span> <span class='ocrx_word' id='word_1_32' title='bbox 1181 750 1285 802; x_wconf 88' lang='lat' dir='ltr'><strong>alia</strong></span> <span class='ocrx_word' id='word_1_33' title='bbox 1346 749 1672 812; x_wconf 77' lang='lat' dir='ltr'><strong>indicarent,</strong></span> <span class='ocrx_word' id='word_1_34' title='bbox 1729 748 1837 825; x_wconf 84' lang='lat' dir='ltr'><strong>alia</strong></span> <span class='ocrx_word' id='word_1_35' title='bbox 1904 747 1960 799; x_wconf 92' lang='lat' dir='ltr'><strong>in</strong></span> <span class='ocrx_word' id='word_1_36' title='bbox 2022 754 2378 813; x_wconf 88' lang='lat' dir='ltr'><strong>conspectum</strong></span> 
     </span>
    </p>
   </div>
   <div class='ocr_carea' id='block_1_9' title="bbox 801 836 2376 908">
    <p class='ocr_par' dir='ltr' id='par_1_9' title="bbox 801 836 2376 908">
     <span class='ocr_line' id='line_1_9' title="bbox 801 836 2376 908; baseline -0.004 -14"><span class='ocrx_word' id='word_1_37' title='bbox 801 842 1064 894; x_wconf 85' lang='lat' dir='ltr'><strong>atl‘errent</strong></span> <span class='ocrx_word' id='word_1_38' title='bbox 1095 856 1106 891; x_wconf 90' lang='lat'><strong>:</strong></span> <span class='ocrx_word' id='word_1_39' title='bbox 1137 840 1341 893; x_wconf 83' lang='lat' dir='ltr'><strong>milites</strong></span> <span class='ocrx_word' id='word_1_40' title='bbox 1396 840 1545 892; x_wconf 90' lang='lat' dir='ltr'><strong>nulla</strong></span> <span class='ocrx_word' id='word_1_41' title='bbox 1597 853 1725 908; x_wconf 83' lang='lat' dir='ltr'><strong>erga</strong></span> <span class='ocrx_word' id='word_1_42' title='bbox 1772 837 2015 907; x_wconf 87' lang='lat' dir='ltr'><strong>hospites</strong></span> <span class='ocrx_word' id='word_1_43' title='bbox 2063 836 2376 899; x_wconf 89' lang='lat' dir='ltr'><strong>clementia,</strong></span> 
     </span>
    </p>
   </div>
   <div class='ocr_carea' id='block_1_10' title="bbox 801 911 2380 1000">
    <p class='ocr_par' dir='ltr' id='par_1_10' title="bbox 801 911 2380 1000">
     <span class='ocr_line' id='line_1_10' title="bbox 801 911 2380 1000; baseline -0.004 -15"><span class='ocrx_word' id='word_1_44' title='bbox 801 932 948 985; x_wconf 91' lang='lat' dir='ltr'><strong>nulla</strong></span> <span class='ocrx_word' id='word_1_45' title='bbox 1006 932 1364 1000; x_wconf 78' lang='lat' dir='ltr'><strong>benignitate,</strong></span> <span class='ocrx_word' id='word_1_46' title='bbox 1405 944 1503 983; x_wconf 88' lang='lat' dir='ltr'><strong>nec</strong></span> <span class='ocrx_word' id='word_1_47' title='bbox 1554 930 1808 998; x_wconf 86' lang='lat' dir='ltr'><strong>hospitiis</strong></span> <span class='ocrx_word' id='word_1_48' title='bbox 1866 945 1967 983; x_wconf 87' lang='lat' dir='ltr'><strong>nec</strong></span> <span class='ocrx_word' id='word_1_49' title='bbox 2010 929 2162 981; x_wconf 84' lang='lat' dir='ltr'><strong>victu</strong></span> <span class='ocrx_word' id='word_1_50' title='bbox 2217 911 2380 995; x_wconf 62' lang='lat'><strong>776</strong></span> 
     </span>
    </p>
   </div>
   <div class='ocr_carea' id='block_1_11' title="bbox 800 1018 2379 1088">
    <p class='ocr_par' dir='ltr' id='par_1_11' title="bbox 800 1018 2379 1088">
     <span class='ocr_line' id='line_1_11' title="bbox 800 1018 2379 1088; baseline -0.004 -13"><span class='ocrx_word' id='word_1_51' title='bbox 800 1022 1285 1081; x_wconf 89' lang='lat' dir='ltr'><strong>communicando,</strong></span> <span class='ocrx_word' id='word_1_52' title='bbox 1323 1020 1643 1076; x_wconf 84' lang='lat' dir='ltr'><strong>utebantur.</strong></span> <span class='ocrx_word' id='word_1_53' title='bbox 1675 1020 1867 1074; x_wconf 70' lang='lat' dir='ltr'><strong>0m:.ia</strong></span> <span class='ocrx_word' id='word_1_54' title='bbox 1906 1018 2165 1088; x_wconf 86' lang='lat' dir='ltr'><strong>superba,</strong></span> <span class='ocrx_word' id='word_1_55' title='bbox 2218 1019 2379 1070; x_wconf 91' lang='lat' dir='ltr'><strong>inhu-</strong></span> 
     </span>
    </p>
   </div>
   <div class='ocr_carea' id='block_1_12' title="bbox 800 1108 2377 1177">
    <p class='ocr_par' dir='ltr' id='par_1_12' title="bbox 800 1108 2377 1177">
     <span class='ocr_line' id='line_1_12' title="bbox 800 1108 2377 1177; baseline -0.003 -13"><span class='ocrx_word' id='word_1_56' title='bbox 800 1128 985 1171; x_wconf 86' lang='lat' dir='ltr'><strong>mana,</strong></span> <span class='ocrx_word' id='word_1_57' title='bbox 1017 1112 1273 1164; x_wconf 85' lang='lat' dir='ltr'><strong>immania</strong></span> <span class='ocrx_word' id='word_1_58' title='bbox 1330 1121 1506 1163; x_wconf 88' lang='lat' dir='ltr'><strong>erant.</strong></span> <span class='ocrx_word' id='word_1_59' title='bbox 1560 1111 1775 1164; x_wconf 79' lang='lat' dir='ltr'><strong>Domini</strong></span> <span class='ocrx_word' id='word_1_60' title='bbox 1828 1126 1922 1177; x_wconf 85' lang='lat' dir='ltr'><strong>per</strong></span> <span class='ocrx_word' id='word_1_61' title='bbox 1985 1108 2377 1162; x_wconf 80' lang='lat' dir='ltr'><strong>contumeliam</strong></span> 
     </span>
    </p>
   </div>
   <div class='ocr_carea' id='block_1_13' title="bbox 800 1200 2375 1271">
    <p class='ocr_par' dir='ltr' id='par_1_13' title="bbox 800 1200 2375 1271">
     <span class='ocr_line' id='line_1_13' title="bbox 800 1200 2375 1271; baseline -0.003 -14"><span class='ocrx_word' id='word_1_62' title='bbox 800 1206 1009 1258; x_wconf 66' lang='lat' dir='ltr'><strong>aedibus</strong></span> <span class='ocrx_word' id='word_1_63' title='bbox 1034 1203 1147 1255; x_wconf 88' lang='lat' dir='ltr'><strong>suis</strong></span> <span class='ocrx_word' id='word_1_64' title='bbox 1191 1203 1576 1271; x_wconf 87' lang='lat' dir='ltr'><strong>ejiciebantur.</strong></span> <span class='ocrx_word' id='word_1_65' title='bbox 1632 1203 1842 1266; x_wconf 78' lang='lat' dir='ltr'><strong>Quibus</strong></span> <span class='ocrx_word' id='word_1_66' title='bbox 1897 1202 1965 1255; x_wconf 87' lang='lat' dir='ltr'><strong>de</strong></span> <span class='ocrx_word' id='word_1_67' title='bbox 2024 1200 2207 1253; x_wconf 83' lang='lat' dir='ltr'><strong>causis</strong></span> <span class='ocrx_word' id='word_1_68' title='bbox 2250 1215 2375 1253; x_wconf 89' lang='lat' dir='ltr'><strong>cum</strong></span> 
     </span>
    </p>
   </div>
   <div class='ocr_carea' id='block_1_14' title="bbox 802 1288 2374 1356">
    <p class='ocr_par' dir='ltr' id='par_1_14' title="bbox 802 1288 2374 1356">
     <span class='ocr_line' id='line_1_14' title="bbox 802 1288 2374 1356; baseline -0.001 -16"><span class='ocrx_word' id='word_1_69' title='bbox 802 1290 977 1341; x_wconf 78' lang='lat' dir='ltr'><strong>visunt</strong></span> <span class='ocrx_word' id='word_1_70' title='bbox 1010 1299 1156 1341; x_wconf 90' lang='lat' dir='ltr'><strong>esset</strong></span> <span class='ocrx_word' id='word_1_71' title='bbox 1189 1289 1425 1342; x_wconf 88' lang='lat' dir='ltr'><strong>ducibus</strong></span> <span class='ocrx_word' id='word_1_72' title='bbox 1453 1290 1519 1341; x_wconf 89' lang='lat' dir='ltr'><strong>iis</strong></span> <span class='ocrx_word' id='word_1_73' title='bbox 1553 1289 1644 1356; x_wconf 90' lang='lat' dir='ltr'><strong>qui</strong></span> <span class='ocrx_word' id='word_1_74' title='bbox 1672 1290 1875 1343; x_wconf 73' lang='lat' dir='ltr'><strong>vellent</strong></span> <span class='ocrx_word' id='word_1_75' title='bbox 1909 1289 2044 1342; x_wconf 81' lang='lat' dir='ltr'><strong>urbe</strong></span> <span class='ocrx_word' id='word_1_76' title='bbox 2067 1288 2374 1341; x_wconf 77' lang='lat' dir='ltr'><strong>excedendi</strong></span> 
     </span>
    </p>
   </div>
   <div class='ocr_carea' id='block_1_15' title="bbox 802 1381 2378 1449">
    <p class='ocr_par' dir='ltr' id='par_1_15' title="bbox 802 1381 2378 1449">
     <span class='ocr_line' id='line_1_15' title="bbox 802 1381 2378 1449; baseline 0 -17"><span class='ocrx_word' id='word_1_77' title='bbox 802 1391 1127 1449; x_wconf 90' lang='lat' dir='ltr'><strong>potestatem</strong></span> <span class='ocrx_word' id='word_1_78' title='bbox 1161 1381 1315 1443; x_wconf 88' lang='lat' dir='ltr'><strong>dare,</strong></span> <span class='ocrx_word' id='word_1_79' title='bbox 1359 1383 1505 1433; x_wconf 89' lang='lat' dir='ltr'><strong>cives</strong></span> <span class='ocrx_word' id='word_1_80' title='bbox 1562 1382 1841 1435; x_wconf 83' lang='lat' dir='ltr'><strong>turmatim</strong></span> <span class='ocrx_word' id='word_1_81' title='bbox 1886 1382 2135 1443; x_wconf 85' lang='lat' dir='ltr'><strong>abibant,</strong></span> <span class='ocrx_word' id='word_1_82' title='bbox 2182 1381 2378 1447; x_wconf 87' lang='lat' dir='ltr'><strong>pannis</strong></span> 
     </span>
    </p>
   </div>
   <div class='ocr_carea' id='block_1_16' title="bbox 803 1468 2377 1539">
    <p class='ocr_par' dir='ltr' id='par_1_16' title="bbox 803 1468 2377 1539">
     <span class='ocr_line' id='line_1_16' title="bbox 803 1468 2377 1539; baseline -0.002 -15"><span class='ocrx_word' id='word_1_83' title='bbox 803 1473 1061 1535; x_wconf 84' lang='lat' dir='ltr'><strong>involuti,</strong></span> <span class='ocrx_word' id='word_1_84' title='bbox 1093 1473 1264 1525; x_wconf 85' lang='lat' dir='ltr'><strong>macie</strong></span> <span class='ocrx_word' id='word_1_85' title='bbox 1297 1482 1352 1524; x_wconf 90' lang='lat' dir='ltr'><strong>et</strong></span> <span class='ocrx_word' id='word_1_86' title='bbox 1407 1471 1612 1539; x_wconf 82' lang='lat' dir='ltr'><strong>pallore</strong></span> <span class='ocrx_word' id='word_1_87' title='bbox 1658 1470 1915 1531; x_wconf 80' lang='lat' dir='ltr'><strong>contecti,</strong></span> <span class='ocrx_word' id='word_1_88' title='bbox 1948 1470 2084 1523; x_wconf 88' lang='lat' dir='ltr'><strong>facie</strong></span> <span class='ocrx_word' id='word_1_89' title='bbox 2145 1468 2377 1521; x_wconf 86' lang='lat' dir='ltr'><strong>mortuis</strong></span> 
     </span>
    </p>
   </div>
   <div class='ocr_carea' id='block_1_17' title="bbox 800 1561 2379 1630">
    <p class='ocr_par' dir='ltr' id='par_1_17' title="bbox 800 1561 2379 1630">
     <span class='ocr_line' id='line_1_17' title="bbox 800 1561 2379 1630; baseline -0.004 -13"><span class='ocrx_word' id='word_1_90' title='bbox 800 1564 1032 1624; x_wconf 85' lang='lat' dir='ltr'><strong>similes,</strong></span> <span class='ocrx_word' id='word_1_91' title='bbox 1058 1563 1233 1616; x_wconf 88' lang='lat' dir='ltr'><strong>oculis</strong></span> <span class='ocrx_word' id='word_1_92' title='bbox 1272 1562 1539 1630; x_wconf 84' lang='lat' dir='ltr'><strong>sanguine</strong></span> <span class='ocrx_word' id='word_1_93' title='bbox 1586 1561 1835 1625; x_wconf 80' lang='lat' dir='ltr'><strong>suffusis,</strong></span> <span class='ocrx_word' id='word_1_94' title='bbox 1873 1562 2075 1630; x_wconf 83' lang='lat' dir='ltr'><strong>quippe</strong></span> <span class='ocrx_word' id='word_1_95' title='bbox 2105 1561 2201 1629; x_wconf 88' lang='lat' dir='ltr'><strong>qui</strong></span> <span class='ocrx_word' id='word_1_96' title='bbox 2255 1575 2379 1612; x_wconf 87' lang='lat' dir='ltr'><strong>san-</strong></span> 
     </span>
    </p>
   </div>
   <div class='ocr_carea' id='block_1_18' title="bbox 800 1653 2376 1723">
    <p class='ocr_par' dir='ltr' id='par_1_18' title="bbox 800 1653 2376 1723">
     <span class='ocr_line' id='line_1_18' title="bbox 800 1653 2376 1723; baseline -0.001 -16"><span class='ocrx_word' id='word_1_97' title='bbox 800 1654 966 1723; x_wconf 79' lang='lat' dir='ltr'><strong>guine</strong></span> <span class='ocrx_word' id='word_1_98' title='bbox 993 1655 1175 1721; x_wconf 83' lang='lat' dir='ltr'><strong>potius</strong></span> <span class='ocrx_word' id='word_1_99' title='bbox 1196 1668 1358 1721; x_wconf 88' lang='lat' dir='ltr'><strong>quam</strong></span> <span class='ocrx_word' id='word_1_100' title='bbox 1395 1653 1652 1722; x_wconf 88' lang='lat' dir='ltr'><strong>lacrymis</strong></span> <span class='ocrx_word' id='word_1_101' title='bbox 1676 1654 1889 1707; x_wconf 83' lang='lat' dir='ltr'><strong>flerent.</strong></span> <span class='ocrx_word' id='word_1_102' title='bbox 1926 1655 2058 1707; x_wconf 63' lang='lat' dir='ltr'><strong>Nam</strong></span> <span class='ocrx_word' id='word_1_103' title='bbox 2082 1655 2171 1706; x_wconf 83' lang='lat' dir='ltr'><strong>alii</strong></span> <span class='ocrx_word' id='word_1_104' title='bbox 2205 1653 2376 1705; x_wconf 83' lang='lat' dir='ltr'><strong>facul-</strong></span> 
     </span>
    </p>
   </div>
   <div class='ocr_carea' id='block_1_19' title="bbox 802 1744 2377 1813">
    <p class='ocr_par' dir='ltr' id='par_1_19' title="bbox 802 1744 2377 1813">
     <span class='ocr_line' id='line_1_19' title="bbox 802 1744 2377 1813; baseline 0.002 -18"><span class='ocrx_word' id='word_1_105' title='bbox 802 1753 969 1796; x_wconf 90' lang='lat' dir='ltr'><strong>tatum</strong></span> <span class='ocrx_word' id='word_1_106' title='bbox 996 1745 1269 1812; x_wconf 84' lang='lat' dir='ltr'><strong>jacturatn</strong></span> <span class='ocrx_word' id='word_1_107' title='bbox 1301 1744 1661 1813; x_wconf 85' lang='lat' dir='ltr'><strong>deplorabant</strong></span> <span class='ocrx_word' id='word_1_108' title='bbox 1694 1763 1707 1797; x_wconf 87' lang='lat'><strong>:</strong></span> <span class='ocrx_word' id='word_1_109' title='bbox 1734 1746 1851 1808; x_wconf 89' lang='lat' dir='ltr'><strong>alii,</strong></span> <span class='ocrx_word' id='word_1_110' title='bbox 1889 1759 1953 1797; x_wconf 89' lang='lat' dir='ltr'><strong>ea</strong></span> <span class='ocrx_word' id='word_1_111' title='bbox 1984 1754 2041 1796; x_wconf 95' lang='lat' dir='ltr'><strong>ut</strong></span> <span class='ocrx_word' id='word_1_112' title='bbox 2072 1760 2129 1798; x_wconf 93' lang='lat' dir='ltr'><strong>re</strong></span> <span class='ocrx_word' id='word_1_113' title='bbox 2155 1744 2377 1798; x_wconf 86' lang='lat' dir='ltr'><strong>levioris</strong></span> 
     </span>
    </p>
   </div>
   <div class='ocr_carea' id='block_1_20' title="bbox 2482 565 4056 641">
    <p class='ocr_par' dir='ltr' id='par_1_20' title="bbox 2482 565 4056 641">
     <span class='ocr_line' id='line_1_20' title="bbox 2482 565 4056 641; baseline 0.005 -23"><span class='ocrx_word' id='word_1_114' title='bbox 2482 565 2595 618; x_wconf 78' lang='lat' dir='ltr'><strong>Kal.</strong></span> <span class='ocrx_word' id='word_1_115' title='bbox 2622 566 2724 632; x_wconf 84' lang='grc' dir='ltr'><strong>τὴν</strong></span> <span class='ocrx_word' id='word_1_116' title='bbox 2749 565 2848 633; x_wconf 80' lang='grc' dir='ltr'>μὲν</span> <span class='ocrx_word' id='word_1_117' title='bbox 2888 566 3101 637; x_wconf 81' lang='grc' dir='ltr'>ἡμέραν</span> <span class='ocrx_word' id='word_1_118' title='bbox 3131 568 3350 637; x_wconf 79' lang='grc' dir='ltr'>ἐκείνην</span> <span class='ocrx_word' id='word_1_119' title='bbox 3374 570 3496 622; x_wconf 81' lang='grc' dir='ltr'>καθ’</span> <span class='ocrx_word' id='word_1_120' title='bbox 3522 571 3591 639; x_wconf 84' lang='grc' dir='ltr'><strong>ἢν</strong></span> <span class='ocrx_word' id='word_1_121' title='bbox 3617 573 3647 641; x_wconf 88' lang='grc' dir='ltr'><strong>ή</strong></span> <span class='ocrx_word' id='word_1_122' title='bbox 3691 574 3843 637; x_wconf 81' lang='grc' dir='ltr'>πόλις</span> <span class='ocrx_word' id='word_1_123' title='bbox 3876 576 4056 628; x_wconf 56' lang='lat' dir='ltr'><strong>sum.</strong></span> 
     </span>
    </p>
   </div>
   <div class='ocr_carea' id='block_1_21' title="bbox 2482 657 4057 734">
    <p class='ocr_par' dir='ltr' id='par_1_21' title="bbox 2482 657 4057 734">
     <span class='ocr_line' id='line_1_21' title="bbox 2482 657 4057 734; baseline 0.004 -25"><span class='ocrx_word' id='word_1_124' title='bbox 2482 674 2598 717; x_wconf 77' lang='grc' dir='ltr'>κεν,</span> <span class='ocrx_word' id='word_1_125' title='bbox 2621 659 2668 710; x_wconf 82' lang='grc' dir='ltr'><strong>οἱ</strong></span> <span class='ocrx_word' id='word_1_126' title='bbox 2706 657 3001 710; x_wconf 83' lang='grc' dir='ltr'>σκυλευταὶ</span> <span class='ocrx_word' id='word_1_127' title='bbox 3041 661 3163 721; x_wconf 79' lang='grc' dir='ltr'>ταῖς</span> <span class='ocrx_word' id='word_1_128' title='bbox 3197 659 3404 727; x_wconf 78' lang='grc' dir='ltr'><strong>ὁπῃοῦν</strong></span> <span class='ocrx_word' id='word_1_129' title='bbox 3446 662 3649 724; x_wconf 73' lang='grc' dir='ltr'>οἰκίαις</span> <span class='ocrx_word' id='word_1_130' title='bbox 3678 663 4057 734; x_wconf 78' lang='grc' dir='ltr'>ἐναυλισάμε-</span> 
     </span>
    </p>
   </div>
   <div class='ocr_carea' id='block_1_22' title="bbox 2482 738 4058 824">
    <p class='ocr_par' dir='ltr' id='par_1_22' title="bbox 2482 738 4058 824">
     <span class='ocr_line' id='line_1_22' title="bbox 2482 738 4058 824; baseline 0.004 -22"><span class='ocrx_word' id='word_1_131' title='bbox 2482 766 2563 802; x_wconf 91' lang='grc' dir='ltr'>νοι</span> <span class='ocrx_word' id='word_1_132' title='bbox 2595 738 2663 801; x_wconf 81' lang='grc' dir='ltr'><strong>τά</strong></span> <span class='ocrx_word' id='word_1_133' title='bbox 2719 764 2776 801; x_wconf 88' lang='grc' dir='ltr'><strong>τε</strong></span> <span class='ocrx_word' id='word_1_134' title='bbox 2815 749 2967 802; x_wconf 80' lang='grc' dir='ltr'>ἔνδον</span> <span class='ocrx_word' id='word_1_135' title='bbox 3016 750 3319 819; x_wconf 76' lang='grc' dir='ltr'>διήρπαζον</span> <span class='ocrx_word' id='word_1_136' title='bbox 3368 754 3461 804; x_wconf 80' lang='grc' dir='ltr'>καὶ</span> <span class='ocrx_word' id='word_1_137' title='bbox 3505 753 3774 824; x_wconf 74' lang='grc' dir='ltr'>περὶτῶν</span> <span class='ocrx_word' id='word_1_138' title='bbox 3821 757 4058 822; x_wconf 76' lang='grc' dir='ltr'>ἀφανῶν</span> 
     </span>
    </p>
   </div>
   <div class='ocr_carea' id='block_1_23' title="bbox 2479 840 4055 913">
    <p class='ocr_par' dir='ltr' id='par_1_23' title="bbox 2479 840 4055 913">
     <span class='ocr_line' id='line_1_23' title="bbox 2479 840 4055 913; baseline 0.004 -21"><span class='ocrx_word' id='word_1_139' title='bbox 2479 842 2607 903; x_wconf 79' lang='grc' dir='ltr'>τοὺς</span> <span class='ocrx_word' id='word_1_140' title='bbox 2630 840 2897 902; x_wconf 82' lang='grc' dir='ltr'><strong>δεσπότας</strong></span> <span class='ocrx_word' id='word_1_141' title='bbox 2922 841 3229 911; x_wconf 85' lang='grc' dir='ltr'>ἀνέκρινον,</span> <span class='ocrx_word' id='word_1_142' title='bbox 3258 844 3472 913; x_wconf 74' lang='grc' dir='ltr'>πληγὰς</span> <span class='ocrx_word' id='word_1_143' title='bbox 3502 846 3832 909; x_wconf 76' lang='grc' dir='ltr'><strong>ἐντείνοντες</strong></span> <span class='ocrx_word' id='word_1_144' title='bbox 3857 847 4055 913; x_wconf 79' lang='grc' dir='ltr'>ἐνίοις,</span> 
     </span>
    </p>
   </div>
   <div class='ocr_carea' id='block_1_24' title="bbox 2483 931 4053 1003">
    <p class='ocr_par' dir='ltr' id='par_1_24' title="bbox 2483 931 4053 1003">
     <span class='ocr_line' id='line_1_24' title="bbox 2483 931 4053 1003; baseline 0.006 -22"><span class='ocrx_word' id='word_1_145' title='bbox 2483 931 2725 993; x_wconf 86' lang='grc' dir='ltr'>πολλοῖς</span> <span class='ocrx_word' id='word_1_146' title='bbox 2761 931 2819 983; x_wconf 84' lang='grc' dir='ltr'>δὲ</span> <span class='ocrx_word' id='word_1_147' title='bbox 2867 931 2963 983; x_wconf 75' lang='grc' dir='ltr'><strong>καὶ</strong></span> <span class='ocrx_word' id='word_1_148' title='bbox 3024 934 3314 1001; x_wconf 80' lang='grc' dir='ltr'><strong>προσηνῶς</strong></span> <span class='ocrx_word' id='word_1_149' title='bbox 3368 937 3776 1003; x_wconf 87' lang='grc' dir='ltr'>συγγινόμενοι,</span> <span class='ocrx_word' id='word_1_150' title='bbox 3837 942 3956 1000; x_wconf 87' lang='grc' dir='ltr'>ταῖς</span> <span class='ocrx_word' id='word_1_151' title='bbox 4003 939 4053 990; x_wconf 84' lang='grc' dir='ltr'>δ’</span> 
     </span>
    </p>
   </div>
   <div class='ocr_carea' id='block_1_25' title="bbox 2479 1021 4057 1100">
    <p class='ocr_par' dir='ltr' id='par_1_25' title="bbox 2479 1021 4057 1100">
     <span class='ocr_line' id='line_1_25' title="bbox 2479 1021 4057 1100; baseline 0.008 -28"><span class='ocrx_word' id='word_1_152' title='bbox 2479 1021 2739 1083; x_wconf 80' lang='grc' dir='ltr'><strong>ἀπειλαῖς</strong></span> <span class='ocrx_word' id='word_1_153' title='bbox 2788 1023 2880 1074; x_wconf 76' lang='grc' dir='ltr'><strong>ἐπὶ</strong></span> <span class='ocrx_word' id='word_1_154' title='bbox 2927 1023 3064 1075; x_wconf 84' lang='grc' dir='ltr'>πᾶσι</span> <span class='ocrx_word' id='word_1_155' title='bbox 3108 1022 3413 1092; x_wconf 84' lang='grc' dir='ltr'>χρώμενοι·</span> <span class='ocrx_word' id='word_1_156' title='bbox 3465 1025 3539 1087; x_wconf 81' lang='grc' dir='ltr'><strong>ὡς</strong></span> <span class='ocrx_word' id='word_1_157' title='bbox 3573 1026 3629 1077; x_wconf 87' lang='grc' dir='ltr'>δὲ</span> <span class='ocrx_word' id='word_1_158' title='bbox 3664 1028 3733 1079; x_wconf 69' lang='grc' dir='ltr'>τὰ</span> <span class='ocrx_word' id='word_1_159' title='bbox 3766 1028 3866 1097; x_wconf 83' lang='grc' dir='ltr'>μὲν</span> <span class='ocrx_word' id='word_1_160' title='bbox 3901 1026 4057 1100; x_wconf 76' lang='grc' dir='ltr'>εἶχον</span> 
     </span>
    </p>
   </div>
   <div class='ocr_carea' id='block_1_26' title="bbox 2478 1111 4055 1187">
    <p class='ocr_par' dir='ltr' id='par_1_26' title="bbox 2478 1111 4055 1187">
     <span class='ocr_line' id='line_1_26' title="bbox 2478 1111 4055 1187; baseline 0.008 -25"><span class='ocrx_word' id='word_1_161' title='bbox 2478 1112 2547 1163; x_wconf 82' lang='grc' dir='ltr'>τὰ</span> <span class='ocrx_word' id='word_1_162' title='bbox 2578 1111 2622 1163; x_wconf 86' lang='grc' dir='ltr'>δ’</span> <span class='ocrx_word' id='word_1_163' title='bbox 2658 1113 2966 1180; x_wconf 73' lang='grc' dir='ltr'><strong>ἐξέφαινον,</strong></span> <span class='ocrx_word' id='word_1_164' title='bbox 3001 1115 3070 1166; x_wconf 77' lang='grc' dir='ltr'>τὰ</span> <span class='ocrx_word' id='word_1_165' title='bbox 3100 1115 3195 1182; x_wconf 83' lang='grc' dir='ltr'><strong>μὲν</strong></span> <span class='ocrx_word' id='word_1_166' title='bbox 3227 1115 3529 1183; x_wconf 71' lang='grc' dir='ltr'><strong>ὀφθαλμοῖς</strong></span> <span class='ocrx_word' id='word_1_167' title='bbox 3572 1120 3913 1187; x_wconf 74' lang='grc' dir='ltr'>προκείμενα</span> <span class='ocrx_word' id='word_1_168' title='bbox 3949 1125 4055 1174; x_wconf 71' lang='grc' dir='ltr'>καὶ</span> 
     </span>
    </p>
   </div>
   <div class='ocr_carea' id='block_1_27' title="bbox 2482 1200 4054 1278">
    <p class='ocr_par' dir='ltr' id='par_1_27' title="bbox 2482 1200 4054 1278">
     <span class='ocr_line' id='line_1_27' title="bbox 2482 1200 4054 1278; baseline 0.006 -28"><span class='ocrx_word' id='word_1_169' title='bbox 2482 1200 2618 1268; x_wconf 77' lang='grc' dir='ltr'>πρὸς</span> <span class='ocrx_word' id='word_1_170' title='bbox 2648 1200 2759 1251; x_wconf 84' lang='grc' dir='ltr'><strong>τῶν</strong></span> <span class='ocrx_word' id='word_1_171' title='bbox 2818 1201 3055 1268; x_wconf 86' lang='grc' dir='ltr'>ἐχόντων</span> <span class='ocrx_word' id='word_1_172' title='bbox 3099 1205 3513 1271; x_wconf 85' lang='grc' dir='ltr'>προσαγόμενα,</span> <span class='ocrx_word' id='word_1_173' title='bbox 3539 1209 3605 1259; x_wconf 75' lang='grc' dir='ltr'><strong>τὰ</strong></span> <span class='ocrx_word' id='word_1_174' title='bbox 3639 1207 3686 1260; x_wconf 87' lang='grc' dir='ltr'>δ’</span> <span class='ocrx_word' id='word_1_175' title='bbox 3742 1208 3847 1260; x_wconf 77' lang='grc' dir='ltr'><strong>ὑπὸ</strong></span> <span class='ocrx_word' id='word_1_176' title='bbox 3892 1212 4054 1278; x_wconf 74' lang='grc' dir='ltr'>σφῶν</span> 
     </span>
    </p>
   </div>
   <div class='ocr_carea' id='block_1_28' title="bbox 2480 1289 4055 1369">
    <p class='ocr_par' dir='ltr' id='par_1_28' title="bbox 2480 1289 4055 1369">
     <span class='ocr_line' id='line_1_28' title="bbox 2480 1289 4055 1369; baseline 0.008 -29"><span class='ocrx_word' id='word_1_177' title='bbox 2480 1289 2660 1341; x_wconf 82' lang='grc' dir='ltr'>αὐτῶν</span> <span class='ocrx_word' id='word_1_178' title='bbox 2693 1290 3104 1358; x_wconf 78' lang='grc' dir='ltr'>ἀναδιφώμενα,</span> <span class='ocrx_word' id='word_1_179' title='bbox 3136 1294 3238 1345; x_wconf 80' lang='grc' dir='ltr'><strong>καὶ</strong></span> <span class='ocrx_word' id='word_1_180' title='bbox 3292 1294 3456 1363; x_wconf 84' lang='grc' dir='ltr'>φειδώ</span> <span class='ocrx_word' id='word_1_181' title='bbox 3507 1312 3590 1358; x_wconf 87' lang='grc' dir='ltr'><strong>τις</strong></span> <span class='ocrx_word' id='word_1_182' title='bbox 3636 1298 3737 1351; x_wconf 84' lang='grc' dir='ltr'>οὐκ</span> <span class='ocrx_word' id='word_1_183' title='bbox 3778 1295 3846 1368; x_wconf 81' lang='grc' dir='ltr'><strong>ἦν</strong></span> <span class='ocrx_word' id='word_1_184' title='bbox 3893 1304 4055 1369; x_wconf 81' lang='grc' dir='ltr'><strong>παρά</strong></span> 
     </span>
    </p>
   </div>
   <div class='ocr_carea' id='block_1_29' title="bbox 2482 1379 4055 1463">
    <p class='ocr_par' dir='ltr' id='par_1_29' title="bbox 2482 1379 4055 1463">
     <span class='ocr_line' id='line_1_29' title="bbox 2482 1379 4055 1463; baseline 0.009 -30"><span class='ocrx_word' id='word_1_185' title='bbox 2482 1384 2665 1449; x_wconf 77' lang='grc' dir='ltr'>σφίσιν</span> <span class='ocrx_word' id='word_1_186' title='bbox 2700 1379 2821 1434; x_wconf 79' lang='grc' dir='ltr'>οὐδὲ</span> <span class='ocrx_word' id='word_1_187' title='bbox 2856 1383 2964 1435; x_wconf 81' lang='grc' dir='ltr'>τῶν</span> <span class='ocrx_word' id='word_1_188' title='bbox 2995 1384 3227 1437; x_wconf 76' lang='grc' dir='ltr'>ἐνόντων</span> <span class='ocrx_word' id='word_1_189' title='bbox 3261 1388 3547 1454; x_wconf 72' lang='grc' dir='ltr'><strong>μετάδοσις</strong></span> <span class='ocrx_word' id='word_1_190' title='bbox 3579 1390 3718 1458; x_wconf 76' lang='grc' dir='ltr'>πρὸς</span> <span class='ocrx_word' id='word_1_191' title='bbox 3743 1394 3868 1454; x_wconf 80' lang='grc' dir='ltr'>τοὺς</span> <span class='ocrx_word' id='word_1_192' title='bbox 3891 1395 4055 1463; x_wconf 77' lang='grc' dir='ltr'>έχον-</span> 
     </span>
    </p>
   </div>
   <div class='ocr_carea' id='block_1_30' title="bbox 2478 1472 4050 1551">
    <p class='ocr_par' dir='ltr' id='par_1_30' title="bbox 2478 1472 4050 1551">
     <span class='ocr_line' id='line_1_30' title="bbox 2478 1472 4050 1551; baseline 0.008 -28"><span class='ocrx_word' id='word_1_193' title='bbox 2478 1489 2600 1534; x_wconf 88' lang='grc' dir='ltr'>τας,</span> <span class='ocrx_word' id='word_1_194' title='bbox 2633 1472 2756 1525; x_wconf 76' lang='grc' dir='ltr'>οὔτε</span> <span class='ocrx_word' id='word_1_195' title='bbox 2784 1476 2889 1543; x_wconf 83' lang='grc' dir='ltr'>μὴν</span> <span class='ocrx_word' id='word_1_196' title='bbox 2924 1475 3262 1544; x_wconf 80' lang='grc' dir='ltr'>συμμέθεξις</span> <span class='ocrx_word' id='word_1_197' title='bbox 3292 1479 3477 1541; x_wconf 81' lang='grc' dir='ltr'>ἑστίας</span> <span class='ocrx_word' id='word_1_198' title='bbox 3507 1481 3539 1551; x_wconf 81' lang='grc' dir='ltr'>ἦ</span> <span class='ocrx_word' id='word_1_199' title='bbox 3578 1484 3896 1546; x_wconf 78' lang='grc' dir='ltr'>ἑστιάσεως,</span> <span class='ocrx_word' id='word_1_200' title='bbox 3925 1486 4050 1538; x_wconf 78' lang='grc' dir='ltr'>ἀλλ’</span> 
     </span>
    </p>
   </div>
   <div class='ocr_carea' id='block_1_31' title="bbox 2481 1559 4053 1642">
    <p class='ocr_par' dir='ltr' id='par_1_31' title="bbox 2481 1559 4053 1642">
     <span class='ocr_line' id='line_1_31' title="bbox 2481 1559 4053 1642; baseline 0.009 -33"><span class='ocrx_word' id='word_1_201' title='bbox 2481 1559 2753 1628; x_wconf 57' lang='grc' dir='ltr'>ὑπεροψία</span> <span class='ocrx_word' id='word_1_202' title='bbox 2811 1563 2905 1612; x_wconf 80' lang='grc' dir='ltr'><strong>καὶ</strong></span> <span class='ocrx_word' id='word_1_203' title='bbox 2958 1563 3155 1629; x_wconf 79' lang='grc' dir='ltr'><strong>ἀμιξία</strong></span> <span class='ocrx_word' id='word_1_204' title='bbox 3196 1565 3289 1614; x_wconf 81' lang='grc' dir='ltr'>καὶ</span> <span class='ocrx_word' id='word_1_205' title='bbox 3340 1565 3462 1632; x_wconf 78' lang='grc' dir='ltr'>μεθ’</span> <span class='ocrx_word' id='word_1_206' title='bbox 3509 1566 3722 1636; x_wconf 79' lang='grc' dir='ltr'>ῠόρεων</span> <span class='ocrx_word' id='word_1_207' title='bbox 3772 1570 4053 1642; x_wconf 71' lang='grc' dir='ltr'>ἀπαγωγὴ</span> 
     </span>
    </p>
   </div>
   <div class='ocr_carea' id='block_1_32' title="bbox 2480 1652 4051 1729">
    <p class='ocr_par' dir='ltr' id='par_1_32' title="bbox 2480 1652 4051 1729">
     <span class='ocr_line' id='line_1_32' title="bbox 2480 1652 4051 1729; baseline 0.007 -26"><span class='ocrx_word' id='word_1_208' title='bbox 2480 1654 2573 1703; x_wconf 77' lang='grc' dir='ltr'><strong>καὶ</strong></span> <span class='ocrx_word' id='word_1_209' title='bbox 2611 1652 2952 1721; x_wconf 66' lang='grc' dir='ltr'>ἀπόπεμψις,</span> <span class='ocrx_word' id='word_1_210' title='bbox 2989 1653 3136 1717; x_wconf 80' lang='grc' dir='ltr'>ἔδοξε</span> <span class='ocrx_word' id='word_1_211' title='bbox 3168 1654 3257 1706; x_wconf 69' lang='grc' dir='ltr'><strong>διὰ</strong></span> <span class='ocrx_word' id='word_1_212' title='bbox 3287 1655 3457 1707; x_wconf 79' lang='grc' dir='ltr'>ταῦτα</span> <span class='ocrx_word' id='word_1_213' title='bbox 3480 1661 3596 1719; x_wconf 81' lang='grc' dir='ltr'>τοῖς</span> <span class='ocrx_word' id='word_1_214' title='bbox 3633 1661 4051 1729; x_wconf 75' lang='grc' dir='ltr'><strong>στρατηγοῦσιν</strong></span> 
     </span>
    </p>
   </div>
   <div class='ocr_carea' id='block_1_33' title="bbox 2480 1744 4053 1817">
    <p class='ocr_par' dir='ltr' id='par_1_33' title="bbox 2480 1744 4053 1817">
     <span class='ocr_line' id='line_1_33' title="bbox 2480 1744 4053 1817; baseline 0.006 -21"><span class='ocrx_word' id='word_1_215' title='bbox 2480 1745 2762 1797; x_wconf 82' lang='grc' dir='ltr'>ἀνεικέναι</span> <span class='ocrx_word' id='word_1_216' title='bbox 2807 1746 2922 1807; x_wconf 88' lang='grc' dir='ltr'>τοῖς</span> <span class='ocrx_word' id='word_1_217' title='bbox 2984 1744 3332 1813; x_wconf 74' lang='grc' dir='ltr'><strong>βουλομένοις</strong></span> <span class='ocrx_word' id='word_1_218' title='bbox 3396 1747 3495 1817; x_wconf 80' lang='grc' dir='ltr'>τὴν</span> <span class='ocrx_word' id='word_1_219' title='bbox 3541 1751 3605 1801; x_wconf 80' lang='grc' dir='ltr'><strong>ἐκ</strong></span> <span class='ocrx_word' id='word_1_220' title='bbox 3670 1749 3768 1816; x_wconf 81' lang='grc' dir='ltr'>τῆς</span> <span class='ocrx_word' id='word_1_221' title='bbox 3837 1752 4053 1816; x_wconf 82' lang='grc' dir='ltr'>πόλεως</span> 
     </span>
    </p>
   </div>
   <div class='ocr_carea' id='block_1_34' title="bbox 800 1815 2499 1909">
    <p class='ocr_par' dir='ltr' id='par_1_34' title="bbox 800 1815 2499 1903">
     <span class='ocr_line' id='line_1_34' title="bbox 800 1815 2499 1903; baseline 0.001 -17"><span class='ocrx_word' id='word_1_222' title='bbox 800 1836 1063 1887; x_wconf 89' lang='lat' dir='ltr'><strong>momenti</strong></span> <span class='ocrx_word' id='word_1_223' title='bbox 1092 1835 1356 1902; x_wconf 79' lang='lat' dir='ltr'><strong>neglecta,</strong></span> <span class='ocrx_word' id='word_1_224' title='bbox 1394 1844 1488 1887; x_wconf 86' lang='lat' dir='ltr'><strong>aut</strong></span> <span class='ocrx_word' id='word_1_225' title='bbox 1536 1836 1717 1888; x_wconf 69' lang='lat' dir='ltr'><strong>filiolae</strong></span> <span class='ocrx_word' id='word_1_226' title='bbox 1762 1836 1968 1888; x_wconf 79' lang='lat' dir='ltr'><strong>nubilis</strong></span> <span class='ocrx_word' id='word_1_227' title='bbox 2026 1844 2243 1903; x_wconf 89' lang='lat' dir='ltr'><strong>raptum</strong></span> <span class='ocrx_word' id='word_1_228' title='bbox 2288 1846 2383 1889; x_wconf 87' lang='lat' dir='ltr'><strong>aut</strong></span> <span class='ocrx_word' id='word_1_229' title='bbox 2413 1815 2499 1887; x_wconf 68' lang='lat' dir='ltr'><strong>nd</strong></span> 
     </span>
    </p>
   </div>
   <div class='ocr_carea' id='block_1_35' title="bbox 2351 1815 4050 1909">
    <p class='ocr_par' dir='ltr' id='par_1_35' title="bbox 2351 1815 4050 1909">
     <span class='ocr_line' id='line_1_35' title="bbox 2351 1815 4050 1909; baseline 0.004 -22"><span class='ocrx_word' id='word_1_230' title='bbox 2351 1815 2745 1903; x_wconf 68' lang='grc' dir='ltr'>ιιθάπαρσιν.</span> <span class='ocrx_word' id='word_1_231' title='bbox 2821 1836 2978 1886; x_wconf 80' lang='grc' dir='ltr'>Κατά</span> <span class='ocrx_word' id='word_1_232' title='bbox 3044 1836 3359 1904; x_wconf 81' lang='grc' dir='ltr'>συμμορίας</span> <span class='ocrx_word' id='word_1_233' title='bbox 3431 1815 3615 1890; x_wconf 81' lang='grc' dir='ltr'>τοίνυν</span> <span class='ocrx_word' id='word_1_234' title='bbox 3696 1815 4050 1909; x_wconf 85' lang='grc' dir='ltr'>ἀγειρόμενοι</span> 
     </span>
    </p>
   </div>
   <div class='ocr_carea' id='block_1_36' title="bbox 800 1924 2377 1994">
    <p class='ocr_par' dir='ltr' id='par_1_36' title="bbox 800 1924 2377 1994">
     <span class='ocr_line' id='line_1_36' title="bbox 800 1924 2377 1994; baseline 0.001 -15"><span class='ocrx_word' id='word_1_235' title='bbox 800 1926 1086 1993; x_wconf 83' lang='lat' dir='ltr'><strong>conjugem</strong></span> <span class='ocrx_word' id='word_1_236' title='bbox 1113 1926 1391 1985; x_wconf 85' lang='lat' dir='ltr'><strong>amissam,</strong></span> <span class='ocrx_word' id='word_1_237' title='bbox 1434 1926 1525 1978; x_wconf 85' lang='lat' dir='ltr'><strong>alii</strong></span> <span class='ocrx_word' id='word_1_238' title='bbox 1573 1925 1811 1994; x_wconf 90' lang='lat' dir='ltr'><strong>denique</strong></span> <span class='ocrx_word' id='word_1_239' title='bbox 1871 1924 2017 1979; x_wconf 84' lang='lat' dir='ltr'><strong>aliud</strong></span> <span class='ocrx_word' id='word_1_240' title='bbox 2072 1926 2126 1979; x_wconf 93' lang='lat' dir='ltr'><strong>in</strong></span> <span class='ocrx_word' id='word_1_241' title='bbox 2176 1925 2377 1981; x_wconf 86' lang='lat' dir='ltr'><strong>itinere</strong></span> 
     </span>
    </p>
   </div>
   <div class='ocr_carea' id='block_1_37' title="bbox 802 2017 1086 2086">
    <p class='ocr_par' dir='ltr' id='par_1_37' title="bbox 802 2017 1086 2086">
     <span class='ocr_line' id='line_1_37' title="bbox 802 2017 1086 2086; baseline 0 -15"><span class='ocrx_word' id='word_1_242' title='bbox 802 2017 1086 2086; x_wconf 82' lang='lat' dir='ltr'><strong>lugebant.</strong></span> 
     </span>
    </p>
   </div>
   <div class='ocr_carea' id='block_1_38' title="bbox 2484 1925 4049 2002">
    <p class='ocr_par' dir='ltr' id='par_1_38' title="bbox 2484 1925 4049 2002">
     <span class='ocr_line' id='line_1_38' title="bbox 2484 1925 4049 2002; baseline 0.004 -25"><span class='ocrx_word' id='word_1_243' title='bbox 2484 1925 2737 1993; x_wconf 75' lang='grc' dir='ltr'>ἐξῄεσαν,</span> <span class='ocrx_word' id='word_1_244' title='bbox 2771 1925 2985 1992; x_wconf 77' lang='grc' dir='ltr'>ῥακίοις</span> <span class='ocrx_word' id='word_1_245' title='bbox 3036 1927 3469 1996; x_wconf 79' lang='grc' dir='ltr'>ὲσπειραμένοι,</span> <span class='ocrx_word' id='word_1_246' title='bbox 3525 1930 3768 2002; x_wconf 78' lang='grc' dir='ltr'>ἀπαστίᾳ</span> <span class='ocrx_word' id='word_1_247' title='bbox 3819 1934 4049 2000; x_wconf 77' lang='grc' dir='ltr'>ἐκτετη-</span> 
     </span>
    </p>
   </div>
   <div class='ocr_carea' id='block_1_39' title="bbox 2489 2016 4051 2095">
    <p class='ocr_par' dir='ltr' id='par_1_39' title="bbox 2489 2016 4051 2095">
     <span class='ocr_line' id='line_1_39' title="bbox 2489 2016 4051 2095; baseline 0.006 -28"><span class='ocrx_word' id='word_1_248' title='bbox 2489 2017 2705 2083; x_wconf 84' lang='grc' dir='ltr'>γμένοι,</span> <span class='ocrx_word' id='word_1_249' title='bbox 2739 2018 2827 2068; x_wconf 76' lang='grc' dir='ltr'><strong>τὸν</strong></span> <span class='ocrx_word' id='word_1_250' title='bbox 2853 2016 3038 2085; x_wconf 83' lang='grc' dir='ltr'>χρῶτα</span> <span class='ocrx_word' id='word_1_251' title='bbox 3065 2021 3392 2085; x_wconf 82' lang='grc' dir='ltr'>τραπέντες,</span> <span class='ocrx_word' id='word_1_252' title='bbox 3436 2020 3726 2089; x_wconf 78' lang='grc' dir='ltr'>νεκρώδεις</span> <span class='ocrx_word' id='word_1_253' title='bbox 3769 2028 3868 2086; x_wconf 84' lang='grc' dir='ltr'><strong>τάς</strong></span> <span class='ocrx_word' id='word_1_254' title='bbox 3896 2025 4051 2095; x_wconf 65' lang='grc' dir='ltr'>ὗψεις</span> 
     </span>
    </p>
   </div>
   <div class='ocr_carea' id='block_1_40' title="bbox 803 2111 4045 2187">
    <p class='ocr_par' dir='ltr' id='par_1_40' title="bbox 803 2111 4045 2187">
     <span class='ocr_line' id='line_1_40' title="bbox 803 2111 4045 2187; baseline 0.005 -32"><span class='ocrx_word' id='word_1_255' title='bbox 803 2117 897 2168; x_wconf 62' lang='grc' dir='ltr'><strong>καὶ</strong></span> <span class='ocrx_word' id='word_1_256' title='bbox 942 2114 1174 2184; x_wconf 68' lang='grc' dir='ltr'>ὕφαιμοι</span> <span class='ocrx_word' id='word_1_257' title='bbox 1200 2114 1325 2175; x_wconf 65' lang='grc' dir='ltr'>τοὺς</span> <span class='ocrx_word' id='word_1_258' title='bbox 1362 2113 1702 2183; x_wconf 77' lang='grc' dir='ltr'>ὀφθαλμοὺς,</span> <span class='ocrx_word' id='word_1_259' title='bbox 1736 2114 1820 2186; x_wconf 79' lang='grc' dir='ltr'><strong>[Ρ.</strong></span> <span class='ocrx_word' id='word_1_260' title='bbox 1853 2114 1982 2186; x_wconf 80' lang='lat'><strong>578]</strong></span> <span class='ocrx_word' id='word_1_261' title='bbox 2024 2115 2099 2176; x_wconf 81' lang='grc' dir='ltr'>ὡς</span> <span class='ocrx_word' id='word_1_262' title='bbox 2125 2115 2292 2167; x_wconf 84' lang='grc' dir='ltr'>πλέον</span> <span class='ocrx_word' id='word_1_263' title='bbox 2319 2112 2551 2182; x_wconf 76' lang='grc' dir='ltr'>αἴμασιν</span> <span class='ocrx_word' id='word_1_264' title='bbox 2598 2114 2742 2180; x_wconf 77' lang='grc' dir='ltr'>ἥπερ</span> <span class='ocrx_word' id='word_1_265' title='bbox 2783 2111 3015 2179; x_wconf 80' lang='grc' dir='ltr'>δάκρυσι</span> <span class='ocrx_word' id='word_1_266' title='bbox 3074 2113 3380 2176; x_wconf 76' lang='grc' dir='ltr'>κλαίοντες.</span> <span class='ocrx_word' id='word_1_267' title='bbox 3413 2117 3475 2169; x_wconf 75' lang='lat' dir='ltr'><strong>Oi</strong></span> <span class='ocrx_word' id='word_1_268' title='bbox 3512 2119 3609 2185; x_wconf 82' lang='grc' dir='ltr'>μὲν</span> <span class='ocrx_word' id='word_1_269' title='bbox 3642 2119 3753 2187; x_wconf 73' lang='grc' dir='ltr'>γὰρ</span> <span class='ocrx_word' id='word_1_270' title='bbox 3820 2119 4045 2187; x_wconf 86' lang='grc' dir='ltr'>θρήνων</span> 
     </span>
    </p>
   </div>
   <div class='ocr_carea' id='block_1_41' title="bbox 801 2197 4052 2275">
    <p class='ocr_par' dir='ltr' id='par_1_41' title="bbox 801 2197 4052 2275">
     <span class='ocr_line' id='line_1_41' title="bbox 801 2197 4052 2275; baseline 0.002 -21"><span class='ocrx_word' id='word_1_271' title='bbox 801 2205 901 2264; x_wconf 76' lang='grc' dir='ltr'>τὰς</span> <span class='ocrx_word' id='word_1_272' title='bbox 934 2204 1121 2263; x_wconf 83' lang='grc' dir='ltr'>οὐσίας</span> <span class='ocrx_word' id='word_1_273' title='bbox 1148 2199 1295 2267; x_wconf 77' lang='grc' dir='ltr'>εἶχον</span> <span class='ocrx_word' id='word_1_274' title='bbox 1324 2202 1607 2264; x_wconf 83' lang='grc' dir='ltr'>ὑπόθεσιν,</span> <span class='ocrx_word' id='word_1_275' title='bbox 1643 2205 1693 2253; x_wconf 73' lang='grc' dir='ltr'><strong>οἱ</strong></span> <span class='ocrx_word' id='word_1_276' title='bbox 1724 2203 1903 2271; x_wconf 79' lang='grc' dir='ltr'>δὲτὴν</span> <span class='ocrx_word' id='word_1_277' title='bbox 1931 2202 2139 2254; x_wconf 89' lang='grc' dir='ltr'>τούτων</span> <span class='ocrx_word' id='word_1_278' title='bbox 2184 2200 2457 2268; x_wconf 70' lang='grc' dir='ltr'>ἀποϐολὴν</span> <span class='ocrx_word' id='word_1_279' title='bbox 2500 2200 2572 2259; x_wconf 81' lang='grc' dir='ltr'>ὡς</span> <span class='ocrx_word' id='word_1_280' title='bbox 2601 2197 2755 2250; x_wconf 73' lang='grc' dir='ltr'>οὔπω</span> <span class='ocrx_word' id='word_1_281' title='bbox 2790 2198 2974 2250; x_wconf 78' lang='grc' dir='ltr'>θλίόον</span> <span class='ocrx_word' id='word_1_282' title='bbox 3009 2202 3063 2260; x_wconf 80' lang='grc' dir='ltr'><strong>ἐς</strong></span> <span class='ocrx_word' id='word_1_283' title='bbox 3110 2201 3186 2268; x_wconf 80' lang='grc' dir='ltr'>μὴ</span> <span class='ocrx_word' id='word_1_284' title='bbox 3219 2200 3378 2267; x_wconf 83' lang='grc' dir='ltr'>λόγον</span> <span class='ocrx_word' id='word_1_285' title='bbox 3410 2202 3711 2268; x_wconf 86' lang='grc' dir='ltr'>τιθέμενοι,</span> <span class='ocrx_word' id='word_1_286' title='bbox 3747 2206 3779 2275; x_wconf 78' lang='grc' dir='ltr'>ἢ</span> <span class='ocrx_word' id='word_1_287' title='bbox 3840 2207 4052 2274; x_wconf 78' lang='grc' dir='ltr'>ὡραῖον</span> 
     </span>
    </p>
   </div>
   <div class='ocr_carea' id='block_1_42' title="bbox 803 2285 4049 2359">
    <p class='ocr_par' dir='ltr' id='par_1_42' title="bbox 803 2285 4049 2359">
     <span class='ocr_line' id='line_1_42' title="bbox 803 2285 4049 2359; baseline 0.002 -18"><span class='ocrx_word' id='word_1_288' title='bbox 803 2291 981 2356; x_wconf 74' lang='grc' dir='ltr'>γάμον</span> <span class='ocrx_word' id='word_1_289' title='bbox 1021 2288 1204 2355; x_wconf 84' lang='grc' dir='ltr'>κόριον</span> <span class='ocrx_word' id='word_1_290' title='bbox 1239 2288 1583 2356; x_wconf 63' lang='grc' dir='ltr'>ὠλοφύροντο</span> <span class='ocrx_word' id='word_1_291' title='bbox 1619 2289 1872 2358; x_wconf 74' lang='grc' dir='ltr'>ἀρπαγὲν</span> <span class='ocrx_word' id='word_1_292' title='bbox 1904 2290 2054 2357; x_wconf 78' lang='grc' dir='ltr'>παρὰ</span> <span class='ocrx_word' id='word_1_293' title='bbox 2082 2304 2179 2340; x_wconf 90' lang='grc' dir='ltr'><strong>του</strong></span> <span class='ocrx_word' id='word_1_294' title='bbox 2214 2292 2311 2341; x_wconf 57' lang='grc' dir='ltr'><strong>καὶ⁵</strong></span> <span class='ocrx_word' id='word_1_295' title='bbox 2334 2285 2743 2355; x_wconf 75' lang='grc' dir='ltr'>διακορηθὲν,ἢ</span> <span class='ocrx_word' id='word_1_296' title='bbox 2779 2286 2975 2353; x_wconf 74' lang='grc' dir='ltr'>ἀλόγου</span> <span class='ocrx_word' id='word_1_297' title='bbox 3018 2290 3279 2356; x_wconf 83' lang='grc' dir='ltr'>στέρησιν</span> <span class='ocrx_word' id='word_1_298' title='bbox 3312 2290 3683 2359; x_wconf 78' lang='grc' dir='ltr'>ἀπωδύροντο,</span> <span class='ocrx_word' id='word_1_299' title='bbox 3721 2294 3814 2345; x_wconf 79' lang='grc' dir='ltr'>καὶ</span> <span class='ocrx_word' id='word_1_300' title='bbox 3877 2294 4049 2358; x_wconf 80' lang='grc' dir='ltr'>ἄλλος</span> 
     </span>
    </p>
   </div>
   <div class='ocr_carea' id='block_1_43' title="bbox 803 2374 1960 2445">
    <p class='ocr_par' dir='ltr' id='par_1_43' title="bbox 803 2374 1960 2445">
     <span class='ocr_line' id='line_1_43' title="bbox 803 2374 1960 2445; baseline -0.001 -16"><span class='ocrx_word' id='word_1_301' title='bbox 803 2377 933 2429; x_wconf 75' lang='grc' dir='ltr'>ἄλλο</span> <span class='ocrx_word' id='word_1_302' title='bbox 965 2393 1016 2427; x_wconf 81' lang='grc' dir='ltr'><strong>τι</strong></span> <span class='ocrx_word' id='word_1_303' title='bbox 1051 2374 1220 2426; x_wconf 71' lang='grc' dir='ltr'>κακὸν</span> <span class='ocrx_word' id='word_1_304' title='bbox 1253 2374 1525 2441; x_wconf 74' lang='grc' dir='ltr'>ἀνῴμωξε</span> <span class='ocrx_word' id='word_1_305' title='bbox 1564 2376 1960 2445; x_wconf 78' lang='grc' dir='ltr'>πορευόμενος.</span> 
     </span>
    </p>
   </div>
   <div class='ocr_carea' id='block_1_44' title="bbox 873 2466 2378 2536">
    <p class='ocr_par' dir='ltr' id='par_1_44' title="bbox 873 2466 2378 2536">
     <span class='ocr_line' id='line_1_44' title="bbox 873 2466 2378 2536; baseline -0.002 -16"><span class='ocrx_word' id='word_1_306' title='bbox 873 2467 927 2520; x_wconf 77' lang='grc'><strong>5.</strong></span> <span class='ocrx_word' id='word_1_307' title='bbox 973 2466 1040 2520; x_wconf 76' lang='lat' dir='ltr'><strong>Ut</strong></span> <span class='ocrx_word' id='word_1_308' title='bbox 1080 2476 1263 2519; x_wconf 87' lang='lat' dir='ltr'><strong>autem</strong></span> <span class='ocrx_word' id='word_1_309' title='bbox 1320 2466 1386 2517; x_wconf 90' lang='lat' dir='ltr'><strong>de</strong></span> <span class='ocrx_word' id='word_1_310' title='bbox 1438 2482 1526 2519; x_wconf 86' lang='lat' dir='ltr'><strong>tne</strong></span> <span class='ocrx_word' id='word_1_311' title='bbox 1585 2482 1801 2535; x_wconf 84' lang='lat' dir='ltr'><strong>quoque</strong></span> <span class='ocrx_word' id='word_1_312' title='bbox 1857 2467 2063 2536; x_wconf 88' lang='lat' dir='ltr'><strong>aliquid</strong></span> <span class='ocrx_word' id='word_1_313' title='bbox 2124 2466 2378 2527; x_wconf 81' lang='lat' dir='ltr'><strong>referam,</strong></span> 
     </span>
    </p>
   </div>
   <div class='ocr_carea' id='block_1_45' title="bbox 805 2557 2379 2616">
    <p class='ocr_par' dir='ltr' id='par_1_45' title="bbox 805 2557 2379 2616">
     <span class='ocr_line' id='line_1_45' title="bbox 805 2557 2379 2616; baseline 0.003 -5"><span class='ocrx_word' id='word_1_314' title='bbox 805 2558 960 2611; x_wconf 91' lang='lat' dir='ltr'><strong>multi</strong></span> <span class='ocrx_word' id='word_1_315' title='bbox 1003 2572 1069 2613; x_wconf 82' lang='lat' dir='ltr'><strong>ex</strong></span> <span class='ocrx_word' id='word_1_316' title='bbox 1098 2557 1464 2612; x_wconf 86' lang='lat' dir='ltr'><strong>familiaribus</strong></span> <span class='ocrx_word' id='word_1_317' title='bbox 1505 2558 1596 2613; x_wconf 93' lang='lat' dir='ltr'><strong>illo</strong></span> <span class='ocrx_word' id='word_1_318' title='bbox 1622 2559 1764 2614; x_wconf 88' lang='lat' dir='ltr'><strong>tristi</strong></span> <span class='ocrx_word' id='word_1_319' title='bbox 1806 2569 1861 2615; x_wconf 87' lang='lat' dir='ltr'><strong>et</strong></span> <span class='ocrx_word' id='word_1_320' title='bbox 1884 2575 2013 2615; x_wconf 86' lang='lat' dir='ltr'><strong>vere</strong></span> <span class='ocrx_word' id='word_1_321' title='bbox 2045 2561 2256 2615; x_wconf 86' lang='lat' dir='ltr'><strong>nefasto</strong></span> <span class='ocrx_word' id='word_1_322' title='bbox 2291 2561 2379 2616; x_wconf 87' lang='lat' dir='ltr'><strong>die</strong></span> 
     </span>
    </p>
   </div>
   <div class='ocr_carea' id='block_1_46' title="bbox 805 2650 2381 2722">
    <p class='ocr_par' dir='ltr' id='par_1_46' title="bbox 805 2650 2381 2722">
     <span class='ocr_line' id='line_1_46' title="bbox 805 2650 2381 2722; baseline 0.001 -18"><span class='ocrx_word' id='word_1_323' title='bbox 805 2650 859 2705; x_wconf 91' lang='lat' dir='ltr'><strong>in</strong></span> <span class='ocrx_word' id='word_1_324' title='bbox 891 2664 1065 2704; x_wconf 84' lang='lat' dir='ltr'><strong>meam</strong></span> <span class='ocrx_word' id='word_1_325' title='bbox 1118 2651 1340 2703; x_wconf 90' lang='lat' dir='ltr'><strong>domum</strong></span> <span class='ocrx_word' id='word_1_326' title='bbox 1402 2652 1707 2719; x_wconf 87' lang='lat' dir='ltr'><strong>porticibus</strong></span> <span class='ocrx_word' id='word_1_327' title='bbox 1761 2653 2094 2721; x_wconf 81' lang='lat' dir='ltr'><strong>impositam,</strong></span> <span class='ocrx_word' id='word_1_328' title='bbox 2156 2663 2381 2722; x_wconf 88' lang='lat' dir='ltr'><strong>propter</strong></span> 
     </span>
    </p>
   </div>
   <div class='ocr_carea' id='block_1_47' title="bbox 804 2741 2379 2812">
    <p class='ocr_par' dir='ltr' id='par_1_47' title="bbox 804 2741 2379 2812">
     <span class='ocr_line' id='line_1_47' title="bbox 804 2741 2379 2812; baseline 0.001 -18"><span class='ocrx_word' id='word_1_329' title='bbox 804 2743 1197 2795; x_wconf 85' lang='lat' dir='ltr'><strong>obscuritatem</strong></span> <span class='ocrx_word' id='word_1_330' title='bbox 1231 2741 1380 2794; x_wconf 88' lang='lat' dir='ltr'><strong>aditu</strong></span> <span class='ocrx_word' id='word_1_331' title='bbox 1409 2741 1684 2796; x_wconf 80' lang='lat' dir='ltr'><strong>diflicilcm</strong></span> <span class='ocrx_word' id='word_1_332' title='bbox 1715 2743 1861 2811; x_wconf 88' lang='lat' dir='ltr'><strong>(nam</strong></span> <span class='ocrx_word' id='word_1_333' title='bbox 1899 2744 2282 2812; x_wconf 74' lang='lat' dir='ltr'><strong>pulcherrimte</strong></span> <span class='ocrx_word' id='word_1_334' title='bbox 2327 2752 2379 2796; x_wconf 91' lang='lat' dir='ltr'><strong>et</strong></span> 
     </span>
    </p>
   </div>
   <div class='ocr_carea' id='block_1_48' title="bbox 808 2831 2379 2902">
    <p class='ocr_par' dir='ltr' id='par_1_48' title="bbox 808 2831 2379 2902">
     <span class='ocr_line' id='line_1_48' title="bbox 808 2831 2379 2902; baseline 0.001 -18"><span class='ocrx_word' id='word_1_335' title='bbox 808 2832 1162 2899; x_wconf 78' lang='lat' dir='ltr'><strong>amplissima:</strong></span> <span class='ocrx_word' id='word_1_336' title='bbox 1187 2831 1331 2883; x_wconf 74' lang='lat' dir='ltr'><strong>aedes</strong></span> <span class='ocrx_word' id='word_1_337' title='bbox 1369 2842 1567 2887; x_wconf 60' lang='lat' dir='ltr'><strong>nostrae</strong></span> <span class='ocrx_word' id='word_1_338' title='bbox 1596 2834 1648 2886; x_wconf 94' lang='lat' dir='ltr'><strong>in</strong></span> <span class='ocrx_word' id='word_1_339' title='bbox 1708 2835 2011 2902; x_wconf 76' lang='lat' dir='ltr'><strong>Sphoracio</strong></span> <span class='ocrx_word' id='word_1_340' title='bbox 2038 2834 2157 2888; x_wconf 68' lang='lat' dir='ltr'><strong>sita:</strong></span> <span class='ocrx_word' id='word_1_341' title='bbox 2204 2835 2379 2888; x_wconf 89' lang='lat' dir='ltr'><strong>altero</strong></span> 
     </span>
    </p>
   </div>
   <div class='ocr_carea' id='block_1_49' title="bbox 806 2922 2380 2993">
    <p class='ocr_par' dir='ltr' id='par_1_49' title="bbox 806 2922 2380 2993">
     <span class='ocr_line' id='line_1_49' title="bbox 806 2922 2380 2993; baseline 0.001 -20"><span class='ocrx_word' id='word_1_342' title='bbox 806 2922 1061 2975; x_wconf 86' lang='lat' dir='ltr'><strong>incendio</strong></span> <span class='ocrx_word' id='word_1_343' title='bbox 1089 2924 1409 2989; x_wconf 87' lang='lat' dir='ltr'><strong>perierant),</strong></span> <span class='ocrx_word' id='word_1_344' title='bbox 1446 2924 1825 2987; x_wconf 80' lang='lat' dir='ltr'><strong>conﬂuebant;</strong></span> <span class='ocrx_word' id='word_1_345' title='bbox 1862 2934 1918 2978; x_wconf 91' lang='lat' dir='ltr'><strong>et</strong></span> <span class='ocrx_word' id='word_1_346' title='bbox 1948 2925 2151 2993; x_wconf 86' lang='lat' dir='ltr'><strong>alioqui</strong></span> <span class='ocrx_word' id='word_1_347' title='bbox 2182 2938 2380 2991; x_wconf 76' lang='lat' dir='ltr'><strong>Oppor-</strong></span> 
     </span>
    </p>
   </div>
   <div class='ocr_carea' id='block_1_50' title="bbox 805 3012 2377 3083">
    <p class='ocr_par' dir='ltr' id='par_1_50' title="bbox 805 3012 2377 3083">
     <span class='ocr_line' id='line_1_50' title="bbox 805 3012 2377 3083; baseline 0 -18"><span class='ocrx_word' id='word_1_348' title='bbox 805 3021 973 3065; x_wconf 89' lang='lat' dir='ltr'><strong>tunus</strong></span> <span class='ocrx_word' id='word_1_349' title='bbox 1005 3023 1122 3064; x_wconf 87' lang='lat' dir='ltr'><strong>erat</strong></span> <span class='ocrx_word' id='word_1_350' title='bbox 1152 3013 1278 3066; x_wconf 85' lang='lat' dir='ltr'><strong>inde</strong></span> <span class='ocrx_word' id='word_1_351' title='bbox 1319 3012 1373 3065; x_wconf 88' lang='lat' dir='ltr'><strong>iu</strong></span> <span class='ocrx_word' id='word_1_352' title='bbox 1425 3015 1721 3066; x_wconf 81' lang='lat' dir='ltr'><strong>maximum</strong></span> <span class='ocrx_word' id='word_1_353' title='bbox 1785 3015 2049 3083; x_wconf 88' lang='lat' dir='ltr'><strong>templum</strong></span> <span class='ocrx_word' id='word_1_354' title='bbox 2098 3014 2257 3083; x_wconf 95' lang='lat'><strong>777</strong></span> <span class='ocrx_word' id='word_1_355' title='bbox 2292 3027 2377 3065; x_wconf 86' lang='lat' dir='ltr'><strong>re-</strong></span> 
     </span>
    </p>
   </div>
   <div class='ocr_carea' id='block_1_51' title="bbox 805 3104 2376 3172">
    <p class='ocr_par' dir='ltr' id='par_1_51' title="bbox 805 3104 2376 3172">
     <span class='ocr_line' id='line_1_51' title="bbox 805 3104 2376 3172; baseline -0.001 -15"><span class='ocrx_word' id='word_1_356' title='bbox 805 3114 1016 3171; x_wconf 92' lang='lat' dir='ltr'><strong>ceptus,</strong></span> <span class='ocrx_word' id='word_1_357' title='bbox 1083 3105 1169 3156; x_wconf 87' lang='lat' dir='ltr'><strong>cui</strong></span> <span class='ocrx_word' id='word_1_358' title='bbox 1204 3106 1380 3159; x_wconf 88' lang='lat' dir='ltr'><strong>vicina</strong></span> <span class='ocrx_word' id='word_1_359' title='bbox 1416 3113 1554 3159; x_wconf 85' lang='lat' dir='ltr'><strong>erat.</strong></span> <span class='ocrx_word' id='word_1_360' title='bbox 1597 3104 1700 3157; x_wconf 88' lang='lat' dir='ltr'><strong>Sed</strong></span> <span class='ocrx_word' id='word_1_361' title='bbox 1740 3106 1940 3158; x_wconf 87' lang='lat' dir='ltr'><strong>milites</strong></span> <span class='ocrx_word' id='word_1_362' title='bbox 1986 3105 2118 3157; x_wconf 91' lang='lat' dir='ltr'><strong>nihil</strong></span> <span class='ocrx_word' id='word_1_363' title='bbox 2166 3108 2376 3172; x_wconf 88' lang='lat' dir='ltr'><strong>imper-</strong></span> 
     </span>
    </p>
   </div>
   <div class='ocr_carea' id='block_1_52' title="bbox 812 3192 2379 3261">
    <p class='ocr_par' dir='ltr' id='par_1_52' title="bbox 812 3192 2379 3261">
     <span class='ocr_line' id='line_1_52' title="bbox 812 3192 2379 3261; baseline 0 -20"><span class='ocrx_word' id='word_1_364' title='bbox 812 3196 1137 3261; x_wconf 63' lang='lat' dir='ltr'><strong>vt-stigatum</strong></span> <span class='ocrx_word' id='word_1_365' title='bbox 1192 3195 1610 3260; x_wconf 78' lang='lat' dir='ltr'><strong>relinquebant;</strong></span> <span class='ocrx_word' id='word_1_366' title='bbox 1664 3207 1766 3245; x_wconf 85' lang='lat' dir='ltr'><strong>nec</strong></span> <span class='ocrx_word' id='word_1_367' title='bbox 1823 3194 1975 3244; x_wconf 89' lang='lat' dir='ltr'><strong>locus</strong></span> <span class='ocrx_word' id='word_1_368' title='bbox 2029 3192 2173 3243; x_wconf 90' lang='lat' dir='ltr'><strong>ullus</strong></span> <span class='ocrx_word' id='word_1_369' title='bbox 2224 3204 2379 3243; x_wconf 87' lang='lat' dir='ltr'><strong>sacer</strong></span> 
     </span>
    </p>
   </div>
   <div class='ocr_carea' id='block_1_53' title="bbox 808 3281 2378 3351">
    <p class='ocr_par' dir='ltr' id='par_1_53' title="bbox 808 3281 2378 3351">
     <span class='ocr_line' id='line_1_53' title="bbox 808 3281 2378 3351; baseline -0.002 -15"><span class='ocrx_word' id='word_1_370' title='bbox 808 3295 901 3337; x_wconf 79' lang='lat' dir='ltr'><strong>aut</strong></span> <span class='ocrx_word' id='word_1_371' title='bbox 929 3286 1034 3336; x_wconf 82' lang='lat' dir='ltr'><strong>situ</strong></span> <span class='ocrx_word' id='word_1_372' title='bbox 1074 3285 1324 3336; x_wconf 88' lang='lat' dir='ltr'><strong>munitus</strong></span> <span class='ocrx_word' id='word_1_373' title='bbox 1355 3284 1628 3351; x_wconf 85' lang='lat' dir='ltr'><strong>supplices</strong></span> <span class='ocrx_word' id='word_1_374' title='bbox 1652 3282 2002 3336; x_wconf 83' lang='lat' dir='ltr'><strong>defendebat.</strong></span> <span class='ocrx_word' id='word_1_375' title='bbox 2040 3281 2378 3349; x_wconf 72' lang='lat' dir='ltr'><strong>Quocumque</strong></span> 
     </span>
    </p>
   </div>
   <div class='ocr_carea' id='block_1_54' title="bbox 808 3371 2381 3439">
    <p class='ocr_par' dir='ltr' id='par_1_54' title="bbox 808 3371 2381 3439">
     <span class='ocr_line' id='line_1_54' title="bbox 808 3371 2381 3439; baseline -0.004 -12"><span class='ocrx_word' id='word_1_376' title='bbox 808 3390 1152 3434; x_wconf 87' lang='lat' dir='ltr'><strong>accurreres.</strong></span> <span class='ocrx_word' id='word_1_377' title='bbox 1183 3374 1251 3426; x_wconf 88' lang='lat' dir='ltr'><strong>ab</strong></span> <span class='ocrx_word' id='word_1_378' title='bbox 1289 3374 1543 3426; x_wconf 88' lang='lat' dir='ltr'><strong>hostibus</strong></span> <span class='ocrx_word' id='word_1_379' title='bbox 1583 3372 1914 3434; x_wconf 83' lang='lat' dir='ltr'><strong>abstractus,</strong></span> <span class='ocrx_word' id='word_1_380' title='bbox 1957 3386 2066 3439; x_wconf 89' lang='lat' dir='ltr'><strong>quo</strong></span> <span class='ocrx_word' id='word_1_381' title='bbox 2102 3371 2209 3423; x_wconf 88' lang='lat' dir='ltr'><strong>illis</strong></span> <span class='ocrx_word' id='word_1_382' title='bbox 2260 3378 2381 3422; x_wconf 86' lang='lat' dir='ltr'><strong>erat</strong></span> 
     </span>
    </p>
   </div>
   <div class='ocr_carea' id='block_1_55' title="bbox 810 3462 2378 3530">
    <p class='ocr_par' dir='ltr' id='par_1_55' title="bbox 810 3462 2378 3530">
     <span class='ocr_line' id='line_1_55' title="bbox 810 3462 2378 3530; baseline -0.005 -12"><span class='ocrx_word' id='word_1_383' title='bbox 810 3466 1069 3526; x_wconf 83' lang='lat' dir='ltr'><strong>iubttutn,</strong></span> <span class='ocrx_word' id='word_1_384' title='bbox 1101 3463 1484 3518; x_wconf 83' lang='lat' dir='ltr'><strong>abducebaris.</strong></span> <span class='ocrx_word' id='word_1_385' title='bbox 1517 3462 1663 3527; x_wconf 85' lang='lat' dir='ltr'><strong>Quas</strong></span> <span class='ocrx_word' id='word_1_386' title='bbox 1707 3462 1933 3530; x_wconf 83' lang='lat' dir='ltr'><strong>injurias</strong></span> <span class='ocrx_word' id='word_1_387' title='bbox 1959 3474 2082 3513; x_wconf 92' lang='lat' dir='ltr'><strong>cum</strong></span> <span class='ocrx_word' id='word_1_388' title='bbox 2119 3474 2378 3512; x_wconf 88' lang='lat' dir='ltr'><strong>cernere-</strong></span> 
     </span>
    </p>
   </div>
   <div class='ocr_carea' id='block_1_56' title="bbox 813 3550 2381 3623">
    <p class='ocr_par' dir='ltr' id='par_1_56' title="bbox 813 3550 2381 3623">
     <span class='ocr_line' id='line_1_56' title="bbox 813 3550 2381 3623; baseline -0.005 -14"><span class='ocrx_word' id='word_1_389' title='bbox 813 3572 955 3620; x_wconf 87' lang='lat' dir='ltr'><strong>nms,</strong></span> <span class='ocrx_word' id='word_1_390' title='bbox 985 3568 1042 3609; x_wconf 94' lang='lat' dir='ltr'><strong>ut</strong></span> <span class='ocrx_word' id='word_1_391' title='bbox 1067 3567 1283 3623; x_wconf 89' lang='lat' dir='ltr'><strong>tempus</strong></span> <span class='ocrx_word' id='word_1_392' title='bbox 1335 3554 1566 3612; x_wconf 83' lang='lat' dir='ltr'><strong>ferebat,</strong></span> <span class='ocrx_word' id='word_1_393' title='bbox 1613 3553 1780 3606; x_wconf 86' lang='lat' dir='ltr'><strong>rebus</strong></span> <span class='ocrx_word' id='word_1_394' title='bbox 1814 3557 2018 3604; x_wconf 87' lang='lat' dir='ltr'><strong>nostris</strong></span> <span class='ocrx_word' id='word_1_395' title='bbox 2056 3550 2381 3603; x_wconf 83' lang='lat' dir='ltr'><strong>consuleba-</strong></span> 
     </span>
    </p>
   </div>
   <div class='ocr_carea' id='block_1_57' title="bbox 812 3641 2383 3711">
    <p class='ocr_par' dir='ltr' id='par_1_57' title="bbox 812 3641 2383 3711">
     <span class='ocr_line' id='line_1_57' title="bbox 812 3641 2383 3711; baseline -0.006 -10"><span class='ocrx_word' id='word_1_396' title='bbox 812 3664 954 3701; x_wconf 90' lang='lat' dir='ltr'><strong>mus.</strong></span> <span class='ocrx_word' id='word_1_397' title='bbox 988 3647 1118 3701; x_wconf 84' lang='lat' dir='ltr'><strong>Erat</strong></span> <span class='ocrx_word' id='word_1_398' title='bbox 1150 3646 1282 3698; x_wconf 87' lang='lat' dir='ltr'><strong>tnihi</strong></span> <span class='ocrx_word' id='word_1_399' title='bbox 1316 3644 1600 3697; x_wconf 83' lang='lat' dir='ltr'><strong>familiaris</strong></span> <span class='ocrx_word' id='word_1_400' title='bbox 1634 3644 1854 3711; x_wconf 85' lang='lat' dir='ltr'><strong>quidam</strong></span> <span class='ocrx_word' id='word_1_401' title='bbox 1912 3652 2075 3710; x_wconf 82' lang='lat' dir='ltr'><strong>atque</strong></span> <span class='ocrx_word' id='word_1_402' title='bbox 2124 3641 2383 3695; x_wconf 84' lang='lat' dir='ltr'><strong>domesti-</strong></span> 
     </span>
    </p>
   </div>
   <div class='ocr_carea' id='block_1_58' title="bbox 809 3735 2380 3802">
    <p class='ocr_par' dir='ltr' id='par_1_58' title="bbox 809 3735 2380 3802">
     <span class='ocr_line' id='line_1_58' title="bbox 809 3735 2380 3802; baseline -0.005 -10"><span class='ocrx_word' id='word_1_403' title='bbox 809 3753 910 3792; x_wconf 89' lang='lat' dir='ltr'><strong>cus</strong></span> <span class='ocrx_word' id='word_1_404' title='bbox 946 3738 1167 3789; x_wconf 89' lang='lat' dir='ltr'><strong>natione</strong></span> <span class='ocrx_word' id='word_1_405' title='bbox 1199 3737 1459 3797; x_wconf 82' lang='lat' dir='ltr'><strong>Venetus,</strong></span> <span class='ocrx_word' id='word_1_406' title='bbox 1510 3735 1603 3802; x_wconf 92' lang='lat' dir='ltr'><strong>qui</strong></span> <span class='ocrx_word' id='word_1_407' title='bbox 1652 3735 1798 3788; x_wconf 90' lang='lat' dir='ltr'><strong>domi</strong></span> <span class='ocrx_word' id='word_1_408' title='bbox 1864 3748 1997 3786; x_wconf 72' lang='lat' dir='ltr'><strong>mea:</strong></span> <span class='ocrx_word' id='word_1_409' title='bbox 2042 3747 2165 3785; x_wconf 91' lang='lat' dir='ltr'><strong>cum</strong></span> <span class='ocrx_word' id='word_1_410' title='bbox 2212 3745 2380 3784; x_wconf 80' lang='lat' dir='ltr'><strong>uxore</strong></span> 
     </span>
    </p>
   </div>
   <div class='ocr_carea' id='block_1_59' title="bbox 810 3824 2377 3894">
    <p class='ocr_par' dir='ltr' id='par_1_59' title="bbox 810 3824 2377 3894">
     <span class='ocr_line' id='line_1_59' title="bbox 810 3824 2377 3894; baseline -0.006 -9"><span class='ocrx_word' id='word_1_411' title='bbox 810 3843 866 3885; x_wconf 84' lang='lat' dir='ltr'><strong>et</strong></span> <span class='ocrx_word' id='word_1_412' title='bbox 895 3831 1061 3884; x_wconf 87' lang='lat' dir='ltr'><strong>rebus</strong></span> <span class='ocrx_word' id='word_1_413' title='bbox 1086 3830 1199 3882; x_wconf 90' lang='lat' dir='ltr'><strong>suis</strong></span> <span class='ocrx_word' id='word_1_414' title='bbox 1229 3828 1433 3880; x_wconf 89' lang='lat' dir='ltr'><strong>victum</strong></span> <span class='ocrx_word' id='word_1_415' title='bbox 1470 3835 1759 3894; x_wconf 82' lang='lat' dir='ltr'><strong>tutumque</strong></span> <span class='ocrx_word' id='word_1_416' title='bbox 1787 3834 2064 3893; x_wconf 84' lang='lat' dir='ltr'><strong>receptum</strong></span> <span class='ocrx_word' id='word_1_417' title='bbox 2099 3824 2332 3877; x_wconf 88' lang='lat' dir='ltr'><strong>habebat</strong></span> <span class='ocrx_word' id='word_1_418' title='bbox 2361 3838 2377 3886; x_wconf 91' lang='lat'><strong>;</strong></span> 
     </span>
    </p>
   </div>
   <div class='ocr_carea' id='block_1_60' title="bbox 814 3915 2375 3987">
    <p class='ocr_par' dir='ltr' id='par_1_60' title="bbox 814 3915 2375 3987">
     <span class='ocr_line' id='line_1_60' title="bbox 814 3915 2375 3987; baseline -0.006 -13"><span class='ocrx_word' id='word_1_419' title='bbox 814 3922 859 3974; x_wconf 91' lang='lat' dir='ltr'><strong>is</strong></span> <span class='ocrx_word' id='word_1_420' title='bbox 879 3935 945 3973; x_wconf 90' lang='lat' dir='ltr'><strong>eo</strong></span> <span class='ocrx_word' id='word_1_421' title='bbox 974 3930 1218 3987; x_wconf 90' lang='lat' dir='ltr'><strong>tempore</strong></span> <span class='ocrx_word' id='word_1_422' title='bbox 1258 3918 1416 3970; x_wconf 91' lang='lat' dir='ltr'><strong>nobis</strong></span> <span class='ocrx_word' id='word_1_423' title='bbox 1448 3916 1595 3969; x_wconf 87' lang='lat' dir='ltr'><strong>utilis</strong></span> <span class='ocrx_word' id='word_1_424' title='bbox 1632 3916 1755 3969; x_wconf 85' lang='lat' dir='ltr'><strong>fuit.</strong></span> <span class='ocrx_word' id='word_1_425' title='bbox 1795 3915 1928 3969; x_wconf 83' lang='lat' dir='ltr'><strong>Nam</strong></span> <span class='ocrx_word' id='word_1_426' title='bbox 1952 3915 2119 3968; x_wconf 85' lang='lat' dir='ltr'><strong>armis</strong></span> <span class='ocrx_word' id='word_1_427' title='bbox 2142 3922 2197 3968; x_wconf 87' lang='lat' dir='ltr'><strong>et</strong></span> <span class='ocrx_word' id='word_1_428' title='bbox 2228 3915 2375 3969; x_wconf 81' lang='lat' dir='ltr'><strong>mili-</strong></span> 
     </span>
    </p>
   </div>
   <div class='ocr_carea' id='block_1_61' title="bbox 813 4007 2378 4076">
    <p class='ocr_par' dir='ltr' id='par_1_61' title="bbox 813 4007 2378 4076">
     <span class='ocr_line' id='line_1_61' title="bbox 813 4007 2378 4076; baseline -0.002 -17"><span class='ocrx_word' id='word_1_429' title='bbox 813 4012 913 4063; x_wconf 61' lang='lat' dir='ltr'><strong>tari</strong></span> <span class='ocrx_word' id='word_1_430' title='bbox 953 4009 1142 4063; x_wconf 88' lang='lat' dir='ltr'><strong>habitu</strong></span> <span class='ocrx_word' id='word_1_431' title='bbox 1202 4024 1300 4076; x_wconf 91' lang='lat' dir='ltr'><strong>pro</strong></span> <span class='ocrx_word' id='word_1_432' title='bbox 1349 4010 1674 4062; x_wconf 88' lang='lat' dir='ltr'><strong>mercatorio</strong></span> <span class='ocrx_word' id='word_1_433' title='bbox 1735 4007 1988 4075; x_wconf 87' lang='lat' dir='ltr'><strong>sumptis,</strong></span> <span class='ocrx_word' id='word_1_434' title='bbox 2048 4007 2378 4075; x_wconf 66' lang='lat' dir='ltr'><strong>praedatores</strong></span> 
     </span>
    </p>
   </div>
   <div class='ocr_carea' id='block_1_62' title="bbox 811 4096 2377 4168">
    <p class='ocr_par' dir='ltr' id='par_1_62' title="bbox 811 4096 2377 4168">
     <span class='ocr_line' id='line_1_62' title="bbox 811 4096 2377 4168; baseline -0.003 -15"><span class='ocrx_word' id='word_1_435' title='bbox 811 4100 1130 4168; x_wconf 86' lang='lat' dir='ltr'><strong>aliquandiu</strong></span> <span class='ocrx_word' id='word_1_436' title='bbox 1198 4098 1409 4152; x_wconf 89' lang='lat' dir='ltr'><strong>fortiter</strong></span> <span class='ocrx_word' id='word_1_437' title='bbox 1455 4097 1655 4152; x_wconf 68' lang='lat' dir='ltr'><strong>aedium</strong></span> <span class='ocrx_word' id='word_1_438' title='bbox 1715 4097 1964 4166; x_wconf 81' lang='lat' dir='ltr'><strong>ingressu</strong></span> <span class='ocrx_word' id='word_1_439' title='bbox 2017 4096 2269 4164; x_wconf 86' lang='lat' dir='ltr'><strong>depulit,</strong></span> <span class='ocrx_word' id='word_1_440' title='bbox 2320 4111 2377 4149; x_wconf 87' lang='lat' dir='ltr'><strong>se</strong></span> 
     </span>
    </p>
   </div>
   <div class='ocr_carea' id='block_1_63' title="bbox 760 4185 2379 4253">
    <p class='ocr_par' dir='ltr' id='par_1_63' title="bbox 760 4185 2379 4253">
     <span class='ocr_line' id='line_1_63' title="bbox 760 4185 2379 4253; baseline -0.002 -12"><span class='ocrx_word' id='word_1_441' title='bbox 760 4239 767 4247; x_wconf 89' lang='lat'><strong>,</strong></span> <span class='ocrx_word' id='word_1_442' title='bbox 813 4187 1239 4241; x_wconf 73' lang='lat' dir='ltr'><strong>commilitonem</strong></span> <span class='ocrx_word' id='word_1_443' title='bbox 1269 4201 1482 4250; x_wconf 91' lang='lat' dir='ltr'><strong>eorum,</strong></span> <span class='ocrx_word' id='word_1_444' title='bbox 1529 4196 1584 4239; x_wconf 92' lang='lat' dir='ltr'><strong>et</strong></span> <span class='ocrx_word' id='word_1_445' title='bbox 1636 4185 1781 4240; x_wconf 66' lang='lat' dir='ltr'><strong>aedes</strong></span> <span class='ocrx_word' id='word_1_446' title='bbox 1828 4201 1920 4239; x_wconf 88' lang='lat' dir='ltr'><strong>eas</strong></span> <span class='ocrx_word' id='word_1_447' title='bbox 1970 4198 2379 4253; x_wconf 69' lang='lat' dir='ltr'><strong>praaoccupasse</strong></span> 
     </span>
    </p>
   </div>
   <div class='ocr_carea' id='block_1_64' title="bbox 817 4276 2379 4345">
    <p class='ocr_par' dir='ltr' id='par_1_64' title="bbox 817 4276 2379 4345">
     <span class='ocr_line' id='line_1_64' title="bbox 817 4276 2379 4345; baseline -0.003 -16"><span class='ocrx_word' id='word_1_448' title='bbox 817 4276 1100 4339; x_wconf 74' lang='lat' dir='ltr'><strong>simulans,</strong></span> <span class='ocrx_word' id='word_1_449' title='bbox 1126 4289 1180 4330; x_wconf 89' lang='lat' dir='ltr'><strong>et</strong></span> <span class='ocrx_word' id='word_1_450' title='bbox 1217 4276 1393 4345; x_wconf 87' lang='lat' dir='ltr'><strong>patria</strong></span> <span class='ocrx_word' id='word_1_451' title='bbox 1422 4276 1608 4343; x_wconf 74' lang='lat' dir='ltr'><strong>lingua</strong></span> <span class='ocrx_word' id='word_1_452' title='bbox 1640 4291 1763 4331; x_wconf 92' lang='lat' dir='ltr'><strong>cum</strong></span> <span class='ocrx_word' id='word_1_453' title='bbox 1788 4278 1869 4329; x_wconf 89' lang='lat' dir='ltr'><strong>eis</strong></span> <span class='ocrx_word' id='word_1_454' title='bbox 1905 4291 2026 4344; x_wconf 83' lang='lat' dir='ltr'><strong>quae</strong></span> <span class='ocrx_word' id='word_1_455' title='bbox 2054 4290 2144 4329; x_wconf 92' lang='lat' dir='ltr'><strong>res</strong></span> <span class='ocrx_word' id='word_1_456' title='bbox 2190 4283 2379 4343; x_wconf 88' lang='lat' dir='ltr'><strong>postu-</strong></span> 
     </span>
    </p>
   </div>
   <div class='ocr_carea' id='block_1_65' title="bbox 818 4364 2377 4432">
    <p class='ocr_par' dir='ltr' id='par_1_65' title="bbox 818 4364 2377 4432">
     <span class='ocr_line' id='line_1_65' title="bbox 818 4364 2377 4432; baseline 0.001 -19"><span class='ocrx_word' id='word_1_457' title='bbox 818 4367 961 4418; x_wconf 84' lang='lat' dir='ltr'><strong>labat</strong></span> <span class='ocrx_word' id='word_1_458' title='bbox 1030 4365 1367 4432; x_wconf 84' lang='lat' dir='ltr'><strong>colloquens.</strong></span> <span class='ocrx_word' id='word_1_459' title='bbox 1439 4365 1574 4417; x_wconf 82' lang='lat' dir='ltr'><strong>Cum</strong></span> <span class='ocrx_word' id='word_1_460' title='bbox 1648 4374 1828 4417; x_wconf 81' lang='lat' dir='ltr'><strong>autem</strong></span> <span class='ocrx_word' id='word_1_461' title='bbox 1895 4364 2003 4417; x_wconf 85' lang='lat' dir='ltr'><strong>illis</strong></span> <span class='ocrx_word' id='word_1_462' title='bbox 2061 4365 2377 4416; x_wconf 83' lang='lat' dir='ltr'><strong>catervatim</strong></span> 
     </span>
    </p>
   </div>
   <div class='ocr_carea' id='block_1_66' title="bbox 818 4453 2517 4528">
    <p class='ocr_par' dir='ltr' id='par_1_66' title="bbox 818 4454 2517 4528">
     <span class='ocr_line' id='line_1_66' title="bbox 818 4454 2517 4528; baseline 0 -20"><span class='ocrx_word' id='word_1_463' title='bbox 818 4455 1179 4516; x_wconf 82' lang='lat' dir='ltr'><strong>irruentibus,</strong></span> <span class='ocrx_word' id='word_1_464' title='bbox 1231 4454 1459 4507; x_wconf 85' lang='lat' dir='ltr'><strong>Francis</strong></span> <span class='ocrx_word' id='word_1_465' title='bbox 1502 4456 1822 4522; x_wconf 68' lang='lat' dir='ltr'><strong>praesertim,</strong></span> <span class='ocrx_word' id='word_1_466' title='bbox 1859 4455 1975 4521; x_wconf 83' lang='lat' dir='ltr'><strong>qui,</strong></span> <span class='ocrx_word' id='word_1_467' title='bbox 2009 4454 2219 4507; x_wconf 68' lang='lat' dir='ltr'><strong>caeteris</strong></span> <span class='ocrx_word' id='word_1_468' title='bbox 2278 4468 2381 4508; x_wconf 87' lang='lat' dir='ltr'><strong>nec</strong></span> <span class='ocrx_word' id='word_1_469' title='bbox 2414 4475 2457 4528; x_wconf 79' lang='grc' dir='ltr'><strong>ι)</strong></span> <span class='ocrx_word' id='word_1_470' title='bbox 2490 4472 2517 4521; x_wconf 80' lang='grc' dir='ltr'><strong>μ</strong></span> 
     </span>
    </p>
   </div>
   <div class='ocr_carea' id='block_1_67' title="bbox 1708 4453 3407 4528">
    <p class='ocr_par' dir='ltr' id='par_1_67' title="bbox 1710 4453 3407 4528">
     <span class='ocr_line' id='line_1_67' title="bbox 1710 4453 3407 4528; baseline -0.001 -22"><span class='ocrx_word' id='word_1_471' title='bbox 1710 4456 1822 4517; x_wconf 89' lang='lat' dir='ltr'><strong>tim,</strong></span> <span class='ocrx_word' id='word_1_472' title='bbox 1859 4455 1975 4521; x_wconf 82' lang='lat' dir='ltr'><strong>qui,</strong></span> <span class='ocrx_word' id='word_1_473' title='bbox 2009 4454 2219 4507; x_wconf 68' lang='lat' dir='ltr'><strong>caeteris</strong></span> <span class='ocrx_word' id='word_1_474' title='bbox 2278 4468 2381 4508; x_wconf 86' lang='lat' dir='ltr'><strong>nec</strong></span> <span class='ocrx_word' id='word_1_475' title='bbox 2414 4475 2457 4528; x_wconf 78' lang='grc' dir='ltr'><strong>ι)</strong></span> <span class='ocrx_word' id='word_1_476' title='bbox 2490 4453 2828 4521; x_wconf 72' lang='grc' dir='ltr'>μειψάμενος</span> <span class='ocrx_word' id='word_1_477' title='bbox 2907 4455 3053 4521; x_wconf 80' lang='grc' dir='ltr'>μάλα</span> <span class='ocrx_word' id='word_1_478' title='bbox 3129 4454 3407 4522; x_wconf 75' lang='grc' dir='ltr'>ἔμϐριθῶς</span> 
     </span>
    </p>
   </div>
   <div class='ocr_carea' id='block_1_68' title="bbox 814 4540 2380 4615">
    <p class='ocr_par' dir='ltr' id='par_1_68' title="bbox 814 4540 2380 4615">
     <span class='ocr_line' id='line_1_68' title="bbox 814 4540 2380 4615; baseline -0.004 -17"><span class='ocrx_word' id='word_1_479' title='bbox 814 4544 1050 4615; x_wconf 79' lang='lat' dir='ltr'><strong>ingeniis</strong></span> <span class='ocrx_word' id='word_1_480' title='bbox 1074 4560 1174 4600; x_wconf 66' lang='lat' dir='ltr'><strong>nec</strong></span> <span class='ocrx_word' id='word_1_481' title='bbox 1204 4542 1533 4611; x_wconf 89' lang='lat' dir='ltr'><strong>corporibus</strong></span> <span class='ocrx_word' id='word_1_482' title='bbox 1574 4542 1800 4605; x_wconf 88' lang='lat' dir='ltr'><strong>similes,</strong></span> <span class='ocrx_word' id='word_1_483' title='bbox 1827 4542 1878 4593; x_wconf 90' lang='lat' dir='ltr'><strong>id</strong></span> <span class='ocrx_word' id='word_1_484' title='bbox 1913 4558 2080 4593; x_wconf 88' lang='lat' dir='ltr'><strong>unum</strong></span> <span class='ocrx_word' id='word_1_485' title='bbox 2119 4556 2176 4595; x_wconf 92' lang='lat' dir='ltr'><strong>se</strong></span> <span class='ocrx_word' id='word_1_486' title='bbox 2204 4540 2380 4593; x_wconf 86' lang='lat' dir='ltr'><strong>vereri</strong></span> 
     </span>
    </p>
   </div>
   <div class='ocr_carea' id='block_1_69' title="bbox 809 4633 2381 4707">
    <p class='ocr_par' dir='ltr' id='par_1_69' title="bbox 809 4633 2381 4707">
     <span class='ocr_line' id='line_1_69' title="bbox 809 4633 2381 4707; baseline -0.004 -17"><span class='ocrx_word' id='word_1_487' title='bbox 809 4641 1021 4707; x_wconf 84' lang='lat' dir='ltr'><strong>jactant</strong></span> <span class='ocrx_word' id='word_1_488' title='bbox 1053 4651 1121 4689; x_wconf 86' lang='lat' dir='ltr'><strong>ne</strong></span> <span class='ocrx_word' id='word_1_489' title='bbox 1146 4635 1344 4688; x_wconf 67' lang='lat' dir='ltr'><strong>cadum</strong></span> <span class='ocrx_word' id='word_1_490' title='bbox 1377 4633 1787 4693; x_wconf 89' lang='lat' dir='ltr'><strong>ruat,resistere</strong></span> <span class='ocrx_word' id='word_1_491' title='bbox 1821 4647 1929 4684; x_wconf 88' lang='lat' dir='ltr'><strong>non</strong></span> <span class='ocrx_word' id='word_1_492' title='bbox 1958 4640 2161 4699; x_wconf 89' lang='lat' dir='ltr'><strong>posset,</strong></span> <span class='ocrx_word' id='word_1_493' title='bbox 2189 4640 2381 4684; x_wconf 89' lang='lat' dir='ltr'><strong>auctor</strong></span> 
     </span>
    </p>
   </div>
   <div class='ocr_carea' id='block_1_70' title="bbox 812 4723 2383 4791">
    <p class='ocr_par' dir='ltr' id='par_1_70' title="bbox 812 4723 2383 4791">
     <span class='ocr_line' id='line_1_70' title="bbox 812 4723 2383 4791; baseline -0.006 -7"><span class='ocrx_word' id='word_1_494' title='bbox 812 4731 974 4784; x_wconf 83' lang='lat' dir='ltr'><strong>nobis</strong></span> <span class='ocrx_word' id='word_1_495' title='bbox 996 4728 1095 4781; x_wconf 88' lang='lat' dir='ltr'><strong>fuit</strong></span> <span class='ocrx_word' id='word_1_496' title='bbox 1123 4728 1246 4780; x_wconf 60' lang='lat' dir='ltr'><strong>inte</strong></span> <span class='ocrx_word' id='word_1_497' title='bbox 1278 4724 1614 4789; x_wconf 84' lang='lat' dir='ltr'><strong>discedendi,</strong></span> <span class='ocrx_word' id='word_1_498' title='bbox 1647 4739 1715 4776; x_wconf 90' lang='lat' dir='ltr'><strong>ne</strong></span> <span class='ocrx_word' id='word_1_499' title='bbox 1736 4723 1878 4791; x_wconf 88' lang='lat' dir='ltr'><strong>capti</strong></span> <span class='ocrx_word' id='word_1_500' title='bbox 1910 4738 1939 4775; x_wconf 88' lang='lat' dir='ltr'><strong>a</strong></span> <span class='ocrx_word' id='word_1_501' title='bbox 1970 4723 2226 4776; x_wconf 89' lang='lat' dir='ltr'><strong>Barbaris</strong></span> <span class='ocrx_word' id='word_1_502' title='bbox 2282 4737 2383 4775; x_wconf 91' lang='lat' dir='ltr'><strong>nos</strong></span> 
     </span>
    </p>
   </div>
   <div class='ocr_carea' id='block_1_71' title="bbox 815 4813 2383 4885">
    <p class='ocr_par' dir='ltr' id='par_1_71' title="bbox 815 4813 2383 4885">
     <span class='ocr_line' id='line_1_71' title="bbox 815 4813 2383 4885; baseline -0.006 -12"><span class='ocrx_word' id='word_1_503' title='bbox 815 4822 869 4874; x_wconf 91' lang='lat' dir='ltr'><strong>in</strong></span> <span class='ocrx_word' id='word_1_504' title='bbox 905 4819 1116 4873; x_wconf 86' lang='lat' dir='ltr'><strong>vincula</strong></span> <span class='ocrx_word' id='word_1_505' title='bbox 1149 4817 1576 4885; x_wconf 78' lang='lat' dir='ltr'><strong>conjiceremur,</strong></span> <span class='ocrx_word' id='word_1_506' title='bbox 1612 4815 1870 4867; x_wconf 87' lang='lat' dir='ltr'><strong>mulieres</strong></span> <span class='ocrx_word' id='word_1_507' title='bbox 1906 4830 2033 4867; x_wconf 85' lang='lat' dir='ltr'><strong>vero</strong></span> <span class='ocrx_word' id='word_1_508' title='bbox 2085 4813 2151 4865; x_wconf 90' lang='lat' dir='ltr'><strong>ad</strong></span> <span class='ocrx_word' id='word_1_509' title='bbox 2195 4823 2383 4880; x_wconf 90' lang='lat' dir='ltr'><strong>stupra</strong></span> 
     </span>
    </p>
   </div>
   <div class='ocr_carea' id='block_1_72' title="bbox 819 4904 2382 4977">
    <p class='ocr_par' dir='ltr' id='par_1_72' title="bbox 819 4904 2382 4977">
     <span class='ocr_line' id='line_1_72' title="bbox 819 4904 2382 4977; baseline -0.008 -11"><span class='ocrx_word' id='word_1_510' title='bbox 819 4925 874 4966; x_wconf 72' lang='lat' dir='ltr'><strong>et</strong></span> <span class='ocrx_word' id='word_1_511' title='bbox 936 4912 1217 4965; x_wconf 90' lang='lat' dir='ltr'><strong>libidinem</strong></span> <span class='ocrx_word' id='word_1_512' title='bbox 1269 4916 1621 4977; x_wconf 78' lang='lat' dir='ltr'><strong>raperentur.</strong></span> <span class='ocrx_word' id='word_1_513' title='bbox 1665 4908 1801 4959; x_wconf 74' lang='lat' dir='ltr'><strong>Cum</strong></span> <span class='ocrx_word' id='word_1_514' title='bbox 1829 4914 2010 4958; x_wconf 88' lang='lat' dir='ltr'><strong>autem</strong></span> <span class='ocrx_word' id='word_1_515' title='bbox 2062 4904 2240 4957; x_wconf 87' lang='lat' dir='ltr'><strong>bonus</strong></span> <span class='ocrx_word' id='word_1_516' title='bbox 2293 4904 2382 4955; x_wconf 93' lang='lat' dir='ltr'><strong>ille</strong></span> 
     </span>
    </p>
   </div>
   <div class='ocr_carea' id='block_1_73' title="bbox 817 4997 2383 5074">
    <p class='ocr_par' dir='ltr' id='par_1_73' title="bbox 817 4997 2383 5074">
     <span class='ocr_line' id='line_1_73' title="bbox 817 4997 2383 5074; baseline -0.004 -19"><span class='ocrx_word' id='word_1_517' title='bbox 817 5005 1027 5074; x_wconf 80' lang='lat' dir='ltr'><strong>pridem</strong></span> <span class='ocrx_word' id='word_1_518' title='bbox 1082 5002 1317 5055; x_wconf 86' lang='lat' dir='ltr'><strong>famulus</strong></span> <span class='ocrx_word' id='word_1_519' title='bbox 1368 5010 1422 5052; x_wconf 92' lang='lat' dir='ltr'><strong>et</strong></span> <span class='ocrx_word' id='word_1_520' title='bbox 1478 4998 1669 5059; x_wconf 86' lang='lat' dir='ltr'><strong>cliens,</strong></span> <span class='ocrx_word' id='word_1_521' title='bbox 1722 5007 1833 5051; x_wconf 92' lang='lat' dir='ltr'><strong>tum</strong></span> <span class='ocrx_word' id='word_1_522' title='bbox 1890 5012 2019 5050; x_wconf 89' lang='lat' dir='ltr'><strong>vero</strong></span> <span class='ocrx_word' id='word_1_523' title='bbox 2066 4997 2281 5066; x_wconf 86' lang='lat' dir='ltr'><strong>adjutor</strong></span> <span class='ocrx_word' id='word_1_524' title='bbox 2330 5005 2383 5048; x_wconf 89' lang='lat' dir='ltr'><strong>et</strong></span> 
     </span>
    </p>
   </div>
   <div class='ocr_carea' id='block_1_74' title="bbox 819 5085 2378 5158">
    <p class='ocr_par' dir='ltr' id='par_1_74' title="bbox 819 5085 2378 5158">
     <span class='ocr_line' id='line_1_74' title="bbox 819 5085 2378 5158; baseline -0.005 -13"><span class='ocrx_word' id='word_1_525' title='bbox 819 5104 1066 5158; x_wconf 88' lang='lat' dir='ltr'><strong>tempore</strong></span> <span class='ocrx_word' id='word_1_526' title='bbox 1105 5089 1338 5140; x_wconf 76' lang='lat' dir='ltr'><strong>maxime</strong></span> <span class='ocrx_word' id='word_1_527' title='bbox 1370 5087 1681 5140; x_wconf 80' lang='lat' dir='ltr'><strong>necessario</strong></span> <span class='ocrx_word' id='word_1_528' title='bbox 1710 5086 1873 5155; x_wconf 80' lang='lat'><strong>778</strong></span> <span class='ocrx_word' id='word_1_529' title='bbox 1903 5085 2158 5140; x_wconf 88' lang='lat' dir='ltr'><strong>defensor</strong></span> <span class='ocrx_word' id='word_1_530' title='bbox 2184 5100 2285 5138; x_wconf 89' lang='lat' dir='ltr'><strong>nos</strong></span> <span class='ocrx_word' id='word_1_531' title='bbox 2328 5089 2378 5137; x_wconf 88' lang='lat' dir='ltr'><strong>in</strong></span> 
     </span>
    </p>
   </div>
   <div class='ocr_carea' id='block_1_75' title="bbox 817 5175 2381 5241">
    <p class='ocr_par' dir='ltr' id='par_1_75' title="bbox 817 5175 2381 5241">
     <span class='ocr_line' id='line_1_75' title="bbox 817 5175 2381 5241; baseline -0.003 -7"><span class='ocrx_word' id='word_1_532' title='bbox 817 5183 953 5235; x_wconf 88' lang='lat' dir='ltr'><strong>alias</strong></span> <span class='ocrx_word' id='word_1_533' title='bbox 983 5180 1148 5241; x_wconf 67' lang='lat' dir='ltr'><strong>mdes,</strong></span> <span class='ocrx_word' id='word_1_534' title='bbox 1180 5178 1269 5230; x_wconf 91' lang='lat' dir='ltr'><strong>ubi</strong></span> <span class='ocrx_word' id='word_1_535' title='bbox 1306 5178 1462 5229; x_wconf 87' lang='lat' dir='ltr'><strong>nobis</strong></span> <span class='ocrx_word' id='word_1_536' title='bbox 1489 5178 1601 5230; x_wconf 92' lang='lat' dir='ltr'><strong>noti</strong></span> <span class='ocrx_word' id='word_1_537' title='bbox 1629 5175 1819 5230; x_wconf 84' lang='lat' dir='ltr'><strong>Veneti</strong></span> <span class='ocrx_word' id='word_1_538' title='bbox 1854 5178 2191 5241; x_wconf 87' lang='lat' dir='ltr'><strong>habitabant,</strong></span> <span class='ocrx_word' id='word_1_539' title='bbox 2215 5177 2381 5231; x_wconf 90' lang='lat' dir='ltr'><strong>duce-</strong></span> 
     </span>
    </p>
   </div>
   <div class='ocr_carea' id='block_1_76' title="bbox 818 5268 2383 5341">
    <p class='ocr_par' dir='ltr' id='par_1_76' title="bbox 818 5268 2383 5341">
     <span class='ocr_line' id='line_1_76' title="bbox 818 5268 2383 5341; baseline -0.003 -17"><span class='ocrx_word' id='word_1_540' title='bbox 818 5285 923 5335; x_wconf 85' lang='lat' dir='ltr'><strong>ret,</strong></span> <span class='ocrx_word' id='word_1_541' title='bbox 954 5271 1110 5341; x_wconf 81' lang='lat' dir='ltr'><strong>pauci</strong></span> <span class='ocrx_word' id='word_1_542' title='bbox 1145 5270 1305 5323; x_wconf 89' lang='lat' dir='ltr'><strong>simul</strong></span> <span class='ocrx_word' id='word_1_543' title='bbox 1348 5270 1649 5332; x_wconf 63' lang='lat' dir='ltr'><strong>eaiL-amus,</strong></span> <span class='ocrx_word' id='word_1_544' title='bbox 1699 5269 1792 5321; x_wconf 89' lang='lat' dir='ltr'><strong>illo</strong></span> <span class='ocrx_word' id='word_1_545' title='bbox 1835 5268 2086 5321; x_wconf 89' lang='lat' dir='ltr'><strong>manibus</strong></span> <span class='ocrx_word' id='word_1_546' title='bbox 2115 5283 2217 5322; x_wconf 90' lang='lat' dir='ltr'><strong>nos</strong></span> <span class='ocrx_word' id='word_1_547' title='bbox 2273 5278 2383 5322; x_wconf 88' lang='lat' dir='ltr'><strong>tra-</strong></span> 
     </span>
    </p>
   </div>
   <div class='ocr_carea' id='block_1_77' title="bbox 820 5360 2382 5430">
    <p class='ocr_par' dir='ltr' id='par_1_77' title="bbox 820 5360 2382 5430">
     <span class='ocr_line' id='line_1_77' title="bbox 820 5360 2382 5430; baseline -0.002 -14"><span class='ocrx_word' id='word_1_548' title='bbox 820 5365 984 5416; x_wconf 77' lang='lat' dir='ltr'><strong>hente</strong></span> <span class='ocrx_word' id='word_1_549' title='bbox 1032 5375 1086 5416; x_wconf 88' lang='lat' dir='ltr'><strong>et</strong></span> <span class='ocrx_word' id='word_1_550' title='bbox 1129 5372 1186 5414; x_wconf 93' lang='lat' dir='ltr'><strong>ut</strong></span> <span class='ocrx_word' id='word_1_551' title='bbox 1248 5363 1483 5430; x_wconf 64' lang='lat' dir='ltr'><strong>praedam</strong></span> <span class='ocrx_word' id='word_1_552' title='bbox 1541 5377 1692 5412; x_wconf 85' lang='lat' dir='ltr'><strong>suam</strong></span> <span class='ocrx_word' id='word_1_553' title='bbox 1747 5360 2065 5423; x_wconf 86' lang='lat' dir='ltr'><strong>comitante,</strong></span> <span class='ocrx_word' id='word_1_554' title='bbox 2096 5362 2279 5414; x_wconf 86' lang='lat' dir='ltr'><strong>tristes</strong></span> <span class='ocrx_word' id='word_1_555' title='bbox 2326 5370 2382 5416; x_wconf 90' lang='lat' dir='ltr'><strong>et</strong></span> 
     </span>
    </p>
   </div>
   <div class='ocr_carea' id='block_1_78' title="bbox 820 5453 2384 5521">
    <p class='ocr_par' dir='ltr' id='par_1_78' title="bbox 820 5453 2384 5521">
     <span class='ocr_line' id='line_1_78' title="bbox 820 5453 2384 5521; baseline -0.003 -10"><span class='ocrx_word' id='word_1_556' title='bbox 820 5470 957 5513; x_wconf 71' lang='grc' dir='ltr'>ιιιιιιι·</span> <span class='ocrx_word' id='word_1_557' title='bbox 996 5457 1189 5509; x_wconf 69' lang='lat' dir='ltr'><strong>vestiti.</strong></span> <span class='ocrx_word' id='word_1_558' title='bbox 1224 5454 1329 5510; x_wconf 62' lang='lat' dir='ltr'><strong>Sed</strong></span> <span class='ocrx_word' id='word_1_559' title='bbox 1361 5455 1448 5507; x_wconf 82' lang='lat' dir='ltr'><strong>ubi</strong></span> <span class='ocrx_word' id='word_1_560' title='bbox 1486 5454 1551 5506; x_wconf 86' lang='lat' dir='ltr'><strong>ad</strong></span> <span class='ocrx_word' id='word_1_561' title='bbox 1596 5455 1738 5507; x_wconf 87' lang='lat' dir='ltr'><strong>illam</strong></span> <span class='ocrx_word' id='word_1_562' title='bbox 1788 5454 1936 5506; x_wconf 85' lang='lat' dir='ltr'><strong>urbis</strong></span> <span class='ocrx_word' id='word_1_563' title='bbox 1973 5462 2179 5521; x_wconf 88' lang='lat' dir='ltr'><strong>partem</strong></span> <span class='ocrx_word' id='word_1_564' title='bbox 2217 5453 2384 5506; x_wconf 85' lang='lat' dir='ltr'><strong>Fran-</strong></span> 
     </span>
    </p>
   </div>
   <div class='ocr_carea' id='block_1_79' title="bbox 816 5544 2382 5613">
    <p class='ocr_par' dir='ltr' id='par_1_79' title="bbox 816 5544 2382 5613">
     <span class='ocr_line' id='line_1_79' title="bbox 816 5544 2382 5613; baseline -0.003 -12"><span class='ocrx_word' id='word_1_565' title='bbox 816 5553 892 5601; x_wconf 65' lang='grc' dir='ltr'>ιιι,</span> <span class='ocrx_word' id='word_1_566' title='bbox 928 5552 1254 5613; x_wconf 53' lang='grc' dir='ltr'>μεμιμημένη</span> <span class='ocrx_word' id='word_1_567' title='bbox 1317 5561 1505 5598; x_wconf 86' lang='lat' dir='ltr'><strong>rursus</strong></span> <span class='ocrx_word' id='word_1_568' title='bbox 1530 5545 1901 5613; x_wconf 74' lang='lat' dir='ltr'><strong>pervenimus,</strong></span> <span class='ocrx_word' id='word_1_569' title='bbox 1958 5544 2083 5596; x_wconf 87' lang='lat' dir='ltr'><strong>inde</strong></span> <span class='ocrx_word' id='word_1_570' title='bbox 2142 5545 2382 5613; x_wconf 84' lang='lat' dir='ltr'><strong>profugi—</strong></span> 
     </span>
    </p>
   </div>
   <div class='ocr_carea' id='block_1_80' title="bbox 817 5637 2383 5703">
    <p class='ocr_par' dir='ltr' id='par_1_80' title="bbox 817 5637 2383 5703">
     <span class='ocr_line' id='line_1_80' title="bbox 817 5637 2383 5703; baseline -0.004 -10"><span class='ocrx_word' id='word_1_571' title='bbox 817 5656 957 5696; x_wconf 81' lang='lat' dir='ltr'><strong>mus.</strong></span> <span class='ocrx_word' id='word_1_572' title='bbox 992 5658 1020 5693; x_wconf 78' lang='grc' dir='ltr'><strong>ιι</strong></span> <span class='ocrx_word' id='word_1_573' title='bbox 1053 5637 1274 5691; x_wconf 88' lang='lat' dir='ltr'><strong>famulis</strong></span> <span class='ocrx_word' id='word_1_574' title='bbox 1311 5638 1514 5689; x_wconf 90' lang='lat' dir='ltr'><strong>nostris</strong></span> <span class='ocrx_word' id='word_1_575' title='bbox 1551 5637 1824 5697; x_wconf 86' lang='lat' dir='ltr'><strong>omnibus,</strong></span> <span class='ocrx_word' id='word_1_576' title='bbox 1875 5637 1995 5689; x_wconf 85' lang='lat' dir='ltr'><strong>aliis</strong></span> <span class='ocrx_word' id='word_1_577' title='bbox 2030 5637 2140 5688; x_wconf 86' lang='lat' dir='ltr'><strong>alio</strong></span> <span class='ocrx_word' id='word_1_578' title='bbox 2172 5637 2383 5703; x_wconf 87' lang='lat' dir='ltr'><strong>disper-</strong></span> 
     </span>
    </p>
   </div>
   <div class='ocr_carea' id='block_1_81' title="bbox 816 5728 2379 5797">
    <p class='ocr_par' dir='ltr' id='par_1_81' title="bbox 816 5728 2379 5797">
     <span class='ocr_line' id='line_1_81' title="bbox 816 5728 2379 5797; baseline -0.006 -9"><span class='ocrx_word' id='word_1_579' title='bbox 816 5732 913 5796; x_wconf 78' lang='lat' dir='ltr'><strong>sis,</strong></span> <span class='ocrx_word' id='word_1_580' title='bbox 939 5730 1313 5784; x_wconf 87' lang='lat' dir='ltr'><strong>inhumaniter</strong></span> <span class='ocrx_word' id='word_1_581' title='bbox 1344 5729 1567 5789; x_wconf 80' lang='lat' dir='ltr'><strong>deserti,</strong></span> <span class='ocrx_word' id='word_1_582' title='bbox 1608 5728 1794 5780; x_wconf 79' lang='lat' dir='ltr'><strong>liberis</strong></span> <span class='ocrx_word' id='word_1_583' title='bbox 1827 5730 2048 5792; x_wconf 82' lang='lat' dir='ltr'><strong>nostris,</strong></span> <span class='ocrx_word' id='word_1_584' title='bbox 2106 5728 2198 5797; x_wconf 78' lang='lat' dir='ltr'><strong>qui</strong></span> <span class='ocrx_word' id='word_1_585' title='bbox 2240 5743 2379 5780; x_wconf 88' lang='lat' dir='ltr'><strong>non-</strong></span> 
     </span>
    </p>
   </div>
   <div class='ocr_carea' id='block_1_82' title="bbox 2557 2465 4051 2544">
    <p class='ocr_par' dir='ltr' id='par_1_82' title="bbox 2557 2465 4051 2544">
     <span class='ocr_line' id='line_1_82' title="bbox 2557 2465 4051 2544; baseline 0.005 -24"><span class='ocrx_word' id='word_1_586' title='bbox 2557 2465 2635 2532; x_wconf 85' lang='grc' dir='ltr'><strong>γ’.</strong></span> <span class='ocrx_word' id='word_1_587' title='bbox 2674 2466 2791 2519; x_wconf 85' lang='grc' dir='ltr'>’Ἰνα</span> <span class='ocrx_word' id='word_1_588' title='bbox 2820 2467 2876 2518; x_wconf 82' lang='grc' dir='ltr'>δὲ</span> <span class='ocrx_word' id='word_1_589' title='bbox 2906 2467 2995 2520; x_wconf 69' lang='grc' dir='ltr'>καὶ</span> <span class='ocrx_word' id='word_1_590' title='bbox 3019 2465 3089 2519; x_wconf 87' lang='grc' dir='ltr'><strong>τά</strong></span> <span class='ocrx_word' id='word_1_591' title='bbox 3133 2467 3257 2519; x_wconf 80' lang='grc' dir='ltr'>κατ’</span> <span class='ocrx_word' id='word_1_592' title='bbox 3288 2466 3388 2535; x_wconf 70' lang='grc' dir='ltr'><strong>ἐμὲ</strong></span> <span class='ocrx_word' id='word_1_593' title='bbox 3437 2471 3672 2540; x_wconf 85' lang='grc' dir='ltr'>συνείρω</span> <span class='ocrx_word' id='word_1_594' title='bbox 3702 2473 3767 2543; x_wconf 79' lang='grc' dir='ltr'>τῇ</span> <span class='ocrx_word' id='word_1_595' title='bbox 3812 2473 4051 2544; x_wconf 70' lang='grc' dir='ltr'>ἱστορίᾳ,</span> 
     </span>
    </p>
   </div>
   <div class='ocr_carea' id='block_1_83' title="bbox 2477 2558 4045 2634">
    <p class='ocr_par' dir='ltr' id='par_1_83' title="bbox 2477 2558 4045 2634">
     <span class='ocr_line' id='line_1_83' title="bbox 2477 2558 4045 2634; baseline 0.004 -22"><span class='ocrx_word' id='word_1_596' title='bbox 2477 2558 2665 2612; x_wconf 77' lang='grc' dir='ltr'>πολλοὶ</span> <span class='ocrx_word' id='word_1_597' title='bbox 2692 2558 2801 2610; x_wconf 82' lang='grc' dir='ltr'><strong>τῶν</strong></span> <span class='ocrx_word' id='word_1_598' title='bbox 2838 2558 3086 2629; x_wconf 77' lang='grc' dir='ltr'>συνήθων</span> <span class='ocrx_word' id='word_1_599' title='bbox 3117 2560 3196 2619; x_wconf 83' lang='grc' dir='ltr'>εἰς</span> <span class='ocrx_word' id='word_1_600' title='bbox 3223 2558 3425 2627; x_wconf 64' lang='grc' dir='ltr'>τούμδν</span> <span class='ocrx_word' id='word_1_601' title='bbox 3464 2562 3801 2631; x_wconf 77' lang='grc' dir='ltr'>συνέδραμον</span> <span class='ocrx_word' id='word_1_602' title='bbox 3828 2567 4045 2634; x_wconf 77' lang='grc' dir='ltr'>οἴκημα</span> 
     </span>
    </p>
   </div>
   <div class='ocr_carea' id='block_1_84' title="bbox 2475 2652 4052 2722">
    <p class='ocr_par' dir='ltr' id='par_1_84' title="bbox 2475 2652 4052 2722">
     <span class='ocr_line' id='line_1_84' title="bbox 2475 2652 4052 2722; baseline 0.013 -29"><span class='ocrx_word' id='word_1_603' title='bbox 2475 2655 2575 2722; x_wconf 78' lang='grc' dir='ltr'><strong>τῆς</strong></span> <span class='ocrx_word' id='word_1_604' title='bbox 2614 2652 2854 2721; x_wconf 71' lang='grc' dir='ltr'>στυγνῆς</span> <span class='ocrx_word' id='word_1_605' title='bbox 2896 2652 3113 2720; x_wconf 75' lang='grc' dir='ltr'>ἐκείνης</span> <span class='ocrx_word' id='word_1_606' title='bbox 3181 2652 3275 2702; x_wconf 78' lang='grc' dir='ltr'><strong>καὶ</strong></span> <span class='ocrx_word' id='word_1_607' title='bbox 3328 2653 3647 2721; x_wconf 75' lang='grc' dir='ltr'>δυσωνύμου</span> <span class='ocrx_word' id='word_1_608' title='bbox 3701 2655 3873 2718; x_wconf 67' lang='grc' dir='ltr'>ὅντως</span> <span class='ocrx_word' id='word_1_609' title='bbox 3925 2662 4052 2713; x_wconf 79' lang='grc' dir='ltr'>ἐπι-</span> 
     </span>
    </p>
   </div>
   <div class='ocr_carea' id='block_1_85' title="bbox 2484 2742 4054 2819">
    <p class='ocr_par' dir='ltr' id='par_1_85' title="bbox 2484 2742 4054 2819">
     <span class='ocr_line' id='line_1_85' title="bbox 2484 2742 4054 2819; baseline 0.004 -24"><span class='ocrx_word' id='word_1_610' title='bbox 2484 2743 2773 2812; x_wconf 78' lang='grc' dir='ltr'>φαυσάσης</span> <span class='ocrx_word' id='word_1_611' title='bbox 2836 2743 3073 2811; x_wconf 77' lang='grc' dir='ltr'>ἡμέρας,</span> <span class='ocrx_word' id='word_1_612' title='bbox 3120 2742 3398 2794; x_wconf 79' lang='grc' dir='ltr'>ὑπόστωον</span> <span class='ocrx_word' id='word_1_613' title='bbox 3440 2742 3602 2796; x_wconf 71' lang='grc' dir='ltr'>οὖσαν</span> <span class='ocrx_word' id='word_1_614' title='bbox 3652 2746 3746 2798; x_wconf 72' lang='grc' dir='ltr'><strong>καὶ</strong></span> <span class='ocrx_word' id='word_1_615' title='bbox 3802 2750 4054 2819; x_wconf 70' lang='grc' dir='ltr'>χαλεπὴν</span> 
     </span>
    </p>
   </div>
   <div class='ocr_carea' id='block_1_86' title="bbox 2484 2832 4048 2907">
    <p class='ocr_par' dir='ltr' id='par_1_86' title="bbox 2484 2832 4048 2907">
     <span class='ocr_line' id='line_1_86' title="bbox 2484 2832 4048 2907; baseline -0.001 -21"><span class='ocrx_word' id='word_1_616' title='bbox 2484 2834 2866 2904; x_wconf 71' lang='grc' dir='ltr'>προσπελάσαι</span> <span class='ocrx_word' id='word_1_617' title='bbox 2895 2835 2987 2883; x_wconf 68' lang='grc' dir='ltr'><strong>καὶ</strong></span> <span class='ocrx_word' id='word_1_618' title='bbox 3022 2832 3238 2899; x_wconf 71' lang='grc' dir='ltr'>ζοφώδη</span> <span class='ocrx_word' id='word_1_619' title='bbox 3272 2836 3369 2901; x_wconf 75' lang='grc' dir='ltr'><strong>τὴν</strong></span> <span class='ocrx_word' id='word_1_620' title='bbox 3402 2833 3639 2885; x_wconf 76' lang='grc' dir='ltr'>εἴσοδον·</span> <span class='ocrx_word' id='word_1_621' title='bbox 3682 2837 3710 2885; x_wconf 84' lang='grc' dir='ltr'><strong>ό</strong></span> <span class='ocrx_word' id='word_1_622' title='bbox 3745 2838 3853 2907; x_wconf 74' lang='grc' dir='ltr'>γὰρ</span> <span class='ocrx_word' id='word_1_623' title='bbox 3902 2838 4048 2907; x_wconf 75' lang='grc' dir='ltr'>ἅμα..</span> 
     </span>
    </p>
   </div>
   <div class='ocr_carea' id='block_1_87' title="bbox 2482 2920 4051 2997">
    <p class='ocr_par' dir='ltr' id='par_1_87' title="bbox 2482 2920 4051 2997">
     <span class='ocr_line' id='line_1_87' title="bbox 2482 2920 4051 2997; baseline 0.003 -20"><span class='ocrx_word' id='word_1_624' title='bbox 2482 2942 2573 2995; x_wconf 83' lang='grc' dir='ltr'><strong>χος</strong></span> <span class='ocrx_word' id='word_1_625' title='bbox 2599 2925 2674 2992; x_wconf 79' lang='grc' dir='ltr'><strong>τῷ</strong></span> <span class='ocrx_word' id='word_1_626' title='bbox 2706 2925 2893 2976; x_wconf 67' lang='grc' dir='ltr'>κάλλει</span> <span class='ocrx_word' id='word_1_627' title='bbox 2922 2925 3013 2973; x_wconf 74' lang='grc' dir='ltr'><strong>καὶ</strong></span> <span class='ocrx_word' id='word_1_628' title='bbox 3039 2923 3113 2989; x_wconf 79' lang='grc' dir='ltr'>τῷ</span> <span class='ocrx_word' id='word_1_629' title='bbox 3150 2923 3369 2989; x_wconf 80' lang='grc' dir='ltr'>μεγέθει</span> <span class='ocrx_word' id='word_1_630' title='bbox 3424 2925 3682 2991; x_wconf 81' lang='grc' dir='ltr'>μέγιστος</span> <span class='ocrx_word' id='word_1_631' title='bbox 3708 2920 3854 2979; x_wconf 69' lang='grc' dir='ltr'>οϊχος</span> <span class='ocrx_word' id='word_1_632' title='bbox 3885 2930 4051 2997; x_wconf 74' lang='grc' dir='ltr'>ἡμῶν</span> 
     </span>
    </p>
   </div>
   <div class='ocr_carea' id='block_1_88' title="bbox 2480 3014 4054 3086">
    <p class='ocr_par' dir='ltr' id='par_1_88' title="bbox 2480 3014 4054 3086">
     <span class='ocr_line' id='line_1_88' title="bbox 2480 3014 4054 3086; baseline -0.002 -18"><span class='ocrx_word' id='word_1_633' title='bbox 2480 3018 2538 3067; x_wconf 84' lang='grc' dir='ltr'>ὲν</span> <span class='ocrx_word' id='word_1_634' title='bbox 2568 3019 2681 3077; x_wconf 85' lang='grc' dir='ltr'>τοῖς</span> <span class='ocrx_word' id='word_1_635' title='bbox 2714 3014 3037 3081; x_wconf 80' lang='grc' dir='ltr'>Σφωρσκίου</span> <span class='ocrx_word' id='word_1_636' title='bbox 3076 3014 3357 3080; x_wconf 82' lang='grc' dir='ltr'>ἱδρυμένος</span> <span class='ocrx_word' id='word_1_637' title='bbox 3391 3015 3495 3065; x_wconf 79' lang='grc' dir='ltr'>ὑπὸ</span> <span class='ocrx_word' id='word_1_638' title='bbox 3523 3014 3618 3066; x_wconf 79' lang='grc' dir='ltr'>τοῦ</span> <span class='ocrx_word' id='word_1_639' title='bbox 3649 3016 3908 3086; x_wconf 79' lang='grc' dir='ltr'>δευτέρου</span> <span class='ocrx_word' id='word_1_640' title='bbox 3952 3038 4054 3071; x_wconf 75' lang='grc' dir='ltr'>πυ-</span> 
     </span>
    </p>
   </div>
   <div class='ocr_carea' id='block_1_89' title="bbox 2485 3100 4056 3179">
    <p class='ocr_par' dir='ltr' id='par_1_89' title="bbox 2485 3100 4056 3179">
     <span class='ocr_line' id='line_1_89' title="bbox 2485 3100 4056 3179; baseline 0.001 -20"><span class='ocrx_word' id='word_1_641' title='bbox 2485 3109 2575 3179; x_wconf 80' lang='grc' dir='ltr'><strong>ρὸς</strong></span> <span class='ocrx_word' id='word_1_642' title='bbox 2602 3108 2915 3175; x_wconf 57' lang='grc' dir='ltr'>ἡξᾶνισται.</span> <span class='ocrx_word' id='word_1_643' title='bbox 2957 3100 3064 3155; x_wconf 74' lang='grc' dir='ltr'>Ἰιν</span> <span class='ocrx_word' id='word_1_644' title='bbox 3090 3105 3144 3155; x_wconf 88' lang='grc' dir='ltr'>δὲ</span> <span class='ocrx_word' id='word_1_645' title='bbox 3191 3106 3280 3155; x_wconf 67' lang='grc' dir='ltr'>καὶ</span> <span class='ocrx_word' id='word_1_646' title='bbox 3315 3103 3490 3166; x_wconf 75' lang='grc' dir='ltr'>ἄλλως</span> <span class='ocrx_word' id='word_1_647' title='bbox 3548 3107 3801 3175; x_wconf 78' lang='grc' dir='ltr'>εὐμαρῶς</span> <span class='ocrx_word' id='word_1_648' title='bbox 3841 3110 4056 3163; x_wconf 79' lang='grc' dir='ltr'>ἐκεῖθεν</span> 
     </span>
    </p>
   </div>
   <div class='ocr_carea' id='block_1_90' title="bbox 2479 3193 4057 3266">
    <p class='ocr_par' dir='ltr' id='par_1_90' title="bbox 2479 3193 4057 3266">
     <span class='ocr_line' id='line_1_90' title="bbox 2479 3193 4057 3266; baseline -0.001 -19"><span class='ocrx_word' id='word_1_649' title='bbox 2479 3197 2557 3257; x_wconf 82' lang='grc' dir='ltr'><strong>είς</strong></span> <span class='ocrx_word' id='word_1_650' title='bbox 2586 3198 2677 3247; x_wconf 80' lang='grc' dir='ltr'>τὸν</span> <span class='ocrx_word' id='word_1_651' title='bbox 2715 3196 2975 3262; x_wconf 82' lang='grc' dir='ltr'>μέγιστον</span> <span class='ocrx_word' id='word_1_652' title='bbox 3007 3193 3249 3243; x_wconf 70' lang='grc' dir='ltr'>εἰσδῦναι</span> <span class='ocrx_word' id='word_1_653' title='bbox 3295 3195 3442 3255; x_wconf 74' lang='grc' dir='ltr'>ναὸν,</span> <span class='ocrx_word' id='word_1_654' title='bbox 3499 3194 3621 3246; x_wconf 75' lang='grc' dir='ltr'>ἐπεὶ</span> <span class='ocrx_word' id='word_1_655' title='bbox 3651 3202 3744 3248; x_wconf 71' lang='grc' dir='ltr'><strong>καὶ</strong></span> <span class='ocrx_word' id='word_1_656' title='bbox 3783 3198 3858 3264; x_wconf 84' lang='grc' dir='ltr'>τῷ</span> <span class='ocrx_word' id='word_1_657' title='bbox 3891 3202 4057 3266; x_wconf 68' lang='grc' dir='ltr'>τεμέ-</span> 
     </span>
    </p>
   </div>
   <div class='ocr_carea' id='block_1_91' title="bbox 2479 3273 4055 3349">
    <p class='ocr_par' dir='ltr' id='par_1_91' title="bbox 2479 3273 4055 3349">
     <span class='ocr_line' id='line_1_91' title="bbox 2479 3273 4055 3349; baseline 0.005 -18"><span class='ocrx_word' id='word_1_658' title='bbox 2479 3297 2559 3334; x_wconf 86' lang='grc' dir='ltr'><strong>νει</strong></span> <span class='ocrx_word' id='word_1_659' title='bbox 2604 3280 2906 3331; x_wconf 79' lang='grc' dir='ltr'>συνέκειτο.</span> <span class='ocrx_word' id='word_1_660' title='bbox 2964 3277 3106 3329; x_wconf 80' lang='grc' dir='ltr'>Ἀλλ’</span> <span class='ocrx_word' id='word_1_661' title='bbox 3155 3273 3224 3345; x_wconf 83' lang='grc' dir='ltr'><strong>ἦν</strong></span> <span class='ocrx_word' id='word_1_662' title='bbox 3267 3278 3695 3349; x_wconf 80' lang='grc' dir='ltr'>ἀνεξερεύνητον</span> <span class='ocrx_word' id='word_1_663' title='bbox 3744 3286 3895 3337; x_wconf 70' lang='grc' dir='ltr'>οὐδὲν</span> <span class='ocrx_word' id='word_1_664' title='bbox 3941 3291 4055 3349; x_wconf 80' lang='grc' dir='ltr'>τοῖς</span> 
     </span>
    </p>
   </div>
   <div class='ocr_carea' id='block_1_92' title="bbox 2485 3367 4051 3446">
    <p class='ocr_par' dir='ltr' id='par_1_92' title="bbox 2485 3367 4051 3446">
     <span class='ocr_line' id='line_1_92' title="bbox 2485 3367 4051 3446; baseline 0.004 -26"><span class='ocrx_word' id='word_1_665' title='bbox 2485 3367 2911 3436; x_wconf 81' lang='grc' dir='ltr'>στρατεύμασιν,</span> <span class='ocrx_word' id='word_1_666' title='bbox 2946 3367 3063 3418; x_wconf 73' lang='grc' dir='ltr'>οὐδὲ</span> <span class='ocrx_word' id='word_1_667' title='bbox 3094 3369 3251 3428; x_wconf 81' lang='grc' dir='ltr'>τόπος</span> <span class='ocrx_word' id='word_1_668' title='bbox 3277 3369 3479 3436; x_wconf 71' lang='grc' dir='ltr'>εὐαγής</span> <span class='ocrx_word' id='word_1_669' title='bbox 3506 3376 3598 3422; x_wconf 76' lang='grc' dir='ltr'><strong>καί</strong></span> <span class='ocrx_word' id='word_1_670' title='bbox 3630 3377 3695 3441; x_wconf 84' lang='grc' dir='ltr'>τῇ</span> <span class='ocrx_word' id='word_1_671' title='bbox 3729 3373 3874 3426; x_wconf 85' lang='grc' dir='ltr'>θέσει</span> <span class='ocrx_word' id='word_1_672' title='bbox 3904 3395 4051 3446; x_wconf 73' lang='grc' dir='ltr'>παρε-</span> 
     </span>
    </p>
   </div>
   <div class='ocr_carea' id='block_1_93' title="bbox 2480 3458 4051 3533">
    <p class='ocr_par' dir='ltr' id='par_1_93' title="bbox 2480 3458 4051 3533">
     <span class='ocr_line' id='line_1_93' title="bbox 2480 3458 4051 3533; baseline 0.005 -22"><span class='ocrx_word' id='word_1_673' title='bbox 2480 3462 2620 3527; x_wconf 80' lang='grc' dir='ltr'>έχων</span> <span class='ocrx_word' id='word_1_674' title='bbox 2697 3458 3010 3523; x_wconf 73' lang='grc' dir='ltr'>ἀσφάλειαν</span> <span class='ocrx_word' id='word_1_675' title='bbox 3053 3459 3235 3519; x_wconf 76' lang='grc' dir='ltr'>ἀσινὲς</span> <span class='ocrx_word' id='word_1_676' title='bbox 3267 3460 3451 3529; x_wconf 66' lang='grc' dir='ltr'>ἐτήρει</span> <span class='ocrx_word' id='word_1_677' title='bbox 3504 3463 3564 3513; x_wconf 74' lang='grc' dir='ltr'>τὸ</span> <span class='ocrx_word' id='word_1_678' title='bbox 3616 3468 4051 3533; x_wconf 78' lang='grc' dir='ltr'>προσρυόμενον,</span> 
     </span>
    </p>
   </div>
   <div class='ocr_carea' id='block_1_94' title="bbox 2475 3548 4053 3626">
    <p class='ocr_par' dir='ltr' id='par_1_94' title="bbox 2475 3548 4053 3626">
     <span class='ocr_line' id='line_1_94' title="bbox 2475 3548 4053 3626; baseline 0.007 -26"><span class='ocrx_word' id='word_1_679' title='bbox 2475 3552 2594 3601; x_wconf 83' lang='grc' dir='ltr'>ἀλλ’</span> <span class='ocrx_word' id='word_1_680' title='bbox 2627 3552 2733 3617; x_wconf 77' lang='grc' dir='ltr'><strong>ὅπη</strong></span> <span class='ocrx_word' id='word_1_681' title='bbox 2764 3567 2846 3611; x_wconf 88' lang='grc' dir='ltr'><strong>τις</strong></span> <span class='ocrx_word' id='word_1_682' title='bbox 2899 3548 2965 3601; x_wconf 83' lang='grc' dir='ltr'><strong>ἂν</strong></span> <span class='ocrx_word' id='word_1_683' title='bbox 3003 3550 3098 3601; x_wconf 81' lang='grc' dir='ltr'><strong>καὶ</strong></span> <span class='ocrx_word' id='word_1_684' title='bbox 3146 3550 3542 3619; x_wconf 84' lang='grc' dir='ltr'>προσέδραμεν,</span> <span class='ocrx_word' id='word_1_685' title='bbox 3594 3556 3881 3609; x_wconf 80' lang='grc' dir='ltr'>ἀπεσπᾶτο</span> <span class='ocrx_word' id='word_1_686' title='bbox 3916 3562 4053 3626; x_wconf 77' lang='grc' dir='ltr'>πρὸς</span> 
     </span>
    </p>
   </div>
   <div class='ocr_carea' id='block_1_95' title="bbox 2480 3640 4055 3717">
    <p class='ocr_par' dir='ltr' id='par_1_95' title="bbox 2480 3640 4055 3717">
     <span class='ocr_line' id='line_1_95' title="bbox 2480 3640 4055 3717; baseline 0.006 -25"><span class='ocrx_word' id='word_1_687' title='bbox 2480 3641 2591 3693; x_wconf 82' lang='grc' dir='ltr'>τῶν</span> <span class='ocrx_word' id='word_1_688' title='bbox 2620 3642 2902 3693; x_wconf 88' lang='grc' dir='ltr'>εἰσιόντων</span> <span class='ocrx_word' id='word_1_689' title='bbox 2935 3640 3052 3692; x_wconf 72' lang='grc' dir='ltr'>ἐκεῖ</span> <span class='ocrx_word' id='word_1_690' title='bbox 3082 3640 3376 3709; x_wconf 81' lang='grc' dir='ltr'>πολεμίων,</span> <span class='ocrx_word' id='word_1_691' title='bbox 3416 3644 3511 3695; x_wconf 79' lang='grc' dir='ltr'><strong>καὶ</strong></span> <span class='ocrx_word' id='word_1_692' title='bbox 3539 3643 3666 3696; x_wconf 83' lang='grc' dir='ltr'>ἔνθα</span> <span class='ocrx_word' id='word_1_693' title='bbox 3692 3648 3827 3715; x_wconf 80' lang='grc' dir='ltr'>πρὸς</span> <span class='ocrx_word' id='word_1_694' title='bbox 3851 3648 4055 3717; x_wconf 47' lang='lat' dir='ltr'><strong>ﬂuuit];</strong></span> 
     </span>
    </p>
   </div>
   <div class='ocr_carea' id='block_1_96' title="bbox 2487 3733 4050 3809">
    <p class='ocr_par' dir='ltr' id='par_1_96' title="bbox 2487 3733 4050 3809">
     <span class='ocr_line' id='line_1_96' title="bbox 2487 3733 4050 3809; baseline 0.007 -26"><span class='ocrx_word' id='word_1_695' title='bbox 2487 3734 2722 3792; x_wconf 76' lang='grc' dir='ltr'>ἐκείνοις</span> <span class='ocrx_word' id='word_1_696' title='bbox 2767 3733 3038 3800; x_wconf 85' lang='grc' dir='ltr'>ἀπήγετο.</span> <span class='ocrx_word' id='word_1_697' title='bbox 3095 3733 3263 3784; x_wconf 76' lang='grc' dir='ltr'>Ταῦθ’</span> <span class='ocrx_word' id='word_1_698' title='bbox 3328 3735 3564 3803; x_wconf 78' lang='grc' dir='ltr'>δρῶντες</span> <span class='ocrx_word' id='word_1_699' title='bbox 3601 3739 3761 3807; x_wconf 75' lang='grc' dir='ltr'>ἡμεῖς</span> <span class='ocrx_word' id='word_1_700' title='bbox 3812 3741 4050 3809; x_wconf 83' lang='grc' dir='ltr'>ἀνομού-</span> 
     </span>
    </p>
   </div>
   <div class='ocr_carea' id='block_1_97' title="bbox 2488 3823 4056 3902">
    <p class='ocr_par' dir='ltr' id='par_1_97' title="bbox 2488 3823 4056 3902">
     <span class='ocr_line' id='line_1_97' title="bbox 2488 3823 4056 3902; baseline 0.008 -28"><span class='ocrx_word' id='word_1_701' title='bbox 2488 3840 2648 3891; x_wconf 90' lang='grc' dir='ltr'>μενα,</span> <span class='ocrx_word' id='word_1_702' title='bbox 2692 3823 2767 3885; x_wconf 84' lang='grc' dir='ltr'><strong>ὡς</strong></span> <span class='ocrx_word' id='word_1_703' title='bbox 2794 3824 2859 3875; x_wconf 80' lang='grc' dir='ltr'><strong>ὲκ</strong></span> <span class='ocrx_word' id='word_1_704' title='bbox 2915 3824 3022 3875; x_wconf 86' lang='grc' dir='ltr'><strong>τῶν</strong></span> <span class='ocrx_word' id='word_1_705' title='bbox 3054 3826 3339 3889; x_wconf 85' lang='grc' dir='ltr'>παρόντων</span> <span class='ocrx_word' id='word_1_706' title='bbox 3394 3826 3640 3894; x_wconf 77' lang='grc' dir='ltr'>εἴχομεν.</span> <span class='ocrx_word' id='word_1_707' title='bbox 3682 3831 3741 3881; x_wconf 82' lang='grc' dir='ltr'>τὸ</span> <span class='ocrx_word' id='word_1_708' title='bbox 3771 3831 4056 3902; x_wconf 71' lang='grc' dir='ltr'>σύμφορον</span> 
     </span>
    </p>
   </div>
   <div class='ocr_carea' id='block_1_98' title="bbox 2485 3909 4053 3989">
    <p class='ocr_par' dir='ltr' id='par_1_98' title="bbox 2485 3909 4053 3989">
     <span class='ocr_line' id='line_1_98' title="bbox 2485 3909 4053 3989; baseline 0.009 -26"><span class='ocrx_word' id='word_1_709' title='bbox 2485 3914 2734 3981; x_wconf 82' lang='grc' dir='ltr'>μέτιμεν.</span> <span class='ocrx_word' id='word_1_710' title='bbox 2766 3909 2873 3965; x_wconf 83' lang='grc' dir='ltr'><strong>ἾΙν</strong></span> <span class='ocrx_word' id='word_1_711' title='bbox 2902 3913 2994 3965; x_wconf 75' lang='grc' dir='ltr'><strong>οὖν</strong></span> <span class='ocrx_word' id='word_1_712' title='bbox 3031 3915 3153 3983; x_wconf 76' lang='grc' dir='ltr'>ἐμοί</span> <span class='ocrx_word' id='word_1_713' title='bbox 3186 3932 3269 3974; x_wconf 87' lang='grc' dir='ltr'><strong>τις</strong></span> <span class='ocrx_word' id='word_1_714' title='bbox 3302 3915 3541 3986; x_wconf 85' lang='grc' dir='ltr'>συνήθης</span> <span class='ocrx_word' id='word_1_715' title='bbox 3572 3937 3627 3970; x_wconf 90' lang='grc' dir='ltr'><strong>τε</strong></span> <span class='ocrx_word' id='word_1_716' title='bbox 3654 3922 3747 3973; x_wconf 79' lang='grc' dir='ltr'><strong>καὶ</strong></span> <span class='ocrx_word' id='word_1_717' title='bbox 3769 3925 4053 3989; x_wconf 71' lang='grc' dir='ltr'>συνέστιος</span> 
     </span>
    </p>
   </div>
   <div class='ocr_carea' id='block_1_99' title="bbox 2481 4005 4046 4083">
    <p class='ocr_par' dir='ltr' id='par_1_99' title="bbox 2481 4005 4046 4083">
     <span class='ocr_line' id='line_1_99' title="bbox 2481 4005 4046 4083; baseline 0.009 -29"><span class='ocrx_word' id='word_1_718' title='bbox 2481 4006 2546 4055; x_wconf 84' lang='grc' dir='ltr'>ἐκ</span> <span class='ocrx_word' id='word_1_719' title='bbox 2590 4006 2681 4055; x_wconf 72' lang='grc' dir='ltr'><strong>τοῦ</strong></span> <span class='ocrx_word' id='word_1_720' title='bbox 2712 4005 2820 4057; x_wconf 82' lang='grc' dir='ltr'><strong>τῶν</strong></span> <span class='ocrx_word' id='word_1_721' title='bbox 2870 4007 3166 4059; x_wconf 76' lang='grc' dir='ltr'>Βενετίκων</span> <span class='ocrx_word' id='word_1_722' title='bbox 3225 4007 3502 4076; x_wconf 85' lang='grc' dir='ltr'>προελθὼν</span> <span class='ocrx_word' id='word_1_723' title='bbox 3559 4012 3772 4075; x_wconf 79' lang='grc' dir='ltr'>γένους,</span> <span class='ocrx_word' id='word_1_724' title='bbox 3817 4017 4046 4083; x_wconf 75' lang='grc' dir='ltr'>κομιδῆς</span> 
     </span>
    </p>
   </div>
   <div class='ocr_carea' id='block_1_100' title="bbox 2481 4093 4041 4175">
    <p class='ocr_par' dir='ltr' id='par_1_100' title="bbox 2481 4093 4041 4175">
     <span class='ocr_line' id='line_1_100' title="bbox 2481 4093 4041 4175; baseline 0.008 -32"><span class='ocrx_word' id='word_1_725' title='bbox 2481 4093 2801 4160; x_wconf 76' lang='grc' dir='ltr'>ἀξιούμενος</span> <span class='ocrx_word' id='word_1_726' title='bbox 2837 4098 2927 4146; x_wconf 77' lang='grc' dir='ltr'>καὶ</span> <span class='ocrx_word' id='word_1_727' title='bbox 2956 4094 3055 4162; x_wconf 78' lang='grc' dir='ltr'><strong>τῆς</strong></span> <span class='ocrx_word' id='word_1_728' title='bbox 3109 4097 3161 4156; x_wconf 86' lang='grc' dir='ltr'>ὲς</span> <span class='ocrx_word' id='word_1_729' title='bbox 3196 4096 3255 4146; x_wconf 83' lang='grc' dir='ltr'>τὸ</span> <span class='ocrx_word' id='word_1_730' title='bbox 3290 4096 3447 4164; x_wconf 86' lang='grc' dir='ltr'>σῶμα</span> <span class='ocrx_word' id='word_1_731' title='bbox 3495 4099 3791 4165; x_wconf 80' lang='grc' dir='ltr'>ἀσφαλείας</span> <span class='ocrx_word' id='word_1_732' title='bbox 3842 4108 4041 4175; x_wconf 75' lang='grc' dir='ltr'>κομιδῆ</span> 
     </span>
    </p>
   </div>
   <div class='ocr_carea' id='block_1_101' title="bbox 2485 4184 4049 4262">
    <p class='ocr_par' dir='ltr' id='par_1_101' title="bbox 2485 4184 4049 4262">
     <span class='ocr_line' id='line_1_101' title="bbox 2485 4184 4049 4262; baseline 0.007 -27"><span class='ocrx_word' id='word_1_733' title='bbox 2485 4184 2731 4253; x_wconf 84' lang='grc' dir='ltr'>μετέχων</span> <span class='ocrx_word' id='word_1_734' title='bbox 2767 4188 2880 4247; x_wconf 82' lang='grc' dir='ltr'>τοῖς</span> <span class='ocrx_word' id='word_1_735' title='bbox 2917 4184 3073 4236; x_wconf 82' lang='grc' dir='ltr'>οὖσιν</span> <span class='ocrx_word' id='word_1_736' title='bbox 3101 4185 3218 4254; x_wconf 71' lang='grc' dir='ltr'><strong>ἅμα</strong></span> <span class='ocrx_word' id='word_1_737' title='bbox 3247 4188 3342 4238; x_wconf 73' lang='grc' dir='ltr'><strong>καὶ</strong></span> <span class='ocrx_word' id='word_1_738' title='bbox 3372 4189 3613 4254; x_wconf 81' lang='grc' dir='ltr'>γυναικί.</span> <span class='ocrx_word' id='word_1_739' title='bbox 3656 4185 3821 4253; x_wconf 73' lang='grc' dir='ltr'>Οὗτος</span> <span class='ocrx_word' id='word_1_740' title='bbox 3853 4198 4049 4262; x_wconf 53' lang='grc' dir='ltr'>χρήσμ</span> 
     </span>
    </p>
   </div>
   <div class='ocr_carea' id='block_1_102' title="bbox 2486 4276 4049 4350">
    <p class='ocr_par' dir='ltr' id='par_1_102' title="bbox 2486 4276 4049 4350">
     <span class='ocr_line' id='line_1_102' title="bbox 2486 4276 4049 4350; baseline 0.008 -26"><span class='ocrx_word' id='word_1_741' title='bbox 2486 4290 2583 4342; x_wconf 70' lang='grc' dir='ltr'><strong>μος</strong></span> <span class='ocrx_word' id='word_1_742' title='bbox 2615 4277 2747 4342; x_wconf 82' lang='grc' dir='ltr'>ημῖν</span> <span class='ocrx_word' id='word_1_743' title='bbox 2773 4276 2830 4325; x_wconf 82' lang='grc' dir='ltr'>ὲν</span> <span class='ocrx_word' id='word_1_744' title='bbox 2862 4277 2974 4335; x_wconf 88' lang='grc' dir='ltr'>τοῖς</span> <span class='ocrx_word' id='word_1_745' title='bbox 3018 4276 3140 4327; x_wconf 88' lang='grc' dir='ltr'>τότε</span> <span class='ocrx_word' id='word_1_746' title='bbox 3185 4279 3397 4344; x_wconf 83' lang='grc' dir='ltr'>καιροῖς</span> <span class='ocrx_word' id='word_1_747' title='bbox 3434 4279 3665 4345; x_wconf 87' lang='grc' dir='ltr'>γίνεται.</span> <span class='ocrx_word' id='word_1_748' title='bbox 3717 4280 4049 4350; x_wconf 77' lang='grc' dir='ltr'>Θωρακισά-</span> 
     </span>
    </p>
   </div>
   <div class='ocr_carea' id='block_1_103' title="bbox 2486 4365 4055 4440">
    <p class='ocr_par' dir='ltr' id='par_1_103' title="bbox 2486 4365 4055 4440">
     <span class='ocr_line' id='line_1_103' title="bbox 2486 4365 4055 4440; baseline 0.006 -25"><span class='ocrx_word' id='word_1_749' title='bbox 2486 4381 2647 4431; x_wconf 87' lang='grc' dir='ltr'>μενος</span> <span class='ocrx_word' id='word_1_750' title='bbox 2679 4365 2787 4433; x_wconf 80' lang='grc' dir='ltr'>γὰρ</span> <span class='ocrx_word' id='word_1_751' title='bbox 2833 4366 2928 4417; x_wconf 79' lang='grc' dir='ltr'>καὶ</span> <span class='ocrx_word' id='word_1_752' title='bbox 2961 4365 3051 4417; x_wconf 84' lang='grc' dir='ltr'>τὸν</span> <span class='ocrx_word' id='word_1_753' title='bbox 3092 4365 3337 4433; x_wconf 76' lang='grc' dir='ltr'>ἔμπορον</span> <span class='ocrx_word' id='word_1_754' title='bbox 3368 4372 3447 4429; x_wconf 78' lang='grc' dir='ltr'>εὶς</span> <span class='ocrx_word' id='word_1_755' title='bbox 3503 4373 3843 4439; x_wconf 83' lang='grc' dir='ltr'>στρατιώτην</span> <span class='ocrx_word' id='word_1_756' title='bbox 3888 4390 4055 4440; x_wconf 76' lang='grc' dir='ltr'>μετα-</span> 
     </span>
    </p>
   </div>
   <div class='ocr_carea' id='block_1_104' title="bbox 3497 4460 4050 4525">
    <p class='ocr_par' dir='ltr' id='par_1_104' title="bbox 3497 4460 4050 4525">
     <span class='ocr_line' id='line_1_104' title="bbox 3497 4460 4050 4525; baseline 0.005 -16"><span class='ocrx_word' id='word_1_757' title='bbox 3497 4460 3834 4525; x_wconf 77' lang='grc' dir='ltr'>ἀττεκρούετο</span> <span class='ocrx_word' id='word_1_758' title='bbox 3919 4464 4050 4522; x_wconf 64' lang='grc' dir='ltr'>τοίας</span> 
     </span>
    </p>
   </div>
   <div class='ocr_carea' id='block_1_105' title="bbox 2488 4545 4053 4613">
    <p class='ocr_par' dir='ltr' id='par_1_105' title="bbox 2488 4545 4053 4613">
     <span class='ocr_line' id='line_1_105' title="bbox 2488 4545 4053 4613; baseline 0.005 -18"><span class='ocrx_word' id='word_1_759' title='bbox 2488 4545 2755 4607; x_wconf 78' lang='grc' dir='ltr'>εἰσιόντας</span> <span class='ocrx_word' id='word_1_760' title='bbox 2823 4545 2985 4613; x_wconf 89' lang='grc' dir='ltr'>μέχρι</span> <span class='ocrx_word' id='word_1_761' title='bbox 3040 4545 3184 4607; x_wconf 82' lang='grc' dir='ltr'>τινὸς</span> <span class='ocrx_word' id='word_1_762' title='bbox 3239 4546 3299 4597; x_wconf 78' lang='grc' dir='ltr'>τὸ</span> <span class='ocrx_word' id='word_1_763' title='bbox 3347 4546 3558 4613; x_wconf 77' lang='grc' dir='ltr'>οἴκημα</span> <span class='ocrx_word' id='word_1_764' title='bbox 3607 4549 3929 4613; x_wconf 82' lang='grc' dir='ltr'>σκυλευτάς,</span> <span class='ocrx_word' id='word_1_765' title='bbox 3960 4554 4053 4603; x_wconf 65' lang='grc' dir='ltr'><strong>τὶν</strong></span> 
     </span>
    </p>
   </div>
   <div class='ocr_carea' id='block_1_106' title="bbox 2488 4635 4050 4707">
    <p class='ocr_par' dir='ltr' id='par_1_106' title="bbox 2488 4635 4050 4707">
     <span class='ocr_line' id='line_1_106' title="bbox 2488 4635 4050 4707; baseline 0.003 -20"><span class='ocrx_word' id='word_1_766' title='bbox 2488 4635 2811 4703; x_wconf 79' lang='grc' dir='ltr'>συνοπλίτην</span> <span class='ocrx_word' id='word_1_767' title='bbox 2847 4636 3074 4695; x_wconf 76' lang='grc' dir='ltr'>ἐκείνοις</span> <span class='ocrx_word' id='word_1_768' title='bbox 3103 4636 3533 4703; x_wconf 86' lang='grc' dir='ltr'>ὑποκρινόμενος</span> <span class='ocrx_word' id='word_1_769' title='bbox 3570 4638 3665 4688; x_wconf 69' lang='grc' dir='ltr'>καὶ</span> <span class='ocrx_word' id='word_1_770' title='bbox 3712 4641 4050 4707; x_wconf 70' lang='grc' dir='ltr'>προειληφέ-</span> 
     </span>
    </p>
   </div>
   <div class='ocr_carea' id='block_1_107' title="bbox 2485 4726 4057 4797">
    <p class='ocr_par' dir='ltr' id='par_1_107' title="bbox 2485 4726 4057 4797">
     <span class='ocr_line' id='line_1_107' title="bbox 2485 4726 4057 4797; baseline 0.003 -19"><span class='ocrx_word' id='word_1_771' title='bbox 2485 4745 2571 4778; x_wconf 82' lang='grc' dir='ltr'><strong>ναι</strong></span> <span class='ocrx_word' id='word_1_772' title='bbox 2632 4729 2732 4794; x_wconf 85' lang='grc' dir='ltr'><strong>τὴν</strong></span> <span class='ocrx_word' id='word_1_773' title='bbox 2781 4726 2960 4777; x_wconf 78' lang='grc' dir='ltr'>οἰκίαν</span> <span class='ocrx_word' id='word_1_774' title='bbox 3021 4726 3518 4794; x_wconf 76' lang='grc' dir='ltr'>σχηματιζόμενος,</span> <span class='ocrx_word' id='word_1_775' title='bbox 3584 4730 4057 4797; x_wconf 68' lang='grc' dir='ltr'>συμεαρὸαρίζων</span> 
     </span>
    </p>
   </div>
   <div class='ocr_carea' id='block_1_108' title="bbox 2487 4814 4052 4886">
    <p class='ocr_par' dir='ltr' id='par_1_108' title="bbox 2487 4814 4052 4886">
     <span class='ocr_line' id='line_1_108' title="bbox 2487 4814 4052 4886; baseline 0.001 -17"><span class='ocrx_word' id='word_1_776' title='bbox 2487 4817 2602 4884; x_wconf 74' lang='grc' dir='ltr'>ἅμα</span> <span class='ocrx_word' id='word_1_777' title='bbox 2631 4815 2782 4883; x_wconf 85' lang='grc' dir='ltr'>σφίσι</span> <span class='ocrx_word' id='word_1_778' title='bbox 2817 4814 2913 4867; x_wconf 76' lang='grc' dir='ltr'><strong>καὶ</strong></span> <span class='ocrx_word' id='word_1_779' title='bbox 2938 4814 3004 4868; x_wconf 88' lang='grc' dir='ltr'><strong>τά</strong></span> <span class='ocrx_word' id='word_1_780' title='bbox 3032 4817 3214 4867; x_wconf 70' lang='grc' dir='ltr'>εἰκότα</span> <span class='ocrx_word' id='word_1_781' title='bbox 3241 4815 3643 4884; x_wconf 87' lang='grc' dir='ltr'>διαλεγόμενος.</span> <span class='ocrx_word' id='word_1_782' title='bbox 3681 4816 3766 4880; x_wconf 82' lang='grc' dir='ltr'>Ὠς</span> <span class='ocrx_word' id='word_1_783' title='bbox 3786 4820 3841 4870; x_wconf 79' lang='grc' dir='ltr'>δὲ</span> <span class='ocrx_word' id='word_1_784' title='bbox 3865 4821 3915 4869; x_wconf 74' lang='grc' dir='ltr'>οἱ</span> <span class='ocrx_word' id='word_1_785' title='bbox 3949 4821 4052 4886; x_wconf 62' lang='grc' dir='ltr'><strong>μὲν</strong></span> 
     </span>
    </p>
   </div>
   <div class='ocr_carea' id='block_1_109' title="bbox 2486 4902 4051 4975">
    <p class='ocr_par' dir='ltr' id='par_1_109' title="bbox 2486 4902 4051 4975">
     <span class='ocr_line' id='line_1_109' title="bbox 2486 4902 4051 4975; baseline 0.003 -19"><span class='ocrx_word' id='word_1_786' title='bbox 2486 4907 2631 4956; x_wconf 85' lang='grc' dir='ltr'>κατά</span> <span class='ocrx_word' id='word_1_787' title='bbox 2671 4902 2877 4971; x_wconf 76' lang='grc' dir='ltr'>πλῆθος</span> <span class='ocrx_word' id='word_1_788' title='bbox 2919 4904 3220 4973; x_wconf 78' lang='grc' dir='ltr'>εἰσέρῤεον,</span> <span class='ocrx_word' id='word_1_789' title='bbox 3278 4905 3305 4953; x_wconf 86' lang='grc' dir='ltr'><strong>ό</strong></span> <span class='ocrx_word' id='word_1_790' title='bbox 3350 4903 3395 4953; x_wconf 89' lang='grc' dir='ltr'>δ’</span> <span class='ocrx_word' id='word_1_791' title='bbox 3450 4906 3698 4971; x_wconf 82' lang='grc' dir='ltr'>ἀντέχειν</span> <span class='ocrx_word' id='word_1_792' title='bbox 3752 4907 4051 4975; x_wconf 64' lang='grc' dir='ltr'>ἀπείρηκε,</span> 
     </span>
    </p>
   </div>
   <div class='ocr_carea' id='block_1_110' title="bbox 2487 4993 4050 5062">
    <p class='ocr_par' dir='ltr' id='par_1_110' title="bbox 2487 4993 4050 5062">
     <span class='ocr_line' id='line_1_110' title="bbox 2487 4993 4050 5062; baseline -0.003 -13"><span class='ocrx_word' id='word_1_793' title='bbox 2487 4999 2582 5049; x_wconf 82' lang='grc' dir='ltr'><strong>καὶ</strong></span> <span class='ocrx_word' id='word_1_794' title='bbox 2624 4996 2859 5060; x_wconf 85' lang='grc' dir='ltr'>μάλιστα</span> <span class='ocrx_word' id='word_1_795' title='bbox 2916 4994 3045 5055; x_wconf 83' lang='grc' dir='ltr'>τοὺς</span> <span class='ocrx_word' id='word_1_796' title='bbox 3090 4996 3151 5044; x_wconf 78' lang='grc' dir='ltr'>ἐκ</span> <span class='ocrx_word' id='word_1_797' title='bbox 3197 4993 3305 5045; x_wconf 81' lang='grc' dir='ltr'><strong>τῶν</strong></span> <span class='ocrx_word' id='word_1_798' title='bbox 3352 4995 3715 5062; x_wconf 82' lang='grc' dir='ltr'>Φραγκίσκων</span> <span class='ocrx_word' id='word_1_799' title='bbox 3754 4996 4050 5057; x_wconf 67' lang='grc' dir='ltr'>εἰσιόντλς,</span> 
     </span>
    </p>
   </div>
   <div class='ocr_carea' id='block_1_111' title="bbox 2489 5086 4053 5158">
    <p class='ocr_par' dir='ltr' id='par_1_111' title="bbox 2489 5086 4053 5158">
     <span class='ocr_line' id='line_1_111' title="bbox 2489 5086 4053 5158; baseline -0.001 -20"><span class='ocrx_word' id='word_1_800' title='bbox 2489 5089 2565 5158; x_wconf 82' lang='grc' dir='ltr'>μὴ</span> <span class='ocrx_word' id='word_1_801' title='bbox 2594 5089 2703 5148; x_wconf 89' lang='grc' dir='ltr'>τοῖς</span> <span class='ocrx_word' id='word_1_802' title='bbox 2731 5086 2910 5147; x_wconf 85' lang='grc' dir='ltr'>ἀλλοις</span> <span class='ocrx_word' id='word_1_803' title='bbox 2939 5086 3098 5148; x_wconf 77' lang='grc' dir='ltr'>ὄντας</span> <span class='ocrx_word' id='word_1_804' title='bbox 3123 5086 3542 5152; x_wconf 75' lang='grc' dir='ltr'>παραπλησίους</span> <span class='ocrx_word' id='word_1_805' title='bbox 3577 5086 3670 5137; x_wconf 71' lang='grc' dir='ltr'>καὶ</span> <span class='ocrx_word' id='word_1_806' title='bbox 3703 5089 3800 5147; x_wconf 70' lang='grc' dir='ltr'><strong>τὰς</strong></span> <span class='ocrx_word' id='word_1_807' title='bbox 3824 5087 4053 5154; x_wconf 76' lang='grc' dir='ltr'>γνώμας</span> 
     </span>
    </p>
   </div>
   <div class='ocr_carea' id='block_1_112' title="bbox 2486 5175 4053 5245">
    <p class='ocr_par' dir='ltr' id='par_1_112' title="bbox 2486 5175 4053 5245">
     <span class='ocr_line' id='line_1_112' title="bbox 2486 5175 4053 5245; baseline -0.002 -16"><span class='ocrx_word' id='word_1_808' title='bbox 2486 5180 2581 5229; x_wconf 75' lang='grc' dir='ltr'><strong>καὶ</strong></span> <span class='ocrx_word' id='word_1_809' title='bbox 2620 5181 2687 5229; x_wconf 90' lang='grc' dir='ltr'><strong>τά</strong></span> <span class='ocrx_word' id='word_1_810' title='bbox 2721 5176 2972 5245; x_wconf 84' lang='grc' dir='ltr'>σώματα,</span> <span class='ocrx_word' id='word_1_811' title='bbox 3008 5176 3166 5244; x_wconf 86' lang='grc' dir='ltr'>μόνον</span> <span class='ocrx_word' id='word_1_812' title='bbox 3201 5176 3256 5227; x_wconf 85' lang='grc' dir='ltr'>δὲ</span> <span class='ocrx_word' id='word_1_813' title='bbox 3275 5176 3361 5226; x_wconf 85' lang='grc' dir='ltr'>τὺν</span> <span class='ocrx_word' id='word_1_814' title='bbox 3381 5175 3607 5244; x_wconf 75' lang='grc' dir='ltr'>οὐρανὸν</span> <span class='ocrx_word' id='word_1_815' title='bbox 3636 5176 3864 5229; x_wconf 84' lang='grc' dir='ltr'>δεδιέναι</span> <span class='ocrx_word' id='word_1_816' title='bbox 3909 5196 4053 5244; x_wconf 61' lang='grc' dir='ltr'>κομ-</span> 
     </span>
    </p>
   </div>
   <div class='ocr_carea' id='block_1_113' title="bbox 2487 5266 4052 5337">
    <p class='ocr_par' dir='ltr' id='par_1_113' title="bbox 2487 5266 4052 5337">
     <span class='ocr_line' id='line_1_113' title="bbox 2487 5266 4052 5337; baseline -0.002 -17"><span class='ocrx_word' id='word_1_817' title='bbox 2487 5269 2760 5331; x_wconf 76' lang='grc' dir='ltr'>πάζοντας</span> <span class='ocrx_word' id='word_1_818' title='bbox 2805 5269 2878 5335; x_wconf 80' lang='grc' dir='ltr'>μὴ</span> <span class='ocrx_word' id='word_1_819' title='bbox 2936 5269 3020 5337; x_wconf 83' lang='grc' dir='ltr'><strong>εῐη</strong></span> <span class='ocrx_word' id='word_1_820' title='bbox 3082 5266 3264 5333; x_wconf 73' lang='grc' dir='ltr'>σφίσιν</span> <span class='ocrx_word' id='word_1_821' title='bbox 3325 5267 3643 5331; x_wconf 82' lang='grc' dir='ltr'>ἐπιπεσὼν,</span> <span class='ocrx_word' id='word_1_822' title='bbox 3712 5270 4052 5334; x_wconf 74' lang='grc' dir='ltr'>μεταχωρεῖν</span> 
     </span>
    </p>
   </div>
   <div class='ocr_carea' id='block_1_114' title="bbox 2488 5356 4054 5430">
    <p class='ocr_par' dir='ltr' id='par_1_114' title="bbox 2488 5356 4054 5430">
     <span class='ocr_line' id='line_1_114' title="bbox 2488 5356 4054 5430; baseline -0.002 -17"><span class='ocrx_word' id='word_1_823' title='bbox 2488 5364 2698 5413; x_wconf 72' lang='grc' dir='ltr'>ἐκεῖθεν</span> <span class='ocrx_word' id='word_1_824' title='bbox 2731 5362 2861 5430; x_wconf 77' lang='grc' dir='ltr'><strong>ἡμῖν</strong></span> <span class='ocrx_word' id='word_1_825' title='bbox 2909 5358 3254 5425; x_wconf 66' lang='grc' dir='ltr'>ὑποτίθησιν,</span> <span class='ocrx_word' id='word_1_826' title='bbox 3289 5358 3373 5409; x_wconf 83' lang='grc' dir='ltr'>ἵνα</span> <span class='ocrx_word' id='word_1_827' title='bbox 3410 5359 3486 5427; x_wconf 76' lang='grc' dir='ltr'>μὴ</span> <span class='ocrx_word' id='word_1_828' title='bbox 3525 5356 3659 5425; x_wconf 82' lang='grc' dir='ltr'>πρὸς</span> <span class='ocrx_word' id='word_1_829' title='bbox 3691 5360 3802 5420; x_wconf 89' lang='grc' dir='ltr'>τοῖς</span> <span class='ocrx_word' id='word_1_830' title='bbox 3831 5359 4054 5425; x_wconf 68' lang='grc' dir='ltr'>Βλρόἀ-</span> 
     </span>
    </p>
   </div>
   <div class='ocr_carea' id='block_1_115' title="bbox 2493 5448 4056 5520">
    <p class='ocr_par' dir='ltr' id='par_1_115' title="bbox 2493 5448 4056 5520">
     <span class='ocr_line' id='line_1_115' title="bbox 2493 5448 4056 5520; baseline -0.001 -18"><span class='ocrx_word' id='word_1_831' title='bbox 2493 5470 2603 5520; x_wconf 78' lang='grc' dir='ltr'>ροις</span> <span class='ocrx_word' id='word_1_832' title='bbox 2629 5450 2909 5517; x_wconf 88' lang='grc' dir='ltr'>γενόμενοι</span> <span class='ocrx_word' id='word_1_833' title='bbox 2950 5451 3006 5500; x_wconf 85' lang='grc' dir='ltr'><strong>ὲν</strong></span> <span class='ocrx_word' id='word_1_834' title='bbox 3051 5449 3150 5517; x_wconf 81' lang='grc' dir='ltr'><strong>μὲν</strong></span> <span class='ocrx_word' id='word_1_835' title='bbox 3184 5449 3403 5517; x_wconf 85' lang='grc' dir='ltr'>δεσμοῖς</span> <span class='ocrx_word' id='word_1_836' title='bbox 3435 5449 3483 5499; x_wconf 85' lang='grc' dir='ltr'>οἱ</span> <span class='ocrx_word' id='word_1_837' title='bbox 3539 5448 3729 5516; x_wconf 79' lang='grc' dir='ltr'>ἄνδρες</span> <span class='ocrx_word' id='word_1_838' title='bbox 3761 5451 3925 5517; x_wconf 79' lang='grc' dir='ltr'>ἡμεῖς</span> <span class='ocrx_word' id='word_1_839' title='bbox 3965 5452 4056 5503; x_wconf 54' lang='lat' dir='ltr'><strong>eis</strong></span> 
     </span>
    </p>
   </div>
   <div class='ocr_carea' id='block_1_116' title="bbox 2486 5538 4055 5611">
    <p class='ocr_par' dir='ltr' id='par_1_116' title="bbox 2486 5538 4055 5611">
     <span class='ocr_line' id='line_1_116' title="bbox 2486 5538 4055 5611; baseline -0.002 -18"><span class='ocrx_word' id='word_1_840' title='bbox 2486 5544 2745 5611; x_wconf 79' lang='grc' dir='ltr'>χρήματα</span> <span class='ocrx_word' id='word_1_841' title='bbox 2771 5543 2982 5609; x_wconf 83' lang='grc' dir='ltr'>εἴημεν,</span> <span class='ocrx_word' id='word_1_842' title='bbox 3015 5542 3068 5591; x_wconf 77' lang='grc' dir='ltr'>αὶ</span> <span class='ocrx_word' id='word_1_843' title='bbox 3096 5541 3147 5591; x_wconf 73' lang='grc' dir='ltr'>δὲ</span> <span class='ocrx_word' id='word_1_844' title='bbox 3174 5543 3430 5606; x_wconf 76' lang='grc' dir='ltr'>γυναῖκες</span> <span class='ocrx_word' id='word_1_845' title='bbox 3470 5539 3526 5590; x_wconf 81' lang='grc' dir='ltr'><strong>ὲν</strong></span> <span class='ocrx_word' id='word_1_846' title='bbox 3569 5538 3758 5607; x_wconf 70' lang='grc' dir='ltr'>ὕϐρεσι</span> <span class='ocrx_word' id='word_1_847' title='bbox 3789 5541 3880 5590; x_wconf 76' lang='grc' dir='ltr'>καὶ</span> <span class='ocrx_word' id='word_1_848' title='bbox 3917 5541 4055 5591; x_wconf 79' lang='grc' dir='ltr'>ἀσε-</span> 
     </span>
    </p>
   </div>
   <div class='ocr_carea' id='block_1_117' title="bbox 2490 5629 4057 5701">
    <p class='ocr_par' dir='ltr' id='par_1_117' title="bbox 2490 5629 4057 5701">
     <span class='ocr_line' id='line_1_117' title="bbox 2490 5629 4057 5701; baseline -0.004 -14"><span class='ocrx_word' id='word_1_849' title='bbox 2490 5653 2641 5701; x_wconf 82' lang='grc' dir='ltr'>μνοις</span> <span class='ocrx_word' id='word_1_850' title='bbox 2695 5634 3038 5699; x_wconf 74' lang='grc' dir='ltr'>ἀπαγωγαῖς.</span> <span class='ocrx_word' id='word_1_851' title='bbox 3084 5630 3188 5681; x_wconf 83' lang='grc' dir='ltr'><strong>’1ὀῦ</strong></span> <span class='ocrx_word' id='word_1_852' title='bbox 3222 5629 3459 5699; x_wconf 73' lang='grc' dir='ltr'>χρηστοῦ</span> <span class='ocrx_word' id='word_1_853' title='bbox 3504 5630 3686 5681; x_wconf 80' lang='grc' dir='ltr'>τοίνυν</span> <span class='ocrx_word' id='word_1_854' title='bbox 3718 5631 3929 5679; x_wconf 76' lang='grc' dir='ltr'>ἐκείνου</span> <span class='ocrx_word' id='word_1_855' title='bbox 3961 5629 4057 5681; x_wconf 73' lang='grc' dir='ltr'><strong>καὶ</strong></span> 
     </span>
    </p>
   </div>
   <div class='ocr_carea' id='block_1_118' title="bbox 2490 5720 4053 5795">
    <p class='ocr_par' dir='ltr' id='par_1_118' title="bbox 2490 5720 4053 5795">
     <span class='ocr_line' id='line_1_118' title="bbox 2490 5720 4053 5795; baseline -0.003 -19"><span class='ocrx_word' id='word_1_856' title='bbox 2490 5725 2679 5795; x_wconf 85' lang='grc' dir='ltr'>πρώην</span> <span class='ocrx_word' id='word_1_857' title='bbox 2719 5723 3023 5791; x_wconf 77' lang='grc' dir='ltr'>οἰκότριεός</span> <span class='ocrx_word' id='word_1_858' title='bbox 3070 5738 3121 5771; x_wconf 77' lang='grc' dir='ltr'><strong>τε</strong></span> <span class='ocrx_word' id='word_1_859' title='bbox 3157 5724 3249 5773; x_wconf 65' lang='grc' dir='ltr'>καὶ</span> <span class='ocrx_word' id='word_1_860' title='bbox 3276 5722 3609 5791; x_wconf 53' lang='grc' dir='ltr'>πρόσςυγος,</span> <span class='ocrx_word' id='word_1_861' title='bbox 3645 5721 3762 5772; x_wconf 82' lang='grc' dir='ltr'>τότε</span> <span class='ocrx_word' id='word_1_862' title='bbox 3800 5720 3845 5771; x_wconf 79' lang='grc' dir='ltr'>δ’</span> <span class='ocrx_word' id='word_1_863' title='bbox 3908 5722 4053 5787; x_wconf 77' lang='grc' dir='ltr'>ἁγισ-</span> 
     </span>
    </p>
   </div>
  </div>
