4302 6370
252 408 357 472 973

1606 393 1810 454 URBS
1845 393 2107 452 CAPTA.

3373 392 3475 452 9M

248 522 347 576 θοῦ
381 514 722 588 συνεργάτου
755 530 857 566 καν
890 513 1001 570 τοῖς
1058 506 1293 575 καιρίοις
1343 504 1798 572 ὑπερασπίζοντος

1917 502 2044 554 dum
2123 502 2331 572 ingredi
2389 510 2685 571 poterant,
2766 502 3009 556 humeris
3072 502 3359 572 impositis.
3410 504 3476 559 Et

254 617 315 676 ές
372 610 540 677 ἄλλην
578 606 757 660 οἰκίαν
797 600 1175 673 ἡγησαμένου,
1224 597 1497 665 γνωστοὺς
1537 596 1669 661 ἡμῖν
1713 593 1810 645 Βε-

255 702 505 761 νετίκους
534 698 867 766 τρέφουσαν,
896 691 1039 744 κατὰ
1072 689 1295 759 βραχεῖς
1344 687 1530 752 ἔξιμεν
1573 682 1807 747 ἐκεῖθεν,

247 794 324 854 ὡς
349 790 679 857 δορύκτητος
716 784 910 851 ἐκείνῳ
949 782 1172 851 κλῆρος,
1204 782 1267 832 ὲκ
1305 776 1487 845 χειρὸς
1525 774 1809 843 ἑλκόμενοι

250 882 516 947 κατηφεῖς
538 878 631 929 καὶ
671 873 984 941 δυσείμονες
1011 868 1264 922 καὶοῦτω
1292 867 1810 933 παραπεμπόμενοι.

264 970 416 1022 Ἐπεὶ
455 967 501 1021 δ’
541 967 719 1018 έκεῖνο
764 964 823 1014 τὺ
873 963 1041 1031 μέρος
1078 958 1176 1025 τῆς
1241 956 1445 1016 πόλεως
1493 957 1573 1016 είς
1614 952 1812 1018 κλῆρον

250 1064 364 1122 τοῖς
388 1056 757 1125 Φραγκίσκοις
796 1055 1051 1118 ἐπέλαχε,
1099 1047 1437 1117 μετανάσται.
1465 1044 1626 1096 πάλιν
1665 1040 1815 1107 γινό-

256 1153 416 1219 μεθα,
446 1150 536 1200 ὅτε
567 1146 792 1200 καὶτῶν
820 1147 912 1196 ἐπὶ
946 1144 1048 1210 τῆς
1097 1140 1394 1210 θεραπείας
1432 1135 1591 1204 ἡμῶν
1638 1132 1811 1185 ἄλλων

248 1242 387 1312 ἄλλῃ
423 1240 839 1309 διασπαρέντων
871 1234 966 1288 καὶ
998 1233 1218 1285 πάντων
1246 1226 1631 1295 ἀπανθρώπως
1668 1226 1810 1293 ἡμᾶς

247 1330 590 1399 παρεικότων
621 1325 910 1394 επωμὰδια
970 1324 1160 1391 φέρειν
1211 1323 1371 1389 ἡμεῖς
1414 1315 1810 1383 ἠναγκάσμεθα

252 1422 322 1472 τὰ
374 1422 542 1488 μήπω
577 1416 687 1468 τών
726 1413 1031 1482 παιδαρίων
1090 1412 1219 1464 ποσὶ
1258 1408 1538 1477 χρώμενα,
1598 1406 1811 1469 στέγειν

247 1510 305 1562 δὲ
338 1510 443 1559 ὑπὸ
474 1507 651 1576 μάλην
690 1508 787 1558 καὶ
816 1506 1023 1574 ἄρρενα
1050 1503 1219 1555 παῖδα
1271 1495 1685 1565 ὑπομαστίδιον,
1718 1493 1812 1542 καὶ

248 1601 451 1668 χωρεῖν
492 1597 637 1649 οὕτω
676 1597 765 1649 διὰ
800 1600 968 1665 μέσου
995 1593 1105 1644 τῶν
1129 1589 1356 1656 ἁγυιῶν.
1419 1586 1661 1653 Ἡμέρας
1695 1582 1809 1633 τοί-

246 1704 343 1739 νυν
370 1688 530 1739 πέντε
571 1686 710 1752 μετὰ
748 1684 845 1753 τὴν
870 1684 1073 1736 ἅλωσιν
1103 1681 1169 1747 τῇ
1198 1677 1347 1729 πόλει
1381 1671 1811 1741 προσμείναντες

244 1776 548 1844 ἀπαίρομεν
579 1774 675 1827 καὶ
703 1776 884 1843 ἡμεῖς.
932 1769 1016 1839 [Ρ.
1052 1768 1177 1836 579]
1212 1762 1319 1819 Ἦν
1352 1763 1407 1815 δὲ
1440 1762 1565 1813 τότε
1594 1760 1809 1811 Σάϐϐα-

1914 594 2145 646 ﬁliolum
2173 594 2468 647 lactentem
2499 593 2674 647 adhuc
2716 592 2817 645 sub
2859 591 2942 645 ala
2989 590 3136 646 ferre
3167 603 3221 646 et
3272 593 3346 646 ita
3377 606 3476 661 per

1915 682 2125 735 medios
2157 684 2307 737 vicos
2331 682 2588 737 incedere
2615 684 2787 746 coacti
2818 698 3031 737 sumus.
3079 682 3147 736 Et
3169 680 3288 735 dies
3315 681 3474 750 quin-

1913 789 2020 841 que
2060 784 2184 843 post
2213 788 2422 841 captam
2447 779 2635 829 urbem
2674 778 2993 829 commorati
3030 786 3085 829 et
3136 775 3236 843 ipsi
3270 775 3478 829 di8ces-

1913 865 2087 918 simus
2114 865 2202 919 die
2229 864 2474 936 Sabbati.
2509 866 2665 932 Quod
2694 866 2877 919 divina
2908 866 3250 933 providentia
3281 873 3337 916 et
3365 878 3472 916 non

1914 953 2140 1007 fortuito
2166 970 2293 1007 casu
2331 954 2532 1008 factum
2562 957 2800 1010 videtur.
2855 953 3163 1009 Accedebat
3189 964 3244 1007 et
3276 955 3472 1015 hiems.

1911 1055 1965 1099 et
1998 1055 2182 1099 nostra
2208 1062 2346 1099 uxor
2399 1045 2579 1099 vicina
2623 1058 2739 1100 erat
2780 1048 2983 1115 partui,
3041 1057 3098 1099 ut
3153 1046 3242 1098 illa
3271 1045 3474 1099 Christi

1912 1138 2216 1207 praedictio,
2255 1152 2379 1203 qua:
2404 1146 2592 1190 monet
2612 1138 2876 1190 orandum
2902 1154 3021 1192 esse
3051 1153 3117 1191 ne
3144 1138 3267 1206 fuga
3289 1145 3479 1190 nostra

1913 1227 1966 1279 in
1992 1226 2230 1279 Sabbato
2251 1236 2307 1280 et
2340 1226 2521 1280 hieme
2548 1228 2660 1290 ﬁat,
2688 1239 2743 1281 et
2768 1230 3168 1297 praegnantibus
3200 1230 3253 1282 in
3283 1229 3480 1283 diebus

1915 1316 2019 1369 illis
2054 1317 2191 1369 male
2216 1318 2513 1379 ominatur,
2544 1334 2648 1372 non
2684 1335 2844 1374 secus
2874 1335 2938 1372 ac
2990 1322 3033 1375 si
3084 1330 3269 1375 nostra
3316 1336 3477 1375 causa

1912 1408 2054 1462 dicta
2081 1418 2245 1473 esset,
2282 1411 2484 1464 exitum
2530 1414 2840 1465 sortiretur.
2878 1412 2946 1467 Ut
2994 1427 3126 1467 vero
3168 1413 3480 1481 complures

1912 1502 2211 1555 familiares
2250 1511 2305 1554 et
2360 1502 2571 1569 cognati
2627 1503 2840 1570 aliaque
2894 1503 3054 1558 turba
3110 1502 3177 1557 ad
3232 1512 3479 1558 nostrum

1912 1600 2266 1658 conspectum
2300 1590 2701 1651 conﬂuxerant,
2727 1607 2832 1645 non
2882 1595 3040 1648 aliter
3087 1610 3251 1663 quam
3302 1604 3480 1651 castus

1911 1680 2264 1734 formicarum
2302 1696 2400 1749 per
2446 1682 2602 1735 trivia
2656 1684 3031 1753 pergebamus,
3061 1687 3480 1741 occurrentibus

1912 1767 2076 1823 nobis
2097 1767 2433 1822 exercitibus
2463 1784 2571 1823 non
2602 1781 2855 1825 accurate
2899 1773 3142 1838 armatis,
3172 1769 3343 1843 779'
3380 1775 3478 1830 sed

246 1884 360 1929 τον,
404 1868 545 1918 κατὰ
587 1866 738 1916 θείαν
773 1861 930 1930 οἶμαι
965 1860 1056 1912 καὶ
1094 1858 1170 1927 μὴ
1197 1853 1443 1922 τυχηρὰν
1474 1850 1798 1916 περίπτωσιν

1914 1857 2200 1926 praelongis
2226 1859 2450 1912 ensibus
2476 1860 2539 1912 ad
2577 1860 2748 1914 latera
2780 1878 3049 1930 equorum
3090 1866 3391 1933 suspensis,
3422 1873 3478 1919 et

246 1955 279 2023 ἢ
322 1954 623 2024 συγκυρίαν
660 1950 857 2003 οὑτωσί
891 1966 1005 2010 πως
1043 1945 1260 2015 συμϐὰν
1303 1941 1517 2009 ἄλογον,
1549 1938 1645 1991 καὶ⁵
1693 1952 1806 2004 χει-

253 2044 387 2114 μών,
420 2048 512 2096 ἐπὶ
536 2043 593 2095 δὲ
640 2045 734 2096 καὶ
788 2042 917 2108 πρὸς
953 2040 1137 2090 ὠδῖσιν
1171 2038 1248 2087 ἔτι
1282 2032 1437 2102 ἡμῶν
1551 2028 1803 2114 σύζυγος,

245 2112 387 2186 ὥστε
430 2134 521 2185 καὶ
549 2132 607 2183 τὸ
641 2130 735 2183 τοῦ
767 2125 1007 2197 Χριστοῦ
1041 2123 1435 2194 προαγόρευμα
1462 2119 1489 2169 ὃ
1512 2132 1679 2185 φησιν
1712 2112 1806 2166 εὕ-

246 2225 443 2289 ξασθαι
473 2223 547 2291 μὴ
579 2219 835 2288 γενέσθαι
890 2215 988 2287 τὴν
1042 2215 1221 2283 φυγὴν
1262 2210 1424 2281 ἡμῶν
1454 2209 1717 2277 χειμῶνος
1770 2202 1803 2273 ἦ

252 2310 692 2371 Σαϐϐἁτου,καὶ,
740 2326 758 2357 ι
813 2306 951 2358 υὺαὶ
978 2307 1101 2365 ταῖς
1141 2304 1199 2354 ὲν
1232 2298 1430 2367 γαστρὶ
1470 2296 1719 2366 ἐχούσαις
1749 2296 1805 2345 έν

248 2402 488 2461 ἐκείναις
520 2400 638 2458 ταῖς
673 2396 929 2465 ἡμέραις,
975 2413 993 2444 ι
1027 2393 1102 2445 di:
1174 2392 1330 2457 εῐπερ
1354 2391 1439 2455 ἐφ’
1466 2389 1597 2457 ἡμῖν
1620 2385 1805 2455 προεί·

247 2510 403 2560 ρητο,
435 2492 607 2560 πέρας
631 2489 867 2558 ἀτεχνῶς
894 2486 1137 2553 εἴληφεν.
1170 2482 1259 2544 Ὠς
1286 2481 1331 2533 δ’
1356 2482 1528 2532 ἱκανοὶ
1557 2477 1808 2542 συνήθεις

244 2583 341 2637 καὶ
370 2583 650 2649 συγγενεῖς
700 2580 793 2632 καὶ
816 2575 1019 2644 πλῆθος
1064 2574 1255 2641 ἕτερον
1303 2570 1443 2624 κατὰ
1490 2568 1619 2621 θέαν
1648 2566 1807 2635 ἡμῶν

248 2674 555 2743 συνδραμὺν
580 2672 680 2738 τῆς
719 2667 945 2737 πορείας
980 2664 1260 2734 είχόμεθα,
1302 2662 1390 2715 ἐπ’
1451 2659 1576 2729 ῖσης
1630 2658 1808 2725 ἀγορᾷ

249 2767 561 2836 μυρμήκων
608 2762 838 2822 διιόντες
900 2762 997 2821 τὰς
1054 2757 1345 2825 τριόδους,
1408 2751 1805 2821 προσυπήντων

241 2858 379 2926 ἡμῖν
408 2856 457 2906 οἱ
504 2855 745 2923 στρατοὶ,
800 2853 897 2919 οὑχ
942 2849 1279 2916 ὠπλισμένοι
1320 2843 1456 2913 πρὸς
1498 2841 1800 2909 ἀκρίϐειαν,

247 2944 522 3015 μαχαίρας
567 2944 612 2994 δ’
647 2943 938 3010 ἐπιμήκεις
980 2938 1128 3007 παρὰ
1165 2934 1400 3002 πλευρὸν
1458 2932 1683 2999 πλάγιον
1713 2931 1805 2982 τοῦ

244 3038 418 3088 ἵππου
473 3033 835 3103 ἐξηρτημένοι
886 3031 984 3083 καὶ
1022 3025 1385 3098 παραξιφίδια
1425 3025 1546 3084 ταῖς
1605 3021 1806 3085 ζώναις

244 3129 496 3195 ἐνιέμενα
539 3127 818 3192 φέροντες,
859 3123 907 3174 οί
954 3121 1055 3190 μὲν
1100 3120 1209 3170 τῶν
1248 3115 1461 3169 σκύλων
1515 3114 1801 3205 έμφορτοι,

241 3219 292 3269 οί
342 3217 399 3268 δὲ
439 3216 566 3277 τοὺς
621 3214 919 3282 παριόντας
964 3208 1343 3279 αίχμαλώτους
1410 3205 1805 3273 ὲξιχνιάζοντες

243 3310 291 3361 εί
321 3306 583 3376 λαμπρὰν
621 3305 824 3372 ἐσθῆτα
888 3301 1232 3370 περίκεινται
1271 3297 1595 3367 διερρωγότι
1646 3310 1803 3362 περι-

248 3396 610 3464 στελλομένην
650 3393 841 3462 χιτῶνι
871 3390 905 3459 ῆ
957 3388 1088 3457 γοῦν
1122 3386 1389 3458 ἀργύριον
1431 3385 1526 3437 καὶ⁵
1580 3385 1803 3453 χρυσίον

241 3491 319 3559 τῷ
366 3487 553 3555 κόλπῳ
611 3485 990 3549 ὲνθάπτουσιν,
1043 3483 1091 3533 οί
1141 3479 1331 3531 δὲ“καὶ
1369 3474 1645 3542 γυναικῶν
1684 3476 1800 3536 ταῖς

242 3579 430 3632 κάλλει
460 3573 853 3644 διαφερούσαις
894 3570 1175 3640 πεπηγόσι
1208 3566 1488 3637 βλέμμασι
1528 3565 1665 3635 μηδὲ
1698 3567 1802 3635 ῥᾳ-

239 3666 367 3726 δίως
406 3663 831 3731 ἀποσπωμένοις
885 3660 1286 3723 ὲνατενίζοντες
1334 3654 1409 3718 ὡς
1461 3655 1803 3723 ἀρπάσοντες

241 3752 441 3807 αὑτἸκα
481 3757 576 3807 καὶ
623 3753 961 3822 βιασόμενοι.
996 3752 1135 3821 Περὶ
1187 3752 1309 3811 ταῖς
1363 3749 1581 3818 γυναιξὶ
1625 3747 1803 3800 τοίνυν

240 3843 407 3917 ἡμεῖς
433 3846 709 3907 δείσαντες
738 3844 838 3907 τὰς
867 3842 969 3912 μὲν
990 3842 1065 3904 ὡς
1095 3844 1154 3895 ὲν
1178 3841 1329 3911 σηκῷ
1369 3840 1448 3910 τῷ
1475 3841 1624 3910 μέσῳ
1642 3840 1801 3909 ἡμῶν

239 3938 660 4007 ἁπειλήφειμεν,
715 3937 834 3998 ταῖς
890 3935 947 3988 δὲ
984 3934 1225 3987 νεάνισιν
1289 3932 1685 4001 ὲπεσκήψαμεν
1712 3933 1799 3983 ὲν-

239 4030 535 4099 τρίψασθαι
560 4028 713 4097 πηλῷ
744 4028 812 4079 τὰ
838 4028 1109 4097 πρόσωπα
1134 4026 1440 4095 ἀντίρροπα
1466 4024 1578 4077 τῶν
1608 4022 1799 4094 πρώην

238 4120 581 4187 κομμώσεων
614 4122 709 4171 καὶ
743 4119 835 4170 τὸν
893 4116 1100 4186 πυρσὸν
1132 4117 1277 4169 οὓτω
1316 4114 1657 4169 κατασϐέσαι
1692 4115 1801 4167 τῶν

236 4211 501 4279 παρειῶν,
540 4210 627 4261 ἵνα
662 4209 736 4279 μὴ
773 4209 847 4271 ώς
876 4210 934 4261 ὲν
962 4208 1119 4261 νυκτὶ
1154 4208 1650 4278 φρυκτωρούμενον
1688 4208 1800 4277 πῦρ

236 4303 575 4372 προκαλῆται
610 4304 734 4365 τοὺς
756 4302 979 4363 ὀδευτὰς
1010 4302 1205 4372 πρώτα
1240 4302 1338 4371 μὲν
1366 4301 1584 4365 θεατὰς,
1612 4301 1800 4353 ἔπειτα

234 4394 280 4444 δ’
322 4394 583 4462 ἐραστὰς,
618 4395 683 4445 ὲκ
728 4394 787 4446 δὲ
833 4393 1026 4446 τούτου
1056 4394 1150 4445 καὶ
1194 4392 1444 4462 βιαστὰς,
1501 4391 1801 4445 ἀνεύθυνον

1910 1947 2172 2014 pugiones
2217 1945 2450 2015 cingulis
2504 1950 2738 2004 insertos
2807 1953 3181 2019 gestantibus;
3239 1970 3475 2023 quorum

1908 2036 1999 2088 alii
2029 2037 2302 2091 manubiis
2335 2039 2519 2093 onusti
2564 2052 2742 2105 erant,
2801 2044 2891 2095 alii
2947 2054 3347 2111 pratereuntes
3388 2062 3477 2099 ca-
3540 2111 3548 2123 .

1906 2128 2086 2196 ptivos
2113 2128 2484 2193 excutiebant,
2509 2145 2578 2183 an
2601 2131 2702 2184 sub
2727 2133 2901 2187 lacera
2927 2135 3111 2189 tunica
3134 2136 3475 2203 splendidam

1906 2226 2113 2270 vestem
2158 2218 2403 2272 celarent
2458 2229 2553 2274 aut
2598 2233 2877 2292 argentum
2933 2240 3201 2280 aurumve
3249 2228 3303 2281 in
3352 2228 3477 2282 sinu

1908 2302 2277 2355 occultarent.
2330 2304 2437 2358 Alii
2493 2309 2754 2364 mulieres
2801 2311 2974 2364 forma
3035 2324 3359 2382 praestantes
3404 2317 3476 2369 itu

1909 2390 2101 2445 deﬁxis
2157 2395 2328 2448 oculis
2388 2397 2795 2463 intuebantur,
2856 2403 3011 2470 quasi
3086 2420 3210 2459 mox
3263 2422 3357 2461 eas
3409 2408 3477 2461 ad

1910 2498 2161 2552 stuprum
2192 2489 2398 2555 rapturi
2423 2498 2627 2543 essent.
2659 2491 2770 2546 Nos
2797 2492 2963 2563 igitur
2985 2496 3263 2562 mulieres,
3289 2514 3477 2554 earum

1908 2575 2183 2642 pudicitiae
2212 2589 2538 2643 metuentes,
2570 2582 2625 2635 in
2676 2585 2917 2639 medium
2974 2602 3168 2656 agmen
3217 2600 3473 2659 tanquam

1909 2664 1964 2718 in
2022 2667 2166 2720 ovile
2238 2671 2567 2738 recepimus,
2629 2674 3066 2732 adolescentulas
3121 2694 3252 2734 vero
3318 2697 3475 2737 coeno

1907 2750 2099 2806 faciem
2132 2756 2345 2811 illinere
2375 2768 2435 2811 ut
2461 2760 2671 2828 pridem
2710 2764 2873 2827 fucis,
2906 2774 3069 2834 atque
3104 2767 3175 2822 ita
3217 2770 3474 2827 ruborem

1907 2858 2168 2913 genarum
2205 2848 2555 2915 exstinguere
2580 2852 2864 2921 jussimus,
2894 2872 2962 2909 ne
3004 2857 3190 2913 forma:
3222 2874 3478 2920 venustas

1909 2934 2197 3004 principio,
2233 2946 2291 2990 ut
2339 2940 2576 2995 viatores
2629 2953 2794 2998 noctu
2842 2946 3018 3002 elatus
3046 2949 3207 3019 ignis,
3263 2965 3481 3024 specta-

1909 3035 2074 3089 tores,
2114 3026 2311 3082 deinde
2335 3042 2627 3097 amatores,
2655 3045 2936 3104 postremo
2990 3052 3240 3110 raptores
3288 3046 3475 3104 allice—

1910 3125 2016 3181 ret,
2054 3132 2176 3170 cum
2207 3118 2307 3173 sibi
2341 3120 2505 3175 licere
2531 3124 2786 3181 viderent
2834 3131 3037 3187 omnia.
3094 3134 3315 3190 lnterim
3346 3153 3476 3210 sup-

1909 3206 2081 3273 plices
2108 3207 2209 3274 ipsi
2262 3226 2455 3267 manus
2487 3214 2554 3268 ad
2601 3216 2771 3271 Deum
2824 3222 3203 3291 tendebamus,
3259 3206 3474 3286 afﬂictis

1903 3295 2102 3351 animis
2136 3308 2355 3367 pectora
2388 3304 2709 3374 plangentes
2736 3319 2789 3364 et
2819 3312 3009 3369 oculos
3033 3315 3272 3385 rigantes
3290 3311 3468 3392 lacr'y-

1903 3387 2028 3451 mis,
2060 3388 2103 3441 si
2147 3405 2257 3458 quo
2280 3395 2442 3448 modo
2464 3412 2657 3454 omnes
2691 3400 2957 3459 immanes
2978 3407 3109 3463 istas
3139 3408 3284 3465 feras
3332 3387 3467 3469 salvi

1903 3491 1959 3537 et
2017 3483 2277 3539 inviolata
2346 3488 2606 3556 pudicitia
2658 3494 3032 3552 evaderemus.
3084 3500 3220 3556 Cum
3279 3514 3461 3561 autem

1903 3574 2063 3629 nobis
2096 3591 2193 3644 per
2219 3578 2452 3633 Auream
2499 3595 2707 3651 portam
2742 3590 3051 3644 exeundum
3098 3604 3262 3655 esset.
3310 3605 3370 3651 ut
3395 3599 3464 3652 ad

1905 3666 2091 3737 inclyti
2112 3672 2367 3738 martyris
2418 3671 2577 3726 Mocii
2623 3675 2791 3729 aedem
2822 3679 3096 3747 venimus,
3141 3684 3381 3744 insolens
3409 3702 3465 3745 et

1902 3758 2144 3813 nefarius
2168 3760 2387 3828 quidam
2418 3762 2684 3820 barbarus
2708 3768 2869 3837 780
2889 3772 3121 3838 puellam
3146 3775 3462 3849 formosam,

1897 3847 2098 3916 judicis
2127 3852 2407 3921 cujusdam
2441 3854 2632 3920 ﬁliam,
2666 3873 2697 3912 e
2723 3862 2904 3915 medio
2937 3876 3182 3921 nostrum
3204 3847 3457 3941 tanquam

1901 3939 2064 4007 lupus
2092 3956 2285 4009 agnam
2343 3945 2566 4014 abripit.
2596 3947 2716 4013 Quo
2796 3953 3110 4012 miserrimo
3153 3939 3464 4029 spectaculo

1904 4038 2051 4083 totus
2083 4040 2260 4085 cretus
2293 4043 2476 4088 noster
2500 4047 2881 4097 consternatus
2903 4047 3227 4104 exclamavit
3266 4071 3282 4120 ;
3316 4058 3465 4122 puel-

1902 4120 1967 4173 lae
1994 4136 2123 4174 vero
2145 4133 2317 4189 pater,
2342 4127 2494 4179 senio
2531 4136 2587 4180 et
2621 4131 2813 4184 morbo
2836 4132 3086 4201 afﬂictus,
3144 4151 3255 4195 tum
3300 4120 3463 4201 etiam

1903 4211 1957 4264 in
1991 4226 2210 4265 caenum
2238 4214 2525 4285 prolapsus
2544 4233 2606 4273 ac
2626 4226 3049 4290 contaminatus,
3069 4232 3253 4300 jacens
3270 4238 3467 4294 crebro

1904 4316 1991 4354 me
2041 4310 2294 4371 tanquam
2354 4306 2610 4361 ﬁculnum
2665 4315 2977 4379 praesidium
3024 4320 3360 4390 intuebatur,
3411 4342 3466 4384 et

1906 4394 2225 4447 nominatim
2265 4397 2457 4451 orabat
2511 4409 2565 4453 tit
2624 4402 2724 4456 sibi
2761 4420 2859 4473 pro
2919 4410 3058 4462 virili
3109 4414 3174 4467 ad
3228 4419 3464 4486 puellam

236 4486 478 4552 ὁρῶντας
510 4486 571 4538 τὸ
612 4485 742 4539 ίδιον
770 4484 1010 4554 θέλημα,
1051 4484 1169 4553 ἅμα
1206 4484 1301 4536 καὶ
1334 4485 1522 4553 χεῖρας
1562 4482 1797 4571 ἱκέτιδας

1908 4486 2335 4552 recuperandam
2415 4489 2734 4559 adiumento
2783 4510 2983 4551 essem.
3049 4482 3243 4571 Itaque
3283 4510 3463 4562 statim

236 4576 485 4645 αἴροντες
533 4578 611 4636 είς
655 4575 790 4627 Θεὸν
834 4578 928 4627 καὶ
986 4578 1126 4643 μετὰ
1177 4574 1407 4642 συνοχῆς
1460 4573 1688 4642 καρδίας
1739 4570 1799 4622 τὸ

141 4674 178 4695 ’⁸
239 4665 436 4734 στῆθος
477 4665 777 4725 τύπτοντες
816 4667 908 4717 καὶ
931 4664 1188 4733 δακρύοις
1221 4664 1291 4715 τὰ
1316 4665 1540 4732 δμματα
1573 4663 1798 4728 τέγγον-

231 4772 348 4817 τες,
395 4756 451 4805 εῐ
485 4771 601 4818 πως
662 4757 901 4817 ἅπαντες
952 4758 1045 4807 καὶ
1119 4758 1293 4808 πᾶσαι
1348 4755 1473 4816 τοὺς
1538 4753 1799 4822 ὠμηστας

235 4845 483 4905 ἐκείνους
526 4842 699 4913 θῆρας
751 4845 1015 4913 σχοίημεν
1067 4842 1427 4909 ἀδιαλώϐητοι
1488 4840 1796 4909 παρελθεῖν.

236 4937 390 4988 Ἔδει
429 4936 489 4988 δι
527 4936 615 4989 διὰ
654 4936 751 5004 τῆς
785 4936 1065 5004 Χρυσείας
1116 4935 1291 5005 πύλης
1330 4934 1478 5004 ἡμᾶς
1535 4932 1795 4996 ἐξελθεῖν.

242 5028 333 5087 Ὠς
362 5027 419 5077 δὲ
474 5028 603 5095 περὶ
652 5028 743 5080 τὸν
782 5027 917 5081 νεὼν
955 5028 1166 5097 ἥκομεν
1207 5026 1427 5078 Μωκίου
1468 5024 1564 5078 τοῦ
1608 5023 1793 5076 καλλι-

237 5118 541 5186 μάρτυρος,
572 5117 833 5187 ὑϐριστὴς
878 5118 972 5171 καὶ
1007 5120 1222 5179 ἀνόσιος
1278 5114 1553 5185 βάρϐαρος
1596 5115 1671 5177 ὼς
1720 5116 1788 5166 ἀ-

233 5207 412 5274 μνάδα
479 5205 641 5268 λύκος
698 5208 763 5259 ὲκ
795 5207 973 5275 μέσων
1036 5207 1191 5276 ἡμῶν
1251 5205 1565 5274 ἀφαρπάζει
1624 5208 1791 5272 κόρην

229 5294 605 5363 εὐπλόκαμον,
640 5296 785 5358 τινὸς
808 5296 918 5349 τῶν
954 5297 1048 5350 ἐπὶ
1088 5298 1167 5368 τῷ
1199 5298 1441 5360 δικάζειν
1475 5295 1790 5365 θυγάτριον.

230 5384 375 5453 Πρὸς
402 5385 502 5452 τὴν
541 5386 901 5455 οἰκτροτάτην
938 5388 1117 5439 τοίνυν
1167 5390 1394 5456 ταυτηνὶ
1440 5386 1571 5439 θέαν
1614 5389 1646 5455 ἡ
1694 5386 1792 5454 μὲν

227 5474 447 5526 συνοδία
461 5477 608 5528 πᾶσα
634 5476 755 5529 διαθ
765 5476 1049 5547 ροηθιντες
1070 5477 1457 5547 ὲξεϐοήσαμεν,
1482 5480 1508 5528 ὁ
1529 5476 1584 5528 δὲ
1606 5476 1790 5545 πατὴρ

226 5565 324 5631 τῆς
365 5566 553 5627 παιδὸς
598 5569 744 5637 γήρᾳ
779 5569 875 5620 καὶ
915 5569 1058 5637 νόσῳ
1098 5569 1534 5637 τετρυχωμένος,
1568 5566 1691 5618 τότε
1732 5566 1787 5617 δὲ

225 5657 322 5706 καὶ⁵
354 5656 578 5723 σφαλεὶς
629 5659 771 5710 κατὰ
824 5659 1117 5729 πέλματος,
1158 5657 1553 5728 ὀλοφυρόμενος
1586 5657 1678 5709 καὶ
1712 5657 1787 5726 τῷ

222 5743 384 5805 πηλῷ
434 5745 741 5813 φυρόμενος
793 5746 1014 5816 δόχμιος
1056 5748 1255 5812 ἔκειτο,
1306 5747 1380 5809 ὡς
1434 5749 1511 5810 είς
1559 5744 1785 5817 συκίνην

1905 4588 2203 4628 conversus
2233 4576 2458 4646 vestigia
2489 4583 2723 4649 raptoris
2761 4600 3079 4656 persequor,
3116 4607 3241 4647 cum
3288 4597 3463 4669 lacry-

1901 4662 2006 4715 mis
2041 4663 2149 4715 vim
2182 4664 2378 4720 factam
2411 4671 2774 4737 proclamans,
2827 4685 2884 4730 et
2933 4682 3272 4749 supplicibus
3301 4662 3463 4756 gesti-

1900 4749 2003 4806 bus
2025 4769 2183 4823 opem
2238 4760 2681 4825 praetereuntium
2728 4765 2960 4819 militum
3017 4749 3329 4839 implorans:
3369 4778 3463 4845 qui

1898 4842 2096 4911 linguae
2120 4856 2319 4899 nostra:
2340 4864 2447 4901 non
2485 4852 2643 4917 plane
2675 4854 2839 4909 rudes
2862 4870 3038 4921 erant,
3095 4842 3459 4930 quorumdam

1898 4933 2062 4987 etiam
2109 4937 2359 4991 manibus
2415 4940 2778 5007 prebensatis.
2840 4946 2908 5001 Et
2945 4950 3032 5002 vix
3072 4954 3335 5020 quosdam
3392 4959 3458 5013 ad

1900 5026 2429 5081 commiserationem
2465 5029 2539 5083 ita
2569 5030 2714 5097 ﬂexi,
2752 5044 2809 5087 ut
2836 5036 3206 5106 impudentem
3232 5054 3289 5099 et
3330 5045 3458 5105 libi-

1901 5113 2323 5169 dinosumillum
2364 5118 2580 5173 hircum
2626 5124 2813 5180 ulcisci
2859 5130 3144 5197 cupientes
3192 5148 3222 5188 a
3266 5150 3353 5190 me
3387 5137 3453 5192 ad

1898 5204 2045 5259 aedes
2079 5205 2197 5260 illas
2224 5208 2823 5281 perducerentur..Quo
2868 5235 2989 5273 eum
3027 5232 3247 5277 ventum
3284 5238 3451 5293 esset,

1896 5295 2225 5351 mulierosus
2260 5299 2348 5352 ille
2366 5301 2571 5371 virgine
2604 5304 2913 5363 introducta
2943 5313 2992 5364 in
3018 5313 3224 5370 foribus
3254 5318 3449 5379 stabat,

1894 5396 1954 5439 ut
1978 5387 2023 5440 si
2047 5389 2137 5456 qui
2184 5390 2291 5442 vim
2318 5390 2515 5445 facturi
2568 5410 2771 5463 essent,
2824 5416 2920 5455 eos
2974 5406 3283 5472 repelleret.
3338 5410 3451 5480 Ego

1891 5491 2024 5531 vero
2051 5478 2218 5547 digito
2260 5494 2384 5533 eum
2411 5497 2868 5556 commonstraus,
2902 5511 2919 5541 ι
2959 5493 3085 5559 lste,
3120 5516 3139 5547 ι
3168 5478 3443 5570 inquam,’

1890 5566 2012 5620 luce
2044 5574 2181 5621 teste
2198 5569 2432 5638 iniurius
2450 5586 2640 5631 vestra:
2663 5580 2966 5639 nobilitatis
2988 5585 3166 5643 edicta
3198 5566 3411 5646 contem
3427 5625 3444 5633 -

1890 5657 2015 5727 psit.
2051 5658 2206 5727 78],
2231 5660 2338 5714 Vos
2372 5664 2519 5717 enim
2550 5666 2819 5735 edixistis,
2846 5689 2914 5728 ne
2934 5677 3233 5749 conjugata:
3256 5683 3447 5736 mulie-

1890 5748 1966 5802 ris
1992 5757 2085 5803 aut
2115 5750 2342 5819 virginis
2371 5762 2465 5808 aut
2497 5756 2757 5815 dedicatae
2792 5763 2901 5820 Deo
2930 5748 3120 5824 puellas
3139 5770 3220 5826 vel
3266 5773 3445 5843 impu-
