4302 6370
263 411 365 474 9³17

1622 398 1823 459 URBS
1861 399 1946 455 CA
1961 397 2096 454 ΡΤᾹ

3383 378 3487 439 9Ἷέ

265 526 360 579 καὶ
405 524 616 594 βασιλὶς
671 523 770 592 μὲν
803 521 908 575 τῶν
957 521 1244 592 βασιλίδων
1299 521 1528 585 πόλεων,
1565 516 1716 590 ᾇσμα
1766 516 1822 569 δὲ
1855 519 1896 574 Α
1930 530 1964 567 (ξι

1787 516 1822 568 It
1855 519 1896 574 Α
1930 526 2144 572 eorum,
2181 508 2438 579 Splendor
2469 502 2822 573 splendorum
2845 541 2860 564 ,
2893 507 2948 554 et
2978 498 3147 554 rebus
3175 498 3294 551 visu
3327 493 3486 567 783

264 615 526 684 ᾀσμάτων
583 615 679 667 καὶ
737 614 1061 683 λαμπρότης
1113 613 1534 682 λαμπροτήτων,
1592 611 1681 662 καὶ
1715 609 1822 659 τῶν

268 705 512 760 σπανίων
565 707 815 774 πανταχῆ
850 706 1144 772 θεαμάτων
1205 702 1580 770 σπανιώτερον
1617 700 1822 766 ὅραμα,

265 799 349 860 τίς
387 800 415 851 ὁ
440 797 751 858 διασπάσας
779 797 928 866 ἡμᾶς
959 797 1068 847 ἀπὸ
1097 792 1191 846 σοῦ
1221 794 1296 854 ώς
1331 796 1395 846 ὲκ
1426 791 1631 860 μητρὸς
1663 789 1824 857 φίλης

265 889 437 940 τέκνα
455 887 757 955 φιλούμενα
778 906 792 949 ς
815 888 955 948 τίνες
979 886 1272 955 γενοίμεθα
1300 902 1314 948 ;
1334 888 1426 936 ποῖ
1443 883 1786 954 τραποίμεθα
1809 897 1822 945 ;

266 981 434 1032 ποίαν
469 979 801 1048 παραψυχὴν
830 977 1085 1047 εὕροιμεν
1113 979 1334 1044 γυμνοὶ,
1387 976 1464 1037 ῶς
1521 976 1585 1026 ἐκ
1613 973 1822 1032 κοιλίας

270 1070 478 1138 μητρὸς
499 1069 606 1120 τῶν
634 1069 741 1120 σῶν
763 1068 1168 1130 ὲκσπασθέντες
1187 1067 1423 1130 κόλπων,
1450 1066 1541 1117 καὶ
1568 1064 1828 1132 φανέντες

269 1163 398 1228 παρ’
435 1159 612 1210 ἔθνεσι
647 1157 848 1227 κιθάρα
892 1155 987 1208 καὶ
1027 1157 1333 1226 θρύλλημα.
1377 1155 1593 1220 ἀδελφοὶ
1634 1153 1830 1221 Σειρή-

267 1270 399 1311 νων,
472 1253 680 1318 ἑταῖροι
745 1248 1039 1317 στρουθῶν,
1100 1249 1197 1300 ’καὶ
1273 1246 1644 1315 ψωμιξόμενοι
1729 1242 1828 1313 μὲν

269 1341 539 1407 ἀνάγκας.
591 1339 735 1408 ὓδωρ
797 1339 852 1392 δὲ
917 1339 1080 1407 χολῆς
1142 1337 1530 1405 ποτιζόμενοις
1579 1335 1713 1388 Πότε
1767 1350 1826 1385 σε

270 1427 579 1495 θεασόμεθα
607 1426 705 1494 οὐχ
728 1425 801 1487 ώς
835 1423 928 1476 νῦν
949 1424 1125 1476 πεδίον
1144 1423 1453 1492 ἀφανισμοῦ
1481 1422 1578 1474 καὶ
1609 1421 1830 1474 κοιλάδα

272 1515 627 1582 κλαυθμῶνος
660 1513 752 1566 καὶ
778 1513 1127 1582 πατουμένην
1151 1512 1254 1563 ὑπὸ
1285 1510 1685 1580 στρατοπέδων,
1716 1509 1827 1562 εἴτε

278 1607 385 1676 μὴν
425 1606 868 1674 ἐξουθενημένην
908 1606 1000 1656 καὶ
1034 1604 1396 1672 ἀπωσμένην,
1430 1603 1546 1654 ἀλλ’
1593 1602 1834 1670 ἐξαιρου-

277 1699 447 1765 μένην
479 1697 570 1750 καὶ
602 1697 938 1763 σωζομένην,
970 1695 1064 1748 καὶ
1086 1693 1568 1763 προσκυνουμένην
1593 1695 1698 1745 ὑπὸ
1723 1693 1832 1747 τῶν

275 1789 731 1839 ταπεινωσάντων
774 1802 834 1838 σε
867 1787 964 1839 καὶ
994 1784 1417 1852 παροξυνάντων
1451 1800 1532 1846 σε,
1566 1785 1660 1837 καὶ
1690 1784 1834 1850 γάλα
1870 1819 1910 1874 Β

275 1879 444 1931 ὲθνῶν
467 1878 807 1948 θηλάζουσαν
838 1877 932 1929 καὶ
972 1875 1203 1928 πλοῦτον
1231 1875 1494 1943 βασιλέων
1537 1877 1613 1939 ώς
1643 1875 1836 1945 πρώην

274 1969 536 2034 εδουσανς
569 1969 699 2020 πότε
750 1968 806 2021 δὲ
830 1970 926 2021 καὶ
955 1969 1031 2030 ὡς
1063 1968 1235 2036 φύλλα
1267 1967 1438 2035 συκῆς
1479 1967 1572 2020 καὶ
1599 1968 1833 2036 χιτῶνας

275 2061 636 2129 δερματίνους
681 2060 1110 2128 ἀποϐαλούμεθα
1160 2061 1229 2113 τὰ
1270 2061 1430 2129 ῥικνά
1481 2059 1652 2111 ταῦτα
1693 2060 1832 2127 ῥάκη

275 2156 372 2206 καὶ
412 2152 548 2221 μηδὲ
577 2153 671 2205 τοῦ
705 2153 905 2213 παντὸς
939 2153 1296 2223 ἐξικνούμενα
1345 2153 1618 2220 σώματος,
1643 2151 1678 2204 ἃ
1706 2149 1834 2220 ἡμῖν

278 2243 596 2311 περιέθεντο
622 2246 670 2295 οἱ
724 2243 1008 2295 επιϐουλοι
1059 2243 1133 2303 ώς
1195 2242 1348 2310 ὄφεις
1404 2241 1716 2309 ἀλλόφυλοι,
1768 2242 1836 2293 τὰ

286 2333 512 2387 σύνοικα
555 2337 689 2404 ἡμῖν
735 2336 880 2387 κακά
933 2335 1028 2387 καὶ
1065 2333 1328 2386 ἐπίϐουλα
1379 2336 1474 2384 καὶ
1531 2332 1834 2402 βαρύζηλα,

279 2425 686 2493 ὲπενδυσόμεθα
721 2426 764 2477 δ’
805 2425 960 2488 αὖθις
1003 2427 1128 2487 τοὺς
1163 2423 1221 2488 ἐξ
1268 2424 1413 2494 ὑφῆς
1448 2424 1835 2493 στιλπνοτέρας

280 2517 376 2568 καὶ
403 2515 700 2583 χλιδῶντας
733 2516 985 2584 χιτῶνας,
1037 2517 1128 2579 οὓς
1160 2517 1351 2586 πρώην
1389 2518 1791 2587 περιεκείμεθα
1817 2535 1834 2582 ;

291 2604 432 2657 ⁹Δλλ⁹
464 2605 644 2658 τλασαι
667 2606 818 2667 Θεὸν,
843 2607 1118 2674 άγιωτάτη
1153 2608 1260 2658 τῶν
1293 2607 1502 2659 πόλεων
1523 2623 1537 2637 ⁸
1562 2606 1836 2676 προϐαλοῦ

280 2693 406 2757 τοὺς
434 2695 590 2757 νεὼς,
619 2696 689 2747 τὰ
718 2696 826 2747 τῶν
856 2696 1151 2765 μαρτύρων
1192 2699 1516 2766 λειπόμενα,
1549 2698 1648 2760 τὰς
1697 2715 1837 2767 συμ-

283 2787 456 2853 φοράς
490 2787 681 2850 αὑτὰς,
711 2785 822 2838 τῶν
860 2788 1231 2856 πειρατηρίων
1264 2789 1324 2838 τὸ
1374 2788 1623 2857 μέγεθος,
1658 2782 1733 2842 ὧν
1760 2791 1838 2850 εἰς

285 2875 444 2944 κόρον
476 2875 841 2944 μετέσχηκας,
877 2875 1136 2944 ἀνδράσιν
1171 2877 1404 2938 ἀνοσίοις
1437 2877 1715 2930 ἐκδοθεῖσα
1759 2880 1838 2940 είς

287 2966 552 3036 πύρωσιν.
626 2966 1100 3035 Ἐπικάλεσαιγάρ
1133 2985 1219 3037 με,
1296 2973 1481 3036 φησιν,
1577 2973 1634 3022 ἐν
1656 2970 1840 3038 ἡμέρᾳ

284 3055 512 3124 θλίψεώς
550 3073 663 3120 σου,
703 3057 797 3109 καὶ
821 3057 1108 3124 ὲξελοῦμαί
1152 3074 1236 3119 σε,
1305 3057 1401 3109 καὶ
1446 3057 1687 3121 δοξάσεις
1749 3075 1837 3124 με.

1929 604 2068 657 raris
2101 600 2472 670 spectaculum
2498 597 2697 654 rarius,
2736 593 2989 660 quislnos
3015 601 3118 645 ate
3142 590 3341 644 avulsit
3371 599 3429 643 ut
3460 605 3488 642 a

1929 709 2053 749 cara
2084 701 2255 746 matre
2288 703 2446 744 caros
2499 684 2746 742 liberos?
2794 682 2887 750 qui
2925 681 3177 735 erimus?
3233 697 3343 749 quo
3392 695 3492 733 nos

1932 781 2260 836 vertamus?
2300 793 2464 846 quam
2499 774 2928 829 consolationem
2964 772 3326 827 inveniemus.
3360 769 3488 821 nudi

1930 893 1960 930 a
1992 885 2086 929 tuo
2135 874 2256 928 sinu
2293 879 2354 923 ut
2382 884 2450 922 ex
2492 875 2652 919 utero
2697 864 2888 917 matris
2935 861 3148 915 avulsi?
3179 860 3400 927 quando
3442 867 3493 912 te

1931 964 2324 1035 spectabimus,
2375 973 2484 1012 non
2537 956 2700 1009 talem
2731 953 2910 1019 qualis
2942 965 3088 1004 nunc
3114 965 3204 1008 es,
3241 965 3491 1015 campum

1932 1054 2223 1115 vastitatis,
2253 1051 2447 1104 vallem
2477 1049 2680 1108 luctus,
2709 1044 3089 1099 conculcatam
3130 1039 3197 1092 ab
3245 1039 3498 1091 exerciti-

1933 1148 2057 1210 bus,
2091 1145 2366 1198 redactam
2398 1141 2466 1195 ad
2489 1138 2724 1192 nihilum
2754 1143 2808 1189 et
2837 1116 3197 1204 proﬂigatam.
3235 1131 3327 1184 sed
3352 1130 3500 1182 exal-

1930 1245 2095 1291 tatam
2128 1243 2185 1288 et
2234 1232 2600 1290 incolumem,
2641 1234 2696 1281 et
2747 1223 3078 1278 adorandam
3109 1223 3176 1274 ab
3210 1224 3274 1275 iis
3320 1222 3410 1290 qni
3449 1229 3500 1272 te

1934 1327 2325 1395 depresserunt
2352 1330 2408 1375 et
2434 1318 2742 1374 irritarunt.
2773 1323 2829 1367 et
2856 1314 2994 1366 bona
3022 1312 3264 1380 gentium
3299 1325 3498 1377 sugen-

1938 1429 2067 1479 tem,
2089 1426 2145 1471 et
2165 1414 2383 1469 divitias
2409 1425 2596 1480 regum
2617 1416 2676 1460 ut
2704 1413 2831 1458 ante
2849 1402 3253 1457 comedentem?
3281 1400 3500 1466 quando

1938 1507 2180 1566 tandem,
2209 1513 2271 1558 ut
2303 1501 2500 1556 ﬁculna
2533 1498 2662 1552 folia
2697 1505 2753 1550 et
2786 1495 3045 1565 pelliceas
3079 1494 3315 1550 tunicas,
3353 1492 3500 1544 lace-

1936 1613 2029 1654 ros
2063 1598 2196 1650 istos
2223 1607 2434 1663 pannos
2466 1603 2567 1643 nec
2599 1596 2773 1640 totum
2807 1600 3009 1653 corpus
3039 1584 3361 1648 obtegentes
3401 1578 3501 1630 ah-

1938 1690 2193 1760 jiciemus
2209 1687 2230 1739 ?
2249 1683 2453 1754 quibus
2472 1694 2572 1733 nos
2597 1677 2816 1730 barbari
2847 1687 2902 1727 ut
2930 1673 3177 1727 insidiosi
3196 1681 3500 1739 serpentes,

1938 1779 2074 1833 mala
2093 1778 2382 1846 conjuncta
2403 1780 2457 1825 et
2477 1769 2670 1824 infesta
2685 1761 3207 1823 circumdederunt?
3230 1776 3328 1830 age
3350 1775 3502 1822 vero,

1942 1873 2072 1926 urbs
2101 1867 2467 1926 sanctissima,
2490 1863 2704 1931 placato
2735 1861 2928 1922 Deum,
2957 1854 3236 1927 pra-tende
3277 1853 3502 1919 templa,

1941 1969 2242 2030 martyrum
2297 1956 2557 2024 reliquias
2583 1993 2600 2019 ,
2655 1952 2800 2020 ipsas
2829 1947 3169 2003 calamitates
3195 1983 3208 2004 .
3261 1943 3500 1999 cladium

1941 2049 2371 2120 magnitudinem
2406 2045 2610 2115 quibus
2632 2057 2692 2096 es
2721 2056 3000 2111 oppressa,
3031 2038 3254 2093 uelariis
3282 2035 3416 2088 viris
3436 2031 3502 2086 ad

1943 2141 2343 2198 incendendum
2371 2139 2516 2190 data.
2536 2135 2861 2189 Jubetenim
2897 2129 3138 2185 invocari
3171 2143 3229 2182 se
3260 2137 3504 2194 tempore

1945 2233 2292 2290 necessitatis
2327 2240 2431 2284 tuae
2465 2244 2478 2280 :
2508 2241 2633 2280 nam
2669 2224 2786 2277 fore
2818 2231 2877 2275 ut
2909 2223 3024 2290 ipse
3073 2231 3124 2274 te
3172 2219 3407 2283 eripiat,
3446 2222 3502 2268 tu

1944 2341 2073 2380 vero
2102 2340 2224 2381 eum
2248 2320 2459 2374 laudes.
2485 2315 2780 2384 Numquid,
2818 2316 3077 2381 templum
3106 2309 3501 2376 amplissimum

1942 2429 1997 2476 et
2021 2415 2443 2473 divinissimum,
2476 2422 2714 2476 unquam
2739 2404 2965 2474 posthac
2996 2413 3046 2457 te
3067 2401 3287 2462 videbo,
3307 2399 3503 2454 coelum

1942 2525 2244 2571 terrenum,
2277 2505 2471 2559 solium
2497 2499 2662 2571 784
2687 2498 2872 2566 gloriae
2909 2497 3025 2561 Dei,
3053 2494 3345 2550 cherubice
3383 2507 3506 2546 cur-

1945 2622 2059 2668 rus,
2083 2603 2484 2656 ﬁrmamentum
2521 2595 2778 2654 alterum,
2813 2591 3071 2643 fabricam
3109 2602 3369 2640 manuum
3407 2585 3503 2638 Dei

1945 2691 2299 2753 annuntians,
2325 2683 2698 2754 spectaculum
2727 2690 2782 2735 et
2801 2695 2938 2749 opus
2956 2679 3252 2748 singulare,
3287 2676 3504 2729 ﬁrmum

1945 2785 2214 2838 universae
2253 2789 2412 2833 terra:
2437 2772 2650 2828 decus?
2683 2779 2739 2824 et
2777 2771 2902 2838 quis
2936 2776 3019 2823 est
3049 2767 3142 2836 qui
3175 2765 3466 2834 pollicetur
3489 2801 3504 2825 ,

1947 2875 2054 2930 nisi
2089 2874 2135 2928 is
2165 2871 2315 2926 solus
2345 2869 2439 2937 qui
2502 2869 2557 2921 in
2597 2874 2792 2934 suopte
2829 2861 3099 2930 supplicio
3132 2867 3372 2912 tentatus
3394 2898 3407 2922 ,
3440 2856 3508 2910 iis

1947 2967 2040 3036 qui
2070 2971 2372 3021 tentantur.
2397 2972 2721 3013 succurrere
2777 2953 3004 3007 didicit?
3051 2952 3143 3018 qui
3181 2949 3397 3018 inopem
3441 2962 3505 3001 ex

1948 3070 2113 3109 manu
2145 3052 2432 3106 fortior-um
2465 3055 2521 3101 et
2553 3059 2849 3115 pauperem
2879 3053 2933 3095 et
2963 3041 3274 3095 mendicum
3306 3055 3334 3093 a
3366 3054 3509 3107 prae-

283 3143 436 3216 'Apa
471 3147 525 3198 δὲ
555 3148 849 3215 προσθήσω
875 3149 967 3201 καὶ
999 3151 1078 3210 είς
1108 3149 1166 3199 σέ
1199 3163 1330 3198 ποτε
1355 3148 1668 3215 ἐπιϐλέψαι,
1697 3164 1842 3216 παμ-
1873 3162 1914 3218 C
1947 3149 1980 3204 d

1810 3167 1842 3198 ι-
1873 3162 1914 3218 c
1947 3147 2234 3204 datoribus
2268 3142 2456 3211 eripit,
2494 3142 2587 3210 qui
2614 3138 2796 3194 omnia
2829 3136 2958 3189 facit
2987 3149 3049 3187 ac
3081 3129 3313 3185 subinde
3358 3141 3509 3182 com-

288 3239 516 3308 μέγιστε
561 3241 648 3294 ναὶ
707 3242 801 3293 καὶ
839 3241 1108 3302 θειότατε,
1167 3241 1368 3310 οὐρανέ
1401 3241 1634 3306 ἐπίγειε,
1683 3240 1843 3311 θρόνε
1951 3257 1985 3294 n

760 3242 801 3293 t'l
839 3241 1108 3302 θειότατε,
1167 3241 1368 3310 οὐρανὲ
1401 3241 1634 3306 ἐπίγειε,
1683 3240 1843 3311 θρόνε
1951 3239 2208 3294 mutatio
2243 3235 2459 3289 melius.

284 3329 443 3393 δόξης
472 3329 632 3392 Θεοῦ,
664 3329 1003 3400 Χερουϐικδν
1029 3330 1236 3398 δχημα,
1273 3331 1566 3399 στερέωμα
1604 3330 1884 3400 δεύτερον,
1918 3329 2188 3396 ἀγγέλλον
2229 3329 2327 3394 τὴν
2350 3326 2461 3378 τῶν
2491 3322 2691 3391 χειρῶν
2725 3319 2863 3373 Θεοῦ
2912 3317 3151 3386 ποίησιν,
3197 3315 3380 3382 θέαμα
3406 3314 3500 3400 καὶ

287 3418 450 3487 ἔργον
481 3417 722 3470 ὲναδικὸν
743 3393 837 3470 καὶ
863 3393 1091 3487 εῦριζον
1115 3393 1294 3486 πάσης
1335 3393 1434 3486 τῆς
1454 3393 1558 3488 γῆς
1594 3393 1914 3486 άγαλλίαμα
1941 3433 1955 3481 ;
1987 3393 2095 3468 Καὶ
2127 3414 2209 3476 τίς
2247 3393 2293 3464 ὀί
2332 3409 2799 3477 ἐπαγγελλόμενος
2857 3405 2906 3457 εί
2944 3403 3017 3472 μὴ
3053 3403 3214 3471 μόνος
3249 3403 3276 3453 ὁ
3313 3402 3370 3452 ὲν
3409 3393 3490 3460 οἷς

287 3505 524 3558 πέπονθε
563 3507 887 3576 πειρασθεὶς
922 3507 1036 3568 τοῖς
1074 3506 1492 3575 πειραζομένοις
1556 3506 1770 3576 βοηθεῖν
1794 3504 2181 3572 ἐπιστάμενος,
2213 3499 2309 3552 καὶ
2341 3498 2604 3568 ῥυόμενος
2627 3493 2844 3562 πτωχὸν
2885 3494 2952 3544 εκ
2989 3491 3173 3560 χειρὸς
3220 3487 3512 3558 στερροτέ-

292 3611 402 3665 ρων
429 3596 598 3649 αὐτοῦ
637 3595 735 3648 καὶ
757 3595 972 3664 πτωχὸν
1005 3597 1099 3648 καὶ
1127 3595 1334 3664 πένητα
1360 3593 1470 3649 ἀπὸ
1505 3594 1613 3647 τῶν
1645 3575 2066 3666 διαρπαζόντων
2117 3586 2299 3650 αὐτὸν,
2349 3585 2444 3636 καὶ
2479 3582 2651 3636 ποιῶν
2712 3580 2894 3632 πάντα
2945 3580 3037 3631 καὶ
3090 3575 3514 3646 μετασκευάζων

290 3682 380 3735 ἀεὶ
419 3684 556 3752 πρὸς
591 3684 652 3734 τὸ
683 3682 929 3752 βέλτιον;
976 3702 996 3735 ι

363 3785 429 3830 ε’.
474 3776 640 3830 Ταῦτ’
685 3775 746 3838 ἐξ
793 3773 1132 3844 ὑπεράντλου
1182 3776 1301 3837 ταῖς
1357 3774 1617 3843 άχθηδόσι
1667 3772 1844 3843 ψυχῆς
2023 3770 2056 3824 5

1808 3790 1844 3841 ις
2023 3770 2076 3824 5.
2116 3768 2246 3834 Quae
2297 3780 2422 3821 cum
2475 3779 2540 3818 ex
2593 3763 2777 3816 animo
2830 3758 3116 3814 doloribus
3163 3756 3507 3811 redundante

288 3868 628 3928 κενώσαντες
651 3867 1008 3935 πορευόμενοι
1026 3865 1424 3935 ἐπορευόμεθα,
1449 3865 1728 3924 κλαίοντες
1753 3863 1847 3915 καὶ
1953 3880 1982 3920 e

1812 3863 1847 3913 ιὶ
1953 3863 2354 3920 eﬂ'udissemus.
2399 3853 2986 3911 continenteribamus
3014 3850 3294 3919 plorantes
3329 3854 3387 3902 et
3433 3847 3511 3902 la-

291 3960 578 4033 βάλλοντες
611 3958 738 4019 τοὺς
783 3957 1014 4027 θρήνους
1066 3957 1142 4018 ὡς
1182 3958 1497 4026 σπέρματα.
1541 3957 1601 4008 Ei
1651 3957 1707 4008 δὲ
1752 3956 1847 4007 καὶ
1956 3969 1985 4009 c

1814 3956 1847 4006 ιι
1956 3966 2168 4023 crymas
2196 3959 2451 4017 tanquam
2484 3945 2692 4000 semina
2742 3950 3079 4011 spargentes.
3116 3938 3171 3992 Si
3200 3953 3331 3991 vero
3366 3935 3513 3991 redi-

288 4027 576 4123 έρχόμενοι
606 4051 831 4119 ἥξομεν,
886 4049 1132 4118 αἴροντες
1179 4050 1235 4099 ἐν
1283 4047 1602 4115 ἀγαλλιάσει
1656 4049 1723 4099 τά
1750 4048 1846 4108 τῆς
1957 4055 1987 4098 ιι

1822 4064 1846 4106 ς
1957 4044 2066 4098 turi
2101 4056 2292 4096 sumus
2321 4035 2690 4108 prosperioris
2719 4032 3039 4086 mutationis
3063 4029 3374 4097 manipulos
3401 4027 3517 4082 col-

285 4120 610 4211 δεξιωτέρας
639 4140 975 4201 ἀλλοιώσεως
1002 4139 1313 4208 δράγματα,
1339 4138 1511 4206 δῶρον
1530 4137 1688 4189 τοῦτο
1712 4135 1846 4189 Θεοῦ
1944 4137 1984 4190 le

1818 4135 1846 4186 ὖ
1944 4132 2280 4196 lecturi,Dei
2317 4144 2517 4182 munus
2550 4127 2600 4180 id
2631 4126 2737 4180 erit
2766 4164 2780 4186 ,
2831 4124 2923 4192 qui
2971 4120 3349 4191 pusillanimes
3377 4133 3514 4173 con-

287 4209 383 4288 τοῦ
413 4209 860 4302 παρακαλοῦντος
886 4231 1014 4293 τοὺς
1059 4229 1414 4298 ὀλιγοψύχους
1438 4233 1530 4281 καὶ
1581 4230 1847 4297 σωτηρίου
1948 4227 1981 4278 ﬁ

1806 4247 1847 4279 is
1948 4227 2146 4283 ﬁrmat,
2176 4223 2266 4290 qni
2310 4236 2405 4274 eos
2436 4218 2632 4273 salutis
2663 4227 2814 4269 veste
2849 4214 3029 4267 induit
3059 4221 3117 4266 et
3149 4211 3337 4265 tunica
3369 4209 3505 4263 laeti-

290 4322 662 4394 περιτιθέντος
696 4321 913 4389 ἱμάτιον
950 4322 1048 4374 καὶ
1067 4321 1270 4389 χιτῶνα
1311 4319 1650 4389 εὐφροσύνης
1699 4319 1849 4369 ἐνδύ-
1950 4319 1986 4371 ti

1814 4341 1849 4362 ι-
1950 4319 2038 4371 tiae
2068 4316 2270 4369 amicit.
2342 4311 2708 4366 Antecedebat
2756 4317 2939 4361 autem
2993 4321 3091 4359 nos
3138 4303 3513 4359 mcumenicus

288 4428 504 4473 σαντος.
525 4411 744 4479 Προῆγε
768 4411 822 4462 δὲ
852 4411 884 4479 ἠ
895 4409 1010 4478 μῶν
1048 4410 1076 4460 ὀ
1099 4409 1469 4476 οῑκουμενικδς
1492 4409 1851 4476 ἀρχιποιμὴν.
1951 4421 1987 4459 81

1828 4424 1851 4463 ‘.
1951 4421 2200 4459 suinmus
2232 4413 2437 4472 pastor,
2475 4417 2580 4454 non
2611 4415 2792 4468 peram
2820 4399 3023 4460 ferens,
3094 4412 3200 4449 non
3229 4409 3423 4448 aurum
3457 4394 3527 4450 in.

291 4505 367 4575 μὴ
397 4505 581 4572 πήραν
617 4502 822 4570 φέρων,
855 4501 928 4569 μὴ
968 4500 1168 4569 χρυσὸν
1205 4501 1296 4551 ἐπὶ
1325 4500 1423 4568 τὴν
1460 4499 1655 4566 ὀσφὺν.
1704 4499 1840 4566 ἄρα·
1879 4483 1920 4534 Ῑ)
1950 4513 1990 4549 zi

1810 4525 1840 4546 .-
1879 4483 1920 4534 Ῑ)
1950 4511 2105 4558 zona,
2143 4494 2261 4547 sine
2288 4493 2498 4552 baculo.
2536 4491 2654 4544 sine
2673 4489 2890 4551 calceis,
2938 4504 3044 4543 una
3078 4487 3320 4542 tunicula
3349 4484 3509 4538 indu-

289 4594 416 4655 ϐδος
447 4591 544 4645 καὶ
585 4591 882 4652 ἀσάνδαλος
919 4593 1011 4641 καὶ
1048 4588 1296 4658 χιτώνιον
1334 4585 1398 4639 ἓν
1442 4589 1848 4657 περικείμενος,
1949 4594 1988 4637 ιι

1810 4607 1848 4654 ς,
1949 4594 2057 4644 tus.
2115 4585 2325 4651 integer
2400 4582 2750 4649 evangelicus
2816 4579 3138 4645 apostolus,
3194 4585 3289 4629 aut
3324 4575 3509 4643 potius

293 4684 514 4750 ἐντελὴς
553 4679 911 4747 εὑαγγελικὸς
948 4678 1263 4741 ἀπόστολος,
1293 4678 1325 4745 ἢ
1371 4678 1572 4744 μᾶλλον
1599 4677 1690 4727 τοῦ
1716 4678 1850 4744 Χρι-
1948 4677 1988 4730 C

1814 4697 1850 4728 ι·
1948 4676 2151 4730 Christi
2184 4675 2479 4740 exemplar,
2508 4682 2780 4741 quatenus
2831 4685 3067 4738 paupere
3114 4669 3284 4722 asello
3326 4676 3513 4720 vectus

291 4772 422 4827 στοῦ
451 4772 766 4839 ἀντίμιμος,
798 4769 921 4822 καθ’
951 4772 1076 4822 ὅσον
1107 4769 1309 4841 ὀναρίιρ
1339 4768 1597 4836 πτωχικῷ
1619 4767 1852 4835 έποχού-
1951 4784 1982 4820 n

1809 4767 1852 4817 i-
1951 4783 2088 4820 nova
2117 4765 2277 4819 Sione
2301 4764 2633 4820 discedebat.
2661 4779 2766 4816 non
2793 4773 2970 4815 autem
2993 4759 3337 4827 triumphans
3366 4758 3508 4811 illam

296 4882 455 4925 αενος
507 4863 800 4932 μεθίστατο
844 4861 943 4930 τῆς
988 4863 1111 4922 νέας
1161 4859 1317 4923 Σιὼν,
1363 4861 1422 4911 οὑ
1457 4862 1544 4912 τὸν
1569 4860 1850 4925 ὲπάύτῆς
1953 4860 1995 4911 ir

1811 4875 1850 4925 ;ς
1953 4857 2384 4926 ingrediebatur.
2439 4854 2514 4909 Ac
2566 4866 2678 4906 tum
2743 4868 2842 4905 nos
2908 4851 3211 4919 Selybriam
3282 4849 3510 4918 proiecti

1957 4947 2216 4999 oberrarc
2266 4945 2616 4998 destitimus.
2679 4952 2788 4994 tota
2839 4941 2926 4994 fa'i
2953 4942 3043 4993 ilia
3093 4941 3515 5005 inviolata,qu:u

1958 5053 2146 5107 magna
2183 5037 2274 5089 Dei
2305 5037 2602 5090 liberalitas
2624 5043 2708 5086 est
2729 5041 2783 5085 et
2809 5034 3136 5099 sempiterna
3167 5033 3512 5098 perfectaque

291 4955 575 5026 ἔσχεδίαζε
631 4953 926 5021 θρίαμϐον.
965 4951 1099 5002 Τότε
1148 4951 1193 5002 δ’
1225 4950 1317 5002 οῦν
1377 4951 1548 5016 πέρας
1584 4949 1684 5015 τῆς
1726 4948 1845 5000 ὀδοῦ

289 5049 389 5118 τὴν
436 5046 522 5118 [Ρ.
573 5042 701 5114 582]
763 5043 1068 5111 Σηλυϐρίαν
1121 5041 1233 5109 (61)
1273 5043 1434 5109 ἡμεῖς
1490 5041 1705 5108 θέμενοι
1753 5037 1846 5090 τοῦ

291 5136 485 5191 λοιποῦ
509 5135 606 5188 τοῦ
645 5134 851 5186 πλάνου
879 5131 1233 5193 πεπαύμεθα,
1254 5131 1573 5197 ἀνύϐριστοι
1605 5128 1848 5190 πανοικὶ,
1957 5143 1990 5178 ιι

1813 5131 1848 5190 ι,
1957 5127 2348 5188 muniﬁcentia,
2384 5125 2545 5194 785
2584 5140 2690 5176 non
2728 5125 2920 5176 ferreis
2955 5123 3201 5184 manicis,
3233 5137 3340 5174 non
3369 5121 3512 5173 funi-

291 5230 354 5281 τὸ
384 5229 528 5298 μέγα
549 5226 644 5280 τοῦ
677 5225 811 5279 Θεοῦ
840 5225 968 5294 περὶ
1033 5225 1182 5290 ἡμᾶς
1225 5222 1567 5290 φιλοτίμημα
1610 5220 1704 5272 καὶ
1738 5220 1850 5271 ἀεί·
1959 5221 1990 5272 b

1813 5220 1850 5268 ῐ-
1959 5221 2062 5272 bus
2104 5218 2266 5270 vincti
2293 5257 2306 5278 ,
2353 5233 2462 5269 non
2502 5217 2697 5284 pugnis
2739 5216 2894 5272 Caesi.
2941 5225 2996 5266 ut
3041 5213 3194 5266 inulti
3222 5227 3285 5264 ex
3312 5212 3512 5266 nostris

296 5337 532 5391 μνηστον
567 5319 661 5374 καὶ
696 5317 902 5370 τέλειον
934 5315 1183 5385 δώρημα,
1218 5313 1339 5385 μηδ’
1366 5311 1716 5383 ἀρθρέμϐολα
1758 5312 1853 5367 καὶ
1961 5327 1992 5378 p

1813 5312 1853 5367 ιὶ
1961 5309 2202 5378 pecunia:
2230 5307 2420 5360 danda:
2447 5321 2646 5368 causa;
2675 5315 2730 5358 et
2773 5319 2801 5357 a
2852 5305 2966 5356 solo
3001 5305 3109 5356 Deo
3135 5301 3384 5363 enutriti,
3417 5299 3512 5367 qui

1544 5476 1716 5533 Hier.
1752 5471 1948 5532 Wollii
1987 5477 2166 5533 notae.

366 5604 478 5673 (6i)
517 5603 872 5673 Σηλυϐρίαν,
895 5601 1261 5673 Σηλυμϐρίαν.
1291 5600 1463 5652 Etiam
1493 5599 1631 5673 apud
1662 5599 1855 5673 Dcmo-
1961 5597 2065 5673 vidi

1818 5615 1855 5646 υ-
1961 5597 2419 5673 videtur_propter
2455 5594 2754 5646 litterarum
2791 5590 2965 5656 βεοιίμ
3000 5596 3152 5639 notas
3182 5581 3379 5636 alicubi
3405 5593 3517 5636 non

294 5665 547 5733 sthenem
583 5665 823 5726 nostrum
860 5665 972 5724 haec
1012 5665 1280 5722 vox'alias
1329 5685 1474 5729 cum,
1511 5665 1641 5721 alias
1667 5669 1780 5718 sine
1816 5684 1853 5733 μ
1963 5665 2272 5719 dissimiles.

298 5745 578 5804 scribitur,
605 5751 662 5796 ut
683 5755 736 5796 et
762 5740 1015 5802 ἀρύμϐας
1040 5749 1093 5793 et
1123 5739 1386 5800 ἀρύϐϐας.
1423 5738 1574 5800 Quod
1606 5736 1853 5791 accidere
