4314 6356
791 362 895 424 9T9

2027 367 2070 423 Ν
2082 368 2319 425 lCET/E
2359 370 2561 429 (ΖΜΟΝ
2573 370 2769 428 1AM;

3921 373 4028 436 980

791 477 976 529 cibum
1010 474 1268 529 omnibus
1295 482 1608 542 opportuno
1647 485 1893 543 tempore
1920 488 2076 531 curat
2101 488 2155 531 et
2183 480 2360 547 pullos
2390 492 2435 545 Α
2465 497 2495 532 σ

2328 495 2360 533 ιε
2390 492 2435 545 Α
2465 481 2882 550 σχοινοΜσμους
2909 478 3046 531 κάπὶ
3074 479 3183 532 τῶν
3217 480 3506 549 κροτάφων
3545 480 3925 549 ἀστραγάλους
3952 482 4032 537 ῶς

789 580 1078 619 corvorum
1107 579 1172 619 sc
1202 564 1523 619 invocantes
1564 564 1784 634 largiter
1814 568 2009 634 pascit.
2046 577 2102 622 et
2125 570 2359 637 agrestia

788 657 902 709 lilia
927 699 940 719 ,
987 671 1107 723 qua:
1154 671 1334 724 neque
1364 666 1496 709 nent
1528 671 1705 724 neque.
1737 659 2031 720 seminaut,
2074 660 2361 727 splendide

789 748 972 800 vestit.
1001 746 1134 800 Nam
1168 746 1360 800 rustici
1392 756 1445 800 et
1474 746 1671 815 plebeii
1700 748 1950 803 homines
1977 750 2136 802 nobis
2159 749 2365 816 Byzan-

792 838 923 891 tinis
953 837 1121 906 magis
1152 837 1508 899 insultabanl,
1528 849 1583 889 et
1617 838 1985 893 mendicitatis
2014 856 2077 894 ac
2097 840 2362 895 nuditatis

792 928 1074 981 miseriam
1117 928 1485 995 aequalitatem
1526 936 1775 979 amenler
1818 928 2196 989 nominabant,
2226 929 2361 981 vici-

792 1034 989 1072 norum
1024 1019 1180 1071 malis
1206 1018 1377 1070 nihilo
1412 1018 1539 1071 facti
1570 1018 1969 1086 prudentiores.
2006 1018 2160 1071 Multi
2191 1019 2357 1073 etiam

797 1110 1049 1162 homines
1104 1108 1287 1177 injurii
1344 1108 1511 1160 Deum
1570 1108 1866 1161 laudabant
1903 1108 2158 1172 scilicet,
2218 1108 2363 1177 quod

796 1200 955 1252 tlitati
999 1210 1185 1253 essent
1214 1200 1559 1266 popularium
1595 1197 1847 1266 pretiosis
1873 1198 2227 1252 facultatibus
2273 1199 2362 1253 vili

796 1289 973 1356 pretio
1001 1289 1320 1356 redemptis.
1357 1288 1599 1341 Necdum
1628 1289 1775 1342 enim
1810 1289 2113 1344 taurivoros
2143 1289 2366 1345 Latinos

796 1380 850 1432 in
882 1378 1027 1433 mdes
1050 1394 1177 1432 suas
1211 1387 1555 1447 receperant,
1582 1394 1760 1446 neque
1794 1390 2008 1442 norant,
2053 1389 2115 1432 ut
2152 1397 2362 1434 merum

794 1466 978 1528 simul,
1006 1464 1468 1534 quemadmodum
1493 1475 1548 1517 et
1578 1464 1744 1517 bilem
1768 1507 1784 1527 ,
1821 1464 2131 1532 importune
2182 1466 2366 1518 cll‘un-

796 1557 991 1611 dervnt
1017 1596 1032 1620 ,
1086 1566 1143 1611 et
1190 1557 1468 1611 Romanos
1496 1555 1733 1625 superbe
1770 1567 1827 1609 et
1869 1556 2225 1625 contemptim
2272 1557 2368 1610 ha-

797 1648 1014 1704 berent.

2470 570 2659 622 πολλοὶ
2714 571 2822 622 τῶν
2880 568 3002 621 καθ’
3046 569 3195 639 ἡμᾶς
3257 569 3543 638 δεξάμενοι
3591 571 3678 628 διὰ
3733 572 4033 641 χρημάτων

2471 661 2753 726 ἀπόδοσιν,
2786 661 2884 713 καὶ
2912 660 3048 731 πρὸς
3082 660 3247 729 μόνου
3268 661 3404 713 Θεοῦ
3441 662 3772 730 τρεφόμενοι
3802 663 3898 715 τοῦ
3930 663 4029 732 τὴν

2462 752 2670 820 τροφὴν
2693 754 2750 803 ἐν
2776 750 3031 821 εὐκαιρίᾳ
3062 752 3193 804 πᾶσι
3218 750 3573 821 βραϐεύοντος
3607 754 3701 806 καὶ
3728 754 3853 814 τοὺς
3884 770 4035 806 νεοσ-

2468 842 2594 902 σοὺς
2626 842 2735 893 τῶν
2770 841 3027 909 κοράκων
3050 842 3176 903 τοὺς
3209 841 3676 909 ἐπικαλουμένους
3711 843 3877 896 αὑτὸν
3918 844 4028 895 δει-

2467 930 2748 993 πνίζοντος
2777 934 2831 993 ἐς
2848 931 2908 983 τὸ
2940 930 3193 998 ἄφθονον,
3219 931 3299 982 ἔτι
3330 947 3391 997 γε
3418 932 3522 1000 μὴν
3553 934 3618 985 τά
3640 935 3774 1001 μήτε
3804 933 4035 1000 νήθοντα

2468 1022 2605 1089 μήτε
2638 1022 2933 1091 σπείρονται
2984 1023 3150 1091 κρίνα
3179 1021 3273 1074 τοῦ
3307 1022 3479 1091 ἀγροῦ
3535 1022 3832 1091 φιλοτίμως
3887 1024 4036 1076 ἐνδύ·

2461 1128 2632 1173 οντος.
2670 1113 2734 1165 Ol
2776 1114 2823 1166 δ’
2875 1116 3128 1182 ἀγροῖκοι
3181 1116 3278 1167 καὶ
3336 1115 3579 1180 ἀγελαῖοι
3623 1114 4035 1183 ἐπεκερτόμουν

2467 1200 2667 1271 μᾶλλον
2696 1206 2809 1266 τοῖς
2841 1206 2905 1257 ἐκ
2944 1205 3238 1267 Βυζαντίου
3270 1206 3418 1273 ἡμῖν,
3456 1208 3553 1257 καὶ
3579 1204 3679 1273 τὴν
3708 1205 3766 1255 ἐν
3789 1203 4036 1274 πτωχείᾳ

2464 1294 2557 1344 καὶ
2618 1293 2924 1362 γυμνότητι
2978 1295 3281 1364 κακουχίαν
3343 1293 3709 1346 ίσοπολιτείαν
3782 1295 4038 1364 ἀφρόνως

2464 1382 2769 1451 ὠνόμαζον,
2802 1384 2865 1436 οὐ
2896 1387 3012 1446 τοῖς
3040 1385 3148 1437 τῶν
3184 1385 3350 1446 πέλας
3384 1386 3577 1446 κακοῖς
3620 1386 4028 1450 παιδευόμενοι.

2467 1472 2662 1525 Πολλοὶ
2698 1474 2752 1525 δέ
2776 1474 2870 1525 καὶ
2890 1473 3122 1542 ἀνομίαν
3151 1472 3652 1542 ὑπολαμϐάνοντες,
3692 1473 4034 1542 «Εὐλογητὸς

2466 1562 2688 1632 Κύριος,
2706 1564 2787 1615 ὅτι
2820 1564 3303 1632 πεπλουτήκαμεν,
3337 1582 3355 1615 ι
3378 1564 3584 1629 ελεγον,
3605 1564 3788 1628 ὀλίγου
3810 1562 3908 1624 τάς
3930 1564 4040 1613 τῶν

2469 1653 2829 1719 συμφυλετῶν
2856 1652 3041 1714 οὐσίας
3072 1652 3468 1720 ἀποδιδομένας
3488 1650 3627 1703 ὼνού
3636 1668 3809 1717 μενοι.
3832 1652 3907 1703 Ού
3929 1650 4040 1717 γάρ

800 1756 886 1790 πω
920 1737 1203 1806 βουθοίνας
1233 1738 1596 1807 είσῳκίσαντο
1628 1739 1929 1803 Λατίνους,
1960 1738 2056 1791 καὶ
2088 1738 2303 1792 εἷδοσαν
2340 1740 2487 1801 ὅπως
2524 1741 2622 1807 μὲν
2653 1742 2745 1794 τὸν
2775 1742 3016 1812 ἄκρατον
3037 1738 3181 1794 οἶνον
3215 1742 3353 1809 ὁμοῦ
3386 1744 3480 1794 καὶ
3514 1740 3818 1807 ζωρότερον
3850 1740 4041 1811 ῶσπερ

810 1831 902 1876 καί
936 1829 1025 1877 τον
1053 1826 1212 1894 χόλον
1244 1825 1547 1893 ἀκέραστον
1578 1825 1814 1892 χέουσιν,
1848 1826 1995 1886 ὅπως
2026 1824 2081 1875 δὲ
2121 1824 2413 1893 Ῥωμαίοις
2439 1828 2495 1879 ἐν
2519 1828 2873 1899 ὑπερηφανίᾳ.
2899 1830 2995 1881 καὶ
3026 1827 3375 1892 ἐξουδενώσει
3407 1827 3833 1896 προσφέρονται.

870 1923 948 1976 Ac
980 1932 1168 1976 noster
1205 1930 1405 1985 status,
1436 1934 1737 1988 eorumque
1775 1920 1867 1988 qui
1896 1919 2143 1988 ejusdem
2174 1918 2366 1972 condi-
2398 1924 2445 1983 Β
2548 1921 2574 1971 lt

2341 1947 2366 1957 -
2398 1924 2445 1983 B
2548 1920 2658 1973 Kal.
2682 1919 2907 1973 τοιαῦτα
2938 1919 3042 1986 μὲν
3071 1920 3139 1971 τὰ
3167 1919 3409 1990 ἡμέτερα
3435 1922 3531 1972 κα)⁸
3564 1920 3675 1972 τῶν
3699 1921 3749 1973 οἳ
3788 1936 4040 1973 συνεκοι-

804 2012 970 2066 tionis
1025 2023 1082 2064 et
1124 2010 1324 2065 litteris
1372 2010 1573 2063 eruditi
1612 2018 1807 2073 erant,
1848 2010 1970 2062 talis
2002 2009 2123 2062 fuit.
2156 2009 2367 2077 Impro-

804 2103 907 2155 bus
938 2109 1121 2155 autem
1152 2115 1281 2169 grex
1310 2107 1366 2153 et
1398 2100 1835 2153 circnmioranea
1871 2100 2026 2152 turba
2068 2099 2370 2153 dite-scebat

804 2189 1159 2259 profanandis
1202 2189 1384 2244 denuo
1413 2190 1585 2243 sacris
1612 2229 1626 2251 ,
1670 2205 1791 2257 qum
1821 2189 1999 2242 Latini
2039 2191 2369 2257 vendebant,

806 2282 981 2349 iisque
1016 2280 1179 2351 786
1203 2289 1459 2349 tanquam
1484 2282 1760 2335 communi
1783 2282 2365 2349 mercecauponandis,

806 2372 961 2441 quasi
1011 2386 1142 2425 vero
1186 2370 1403 2439 direpta
1434 2385 1463 2424 e
1508 2370 1727 2437 templis
1763 2371 1858 2424 Dei
1893 2386 2012 2426 esse
2059 2372 2369 2427 desiissent.

808 2466 1005 2520 Hostes
1031 2478 1195 2534 porro
1227 2463 1378 2519 luxui
1400 2472 1456 2517 et
1489 2463 1701 2518 deliciis
1724 2463 2011 2528 vacabant,
2041 2464 2109 2517 iis
2140 2480 2371 2533 praeser-

811 2558 906 2609 tim
949 2572 1071 2625 quae
1105 2554 1171 2609 ad
1222 2555 1603 2608 Romanorum
1659 2553 1902 2607 derisqu
1963 2562 2020 2609 et
2074 2555 2373 2609 ludibrium

811 2647 1169 2713 pertinerent.
1207 2646 1340 2699 Nam
1378 2645 1624 2699 vestibus
1656 2644 1745 2698 lati
1774 2646 1911 2698 clavi
1945 2661 2051 2699 non
2084 2648 2382 2701 necessita-

813 2739 882 2790 tis
911 2738 1003 2792 sed
1035 2739 1177 2790 risus
1211 2738 1383 2805 gratia
1434 2736 1607 2789 induti
1664 2753 1760 2804 per
1812 2738 1963 2791 vicos
2010 2738 2379 2802 incedebant,

813 2830 988 2883 lineas
1025 2829 1218 2883 mitras
1242 2844 1507 2897 equorum
1540 2827 1844 2881 verticibus
1878 2827 2275 2895 imponebant;
2324 2836 2382 2882 et

815 2937 936 2989 quae
976 2922 1031 2974 in
1078 2921 1321 2973 humeris
1352 2920 1690 2988 dependent,
1733 2920 1885 2972 albas
1926 2918 2121 2973 fascias
2149 2918 2382 2973 maxillis

817 3012 1117 3066 bestiarum
1134 3011 1448 3074 alligabunt,
1473 3019 1634 3079 atque
1680 3012 1749 3064 ita
1786 3010 1980 3077 passim
2033 3009 2222 3063 urbem
2254 3002 2388 3076 per-3

819 3102 1162 3171 equitabant.
1201 3102 1300 3155 Alii
1348 3102 1585 3154 calamos
1626 3100 2379 3169 scriptorios,atramentaria

823 3204 880 3247 et
914 3192 1125 3247 libellos
1148 3194 1471 3262 gestabant,
1518 3208 1621 3259 qua
1666 3207 1724 3245 re
1759 3207 1858 3246 nos
1889 3203 1948 3245 ut
1980 3194 2187 3247 scribas
2218 3195 2385 3263 sugil-

2481 2008 2684 2063 νώνουν
2717 2012 2850 2081 ἡμῖν
2875 2012 3156 2080 σχήματος
3188 2010 3415 2065 καὶτῶν
3456 2011 3691 2078 λογικῶν
3724 2013 3782 2064 ἐν
3820 2011 4039 2079 μεθέξει

2479 2099 2834 2154 παιδεύσεων.
2890 2102 2951 2153 Οἱ
3003 2103 3046 2154 δ’
3082 2102 3143 2153 ἐκ
3183 2104 3280 2170 τῆς
3340 2100 3555 2170 φαύλης
3607 2102 3924 2170 συμμορίας
3952 2104 4046 2154 καὶ

2479 2190 2727 2260 ἀγοραῖοι
2769 2192 3220 2262 ἐχρηματίζοντο,
3255 2192 3349 2244 καὶ
3408 2192 3571 2247 πάλιν
3606 2194 3673 2245 τά
3730 2194 3852 2244 θεῖα
3882 2192 4045 2261 βεϐη-

2479 2282 2701 2346 λοῦντες
2760 2283 2866 2335 ὑπὸ
2919 2284 3165 2337 Λατίνων
3217 2283 3582 2348 ἀποδιδόμενα
3613 2283 3706 2335 καὶ
3749 2283 3824 2343 ὡς
3867 2282 4048 2335 κοινὸν

2480 2373 2742 2443 ἀργύριον
2791 2375 3242 2444 ἐμπορευόμενοι,
3290 2374 3365 2437 ὠς
3394 2376 3554 2443 εῐπερ
3575 2373 3682 2426 τῶν
3714 2373 3859 2427 ναῶν
3903 2375 4048 2443 ἀφῃ-

2484 2467 2697 2534 ρημένα
2740 2465 2839 2519 καὶ
2884 2466 2948 2518 τὸ
2983 2463 3124 2518 εἶναι
3172 2464 3310 2519 Θεοῦ
3356 2465 3716 2519 ἀπεϐἀλοντο.
3770 2464 3844 2516 Τὸ
3881 2463 3937 2519 δέ
3985 2480 4050 2529 γε

2484 2557 2775 2610 ἀντίπαλον
2802 2559 2859 2610 ἐν
2882 2558 3196 2625 ἀσελγείαις
3226 2554 3294 2626 ἦν
3320 2556 3415 2609 καὶ
3438 2558 3689 2624 τρυφαῖς,
3724 2556 3821 2607 καὶ
3846 2553 4051 2614 τούτων

2482 2649 2606 2709 ταῖς
2636 2648 2895 2716 ἀσέμνοις
2924 2648 3181 2717 μάλιστα,
3217 2646 3443 2700 καὶτῶν
3488 2646 3814 2713 Ῥωμαϊκῶν
3857 2647 3915 2700 ἐν
3945 2663 4051 2698 κω-

2492 2736 2669 2808 μῳδίᾳ
2696 2738 2856 2791 ἐθῶν.
2883 2738 3007 2791 Τῶν
3041 2737 3151 2806 γάρ
3194 2736 3427 2804 ἱματίων
3462 2736 3530 2787 τὰ
3584 2736 3918 2804 πλατύσημα
3975 2736 4050 2803 μὴ

2488 2833 2628 2883 κατὰ
2668 2830 2878 2899 χρείαν,
2937 2828 3075 2897 πρὸς
3124 2828 3179 2879 δὲ
3237 2828 3411 2894 γέλων
3459 2827 3910 2896 περιϐαλλόμενοι
3956 2828 4054 2888 τὰς

2489 2923 2686 2990 ἀγυιὰς
2729 2920 3050 2990 περιῄεσαν,
3095 2920 3189 2972 καὶ
3227 2918 3327 2978 τὰς
3352 2917 3737 2980 ὀθονοσκεπεῖς
3783 2934 4052 2986 περικρα-

2490 3013 2635 3073 νίους
2655 3009 2974 3077 καλύπτρας
3002 3008 3123 3068 ταῖς
3151 3010 3413 3076 κορυφαῖς
3440 3007 3548 3058 τῶν
3572 3007 3866 3077 ὀχημάτων
3900 3023 4057 3075 περι-

2492 3104 2733 3163 τιθέντες
2766 3099 2861 3152 καὶ
2913 3100 2979 3150 τὰ
3027 3097 3167 3149 κατὰ
3221 3095 3391 3149 νώτου
3460 3097 3737 3165 κεχυμέια
3776 3097 4057 3149 λευκόλινα

2492 3198 2610 3257 ταῖς
2642 3192 2886 3251 ἱππείαις
2934 3190 3156 3256 γένυσιν
3184 3186 3363 3241 αὐτῶν
3406 3188 3749 3255 περιδέοντες
3803 3188 3940 3259 mn
3967 3189 4059 3239 καὶ

829 3287 1035 3341 labant.
1068 3286 1299 3339 Maxima
1337 3300 1463 3337 vero
1491 3300 1615 3352 pars
1642 3284 1902 3338 mulieres
1934 3301 1963 3338 a
2012 3302 2069 3339 se
2112 3295 2387 3353 stupratas
2413 3258 2455 3313 ο
2489 3284 2533 3337 ᾶῑ

2361 3302 2387 3340 s
2413 3258 2455 3313 ο
2489 3284 2623 3354 ἄλλῃ
2647 3282 2747 3347 τῆς
2778 3280 2985 3339 πόλεως
3019 3276 3400 3341 ἐξιππάζοντο.
3441 3277 3504 3330 0i
3535 3277 3589 3329 δέ
3613 3277 3862 3345 γραφέας
3912 3258 4061 3328 δόνα-

826 3376 1003 3445 longis
1044 3376 1219 3444 peplis
1254 3376 1474 3429 indutas
1503 3386 1558 3429 et
1591 3377 1804 3443 capillis
1850 3376 1903 3429 in
1953 3392 2126 3430 unum
2181 3377 2386 3430 nodum

829 3468 987 3522 tortis
1032 3477 1088 3519 et
1140 3469 1192 3521 in
1241 3477 1450 3537 tergum
1501 3464 1821 3537 rejectis‘in
1884 3467 2040 3535 equis
2094 3467 2388 3522 vehebant.

834 3559 1192 3612 Muliebrihus
1220 3573 1351 3610 vero
1382 3548 1613 3626 pileolis,
1641 3566 1698 3611 et
1726 3557 2164 3626 dependentibus
2191 3572 2219 3609 a
2252 3569 2392 3611 tem-

834 3649 1063 3717 poribus
1090 3647 1284 3715 crispis
1311 3657 1365 3702 et
1390 3649 1528 3701 albis
1559 3648 1828 3709 crinibus.
1857 3663 2030 3716 equos
2062 3662 2192 3701 suos
2227 3663 2395 3701 orna-

839 3739 991 3800 bant.
1027 3754 1090 3791 ac
1145 3749 1290 3792 totos
1340 3738 1459 3791 dies
1498 3737 1946 3791 comessabantur
1997 3746 2052 3790 et
2097 3736 2393 3805 potabant,

840 3829 931 3880 alii
967 3827 1211 3897 cupediis
1256 3836 1311 3880 et
1361 3828 1590 3881 lautitiis
1638 3827 1871 3887 intenti.
1908 3827 1999 3880 alii
2052 3828 2230 3896 patrio
2274 3827 2399 3881 cibo

840 3928 1145 3978 vescentes.
1173 3933 1292 3985 qnze
1317 3926 1475 3971 erant
1507 3927 1657 3985 terga
1690 3917 2020 3972 bubularum
2049 3919 2297 3972 carnium
2323 3919 2402 3972 le—

843 4008 1060 4063 hetibus
1088 4008 1353 4069 immissa,
1372 4016 1428 4061 et
1445 4007 1701 4062 succidias
1718 4024 1841 4061 cum
1864 4008 2082 4062 fabacea
2109 4008 2277 4061 farina
2302 4008 2402 4062 eli-

841 4113 940 4158 ιω.
977 4108 1037 4151 ιιι
1061 4111 1115 4152 et
1147 4098 1307 4167 787
1338 4098 1607 4166 intinctus
1633 4112 1701 4150 ex
1731 4097 1874 4151 alliis
1904 4107 1959 4150 et
1991 4096 2172 4165 liquor
2198 4112 2262 4149 ex
2281 4095 2402 4151 aliis

842 4190 1063 4244 acribus
1110 4189 1437 4242 humoribus
1492 4188 1796 4242 confectus.
1833 4189 1961 4242 Post
2016 4188 2403 4243 manubiarum

844 4282 1194 4352 partitionem
1226 4296 1377 4335 sacra
1408 4281 1632 4335 minime
1667 4296 1697 4334 a
1745 4281 1972 4349 profano
1998 4278 2406 4349 distingueban-

846 4385 955 4437 tur,
983 4373 1077 4428 sed
1103 4389 1170 4428 ex
1188 4388 1344 4443 aequo
1374 4372 1621 4441 corporis
1674 4373 1862 4427 usibus
1908 4382 2137 4439 utraque
2171 4370 2404 4425 adhibe-

844 4463 1066 4527 bantur,
1100 4463 1215 4517 sine
1252 4465 1361 4517 ullo
1393 4462 1643 4517 Numinis
1695 4472 1750 4516 et
1792 4462 2071 4530 religionis
2130 4470 2404 4529 respectu,

2499 3391 2600 3433 κας
2635 3372 2729 3424 καὶ
2760 3370 2939 3439 δοχεῖα
2977 3368 3203 3436 μέλανος
3244 3367 3499 3435 φέροντες
3528 3367 3715 3435 τόμοις
3748 3367 3847 3435 τὴν
3906 3372 4062 3437 χεῖρα

2495 3463 2760 3524 ἐδίδοσαν,
2797 3461 2872 3522 ὡς
2905 3455 3273 3527 γραμματέας
3306 3457 3457 3526 ἡμᾶς
3512 3457 3869 3519 τωθάζοντες.
3910 3459 3973 3509 Ol
4006 3458 4063 3509 δέ

2494 3554 2716 3616 πλείους
2746 3553 2844 3618 τὰς
2871 3551 2969 3621 μὲν
2998 3549 3104 3601 ὑπὸ
3138 3548 3285 3616 σφῶν
3321 3546 3637 3617 βιασθείσας
3695 3550 3789 3600 ἐπὶ
3836 3548 3945 3600 τῶν
3979 3549 4065 3599 ἴπ-

2498 3664 2615 3699 πων
2670 3646 2906 3713 ἀνεῖχον,
2940 3639 3319 3701 τανυπέπλους
3357 3640 3510 3699 τινὰς
3545 3638 3641 3689 καὶ
3673 3639 4064 3707 ἀπηνηκώτους

2499 3735 2608 3805 (62)
2645 3736 2739 3788 καὶ
2764 3734 2861 3793 τὰς
2892 3731 3083 3800 τρίχας
3097 3728 3580 3797 συνεστραμμένοις
3608 3728 3685 3789 είς
3701 3727 3949 3780 ὀπίσθιον
3972 3729 4067 3780 ἕνα

2501 3826 2764 3895 πλοχμὺν,
2825 3822 2891 3876 τὰ
2928 3823 2984 3875 δὲ
3041 3822 3328 3888 γυναικεῖα
3374 3819 3659 3887 τυμπάνια
3704 3819 3799 3871 καὶ
3838 3821 3907 3871 τὰ
3960 3820 4067 3871 τῶν

2502 3916 2674 3970 οῠλων
2709 3916 2803 3968 καὶ
2865 3912 3076 3966 λευκῶν
3108 3910 3311 3981 τριχῶν
3354 3909 3721 3979 ἐπικροτάφια
3783 3910 4071 3979 καθέματα

2502 4011 2616 4069 τοῖς
2648 4008 2839 4067 ἵπποις
2874 4002 3279 4075 περιετίθεσαν.
3313 4000 3636 4070 Ἐκώμαζόν
3680 4017 3742 4053 τε
3777 4003 3872 4052 καὶ
3899 4002 4073 4069 ἠκρα·

2503 4101 2714 4164 τίζοντο
2743 4096 3096 4167 πανημέριοι,
3129 4095 3178 4146 οί
3223 4093 3319 4162 μὲν
3344 4092 3650 4162 βρωμάτων
3709 4095 4072 4160 μαγγανείαις

2507 4186 2914 4255 προσκείμενοι,
2955 4184 3004 4234 ot
3041 4181 3098 4234 δέ
3129 4183 3221 4234 καὶ
3247 4182 3346 4248 τὴν
3375 4182 3612 4249 πατρίαν
3651 4181 3853 4250 ἐδωδὴν
3900 4197 4074 4248 παραυ

2506 4276 2783 4341 τιθέμενοι
2812 4274 3169 4335 ἐπιδείπνιον,
3205 4273 3325 4342 ἥτις
3356 4267 3423 4340 ἦν
3467 4272 3626 4324 νῶτοι
3669 4271 3858 4340 βοείων
3901 4272 4075 4341 κρεῶν

2509 4367 2908 4437 διαχαλὼμενοι
2954 4364 3146 4434 λέϐησι
3192 4364 3289 4415 καὶ
3344 4363 3488 4415 συῶν
3536 4362 3751 4432 τεμάχη
3806 4361 4078 4430 ταριχηρά

2515 4460 2751 4525 κυάμοις
2818 4456 3038 4523 ἀλητοῖς
3086 4453 3446 4523 συνεψόμενα,
3514 4450 3704 4516 ῶσπερ
3759 4452 3853 4503 καὶ
3906 4453 3969 4502 τὸ
4017 4453 4078 4502 ἐκ

2513 4546 2783 4616 σκορόδων
2805 4546 2900 4597 ἐπέ
2910 4541 3148 4613 μϐαμμά
3172 4558 3227 4593 τε
3245 4543 3334 4593 καὶ
3354 4539 3595 4609 σύνθεμα
3614 4540 3671 4604 ἐξ
3692 4540 3869 4592 ἀλλων
3890 4539 4078 4607 χυμῶν

2437 4624 2482 4677 D
2513 4636 2923 4708 δριμυσσόντων
2961 4634 3060 4701 τὴν
3099 4630 3376 4700 αἴσθησιν.
3421 4630 3571 4682 Ἐπεὶ
3599 4630 3655 4682 δὲ
3686 4631 3778 4682 καὶ
3812 4632 3877 4681 τὰ
3910 4630 4079 4680 σκῦλα

844 4555 981 4607 adeo
1012 4564 1071 4607 ut
1093 4554 1294 4608 Christi
1319 4563 1374 4607 et
1406 4563 1719 4608 sanctorum
1742 4554 1944 4608 divinis
1965 4552 2289 4621 imaginibus
2310 4565 2409 4620 pro

847 4646 997 4699 sellis
1026 4656 1081 4699 et
1112 4646 1367 4699 scabellis
1392 4654 1703 4699 uterentur.

846 4739 1201 4805 διενείμαντο,
1234 4739 1332 4789 οὐκ
1362 4734 1430 4807 ἦν
1458 4754 1542 4800 τις
1583 4738 1714 4806 παρ’
1736 4736 1970 4799 ἐκείνοις
2002 4735 2254 4803 διαστολὴ
2284 4733 2529 4786 ἐπίπλων
2554 4732 2647 4782 καὶ
2667 4727 2877 4781 σκευῶν
2911 4724 3156 4794 βεϐήλων
3185 4740 3245 4775 τε
3284 4724 3378 4776 καὶ
3414 4723 3603 4788 ἁγίων,
3680 4722 3797 4773 ἀλλ’
3824 4721 3911 4773 ἐπ’
3958 4722 4079 4787 ῖσης

848 4825 1050 4877 ἅπασιν
1080 4826 1158 4885 είς
1195 4824 1290 4886 τὰς
1327 4824 1641 4891 σωματικὰς
1680 4821 1864 4889 χρείας
1894 4822 2211 4889 ἐκέχρηντο,
2248 4817 2383 4871 Θεοῦ
2412 4818 2506 4870 καὶ
2568 4816 2786 4883 θέμιδος
2818 4813 2957 4865 κατὰ
2995 4810 3160 4878 μηδὲν
3189 4808 3582 4878 ἐμπαζόμενοι.
3618 4809 3697 4860 Τά
3735 4808 3792 4861 δὲ
3821 4809 3915 4860 τοῦ
3951 4808 4082 4875 Χρι-

853 4913 978 4964 στοῦ
1010 4914 1105 4963 καί
1152 4912 1262 4963 τῶν
1295 4912 1469 4977 ἀγίων
1506 4909 1592 4976 IP.
1620 4909 1747 4979 585]
1775 4909 1896 4961 θεῖα
1919 4908 2231 4975 εἰκάσματα
2261 4909 2342 4966 είς
2366 4906 2528 4973 ἔδρας
2551 4903 2646 4953 καὶ
2682 4899 2859 4953 ποδῶν
2891 4896 3143 4967 θρανίδας
3186 4896 3459 4963 παρῆγον.

918 5010 973 5064 6.
1000 5006 1292 5074 Postquam
1311 5006 1621 5075 provincias
1641 5014 1695 5057 et
1718 5004 1880 5057 urbes
1903 5003 2088 5056 sortiri
2107 5010 2412 5071 cmperunt,
2597 5015 2622 5060 ς

2378 5010 2412 5063 t,
2597 5004 2673 5060 ς’.
2710 4996 2797 5054 Ὠς
2819 4993 2876 5046 δέ
2901 4991 2996 5044 καὶ
3023 4993 3255 5060 κλήρους
3285 4989 3493 5041 πόλεων
3512 4987 3606 5039 καὶ
3626 4987 3822 5056 χωρῶν
3851 4983 4082 5055 ἤρξαντο

848 5100 1159 5155 vecordiam
1189 5137 1204 5161 ,
1238 5114 1303 5151 ne
1351 5099 1615 5151 insaniant
1653 5098 1849 5156 dicam,
1886 5097 2125 5148 virorum
2157 5092 2414 5162 superbia
2519 5087 2547 5155 β

2373 5093 2414 5145 ia
2519 5087 2757 5155 βάλλειν,
2787 5079 2854 5151 ἦν
2897 5082 3097 5134 ἰδέσθαι
3135 5083 3228 5132 καὶ
3252 5077 3443 5129 θέσθαι
3472 5078 3552 5129 ὅτι
3581 5076 3671 5127 διὰ
3705 5076 3957 5128 πλείστου
3986 5075 4077 5127 τοῦ

855 5189 1188 5242 tumentium
1240 5187 1724 5254 incomparabilem
1762 5201 1873 5239 non
1906 5187 2025 5239 sine
2056 5200 2265 5239 summa
2318 5185 2414 5236 ad-
2513 5179 2559 5231 θι

2377 5186 2414 5236 I-
2513 5177 2786 5247 θαύματος
2812 5175 3019 5245 ἀνδρῶν
3040 5172 3360 5241 τυφομανῶν
3382 5171 3455 5241 μὴ
3474 5170 3784 5239 ξυμϐλητὴν
3810 5171 4081 5230 ἀπόνοιαν,

855 5281 1141 5333 miratione
1176 5292 1453 5332 cerneres.
1502 5277 1664 5340 Quasi
1698 5277 1845 5330 enim
1874 5277 1983 5345 jam
2018 5291 2174 5343 reges
2222 5288 2412 5343 regum
2514 5272 2559 5322 εί

2376 5288 2412 5324 n
2514 5271 2611 5322 εἴτ’
2643 5265 2734 5321 οὖν
2764 5267 3059 5334 παράνοιαν
3088 5266 3259 5316 εἰπεῖν
3289 5262 3634 5330 οἰκειότερον.
3671 5260 3763 5321 Ὠς
3796 5261 3903 5327 γάρ
3932 5259 4080 5328 βασι-

851 5368 1033 5421 effecti
1066 5382 1121 5420 et
1151 5369 1342 5422 orbem
1374 5377 1639 5420 terrarum
1674 5368 1787 5421 suis
1823 5366 2081 5419 manibus
2111 5364 2408 5433 complexi,
2512 5363 2555 5415 λι

2374 5364 2408 5427 i,
2512 5361 2646 5415 λέων
2673 5362 2771 5430 ἤδη
2805 5359 3042 5427 βασιλεῖς
3064 5352 3403 5415 καθεστῶτες
3435 5351 3529 5403 καὶ
3546 5348 3606 5402 τὸ
3636 5351 3915 5418 περίγειον
3938 5351 4078 5401 ἄταν

854 5462 907 5513 ἱιι
948 5460 1219 5513 Romanas
1253 5457 1562 5528 provincias
1602 5459 1972 5527 descriptores
2006 5457 2270 5511 miserunt
2304 5492 2319 5517 ,
2351 5467 2412 5508 ut
2509 5455 2558 5505 ἐι

2363 5467 2412 5508 ιιι
2509 5455 2567 5505 ἐν
2596 5452 2782 5521 χερσὶν
2810 5449 3042 5518 ἔχοντες,
3061 5449 3171 5509 τοῖς
3209 5445 3306 5513 μὲν
3343 5441 3668 5511 Ῥωμαϊκοῖς
3694 5440 4067 5511 σχοινίσμασιν

2180 5593 2350 5653 Hier.
2381 5590 2580 5650 Wolﬂi
2623 5594 2811 5649 noue.

931 5752 1038 5807 om
1079 5739 1542 5810 '.-t:mrnxcbtorq.
1581 5742 2087 5811 ’Λπηνηνηκὼτο-ας.
2122 5741 2426 5808 Utrumque
2465 5748 2749 5807 perperam
2779 5746 2899 5787 esse
2939 5731 3197 5796 arbitror,
3231 5739 3482 5783 neutrum
3514 5739 3663 5781 certe
3698 5725 3959 5796 inteiiigo.
