4314 6356
270 389 371 454 981

1622 390 1825 451 URBS
1864 386 2123 445 CAPTA.

3389 365 3495 427 982

270 501 615 568 ἀπογραφεῖς
654 501 983 569 ἐπέστησαν,
1021 503 1223 569 γνῶναι
1258 504 1523 572 πρότερον
1563 518 1659 563 τας
1709 502 1837 551 έπε-

1881 501 1908 553 3
1939 496 2136 552 annuis
2157 493 2426 547 reditibus
2457 491 2512 544 in
2535 488 2728 559 primis
2758 486 3013 556 cognitis,
3040 483 3239 538 deinde
3264 498 3356 535 eas
3385 498 3498 534 sor-

269 590 456 653 τεὶους
480 593 766 660 ἀποφορὰς
814 591 1082 656 θέλοντες,
1114 589 1217 645 εἷθ’
1247 594 1391 645 οὕτω
1442 594 1584 645 κατὰ
1628 590 1834 653 πάλους

1938 590 2042 642 tito
2068 584 2487 640 distribuerent.
2523 581 2769 635 Aliarum
2808 593 2934 633 vero
2968 577 3254 631 nationum
3291 574 3495 643 princi—

272 681 420 735 αὐτὰ
474 682 825 752 μερίσασθαι,
864 683 964 746 τὰς
1013 685 1069 737 δὲ
1108 685 1241 753 παρ’
1279 685 1461 745 ἄλλοις
1505 683 1683 736 ἔθνεσι
1740 680 1835 734 καὶ

1939 688 2098 749 patus
2151 685 2208 732 et
2262 691 2425 744 regna
2483 674 2666 729 statim
2729 670 3060 725 diviserunt.
3115 668 3231 723 Sub
3291 676 3496 720 sortem

276 769 559 838 βασιλεῦσι
601 773 995 841 καρπουμένας
1028 775 1200 842 ἀρχὰς
1233 776 1326 827 καὶ
1374 772 1620 836 ἐξουσίας
1646 774 1707 825 ἐκ
1739 771 1833 824 τοῦ

1938 769 2139 824 cecidit
2164 767 2324 820 beata
2355 764 2487 817 urbs
2511 764 2631 817 Nilo
2661 762 2917 830 adiacens
2940 757 3283 820 Alexandria,
3314 754 3498 823 Libya,

274 859 478 911 αὐτίκα
530 860 816 916 διείλοντο.
862 860 931 914 Ἦ
962 878 1021 914 τε
1042 862 1137 915 οὖν
1191 864 1253 914 ὲν
1292 861 1515 914 πόλεσιν
1559 861 1837 927 εὐδαίμων

1938 876 2003 915 ea
2031 874 2152 928 quae
2184 874 2211 910 a
2242 857 2413 927 Libya
2446 870 2619 923 usque
2648 855 2712 907 ad
2748 851 3058 907 Numidiam
3088 859 3143 902 et
3176 848 3353 902 Gades
3385 861 3503 914 per-

274 950 532 1018 καὶπρὸς
582 951 660 1019 τῷ
718 951 898 1021 Νείλῳ
936 954 1175 1022 κειμένη
1239 952 1616 1021 Ἀλεξάνδρεια
1662 952 1741 1020 τῷ
1776 968 1838 1003 τε

274 1038 464 1106 κλήρῳ
490 1039 743 1090 ὑπέκειτο
773 1039 869 1091 καὶ
896 1040 1092 1108 Λιϐύη,
1126 1042 1219 1094 καὶ
1248 1039 1453 1107 Λιϐύης
1478 1040 1546 1093 τὰ
1576 1041 1632 1101 ἐς
1653 1039 1840 1107 Νομά-

274 1128 374 1188 δας
402 1128 496 1179 καὶ
530 1127 762 1195 Γάδειρα
795 1134 1215 1196 παρατείνοντα,
1248 1132 1453 1201 Πάρθοι
1491 1150 1548 1185 τε
1572 1131 1666 1184 καὶ
1695 1131 1837 1201 Πέρ-

279 1233 399 1279 σαι,
456 1220 551 1271 επὶ
588 1221 646 1273 δὲ
720 1223 941 1291 ’16ηρες
1002 1224 1130 1292 tam
1182 1224 1277 1277 καὶ
1333 1224 1595 1292 Ἀσσυρία
1639 1222 1713 1291 γῆ
1750 1222 1845 1275 καὶ

290 1306 573 1375 Ὑρκανοὶ,
625 1314 721 1365 καὶ
758 1313 858 1365 ὅσα
895 1315 943 1365 oi
998 1314 1135 1383 πρὸς
1164 1314 1239 1366 ἔω
1303 1314 1548 1383 μέγιστοι
1605 1311 1843 1380 ποταμοὶ

276 1396 391 1456 τοῖς
425 1394 585 1450 ὕδασι
623 1399 991 1468 διειλήφασιν.
1041 1402 1183 1454 Ἀλλ’
1212 1402 1333 1455 οὐδὲ
1372 1404 1441 1454 τὰ
1466 1403 1603 1472 πρὸς
1636 1402 1841 1473 βορρᾶν

275 1488 570 1540 νενευκότα
600 1489 843 1558 κλίματα
899 1491 1057 1561 είάθη
1088 1493 1404 1562 ἀκλήρωτα,
1429 1494 1564 1546 ἀλλὰ
1614 1494 1842 1545 κάκεῖνα

202 1570 207 1579 “’
275 1576 332 1627 οἱ
366 1577 520 1628 αὐτοὶ
548 1578 909 1648 διενείμαντο.
938 1583 1046 1635 Kal.
1068 1584 1095 1634 ό
1122 1582 1220 1651 μὲν
1244 1582 1321 1645 ὡς
1353 1582 1720 1652 ἱπποτρόφουξ
1748 1583 1844 1634 καὶ

279 1663 471 1731 φόροις
503 1668 844 1735 περιόριθεῖς
874 1670 940 1731 ἃς
964 1671 1319 1739 ἐκληρώσατο
1350 1672 1533 1734 πόλεις
1561 1673 1630 1724 δι’
1680 1672 1841 1724 ἐπαί-

283 1769 377 1804 νου
417 1755 630 1809 ὲτίθετο
658 1761 753 1809 καὶ
793 1759 890 1811 τοῦ
930 1761 1134 1831 κλήρου
1175 1763 1368 1815 ἑαυτὸν
1418 1761 1776 1831 ἐμακάριζεν,
1817 1764 1844 1815 ὁ

280 1843 344 1894 δὲ
372 1845 446 1906 ὼς
471 1847 731 1914 κομώσας
753 1849 931 1911 ἄλλοις
958 1850 1183 1915 ἀγαθοῖς
1200 1852 1496 1921 θαυμάζων
1511 1854 1612 1905 οὐκ
1628 1853 1843 1920 ἔληγεν.

281 1934 353 1985 Ol
382 1935 436 1986 δὲ
464 1937 706 2005 καὶπερὶ
729 1939 931 2009 κλήρου
960 1940 1169 1993 πόλεων
1190 1942 1411 2011 ἤρισαν,
1439 1943 1533 1995 καὶ
1558 1943 1844 1995 ἀντέδοσαν

283 2023 469 2085 ἄλλοις
495 2028 673 2097 ἕτεροι
701 2033 795 2081 καὶ
820 2031 1117 2083 ἀντέλαὸον
1152 2034 1335 2095 πόλεις
1364 2033 1458 2087 καὶ
1508 2035 1650 2103 ὅρια.
1689 2034 1847 2096 Τινὲς

284 2113 343 2165 δὲ
385 2116 479 2167 καὶ
503 2118 651 2185 μάλα
680 2117 839 2183 δόξαν
867 2121 1138 2175 ἀσπάσιον
1166 2123 1259 2175 τὸν
1288 2125 1508 2177 Ἰκόνιον
1537 2130 1617 2185 είς
1646 2125 1847 2195 κλῆρον

286 2203 575 2272 εἰληφέναι
625 2206 987 2277 ἠγωνίσαντο.
1025 2214 1134 2265 Καὶ
1165 2214 1337 2277 πύλας
1374 2216 1473 2284 τῆς
1519 2216 1724 2277 πόλεως
1756 2218 1849 2269 xal.

285 2297 528 2363 τέμαχος
559 2299 659 2366 τῆς
714 2300 985 2366 ἁλύσεως,
1038 2305 1070 2371 ἧ
1120 2304 1434 2358 διαταθεῖσα
1490 2307 1702 2375 συνεῖχε
1756 2306 1847 2359 τὸν

284 2385 657 2454 ναύσταθμον,
692 2392 804 2450 τοῖς
825 2391 885 2441 ὲν
916 2392 1085 2461 Συρίᾳ.
1101 2394 1388 2460 ὀμογενέσι
1419 2393 1556 2462 μετὰ
1580 2394 1847 2447 πλείστων

287 2475 495 2527 πλοίων
535 2478 889 2546 πεπόμφασι,
927 2484 1021 2533 καὶ
1058 2483 1335 2551 διαφῆκαν
1365 2484 1635 2551 ἀγγέλους
1672 2487 1846 2539 ἁπαν-

282 2564 429 2634 τακῆ
458 2566 560 2634 τὴν
597 2567 698 2635 τῆς
734 2568 943 2632 πόλεως
972 2569 1438 2639 διατρανώσοντας
1467 2571 1689 2627 ἅλωσιν,
1711 2574 1848 2641 Aci‘-

285 2671 397 2707 σαν
433 2656 489 2708 δὲ
546 2658 641 2710 καὶ
681 2657 907 2726 βασιλέα
951 2660 1265 2730 χρισθῆναι,
1322 2663 1401 2725 είς
1449 2664 1544 2716 τὸν
1593 2666 1850 2731 μέγιστον

280 2745 427 2798 νεὼν
458 2748 852 2817 παραγίνονται
870 2752 981 2803 τῶν
998 2752 1217 2806 ὀπαδῶν
1240 2752 1333 2805 τοῦ
1371 2752 1642 2823 Χριστοῦο
1670 2756 1850 2807 ἐκεῖσε

282 2836 397 2904 γὰρ
428 2838 811 2906 συνερχόμενοι
843 2840 977 2911 περὶ
1017 2842 1128 2894 τῶν
1161 2844 1451 2913 πρακτέων
1481 2846 1667 2912 σφίσιν
1694 2844 1852 2897 ἐϐου-

282 2924 528 2980 λεύοντο.
567 2928 681 2979 Καὶ
705 2930 772 2982 τὰ
801 2931 899 2997 μὲν
930 2930 1124 3000 πρῶτα
1157 2933 1299 2984 κατά
1329 2949 1382 2984 τι
1412 2934 1640 2999 πάτριον
1664 2933 1852 3001 ἔθιμον

291 3018 579 3087 κρατῆρας
600 3021 875 3089 τέσσαρας
907 3024 1153 3092 στιχηδὸν
1183 3025 1510 3077 ἐσκέπτοντο
1547 3025 1850 3090 διαθέσθαι,

285 3101 366 3158 ὧν
395 3103 474 3170 εἷς
508 3109 607 3178 τὴν
638 3112 976 3180 ἀναίμακτον
1002 3114 1194 3167 θυσίαν
1223 3116 1439 3181 στέγειν
1485 3116 1707 3185 ἤμελλε,
1758 3118 1854 3169 καὶ

291 3195 472 3260 οὕτως
504 3198 748 3253 ἐνδοῦναι
776 3205 890 3263 τοῖς
944 3203 1240 3271 θυηπόλοις
1278 3203 1368 3272 ἐφ’
1404 3206 1607 3277 ἑκάστῃ
1660 3207 1848 3276 κλήσει

294 3288 409 3341 τῶν
440 3292 521 3351 είς
553 3290 727 3360 ἀρχὴν
755 3293 1118 3361 ἑπιλεγέντων
1147 3297 1323 3364 αἴρειν
1349 3297 1444 3348 ἕνα
1476 3297 1584 3349 τῶν
1624 3298 1852 3365 σκύφων

294 3378 391 3432 καὶ
420 3381 723 3450 προσάγειν
754 3383 943 3446 αὐτοῖς
972 3400 987 3415 ·
1020 3386 1231 3447 ἐκεῖνος
1268 3386 1314 3438 δ’
1359 3383 1426 3454 ἦν
1457 3389 1484 3438 ὁ
1509 3388 1619 3439 τῶν
1645 3387 1850 3441 λοιπῶν

286 3470 376 3531 είς
401 3470 502 3536 τὴν
533 3470 708 3540 ἀρχὴν
760 3472 1287 3542 προκριθτισόμενος,
1342 3477 1371 3527 ό
1416 3477 1511 3528 καὶ
1564 3475 1745 3546 λαχὼν
1790 3479 1852 3531 τὸ

292 3562 557 3632 ποτήριον
589 3562 652 3616 τὺ
702 3562 796 3616 τοῦ
854 3564 998 3618 θείου
1034 3565 1287 3633 σώματος
1349 3569 1443 3619 καὶ
1483 3569 1712 3638 αἵματος
1755 3570 1848 3623 τοῦ

291 3652 531 3722 Χριστοῦ
586 3654 835 3723 μέτοχον.
880 3656 1048 3719 Δόξαν
1100 3656 1157 3709 δι
1194 3657 1272 3725 τῷ
1318 3657 1569 3719 Βενετίας
1591 3659 1743 3710 δουκὶ
1774 3658 1853 3728 τῷ

292 3745 581 3814 Δανδούλῳ
611 3746 692 3808 είς
732 3746 917 3814 ψῆφον
975 3746 1314 3814 ἀπολυθῆναι
1382 3748 1481 3816 τὴν
1529 3749 1851 3819 πρόϐλησιν,

291 3836 611 3903 ἑκλέγονται
640 3837 965 3906 ψηφηφόροι
993 3837 1153 3891 πέντε
1193 3838 1292 3906 μὲν
1317 3839 1381 3891 ἐκ
1418 3838 1510 3891 τοῦ
1537 3841 1648 3893 τῶν
1676 3842 1855 3911 Φραγ-

292 3929 503 3981 κίσκων
531 3928 626 3980 καὶ
675 3928 1035 3997 Δαμπάρδων
1084 3930 1298 3995 γένους,
1349 3931 1398 3982 οῖ
1448 3933 1578 3999 παρ’
1629 3931 1854 3995 ἐκείνοις

290 4019 531 4087 ἄριστοι,
572 4019 637 4071 ὲκ
663 4018 721 4071 δὲ
745 4017 856 4070 τῶν
893 4019 1196 4072 Βενετίκων
1228 4020 1430 4088 ὁμοίως
1456 4021 1635 4091 ἕτεροι
1665 4024 1850 4077 πέντε.

298 4110 411 4163 Καὶ
448 4109 548 4177 τῆς
578 4108 688 4161 τῶν
751 4108 1015 4161 πλειόνων
1047 4108 1229 4178 ψήφου
1280 4111 1637 4181 κρατησάσης
1694 4112 1722 4162 ὁ
1753 4112 1853 4181 τῆς

292 4201 471 4271 ἀρχῆς
503 4200 666 4253 ἔπεσε
697 4199 894 4269 κλῆρος
926 4200 1063 4270 πρὸς
1089 4199 1404 4267 Βαλδουῖνον
1431 4201 1523 4254 τὸν
1559 4203 1657 4271 τῆς
1686 4203 1856 4255 Φλάν-

291 4307 437 4360 τρας
488 4290 726 4359 κόμητα,
786 4290 924 4360 πλὴν
962 4289 1039 4354 ὡς
1083 4291 1242 4361 ᾔδετο
1275 4293 1429 4361 παρὰ
1490 4294 1646 4357 πᾶσι,
1713 4295 1855 4346 κατὰ

292 4380 449 4432 δόλον
470 4397 529 4432 τε
558 4382 652 4433 καὶ
691 4380 975 4449 περίνοιαν
1000 4381 1095 4433 τοῦ
1125 4380 1313 4445 δουκδς
1353 4382 1608 4445 Βενετίας
1636 4383 1856 4437 Δανδού-

1944 954 2159 1014 tinent,
2197 952 2323 1004 item
2369 946 2557 1003 Parthi
2613 955 2668 1000 et
2707 947 2884 999 Persae
2912 984 2926 1007 ,
2954 940 3249 996 orientales
3300 940 3504 997 Iberos,

1944 1038 2499 1109 Assyria.llyrcania,
2545 1046 2601 1091 et
2650 1050 2771 1104 qua:
2818 1033 2884 1088 ad
2920 1032 3200 1086 Orientem
3259 1026 3509 1080 maximis

1941 1132 2109 1202 788
2136 1130 2450 1185 ﬂuminibus
2474 1128 2950 1182 disterminantur.
2973 1125 3047 1177 Ae
3072 1138 3138 1176 ne
3180 1118 3511 1190 septentrio-

1943 1224 2096 1277 nales
2137 1221 2359 1291 quidem
2398 1221 2652 1288 regiones
2703 1226 2832 1271 sunt
2894 1218 3215 1285 praeteritae,
3280 1214 3376 1267 sed
3429 1227 3511 1266 eae

1945 1327 2161 1381 quoque
2213 1311 2414 1365 sortito
2463 1308 2789 1363 distributae.
2844 1306 2996 1361 Alius
3049 1321 3176 1360 suas
3232 1306 3394 1359 urbes
3452 1312 3514 1357 ut

1947 1419 2205 1469 magnum
2235 1401 2465 1469 vectigal
2493 1400 2798 1469 pendentes
2820 1407 2876 1452 et
2914 1398 3072 1465 equis
3111 1396 3323 1451 alendis
3351 1405 3508 1464 aptas

1945 1492 2227 1553 laudabat,
2259 1500 2316 1545 et
2348 1497 2555 1544 sortem
2588 1504 2739 1542 suam
2770 1488 3092 1549 extollebat;
3125 1487 3266 1540 alius
3296 1496 3356 1540 ut
3388 1486 3512 1539 aliis

1947 1584 2109 1639 bonis
2157 1581 2418 1636 ﬂorentes
2465 1581 2652 1634 mirari
2700 1594 2793 1634 eas
2834 1594 2943 1632 non
2975 1578 3290 1640 desistebat;
3322 1574 3512 1629 aliide

1943 1676 2235 1730 sortitione
2290 1673 2510 1727 urbium
2569 1672 2908 1729 rixabantur;
2959 1668 3052 1721 alii
3084 1669 3225 1721 inter
3253 1682 3311 1720 se
3343 1666 3512 1718 nrbes

1946 1776 2005 1819 et
2033 1765 2169 1818 lines
2208 1763 2629 1832 permutabant;
2686 1760 2781 1814 alii
2834 1772 3165 1827 magnopere
3214 1754 3514 1811 contende-

1949 1857 2081 1910 bant
2112 1865 2171 1909 ut
2197 1855 2379 1909 Iconio
2415 1854 2749 1923 potirentur,
2782 1862 2968 1919 portas
2993 1865 3125 1903 vero
3164 1849 3319 1903 urbis
3342 1856 3399 1901 et
3424 1862 3517 1903 ca-

1949 1957 2087 2001 tenas
2119 1956 2351 2016 partem.
2380 1960 2501 2013 quae
2530 1944 2596 1996 ad
2631 1942 2843 1997 navalia
2871 1939 3198 1995 continenda
3248 1937 3514 1993 extende—

1948 2040 2131 2097 batur,
2164 2036 2281 2090 suis
2336 2035 2390 2087 in
2448 2033 2611 2103 Syria
2661 2032 3022 2101 p0pularibus
3074 2045 3197 2083 cum
3267 2029 3517 2097 plurimis

1947 2126 2179 2194 navigiis
2232 2124 2501 2177 miserunt
2539 2162 2555 2186 ,
2614 2122 2817 2191 passim
2864 2120 3105 2174 dimissis
3148 2118 3393 2179 nuntiis,
3422 2119 3515 2186 qui

1950 2224 2163 2285 captam
2195 2228 2316 2267 esse
2348 2212 2537 2265 urbem
2570 2211 2876 2281 vulgarent.
2904 2210 3021 2263 Jam
3052 2224 3175 2262 cum
3212 2210 3516 2276 imperator

1947 2304 2216 2361 creandos
2241 2311 2406 2363 esset.
2442 2302 2496 2355 in
2548 2300 2720 2355 aedem
2774 2298 3100 2352 Sanctorum
3132 2297 3516 2364 Apostolorum

1949 2392 2446 2461 deliberandiergo
2494 2403 2834 2453 convenere;
2894 2403 2957 2442 ac
3006 2387 3306 2455 principio.
3341 2385 3519 2454 patrio

1950 2485 2187 2554 quodam
2218 2482 2329 2536 ritu
2357 2523 2371 2547 ,
2416 2495 2517 2549 pro
2563 2493 2793 2533 numero
2823 2477 3242 2532 candidatorum
3276 2484 3516 2544 quatuor

1950 2579 2149 2632 calices
2176 2575 2372 2629 ordine
2401 2572 2671 2626 collocare
2695 2570 3076 2632 instituerunt,
3103 2582 3342 2638 quorum
3375 2580 3517 2620 unus

1951 2670 2296 2723 incruentam
2342 2663 2623 2718 victimam
2659 2662 2964 2716 contineret
2986 2700 3002 2720 .
3036 2661 3250 2715 exteris
3282 2657 3513 2722 vacuis;

1950 2774 2154 2829 eosque
2188 2757 2411 2813 tradere
2451 2754 2677 2809 totidem
2703 2752 3103 2815 sacerdotibus,
3140 2760 3200 2804 ut
3232 2751 3298 2805 ad
3327 2751 3514 2820 cujus—

1952 2867 2059 2922 que
2105 2849 2271 2920 789
2313 2847 2577 2917 principis
2605 2860 2805 2899 nomen
2835 2860 3001 2898 unum
3034 2844 3287 2897 tollerent
3334 2851 3389 2896 ct
3434 2840 3515 2897 eis

1952 2942 2268 3000 redderent.
2289 2939 2580 3011 Imperium
2605 2952 2734 2993 vero
2766 2952 2931 3007 penes
2957 2952 3081 2990 eum
3107 2938 3350 2989 futurum
3376 2944 3513 2995 erat.

1955 3039 2046 3106 qui
2076 3050 2202 3090 eum
2233 3033 2457 3087 calicem
2475 3030 2794 3098 accepisset,
2823 3030 2876 3082 in
2899 3042 3008 3097 quo
3048 3028 3290 3081 divinum
3317 3041 3515 3094 corpus

1881 3146 1922 3201 ο
1956 3137 2013 3182 et
2062 3125 2287 3195 sanguis
2316 3123 2517 3177 Christi
2557 3129 2721 3175 esset.
2755 3120 2959 3173 Deinde
2991 3134 3115 3172 cum
3146 3118 3355 3172 Veneto
3389 3116 3514 3170 duci

1957 3217 2207 3271 Dandqu
2228 3213 2658 3283 designationem
2685 3210 2954 3278 sull'ragiis
2972 3208 3315 3261 committere
3337 3205 3514 3259 visum

1956 3316 2118 3369 esset,
2153 3321 2217 3358 ex
2266 3302 2493 3358 Francis
2522 3310 2578 3353 et
2612 3298 2986 3371 Longobardis
3012 3297 3253 3365 quinque
3286 3294 3518 3363 optima-

1959 3398 2105 3452 tibus
2124 3407 2179 3449 et
2200 3411 2266 3448 ex
2285 3392 2509 3446 Venetis
2534 3390 2758 3444 totidem
2781 3388 3053 3442 indicibus
3073 3386 3247 3446 lectis,
3279 3384 3514 3453 plurium

1957 3484 2236 3553 suﬂ'ragiis
2292 3481 2507 3549 imperii
2564 3494 2686 3533 sors
2727 3478 2993 3531 Balduino
3035 3474 3302 3529 Flandriae
3330 3473 3514 3527 comiti

1956 3578 2171 3648 obtigit.
2199 3576 2397 3629 Verum
2433 3571 2635 3639 ubique
2680 3570 2897 3623 celebre
2942 3576 3025 3621 est
3056 3566 3180 3620 dolo
3210 3574 3264 3618 et
3294 3565 3516 3618 solertia

1959 3668 2189 3724 Danduli
2239 3666 2292 3719 id
2342 3678 2463 3717 esse
2512 3662 2736 3717 factum.
2780 3661 3040 3726 Quicum
3093 3659 3163 3712 ob
3213 3657 3513 3711 caecitatem

1959 3767 2192 3808 numero
2225 3750 2642 3804 candidatorum
2668 3747 3076 3807 excluderetur,
3098 3745 3388 3813 imperium
3424 3758 3518 3811 pe-

1959 3860 2057 3898 nes
2084 3857 2208 3897 eum
2240 3857 2360 3895 esse
2394 3840 2564 3893 voluit
2589 3840 2681 3908 qui
2718 3838 3071 3893 hilarioribus
3098 3846 3242 3891 esset
3273 3835 3521 3889 moribus

1958 3947 2015 3991 et
2047 3935 2263 4005 ingenio
2296 3934 2478 3987 minus
2506 3931 2818 3990 ambitioso.
2842 3945 3150 3998 quanquam
3221 3928 3274 3981 id
3309 3935 3521 3995 specta-

1960 4028 2039 4079 vit
2074 4025 2277 4093 potius,
2311 4031 2371 4075 ut
2401 4025 2644 4089 privatus
2685 4019 3321 4087 imperatorisdesignati
3370 4020 3518 4083 prin-

1963 4116 2179 4183 cipatus
2204 4129 2366 4183 quam
2402 4111 2805 4164 remotissimus
2829 4116 2975 4164 esset
3001 4124 3029 4162 a
3058 4109 3266 4163 ditione
3293 4110 3524 4164 Veneto-

1964 4223 2122 4269 rum,
2158 4221 2225 4259 ne
2258 4204 2434 4271 siqua
2474 4202 2848 4255 controversia
2891 4215 3013 4253 cum
3056 4200 3147 4253 illo
3192 4200 3476 4253 incidisset
3505 4239 3519 4261 ,

1964 4298 2155 4367 plures
2184 4296 2370 4363 copias
2399 4292 2586 4345 subito
2635 4307 2702 4343 ex
2753 4305 2854 4343 suo
2905 4291 3185 4343 territorio
3215 4307 3520 4351 accersere.

1964 4396 2060 4440 aut
2092 4384 2330 4438 Venetos
2356 4381 2493 4434 ﬁnes
2519 4378 2803 4432 commode
2842 4378 3097 4432 invadere
3126 4390 3219 4432 aut
3251 4380 3524 4433 incursio-

292 4468 417 4523 λου.
448 4470 631 4538 Πηρδς
663 4471 773 4538 γὰρ
796 4468 872 4522 ὣν
896 4466 1053 4534 οὗτος
1084 4473 1185 4535 τὰς
1214 4472 1386 4540 ὄψεις,
1414 4473 1509 4526 καλ⁵
1536 4473 1630 4526 τοῦ
1653 4473 1844 4544 κλήροι

1890 4478 1939 4532 D
1963 4478 2128 4532 nibus
2159 4488 2359 4528 vexare
2387 4482 2590 4541 posset.
2627 4470 2757 4537 Qum
2784 4473 2966 4525 omnia
2999 4472 3050 4525 in
3099 4472 3353 4537 expedito
3404 4488 3522 4525 esse

293 4560 443 4615 κατὰ
486 4561 644 4613 τοῦτο
716 4562 825 4613 τῶν
866 4561 1155 4631 ἀρξόντων
1199 4565 1543 4634 διαγραφεὶε,
1601 4566 1860 4634 ἠϐούλετο

293 4653 566 4724 χειρίζειν
594 4653 693 4722 τὴν
729 4652 1009 4721 βασιλείαν
1036 4655 1128 4707 τὸν
1158 4656 1218 4707 τὸ
1263 4651 1393 4726 ἦθός
1424 4672 1481 4708 τε
1529 4656 1859 4726 ίλαρώτατον

295 4743 399 4797 καὶ
436 4744 510 4812 μὴ
537 4747 600 4797 τὸ
640 4748 861 4814 φρονεῖν
916 4746 1312 4818 ἀρχικώτερον,
1343 4749 1405 4800 τὸ
1435 4748 1481 4800 δ’
1537 4751 1595 4801 έν
1654 4749 1858 4817 μείζονι

294 4835 434 4904 παρ’
458 4837 651 4905 ἐκείνῳ
693 4836 893 4904 μᾶλλον
932 4838 1161 4906 σπουδῇ,
1212 4840 1308 4891 καὶ
1358 4839 1459 4907 τὴν
1487 4838 1625 4891 ίδίαν
1673 4838 1860 4909 χώραν

297 4925 675 4994 κληρούμενον
706 4914 790 4995 ΙΪ).
821 4926 945 4997 584]
969 4928 1076 4979 τῶν
1098 4930 1195 4997 τῆς
1216 4929 1470 4989 Βενετίας⁹
1489 4930 1630 4998 ὅρων
1655 4929 1863 4981 διιστα-

305 5018 478 5086 μένην
501 5020 640 5069 κατὶι
663 5019 818 5079 πολὺ,
848 5019 944 5083 ὡς,
971 5021 1028 5071 εί
1060 5038 1190 5073 ποτε
1214 5021 1582 5091 διχονοήσειαν
1607 5021 1860 5090 ἀλλήλοις

304 5107 559 5175 βασιλεὺς
580 5108 677 5159 καὶ
698 5109 990 5171 Βενέτικοι,
1019 5110 1091 5177 μὴ
1121 5110 1205 5179 εἴη
1229 5113 1289 5162 ὲκ
1317 5111 1408 5164 τοῦ
1440 5112 1626 5181 σχεδὸν
1652 5111 1864 5179 βασιλεί

296 5200 565 5266 δυνάμεις
600 5200 817 5262 πλείους
855 5202 1141 5263 οίκειακὰς
1179 5202 1637 5270 μεταπέμπεσθαι
1667 5202 1699 5270 ἢ
1729 5201 1859 5267 γοῦν

298 5292 564 5362 εὐμαρῶς
607 5294 834 5345 εἰσιέναι
883 5293 952 5344 τὰ
1007 5294 1317 5345 Βενετίκων
1382 5295 1511 5363 ὅρια
1564 5295 1659 5346 καὶ
1705 5292 1860 5345 ταῦθ’

266 5378 519 5447 ι’ὸπωσδὴ
547 5379 909 5447 κατατρέχειν
939 5380 1032 5431 καὶ
1063 5380 1330 5443 σίνεσθαι,
1374 5381 1408 5433 ἃ
1440 5382 1504 5449 δὴ
1543 5382 1718 5433 πάντα
1745 5381 1861 5449 ᾔδει

300 5467 445 5537 πρὸς
484 5466 666 5536 ίσχύος
693 5468 884 5535 ἔχοντα
914 5469 1048 5538 δρᾷν
1079 5470 1171 5521 τὸν
1213 5470 1534 5537 Βονιφάτιον
1564 5472 1860 5538 μαρκέσιον

295 5560 369 5635 lx,
400 5559 767 5627 Λαμπαρδίας
796 5559 893 5627 τὴν
946 5562 1167 5627 γένεσιν
1206 5561 1397 5629 ἔχοντα
1424 5575 1440 5591 ·
1493 5562 1860 5631 Δαμπαρδίαυ

294 5638 662 5701 δίόίκεῐσθαι
696 5649 987 5718 παράλιον,
1018 5651 1109 5703 καὶ
1136 5651 1329 5721 ῥᾳδίας
1354 5646 1493 5718 εἶναι
1522 5651 1619 5711 τὰς
1646 5650 1858 5703 ἐκεῖθεν

296 5741 378 5803 εἰς
428 5740 527 5807 τὴν
618 5740 903 5810 Ῥωμαίων
969 5742 1251 5806 ἐκπλοέας,
1332 5744 1423 5796 καὶ
1493 5743 1741 5795 Βενετίαν
1804 5743 1858 5797 δὲ

1962 4565 2243 4621 Bonifacio
2317 4562 2619 4616 marchioni
2675 4578 2737 4614 ex
2798 4562 3176 4629 Longobardia
3254 4562 3518 4630 originem

1960 4656 2203 4711 trahenti
2237 4662 2419 4717 n0rat,
2450 4668 2571 4722 quae
2605 4652 2879 4705 maritima
2908 4663 3073 4715 esset,
3110 4652 3252 4705 unde
3282 4652 3438 4705 facile
3468 4654 3518 4703 in

1960 4748 2239 4803 Romanas
2265 4744 2575 4814 provincias
2610 4743 2952 4811 trajiceretnr
2975 4752 3030 4797 ct
3056 4743 3126 4797 ob
3152 4744 3525 4811 propinquita-

1961 4851 2069 4892 tem
2106 4851 2315 4905 magna:
2343 4834 2527 4888 clades
2549 4833 2774 4911 Venetis
2819 4849 3036 4903 quoque
3086 4834 3364 4902 importari
3401 4852 3497 4901 pos

1964 4941 2105 4985 sent.
2139 4928 2230 4980 His
2255 4928 2424 4995 igitur
2451 4919 2945 4995 790'rationibns
2976 4927 3118 4979 haud
3166 4943 3296 4980 sane
3331 4930 3523 4980 absur-

1964 5020 2048 5074 dis
2076 5018 2339 5086 impulsus
2364 5016 2680 5079 Dandulus,
2711 5027 2768 5071 et
2798 5016 2967 5070 multa
3015 5018 3180 5070 etiam
3212 5018 3523 5073 videntibus

1964 5111 2198 5164 obscura
2262 5107 2469 5161 lumine
2529 5106 2731 5175 ingenii
2784 5107 3122 5176 perspiciens
3171 5123 3344 5161 caseus
3392 5108 3520 5170 ille,

1961 5200 2301 5254 Bonifacinm
2350 5198 2718 5251 marcbionem
2768 5200 3009 5268 repulit,
3062 5200 3285 5268 praelato
3333 5200 3411 5252 illi
3455 5200 3523 5254 de

1962 5292 2294 5345 Francorum
2328 5300 2382 5344 et
2406 5291 2739 5345 Venetorum
2759 5293 3026 5346 sententia
3056 5292 3341 5354 Balduino,
3360 5308 3520 5359 quem

1962 5397 2028 5436 ex
2057 5381 2403 5435 inferioribus
2431 5380 2817 5435 Galliisortum
2843 5396 2984 5446 esse,
3011 5380 3306 5435 Galliarum
3336 5390 3519 5435 autem

1964 5481 2018 5527 et
2051 5474 2401 5528 Venetiarum
2440 5471 2646 5525 limites
2678 5481 2884 5526 tantum
2930 5472 3133 5526 distare
3163 5482 3321 5525 norat
3350 5488 3524 5540 quan-

1964 5573 2077 5616 tum
2115 5564 2400 5617 Venetizea
2429 5562 2691 5615 Romanis
2718 5562 3015 5631 provinciis
3044 5564 3521 5618 disterminentur.

1965 5653 2043 5707 Eo
2096 5652 2390 5707 accedebat
2440 5653 2585 5727 quod
2631 5653 2928 5707 Balduinus
2988 5663 3103 5709 toto
3166 5666 3388 5722 pectore
3444 5652 3521 5706 illi

1963 5743 2216 5799 studebat
2243 5750 2297 5797 et
2325 5757 2448 5796 eum
2494 5750 2551 5797 ut
2588 5752 2796 5813 patrem
2835 5745 3067 5811 colebat,
3123 5759 3225 5800 nec
3259 5744 3521 5799 diuturno
