4302 6370
764 392 867 453 983
1993 401 2291 461 ΝιϐαΤιΕ
2332 408 2463 467 CUC

2332 407 2743 467 CllONlA'l‘r'E
3891 409 4002 469 981

767 516 951 556 rerum
1003 519 1106 559 usu
1180 506 1417 576 pollebat
1473 507 1846 562 utumarcbiu.
1884 509 2136 565 Nondum
2185 514 2332 568 enim
2366 528 2406 578 Α
2440 519 2466 571 ἀ

2303 532 2332 568 ιι
2366 528 2406 578 Α
2440 518 2784 587 ἀγχοροῦσαν
2838 518 3009 573 πολλά
3044 518 3112 572 ἂν
3162 517 3284 573 κατ’
3346 516 3636 572 εὐπέτειαν
3694 517 4002 582 Βενετίκοις

765 589 1061 649 llalduinus
1085 610 1284 650 annum
1311 597 1490 651 aetatis
1517 597 1852 667 trigesimum
1886 601 2187 655 secundum
2231 618 2328 657 ex-
2438 628 2464 661 κ

2305 635 2328 646 -
2438 611 2768 676 κακουργεῖν
2798 610 3174 675 ἀποτρόπαια.
3229 609 3358 664 ’Υπ’
3412 610 3636 664 ιννοιῶν
3685 610 3865 664 τοίνυν
3918 614 4000 680 μὴ

764 694 1035 747 cesserat;
1069 693 1124 739 et
1178 685 1385 754 alioqui
1426 688 1512 740 vir
1541 697 1660 741 erat
1692 688 1814 757 pius
1844 699 1901 743 et
1928 693 2228 757 modestus,
2259 710 2331 748 ne
2435 715 2463 749 τι

2303 710 2331 748 ο·
2435 700 2611 764 πάντη
2649 697 2955 764 ἀλογίστων
2983 699 3346 769 κεκινημένος
3372 700 3401 752 6
3450 698 3766 764 Δάνδουλος,
3801 700 3895 752 καὶ
3927 701 4002 752 τὰ

766 771 1046 840 impudico
1100 775 1323 842 quidem
1403 786 1626 845 aspectu
1708 780 1992 834 mulierem
2051 782 2324 846 intuitus,
2437 803 2465 837 τι

2311 823 2324 846 ,
2437 786 2652 848 πολλοῖς
2698 786 2804 838 τῶν
2835 786 3087 856 ὁρώντων
3148 788 3540 858 δυστέκμαρτα
3577 791 3697 850 ταῖς
3748 788 3842 840 τοῦ
3900 788 3998 839 νοῦ

764 864 1007 931 quandiu
1040 880 1068 918 a
1105 881 1203 919 sua
1239 867 1471 937 conjuge
1520 866 1791 922 alJuerat.
1840 869 2073 925 Vacabat
2126 870 2329 928 divinis
2434 892 2463 929 κ

2303 889 2329 928 s
2434 876 2868 945 καταλαμϐάνων
2892 879 3150 945 ὁράσεσιν
3177 881 3205 932 6
3240 882 3412 950 πηρδς
3441 882 3649 943 ἐκεῖνος
3685 879 3785 941 τὰς
3815 880 3995 949 κόρας

767 953 1059 1018 laudibus,
1096 958 1514 1013 necessitatibus
1562 957 1939 1013 conflictantes
1986 961 2328 1027 sublevabat,
2436 984 2466 1019 τ

2298 973 2328 1027 L,
2436 968 2533 1019 τοῦ
2590 967 2865 1036 σώματος,
2915 970 3330 1039 παρεκρούσατο
3379 971 3483 1041 μὶν
3528 972 3621 1023 τὸν
3671 970 3997 1037 Βονιφάτιον

761 1061 876 1100 sua:
911 1048 1195 1102 sententiae
1238 1048 1592 1103 adversantes
1639 1065 1795 1117 a'quo
1827 1049 2014 1105 animo
2053 1053 2330 1108 audiebat.
2432 1075 2460 1126 μ

2297 1063 2330 1108 ι.
2432 1058 2755 1127 μαρκέσιον,
2806 1060 2916 1113 τῶν
2945 1059 3000 1113 δὲ
3037 1059 3337 1114 Βενετίκων
3364 1062 3459 1114 καὶ
3489 1062 3601 1115 τῶν
3629 1060 3996 1129 Φραγκίσκων

760 1136 830 1192 Ει
865 1139 1011 1207 quod
1044 1139 1343 1193 tnaximum
1388 1150 1510 1203 est,
1557 1140 1640 1194 bis
1693 1140 1941 1210 qualibet
1988 1142 2330 1198 hebdomade
2427 1162 2453 1198 ε

2299 1159 2330 1198 e
2427 1148 2506 1209 είς
2563 1147 2694 1215 μίαν
2757 1151 3174 1220 συνδραμόντων
3238 1151 3466 1220 γνώμην
3518 1151 3610 1204 τὸν
3668 1150 3993 1204 Βαλδουῖνον

760 1231 971 1297 vesperi
1032 1231 1349 1299 proelamari
1416 1231 1644 1300 jubebat
1694 1248 1764 1286 ne
1813 1232 1935 1300 quis
1993 1233 2048 1287 in
2096 1249 2196 1289 suo
2238 1250 2330 1305 pa—
2425 1236 2459 1289 ἀ

2288 1250 2330 1288 ι·-
2425 1236 2758 1300 ἀνθείλοντο,
2788 1238 2945 1302 είδὼς
2967 1242 3031 1293 ὲκ
3056 1241 3167 1293 τῶν
3196 1242 3347 1295 κάτω
3366 1240 3608 1294 Γαλλιῶν
3641 1239 3987 1309 ὁρμώμενον.

758 1313 888 1368 latio
921 1316 1166 1380 cubaret,
1208 1320 1300 1387 qui
1329 1319 1560 1373 alienato
1590 1320 1872 1375 mulierem
1901 1322 2192 1393 attigisset.
2426 1327 2457 1379 I

2426 1327 2669 1381 Γαλλιῶν
2708 1329 2761 1382 δὲ
2814 1332 2906 1383 καὶ
2951 1314 3202 1394 Βένετίας
3239 1333 3296 1395 ες
3364 1330 3617 1385 τοσοῦτον
3650 1333 3775 1393 τοὺς
3828 1332 3989 1399 ὄρους

759 1410 1141 1477 ἀφεστάναιὲς
1161 1413 1285 1465 ὅσον
1303 1413 1526 1467 Βενετία
1548 1414 1840 1484 Ῥωμαίων
1862 1417 2326 1489 ἀποσχοινίζεται,
2363 1420 2458 1473 καὶ⁸
2488 1422 2604 1490 ἅμα
2638 1423 2687 1475 οί
2726 1422 3045 1477 Βαλδουῖνον
3079 1425 3175 1495 ὅλῃ
3214 1424 3362 1493 ψυχῇ
3409 1425 3823 1494 προσκεχηνότα
3891 1426 3990 1477 καὶ

756 1499 1008 1568 ἁσμένως
1044 1500 1118 1563 ώς
1175 1503 1341 1572 πατρὶ
1393 1504 1862 1574 προσφερόμενον,
1921 1508 2059 1575 μήτε
2097 1507 2203 1576 μὴν
2258 1506 2363 1560 ὑπὸ
2423 1510 2645 1577 χρονίας
2698 1511 3008 1578 γυμνασίας
3058 1511 3358 1565 ὲντακέντα
3395 1512 3739 1580 πράγμασιν,
3800 1512 3989 1563 ὁποῖον

751 1588 1023 1653 ἠπίστατο
1061 1589 1151 1641 τὸν
1192 1589 1531 1659 μαρκέσιον*
1565 1591 1627 1644 οὐ
1660 1593 1767 1662 γάρ
1808 1612 1896 1646 πω
1957 1593 2276 1657 Βαλδουῖνος
2321 1596 2620 1663 τριάκοντα
2659 1596 2751 1648 καὶ
2792 1595 2888 1648 δύο
2941 1597 3038 1665 ἐτη
3086 1599 3403 1666 γεγένηται.
3434 1594 3540 1649 Ἦν
3564 1597 3619 1650 δὲ
3660 1598 3752 1649 καὶ
3808 1597 3988 1659 ἄλλως

753 1676 781 1726 6
810 1674 947 1745 ἀνὴρ
976 1668 1131 1738 οὗτος
1157 1676 1392 1747 εὐλαϐὴς
1424 1679 1491 1731 τά
1535 1678 1688 1746 πρδςι
1718 1678 1874 1742 Θεὸν,
1907 1680 1984 1742 ὠς
2037 1679 2277 1747 ἐλέγετο,
2331 1679 2426 1733 καὶ
2466 1681 2566 1749 τὴν
2606 1681 2818 1734 δίαιταν
2875 1684 3172 1752 ἐγκρατὴς,
3225 1684 3446 1748 γυναικὶ
3494 1684 3552 1736 δὲ
3614 1685 3748 1753 μηδὲ
3820 1684 3986 1753 μέχρι

757 1760 1077 1829 βλέμματος
1115 1764 1510 1834 προσεσχηκώς
1542 1766 1627 1831 ἐφ’
1658 1767 1783 1817 ὅσον
1808 1766 2004 1834 χρόνον
2035 1768 2131 1835 τῆς
2167 1768 2375 1828 οἰκείας
2407 1768 2657 1834 γαμετῆς
2706 1768 3101 1836 ἀπεφοίτησεν.
3159 1770 3320 1822 Ἀλλά
3363 1771 3458 1823 καὶ
3498 1773 3578 1833 είς
3608 1771 3735 1832 τοὺς
3780 1769 3985 1837 ὕμνους

751 1848 1011 1915 ἐσχόλαζε
1038 1848 1129 1900 τοῦ
1158 1849 1315 1913 Θεοῦ,
1344 1850 1435 1901 καὶ
1464 1854 1588 1912 τοὺς
1619 1853 1676 1903 ὲν
1700 1853 1970 1920 ἀνάγκαις
2000 1854 2293 1922 ἐκυϐέρνα,
2319 1853 2413 1906 καὶ
2442 1852 2664 1906 ἀκούειν
2691 1854 2817 1916 τοὺς
2848 1855 2987 1922 πρὸς
3018 1854 3183 1908 αὑτὸν
3210 1855 3592 1922 ἀντιλέγοντας
3639 1855 3981 1923 κατεδέχετο.

751 1934 824 1985 Τὸ
854 1934 909 1985 δὲ
952 1934 1232 2001 μέγιστον,
1262 1935 1343 1999 δὶς
1373 1933 1520 2006 εἶχεν
1558 1937 1798 2007 ἑκάστης
1833 1938 2129 2007 ἑϐδομάδος
2163 1939 2256 1991 τὸν
2285 1939 2525 2010 ἑσπέρας
2557 1941 2919 2011 ὲπεμϐοῶντα
2947 1941 3152 2012 μηδένα
3178 1941 3288 1995 τῶν
3316 1942 3535 1996 οἰκείων
3558 1941 3793 2013 ἀρχείων
3830 1941 3986 2003 evre;

750 2021 1181 2083 κατευνάξεσθαι
1220 2020 1296 2092 μὴ
1327 2024 1545 2093 νομίμῳ
1574 2023 1797 2090 γυναικὶ
1826 2023 2218 2092 πλησιάζοντα.

818 2111 975 2182 791
1042 2113 1096 2166 7.
1156 2111 1461 2182 Imperator
1517 2114 1832 2184 designatus
1901 2116 2196 2170 Balduinus
2250 2116 2303 2169 in
2337 2125 2378 2179 Β
2480 2118 2517 2191 [1

2287 2125 2378 2179 IB
2480 2118 2559 2191 [P.
2594 2119 2721 2192 386]
2760 2120 2824 2185 ζ’.
2876 2121 3211 2185 Βασιλεύσας
3258 2121 3437 2176 τοίνυν
3480 2121 3509 2173 6
3564 2121 3874 2181 Βαλδουῐνος
3926 2121 3986 2178 ἐς

748 2210 929 2268 partes
974 2200 1343 2255 occidentales
1385 2203 1523 2267 abit,
1560 2220 1668 2257 non
1707 2214 1766 2258 ut
1798 2220 1891 2258 eas
1940 2206 2153 2277 subigat
2188 2207 2312 2277 (pu-

749 2290 896 2342 tabat
924 2290 1067 2342 enim
1097 2290 1231 2343 nihil
1293 2291 1395 2344 sibi
1462 2308 1619 2366 posse
1664 2294 1954 2358 obsistere,
1996 2311 2058 2349 ac.
2104 2306 2313 2351 tantum

750 2398 857 2434 non
906 2380 1206 2435 iusolenter
1239 2392 1404 2452 atque
1436 2384 1817 2454 intempestive
1839 2386 2111 2456 iactabat:
2159 2390 2315 2454 «Quo

746 2488 865 2525 eam
912 2484 968 2526 ut
1031 2484 1233 2529 terram
1286 2476 1436 2529 hasta
1494 2478 1817 2547 quatiam?),
1881 2478 1973 2533 sed
2000 2488 2057 2532 ut
2112 2481 2315 2536 amicas

746 2566 1056 2635 provincias
1139 2583 1436 2638 peragrans
1504 2569 1572 2622 ab
1621 2569 1875 2624 omnibus
1944 2570 2314 2626 Romanorum

748 2657 1047 2726 imperator
1077 2658 1427 2711 salutaretur.
1456 2657 1573 2725 Qua
1603 2660 1669 2712 de
1692 2673 1855 2713 causa
1878 2660 2079 2714 nullam
2118 2662 2316 2717 Roma-

748 2764 947 2801 norum
986 2751 1101 2802 sive
1131 2750 1383 2804 militaris
1404 2750 1518 2805 sive
1554 2750 1761 2820 politici
1787 2751 1997 2806 ordinis
2046 2754 2314 2809 rationem

747 2840 958 2907 habuit,
987 2842 1080 2895 sed
1114 2856 1209 2899 eos
1228 2856 1418 2895 omnes
1440 2842 1768 2910 repudiavit.
1805 2844 1951 2912 quod
1976 2844 2116 2898 idem
2156 2856 2316 2901 caete-

745 2935 823 2988 ris
855 2949 1074 3003 quoque
1108 2934 1405 2989 comitibus
1455 2944 1508 2989 et
1537 2936 1769 2990 ducibus
1804 2938 2080 2991 exercitus
2112 2941 2316 3008 protra-

747 3024 928 3079 batur.
955 3026 1088 3079 Nam
1124 3040 1248 3079 eum
1280 3025 1660 3082 fortitudinem
1685 3042 1714 3081 a
1745 3029 1989 3097 cognatis
2017 3029 2314 3086 virtutibus

747 3118 1054 3185 seiunctam
1094 3117 1196 3171 sibi
1231 3128 1289 3170 ut
1329 3128 1383 3173 et
1417 3127 1612 3172 natura
1643 3118 1861 3173 insitam
1897 3130 1953 3173 et
1988 3137 2087 3175 usu
2113 3124 2314 3175 contir-

748 3216 945 3260 matam
966 3207 1323 3272 vindicarent,
1351 3209 1529 3265 nullas
1551 3209 1686 3263 alias
1720 3219 1908 3278 gentes
1936 3212 1987 3263 in
2022 3227 2079 3264 re
2119 3211 2312 3268 bellica

753 3298 856 3349 sibi
884 3297 966 3350 vel
987 3297 1204 3367 adjungi
1231 3299 1314 3353 vel
1335 3298 1568 3351 conferri
1591 3298 1954 3366 patiebantur,
1971 3310 2024 3354 et
2041 3301 2166 3369 quia
2195 3302 2315 3354 nul-

750 3390 833 3443 lus
849 3390 1034 3454 musis,
1057 3390 1238 3444 nullus
1254 3391 1445 3458 gratiis
1461 3389 1602 3458 apud
1630 3391 1760 3445 istos
1782 3390 2047 3445 Barbaros
2062 3392 2214 3445 locus
2233 3408 2315 3446 re-

748 3480 1115 3549 linquebatur,
1145 3480 1473 3534 immanibus
1506 3481 1692 3548 utique
1724 3491 1883 3535 erant
1908 3482 2136 3551 ingeniis
2163 3492 2217 3537 et
2236 3484 2316 3537 bi-

749 3572 855 3625 lem
894 3572 1106 3625 ratione
1153 3573 1544 3642 promptiorem
1567 3572 1859 3627 habebant.
1876 3574 1980 3627 Sed
2002 3574 2315 3637 Balduinus,

749 3663 998 3716 Thraciis
1029 3648 1253 3718 urbibus
1278 3664 1601 3733 peragratis,
1639 3664 1908 3719 Orestiadi
1942 3665 2319 3735 Didymoticho

748 3764 805 3811 ct
854 3754 1219 3824 Philippopoli
1255 3755 1506 3824 praesidia
1555 3756 1835 3824 imposuit.
1888 3755 1989 3813 Ubi
2026 3756 2317 3812 Xanthiam

750 3846 1021 3915 pervenit,
1060 3846 1419 3915 provinciales
1445 3845 1856 3901 Sennacheribo
1894 3849 2129 3918 quodam
2180 3851 2319 3903 duce

752 3939 988 3995 insidias
1034 3938 1179 3992 illius
1212 3938 1479 3993 exercitui
1530 3938 2024 4009 eolloearunt;qui
2092 3955 2215 3994 cum
2262 3956 2319 3997 se

749 4032 1027 4100 paulisper
1079 4030 1466 4094 ostendissent,
1527 4045 1719 4084 rursus
1750 4030 2098 4086 abdiderunt.
2156 4032 2318 4101 792

752 4122 924 4175 timidi
960 4138 1027 4175 eo
1077 4122 1277 4175 reversi
1332 4120 1476 4175 unde
1520 4120 1731 4175 feroces
1764 4122 2098 4190 prodierant.
2130 4123 2203 4176 Ex
2254 4140 2320 4177 eo

750 4212 887 4264 citra
933 4225 1166 4279 pugnam
1212 4226 1432 4271 versus,
1461 4210 1905 4265 Thessalonicam
1973 4213 2318 4281 metropolim

752 4302 907 4364 abiit,
949 4300 1231 4353 Bonifacio
1257 4300 1575 4356 marehione
1637 4301 1953 4364 comitante,
1976 4302 2067 4368 qui
2098 4298 2321 4356 Mariam

751 4394 1084 4452 Pannoniam
1106 4409 1291 4448 seenm
1314 4394 1569 4456 ducebat,
1618 4393 1825 4447 lsaacio
1869 4394 2075 4464 Angelo
2105 4394 2319 4463 pridem

752 4498 997 4554 nuptam,
1049 4486 1141 4540 sed
1200 4496 1320 4555 post
1350 4488 1495 4541 illius
1544 4486 1758 4539 obitum
1791 4496 1851 4538 et
1890 4486 2079 4539 urbem
2108 4494 2319 4553 captam

754 4577 994 4647 legitimo
1008 4576 1111 4631 sibi
1138 4577 1770 4645 matrimoniojunetatn.
1798 4574 2070 4629 Caeterum
2098 4590 2221 4629 cum
2253 4574 2321 4629 ad

753 4669 1145 4738 Mosynopolim
1196 4679 1421 4723 ventum
1456 4676 1626 4731 esset,
1679 4677 1734 4721 et
1765 4681 1830 4720 ex
1874 4666 2129 4735 plurimis
2169 4666 2323 4719 audi-

2420 2211 2560 2280 μέρη
2587 2210 2753 2272 ἔξεισι
2788 2210 2856 2262 τὰ
2892 2212 3120 2281 ἑσπέρια
3142 2253 3156 2276 ,
3186 2211 3284 2281 οὑχ
3312 2210 3389 2273 ώς
3424 2210 3564 2263 αὐτά
3587 2209 3987 2280 χειρωσόμενος

2420 2300 2631 2370 (πάντα
2662 2301 2772 2373 γάρ
2803 2304 2850 2354 oi
2882 2302 3131 2371 ἁλώσιμα
3164 2302 3322 2372 ᾤετο,
3361 2321 3380 2353 ι
3420 2303 3505 2370 Πᾷ
3541 2302 3617 2370 pili
3645 2303 3738 2353 καὶ
3776 2303 3987 2367 κινήσω

2415 2396 2513 2447 τάν
2561 2397 2664 2461 γᾶν
2700 2396 2779 2466 τῷ
2816 2394 3026 2464 δόρατι,
3086 2413 3103 2445 ι
3146 2393 3343 2464 μικροῦ
3396 2391 3691 2461 κομπάζων
3718 2396 3811 2445 καὶ
3866 2392 3987 2441 λίαν

2415 2485 2709 2555 ἀγερώχως
2746 2484 2885 2555 ὑπὲρ
2920 2483 3214 2551 Εὐκλείδην
3255 2482 3369 2553 (65)
3419 2482 3822 2550 φθεγγόμενος)
3868 2480 3987 2532 ἀλλ’

2415 2577 2490 2639 ὡς
2516 2578 2604 2630 διά
2643 2577 2835 2645 φιλίων
2870 2575 3063 2646 χώρων
3109 2574 3577 2645 παρελευσόμενος
3610 2573 3704 2625 καὶ
3733 2571 3987 2642 βασιλεὺς

2427 2668 2712 2738 Ῥωμαίων
2735 2666 3305 2738 ἀναγορευθησόμενος
3332 2664 3466 2734 πρὸς
3488 2663 3709 2727 παντὸς,
3736 2656 3798 2715 οῦ
3824 2661 3989 2730 χάριν

2414 2762 2534 2815 οὐδὲ
2575 2761 2801 2826 κομιδῆς
2840 2758 3055 2811 οἱασοῦν
3118 2755 3448 2826 κατηξιώκει
3495 2755 3647 2814 τινὰς
3697 2751 3801 2803 τῶν
3846 2750 3990 2801 Ῥω-

2418 2853 2592 2923 μαίων
2633 2854 2695 2905 ὲκ
2742 2849 2833 2903 τοῦ
2883 2846 3273 2918 στρατιωτικοῦ
3314 2863 3373 2898 τε
3415 2845 3507 2895 καὶ
3542 2840 3821 2893 πολιτικοῦ
3859 2856 3987 2890 συν-

2413 2946 2710 3013 τάγματος,
2760 2942 2873 2995 ἀλλ⁹
2927 2940 3319 3002 ἁπαξάπαντας
3371 2934 3758 3002 ἀπεπέμψατο.
3812 2928 3986 2983 Τοῦτο

2414 3036 2469 3089 δὲ
2512 3036 2605 3086 καὶ
2646 3034 2758 3095 τοῖς
2805 3031 2987 3093 ἄλλοις
3024 3028 3118 3081 τοῦ
3175 3022 3566 3096 στρατιωτικοῦ
3622 3020 3855 3092 ἡγεμόσι
3888 3019 3989 3072 καὶ

2414 3130 2616 3196 κόμησι
2665 3126 2908 3178 δέδοκτοο
2958 3120 3056 3191 τὴν
3112 3121 3218 3189 γὰρ
3266 3118 3488 3188 ἀνδρίαν
3537 3115 3647 3167 τῶν
3710 3112 3989 3178 συννόμων

2416 3216 2627 3285 ἀρετῶν
2653 3212 3030 3282 ἀφορίζοντες.
3061 3211 3156 3262 καὶ
3186 3207 3389 3275 ταύτην
3420 3206 3632 3266 ἑαυτοῖς
3659 3198 3986 3259 οίκειοῦντες

2414 3306 2488 3367 ὠς
2527 3302 2787 3371 συγγενὲς
2828 3302 2925 3353 καὶ
2958 3297 3257 3367 σύντροφον
3306 3293 3665 3364 επιτήδευμα,
3698 3290 3851 3343 οὐδὲν
3875 3287 3987 3339 τῶν

2415 3397 2587 3450 ἄλλων
2640 3395 2808 3450 ἐθνῶν
2871 3396 2949 3457 είς
2987 3396 3181 3464 ΙἌρεος
3230 3392 3368 3462 ἔργα
3422 3382 3986 3458 παρασυμϐεϐλῆσθαί

2423 3505 2605 3555 σφισιν
2633 3487 2929 3557 ἠνείχοντο.
2973 3486 3111 3537 Ἀλλ’
3142 3483 3262 3536 οὐδέ
3290 3499 3374 3543 τις
3393 3480 3501 3532 τῶν
3525 3478 3773 3548 Χαρίτων
3804 3476 3838 3543 ἢ
3877 3474 3989 3525 τῶν

2421 3579 2651 3635 Μουσῶν
2694 3579 2849 3649 παρά
2881 3579 2993 3638 τοῖς
3042 3575 3338 3645 βαρϐάροις
3374 3572 3583 3633 τούτοις
3616 3568 3982 3634 ὲπεξενίζετο·

2421 3675 2510 3724 καὶ
2533 3670 2681 3740 παρά
2708 3670 2889 3731 τοῦτο,
2909 3664 3084 3732 οἶμαι,
3114 3667 3214 3734 τὴν
3245 3664 3405 3734 φύσιν
3433 3658 3572 3731 ἦσαν
3596 3662 3859 3729 ἀνήμεροι
3891 3657 3989 3709 καὶ

2420 3761 2512 3812 τὸν
2556 3760 2711 3829 χόλον
2761 3753 2904 3827 εἶχον
2954 3755 3047 3808 τοῦ
3098 3754 3259 3818 λόγου
3313 3752 3698 3821 προτρέχοντα.
3755 3746 3989 3799 Διελοιέιν

2421 3852 2600 3905 τοίνυν
2632 3851 2731 3913 τὰς
2781 3848 3047 3920 Θρᾳκῷας
3105 3846 3287 3907 πόλεις
3338 3845 3365 3895 6
3400 3842 3715 3901 Βαλδουῖνος
3766 3840 3832 3907 τῇ
3889 3837 3988 3902 μὲν

2433 3942 2735 4012 Ὀρεστιάδι
2763 3941 3005 4011 φρουρὰν
3030 3936 3402 4004 ἐγκατέλεξεν,
3430 3932 3629 4003 ὁμοίως
3656 3931 3709 3983 δὲ
3733 3929 3824 3983 καὶ
3847 3928 3991 3979 κατᾶ

2420 4035 2481 4086 τὸ
2519 4033 2898 4100 Διδυμότοιχον
2952 4032 3045 4082 καὶ
3095 4030 3194 4094 τὴν
3246 4028 3310 4079 εκ
3340 4025 3605 4078 Φιλίππου
3663 4021 3991 4091 παρώνυμον

2424 4126 2580 4177 πόλιν
2610 4122 2955 4193 διεπράξατο.
3003 4120 3090 4182 Ὠς
3119 4120 3165 4171 δ’
3186 4122 3189 4123 ⁷
3209 4118 3289 4178 εις
3319 4117 3579 4169 Ξάνθειαν
3631 4114 3797 4168 ἵκετο.
3834 4111 3991 4177 λόχον

2423 4221 2472 4271 oi
2501 4218 2679 4268 ἐκεῖσε
2726 4212 3157 4272 ὑποκαθίσαντες
3212 4207 3519 4277 Σενάχερίμ
3565 4222 3707 4265 τινος
3766 4201 3993 4269 ἐξηγου-

2428 4309 2591 4377 μένου
2626 4305 2702 4374 τῷ
2743 4302 3109 4374 στρατεύματι
3153 4299 3325 4370 λάθρα
3378 4298 3667 4350 ιπέθεντο’
3706 4292 3900 4362 μικρὸν
3934 4288 3991 4340 δέ

2422 4417 2475 4450 τι
2505 4397 2763 4465 φανέντες
2789 4394 3197 4462 ἀπεκρύψαντο,
3221 4390 3531 4450 ἐπανιόντες
3555 4384 3845 4452 δείλανδροι
3869 4380 3994 4432 ὅθεν

2424 4491 2648 4561 ἐξῄεσαν
2674 4486 3081 4556 θρασυκάρδιοι.
3126 4484 3183 4536 Ὀ
3210 4483 3267 4535 δὲ
3301 4481 3502 4550 ἀμαχεὶ
3527 4482 3588 4531 ὲκ
3620 4478 3770 4529 τοῦδε
3814 4474 3990 4541 προῦο

2425 4580 2591 4649 χώρει
2632 4579 2768 4647 πρὸς
2800 4577 2897 4646 τὴν
2928 4573 3364 4627 Θεσσαλονικέων
3413 4567 3763 4638 μητρόπολιν.
3814 4562 3982 4628 Ἐφεί.

2427 4686 2559 4723 πετο
2581 4668 2635 4721 δέ
2657 4670 2705 4720 ot
2740 4670 2767 4720 6
2813 4666 3129 4733 Βονιφάτιος
3165 4662 3481 4732 μαρκέσιος,
3524 4659 3621 4727 τὴν
3655 4660 3717 4709 ὲκ
3747 4654 3993 4707 Παιόνων

751 4759 920 4811 visset
950 4774 1228 4826 nunquam
1255 4758 1309 4811 in
1337 4758 1521 4811 animo
1556 4757 1809 4810 habuisse
1840 4755 2164 4809 Balduinum
2209 4756 2311 4809 sibi
2347 4765 2392 4823 ι)
2421 4763 2450 4813 It

2299 4756 2311 4807 i
2347 4765 2392 4823 ι)
2421 4761 2641 4829 Μαρίαν
2676 4758 3035 4827 ἐπαγόμενος,
3078 4752 3334 4820 Ἰσαακίιρ
3366 4752 3464 4819 μὲν
3500 4749 3577 4816 τῷ
3611 4748 3668 4812 ἐξ
3715 4743 3991 4811 Ἀγγέλων

756 4849 953 4919 inclyta
1001 4848 1410 4911 Thessalonica,
1452 4857 1513 4901 ιιι
1534 4847 1902 4907 convenisset,
1958 4845 2175 4906 cedere.
2226 4845 2320 4898 sed

754 4956 817 4992 ea
842 4939 908 4992 de
932 4955 1095 4992 causa
1137 4939 1189 4991 id
1250 4939 1354 4992 iter
1374 4940 1682 5009 suscepisse
1713 4947 1770 4991 et
1835 4937 2071 4993 celerius
2118 4937 2217 4998 ire,
2263 4945 2322 4989 ut

757 5029 948 5083 urbem
1014 5029 1158 5083 illam
1213 5037 1527 5097 occuparet,
1598 5028 1762 5097 longo
1833 5038 2074 5095 tempore
2152 5026 2321 5083 veluti.

754 5122 1020 5173 attonitus
1103 5121 1272 5173 stetit.
1326 5120 1534 5174 Deinde
1612 5135 1721 5186 prae
1783 5118 1950 5171 animi
1998 5116 2333 5185 aegritudine,

756 5216 1027 5266 (υμνοι-ιιι
1110 5212 1247 5270 iter:
1305 5210 1632 5264 Balduinum
1709 5208 2038 5275 fallaciorem
2094 5206 2315 5269 Grreeis,

760 5303 1046 5370 pertidum.
1130 5305 1328 5369 levent,
1396 5314 1598 5356 tessera
1681 5299 2081 5354 mutabiliorem
2144 5309 2320 5356 vocat.

2421 4850 2796 4917 ἁρμοσθεῖσαν
2821 4846 3106 4915 πρότερον,
3134 4842 3272 4910 μετά
3293 4840 3349 4894 δὲ
3378 4840 3477 4909 τὴν
3505 4838 3711 4889 ἐκείνου
3738 4834 3993 4884 ἐκείωσμν

2422 4944 2514 4995 καὶ
2554 4941 2651 5009 τὴν
2696 4940 2792 5006 τῆς
2842 4938 3049 4997 πόλεως
3097 4936 3297 4988 ἅλωσιν
3335 4927 3788 4983 συνευνασθεῖσαν
3843 4923 3990 4989 αὑτῷ

2421 5034 2560 5084 κατὰ
2607 5032 2825 5098 νόμους.
2870 5029 3021 5079 Ἐπεὶ
3050 5026 3105 5078 δὲ
3139 5028 3166 5076 6
3213 5024 3311 5091 μὲν
3344 5020 3662 5078 Βαλδουῖνος
3719 5014 3987 5076 αὐλίζοιτο

2421 5121 2560 5172 κηατά
2582 5118 2679 5187 τὴν
2707 5116 3101 5178 Μοσυνόπολιν,
3120 5116 3147 5165 6
3172 5114 3227 5165 δὲ
3264 5112 3559 5180 μαρκέσιος
3591 5106 3813 5157 πύθοιτο
3841 5102 3988 5170 παρὰ

2421 5210 2686 5261 πλείστων
2719 5206 2851 5275 μηδέ
2883 5222 3011 5258 ποτε
3046 5202 3336 5274 προθέσθαι
3367 5200 3456 5251 τὸν
3482 5197 3797 5249 ΒΞΜΞΟυῖιον
3820 5195 3990 5245 ὑπεκ-

2432 5297 2620 5366 στῆναί
2659 5297 2710 5348 οἱ
2756 5298 2853 5363 τῆς
2894 5295 3121 5361 λογίμης
3160 5288 3588 5355 Θεσσαλονίκης,
3633 5284 3880 5349 καθάπερ
3927 5280 3990 5349 δὴ

2074 5431 2247 5490 Hier.
2283 5430 2486 5490 Woltii
2533 5439 2715 5489 noue.

832 5588 1045 5665 iti3)__T6
1079 5586 1227 5665 ὑπὲρ
1251 5584 1606 5665 Εὐκλείδην-ι
1630 5580 2073 5665 (laeterihcmiiees
2095 5595 2199 5665 non
2229 5579 2323 5665 ha:

765 5660 907 5711 bent.
928 5649 1046 5712 Nec
1075 5649 1206 5709 mihi
1229 5665 1353 5709 nota
1379 5667 1461 5709 est
1492 5654 1713 5707 historia
1742 5654 1806 5704 de
1828 5651 2068 5704 Enelidis
2095 5649 2325 5710 alicujus

765 5728 1072 5784 tnSolcnlia.
1114 5725 1400 5777 Εὐκλείδου
1437 5727 1689 5791 ἄρχοντος
1729 5723 1785 5773 lit
1814 5721 2016 5773 mentio
2052 5719 2191 5791 Apud
2227 5718 2323 5770 Dc-

765 5797 1129 5860 tnosthcncm,
1172 5798 1238 5850 de
1291 5789 1677 5858 minus“an
1722 5794 1801 5845 vel
1861 5803 1975 5856 post
2041 5789 2319 5843 Euclidem

2418 5578 2610 5630 irritis.
2646 5574 2913 5629 Fortassis
2946 5572 3046 5624 hoc
3080 5568 3195 5622 vult
3220 5566 3289 5640 τὸ*
3309 5566 3459 5631 ὑπὲρ
3483 5561 3815 5640 Εὐκλείδην
3851 5577 3990 5626 pne.-

2425 5657 2655 5705 matnre,
2707 5642 3106 5711 intempestive,
3158 5637 3452 5711 insolenter
3486 5637 3817 5711 _encomiun1
3864 5645 3990 5679 cum

2429 5732 2622 5768 ranere
2646 5701 2781 5766 ante
2815 5701 3123 5771 victoriam,
3160 5719 3215 5760 ut
3265 5706 3328 5759 ad
3378 5701 3709 5770 προθεσμίαν
3753 5701 3857 5749 τῶν
3897 5712 3991 5745 κν-

2436 5788 2562 5854 ρίων
2596 5788 2769 5853 νόμων
2804 5782 3030 5835 allndat.
