4314 6356
224 391 327 452 985

1583 392 1631 450 U
1645 393 1784 450 liBS
1824 393 2089 455 CAPTUS.

3366 402 3474 463 986

223 502 318 555 καὶ
353 500 625 566 συνέθετο,
654 501 788 556 ἀλλὰ
824 500 964 556 κατὰ
997 501 1156 555 τοῦτο
1188 500 1435 573 προϊέναι
1475 501 1564 552 καὶ
1600 501 1786 552 συντό-
1817 507 1857 560 Α
1892 503 1927 556 L

1763 507 1857 560 -A
1892 503 2337 572 Lidymotichum
2397 519 2650 577 occupat,
2727 524 2900 578 eoque
2982 506 3238 562 omnibus
3298 507 3467 558 modis

223 608 310 643 νου
355 591 575 660 ἔχεσθαι
609 592 706 661 τῆς
743 593 966 661 πορείας
994 591 1066 654 ὡς
1106 591 1203 660 τὴν
1248 591 1401 643 πόλιν
1434 589 1623 642 εἰσιὼν
1657 589 1792 641 ίδιώο

218 699 396 748 σαιτο,
430 680 560 746 αὖος
590 678 655 752 ἦν
682 682 767 751 ἔφ’
801 683 1006 746 ἱκανὸν,
1032 683 1219 753 ὥσπερ
1245 683 1348 735 ὑπὸ
1378 680 1639 751 κεραυνοῦ
1668 680 1796 750 βλησ

220 772 363 834 θείς.
425 773 638 826 Οὐκοῦν
696 773 787 827 ὑπ’
855 773 1094 842 ἀθυμίας
1153 774 1342 840 φανεὶς
1409 771 1796 840 κατακὼχιμος

233 863 551 932 παλίμπους
596 865 845 932 φέρεται,
877 864 1124 931 Γραικῶν
1169 863 1574 931 ἀπατηλότερον
1616 863 1708 914 καὶ
1737 862 1798 912 τὸ

235 949 368 1023 ἦθος
413 953 708 1024 σκαμδώδη
752 954 841 1007 καὶ
890 954 1116 1008 ἄπιστον
1146 955 1238 1005 καὶ
1290 952 1618 1021 παλίμϐολον
1660 952 1797 1020 ὑπὲρ

227 1047 497 1112 ὄστρακον
559 1048 651 1099 καὶ
719 1047 884 1098 κύϐον
943 1047 1032 1098 τὸν
1095 1044 1410 1098 Βαλδουῖνον
1481 1044 1793 1098 ἀποκαλῶν.

235 1139 455 1208 Ἀμέλει
500 1155 582 1191 τοι
639 1140 733 1190 καὶ
783 1134 1104 1190 καταλαϐὼν
1156 1136 1216 1188 τὸ
1273 1135 1649 1203 Διδυμότοιχον
1705 1133 1799 1186 καὶ

235 1228 496 1291 παντοίως
545 1227 677 1281 αὐτὸ
724 1227 1156 1298 κρατυνάμενος,
1190 1227 1282 1278 ἐπὶ
1312 1225 1368 1277 δὲ
1411 1226 1508 1286 τὰς
1557 1223 1798 1293 Θρᾳκίας

225 1319 412 1381 πόλεις
458 1319 778 1372 ἀναστατῶν
831 1317 968 1387 πλὴν
1013 1319 1112 1386 τῆς
1173 1316 1511 1387 Ὀρεστιάδος
1560 1314 1796 1384 (ταύτην

225 1407 338 1476 γάρ
385 1408 821 1477 άντιπαρήρχετο
853 1408 1102 1460 πλεῖστον
1133 1407 1256 1459 ὅσον
1283 1406 1342 1457 τὸ
1376 1407 1436 1458 ἐκ
1470 1404 1794 1457 Βαλδουίνου

229 1499 533 1565 στέγουσαν
579 1497 926 1568 ὁπλομάχον)
978 1498 1174 1568 φόρους
1206 1498 1494 1549 συνέταττε
1531 1497 1623 1548 καὶ
1671 1495 1799 1546 Ῥω-

233 1589 429 1657 μαίους
456 1588 798 1657 συνήγειρεν,
836 1586 932 1657 [Ρ.
965 1586 1102 1658 587]
1136 1588 1185 1639 εί
1211 1603 1262 1638 τι
1292 1584 1562 1655 φρικῶδες
1586 1582 1794 1650 ἀνθρώ-

227 1693 356 1740 ποις
388 1679 481 1729 καὶ
522 1678 793 1729 θειότατον
826 1676 998 1746 ὄνομα
1032 1677 1213 1745 φέρων
1257 1674 1344 1727 διὰ
1396 1671 1670 1741 γλώττης,
1705 1673 1798 1724 καὶ

233 1769 651 1836 μαρτυρόμενος
691 1767 1028 1820 ἀπείπασθαι
1080 1767 1178 1834 μὲν
1210 1765 1306 1826 τὰς
1351 1763 1470 1830 μεθ’
1515 1763 1798 1830 ὁμοφύλων

226 1857 461 1919 σπονδὰς
486 1859 579 1909 καὶ
609 1857 705 1926 τὴν
745 1858 1007 1926 πρότερον
1042 1855 1368 1923 σύμπνοιαν,
1417 1853 1706 1922 Ῥωμαίοις
1740 1854 1797 1906 δὲ
1835 1837 1873 1890 Β

229 1948 626 2020 προσχωρῆσαι
676 1948 966 2017 λαμπρῶς.
1013 1945 1196 1998 Ταῦτα
1230 1945 1402 2011 λέγων
1456 1946 1550 1998 καὶ
1579 1942 1798 2011 διομνύ-

231 2055 392 2107 μενος
442 2039 971 2108 προσεμηχανήσατό
1022 2055 1073 2089 τι
1131 2038 1224 2089 καὶ
1263 2035 1446 2105 ἕτερον
1501 2034 1687 2087 ποιοῦν
1730 2035 1797 2087 τὰ

229 2131 454 2198 ῥήματα
479 2130 860 2199 εὐπαράδεκτα
884 2145 898 2159 ·
925 2130 1015 2181 τὸν
1048 2130 1156 2197 γὰρ
1188 2129 1530 2196 πρωτότοκον
1554 2127 1672 2179 υίὲα
1700 2128 1797 2196 τῆς

229 2220 622 2290 συζτυχθείσης
681 2222 829 2289 αύτῴ
885 2221 1104 2289 Μαρίας
1154 2221 1376 2289 (κλῆσις
1433 2218 1628 2271 τουτωῒ
1677 2220 1796 2271 Μα-

228 2311 433 2381 νουὴλ)
492 2314 713 2382 βασιλέα
759 2314 1046 2382 Ῥωμαίων
1088 2311 1474 2381 άνηγορεύκει,
1525 2310 1797 2371 ὑπεκστὰς

228 2402 426 2472 ὲκείνῳ
466 2405 560 2456 καὶ
609 2406 886 2474 σχήματος
934 2402 1029 2456 καὶ
1060 2403 1318 2471 ὀνόματος
1369 2400 1460 2453 καὶ
1493 2401 1552 2452 τὸ
1584 2417 1795 2470 προσω·

230 2499 385 2548 ττεῖον
425 2495 582 2548 τοῦτο
630 2501 721 2548 καὶ
769 2497 1064 2568 πρόσχημα
1106 2494 1248 2548 κατὰ
1285 2493 1444 2562 στίφη
1479 2496 1603 2556 τοὺς
1664 2493 1800 2544 Ῥω-

231 2587 428 2654 μαίους
459 2587 681 2658 άγήοχε.
713 2590 821 2641 Καὶ
848 2587 1111 2649 τοιούτοις
1142 2587 1240 2656 μὲν
1269 2588 1508 2639 ὲνεπόλει
1534 2585 1801 2654 σοφίσμα-

230 2693 318 2727 σιν
349 2679 375 2728 ό
405 2679 723 2745 μαρκέσιος,
758 2678 832 2748 μὴ
855 2678 989 2746 πρὸς
1015 2678 1273 2748 ἀλήθειαν
1305 2676 1442 2738 ὅλως
1470 2676 1797 2745 δρωμένοις,

229 2766 308 2828 ὡς
339 2769 407 2820 τὰ
439 2769 730 2836 μετέπειτα
754 2770 1101 2837 καθυπέφηνε
1121 2786 1134 2800 ·
1168 2768 1260 2820 τοῦ
1287 2769 1342 2820 δέ
1386 2784 1447 2834 γε
1481 2767 1797 2820 Βαλδουίνου

236 2863 306 2929 τῇ
343 2860 709 2931 Θεσσαλονίκῃ
742 2863 1059 2929 ἐγγίσαντος
1095 2861 1240 2922 ἅπας
1279 2860 1611 2930 ἐξερρύησαν
1641 2861 1796 2923 λεὼς.

235 2952 333 3003 καὶ
367 2950 483 3020 μετ’
514 2952 770 3021 εύσήμων
806 2951 942 3019 βοῶν
981 2953 1120 3018 σφᾶς
1145 2968 1202 3002 τε
1227 2951 1420 3012 αὐτοὺς
1451 2952 1543 3002 καὶ
1573 2951 1670 3016 τὴν
1706 2953 1799 3000 πό-

230 3041 320 3094 λιν
355 3042 666 3112 περιχαρῶς
715 3041 1030 3096 ἑνδιδόασιν.
1084 3042 1393 3096 Ἱκέτευσσν
1445 3042 1627 3111 μέντοι
1675 3040 1800 3110 μήτ’

1901 595 2120 649 ﬁrmato
2142 597 2402 652 Thracias
2431 599 2595 654 urbes
2627 602 2845 661 evertit.
2897 599 3183 655 Orestiade
3220 606 3471 665 excepta,

1897 699 2059 752 quam
2127 687 2360 740 maximo
2395 687 2646 756 praesidio
2674 703 2702 742 a
2749 688 3009 741 Balduino
3039 687 3306 740 ﬁrmatam
3344 701 3476 753 prue-

1900 776 2071 829 teriil.
2109 777 2396 845 Vectigalia
2446 777 2684 842 ordinat,
2739 780 3014 832 Romanos
3066 777 3289 846 colligit,
3341 789 3472 828 san-

1898 869 2145 923 ctissimo
2171 871 2526 940 jurejurando
2571 871 2718 934 dato,
2764 879 2820 924 et
2851 870 2945 922 Dei
2996 885 3191 922 nomen
3237 866 3471 921 subinde

1899 969 2133 1014 testatus
2177 975 2235 1014 se
2289 962 2635 1029 popularium
2693 976 2919 1014 suorum
2977 959 3239 1014 societate
3285 958 3469 1009 relicta

1899 1064 2132 1118 prorsus
2151 1050 2214 1101 ad
2245 1048 2518 1104 Romanos
2539 1049 2825 1104 defecisse.
2859 1051 3060 1104 Praeter
3095 1046 3461 1106 de;erationes

1901 1138 2032 1192 istas
2059 1138 2210 1192 aliud
2233 1140 2394 1193 etiam
2423 1139 2788 1200 machinatus,
2836 1149 2895 1192 ut
2942 1138 3125 1191 verbis
3159 1135 3318 1205 793
3358 1133 3474 1185 suis

1901 1226 2066 1281 ﬁdem
2090 1236 2380 1292 astrueret,
2407 1229 2830 1297 primogenitum
2861 1228 3116 1296 conjugis
3151 1241 3261 1279 suae
3291 1223 3473 1277 Mariae

1899 1316 2074 1370 ﬁlium
2128 1317 2426 1372 Manuelem
2462 1320 2832 1373 Romanorum
2882 1317 3268 1385 imperatorem
3315 1313 3472 1371 dixit,

1900 1407 2064 1475 eique
2126 1417 2179 1460 et
2213 1409 2404 1462 habitu
2459 1416 2515 1462 et
2565 1409 2720 1462 titulo
2745 1408 2931 1462 cessit.
2994 1406 3112 1470 Quo
3163 1411 3475 1456 commento

1905 1497 2185 1552 Romanos
2210 1499 2529 1552 catervatim
2557 1498 2623 1551 ad
2650 1513 2708 1552 se
2732 1498 2972 1566 pellexit,
2997 1493 3249 1564 quamvis
3287 1507 3348 1546 ea
3363 1507 3472 1544 non

1901 1602 2125 1654 prorsus
2149 1601 2212 1640 ex
2262 1586 2445 1640 animo
2475 1585 2699 1648 faceret,
2736 1594 2794 1638 ut
2852 1595 2972 1652 post
3005 1591 3233 1638 eventus
3262 1580 3472 1634 docuit.

1900 1674 2035 1729 Cum
2070 1687 2252 1731 autem
2275 1676 2572 1730 Balduinus
2620 1691 2728 1730 non
2781 1675 2968 1745 procul
3018 1689 3048 1728 a
3089 1670 3474 1726 Thessalonica

1903 1765 2140 1829 abesset,
2169 1766 2348 1819 omnis
2382 1766 2618 1835 populus
2670 1766 2720 1820 ei
2769 1767 3029 1826 occurrit,
3080 1765 3473 1817 etclara.voce

1905 1856 2096 1910 urbem
2155 1865 2211 1911 et
2236 1871 2356 1911 sese
2405 1857 2650 1910 hilariter
2682 1855 2923 1909 dedidit:
2963 1863 3141 1908 tamen
3194 1851 3371 1906 oravit
3409 1866 3474 1901 ne

1905 1947 1991 2000 vel
2033 1946 2148 2014 ipse
2211 1945 2402 2001 urbem
2460 1946 2690 1999 intraret
2748 1944 2830 1997 vel
2899 1946 3200 1998 exercitum
3269 1938 3474 2007 ingredi

1904 2046 2205 2108 pateretur,
2263 2037 2357 2106 qui
2397 2053 2521 2092 cum
2571 2053 2678 2091 non
2715 2036 2807 2089 uni
2859 2035 2986 2089 duci
3053 2042 3268 2102 pareret
3298 2039 3352 2084 et
3411 2045 3473 2081 ex

1904 2129 2069 2181 variis
2102 2128 2684 2197 gentibuszconstaret,
2728 2127 2903 2180 vereri
2934 2141 2990 2179 se
3024 2140 3090 2177 ne
3121 2124 3266 2176 illius
3292 2120 3474 2174 edicto

1903 2230 2088 2288 spreto
2119 2219 2321 2274 milites
2368 2220 2559 2274 urbem
2591 2220 2911 2288 spoliarent.
2946 2219 3129 2284 Quare
3177 2212 3477 2268 Balduiuus

1905 2310 2102 2380 partim
2158 2312 2410 2380 aequitate
2443 2311 2826 2380 postulationis
2857 2313 3141 2372 adductus.
3175 2315 3370 2383 partim
3411 2329 3474 2366 ex

1907 2406 2032 2459 irati
2103 2407 2436 2460 marchionis
2492 2406 2738 2460 discessu
2795 2406 2932 2458 nihil
2991 2405 3118 2458 boni
3183 2420 3474 2473 auguralis,

1907 2498 2100 2566 partim
2135 2497 2206 2551 ob
2257 2497 2394 2551 facta
2434 2497 2597 2556 illius.
2634 2511 2754 2564 quae
2784 2496 2922 2549 fama
2957 2495 3476 2557 aﬂ‘erebat,anxius,

1907 2589 2494 2644 Thessalonicensibus
2539 2590 2754 2656 annuit,
2806 2596 2861 2642 et
2922 2587 3216 2642 rubricatis
3274 2587 3477 2640 litteris

1905 2678 2085 2734 omnia
2150 2677 2301 2731 urbis
2376 2677 2623 2730 instituta
2680 2684 2736 2730 et
2779 2672 3210 2729 consuetudines
3274 2670 3479 2725 conﬁr-

1905 2771 2106 2834 mavit;
2137 2777 2193 2824 et
2235 2769 2447 2838 aliquot
2479 2767 2673 2822 diebus
2695 2775 2850 2821 extra
2905 2765 3106 2821 mmnia
3153 2763 3478 2822 honoriﬁce.

1906 2871 1967 2915 ut
1992 2863 2198 2926 decuit,
2231 2861 2451 2916 habitus
2475 2861 2791 2930 Byzantium
2825 2857 3145 2912 revertitur.
3175 2855 3294 2910 Jam
3327 2854 3472 2908 enim

1907 2955 2070 3007 etiam
2115 2952 2463 3009 Venetiarum
2508 2951 2665 3005 ducis
2723 2949 2973 3012 Danduli,
3011 2948 3322 3003 etaliorum
3385 2959 3477 2998 co-

1909 3045 2100 3100 mitum
2155 3045 2247 3114 qui
2296 3045 2349 3098 in
2392 3043 2526 3096 urbe
2579 3050 3012 3111 permanserant,
3060 3038 3221 3110 79$
3277 3038 3477 3092 litteris

230 3137 398 3188 αὑτὸν
450 3136 764 3190 Βαλδουῐνον
815 3137 1067 3206 ἐπιϐῆναι
1113 3136 1215 3205 τῆς
1256 3137 1484 3201 πόλεως,
1521 3137 1658 3206 μήτε
1701 3136 1800 3205 τὴν
1825 3173 1872 3230 C
1909 3153 1934 3190 ι·

1773 3154 1872 3230 vc
1909 3135 2285 3191 revocabatur.
2346 3133 2611 3187 Balduino
2680 3147 2901 3187 reverso
2968 3130 3211 3184 marchio
3259 3143 3475 3196 quoque

232 3230 371 3280 εἴσω
399 3227 460 3280 τὸ
490 3229 805 3297 στράτευμα
841 3229 1194 3296 συγχωρῆσαι
1219 3226 1512 3296 παρελθεῖν
1530 3245 1544 3259 ι
1573 3227 1800 3279 δεδιέναι

233 3319 346 3388 γὰρ
387 3319 461 3389 μὴ
505 3321 574 3371 τὰ
620 3319 832 3371 ἐκείνου
886 3318 1450 3388 παραγκωνισάμενον
1492 3298 1803 3384 ἐντάλματα

232 3411 336 3479 τὴν
371 3410 523 3462 πόλιν
551 3409 920 3475 σκυλεύσειεν,
947 3405 1033 3462 οἷα
1065 3410 1187 3480 μηδ’
1226 3409 1316 3478 ὑφ’
1344 3411 1437 3462 ἕνα
1481 3412 1804 3478 ταττόμενον

243 3495 511 3564 ἡγεμόνα,
541 3496 656 3550 ἀλλ’
700 3497 765 3547 ἐκ
817 3496 1023 3548 πολλῶν
1075 3495 1454 3565 ἀγηγερμένον
1488 3495 1804 3566 φυλαρχιῶν

239 3587 337 3640 καὶ
367 3585 635 3647 πλείστοις
667 3585 1022 3653 ὑποκείμενον
1069 3585 1348 3655 ἄρχουσιν.
1399 3583 1456 3636 Ὀ
1485 3584 1803 3647 Βαλδουῖνος

234 3679 418 3730 τοίνυν
446 3674 604 3727 τοῦτο
632 3676 729 3744 μὲν
769 3678 890 3736 ταῖς
921 3676 1026 3737 τῶν
1060 3677 1328 3744 αἰτήσεων
1380 3675 1621 3742 εὐλόγοις
1671 3676 1806 3729 καθ-

239 3768 717 3838 υπαχθε“ις.τοῦτο
755 3768 811 3820 δὲ
868 3766 1164 3837 βάλλουσαν
1212 3765 1349 3835 ἔχων
1397 3767 1471 3835 μὴ
1509 3765 1685 3833 ἀγαθὰ
1727 3768 1804 3818 δι-

235 3863 434 3914 δοῦσαν
466 3857 832 3928 φαντάζεσθαι
862 3859 959 3926 τὴν
984 3858 1284 3928 μαρκεσίου
1320 3855 1435 3925 μετ’
1465 3857 1632 3926 ὀργῆς
1671 3859 1802 3908 ὑπο-

239 3954 504 4022 χώρησιν,
531 3953 589 4003 έν
620 3950 832 4013 πολλοῖς
861 3949 918 4002 δι
953 3949 1045 4001 καὶ
1079 3947 1370 4000 κεντοῦντα
1406 3947 1505 4017 τὴν
1540 3946 1707 4017 ἀκοὴν
1740 3948 1807 3999 τὰ

240 4045 336 4097 ὑπ’
369 4043 580 4095 ἐκείνου
607 4042 888 4110 γινόμενα,
916 4044 1027 4103 τοῖς
1051 4038 1503 4092 Θεσσαλονικιῦσι
1532 4039 1806 4108 προσέσχε

241 4137 338 4186 καὶ
382 4133 618 4202 γράμμα
650 4132 834 4199 σφίσιν
877 4127 1289 4200 ὲρυθρόγραφον
1318 4129 1638 4197 ἐνεχείρισε,
1674 4129 1804 4179 πᾶσι

239 4229 357 4287 τοῖς
417 4224 627 4292 ὲθίμοις
673 4225 739 4291 τῇ
804 4222 955 4274 πόλει
1015 4222 1075 4273 τὸ
1125 4221 1360 4288 ἔμπεδον
1419 4219 1802 4288 χαριζόμενον.

254 4315 480 4383 Ἀμέλει
534 4313 795 4383 καὶπρὸς
842 4311 1053 4382 ἡμέρας
1103 4310 1525 4377 έναυλισάμενος
1581 4309 1802 4373 ἔξωθεν,

240 4407 338 4460 καὶ
393 4403 807 4473 φιλοφρονηθεὶς
849 4404 918 4454 τὰ
975 4401 1179 4465 εἰκότα,
1211 4400 1488 4452 ἐπάνεισιν
1523 4395 1679 4461 αὖθις
1727 4402 1804 4462 εἰς

1906 3243 2004 3296 per
2037 3226 2313 3280 lofredum
2365 3225 2634 3294 quendam
2683 3238 2888 3292 magna:
2938 3220 3282 3276 auctoritatis
3329 3218 3471 3286 apud

1903 3319 2121 3374 Latinas
2167 3315 2350 3386 c0pias
2409 3314 2624 3378 virum,
2671 3327 2832 3381 quem
2908 3312 2982 3364 illi
3067 3307 3476 3370 mariscaldum,

1903 3410 2072 3464 Graeci
2105 3415 2578 3478 prostostratorem
2606 3415 2822 3460 vocant.
2878 3413 3206 3465 revocatur;
3270 3408 3326 3452 et
3368 3400 3472 3451 ﬁde

1905 3497 2244 3570 impunitatis
2280 3505 2500 3566 accepta
2528 3495 2580 3548 in
2614 3495 2806 3548 urbem
2833 3492 3110 3560 profectus
3171 3506 3235 3544 ac
3284 3503 3473 3542 recon-

1905 3587 2370 3644 ciliata'Balduini
2401 3588 2594 3656 gratia,
2625 3583 3002 3653 Didymoticho
3034 3581 3178 3636 cedit
3217 3589 3272 3633 et
3297 3580 3470 3632 Thes—

1903 3681 2195 3735 salonicam
2231 3677 2547 3738 descendit;
2590 3676 2681 3728 ubi
2718 3675 2785 3727 ab
2842 3673 3097 3726 omnibus
3145 3671 3280 3724 citra
3304 3670 3468 3722 dimi-

1907 3774 2177 3828 cationem
2212 3779 2499 3838 susceptus
2519 3769 2707 3821 urbem
2732 3765 3053 3833 ingreditur,
3088 3765 3140 3816 in
3183 3761 3470 3831 pnesenlia

1910 3864 2140 3932 tempori
2175 3863 2440 3924 serviens,
2480 3858 2682 3928 ingenii
2715 3856 2915 3909 malitia
2947 3864 3000 3907 et
3027 3854 3206 3906 animo
3237 3852 3466 3920 bilingui

1906 3955 2268 4011 dissimulato.
2300 3953 2486 4021 Neque
2514 3962 2695 4004 tamen
2722 3948 2927 4002 diutius
2949 3945 3254 4000 institutum
3286 3953 3470 3996 tenere

1907 4046 2119 4116 potuit:
2153 4044 2246 4098 sed
2295 4051 2355 4096 ut
2396 4040 2684 4095 mustelam
2725 4038 2915 4093 sebum
2945 4034 3298 4105 prodidit,ita
3358 4032 3472 4101 ipse

1908 4135 2445 4195 Thessalonicenses,
2476 4131 2710 4200 cognitis
2738 4143 2926 4183 eorum
2993 4127 3207 4194 Opibus,
3244 4123 3470 4192 pecunia

1908 4229 2176 4282 multavit.
2230 4225 2436 4279 Deinde
2469 4221 2863 4292 pulcherrimas
2900 4219 3042 4270 aedes
3065 4215 3298 4270 dominis
3347 4229 3472 4265 ere-

1907 4331 2026 4388 ptas
2061 4318 2339 4387 equitibus
2363 4316 2474 4368 suis
2531 4313 2843 4365 ineolendas
2883 4309 3106 4361 tradidit
3151 4324 3164 4370 ;
3201 4306 3474 4372 Mariaque

1909 4412 2136 4479 conjuge
2160 4417 2215 4461 et
2245 4415 2396 4475 parte
2427 4405 2700 4457 exercitus
2733 4401 2805 4454 ibi
2844 4401 3050 4461 relicta.
3096 4399 3325 4451 urbibus
3356 4412 3477 4465 quae

239 4499 303 4549 τὸ
369 4497 698 4560 Βυζάντιονο
740 4495 840 4563 ήδη
879 4495 984 4564 γὰρ
1042 4495 1135 4546 καὶ
1183 4492 1441 4561 ἀγγελίαν
1484 4492 1627 4544 τοῦτ’
1670 4492 1800 4542 αὐτὸ
1834 4505 1877 4558 ι)
1907 4501 1943 4554 S

1773 4492 1800 4542 δ
1834 4505 1877 4558 D
1907 4501 2083 4554 Serris
2131 4509 2185 4552 et
2253 4497 2525 4549 Berrlneze
2589 4494 2830 4546 ﬁnitimae
2881 4501 3008 4544 sunt
3049 4502 3102 4544 et
3152 4491 3215 4542 ad
3275 4489 3475 4556 Tempe

241 4587 693 4656 ἐπισκήπτουσαι)
750 4584 1036 4651 δεξάμενος
1083 4578 1148 4653 ἦν
1200 4583 1333 4651 πρός
1358 4599 1416 4633 τε
1481 4582 1575 4633 τοῦ
1622 4582 1808 4644 δουκὸς

239 4679 496 4739 Βενετίας
565 4675 859 4729 Δανδούλου
918 4677 1012 4727 καὶ
1065 4676 1179 4726 ὅσοι
1252 4673 1359 4725 τῶν
1421 4673 1677 4739 κομήτων
1741 4674 1804 4741 τῇ

243 4762 818 4817 Κωνσταντινουπόλει
878 4762 1225 4829 παρέμενονη
1269 4758 1356 4820 Ὠς
1398 4759 1636 4827 ἐπανῆκε
1696 4759 1808 4809 τοί-

248 4871 340 4904 συν
385 4853 413 4903 ὁ
480 4852 816 4916 Βαλδουῖνος,
846 4852 1236 4919 μετάπεμπτος
1280 4850 1487 4914 γίνεται
1528 4850 1621 4900 καλ⁸
1665 4865 1806 4917 μαρ-

241 4942 457 5005 κέσιος,
499 4942 672 5010 Ἰοφρέ
719 4958 860 5002 τινος
906 4938 1368 5008 ἐπιδεδημηκότας
1433 4938 1612 5006 αύτῷ,
1670 4940 1810 5006 μέγα

243 5031 399 5100 παρὰ
454 5033 564 5092 τοῖς
619 5031 724 5082 τῶν
780 5031 1025 5083 Λατίνων
1080 5029 1379 5096 δυναμένου
1442 5029 1808 5098 στρατεύμασι

245 5122 657 5191 (μαρισκάλκος
711 5118 778 5190 ἦν
832 5122 1079 5190 τάξίωμα
1119 5123 1146 5171 ὁ
1190 5121 1350 5190 ἀνὴρ,
1404 5120 1552 5190 δηλοῖ
1598 5121 1652 5172 δὲ
1690 5122 1809 5173 καθ’

245 5213 515 5280 Ἕλληνας
549 5214 582 5281 ἡ
638 5211 789 5280 φωνὴ
841 5214 932 5262 τὸν
998 5213 1532 5281 πρωτοστράτορα),
1583 5212 1674 5262 καὶ
1723 5213 1810 5262 πί-

246 5321 393 5366 στεις
438 5304 615 5365 δόντος
661 5305 733 5364 ὡς
781 5304 931 5355 οὐδέν
969 5321 1018 5354 τι
1070 5304 1510 5372 παραγενόμενος
1563 5303 1810 5354 πείσεται

247 5394 434 5462 ἀηδές.
507 5394 850 5463 Ἀπαντήσας
925 5396 1019 5447 καὶ
1081 5395 1158 5464 τῷ
1219 5395 1519 5465 Βαλδουίνῳ
1587 5398 1812 5448 σπεισά-

247 5501 410 5551 μενος
494 5485 786 5552 ἀφίσταται
847 5487 944 5556 μὲν
1000 5485 1096 5539 τοῦ
1160 5488 1571 5558 Διδυμοτοίχου,
1638 5490 1696 5551 ἐς
1754 5489 1808 5540 δὲ

243 5575 649 5646 Θεσσαλονίκην
698 5581 939 5639 κάτεισι,
979 5579 1074 5632 καὶ
1136 5581 1286 5650 παρὰ
1321 5581 1538 5635 πάντῶν
1604 5582 1806 5649 ἀμαχεὶ

247 5667 661 5734 παρεισδεχθεὶς
692 5669 786 5735 τὴν
821 5669 975 5720 πόλιν
1033 5672 1246 5731 εἴσεισι,
1289 5671 1376 5722 τὸν
1412 5671 1600 5740 καιρὸν
1636 5671 1692 5720 ἐν
1735 5670 1808 5737 τῷ

248 5757 447 5807 amen
503 5758 810 5821 καθυποδὺς
856 5763 946 5813 καὶ
993 5763 1052 5814 τὸ
1081 5761 1172 5814 τοῦ
1213 5763 1414 5824 τρόπον
1449 5761 1710 5825 σκαιιίιδὲς
1750 5779 1808 5814 τε

1915 4588 2300 4643 Thessalonica
2354 4585 2646 4653 pertinent,
2680 4594 2879 4652 praeter
2916 4582 3227 4650 opinionem
3254 4580 3478 4643 potitus,

1913 4694 2200 4746 semperea
2221 4693 2342 4744 quae
2375 4682 2584 4728 teneret
2617 4675 2806 4742 exigua
2833 4683 3006 4733 ratus,
3073 4679 3127 4723 et
3176 4670 3248 4722 ob
3285 4671 3453 4722 Roma

1912 4785 2105 4823 norum
2155 4767 2562 4835 simplicitatem
2626 4764 2858 4817 ulterius
2920 4761 3175 4830 progredi
3231 4761 3478 4826 cupiens,

1912 4864 2074 4913 etiam
2133 4859 2401 4911 Larissam
2447 4855 2705 4908 invadere
2741 4863 2795 4908 et
2829 4869 2925 4922 per
2957 4853 3216 4907 Graeciam
3251 4849 3482 4902 transitu

1912 4951 2053 5002 facto
2077 4949 2510 5015 Peloponnesum
2540 4959 2811 5012 occupare
2851 4942 3062 4994 statuit.
3099 4940 3484 5008 Sequebantur

1911 5057 2034 5095 eum
2075 5040 2298 5092 Romani
2330 5054 2547 5105 quoque
2573 5036 2820 5088 nonnulli
2858 5032 3040 5102 .795
3072 5033 3218 5099 iique
3271 5029 3484 5083 nobiles

1917 5131 1971 5182 in
2024 5131 2231 5196 primis,
2264 5128 2355 5194 qui
2386 5127 2699 5196 provincias
2757 5125 3041 5177 allicerent
3090 5132 3143 5175 et
3181 5121 3295 5172 vias
3336 5133 3483 5172 com-

1915 5223 2213 5290 planarent.
2253 5218 2464 5270 Fraude
2523 5218 2744 5284 quidem
2773 5223 2828 5269 et
2882 5215 3005 5267 dolo
3047 5212 3228 5266 Maria:
3276 5212 3483 5279 primo-

1912 5312 2094 5379 genito
2133 5309 2242 5360 ﬁlio
2270 5308 2438 5376 (hunc
2470 5307 2620 5359 enim
2665 5305 2855 5359 habitu
2889 5304 3243 5371 imperatorio
3273 5312 3327 5354 et
3356 5317 3480 5354 cum

1912 5401 2102 5454 faustis
2124 5398 2612 5452 acclamationibus
2627 5396 2945 5459 deductum,
2970 5406 3021 5448 ut
3047 5395 3196 5461 prius
3217 5392 3480 5455 Thraces,

1915 5499 1986 5548 ita
2021 5503 2133 5546 tum
2165 5492 2486 5545 Macedones
2513 5499 2566 5542 et
2599 5488 2844 5541 Thessali
2891 5496 2945 5541 et
2982 5485 3202 5542 Graecia:
3239 5484 3481 5536 ﬁnitima:

1915 5594 2094 5652 partes
2144 5581 2340 5648 cupide
2393 5577 2773 5647 accipiebant),
2813 5593 2869 5629 re
2918 5590 3042 5629 veta
3089 5573 3295 5627 Latinis
3339 5577 3480 5625 viam

1917 5675 2319 5737 nmnstrabant,
2363 5683 2415 5726 et
2468 5671 2597 5739 quid
2658 5670 2926 5740 agendum
2959 5676 3104 5721 esset
3159 5665 3480 5733 prmscribc-

1915 5768 2064 5831 bant,
2130 5767 2315 5832 patriae
2368 5764 2692 5833 proditores.
2770 5764 2844 5815 Ita
2925 5760 3166 5814 marchio
3227 5757 3481 5827 gentibus
