4302 6370
782 382 882 444 98Ἰ

2019 392 2313 450 NICE'I‘1E
2354 393 2761 453 (ΣΗΟΝΙΑΤίΕ

3904 400 4019 461 988

782 488 1035 543 maximis
1077 498 1133 544 et
1165 491 1395 546 urbibus
1448 496 1846 562 potentissimis
1878 498 2037 567 longe
2102 499 2354 567 pluribus
2380 506 2429 566 Α
2455 518 2481 551 ai

2328 502 2549 566 εΑκαὶ
2610 502 3015 572 στρεϐλόχειλον
3067 508 3528 577 ἐπικρυψάμενος.
3585 510 3727 579 Πλὴν
3772 510 3873 562 οὐκ
3925 511 4024 561 ἐπὶ

784 594 950 647 quam
985 594 1085 647 pro
1136 597 1368 637 numero
1410 586 1693 654 copiarum
1734 588 1875 657 ejus,
1937 590 1982 643 si
2040 590 2262 643 urbium
2300 600 2356 646 et

782 672 1027 724 virorum
1101 687 1388 726 numerum
1478 684 1850 745 comparetur,
1930 678 2064 732 citra
2119 694 2353 749 pugnam

786 763 1163 831 potiebantur.
1226 765 1527 822 Balduinus
1586 784 1805 837 quoque
1846 770 2168 840 Byzantium
2230 786 2354 825 cum

785 854 1044 917 venisset,
1078 869 1179 908 nec
1218 855 1331 924 ipse
1373 857 1733 911 desidendum
1764 860 1867 914 sibi
1895 876 2019 915 esse
2072 872 2166 916 aut
2190 878 2353 917 suum

786 945 1084 1001 exercitum
1141 946 1194 999 in
1247 947 1357 1001 otio
1412 949 1828 1014 continendum,
1894 951 1989 1004 sed
2064 952 2117 1004 in
2169 952 2353 1006 Asiam

789 1034 1171 1102 trajiciendum
1231 1046 1287 1090 et
1337 1038 1501 1092 urbes
1524 1039 1643 1093 illas
1692 1042 2081 1109 oppugnandas
2122 1044 2351 1105 censuit,

788 1124 1106 1179 Latinorum
1167 1128 1534 1195 potissimum,
1602 1132 1696 1199 qui
1768 1132 2102 1201 Hellesponti
2162 1135 2355 1188 urbem

790 1218 960 1286 Pegas
990 1218 1261 1278 incolunt,
1285 1229 1338 1272 et
1358 1218 1717 1289 Trojanorum
1745 1224 2128 1277 Armeniorum
2162 1225 2359 1292 impul-

790 1322 878 1365 su.
916 1308 1012 1373 qui
1040 1321 1166 1360 eum
1204 1317 1259 1361 et
1286 1321 1516 1366 caeteros
1565 1314 1795 1367 comites
1845 1324 1906 1367 ut
1955 1316 2022 1369 ad
2052 1316 2360 1371 Orientales

792 1399 959 1452 nrbes
1055 1408 1314 1469 tanquam
1390 1412 1631 1472 paratam
1699 1405 1935 1472 praedam
2014 1407 2361 1476 occupandas

790 1489 1277 1558 proﬁciscerentur
1304 1494 1535 1548 incitare
1560 1511 1836 1564 nunquam
1863 1498 2220 1553 desistebant.

2449 592 2587 644 πολὺ
2615 596 2723 655 τοῖς
2756 595 3097 662 δεδογμένοις
3128 599 3415 667 ἐμμείνας,
3453 603 3520 669 τῇ
3549 601 3606 653 δὲ
3649 601 3789 669 γαλῇ
3832 618 4023 669 παρο-

2454 684 2709 751 μοιωθεὶς
2762 684 2828 755 ἣν
2885 686 3133 753 διήλεγξε
3181 690 3242 743 τὸ
3298 692 3471 760 στέαρ
3515 691 3902 759 παρεισπεσὸν,
3962 691 4024 753 ἐς

2451 777 2711 843 χρήματα
2758 777 2885 839 τοὺς
2925 777 3338 843 Θεσσαλονικετς
3389 782 3719 851 ἐζημίωσεν,
3773 781 4027 843 εὐθαλεῖς

2451 867 2552 929 τὰς
2592 867 2854 935 ὑπάρξεις
2902 864 3039 923 εἶναι
3076 871 3284 939 μαθών.
3316 868 3447 926 Εἶτα
3477 875 3569 926 καὶ
3598 875 3696 937 τὰς
3732 874 3838 926 τῶν
3867 874 4027 940 οίκήο

2457 974 2595 1009 σεων
2624 959 2915 1021 καλλίστας
2942 963 3005 1013 ἐκ
3032 962 3142 1015 τῶν
3186 964 3417 1031 ἐχόντων
3446 965 3781 1032 ἀφελόμενος
3810 966 3922 1025 τοῖς
3958 964 4027 1015 ἐκ

2454 1048 2554 1114 τῆς
2602 1049 2831 1111 ἱππάδος
2868 1052 3064 1120 ἐκείνῳ
3090 1053 3410 1106 διαδέδωκεν
3458 1056 3537 1116 είς
3581 1056 3875 1121 ἐνοίκησιν.
3927 1052 4031 1105 Ἐκ

2456 1138 2513 1191 δέ
2567 1138 2757 1192 τούτου
2796 1142 2895 1210 τὴν
2945 1142 3269 1212 σύλλεκτρον
3316 1145 3534 1212 Μαρίαν
3568 1148 3660 1198 καὶ
3696 1147 3889 1213 μοῖραν
3924 1144 4030 1211 τῆς

2460 1232 2717 1298 στρατιᾶς
2748 1233 2927 1284 ἐκεῖσε
2959 1234 3280 1287 καταλιπὼν
3326 1235 3522 1298 ἔξεισιν
3551 1237 3742 1299 αὐτὸς,
3790 1238 3883 1288 καὶ
3926 1237 4033 1296 τὰς

2461 1321 2647 1383 πόλεις
2680 1323 2939 1391 μέτεισιν,
2965 1324 3088 1377 ὃσαι
3114 1343 3173 1377 τε
3199 1328 3327 1394 περὶ
3356 1327 3568 1397 Σέρῤας
3598 1327 4034 1389 καθυπτιάζουσι

2462 1412 2557 1464 καὶ
2585 1413 2697 1473 τοῖς
2721 1414 2868 1479 ὅροις
2917 1413 3012 1479 τῆς
3047 1414 3311 1484 Βερῤοίας
3346 1417 3746 1483 προσήνωνται,
3778 1414 3873 1468 καὶ
3903 1416 4035 1466 ὅσαι

2464 1501 2600 1569 πρὸς
2638 1500 2705 1553 τὰ
2736 1500 2819 1571 [Ρ.
2861 1499 2989 1569 588]
3037 1502 3234 1571 Τέμπη
3273 1503 3380 1554 τῶν
3427 1504 3710 1555 Θετταλῶν
3758 1500 4034 1571 παρατεί-

792 1596 967 1630 νουσι.
1025 1581 1319 1647 Κρατήσας
1364 1578 1457 1635 οὖν
1498 1587 1726 1638 τουτωνὶ
1771 1589 1923 1656 παρά
1976 1588 2133 1651 δόξαν
2166 1588 2305 1654 ἔγνω
2336 1590 2429 1640 καὶ
2454 1590 2742 1660 Λαρίσσης
2777 1592 2945 1659 αὐτῆς
2984 1593 3240 1659 ἐπιϐῆναι
3280 1596 3372 1645 καὶ
3415 1594 3480 1645 δι’
3525 1592 3777 1653 Ἑλλάδος
3834 1592 4033 1644 ἐλάσαι

803 1666 898 1716 καὶ
928 1664 1423 1737 χειρώσασθαιτὴν
1460 1670 1553 1721 τοῦ
1590 1672 1853 1735 Πέλοπος,
1888 1674 2093 1742 κρίνων
2123 1674 2211 1725 ἀεὶ
2245 1675 2311 1726 τά
2332 1674 2636 1744 εἰλημμένα
2669 1679 2841 1747 μικρά
2883 1680 2979 1732 καὶ
3019 1684 3132 1741 τοῖς
3179 1680 3491 1748 ἔμπροσθεν
3526 1679 3843 1747 προϐαίνειν
3888 1678 4038 1749 ἐρῶν

798 1753 887 1805 διά
940 1756 1039 1822 τὴν
1079 1754 1189 1807 τῶν
1246 1755 1535 1825 Ῥωμαίων
1569 1759 1851 1824 ἀφέλειαν.
1902 1761 2225 1813 Συνείποντο
2262 1762 2320 1813 δέ
2353 1764 2402 1814 οἱ
2435 1765 2531 1815 καὶ
2564 1763 2672 1816 τῶν
2728 1765 3015 1834 Ῥωμαίων
3045 1768 3211 1827 τινὲς,
3244 1770 3337 1819 καὶ
3376 1766 3611 1833 μάλιστα
3644 1768 3754 1817 τῶν
3783 1762 3842 1818 εὖ
3872 1782 4037 1831 γεγο-

808 1841 1001 1902 νότων,
1048 1843 1382 1905 παλεύοντες
1414 1847 1512 1906 τὰς
1542 1845 1721 1914 χώρας
1752 1847 1848 1898 καὶ
1879 1849 1976 1910 τὰς
2006 1848 2224 1916 τρίϐους
2259 1847 2663 1915 διομαλίζοντες
2682 1890 2695 1910 ,
2730 1850 2871 1901 κατά
2911 1851 3011 1917 μέν
3046 1851 3259 1920 ἀπάτην
3288 1856 3383 1903 καὶ
3414 1852 3562 1903 δόλον
3586 1851 3662 1918 τῷ
3699 1852 4037 1919 πρωτοτόκῳ

794 1928 892 1994 τῆς
932 1929 1149 1997 Μαρίας
1182 1929 1280 1996 υἱῷ
1315 1930 1536 1998 (τοῦτον
1564 1933 1672 1998 γὰρ
1704 1933 1999 1999 βασιλικῶς
2030 1934 2356 2001 ἐσταλμένον
2392 1936 2486 1987 καὶ
2552 1935 2671 2000 μετ’
2702 1935 2963 2003 εὐφήμων
2999 1936 3191 2003 φωνῶν
3238 1938 3717 2006 προπεμπόμενον,
3760 1937 3952 2007 ὥσπερ
3986 1939 4037 1988 οί

797 2016 1017 2084 Θρᾷκες
1065 2019 1354 2087 πρότερον,
1405 2019 1545 2072 οὕτω
1592 2024 1685 2073 καὶ
1721 2022 2031 2084 Μακεδόνες
2071 2023 2192 2074 τότε
2243 2024 2338 2075 καὶ
2374 2021 2670 2083 Θετταλοὶ,
2719 2021 2811 2073 καὶ
2854 2020 2953 2073 ὅσα
3002 2023 3061 2083 ἐς
3113 2021 3339 2075 Ἐλλάδα
3380 2024 3736 2091 καθήκουσιν,
3779 2026 4038 2090 ἀσμένως

797 2104 1109 2172 ἐδέχοντο),
1158 2109 1296 2174 πρὸς
1328 2107 1501 2176 ἀληθῆ
1535 2109 1737 2178 πρᾶξιν
1772 2112 2056 2177 μαρκεσίῳ
2090 2112 2185 2163 xal.
2229 2111 2479 2169 Λατίνοις
2516 2108 2837 2177 προοδευταὶ
2883 2107 2974 2159 καὶ
3013 2108 3119 2160 τῶν
3157 2108 3445 2177 πρακτέων
3480 2112 3773 2179 εἰσηγηταὶ
3805 2113 3900 2162 καὶ
3934 2110 4039 2176 τῆς

798 2193 1055 2258 πατρίδος
1084 2194 1401 2260 προαγωγοὶ
1435 2196 1731 2264 γινόμενοι.
1772 2198 1879 2250 Καὶ
1908 2198 2205 2267 μαρκέσιος
2236 2198 2335 2266 μὲν
2366 2195 2532 2248 ἐθνῶν
2560 2194 2703 2247 οὕτω
2732 2194 3001 2262 μεγίστων
3040 2196 3136 2247 καὶ
3165 2196 3373 2248 πόλεων
3405 2197 3724 2265 κρατίστων
3760 2196 4042 2265 ἐγκρατὴς

799 2278 1003 2345 ἀμαχεὶ
1028 2279 1373 2345 διεδείκνυτο,
1405 2286 1500 2334 καὶ
1556 2284 1737 2353 πολλῷ
1772 2285 2033 2337 πλειόνων
2064 2284 2155 2336 τοῦ
2188 2286 2315 2352 παρ’
2356 2285 2549 2351 ἐκείνῳ
2580 2283 2986 2350 στρατεύματος
3007 2322 3021 2345 ,
3067 2284 3118 2333 εί
3152 2284 3309 2335 πόλιν
3341 2283 3434 2335 καὶ
3468 2284 3642 2351 ἄνδρα
3689 2284 3766 2351 τῷ
3817 2283 4043 2352 ἀριθμῷ

800 2384 881 2427 τις
912 2368 1245 2420 ὑπέϐαλλεν’
1298 2371 1327 2421 6
1350 2370 1408 2423 δέ
1458 2388 1521 2439 γε
1576 2373 1893 2435 Βαλδουῖνος
1929 2375 2007 2435 είς
2056 2375 2115 2425 τὸ
2148 2372 2440 2435 Βυζάντιον
2488 2370 2821 2438 ἀφικόμενος
2852 2369 2991 2434 ἔγνω
3036 2369 3157 2437 μηδ’
3193 2369 3351 2431 αὐτὸς
3403 2370 3577 2439 ἠσυχῆ
3608 2369 3880 2436 καθῆσθαι
3913 2354 4045 2437 μηδ’

800 2455 1086 2523 ἀπόμαχον
1120 2459 1239 2525 εἰκῇ
1267 2458 1366 2527 τὴν
1396 2460 1500 2512 ὑπὸ
1532 2456 1589 2511 οἴ
1610 2463 1950 2530 τεταγμένην
1979 2462 2253 2527 οἰκουρεῖν
2291 2461 2577 2530 στρατιάν,
2609 2457 2725 2511 ἀλλ’
2757 2458 2813 2520 ἐς
2856 2457 3041 2510 Ἀσίαν
3077 2456 3286 2527 ταύτην
3322 2457 3635 2509 διαϐιϐάσαι
3660 2458 3755 2509 καὶ
3796 2457 3903 2508 τῶν
3924 2459 4048 2510 ἐκεῖ

804 2543 1172 2610 πειράσασθαι
1215 2544 1445 2608 πόλεων,
1495 2548 1859 2615 ἐξερεθισθεὶς
1902 2550 1982 2609 είς
2035 2549 2151 2601 τόδε
2197 2547 2256 2600 τὸ
2305 2547 2466 2617 ἔργον
2504 2544 2639 2613 πρός
2679 2559 2736 2594 τε
2776 2542 2884 2594 τῶν
2926 2542 3360 2609 Ἑλλησποντίων
3409 2544 3673 2607 Λατίνων,
3705 2537 3781 2596 ὧν
3819 2546 3852 2613 ἡ
3880 2544 4043 2605 πόλις

810 2629 994 2696 Πηγαὶ
1027 2635 1473 2702 κατωνόμασται,
1508 2637 1603 2688 καὶ
1648 2636 1755 2689 τῶν
1785 2636 2047 2705 Τρωῖκῶν
2108 2637 2412 2705 Ἀρμενίων
2434 2649 2447 2663 ⁸
2481 2626 2628 2686 οὗτοι
2655 2632 2767 2700 γάρ
2793 2631 2911 2684 οὐδὲ
2952 2631 3125 2700 βραχύ
3158 2649 3207 2683 τι
3230 2632 3361 2698 γοῦν
3394 2630 3719 2697 καθυφῆκαν
3769 2634 3860 2683 τὸν
3898 2630 4045 2684 Βαλ-

803 2717 1007 2771 δουῖρον
1045 2720 1352 2787 ἐνάγοντες,
1401 2723 1495 2774 καὶ
1542 2723 1667 2785 τοὺς
1711 2724 1902 2786 ἀλλους
1932 2724 2178 2792 κὸμητας
2208 2721 2608 2791 ἐξερεθίζοντες
2636 2719 2709 2781 ὼς
2742 2719 2820 2781 είς
2859 2718 3221 2788 προκείμενον
3251 2719 3480 2788 ἐρμαιον
3508 2718 3759 2786 διαϐῆναι
3800 2718 3898 2789 τὴν
3928 2718 4046 2771 τῶν

807 2802 960 2871 ἑῴων
992 2805 1198 2855 πόλεων
1234 2806 1509 2874 χείρωσιν.

878 2894 1041 2964 796
1080 2894 1113 2947 8
1149 2896 1316 2960 Igitur
1346 2896 1570 2950 Octobri
1623 2914 1808 2952 mense
1846 2899 2069 2952 Erricus
2123 2897 2372 2953 Balduini
2406 2909 2447 2961 Β
2547 2915 2577 2966 η

2349 2897 2372 2951 .i
2406 2909 2447 2961 Β
2547 2903 2615 2966 η’.
2653 2897 2788 2965 Περὶ
2822 2897 2967 2965 μῆνα
3004 2898 3186 2950 τοίνυν
3232 2900 3322 2951 τὸν
3363 2900 3653 2969 φυλλοχόον
3684 2902 3794 2966 (δι)
3816 2903 3911 2970 τῆς
3949 2905 4048 2955 πό-

808 2984 978 3038 i'rater
1047 2994 1104 3037 ct
1177 2986 1373 3039 Petrus
1442 2989 1712 3052 Plancius,
1744 2990 1828 3042 vir
1872 2990 2093 3043 heroico
2152 2989 2370 3052 robore,

814 3074 1057 3143 Gallipoli
1089 3076 1140 3128 in
1189 3075 1469 3130 Orientem
1513 3081 1813 3147 trajiciunt.
1856 3081 1932 3134 Ac
1972 3080 2195 3135 Erricus
2220 3080 2375 3133 auxi-

812 3167 1037 3220 liaribus
1082 3166 1463 3221 Armeniorum
1507 3173 1678 3238 comis
1732 3171 1908 3240 Trojze
1948 3183 2161 3231 auctus,
2213 3173 2377 3226 urbes

813 3272 932 3321 quae
982 3257 1268 3325 imperium
1302 3260 1625 3313 recusabant
1659 3262 1801 3315 male
1854 3263 2117 3315 tractabat
2162 3273 2216 3315 ct
2280 3278 2377 3316 va-

817 3346 1013 3411 stabat,
1035 3356 1090 3400 et
1117 3350 1289 3402 victor
1309 3366 1403 3417 per
1428 3351 1531 3403 Ida:
1557 3352 1755 3405 montis
1786 3354 2064 3421 angustias
2088 3352 2375 3423 Adramyt-

818 3438 949 3491 tium
994 3456 1163 3508 usque
1218 3444 1505 3513 processit.
1543 3444 1700 3496 Petro
1745 3455 1926 3500 autem
1959 3446 2179 3499 Plancio
2224 3446 2379 3514 Pegis

814 3526 1114 3597 L0padium
1179 3532 1541 3599 proﬁciscenti
1595 3535 1918 3589 Theodorus
1961 3535 2207 3588 Lascaris
2236 3536 2379 3588 circa

815 3620 1191 3675 Pmmaninum
1216 3640 1338 3677 cum
1360 3625 1607 3679 maximis
1632 3627 1890 3681 Romanis
1922 3628 2093 3694 copiis
2116 3628 2375 3680 occurrit.

817 3711 948 3777 Quae
977 3729 1100 3767 cum
1153 3715 1468 3769 Latinorum
1506 3733 1858 3783 congressum
1884 3734 1989 3771 non
2018 3720 2254 3772 ferentes
2294 3719 2380 3771 fu—

816 3820 973 3874 gasse
1008 3807 1375 3869 mandassent,
1412 3810 1524 3873 ille,
1555 3810 1681 3878 quia
1721 3825 1881 3863 nemo
1946 3818 2062 3864 erat
2111 3810 2204 3879 qui
2244 3810 2381 3864 resi-

818 3906 1010 3957 steret.
1072 3899 1165 3952 sed
1203 3900 1271 3953 ab
1321 3902 1578 3954 omnibus
1625 3917 1749 3956 cum
1776 3902 2035 3955 crucibus
2096 3912 2151 3955 et
2213 3903 2383 3955 sacris

820 3986 1128 4057 Evangeliis
1160 3991 1585 4060 suscipiebatur,
1618 3992 1917 4061 Lopadium
1938 3993 2050 4046 abit
2078 4000 2133 4046 ct
2178 3993 2384 4061 suppli-

821 4077 979 4131 cibus
1011 4080 1203 4147 parcit.
1245 4080 1503 4137 Eamdem
1553 4085 1896 4137 clementiam
1922 4094 2127 4137 extera:
2164 4088 2383 4151 quoque

822 4169 988 4222 urbes
1055 4187 1174 4238 quae
1244 4173 1412 4225 armis
1485 4174 1870 4227 abstinuerunt
1930 4182 2057 4227 sunt
2124 4185 2379 4241 experta',

824 4260 1076 4327 quamvis
1104 4262 1318 4315 dillicile
1372 4264 1441 4316 sit
1464 4263 1715 4317 Latinum
1741 4280 1872 4319 voce
1898 4280 1926 4318 a
1949 4264 2149 4319 Graecis
2174 4265 2387 4318 dissen-

827 4348 1073 4415 tientem,
1118 4368 1279 4406 avaro
1335 4353 1573 4423 ingenio,
1606 4356 1764 4409 oculo
1816 4356 2142 4424 impudenti,
2203 4366 2393 4409 ventre

828 4442 1164 4506 insatiabili,
1224 4446 1407 4500 animo
1482 4446 1742 4498 iracundo
1807 4456 1861 4500 et
1928 4448 2156 4510 acerbo,
2230 4461 2392 4499 manu

830 4543 1094 4601 perpetuo
1134 4550 1319 4587 ensem
1359 4538 1644 4601 qllaerenti,
1688 4537 1858 4589 lenire
1883 4536 2189 4604 obsequiis.
2226 4537 2396 4590 Caete-

831 4638 948 4676 rum
982 4626 1363 4679 l’rusaensium
1390 4644 1609 4695 quoque
1629 4628 1929 4695 periculum
1968 4628 2161 4680 lacturi
2193 4627 2391 4690 Latini,

830 4716 922 4781 qui
965 4726 1267 4769 commeatu
1302 4717 1367 4769 ad
1401 4718 1716 4770 diuturnam
1745 4718 2086 4771 obsidionem
2116 4718 2392 4771 ferendam

833 4813 1135 4873 prmparato
1170 4806 1384 4873 locique
1434 4808 1541 4861 situ
1599 4807 1722 4861 freti
1783 4808 1929 4875 (nam
1977 4809 2143 4859 l’rusa
2192 4809 2397 4860 tumulo

834 4895 993 4964 797
1026 4894 1275 4962 imposita
1333 4909 1412 4949 est
1444 4909 1496 4951 et
1521 4898 1688 4950 ﬁrmis
1711 4897 2043 4950 circumdata
2083 4898 2396 4961 moenibus),

833 4996 888 5039 ct
929 5001 985 5039 se
1020 4986 1465 5055 inexpugnabiles
1509 5004 1630 5041 esse
1677 4988 1800 5049 rati,
1838 5003 1945 5039 non
1973 4989 2260 5041 cedebant.
2295 4988 2398 5039 Lo-

835 5079 997 5147 padio
1029 5081 1215 5135 relicto
1254 5097 1370 5134 eam
1420 5084 1610 5137 urbem
1638 5084 1792 5152 juxta
1822 5084 2043 5145 mmnia,
2079 5100 2182 5151 qua
2243 5098 2398 5135 lllUﬂS

841 5169 1103 5240 Olympus
1129 5174 1411 5241 paululum
1445 5177 1512 5227 ab
1538 5191 1599 5227 ea
1635 5176 1933 5229 reﬂectitur
1966 5184 2021 5228 ct
2062 5190 2287 5226 saxosus
2314 5184 2397 5225 tu-

840 5262 1020 5316 mulus
1093 5264 1185 5333 qui
1215 5280 1332 5318 eam
1380 5266 1552 5319 ambit
1614 5265 2053 5335 interrumpitur,
2119 5263 2393 5325 obsident,

2476 2988 2612 3049 λεως
2648 2987 2845 3053 ἔξεισιν
2877 2987 3076 3058 Ἐῤῥῆς
3100 2990 3127 3040 6
3148 2988 3239 3041 τοῦ
3267 2988 3582 3044 Βαλδουίνου
3602 2994 3923 3059 κασίγνητος
3951 2997 4048 3045 καὶ

2478 3077 2681 3146 Πέτρος
2727 3078 2755 3129 6
2801 3077 2865 3127 ἐκ
2911 3075 3194 3145 Πλάντζης
3242 3077 3589 3145 ὁρμώμενος,
3626 3079 3764 3146 ἀνὴρ
3808 3080 4051 3146 ἡρωϊκὸς

2476 3169 2573 3237 τὴν
2621 3168 2796 3236 ἰσχὺν,
2834 3169 2927 3220 καὶ
2980 3167 3117 3237 πρὸς
3161 3170 3225 3239 τῇ
3269 3169 3496 3237 παράλῳ
3532 3169 3861 3223 Καλλιπόλει
3893 3169 4051 3232 γενό-

2481 3276 2630 3328 μενοι
2656 3260 2713 3320 ἐς
2770 3260 2845 3310 ἐω
2917 3258 3349 3321 διαπλωῖζονται.
3414 3261 3519 3311 Καὶ
3571 3263 3598 3313 ό
3665 3261 3764 3328 μὲν
3848 3260 4053 3329 Ἐρῤἧς

2481 3349 2758 3421 συμμίξας
2818 3350 2876 3402 ἐν
2911 3351 3095 3419 Τρωῖα
3146 3354 3260 3411 τοῖς
3352 3350 3681 3418 Ἀρμενίοις,
3739 3350 3831 3402 καὶ
3887 3352 4053 3418 μαχί-

2477 3443 2571 3501 δας
2660 3440 2779 3502 ῐλας
2872 3439 3078 3492 ἐκεῖθεν
3164 3440 3622 3509 ἐπαμησάμενος,
3695 3439 3876 3507 ἔκειρε
3952 3442 4053 3502 τας

2482 3532 2666 3593 πόλεις
2698 3531 2791 3584 καὶ
2831 3531 3050 3583 διετίθει
3082 3532 3286 3593 κακῶς,
3318 3532 3439 3583 ὅσαι
3471 3531 3546 3601 μὴ
3576 3530 3766 3600 ἐκείνῳ
3797 3530 4053 3584 συνέϐαι-

2481 3641 2595 3687 νον,
2629 3624 2911 3693 κρατήσας
2944 3622 3001 3675 δέ
3042 3623 3134 3674 καὶ
3183 3622 3282 3690 τῆς
3319 3624 3465 3693 Ἴδης
3507 3621 3601 3675 τοῦ
3642 3623 3799 3691 ὅρους
3832 3623 3926 3675 καὶ
3966 3623 4055 3674 διὰ

2481 3715 2590 3767 τῶν
2620 3714 2823 3783 ταύτης
2873 3714 3077 3767 στενῶν
3128 3712 3415 3782 παρελθὼν
3458 3715 3537 3775 είς
3564 3713 3624 3765 τὸ
3661 3715 4057 3783 ’Δτραμύττιον

2481 3804 2947 3878 προκεχώρηκεν·
2998 3805 3025 3856 6
3075 3804 3119 3857 δ’
3158 3807 3221 3857 ἐκ
3259 3804 3543 3873 Πλάντζης
3590 3804 3791 3875 Πέτρος
3822 3805 3961 3874 ἄρας
3993 3807 4058 3859 ἐιι

2482 3900 2579 3951 τοῦ
2605 3899 2710 3951 τῶν
2734 3896 2938 3966 Πηγῶν
2964 3898 3303 3967 πολίσματος
3323 3898 3421 3967 τὴν
3451 3899 3507 3960 ἐς
3525 3898 3587 3949 τὺ
3608 3897 3875 3950 Λοπάδιον
3906 3898 4060 3950 στέλ-

2480 3991 2655 4046 λεται.
2703 3988 2991 4058 ’Λπήντων
3026 3987 3085 4040 δὲ
3128 3988 3280 4057 αὐτῷ
3319 3989 3457 4057 μετά
3496 3988 3767 4040 πλείστων
3819 3987 4063 4055 Ῥωμαῖ-

2482 4080 2593 4134 κῶν
2644 4081 2926 4148 δυνάμεων
2989 4080 3116 4150 περὶ
3169 4081 3229 4131 τδ
3283 4079 3577 4148 λεγόμενον
3631 4080 3955 4148 Ποιμανινδν
4011 4081 4062 4133 οί

2484 4176 2611 4243 περὶ
2641 4174 2733 4226 τὸν
2782 4174 3067 4242 Λάσκαριν
3101 4172 3394 4241 Θεόδωρον.
3432 4174 3492 4234 Qi
3524 4172 3702 4242 δὲτὴν
3727 4172 3851 4224 κατ’
3884 4172 4062 4225 αὐτῶν

2489 4261 2722 4330 ἐμϐολὴν
2754 4260 2862 4313 τῶν
2891 4261 3136 4313 Λατίνων
3168 4260 3269 4312 οὐκ
3299 4260 3631 4327 ἐνεγκόντες,
3664 4263 3711 4313 οί
3746 4260 3843 4329 μὲν
3869 4262 3925 4322 ἐς
3958 4278 4063 4328 φυ-

2490 4356 2593 4420 γὴν
2642 4354 2860 4423 ὁρῶσιν,
2906 4354 2933 4405 6
2985 4351 3041 4404 δὲ
3088 4352 3295 4421 Πέτρος
3347 4353 3404 4414 ἐς
3453 4352 3515 4403 τὸ
3545 4352 3810 4404 Λοπάδιον
3849 4352 4061 4416 ἄπεισι,

2495 4447 2697 4515 μηδένα
2741 4444 2880 4513 ἔχων
2924 4445 3016 4495 τὸν
3064 4445 3143 4504 εἰς
3188 4445 3376 4511 χεῖρας
3425 4443 3601 4505 ίὸντα,
3646 4440 3757 4493 ἀλλ’
3791 4441 4065 4511 εὑρίσκων

2492 4538 2698 4595 πάντας
2730 4536 2866 4603 μετὰ
2898 4534 3209 4603 σταυρικῶν
3245 4532 3487 4601 σημείων
3523 4534 3617 4585 καὶ
3652 4532 3759 4583 τῶν
3790 4533 3951 4583 θείων
3973 4534 4063 4584 λο-

2493 4628 2629 4694 γίων
2683 4626 3058 4693 δεξιουμένους
3110 4624 3291 4685 αὐτὸν,
3347 4623 3395 4674 οἳ
3454 4625 3550 4676 καὶ
3598 4622 3781 4675 κακῶν
3832 4624 4063 4686 ἀπαθεῖς

2495 4718 2796 4785 διέμειναν.
2852 4715 3023 4767 Τοῦτο
3070 4715 3127 4766 δὲ
3180 4715 3274 4765 καὶ
3326 4716 3447 4776 ταῖς
3500 4714 3719 4775 ελοιπαῑς
3781 4714 4063 4765 συνέϐαινε

2496 4809 2738 4871 πόλεσιν,
2783 4808 2903 4859 ὅσαι
2956 4807 3029 4875 μὴ
3071 4807 3267 4875 χωρεῖν
3306 4804 3393 4856 διά
3448 4804 3627 4872 μάχης
3665 4806 3774 4863 τοῖς
3814 4806 4064 4867 Λατίνοις

2496 4899 2851 4966 ἐγνώκεισαν,
2904 4900 2950 4949 εἰ
3002 4898 3095 4950 tul.
3153 4896 3388 4964 πονηρὸν
3426 4896 3612 4964 χρῆμα
3658 4898 3732 4954 εἰς
3766 4894 4065 4961 θεραπείαν

2499 4994 2745 5053 Λατῖνος,
2779 4988 2929 5057 φωνὴ
2958 4986 3285 5055 ἀσὺμιρωνος
3321 4986 3566 5053 Ἕλλησι,
3593 4984 3783 5052 γνώμη
3809 4983 4065 5052 φιλοχρή-

2507 5098 2694 5149 ματος,
2724 5078 2997 5147 ὀφθαλμὸς
3024 5076 3500 5144 ἀπαιδαγώγητος,
3524 5075 3729 5142 γαστὴρ
3752 5074 4061 5141 ἀκόρεστος,

2504 5169 2719 5238 ὀργίλος
2746 5166 2841 5218 καὶ
2867 5166 3083 5236 δριμεῖα
3115 5164 3281 5233 ψυχὴ,
3315 5166 3407 5214 καὶ
3435 5165 3555 5232 χεὶρ
3583 5163 3791 5229 διφῶσα
3825 5162 3886 5213 τὸ
3915 5160 4065 5229 ξίφος

2503 5261 2591 5312 διὰ
2647 5258 2871 5320 παντὸς.
2937 5258 3138 5325 Πεῖραν
3177 5254 3237 5306 δὲ
3292 5256 3385 5306 καὶ
3433 5254 3540 5306 τῶν
3595 5257 3652 5306 ἐν
3695 5256 3760 5322 τῇ
3809 5251 3963 5303 πόλει
3996 5256 4061 5321 τῇ

2102 5423 2274 5482 Hier.
2320 5416 2523 5478 Wolﬁi
2568 5423 2754 5477 notae.

915 5547 1027 5621 (7M)
1089 5548 1221 5621 Περὶ
1272 5547 1431 5621 μῆνίι
1477 5548 1897 5621 ᾲφυλλοχόονζί
1932 5547 2182 5621 Φιλοχόον
2240 5542 2403 5621 ambo

846 5620 1063 5670 codices
1112 5617 1329 5671 liaient.
1388 5617 1791 5673 Ssd’vetustus
1857 5618 2180 5682 ὐκτώϐριον
2234 5617 2405 5680 ponit,

2511 5537 2879 5592 deﬂuentibus
2932 5537 3186 5591 arborum
3238 5535 3383 5589 foliis
3419 5549 3616 5587 nomen
3655 5532 3858 5586 habet)
3892 5531 4066 5601 Νοέμ-

2513 5611 2666 5675 ϐριον
2717 5608 3127 5672 interpretatur.
3185 5606 3371 5660 Utrum
3426 5606 3629 5675 rectius
3678 5604 3773 5661 sit,
3808 5617 3915 5675 non
3948 5618 4069 5669 pro—

848 5704 1008 5755 quem
1059 5698 1281 5741 secutus
1326 5671 1489 5752 ςιιιιι,Γ
1514 5690 1615 5741 etsi
1665 5704 1827 5755 supra
1882 5687 2018 5755 idem
2071 5671 2167 5755 ’τξν
2216 5671 2409 5755 {Qui}?
2506 5671 2735 5755 nutritio:
2764 5671 2887 5730 nam
2918 5677 3007 5730 alii
3037 5674 3807 5738 maluriorctu,aliisertorem
3836 5671 4068 5726 hiemem

850 5752 973 5817 ’ίόον
1001 5759 1097 5821 (sic
1117 5757 1261 5812 enim
1290 5758 1637 5813 scribendum
1660 5752 1770 5811 est:
1798 5771 1919 5811 nam
1945 5771 1970 5807 a
1997 5752 2287 5809 fundendis
2310 5765 2403 5805 seu

2506 5748 2727 5801 habent.
