4302 6370
837 349 935 413 901

2076 364 2371 424 NICETxE
2409 368 2816 430 CllONlATJ‘I

3957 390 4065 451 992

837 463 1129 524 nantibus;
1163 473 1215 515 et
1272 481 1460 526 unum.
1501 482 1738 537 eumque
1801 484 2087 541 angustum
2131 478 2401 530 tramitem
2432 480 2476 534 A
2511 497 2536 530 σ

2378 494 2401 530 ι]
2432 480 2476 534 Δ
2511 497 2614 541 σιν,
2651 480 2725 542 ὡς
2764 483 2856 532 καὶ
2894 483 3184 550 καχλάζειν
3243 487 3300 537 ἐν
3341 486 3556 551 πολλοῖς
3588 489 3681 541 ἐπὶ
3716 492 3856 562 μέγα
3894 496 3955 548 τὸ
3984 500 4077 568 ῥό-

836 565 891 606 ιιῑ
934 555 1164 607 transitu
1196 556 1339 609 haud
1371 557 1582 613 facilem
1617 564 1890 629 aperiunt,
1934 576 1994 618 ut
2023 568 2110 620 vix
2145 571 2397 637 quaterni

836 641 1042 694 milites
1073 657 1182 710 pra:
1213 645 1514 712 rupibuset
1534 655 1865 705 torrentibus
1887 658 2096 723 possint
2121 659 2398 715 incedere.

838 729 1053 784 Larissa
1084 733 1359 802 digressus
1403 739 1632 792 ulterius
1663 744 1943 811 pergebat,
1996 750 2213 801 nomine
2259 753 2400 804 resi-

838 830 984 874 stere
1012 824 1271 888 audente,
1312 827 1486 882 donec
1534 846 1657 883 sero
1701 849 1762 885 ac
1797 837 1880 888 vix
1939 839 2150 891 tandem
2198 842 2402 895 Scurus

837 910 946 963 Leo
976 914 1118 967 circa
1173 916 1561 988 Thermopylas
1609 924 1772 993 800
1808 928 2034 980 insidias
2073 933 2121 984 ei
2178 936 2396 988 struxit.

839 998 943 1051 Sed
982 1003 1132 1054 nullo
1177 1003 1301 1057 forti
1337 1007 1487 1060 edito
1518 1009 1777 1075 facinore,
1834 1016 1899 1068 ad
1950 1019 2125 1072 solum
2175 1037 2403 1091 conspe-

837 1099 984 1143 ctum
1037 1094 1354 1149 Latinorum
1387 1101 1633 1167 equitum
1681 1106 1902 1160 territus
1944 1112 2398 1168 Acrocorinthum

838 1181 1103 1250 confugit.
1154 1185 1359 1241 Scurus
1412 1190 1501 1244 hic
1531 1193 1762 1262 Nauplio
1812 1209 1963 1252 ortus
2002 1203 2314 1269 aliquandiu
2349 1208 2398 1260 vi

842 1272 1013 1339 magis
1069 1289 1231 1340 quam
1287 1278 1566 1334 voluntate
1631 1287 1976 1353 popularium
2037 1294 2398 1361 principatum

842 1363 1018 1414 tenuit
1049 1378 1076 1414 a
1128 1374 1282 1433 patre
1329 1385 1663 1439 susceptum,
1708 1378 1773 1430 ad
1827 1381 1984 1448 cujus
2043 1384 2398 1440 imitationem

837 1468 946 1504 non
1002 1455 1120 1509 sine
1163 1461 1431 1528 sanguiue
1482 1464 1786 1533 imperavit.
1821 1470 1926 1524 Sed
1961 1475 2284 1531 confusione
2316 1495 2402 1532 re-

845 1560 965 1596 rum
994 1559 1209 1604 auctus.
1239 1563 1291 1604 et
1321 1555 1648 1610 turbulentis
1675 1564 2010 1630 temporibus
2045 1578 2103 1619 ut
2135 1577 2402 1625 torrentes

840 1634 1106 1691 imbribus
1157 1649 1211 1691 ct
1259 1641 1570 1698 turbinibus
1601 1649 1761 1703 undm
1814 1655 2158 1716 tumefactus.
2214 1675 2243 1712 e
2273 1676 2400 1728 par-

841 1743 906 1776 vo
925 1742 1148 1795 magnus
1169 1733 1395 1787 exstitit.
1417 1739 1584 1804 Argos
1603 1740 1748 1804 dolo,
1772 1742 2092 1800 Corinthum
2114 1752 2400 1808 latrocinio

838 1818 1004 1885 cepit:
1025 1828 1080 1872 et
1100 1827 1396 1886 grassando
1415 1829 1643 1884 subinde
1659 1849 1980 1904 progressus
2002 1838 2144 1906 ipsas
2160 1841 2401 1900 Athenas

839 1923 962 1961 cum
991 1913 1194 1968 bellicis
1237 1917 1468 1973 navibus
1514 1930 1568 1975 et
1595 1927 1836 1980 exercitu
1873 1944 1969 1996 per
2001 1931 2265 1987 Isthmum
2295 1945 2403 1990 tra-

841 2001 1008 2055 ducto
1037 2013 1121 2057 est
1142 2008 1385 2070 adortus.
1425 2028 1487 2066 ea
1518 2030 1611 2083 spe
1634 2033 1690 2070 se
1722 2021 1865 2073 areis
1890 2021 2048 2076 facile
2083 2027 2403 2092 potiturum,

839 2101 933 2144 aut
969 2095 1250 2151 machinis
1302 2100 1556 2158 adductis
1611 2107 1833 2162 imbelle
1879 2115 2200 2177 praesidium
2249 2117 2406 2175 facile

843 2183 1188 2240 territurum.
1215 2188 1481 2244 Caeterum
1513 2209 1576 2247 ea
1625 2197 1863 2266 agitabat
1887 2204 2070 2257 animo
2107 2215 2162 2259 et
2202 2207 2405 2264 frustra

841 2278 1165 2345 conabatur,
1199 2298 1320 2351 quae
1357 2286 1423 2339 ad
1486 2287 1691 2344 exitum
1736 2296 1960 2362 perduci
1989 2313 2096 2352 non
2131 2309 2401 2368 poterant.

839 2369 973 2424 Nam
993 2372 1324 2429 Athenarum
1355 2373 1600 2435 summus
1619 2395 1800 2449 pastor
1833 2386 2063 2445 Michael
2087 2391 2403 2461 Choniates,

842 2460 1014 2515 frater
1046 2480 1199 2521 meus
1233 2468 1408 2536 (meus
1439 2471 1660 2541 inquam
1697 2492 1709 2526 :
1749 2492 1871 2537 nam
1899 2479 2046 2533 laudi
2080 2484 2213 2536 mihi
2263 2460 2405 2541 duco

841 2556 1225 2622 cognationem
1257 2561 1396 2630 ejus,
1425 2570 1481 2616 et
1530 2564 1578 2617 ei
1607 2581 1690 2620 me
1722 2572 1984 2638 sanguine
2035 2576 2402 2646 propinquum

843 2659 966 2699 esse
992 2652 1225 2716 gaudeo,
1258 2652 1385 2709 licet
1419 2671 1448 2708 a
1479 2659 1676 2713 virtute
1708 2669 1764 2714 et
1799 2663 2111 2732 eloquentia
2152 2670 2272 2735 ejus
2322 2686 2406 2722 re-

846 2738 1229 2808 motissimus),
1283 2759 1406 2797 cum
1465 2747 1548 2800 sui
1603 2753 1844 2806 muneris
1889 2769 2010 2808 esse
2079 2756 2406 2828 intelligeret

847 2829 1079 2883 consilio
1111 2841 1167 2884 et
1197 2836 1450 2901 precibus
1499 2855 1612 2893 rem
1667 2843 1934 2908 publicam
1988 2848 2196 2914 juvare,
2248 2849 2405 2907 Scuri

845 2920 1042 2975 castris
1072 2922 1223 2984 visis.
1257 2929 1343 2994 pie
1373 2945 1494 2983 cum
1525 2947 1591 2984 eo
1633 2948 1792 3003 agere
1822 2937 2081 3004 instituit,
2125 2956 2192 2994 an
2227 2942 2408 2997 homi-

846 3025 993 3070 nem.
1032 3019 1336 3079 praesertim
1359 3035 1466 3072 non
1502 3022 1660 3090 θοι
1699 3023 1938 3093 ignotum
1979 3030 2074 3084 sed
2115 3047 2256 3099 saepe
2296 3035 2406 3090 col-

2505 573 2616 624 θιον
2669 576 2762 624 καὶ
2818 573 2914 636 τὰς
2972 575 3136 643 ὄχθας
3177 579 3242 645 τῇ
3301 579 3412 630 τῶν
3467 582 3690 635 κτύπων
3745 587 4075 658 ἀντιπέμψει

2504 666 2851 732 συνεπηχεϊν,
2894 665 3020 733 περὶ⁵
3065 665 3123 718 δὲ
3166 666 3267 730 τὰς
3293 670 3401 720 τῶν
3437 671 3580 739 ὀρῶν
3623 674 3918 740 ὑποσάσεις
3946 680 4078 746 μίαν

2502 755 2748 821 ἀτραπὸν
2788 756 3210 824 παρανοίγουσι,
3249 763 3702 831 συνεπτυγμὲνην
3749 767 3841 818 καὶ
3869 768 4079 836 ταύτην

2504 844 2595 892 καὶ
2624 841 2862 910 χαλεπὴν
2889 845 3000 903 τοῖς
3031 843 3330 909 βαδίζουσι,
3362 845 3502 897 ὥστε
3550 864 3626 915 πη
3670 850 3794 917 μηδ’
3828 852 3921 902 ἐπὶ
3948 869 4079 903 τεσ-

2505 933 2688 997 σάρων
2745 934 2986 987 ἀσπίδων
3035 933 3144 1001 (66)
3202 936 3372 1004 αὐτὴν
3433 938 3915 1006 άναπτύσσεσθαι,
3974 944 4083 995 ὑπὸ

2504 1024 2720 1094 πετρῶν
2775 1024 3045 1078 λισσάδων
3106 1026 3198 1078 καὶ
3258 1027 3523 1094 ποταμίου
3582 1018 3857 1097 ῥεύματος
3911 1035 3969 1093 ἐς
4024 1036 4083 1084 τδ

2504 1117 2675 1184 πάντη
2705 1116 2986 1169 συνιοῦσαν
3017 1117 3358 1185 στενόπορον.
3409 1117 3502 1169 Ἐκ
3531 1117 3587 1170 δὲ
3635 1121 3914 1191 Λαρίσσης
3938 1123 4084 1192 ἄρας

2505 1208 2811 1278 προύχώρει
2843 1210 2954 1262 τοῖς
2985 1207 3314 1276 ἔμπροσθεν,
3351 1209 3582 1276 μηδενὸς
3605 1213 3686 1273 είς
3718 1216 3906 1280 χεῖρας
3930 1216 4085 1283 αὺτῷ

2506 1301 2784 1367 προσιέναι
2815 1300 3039 1369 θαρρεῖν
3070 1299 3303 1368 ἔχοντος.
3353 1299 3484 1368 Ὀψὲ
3514 1302 3569 1352 δὲ
3609 1304 3700 1355 καὶ
3745 1305 3903 1371 μόλις
3951 1309 4085 1374 περὶ

2502 1391 2600 1451 τὰς
2624 1388 2986 1456 Θερμοπύλας
3017 1389 3173 1456 λόχον
3201 1391 3228 1440 ὁ
3259 1390 3496 1458 Σγουρὺς
3525 1392 3678 1443 Λέων
3711 1394 4079 1456 ὑποκαθίσας,

2506 1481 2672 1548 μηδὲν
2721 1480 2775 1530 δέ
2826 1498 2878 1531 τι
2933 1482 3028 1531 καὶ
3083 1481 3285 1547 δράσας
3339 1484 3609 1545 γενναῖον,
3646 1483 3780 1534 ἀλλὰ
3813 1487 3905 1536 καὶ
3944 1487 4084 1555 πρὸς

2507 1571 2679 1637 μόνην
2706 1570 2804 1638 τὴν
2848 1570 2957 1620 τῶν
2989 1571 3200 1622 ἱππέων
3243 1571 3490 1623 Λατίνων
3520 1573 3641 1640 ὄψιν
3673 1574 4086 1642 άλλοφρονήσας

2511 1662 2691 1728 φυγάς
2726 1661 2936 1713 ἐκεῖθεν
2989 1663 3045 1724 ἐς
3079 1663 3169 1715 τὸν
3210 1663 3629 1734 Ἀκροκόρινθον
3677 1665 3868 1734 ᾣχετο.
3935 1668 3993 1719 '0
4028 1669 4083 1719 δὲ

2506 1752 2739 1818 Σγουρδς
2763 1748 2918 1814 οὗτος
2942 1755 3004 1805 ἐκ
3035 1755 3126 1805 τοῦ
3157 1754 3436 1806 Ναυπλίου
3475 1758 3843 1823 γεγενημένος
3882 1753 4082 1825 χρόνον

2510 1846 2608 1913 μέν
2638 1861 2761 1896 τινα
2795 1844 2900 1895 τῶν
2935 1848 2999 1898 ἐκ
3029 1844 3124 1897 τοῦ
3156 1847 3344 1912 γένους
3378 1847 3470 1917 βίᾳ
3505 1848 3706 1916 μᾶλλον
3733 1850 3876 1919 ἢπερ
3903 1853 4085 1904 πειθοῖ

2507 1936 2782 2003 κατίσχυε,
2815 1937 3071 2005 πατρῷόν
3106 1954 3158 1988 τι
3199 1940 3398 2006 μέτρον
3420 1939 3750 2009 ἀναπληρῶν
3785 1943 3878 1993 καὶ
3905 1944 4083 2012 χειρί-

2506 2027 2596 2089 ζον
2619 2027 2717 2095 οὐχ
2763 2027 3009 2096 αἱμάτων
3045 2027 3345 2097 καθαρεῦον
3380 2028 3766 2099 κληρούχημα·
3799 2034 3886 2084 ἀεὶ
3917 2034 3974 2085 δὲ
4006 2035 4082 2102 τῷ

2505 2121 2617 2172 τῶν
2650 2122 2987 2188 πραγμάτων
3039 2120 3310 2189 ἀνωμάλῳ
3343 2122 3617 2184 ἐπιδιδοὺς
3661 2126 3755 2176 καὶ
3803 2129 3918 2187 τοῖς
3956 2143 4086 2178 στα-

2510 2213 2723 2265 σιώδεσι
2748 2215 2958 2282 καιροῖς
2981 2213 3346 2280 οίδαινόμενος
3377 2214 3549 2280 μέγας
3578 2215 3641 2264 ὲκ
3666 2215 3864 2284 μικροῦ
3893 2219 4084 2284 πρόει-

2509 2321 2614 2367 σιν,
2643 2305 2719 2361 ὡς
2750 2306 2800 2356 οἱ
2849 2305 3138 2372 χείμαρροι
3177 2307 3287 2366 τοῖς
3333 2305 3558 2375 ὄμϐροις
3598 2310 3691 2359 καὶ
3729 2311 3842 2370 τοῖς
3884 2309 4084 2375 βιαίοις

2508 2395 2573 2446 τά
2623 2393 2843 2460 κύματα
2891 2393 3185 2460 πνεύμασι.
3241 2394 3312 2445 Τὸ
3361 2394 3475 2464 γὰρ
3530 2397 3822 2449 ἱππόϐοτον
3876 2400 4084 2466 Ἀργος

2509 2484 2895 2546 ὑπονοθεύσας,
2918 2485 3012 2536 καὶ
3032 2487 3120 2538 ἐπὶ
3146 2484 3276 2552 τῷδε
3299 2486 3396 2554 τὴν
3444 2487 3708 2553 Κόρινθον
3732 2488 4082 2556 ληϊσάμενος.

2507 2577 2603 2630 καὶ
2648 2574 2872 2642 πρωῖὼν
2918 2575 3007 2625 άεῒ
3039 2577 3153 2635 τοῖς
3202 2573 3596 2644 λῃστεύμασιν,
3649 2572 3769 2627 εἶτα
3824 2577 3922 2628 καὶ
3961 2580 4084 2637 ταῖς

2519 2667 2770 2734 Ἀθήναις
2808 2666 2998 2724 αὑταῖς
3037 2665 3352 2732 προσήραξε
3395 2667 3531 2732 μετὰ
3579 2666 3894 2734 πολεμικῶν
3937 2668 4086 2734 νηῶν

2508 2759 2602 2812 καὶ
2656 2760 2753 2809 τόν
2802 2759 3015 2825 Ἰσθμὸν
3057 2757 3354 2817 διελθόντος
3409 2761 3855 2826 στρατεύματος,
3896 2758 4080 2810 ἐλπίσι

2508 2851 2843 2919 θαλπόμενος
2867 2849 2943 2910 ὡς
2977 2849 3234 2917 εὐμαρῶς
3274 2849 3542 2916 κρατήσει
3574 2848 3672 2914 τῆς
3703 2849 4082 2916 ἀκροπόλεως,

2507 2941 2540 3011 ἢ
2570 2939 2704 3006 γοῦν
2731 2940 3002 2999 ἑλεπόλεις
3034 2939 3334 3004 ἐπιστήσας
3359 2938 3435 2998 ὼς
3461 2939 3736 3004 ἀπόλεμον
3771 2937 3994 3007 θροήσει
4024 2939 4084 2988 τὸ

2509 3033 2654 3086 ἔνδον
2703 3031 3142 3099 ἀπομαχόμενον.
3197 3025 3306 3080 Ἦν
3357 3028 3404 3080 δ’
3451 3026 3867 3096 άναπεμπάζων
3917 3031 4086 3096 φρεσὶ

845 3093 1110 3159 locutum,
1141 3115 1397 3159 amovere
1439 3118 1644 3174 posset.
1671 3112 1856 3181 Itaque
1881 3131 1946 3169 ex
1978 3118 2111 3172 urbe
2143 3093 2398 3191 tanquam
2428 3136 2471 3196 ο
2505 3149 2544 3183 κη

2386 3136 2471 3196 Ic
2505 3130 2597 3183 καὶ
2641 3127 2859 3185 είκαίως
2897 3121 3273 3187 διανοούμενος
3305 3120 3371 3171 τὰ
3417 3122 3490 3187 μὴ
3533 3120 3708 3188 πέρας
3745 3120 3879 3179 ὅλως
3928 3121 4085 3183 δεξά-

846 3185 1135 3250 superiore
1177 3190 1297 3244 loco
1338 3197 1671 3253 monitorum
1719 3204 1942 3272 sagittas
1978 3209 2298 3276 cjaculatur,
2343 3223 2398 3267 et

846 3279 1103 3342 pastorali
1135 3281 1297 3336 funda
1333 3286 1514 3342 divina
1541 3293 1706 3346 verba
1734 3298 1882 3363 jacit.
1912 3299 2216 3368 Aliquando
2237 3305 2400 3360 etiam

845 3367 1222 3430 spiritualibus
1292 3377 1453 3430 minis
1527 3391 1777 3449 tanquam
1837 3367 2101 3444 arietibus
2160 3396 2401 3448 animum

844 3453 991 3508 illius
1015 3468 1260 3515 sternere
1286 3464 1541 3521 instituit.
1577 3470 1693 3524 Non
1736 3475 1881 3528 enim
1929 3478 2122 3533 decere
2156 3497 2280 3535 eum
2309 3485 2402 3551 qui

845 3548 1191 3608 Christianus
1213 3557 1281 3609 sit
1313 3568 1368 3612 et
1397 3561 1540 3614 inter
1563 3564 1837 3621 Romanos
1865 3587 2063 3626 nomen
2088 3590 2246 3629 suum
2273 3594 2401 3643 pro—

843 3637 1079 3702 fiteatur.
1118 3647 1388 3704 [tornanos
1434 3652 1577 3707 bello
1618 3666 1820 3722 petere,
1856 3662 1957 3715 nisi
1994 3664 2132 3718 forte
2165 3669 2295 3720 solis
2324 3670 2400 3722 la-

841 3731 945 3784 biis
966 3732 1340 3792 Christianum
1392 3753 1536 3809 agat,
1571 3756 1628 3799 ut
1669 3759 1722 3800 et
1749 3762 1893 3804 veste
1933 3761 1989 3805 et
2047 3755 2226 3823 lingua
2259 3759 2398 3811 dun-

840 3832 986 3875 taxat
1045 3825 1371 3891 Romanum.
1440 3836 1605 3888 corde
1676 3853 1805 3893 vero
1873 3857 1901 3894 a
1958 3843 2284 3903 Christianis
2328 3853 2398 3906 sit

836 3919 1253 3976 remotissimus.
1315 3925 1484 3990 Quam
1539 3945 1666 3982 vero
1710 3947 1930 3989 causam
1978 3937 2177 3994 habeat
2223 3957 2396 4010 Oppll-

834 4009 1032 4074 gnandi
1069 4011 1345 4068 Athenas?
1389 4035 1512 4071 nam
1555 4024 1769 4089 Argivis
1796 4025 1868 4078 ob
1899 4028 2235 4085 vicinitatem
2262 4009 2390 4101 ipos-

832 4111 914 4153 set
968 4103 1194 4160 forsitan
1250 4111 1454 4179 aliquid
1515 4116 1731 4168 crimini
1798 4119 1948 4185 dare,
2006 4137 2116 4190 quo
2174 4126 2388 4180 illorum

831 4200 1162 4264 expugnatio
1195 4212 1503 4266 exeusetur,
1528 4208 1985 4272 quemadmodum
2009 4227 2065 4264 et
2092 4211 2390 4268 Corinthiis

831 4305 1010 4354 nuper
1049 4293 1446 4363 archiepiscopi
1478 4312 1669 4350 eorum
1701 4301 1926 4354 crebras
1983 4302 2208 4357 insidias
2239 4306 2390 4372 obje-

830 4379 986 4440 cerit,
1023 4380 1165 4435 unde
1194 4382 1496 4436 Romanum
1542 4388 1842 4441 exercitum
1874 4389 2162 4457 Nauplium
2199 4408 2390 4446 accur-

2512 3234 2666 3287 μενα,
2713 3215 2771 3266 Ὀ
2812 3213 2920 3280 γὰρ
2971 3210 3307 3278 άρχιποιμὴν
3361 3210 3605 3276 Ἀθηνῶν
3641 3210 3861 3278 Μιχαὴλ
3897 3211 3926 3261 ὁ
3956 3211 4086 3262 xm-

2511 3308 2702 3374 νιάτης
2736 3304 3102 3369 (κασίγνητος
3150 3294 3306 3359 οὗτος
3350 3299 3503 3364 ἐμὸς,
3558 3301 3645 3349 ναὶ
3677 3300 3839 3364 ὲμός·
3876 3299 4084 3364 ἐγκαλ-

2510 3398 2815 3460 λωπίξομαι
2868 3395 2974 3458 γάρ
3031 3393 3095 3458 τῇ
3160 3390 3533 3457 ὁμογνιότητι,
3589 3390 3682 3439 καὶ
3731 3388 3901 3455 χαίρω
3955 3388 4085 3440 καθ’

2508 3483 2646 3554 αἷμα
2696 3484 2774 3551 τῷ
2822 3482 2974 3550 ἀνδρὶ
3025 3485 3448 3548 συναπτόμενος,
3508 3482 3556 3530 εί
3591 3480 3686 3529 καὶ
3721 3479 3821 3544 τῆς
3877 3480 4084 3546 ἀρετῆς

2509 3575 2721 3628 καὶτοῦ
2761 3575 2921 3638 λόγου
2961 3572 3100 3623 κατὰ
3145 3571 3434 3638 διάμετρον
3482 3569 3865 3636 ἑκδιίσταμαι)
3899 3570 3959 3618 τὸ
3998 3571 4083 3619 οξ-

2507 3670 2653 3718 κεῖον
2680 3667 2842 3733 λάχος
2883 3664 3023 3731 ὁρῶν
3055 3663 3165 3724 (67)
3201 3662 3308 3712 τῶν
3337 3659 3502 3711 αὐτοῦ
3537 3660 3739 3727 βουλῶν
3770 3660 3864 3711 καὶ
3899 3659 4081 3724 εὐχῶν

2505 3757 2841 3824 ἐξεχόμενον,
2883 3755 3004 3803 ἐπεὶ
3042 3751 3468 3820 παρεμὸαλὸντα
3495 3749 3750 3799 θεάσαιτο
3778 3749 3868 3798 τὸν
3911 3748 4084 3813 Σγου-

2505 3849 2622 3913 ρδν,
2656 3844 2795 3911 Ιγνω
2829 3844 3069 3911 μετιέναι
3102 3842 3291 3893 τοῦτον
3321 3839 3602 3907 θεοφιλῶς,
3633 3840 3685 3888 εἴ
3721 3854 3836 3898 πως
3865 3838 4081 3889 ἐκεῖθεν

2503 3937 2809 4004 ἀποστῆσαι
2839 3935 3155 4000 δυνήσεται,
3193 3931 3314 4000 μηδ’
3361 3931 3534 3991 ἄλλως
3571 3928 3854 3994 ἀσυνήθως
3885 3928 4080 3996 ἔχοντα

2503 4028 2639 4095 πρὸς
2675 4027 2859 4084 αὑτὸν.
2911 4028 2966 4086 ὲς
2996 4025 3051 4075 δὲ
3081 4023 3270 4088 λόγους
3298 4021 3592 4089 ἐληλυθότα
3630 4020 3911 4079 πολλάκις.
3964 4019 4078 4069 Καὶ

2502 4120 2566 4186 δὴ
2599 4120 2673 4179 ὡς
2706 4117 2765 4179 ἐξ
2796 4115 3125 4182 ὑπερδεξίων
3177 4116 3273 4181 τῆς
3317 4113 3526 4171 πόλεως
3554 4110 3763 4173 τοξεύει
3810 4111 4075 4174 παραινέ-

2501 4226 2640 4260 σεων
2667 4208 2923 4275 βέλεμνα,
2968 4207 3059 4257 καὶ
3091 4207 3154 4272 τῇ
3193 4205 3526 4270 ποιμαντικῇ
3560 4202 3816 4267 σφενδόνῃ
3843 4199 4076 4256 ἀκροϐο-

2497 4299 2700 4362 λίζεται
2728 4298 2962 4361 διαφιεὶς
2986 4296 3249 4346 θεόπλοκα
3290 4296 3525 4361 ῥήματα.
3573 4292 3728 4341 Ἐστι
3764 4291 3808 4340 δ’
3838 4293 3944 4354 ὅπη
3979 4293 4076 4338 καί

2496 4389 2569 4448 ὼς
2621 4388 2680 4450 ἐξ
2716 4386 3012 4437 ἑλεπόλεων
3057 4385 3164 4434 τῶν
3213 4381 3493 4449 πατρικῶν
3529 4383 3768 4432 ἀπειλῶν
3812 4383 4074 4442 πειρὶται

832 4484 954 4521 rere
985 4478 1039 4523 et
1069 4488 1234 4526 naves
1289 4475 1518 4528 hostiles
1542 4479 1817 4545 appellere
1843 4481 2063 4534 viderit.
2095 4484 2397 4538 Athenien-
2429 4463 2471 4517 Β
2503 4497 2531 4529 κ

2374 4516 2397 4527 -
2429 4463 2471 4517 D
2503 4478 2814 4530 κατασείειν
2843 4477 2902 4526 τὸ
2939 4474 3147 4526 ἐκείνου
3178 4473 3454 4540 φρόνημα,
3491 4473 3564 4538 μὴ
3606 4473 3716 4520 δεῖν
3750 4471 3920 4533 λέγων
3963 4473 4073 4520 ἀπ)

832 4574 919 4610 ses
945 4576 1076 4614 vero
1097 4571 1151 4615 et
1172 4565 1368 4629 ipsum.
1398 4577 1457 4619 ut
1482 4568 1617 4620 locis
1644 4569 1868 4643 distent,
1896 4571 1968 4624 ita
2005 4574 2140 4626 nihil
2173 4574 2404 4628 invicem

834 4645 1036 4702 habere
1091 4654 1312 4720 negotii,
1374 4666 1428 4708 et
1461 4658 1528 4709 ab
1568 4659 1716 4712 omni
1769 4662 2116 4716 aemulatione
2170 4676 2409 4719 remotos

831 4753 975 4790 esse.
1002 4738 1137 4793 Cum
1201 4744 1352 4796 urbis
1384 4763 1547 4812 porro
1576 4748 1860 4803 sacerdote
1897 4753 2036 4805 nihil
2065 4755 2407 4809 intercedere

833 4829 939 4882 nisi
975 4833 1062 4898 pia
1099 4843 1153 4885 et
1213 4835 1518 4901 spiritualia
1568 4842 1921 4904 commercia,
1962 4847 2225 4912 quoniam
2258 4848 2407 4900 hunc

835 4919 949 4986 ipse
973 4933 1178 4988 patrem
1221 4936 1274 4977 et
1315 4937 1585 4992 pastorem
1621 4931 1892 4998 appellare
1930 4949 2206 5002 nunquam
2241 4952 2397 4988 recu-

834 5014 988 5076 sarit,
1036 5026 1092 5068 et
1144 5021 1412 5072 suavitate
1444 5023 1708 5076 orationis
1734 5025 1854 5090 ejus
1923 5027 2091 5094 magis
2133 5027 2397 5079 afﬁciatur

833 5122 994 5172 quam
1033 5110 1210 5162 mellis
1241 5110 1554 5175 dulcedine,
1607 5131 1782 5183 eaque
1816 5132 2031 5185 semper
2048 5117 2153 5171 frui
2190 5119 2396 5185 cupiat,

834 5197 923 5252 hic
953 5217 1083 5255 vero
1116 5202 1290 5271 ipsum
1316 5204 1368 5257 in
1396 5206 1756 5273 spiritualium
1783 5208 2074 5260 liberorum
2111 5223 2398 5261 numerum

2504 4571 2739 4640 Χριστοῦ
2769 4568 3098 4632 καλούμενον
3123 4569 3218 4618 καὶ
3257 4565 3548 4633 Ῥωμαίοις
3577 4563 4073 4629 συνεξεταζόμενον

2503 4665 2589 4716 διὰ
2636 4665 2814 4731 μάχης
2855 4659 3142 4727 Ῥωμαίοις
3178 4660 3395 4726 χωρεῖν.
3442 4659 3489 4708 εί
3530 4656 3603 4723 μὴ
3639 4653 4070 4751 πιστρῦταιιμο-

2504 4771 2613 4813 νοις
2651 4752 2733 4822 [Ρ.
2775 4750 2901 4819 591]
2948 4749 3151 4816 χείλεσι
3202 4749 3261 4798 τὸ
3311 4744 3719 4814 Χριστὼνυμον,
3877 4743 4067 4837 ἐσθῆτι

2504 4848 2596 4897 καὶ
2621 4844 2831 4910 γλώττῃ
2867 4844 2955 4893 τὶν
2994 4841 3282 4908 Ῥωμαίοις
3321 4839 3624 4904 ὁμόφωνον,
3663 4838 3744 4936 τῇ⁹
3771 4833 3825 4884 δὲ

2503 4936 2692 5003 πόρρω
2721 4933 2975 4993 πλάζοιτο
3029 4931 3135 4981 τῶν
3191 4929 3540 4995 καλουμένων
3569 4927 3674 4977 άπδ
3703 4923 3962 4989 Χριστοῦ.
3994 4923 4059 4972 Τί

2501 5028 2556 5078 δὲ
2603 5028 2695 5077 καὶ
2744 5025 2883 5092 ἔχων
2954 5023 3262 5089 Ἀθηναίοις
3316 5018 3638 5083 ἐπεγκαλείν
3691 5019 3758 5082 τῇ
3841 5015 4062 5078 Ἀττικῇ

2506 5115 2904 5179 ἐπεστράτευσε
2927 5130 2940 5173 ;
2970 5116 3079 5172 τοῖς
3107 5112 3201 5179 μὲν
3230 5111 3333 5177 γάρ
3357 5108 3588 5172 γείτοσιν
3628 5105 3894 5173 Ἀργείοις
3917 5101 4064 5168 εἶχεν

2506 5208 2571 5257 ἄν
2597 5224 2646 5257 τι
2675 5205 2768 5256 καὶ
2799 5205 3024 5266 ἐπάγειν
3056 5201 3130 5262 ὡς
3155 5201 3373 5268 ὁμόροις
3399 5197 3648 5262 αἰτίαμα,
3689 5210 3876 5244 ποιουν
3901 5205 4062 5242 aveo—

2106 5343 2277 5403 Ilier.
2331 5342 2528 5403 Wolﬁi
2575 5348 2760 5402 notua.

915 5464 1024 5529 :66)
1082 5465 1209 5516 Ἐπὶ
1243 5465 1555 5530 τεσσάρων
1586 5465 1878 5518 ἀσπίδων.
1930 5465 2054 5516 Ἐπί
2076 5469 2204 5532 μιᾶς
2232 5468 2399 5518 ἀσπί-

837 5537 922 5594 eo;
959 5536 1401 5600 παραταξάμενοι
1451 5536 1591 5601 apud
1642 5537 1931 5588 lsocralem
1969 5535 2022 5587 in
2075 5537 2399 5589 Archidamo

841 5590 1058 5665 legitur;
1091 5590 1357 5667 Quodnis
1400 5590 1662 5683 credibile
1697 5606 1912 5685 videtur
1935 5645 1947 5667 ,
1977 5606 2150 5685 aciem
2189 5607 2241 5658 in
2284 5607 2397 5685 lon-

846 5687 970 5736 gnu-
1006 5685 1281 5744 ostensam
1325 5689 1420 5724 nec
1450 5692 1556 5730 uno
1598 5675 1714 5728 viro
1759 5673 2165 5744 profundiorem
2218 5676 2401 5728 multis

855 5740 1092 5797 millibus
1127 5743 1413 5799 restitisse.

2575 5467 2685 5532 (67)
2723 5462 2793 5516 Τὸ
2823 5453 3451 5532 οἰκεῖονηῑτίχοςῄςίριῖπιἶ
3496 5452 3771 5532 Conv-terti.
3827 5468 3941 5532 cum
3974 5469 4059 5503 sm

2509 5522 2735 5586 muneris
2769 5549 2875 5583 esse
2895 5522 3222 5597 intelligeret.
3252 5525 3452 5599 Quodsi
3488 5524 3572 5577 cui
3603 5522 4065 5599 displicet._repn.

2509 5614 2598 5655 nat
2636 5619 2751 5654 cum
2773 5617 2922 5652 suum
2953 5589 3155 5664 grrg‘cm
3179 5638 3191 5653 .
3224 5596 3303 5645 \‘t‘l
3344 5596 3489 5646 Civrs
3518 5607 3665 5649 suos.
3697 5608 3726 5641 τι
3758 5589 3984 5642 consiliis
4013 5600 4064 5642 ct

2508 5673 2737 5738 rrt'cihus
2770 5671 2871 5722 suis
2905 5659 3120 5726 pcndrrv
3156 5667 3362 5717 rideret.
