4302 6370
193 427 299 487 993

1544 399 1744 463 URBS
1789 398 2041 459 CAPTA.

3323 395 3427 457 994

198 542 355 592 θυνον
388 533 605 599 ὁπωσδὴ
639 529 735 599 τὴν
764 527 987 581 ἐκείνων
1029 520 1398 589 καταδρομὴν,
1440 520 1513 577 ὡς
1554 518 1754 585 Κοριν-
1781 527 1827 578 Α
1859 526 1897 562 rt

1732 541 1754 553 -
1781 527 1827 578 Α
1859 509 2126 562 retulerit.
2169 509 2245 559 Ac
2271 504 2435 573 802
2476 505 2792 572 huiusmodi
2840 504 3009 558 armis
3040 519 3171 559 usus
3203 505 3425 559 Michael

199 631 337 690 θίυις
384 622 661 691 προσῆψεν
709 622 933 688 ἔναγχος
965 615 1214 681 ἐγκλημα
1246 612 1341 671 τὰς
1376 608 1470 660 τοῦ
1514 604 1765 674 ἀρχιποί-

202 731 366 787 μενος
431 710 692 779 Κορίνθου
753 710 874 761 κατ⁹
923 703 1087 757 αὑτοῦ
1132 700 1390 758 πολλάκις
1449 693 1760 755 ἐπιϐουλὰς,

200 785 398 858 όπόθεν
418 804 511 855 καὶ
536 800 595 853 τὸ
617 798 891 853 Ναύπλιον
924 794 1183 863 στρατιὰν
1220 788 1511 856 Ῥωμαίων
1543 785 1767 854 ἐπιδρα-

207 894 416 961 μοῦσαν
437 892 650 961 ἑώρακε
673 890 765 941 καὶ
789 888 924 956 νῆας
951 888 1006 948 ἐς
1037 884 1167 938 αὐτὸ
1191 877 1644 939 καταπλευσάσας
1669 892 1758 927 πο-

211 985 458 1051 λεμικάς.
512 982 787 1050 Ἀθηναῖοι
835 978 891 1030 δὲ
931 980 1025 1030 καί
1069 973 1253 1034 αὐτὸς,
1305 969 1491 1037 ὥσπερ
1528 965 1768 1023 τοπικῶς

207 1076 605 1141 ἀφεστήκασιν,
658 1070 801 1122 οὕτω
858 1067 1080 1121 καὶτοῦ
1131 1065 1273 1132 ἔχειν
1335 1062 1631 1131 πράγματα
1674 1054 1770 1106 καὶ

212 1166 335 1217 κατ’
402 1162 645 1231 ἀλλήλων
700 1164 892 1229 χωρεῖν
957 1154 1273 1225 φιλονείκως
1330 1152 1579 1204 πλεῖστον
1646 1148 1769 1198 ὅσον

207 1258 557 1322 διείργονται.
591 1253 671 1306 Τὰ
703 1254 758 1305 δὲ
793 1252 929 1319 πρὸς
957 1251 1047 1300 τὸν
1082 1247 1232 1315 ῑιρέα
1270 1246 1367 1313 τῆς
1392 1244 1596 1302 πόλεως
1621 1240 1769 1291 οὐδὲν

209 1346 291 1397 ὅτι
333 1350 408 1415 μὴ
444 1348 512 1399 τά
565 1347 741 1398 πάντα
791 1340 1014 1409 θεοφιλῆ
1044 1342 1136 1393 καὶ
1167 1336 1532 1406 πνευματικὰ,
1586 1332 1697 1398 εἴγε
1742 1333 1770 1382 6

215 1433 317 1498 μὲν
368 1434 581 1500 πατέρα
624 1433 731 1484 καὶη
780 1432 1014 1498 ποιμένα
1064 1427 1254 1482 τοῦτον
1306 1420 1590 1492 ὀνομάζειν
1643 1420 1764 1472 οὐδέ

210 1537 343 1573 ποτε
370 1523 709 1590 ἀπηνήνατο,
736 1522 831 1574 καὶ
850 1524 919 1574 τὰ
943 1521 1042 1590 τῆς
1068 1518 1234 1572 αὐτοῦ
1260 1516 1501 1583 γλώττης
1529 1514 1770 1582 ῥήματα,

207 1614 309 1662 ὅσα
366 1613 459 1664 καὶ
516 1612 687 1678 γλυκὺ
746 1612 1045 1682 μελίκηραν
1095 1610 1347 1679 βλίττειν,
1402 1602 1643 1673 ὠρεκτία
1685 1599 1773 1652 διὰ

210 1700 411 1762 παντὸς
432 1701 747 1771 δρέπεσθαι,
790 1704 819 1753 6
842 1703 899 1753 δὲ
936 1700 1097 1752 παισὶ
1135 1700 1243 1756 τοῖς
1270 1696 1408 1747 κατά
1438 1689 1653 1757 πνεῦμα
1684 1689 1773 1740 τὸν

208 1791 450 1858 Σγουρὸν
497 1796 785 1861 ἐνέγραφε.
830 1794 939 1846 Καὶ
982 1789 1208 1842 τοιοῖσδε
1266 1788 1545 1855 χρώμενος
1590 1782 1772 1842 ὅπλοις

1866 600 2195 670 precabatur
2246 607 2305 648 ut
2358 597 2482 647 inde
2536 597 2840 649 recederet.
2888 597 3095 649 Scurus
3147 612 3276 649 vero
3323 614 3428 649 non

1865 692 2274 746 dissitiiulanter
2305 688 2647 755 pra-tendens
2696 704 2753 740 se
2787 689 2895 741 vim
2946 704 3104 756 posse
3155 690 3352 749 facere.
3377 702 3431 741 et

1867 793 2108 849 tempora
2146 781 2579 848 intuerijnbens,
2614 795 2734 845 qute
2774 795 2871 846 pro
2919 780 3128 832 viribus
3158 795 3433 849 quemque

1866 888 2029 941 agere
2082 881 2387 931 monerent,
2444 887 2568 923 eunt
2610 872 2850 922 omnium
2905 875 3119 925 urbium
3178 873 3434 941 princeps

1875 964 2225 1018 aﬂlictissima
2260 970 2425 1021 esset.
2459 962 2696 1030 denique
2740 962 3049 1030 postulabat
3102 974 3161 1018 ut
3210 965 3431 1032 quidam

1867 1055 2182 1109 adolescens
2206 1052 2269 1103 ad
2290 1066 2475 1105 necem
2505 1053 2606 1107 sibi
2632 1052 2948 1106 dederetur.
2971 1052 3140 1118 Quem
3160 1058 3257 1107 etsi
3285 1056 3425 1110 alius

1868 1146 2065 1214 aliquis
2108 1146 2272 1198 etiam
2307 1160 2415 1197 non
2468 1145 2669 1212 petenti
2705 1146 3065 1199 libentissime
3115 1146 3434 1209 (lcdidiSSt‘l,

1870 1245 1931 1291 ut
1960 1251 2144 1289 semen
2200 1236 2449 1304 iniqumn
2501 1246 2555 1288 ct
2602 1237 2786 1289 multis
2836 1244 3117 1290 auctorem
3156 1236 3432 1299 interitus,

1872 1329 2105 1393 pessima
2128 1340 2357 1392 qumque
2381 1334 2436 1377 et
2464 1340 2626 1377 manu
2654 1337 2709 1377 et
2731 1327 2962 1380 consilio
2984 1337 3174 1381 contra
3199 1330 3430 1395 patriam

1872 1414 2169 1467 machinari
2222 1418 2470 1479 solitum,
2517 1415 2607 1468 ille
2649 1428 2902 1481 .apertum
2947 1418 3138 1485 patria:
3175 1434 3439 1486 persecu-

1873 1514 2041 1557 torem
2088 1516 2143 1559 et
2177 1506 2479 1574 spiritualis
2524 1508 2755 1559 nutrit-is
2808 1508 3062 1562 Ecclesia:
3114 1510 3435 1562 violatorem

1870 1606 1922 1650 et
1950 1595 2348 1659 insidiatorem,
2383 1598 2543 1665 cujus
2581 1599 2851 1650 violentos
2881 1608 3113 1652 conatus
3139 1599 3336 1666 sapius
3383 1609 3439 1653 et

1872 1684 1986 1751 ipse
2009 1693 2266 1750 expertus
2293 1693 2433 1747 erat,
2461 1686 2511 1736 in
2539 1702 2728 1738 eorum
2778 1702 3009 1740 numero
3063 1688 3254 1742 habuit
3298 1704 3439 1753 quos

1872 1774 2185 1841 evangelica
2216 1774 2487 1843 diligeret,
2528 1777 2884 1844 neglectoque
2935 1779 3108 1832 Scuro
3139 1780 3436 1849 supplicem

208 1881 419 1933 ἐκεῖθεν
475 1889 770 1955 παρῃτεῖτο
812 1884 904 1934 τὸν
942 1883 1107 1951 ἄνδρα
1141 1880 1502 1950 μεταχωρεῖν.
1541 1876 1599 1928 ⁸0
1631 1874 1771 1927 δὲτὸ
1805 1869 1844 1922 Β
1873 1865 1904 1917 d

1743 1877 1771 1927 δ
1805 1869 1844 1922 Β
1873 1864 2140 1917 defendit.
2170 1864 2273 1917 Sed
2304 1882 2428 1919 cum
2474 1868 2686 1920 leonem
2722 1868 2872 1920 illum
2906 1869 3249 1937 sapientibus
3287 1874 3439 1924 hisee

206 1971 467 2035 δύνασθαι
545 1974 825 2041 βιάζεσθαι
888 1975 1159 2041 πρόφασιν
1244 1971 1614 2037 ἀπαραίτητον
1676 1966 1770 2017 καὶ

208 2066 678 2131 απαρακάλνπτον
712 2065 1166 2135 προϐαλλόμενος,
1200 2062 1293 2113 καὶ
1316 2062 1407 2112 τὸν
1433 2060 1624 2127 καιρὸν
1649 2058 1768 2109 ἐνᾶ-

207 2169 324 2217 γων
355 2154 486 2223 όρᾷν
533 2157 696 2208 παντὶ
736 2158 796 2207 τὸ
844 2156 981 2223 πρὸς
1018 2154 1198 2221 ἰσχύος
1227 2154 1359 2221 δρᾷν
1400 2149 1770 2203 ὑποϐάλλοντα

208 2240 287 2300 ὡς
327 2236 416 2294 οἷα
445 2245 543 2311 τῆς
569 2246 680 2296 τῶν
725 2246 935 2298 πόλεων
980 2246 1171 2296 πασῶν
1234 2241 1522 2312 κορωνίδος
1561 2242 1628 2294 τὰ
1662 2241 1770 2293 τῶν

210 2330 351 2381 ὅλων
396 2334 711 2403 πασχούσης
759 2337 1028 2404 χείριστα,
1062 2336 1141 2387 ἔτι
1184 2335 1240 2385 δὲ
1268 2334 1362 2386 καί
1392 2350 1511 2385 τινα
1553 2333 1770 2387 νεανίαν

211 2419 501 2488 ἐκδοθῆναι
536 2424 583 2474 οἱ
617 2426 751 2491 πρὸς
783 2426 1012 2477 θάνατον
1040 2425 1210 2487 πολὺς
1245 2424 1481 2476 ἐνέκειτο
1504 2423 1769 2491 ἐκζητῶν,

211 2511 271 2561 δν
304 2512 457 2575 ἄλλος
490 2517 588 2582 μὲν
624 2518 718 2567 καί
766 2517 841 2583 μὴ
869 2517 1219 2584 αίτησαμένῳ
1250 2516 1387 2583 μετὰ
1416 2514 1771 2583 περιχαρείας

216 2604 537 2669 προῠδωκεν
581 2606 667 2671 ἂν,
726 2608 945 2675 σπέρμα
984 2607 1167 2659 ἄδικον
1206 2611 1299 2659 καὶ
1328 2607 1528 2675 ἀνομον
1574 2608 1771 2675 κρίνων

213 2690 289 2751 ὠς
320 2692 532 2752 πολλοῖς
562 2695 849 2762 παραίτιον
888 2695 1179 2759 ἀπωλείας,
1212 2697 1307 2747 καὶ
1337 2699 1445 2758 πᾶν
1476 2696 1503 2746 ὅ
1526 2712 1576 2747 τι
1604 2696 1772 2764 χείρι-

212 2796 340 2831 στον
367 2786 505 2832 κατὰ
552 2783 650 2849 τῆς
680 2784 874 2835 ἑαυτοῦ
924 2786 1182 2854 πατρίδος
1219 2785 1318 2854 τῆς
1376 2787 1626 2855 Ἀττικῆς
1676 2789 1770 2839 καὶ

212 2874 358 2939 χειρὶ
391 2877 482 2924 καὶ
529 2875 723 2945 γνώμῃ
765 2876 1204 2945 διαπραξάμενον
1224 2891 1237 2906 ⁶
1267 2877 1296 2927 ό
1323 2876 1377 2928 δὲ
1403 2877 1492 2927 τὸν
1522 2876 1772 2945 λαμπρὸν

210 2959 447 3027 διώκτην
502 2964 599 3031 τῆς
646 2965 979 3033 ἐνεγκούσης
1017 2966 1239 3034 καὶτῆς
1263 2967 1402 3018 κατά
1440 2967 1657 3035 πνεῦμα
1687 2984 1771 3017 τι-

213 3048 379 3111 ὑηνοῦ
422 3048 747 3120 Ἑκκλησίας
791 3054 1049 3123 ὑϐριστὴν
1080 3057 1173 3107 καὶ⁷
1213 3055 1518 3117 ἐπίϐουλον,
1555 3056 1647 3107 καὶ
1674 3058 1770 3125 την

215 3140 375 3206 χεῖρα
423 3141 544 3191 κατ’
588 3144 751 3195 αὑτοῦ
795 3145 1053 3207 πολλάκις
1080 3144 1402 3207 ὁπλίσαντα,
1430 3147 1543 3207 τοῖς
1583 3147 1765 3214 φιλού-

1872 1956 2100 2008 munitis
2128 1957 2341 2023 placare
2367 1973 2473 2010 non
2528 1969 2729 2026 posset,
2759 1960 2966 2027 aspidis
3008 1960 3058 2012 in
3094 1976 3299 2014 morem
3356 1963 3441 2016 ul-

1872 2056 1955 2099 tro
1981 2062 2142 2100 aures
2171 2048 2519 2099 obturantem
2541 2050 2790 2100 etomnis
2811 2050 3026 2116 generis
3050 2051 3151 2103 tela
3181 2052 3232 2103 in
3257 2067 3436 2105 arcem

1868 2138 2449 2201 conjicientein,orato
2482 2137 2593 2189 Deo
2640 2146 2695 2189 ut
2730 2138 2784 2189 in
2833 2138 3101 2192 nefarium
3159 2140 3436 2193 hominem

1869 2234 1925 2279 et
2003 2226 2447 2280 subnascentium
2521 2230 2789 2282 malorum
2867 2243 3149 2283 auctorem
3228 2231 3436 2283 cladem

1871 2331 2088 2369 omnem
2112 2328 2480 2381 converteret,
2521 2321 2804 2374 machinas
2842 2333 2891 2375 et
2924 2324 3039 2389 ipse
3070 2323 3121 2375 in
3166 2323 3440 2374 omnibus

1873 2406 2135 2475 disponit,
2168 2408 2482 2476 ibidemque
2524 2413 2834 2478 sagittarios
2862 2423 2915 2465 et
2949 2414 3444 2466 lunditoresmllu-

1872 2506 1977 2551 cat.
2027 2498 2159 2550 Nam
2214 2499 2347 2566 quid
2391 2500 2479 2553 ille
2531 2501 2597 2553 ad
2649 2503 3051 2570 propulsandos
3105 2504 3287 2557 hostes
3333 2522 3439 2555 non

1870 2588 2167 2650 eﬂccisset,
2194 2590 2278 2639 vir
2297 2589 2444 2641 omni
2474 2589 2725 2643 doctrina
2746 2592 2907 2661 803
2936 2608 3214 2645 sacrarum
3232 2606 3284 2647 et
3316 2611 3447 2661 pro-

1872 2677 2120 2730 fanarum
2155 2679 2453 2733 litterarum
2500 2685 2798 2750 perpolitus
2836 2700 3158 2752 summaque
3188 2684 3440 2740 facundia

1870 2777 2094 2820 ornatus
2109 2768 2132 2821 ?
2148 2769 2240 2837 qui
2259 2770 2304 2822 si
2319 2772 2603 2835 voluisset,
2620 2773 2725 2841 igni
2744 2773 2929 2841 pluere
2947 2790 3110 2842 super
3122 2777 3445 2829 temerarios

1872 2872 1967 2911 aut
1993 2859 2289 2914 crabrones
2319 2863 2371 2914 in
2402 2865 2700 2917 exercitum
2739 2868 3031 2919 immittere
3061 2866 3325 2934 potuisset
3350 2877 3446 2920 aut

1872 2948 2078 3016 aliquid
2113 2951 2259 3003 aliud
2288 2952 2368 3005 eis
2410 2956 2783 3020 perniciosum
2829 2956 3097 3009 divinitus
3122 2958 3441 3025 impetrare.

1870 3036 2056 3106 Neque
2073 3041 2219 3094 enim
2240 3052 2529 3097 cunctatus
2543 3054 2687 3098 esset
2704 3046 2864 3103 Deus.
2878 3047 2921 3101 si
2944 3063 3134 3101 manus
3154 3049 3241 3101 ille
3258 3062 3410 3102 διιειύ
3424 3076 3446 3089 -

1872 3127 2291 3185 lissetautlabia
2328 3133 2391 3185 ad
2423 3134 2818 3190 invocationem
2846 3139 3086 3191 numinis
3112 3140 3438 3206 aperuisset.

216 3229 400 3294 μένοις
455 3233 823 3299 εὐαγγελικῶς
877 3238 1169 3304 ἐγγράφων
1218 3237 1314 3290 καὶ
1365 3209 1641 3305 περιέπων
1692 3237 1764 3297 ὠς
1796 3209 1839 3269 C
1872 3218 1915 3273 δ

1742 3253 1764 3297 ς
1796 3209 1839 3269 C
1872 3218 1978 3273 Sed
2002 3236 2030 3273 a
2058 3224 2147 3276 tali
2167 3225 2250 3277 vel
2273 3225 2626 3293 cogitatione,
2656 3229 2857 3282 nedum
2878 3230 3042 3289 facto.
3070 3246 3193 3283 cum
3213 3232 3440 3284 abduxit

214 3321 529 3389 πρόσφυγα,
575 3326 665 3377 τὸν
715 3329 952 3397 Σγουρδν
996 3327 1389 3397 παρεὸλέπετο.
1438 3327 1525 3389 Ὠς
1575 3327 1619 3377 δ’
1668 3327 1767 3377 οὐκ

210 3407 325 3480 εἶχε
368 3416 459 3466 καὶ
505 3416 715 3468 πείθειν
764 3421 883 3479 ταῖς
918 3422 1110 3487 σοφαῖς
1145 3419 1373 3479 ταύταις
1419 3417 1768 3488 ὑποθημοσύ-

1868 3310 1948 3363 eis
1962 3311 2052 3379 qui
2075 3312 2214 3367 ﬁlios
2228 3316 2453 3370 tonitrui
2469 3321 2829 3385 compescuit,
2848 3336 2913 3371 ne
2932 3321 3108 3390 ignem
3126 3323 3264 3376 cmlo
3278 3322 3438 3375 elice.

1870 3408 2015 3464 rent,
2035 3414 2158 3453 eum
2174 3403 2379 3458 diceret
2400 3424 2412 3458 :
2443 3424 2461 3455 ι
2483 3407 2564 3459 An
2588 3410 2813 3462 nescitis
2835 3413 2988 3479 cujus
3002 3411 3228 3478 spiritus
3247 3412 3389 3466 sitis?
3410 3431 3430 3464 ι

212 3519 333 3562 ναις
361 3508 565 3555 εκεῖνον
608 3507 697 3558 τὸν
732 3507 1093 3577 θηριώνυμον,
1145 3510 1344 3579 μᾶλλον
1375 3510 1472 3579 μὲν
1514 3506 1608 3561 οὖν
1640 3512 1732 3562 καὶ
1759 3510 1879 3563 κατ’
1909 3512 2105 3565 ἀσπίδα
2156 3516 2506 3584 κωφεύουσαν
2550 3521 2728 3573 ἑκοντὶ
2792 3523 2859 3573 τά
2892 3517 3004 3574 ὦτα
3038 3524 3173 3592 πρὸς
3231 3525 3434 3587 ταύτας

213 3590 362 3657 ἐώρα
406 3591 599 3656 βύοντα
655 3596 745 3646 καὶ
798 3596 926 3661 βέλη
977 3597 1290 3648 παντοδαπά
1334 3600 1447 3659 τοῖς
1494 3598 1587 3649 ἐπὶ
1612 3600 1708 3665 τῆς
1747 3601 2090 3669 ἀκροπόλεως
2123 3606 2376 3671 ἀφιέντα,
2416 3609 2554 3660 κατά
2593 3611 2685 3661 τοῦ
2720 3613 2936 3663 ἀνοσίου
2977 3614 3068 3663 καὶ
3117 3613 3288 3665 αἰτίου
3320 3616 3431 3666 τῶν

215 3679 501 3743 φυομένων
524 3681 707 3731 κακῶν
730 3679 875 3733 ἆπαν
905 3684 1273 3749 ἀποτρόπαιον
1298 3684 1597 3752 τραπέσθαι
1624 3686 1753 3736 Θεὸν
1779 3686 2099 3757 ἱλασάμενος
2124 3691 2256 3761 (68),
2286 3694 2392 3743 τῶν
2418 3696 2610 3762 τειχῶν
2634 3696 2842 3749 ἀνωθεν
2865 3700 3112 3761 κάκεῖνος
3150 3700 3430 3769 civilia:th

218 3765 608 3857 μηχανηματα,
646 3768 739 3817 xxi.
777 3769 888 3827 τοῖς
918 3768 1120 3835 τείχεσι
1153 3768 1400 3835 ἐφίστησι
1432 3768 1491 3819 τὸ
1523 3770 1735 3838 βάλλειν
1786 3775 1849 3825 ὲκ
1878 3774 2057 3842 χειρὸς
2086 3775 2402 3843 δυνάμενονζ
2442 3781 2549 3831 Καὶ
2596 3783 2648 3833 τί
2675 3784 2780 3850 γὰρ
2819 3786 2925 3836 οὐκ
2957 3786 3023 3836 ἂν
3062 3765 3424 3857 διαπεπράὶει

213 3847 322 3899 τῶν
352 3850 625 3916 πολεμίων
658 3855 734 3912 εἰς
764 3853 1100 3920 ἀποσόὸησιν
1149 3857 1284 3923 ἀνὴρ
1316 3856 1466 3923 ἥκων
1496 3856 1584 3908 διὰ
1616 3858 1796 3926 πάσης
1836 3862 2025 3925 σοφίας
2059 3864 2152 3913 καὶ
2200 3864 2463 3916 παντοίαν
2511 3867 2751 3933 μάθησιν
2802 3870 3022 3939 λογικὴν
3064 3872 3137 3932 ὡς
3179 3847 3432 3941 οὐδεμίαν

218 3935 405 4002 ἕτερος
438 3936 629 3997 ἐπιὼν,
661 3939 783 3990 ὅσαι
818 3955 872 3989 τε
909 3940 1127 4006 Θυραῖαι
1174 3942 1267 3992 καὶ
1316 3942 1437 3993 ὅσαι
1467 3944 1763 4011 ήμέτεραι;
1796 3946 1858 3997 El
1895 3946 1938 3998 δ’
1967 3947 2251 4014 ⁴ἠϐούλετο,
2285 3945 2430 4019 εἶχεν
2462 3955 2526 4005 ἂν
2560 3955 2785 4023 καὶπῦρ
2813 3935 2959 4008 ὕσειν
2980 3935 3075 4011 ⁷ἐπ’
3096 3935 3430 4023 άτασθάλους

214 4021 247 4086 ἢ
288 4021 504 4087 σφῆκας
548 4025 839 4090 ἐπαφεῖναι
874 4025 952 4092 τῷ
990 4027 1353 4095 στρατοπέδῳ,
1398 4028 1507 4079 είτε
1542 4045 1594 4079 τι
1626 4030 1813 4098 ἕτερον
1845 4035 2072 4096 ἐκείνοις
2102 4035 2339 4100 ὀλέθριον
2377 4040 2704 4109 αἰτήσασθαι
2738 4021 2922 4094 θεόθεν
2974 4047 3067 4096 καὶ
3128 4021 3427 4113 λήψεσθαιλ

214 4109 338 4199 ούδὲ
368 4109 481 4199 γάρ
502 4110 593 4199 γᾶν.
610 4113 668 4162 τὸ
702 4113 855 4199 (νεῖον
902 4112 1212 4199 ίϐράδᾲυιεν,
1244 4117 1304 4199 ,εἰ
1344 4118 1523 4185 χεῖρες
1570 4117 1860 4187 ὑψώθησαν
1891 4121 2097 4173 ἐκεῖναι
2140 4124 2171 4191 ῆ
2211 4124 2361 4193 χείλη
2397 4126 2694 4197 διήρθησαν
2727 4131 2911 4182 ἐκεῖνα
2945 4137 3082 4199 πρὸς
3133 4109 3265 4184 Θεοῦ
3314 4137 3433 4185 επί-

216 4194 428 4260 κλησιν.
470 4196 672 4262 Ἀπῆγε
719 4197 763 4247 δ’
794 4197 958 4248 amt»
989 4196 1081 4249 τοῦ
1120 4198 1361 4250 τοιοῦτόν
1404 4217 1457 4251 τι
1506 4201 1642 4263 ὅλως
1686 4202 1965 4273 διανοῆσαί
1998 4224 2057 4257 τε
2092 4211 2184 4259 καὶ
2213 4194 2613 4278 διαπράξασθαι
2643 4217 2670 4266 6
2702 4217 2826 4277 τοὺς
2860 4194 3008 4278 υἱοὺς
3046 4221 3143 4288 τῆς
3199 4219 3427 4289 βροντῆς

211 4282 455 4350 ἐπισχὼν
482 4283 574 4335 τοῦ
606 4286 718 4355 πῦρ
744 4286 938 4353 ὑψόθεν
969 4285 1041 4356 [Ρ.
1091 4286 1215 4355 592]
1275 4291 1624 4354 κατενεγκεῖν
1654 4290 1712 4339 ὲν
1736 4291 1813 4358 τῷ
1840 4293 2042 4355 εἰπεῖν,
2080 4312 2098 4343 ι
2139 4296 2252 4347 Οὐκ
2280 4298 2457 4350 οἴδατε
2488 4302 2638 4353 ποίου
2670 4304 2789 4355 ἐστὲ
2821 4282 3147 4371 πνεύματος.

285 4373 344 4425 θ’.
385 4374 525 4440 Πρὸς
565 4371 656 4425 οὖν
704 4378 942 4427 τοιοῦτον
971 4376 1287 4444 ἀντίμαχον,
1316 4375 1457 4428 οὕτω
1497 4379 1593 4445 μὲν
1626 4379 1763 4446 ίδριν
1792 4383 1844 4440 Ι)
1937 4382 1984 4434 9.

1727 4396 1763 4428 ιν
1792 4383 1844 4440 Ι)
1937 4382 1991 4434 9.
2057 4381 2260 4436 Scurus
2282 4398 2485 4450 autem,
2511 4386 2791 4456 desperata
2839 4392 3091 4448 victoria.
3136 4388 3426 4447 adversarii

209 4465 322 4516 τῶν
352 4466 643 4529 τακτικῶν,
676 4466 816 4518 οὓτω
836 4468 893 4519 δὲ
923 4468 1012 4519 τὸν
1037 4468 1189 4533 λόγον
1216 4469 1402 4531 πολὺν,
1428 4469 1569 4521 οὕτω
1594 4471 1646 4522 δὲ
1678 4471 1774 4541 τὴν

211 4556 413 4622 ἀρετὴν
436 4555 836 4624 άπαράμιλλον,
861 4558 889 4609 6
916 4559 1210 4621 ἀντίπαλος
1240 4560 1472 4629 Σγουρδς
1501 4562 1770 4629 ἀπειπὼν,

213 4646 311 4696 καὶ
366 4646 525 4711 γνοὺς
571 4647 645 4708 ὡς
693 4648 819 4714 είκῆ
866 4652 985 4710 ταῖς
1033 4652 1129 4718 τῆς
1173 4651 1520 4718 ἀκροπόλεως
1562 4652 1776 4720 ῥαχίαις

209 4738 637 4806 ὅιακυρίττεται,
692 4739 782 4790 τὸν
824 4740 992 4809 θυμὸν
1050 4741 1319 4811 ἐκριπίζει
1369 4743 1508 4793 κατὰ
1547 4744 1644 4812 τῆς
1682 4743 1778 4794 πό-

211 4830 346 4890 λεως
379 4824 443 4899 ἦς
474 4832 573 4882 οὐκ
604 4831 726 4900 ἔσχε
773 4832 1140 4899 χειρώσασθαι
1171 4832 1269 4901 τὴν
1315 4834 1627 4902 ἀκρόπολιν,
1681 4835 1774 4886 καὶ

210 4923 275 4994 δὴ
312 4927 421 4983 τοῖς
462 4924 759 4984 οίκοπέδοις
795 4924 968 4991 ἐνίησι
998 4924 1129 4992 πῦρ,
1160 4926 1252 4975 καὶ
1292 4924 1617 4992 προνομεύει
1670 4924 1775 4976 τῶν

212 5014 370 5074 ζώων
415 5012 481 5063 τὰ
530 5013 608 5073 εἰς
656 5012 888 5081 ζεύγλην
923 5016 1015 5065 καὶ
1044 5013 1257 5064 δίαιταν
1309 5013 1607 5081 ἐπιτήδεια.
1670 5014 1777 5065 Καὶ

214 5101 337 5169 μεθ’
374 5102 583 5169 ἡμέρας
615 5103 820 5153 ἐκεῖθεν
849 5105 1174 5163 ἀπαναστὰς
1205 5107 1324 5165 ταῖς
1359 5104 1562 5172 θήόαις
1606 5120 1775 5170 προσ-

213 5191 402 5245 sane:
443 5195 562 5255 ταῖς
606 5195 955 5256 ἑπταπύλοις.
996 5197 1106 5247 Καὶ
1135 5195 1339 5255 ταύτας
1382 5195 1455 5257 ὡς
1490 5196 1547 5258 ἐξ
1582 5196 1772 5261 seodio

214 5285 709 5353 παραστησάμενος
750 5285 1008 5336 ἐπιτείνει
1061 5287 1199 5355 πρὸς
1234 5287 1302 5337 τὰ
1333 5287 1519 5355 πρόσω
1542 5288 1598 5339 τὸ
1642 5288 1776 5353 πρό-

1873 4472 2009 4525 aciei
2039 4472 2368 4528 instruendae
2422 4486 2527 4530 tant
2593 4481 2773 4547 periti.
2826 4492 2930 4533 tam
2961 4483 3170 4545 diserti,
3205 4490 3312 4535 tam
3345 4488 3431 4537 in-

1872 4565 2226 4632 comparabili
2257 4568 2455 4621 virtute
2482 4570 2714 4636 praediti,
2754 4580 2809 4623 et
2839 4571 2991 4625 irrita
3025 4576 3432 4641 oppugnatione

1873 4656 2086 4725 rupium
2136 4659 2275 4712 arcis
2330 4660 2623 4727 intellecta,
2673 4664 2804 4716 iram
2861 4678 3013 4717 suam
3071 4677 3258 4718 contra
3312 4682 3430 4720 eam

1874 4750 2061 4802 urbem
2093 4752 2408 4805 exstimulat
2448 4755 2605 4823 cujus
2634 4769 2811 4808 art-em
2861 4771 3171 4824 expugnare
3201 4772 3307 4808 non
3342 4774 3436 4823 μι-

1882 4852 2040 4902 terat.
2074 4843 2228 4895 villas
2257 4846 2520 4905 incendit,
2562 4861 2753 4912 greges
2790 4857 3142 4913 armentaque
3175 4845 3333 4914 rapit.
3369 4846 3439 4899 Et

1882 4942 2002 5001 post
2035 4933 2153 4986 dies
2174 4934 2382 5002 aliquot
2435 4936 2610 4989 soluta
2656 4936 2940 4988 obsidione
2985 4935 3200 4989 Thebas
3260 4951 3439 5005 oppu-

1872 5034 2032 5093 gnat;
2090 5025 2290 5092 quibus
2344 5025 2519 5094 primo
2560 5027 2766 5094 impetu
2802 5026 2995 5094 captis,
3040 5027 3272 5080 ulterius
3301 5041 3436 5079 con-

1875 5117 2064 5177 tendit,
2100 5131 2163 5169 ac
2190 5116 2568 5185 Thermopylis
2617 5118 2887 5185 superatis
2923 5134 3016 5186 per
3056 5118 3247 5172 OEtam
3281 5133 3439 5169 mon-

1872 5217 1976 5259 tem
2003 5206 2385 5259 descendendo
2425 5205 2654 5259 Larzssa:
2707 5222 2827 5260 cum
2874 5208 3062 5261 Alexio
3114 5210 3439 5275 imperatore

1870 5312 1928 5351 se
1963 5297 2258 5365 conjungit.
2287 5298 2335 5350 ls
2357 5299 2501 5350 enim
2536 5313 2564 5350 a
2618 5297 3137 5365 septentrionalibus
3183 5298 3443 5350 lateribus

210 5375 404 5444 θύμον.
461 5374 671 5427 Οὐκοῦν
730 5374 1084 5445 Θερμοπύλας
1142 5373 1294 5429 διιὼν
1329 5378 1422 5428 καὶ
1464 5377 1559 5445 τὴν
1608 5378 1773 5445 υῖτην
1868 5403 1909 5440 al

1734 5390 1773 5442 .V
1868 5388 2088 5440 avulsus
2117 5397 2171 5439 et
2205 5388 2339 5441 urbe
2383 5388 2729 5457 imperatrice
2758 5402 3021 5443 excussus
3049 5389 3101 5442 in
3128 5389 3433 5443 Thessalica

209 5467 596 5536 ὑπερκατασάς
646 5467 726 5529 είς
777 5468 1055 5536 Λάρισσαν
1090 5468 1282 5533 ἔξεισι,
1321 5469 1517 5537 καὶτῷ
1562 5468 1771 5537 βασιλεί

1875 5476 2038 5547 804
2071 5477 2275 5545 Tempe
2334 5488 2673 5547 pervenerat.
2705 5480 2784 5532 Ac
2827 5478 2990 5532 ﬁliam
3048 5480 3207 5534 illius
3257 5480 3443 5533 Eudo.

1498 5586 1665 5646 llier.
1708 5590 1909 5650 Wolﬁi
1954 5598 2139 5651 notte.

284 5703 395 5763 t68)
429 5703 773 5761 Constructio
795 5706 1103 5777 huiusmodi
1133 5719 1213 5767 est
1245 5730 1256 5766 :
1310 5703 1649 5775 Ὥ-ασάειενες
1719 5711 1811 5762 τὸν
1845 5710 1983 5763 Θεὸν

1728 5711 1811 5762 τὸν
1845 5710 1995 5775 Θεὸν,
2048 5714 2194 5765 ἆπαν
2240 5714 2611 5783 ἀποτρόπαιον
2649 5715 2954 5785 τραπέσθαι
2991 5718 3127 5767 κατὰ
3165 5716 3257 5768 τοῦ
3310 5718 3427 5767 ἀνοι

212 5775 351 5836 οἷον,
380 5787 487 5827 etc.
