4302 6370
839 389 933 421 (Ξίῖέ

842 415 941 443 .1,..ὶ

2071 392 2367 453 NiCET/E
2405 398 2809 462 ΕΠΟΝΙΛΤΈ

3970 427 4080 490 996

834 507 971 554 ciam
1008 517 1230 553 uxorem
1262 500 1435 564 ducit,
1472 517 1591 571 qua:
1621 502 1773 571 prius
1818 502 2098 572 Stephano
2133 505 2405 561 Triballo-
2437 519 2477 569 Α
2521 515 2533 534 ’

2382 539 2405 550 ο
2437 519 2477 569 Α
2521 515 2743 606 ’ᾼλεξίῳ
2778 516 3093 584 συγγίνεται
3123 520 3142 591 (
3162 511 3314 585 οὗτος
3360 525 3467 595 γὰρ
3510 526 3618 580 τῶν
3649 528 3759 602 (69)
3788 531 3882 585 τοῦ
3911 532 4081 606 βορρᾶ

835 609 955 645 rum
995 594 1114 645 duci
1148 603 1335 658 nupta,
1364 594 1432 645 ab
1467 609 1645 655 eoque
1689 596 1971 662 repudiata
2009 608 2063 650 et
2087 597 2403 666 Byzantium

834 699 1074 745 reversa,
1123 696 1243 752 post
1277 696 1488 752 captam
1548 688 1737 740 urbem
1775 696 1831 741 et
1890 688 2161 742 desertam
2217 690 2406 743 Alexio

833 776 995 828 Daca:
1022 785 1385 841 cognomento
1418 777 1700 839 Mttrzuﬂo,
1747 780 1835 845 qui
1891 779 2192 831 Romanum
2236 781 2406 846 impe-

832 868 974 919 rium
1032 876 1342 933 postremus
1377 868 1594 921 invasit.
1627 879 1903 936 nupserat.
1947 867 2052 918 Sed
2089 885 2156 921 ne
2190 870 2235 921 is
2280 869 2406 937 qui-

832 956 953 1010 dem
992 957 1137 1009 illam
1168 958 1230 1009 ad
1292 968 1630 1011 senectutem
1682 973 1854 1025 usque
1888 958 2082 1009 tenuit.
2118 957 2251 1009 Nam
2291 960 2406 1012 Eu-

831 1049 1000 1102 docia-
1026 1061 1175 1118 pater
1203 1050 1449 1113 Alexins,
1489 1049 1631 1102 haud
1685 1049 1798 1099 scio
1844 1062 1951 1115 qua
2003 1063 2059 1100 re
2114 1048 2401 1116 impulsus,

831 1142 956 1194 dolo
986 1159 1110 1196 eum
1153 1142 1609 1210 comprehensum
1655 1140 1957 1193 luminibus
1990 1139 2224 1203 orbavit,
2279 1154 2403 1193 erro

831 1235 1014 1285 erroni
1048 1234 1456 1290 infestiSsimus,
1492 1243 1545 1283 et
1579 1232 1807 1297 imperio
1842 1231 2086 1299 dejectus
2123 1232 2285 1284 simili
2313 1247 2404 1285 ca-

832 1324 1075 1376 lamitate
1128 1324 1437 1376 conllictato
1486 1322 1917 1374 inimicissimus.
1981 1321 2168 1387 Neque
2230 1323 2402 1374 multo

833 1422 952 1476 post
984 1413 1402 1464 CXt'tlfCIlliOllCll)
1432 1427 1460 1463 a
1494 1410 1699 1463 Latinis
1745 1409 2173 1476 comprehensus
2227 1408 2403 1462 Ducas

833 1502 1148 1569 Byzantium
1200 1502 1502 1565 reducitur,
1535 1513 1587 1553 et
1618 1501 1687 1551 ob
1734 1500 2016 1551 dominutn
2066 1509 2122 1552 et
2169 1499 2403 1567 impera-

832 1599 1000 1643 torem
1037 1606 1197 1643 suum
1234 1592 1689 1659 cuiuprehensum
1729 1600 1783 1643 et
1833 1590 2025 1659 laqueo
2053 1600 2303 1644 enectum
2343 1590 2400 1643 in

824 1681 1095 1747 judicium
1156 1682 1444 1743 adductus,
1512 1696 1612 1746 pro
1683 1680 1766 1733 sui
1839 1681 2160 1735 defensione
2217 1682 2402 1735 attulit

831 1770 979 1820 ιεὶιιιιι
1016 1770 1200 1835 patria:
1264 1770 1600 1836 proditorem
1643 1770 1921 1822 exstitisse
1971 1780 2026 1821 et
2076 1771 2266 1838 dignas
2298 1786 2399 1823 suo

827 1862 1031 1911 scelere
1065 1860 1281 1913 dedisse
1304 1876 1510 1929 pmnas.
1544 1861 1729 1927 Neque
1758 1876 1816 1913 se
1858 1875 2026 1912 unum
2071 1860 2122 1911 id
2174 1860 2389 1921 fecisse,

827 1952 922 2002 sed
964 1961 1018 2003 et
1060 1953 1299 2018 reliquos
1340 1952 1485 2003 illius
1514 1960 1795 2019 cognatos.
1831 1952 2032 2005 Verum
2082 1951 2180 2014 illi,
2211 1961 2392 2022 spreta

826 2044 945 2109 ejus
971 2044 1239 2104 oratione,
1268 2052 1321 2095 et
1355 2044 1421 2095 iis
1464 2059 1585 2110 quzc
1626 2044 1922 2112 adiungere
1955 2044 2212 2111 cupiebat
2236 2045 2395 2113 plane

828 2134 1153 2200 repudiatis,
1190 2134 1387 2201 capitis
1418 2135 1691 2186 hominem
1733 2135 2121 2198 condemnant,
2169 2151 2310 2188 novo
2341 2144 2397 2189 et

824 2225 1222 2277 violentissimo
1249 2226 1502 2292 supplicii
1537 2239 1758 2293 genere.
1796 2224 1928 2275 Nam
1977 2225 2030 2276 in
2063 2225 2391 2278 altissimam

826 2316 1156 2376 columnam,
1189 2330 1309 2382 qua:
1339 2316 1391 2367 in
1420 2315 1599 2368 Tauro
1638 2325 1767 2378 stat,
1803 2315 2121 2384 perductum
2154 2316 2398 2384 praecipi-

826 2414 961 2457 tant.
982 2405 1145 2474 805
1177 2406 1226 2460 ls
1266 2421 1396 2459 vero
1418 2407 1731 2474 aliquandiu
1760 2406 1813 2459 in
1843 2411 2007 2475 pedes
2030 2406 2394 2471 descendens,

827 2498 1025 2548 tlt'ilttle
1073 2513 1125 2547 tn
1168 2507 1331 2564 caput
1369 2498 1664 2550 sulnersus
1718 2507 1774 2551 et
1826 2498 1974 2550 humi
2023 2499 2212 2550 allisus
2234 2500 2397 2550 mise-

828 2588 1077 2640 rabiliter
1100 2587 1327 2639 interiit.
1355 2588 1561 2640 Seurus
1578 2598 1757 2641 autem
1778 2588 1938 2640 ducta
1964 2589 2223 2649 Eud0cia,
2252 2604 2395 2640 mar-

828 2679 1022 2730 ehione
1054 2680 1107 2729 in
1145 2676 1409 2729 Graeciam
1459 2687 1779 2740 transnuro,
1821 2687 1879 2728 ut
1910 2677 2073 2744 paulo
2104 2686 2230 2730 ante
2259 2675 2393 2739 dixi,

830 2766 1318 2835 'l‘hermnpylarum
1372 2768 1654 2835 angustias
1698 2776 1753 2820 ct
1812 2768 1979 2820 altum
2042 2777 2281 2819 montem
2315 2766 2397 2820 eis

830 2857 1233 2919 imminentem,
1262 2867 1568 2925 ceteraque
1611 2858 1729 2911 loca
1787 2873 1905 2925 qua:
1931 2857 2150 2909 Graecia:
2189 2856 2395 2908 aditum

832 2950 1230 3012 interclndunt,
1251 2959 1506 3001 accurate
1545 2948 1913 3001 custodiebat.
1950 2948 2149 3000 Verum
2194 2946 2398 2998 nihilo-

831 3042 1016 3093 minus
1040 3041 1130 3093 ille
1165 3041 1230 3092 iis
1262 3041 1397 3093 locis
1440 3040 1696 3093 facillime
1734 3040 1940 3106 potitus
1966 3049 2050 3091 est
2075 3038 2146 3090 ob
2180 3047 2397 3090 nostro-

832 3148 951 3184 rum
994 3132 1262 3200 ignaviam
1298 3148 1361 3185 ac
1396 3132 1697 3199 degeneres
1758 3130 2106 3198 abjectosque
2161 3129 2392 3192 animos,
2423 3157 2465 3214 α

828 3224 1059 3277 subinde
1104 3225 1439 3293 potentiores
1478 3223 1659 3275 colere
1704 3221 2033 3284 volentium;
2072 3222 2236 3289 idque
2267 3236 2391 3273 cum

829 3331 936 3367 non
965 3330 1218 3382 magnum
1244 3314 1544 3367 adduceret
1568 3313 1870 3366 exercitum
1892 3327 1993 3366 nec
2018 3313 2158 3365 inter
2176 3326 2234 3365 se
2263 3327 2395 3365 con-

828 3408 1181 3467 sentientem,
1213 3405 1306 3458 sed
1334 3406 1610 3472 plerisque
1635 3406 1687 3457 in
1725 3406 1907 3468 rebus,
1930 3406 2130 3473 quippe
2163 3420 2230 3458 ex
2254 3404 2395 3457 mul-

832 3498 905 3550 tis
931 3497 1161 3548 urbibus
1197 3496 1511 3559 collectum,
1549 3497 1928 3549 dissidentetn.
1959 3495 2027 3548 Et
2069 3510 2192 3548 cum
2222 3495 2391 3563 ipsam

829 3588 1091 3640 Βωοιὶτιιιι
1166 3586 1468 3649 invaderet,
1529 3596 1636 3640 tam
1704 3587 1901 3655 cupide
1970 3594 2258 3654 susceptus
2313 3595 2396 3639 est

828 3696 989 3749 quam
1025 3681 1311 3748 quisquam
1334 3681 1425 3748 qui
1454 3696 1519 3734 ex
1544 3679 1834 3748 longinqua
1859 3688 1914 3743 et
1942 3679 2199 3734 diuturna
2239 3694 2396 3748 pere-

829 3773 1135 3840 grinatione
1193 3772 1416 3823 domum
1477 3771 1792 3822 revertitur.
1843 3769 2171 3838 Progressus
2227 3769 2392 3822 etiam

828 3863 1009 3916 Attica
1038 3861 1266 3930 potitur,
1299 3870 1356 3913 et
1384 3860 1495 3912 arci
1532 3858 1844 3928 prarsidium
1878 3859 2126 3926 imponit.
2149 3857 2283 3913 Cum
2306 3874 2397 3911 au-

830 3963 939 4004 tem
985 3951 1125 4003 idem
1165 3950 1633 4017 archiepiscopus,
1688 3957 1750 4001 ut
1788 3947 1997 4017 pridem
2035 3949 2289 4011 Scurum,
2321 3947 2396 4001 ita

829 4052 885 4097 et
950 4054 1081 4094 tunc
1134 4042 1505 4094 marchionem
1568 4040 1887 4109 propulsare
1958 4048 2160 4110 posset,
2214 4048 2395 4092 tamen

833 4143 1047 4200 tempus
1082 4148 1110 4185 a
1148 4131 1453 4184 resistendo
1502 4131 1740 4184 alienum
1791 4145 1912 4184 esse
1971 4140 2141 4194 ratus,
2193 4131 2398 4198 quippe

836 4224 969 4275 urbe
1014 4223 1358 4290 imperatrice
1405 4230 1711 4289 expugnata
1757 4232 1813 4272 et
1846 4228 1953 4272 tam
2001 4219 2392 4283 Orientalibus,

2424 1831 2471 1888 B

2510 605 2764 675 πλευρῶν
2818 609 3152 676 κατασυρεὶς
3197 612 3420 681 καὶτῆς
3470 617 3527 667 ἐν
3558 618 3779 671 πόλεσιν
3804 605 4081 691 ἀρχούσης

2507 693 2916 782 ἐκσφαιρισθεὶς
2949 699 3059 758 τοῖς
3093 698 3379 764 Θετταλοῖς
3410 705 3689 771 παρέϐαλε
3739 710 4077 782 Τέμπεσιν),

2506 780 2601 873 ἐπὶ
2640 782 2696 834 δὲ
2745 785 2838 835 καὶ
2878 785 2978 853 τῆς
3022 787 3233 841 ἐκείνου
3260 790 3529 861 θυγατρὸς
3564 795 3822 859 Εὑδοκίας
3853 780 4079 873 εὐνέτης

2505 868 2736 961 γίνεται.
2772 874 2921 945 Αὕτη
2951 876 3004 928 δὲ
3036 878 3292 946 Στεφάνῳ
3327 884 3659 951 συναφθείσα
3701 888 3969 956 πρότερον
4004 868 4080 961 τῷ

2505 959 2838 1049 αρχηγοῦντι
2879 965 2987 1017 τῶν
3036 967 3355 1036 Τριϐαλλῶν
3389 976 3541 1038 παρὰ
3588 975 3686 1043 μὲν
3718 977 3926 1029 ἐκείνου
3981 959 4078 1049 ἑμξ

2508 1048 2707 1117 6ρ;θῶς
2737 1052 3153 1121 ἀποπέμπεται,
3199 1058 3258 1109 τὸ
3285 1058 3340 1110 δὲ
3372 1058 3664 1123 Βυζάντιον
3713 1048 4079 1136 κατειληφυῖα

2507 1141 2587 1201 είς
2630 1145 2861 1210 γυναῖκα
2906 1143 3101 1211 ἄγεται
3140 1148 3368 1217 ὕστερον
3417 1155 3555 1218 μετὰ
3586 1154 3686 1221 τὴν
3734 1156 3935 1209 ἅλωσιν
3977 1159 4080 1226 τῆς

2509 1232 2714 1295 πόλεως
2739 1234 2832 1285 καὶ
2858 1236 2957 1303 τὴν
2989 1238 3052 1289 ἐκ
3095 1241 3301 1308 ταύτης
3346 1244 3710 1315 ἀπονόστησιν
3747 1250 3970 1320 Ἀλεξίῳ
4003 1253 4080 1319 τῷ

2504 1324 2697 1391 Δούκᾳ,
2722 1323 2779 1382 ὃς
2806 1327 3188 1394 ἐπωνομάζετο
3215 1332 3632 1400 Μούρτζουιρλος
3696 1335 3787 1386 καὶ
3839 1338 3907 1386 τὰ
3942 1340 4080 1406 σκῆ-

2504 1426 2649 1478 πτρα
2694 1415 2801 1466 τῶν
2834 1415 3116 1483 Ῥωμαίων
3152 1419 3358 1482 λοῖσθος
3389 1426 3765 1493 ἐνεχειρίσατο.
3802 1426 3946 1495 Πλὴν
3970 1430 4080 1479 οὐδ’

2501 1495 2653 1561 οὗτος
2683 1503 2711 1552 6
2734 1503 2938 1567 Δούκας
2969 1509 3071 1569 ἓως
3094 1512 3277 1577 γήρως
3309 1514 3401 1563 καὶ
3425 1515 3718 1583 πρεσϐείου
3746 1519 3811 1584 τῇ
3844 1516 4078 1585 Εύδοκία

2504 1590 2815 1659 συνῴκησεν
2836 1610 2851 1624 ο
2888 1599 2915 1647 6
2957 1598 3065 1667 γὰρ
3093 1599 3296 1668 ταύτης
3330 1602 3515 1672 πατὴρ
3561 1606 3817 1670 Ἀλέξιος,
3844 1609 3943 1658 οὐκ
3976 1603 4076 1658 οἷδ’

2502 1680 2529 1732 ὃ
2579 1698 2630 1731 τι
2672 1682 2882 1765 παθὼν.
2931 1687 3028 1737 σὺν
3084 1688 3221 1757 δόλῳ
3271 1692 3362 1743 τὸν
3416 1692 3588 1762 ἄνδρα
3648 1698 3940 1765 συνείληφε
3983 1700 4078 1749 καὶ

2503 1772 2687 1833 κακῶς
2707 1763 2775 1836 ’ἐς
2799 1776 2897 1837 τὰς
2922 1777 3091 1861 κόρας
3118 1780 3345 1845 διέθετο,
3384 1784 3590 1854 πλάνης
3618 1786 3867 1855 πλάνητα
3886 1763 4077 1850 -μισῶν

2501 1863 2696 1930 κομιδῆ
2734 1866 2829 1917 καὶ
2884 1869 3059 1935 φυγὰς
3087 1868 3365 1938 βασιλείας
3395 1874 3473 1943 τῷ
3509 1878 3837 1928 ἁποπεσόντι
3867 1879 4075 1941 ταύτης

2495 1952 2945 2023 ἁντικαθήμενος.
2996 1960 3128 2011 Μετ’
3174 1961 3235 2013 οὑ
3278 1962 3443 2016 πολὺν
3474 1966 3531 2017 δέ
3576 1983 3696 2020 τινα
3748 1970 3941 2037 χρόνον
3971 1971 4073 2037 τῆς

2497 2043 2797 2112 πηρώσεως
2822 2048 2900 2107 είς
2925 2052 3111 2115 χεῖρας
3135 2052 3390 2119 ἐμπεσὼν
3410 2054 3517 2106 τῶν
3541 2058 3785 2110 Λατίνων
3808 2062 3834 2111 6
3855 2059 4066 2121 Δούκας

2497 2136 2575 2195 είς
2606 2134 2666 2186 τὸ
2696 2133 2989 2197 Βυζάντιον
3012 2138 3429 2207 ἀνακομίζεται,
3457 2146 3550 2196 καὶ
3572 2145 3676 2196 ὑπὸ
3699 2148 3853 2217 δίκην
3876 2151 4069 2217 ἀχθεὶς

2498 2226 2572 2285 ὡς
2610 2226 2701 2276 τὸν
2744 2228 2937 2279 ἐαυτοῦ
2971 2228 3157 2299 κύριον
3194 2237 3286 2284 καὶ
3333 2234 3555 2301 βασιλέα
3594 2238 3929 2306 συνειληφὼς
3972 2242 4069 2293 καὶ

2497 2315 2591 2366 τοῦ
2643 2314 2743 2385 ζῇν
2794 2317 3080 2386 ἐξαγαγὼν
3125 2321 3197 2373 δι’
3252 2324 3488 2393 ἀγχόνης
3543 2328 3919 2396 ἀπελογήσατο
3973 2332 4072 2397 μὲν

2497 2409 2705 2459 ἐκεῖνον
2753 2408 3021 2479 προδότην
3056 2412 3157 2479 τῆς
3202 2415 3465 2483 πατρίδος
3511 2417 3742 2485 ὀφθῆναι
3775 2421 3866 2472 καὶ
3902 2420 4071 2483 ἀξίως

2498 2498 2564 2549 τὰ
2588 2498 2770 2549 εἰκότα
2789 2499 3003 2563 παθεῖν,
3030 2500 3104 2569 μὴ
3129 2502 3274 2569 μόνῳ
3296 2503 3353 2556 δέ
3378 2507 3423 2556 οί
3444 2505 3619 2558 ταῦτα
3638 2507 4071 2577 διαπραχθῆναι,

2499 2588 2635 2641 ἀλλὰ
2662 2589 2757 2640 καὶ
2789 2592 2900 2652 τοῖς
2932 2590 3134 2654 ἄλλοις,
3174 2592 3289 2644 ὅσοι
3322 2596 3445 2647 κατ’
3481 2598 3748 2649 οἱκείωσιν
3788 2602 3881 2650 καὶ
3915 2599 4071 2664 γένος

2498 2680 2695 2747 ἐκείνῳ
2738 2684 3089 2749 συνήπτοντο.
3130 2683 3193 2734 Οἱ
3221 2682 3277 2736 δέ
3311 2683 3385 2752 μὴ
3414 2688 3778 2756 προσσχόντες
3805 2684 3885 2750 οἷς
3917 2690 4069 2759 εἴρη-

2499 2784 2612 2829 κεν,
2639 2766 2759 2818 οὔτε
2794 2770 2898 2837 μὴν
2921 2766 3000 2831 οἷς
3023 2772 3102 2822 ετι
3125 2771 3311 2825 ὤδινεν
3336 2775 3507 2827 εἰπεῖν
3536 2778 3631 2838 τὰς
3652 2778 3822 2841 ἀκοὰς
3846 2782 4073 2832 όποσον-

2498 2858 2591 2909 οὖν
2629 2858 2987 2925 ὑποσχόντες,
3045 2862 3516 2931 καταψηφίζονται
3558 2866 3785 2919 θάνατον
3834 2868 3930 2920 τοῦ
3975 2872 4069 2920 ἀν-

2499 2945 2624 3015 δρὸς
2654 2948 3012 3016 καινότροπόν
3042 2966 3101 3000 τε
3131 2955 3227 3004 καὶ
3255 2952 3584 3022 βιαιότατον.
3622 2957 3716 3018 Et;
3748 2958 3858 3025 γὰρ
3895 2959 3986 3010 τὸν
4012 2960 4071 3009 ἐν

2499 3036 2574 3103 τῷ
2605 3037 2801 3106 Ταύρῳ
2855 3039 3140 3107 ἱστάμενον
3168 3042 3387 3113 ὑψιτενῆ
3429 3047 3581 3097 κίονα
3618 3046 3806 3098 τοῦτον
3841 3049 4068 3113 ἁνενεγ·

2501 3126 2683 3187 κόντες
2733 3126 3014 3194 βάλλουσιν
3061 3131 3270 3183 ἐκεῖθεν
3338 3137 3523 3189 κάτω’
3577 3138 3606 3188 ὁ
3651 3137 3695 3188 δ’
3742 3138 3836 3189 ἐπὶ
3897 3140 4070 3199 πόδας

2508 3218 2669 3285 μέχρι
2697 3221 2841 3281 τινὸς
2864 3220 3087 3284 κατιὼν,
3115 3219 3243 3275 εἶτα
3265 3225 3600 3295 ἀνατραπεὶς
3634 3228 3929 3295 κατωκάρα
3974 3228 4072 3281 καὶ

2505 3308 2644 3374 μετὰ
2678 3307 2848 3376 βραχὺ
2884 3311 3255 3382 καταρραγεὶς
3284 3315 3506 3384 δόχμιος
3545 3316 3829 3387 διέρρηξεν
3854 3320 4076 3388 οἰκτρό-

2502 3415 2643 3451 τατα
2694 3403 2791 3469 τὴν
2842 3400 3043 3471 ψυχήν.
3104 3404 3182 3472 Τῇ
3235 3404 3366 3472 γοῦν
3415 3408 3648 3478 Εὺδοκίᾳ
3698 3410 3993 3475 συναφθεὶς
4043 3413 4073 3462 6

2505 3493 2740 3562 Σγουρὸς
2790 3495 2885 3549 τοῦ
2940 3498 3241 3567 μαρκεσίου
3300 3502 3366 3568 τῇ
3433 3500 3649 3552 Ἐλλάδι
3699 3501 4073 3569 προσάγοντος

2504 3586 2687 3650 αὐτὸς,
2721 3586 2796 3647 ὡς
2832 3587 3013 3656 μικρῷ
3047 3588 3278 3657 πρόσθεν
3316 3590 3580 3658 είρήκειν,
3608 3594 3669 3643 τὸ
3694 3593 3751 3643 ἐν
3777 3591 4071 3659 Θερμοπύ-

2503 3678 2624 3739 λαις
2655 3678 2841 3748 ἐτήρει
2890 3679 3116 3745 τέναγος
3150 3681 3247 3731 καὶ
3280 3680 3340 3731 τὸ
3370 3683 3815 3750 ἐπικρεμάμενον
3840 3682 4073 3742 ταύταις

2506 3771 2685 3820 σκιόεν
2724 3769 2848 3838 ὅρος
2874 3770 2966 3821 καὶ
3003 3769 3378 3839 ὑψικόρυμϐον
3428 3774 3523 3824 καὶ
3563 3772 3716 3825 τᾶλλ’
3746 3774 3924 3827 όπόσα
3966 3775 4071 3844 τὴν

2514 3858 2743 3911 Ἐλλάδα
2776 3860 3139 3929 δυσπρόσοδον
3172 3862 3409 3929 τίθησιν.
3452 3861 3613 3915 Ἀλλὰ
3642 3866 3735 3916 καὶ
3756 3865 3899 3918 οὕτω
3926 3867 4073 3918 κατὰ

2504 3950 2689 4001 πᾶσαν
2723 3950 3022 4019 εὐμάρειαν
3054 3952 3100 4003 οἰ
3139 3951 3317 4001 ἐκεῖσε
3342 3952 3418 4020 τῷ
3444 3953 3725 4021 μαρκεσίῳ
3755 3954 4072 4005 ὺπέκυπτον

2504 4042 2721 4107 ἀγεννεῖ
2776 4043 2871 4093 καὶ
2921 4041 3385 4113 καταδεσλημένῳ
3435 4041 3535 4115 [Ρ.
3566 4041 3707 4114 595]
3758 4044 4071 4112 φρονήματι

2504 4131 2601 4182 καὶ
2639 4131 2975 4199 προσχωρεῖν
3018 4130 3105 4183 ἀεί
3136 4148 3251 4193 πως
3287 4132 3550 4198 ἐγνωκότι
3587 4134 3696 4193 τοῖς
3749 4130 4068 4199 κρείττοσι,

2504 4220 2599 4271 καὶ
2640 4218 2818 4272 ταῦτα
2866 4218 2941 4288 μὴ
2992 4221 3250 4288 στρατιὰν
3292 4221 3479 4287 ἄγοντι
3525 4218 3892 4289 μυριάριθμον
3934 4218 4071 4287 μηδὲ

832 4326 995 4380 quam
1022 4311 1467 4364 Occidentalibus
1502 4309 1799 4379 provinciis
1832 4310 2037 4362 Latina:
2072 4310 2240 4364 hasta:
2277 4326 2395 4363 um-
2429 4347 2474 4402 υ
2507 4324 2531 4360 ο

2371 4336 2395 4348 -
2429 4347 2474 4402 υ
2507 4308 2913 4376 συμϐαίνουσαν
2961 4313 3079 4371 ταῖς
3130 4309 3405 4379 γνώμαις,
3466 4295 3583 4362 ἁλλ³
3632 4310 3961 4378 ἀσύμφωνον
4012 4312 4069 4360 ἐν

832 4406 986 4459 bram
1015 4404 1403 4465 subeuntibus,
1460 4403 1597 4457 citra
1644 4402 2049 4454 dimicationem
2094 4401 2399 4454 munitione

831 4497 995 4549 cedit.
1034 4496 1316 4549 Postremo
1340 4495 1732 4564 806Eub<ea
1770 4508 2009 4562 quoque,
2063 4493 2261 4546 omissa
2306 4493 2404 4546 de-

832 4587 1101 4641 fensione.
1138 4587 1409 4653 supplices
1443 4586 1509 4639 ad
1541 4584 1916 4637 marchiouem
1962 4599 2154 4636 manus
2206 4585 2400 4648 tendit,

833 4686 890 4727 et
923 4677 1187 4727 exercitui
1248 4676 1455 4743 Euripo
1492 4675 1837 4728 concitatiori
1897 4683 2114 4742 pontem
2154 4672 2400 4726 subster-

834 4766 953 4829 nit;
985 4764 1117 4817 etin
1154 4765 1272 4833 ipso
1292 4764 1434 4817 freto
1457 4764 1742 4817 caStellum
1765 4763 2115 4825 tediticatum,
2142 4763 2198 4814 in
2226 4777 2400 4831 eoque

834 4858 1113 4910 sedentem
1139 4856 1439 4909 exercitqu
1471 4855 1670 4917 cernit,
1699 4869 1728 4907 a
1766 4869 1876 4923 quo
1926 4855 2216 4907 mutabiles
2249 4855 2399 4908 insu-

836 4948 1033 5001 larium
1057 4948 1221 5000 animi
1256 4956 1310 4999 et
1334 4946 1529 4999 callida
1560 4946 1788 5000 consilia
1833 4963 1861 4997 a
1895 4945 2204 4999 defectione
2246 4961 2374 5000 cocr

834 5048 1115 5092 cerentur.
1151 5038 1256 5091 Sed
1298 5039 1430 5106 quid
1462 5052 1638 5091 meam
1671 5038 1974 5090 orationem
2000 5036 2218 5089 barbari
2251 5046 2401 5089 ante-

835 5138 1056 5181 vertunt
1086 5140 1141 5181 et
1172 5128 1416 5182 historia:
1460 5143 1678 5181 cursum
1711 5137 2004 5195 occupant,
2049 5143 2150 5180 nec
2188 5127 2257 5181 ab
2291 5128 2401 5182 ullo

837 5221 1153 5273 adversario
1186 5220 1546 5274 detinentur?
1591 5234 1715 5272 nam
1772 5221 1904 5281 haec,
1947 5228 2009 5271 ut
2035 5218 2238 5273 Thebis
2272 5235 2399 5287 spo-

838 5311 981 5361 liatis
1014 5320 1066 5361 et
1089 5310 1318 5363 Athenis
1350 5308 1633 5378 occupatis
1665 5309 1718 5361 in
1747 5308 2011 5361 Eubmam
2066 5308 2403 5373 transierint,

837 5399 1015 5451 adhuc
1075 5401 1243 5452 refert
1280 5416 1292 5453 ;
1333 5401 1408 5452 illi
1454 5415 1608 5462 vero,
1676 5414 1785 5452 non
1812 5408 1870 5450 ut
1927 5400 2158 5467 pedites,
2193 5402 2286 5453 sed
2346 5410 2404 5452 ut

838 5490 1003 5542 aeriae
1059 5493 1333 5554 volucres,
1388 5491 1489 5545 alis
1540 5505 1706 5559 supra
1749 5492 2030 5544 historiam
2094 5492 2291 5555 evecti,
2335 5492 2399 5543 ad

2502 4400 2777 4459 πλείστοις
2801 4401 2875 4461 ὡς
2902 4403 2966 4452 ἐκ
3001 4401 3207 4453 πόλεων
3237 4402 3531 4470 ήλισμένην
3561 4401 3794 4454 πολλῶν.
3838 4400 4068 4461 Ἐλάσας

2498 4491 2554 4542 δέ
2592 4493 2730 4544 κάπὶ
2759 4491 2856 4560 τὴν
2888 4492 3151 4543 Βοιωτίαν
3177 4492 3369 4561 αὐτὴν,
3409 4492 3481 4553 ὡς
3511 4494 3634 4545 οὐδέ
3667 4509 3749 4553 τις
3777 4494 4070 4561 ἐπανήκων

2497 4581 2679 4632 οἴκαδε
2706 4579 2941 4647 χρόνιος,
2972 4578 3076 4630 ὑπὸ
3104 4578 3215 4630 τῶν
3243 4579 3531 4648 Καδμείων
3562 4580 3814 4648 ἀσμένως
3839 4579 4069 4647 πῳσδέο

2497 4688 2673 4740 χεται.
2732 4670 2945 4739 Προῖὼν
2979 4671 3036 4723 δὲ
3066 4671 3259 4739 κρατεῖ
3304 4672 3399 4722 καὶ
3430 4670 3528 4738 τῆς
3565 4670 3833 4737 Ἀττικῆς,
3866 4673 3961 4720 καὶ
4001 4672 4067 4736 τῇ

2508 4762 2800 4832 ἀκροπόλει
2840 4761 3082 4830 φρουράν
3108 4762 3512 4829 ἐγκαθίστησιν.
3573 4756 3698 4828 Εἶχε
3746 4759 3801 4810 δὲ
3849 4761 3877 4810 ό
3933 4773 4072 4824 προ-

2503 4853 2736 4922 εδρεύων
2764 4852 3051 4923 ίερατικῶς
3079 4851 3179 4919 τῆς
3209 4850 3640 4919 πόλεως,ὦσπερ
3670 4850 3907 4918 Σγούρδν
3934 4849 4071 4919 πρό-

2503 4961 2681 5014 τερον,
2738 4944 2881 4996 οὕτω
2927 4945 3022 4995 καὶ
3083 4944 3205 4994 τότε
3252 4942 3549 5011 μαρκέσιον
3603 4937 4067 5007 ἀποπέμψασθαι·

2507 5039 2597 5106 μὴ·
2615 5032 2839 5088 εἷναρδέ
2872 5034 3178 5103 δοκιμάζων
3221 5033 3411 5103 καιρὸν
3441 5030 3825 5093 ἀντιστάσεως,
3854 5024 3940 5080 οἶα
3968 5030 4072 5098 τῆς

2504 5127 2610 5181 τῶν
2655 5128 2790 5179 ὅλων
2839 5126 3107 5193 βασιλίδος
3144 5123 3398 5187 ἁλούσης,
3426 5124 3524 5191 τῆς
3573 5122 3619 5174 δ’
3667 5122 3921 5188 ἑσπερίου
3976 5124 4072 5171 καὶ

2505 5221 2643 5289 ἐῲας
2677 5221 2781 5269 ὑπέι
2826 5217 3129 5285 Ῥωμαίους
3156 5214 3357 5284 λήξεως
3384 5213 3483 5284 τὴν
3508 5213 3664 5265 σκιὰν
3686 5211 3948 5278 ὑπιούσης
3975 5211 4070 5263 τοῦ

2507 5310 2737 5364 Λατινοῦ
2785 5309 3043 5377 δόρατος,
3095 5307 3366 5374 ἀναιμωτὶ
3433 5305 3527 5359 τοῦ
3580 5304 3853 5374 ἐρύματος
3902 5303 4071 5365 ὑπεξ-

2512 5403 2749 5452 ίσταται.
2794 5399 2920 5450 Ἐπὶ
2959 5400 3092 5449 πᾶσι
3123 5397 3167 5448 δ’
3208 5396 3313 5448 οὐδ’
3359 5393 3559 5449 Εὔϐοια
3604 5400 3847 5461 γενναῖον
3883 5392 4072 5462 βλέπει

2511 5510 2563 5543 τι
2610 5496 2703 5544 καὶ
2744 5490 3043 5559 ἐλεύθερον,
3081 5488 3216 5540 ἀλλὰ
3266 5486 3357 5538 καὶ
3396 5486 3536 5555 αὕτη
3571 5489 3725 5556 χεῖρα
3776 5484 4070 5553 προτείνει,

2096 5609 2268 5667 Hier.
2322 5610 2522 5670 Wolﬁi
2570 5616 2761 5668 notae.

914 5708 1021 5776 (69)
1054 5703 1240 5771 Οὗτος
1266 5710 1374 5773 γὰρ
1395 5708 1513 5759 τῶν
1536 5707 1639 5760 τοῦ
1651 5707 1843 5774 ,ϐορῤᾶ
1858 5709 2133 5776 πλευρῶν
2149 5725 2407 5762 κατασυ-

835 5781 983 5844 μτς.
1021 5778 1135 5831 Non
1163 5780 1295 5831 satis
1344 5793 1608 5845 assequor
1638 5784 1767 5846 quid
1810 5781 1912 5831 sibi
1952 5782 2099 5832 velit.
2148 5777 2404 5831 Vetustas

2514 5710 2683 5764 codex
2706 5718 2762 5763 et
2790 5708 2880 5763 hic
2910 5709 3134 5763 mutilus
3165 5714 3268 5768 est,
3304 5714 3362 5759 ut
3390 5716 3444 5760 et
3478 5705 3629 5768 alibi,
3670 5702 3761 5757 ubi
3797 5702 3919 5771 ejus
3946 5702 4073 5757 sub-

2511 5781 2652 5832 sidio
2684 5795 2941 5849 perquam
2969 5796 3106 5849 opus
3133 5788 3237 5832 est.
