4302 6370
186 420 291 483 997
1540 389 1743 450 unus
1781 385 2046 443 CAPTA.
3317 372 3422 431 993

195 538 284 586 aut
325 525 420 580 τοῦ
462 519 814 593 παλιρροθίου
856 513 1107 587 πορθμοῦ
1142 512 1438 581 ταχύτερον
1486 503 1764 576 μεθαρμό-
1795 512 1834 564 Α
1870 499 1887 552 Ι

1733 530 1764 544 ι-
1795 512 1834 564 Α
1870 499 2134 552 Isthmum
2173 491 2427 553 tendunt,
2460 490 2769 557 oppositmn
2808 488 2878 540 ihi
2920 487 3222 540 Romanum
3277 501 3432 538 exer-

196 625 370 687 ζεται,
414 618 508 671 καὶ
549 612 957 684 ὑποστρωννυσι
984 610 1081 675 τὴν
1110 603 1408 671 διαϐάθραν
1440 596 1762 687 εὐροωτέρῳ

195 686 284 766 τοῦ
312 708 551 779 Εὐρίπου
585 703 974 776 στρατεύματι,
999 699 1096 752 καὶ
1124 695 1380 764 φρούριον
1406 692 1509 761 δρᾷ
1530 686 1763 757 δομηθέν

196 802 281 859 ἐπ’
307 800 454 870 αὑτῴ
483 816 545 865 γε
575 797 640 869 δὴ
669 795 744 863 τῷ
782 792 1014 863 πορθμῷ
1051 792 1145 843 καὶ
1178 785 1437 857 στρατιὰν
1478 783 1766 847 ίζάνουσαν

197 895 406 947 ἔνδοθεν
431 890 565 958 πρὸς
589 890 650 939 τὺ
676 885 948 955 ἀνάρῤουν
980 877 1478 935 ἀναστοιϐασουσαν
1504 870 1768 941 δήπουθεν

198 986 265 1039 τά
312 984 418 1036 τῶν
470 979 715 1034 Ευϐοέων
747 975 1089 1044 ἀγχίστροφα
1120 969 1403 1021 διαϐούλια
1431 966 1525 1017 καὶ
1566 963 1626 1013 τὸ
1670 962 1768 1029 τῆς

203 1078 428 1145 γνώμης
483 1067 813 1138 παλίμϐολον
846 1063 1267 1131 ἐπισχήσουσαν.
1325 1055 1487 1110 ’Λλλά
1516 1053 1603 1118 τί;
1639 1068 1771 1119 προ-

206 1141 400 1234 ᾧθάνει
431 1180 532 1231 μου
565 1160 670 1213 τῶν
699 1160 870 1225 λόγων
900 1156 959 1206 τὸ
987 1152 1286 1223 βάρϐαρον,
1317 1148 1413 1201 καὶ
1439 1144 1535 1198 τοῦ
1571 1141 1770 1213 πτεροῦ

202 1260 303 1326 τῆς
335 1254 573 1324 ἱστορίας
613 1246 1085 1321 ταχυπετέσεερον
1134 1244 1383 1311 φέρεται,
1416 1237 1509 1291 καὶ
1536 1235 1652 1288 οὐδέ
1684 1250 1774 1284 ποι

205 1350 280 1408 ὡς
327 1345 569 1408 ἀντίξουν
616 1341 902 1407 ἐπέχεται.
945 1337 1008 1388 Ἡ
1043 1335 1140 1404 μέν
1171 1333 1277 1397 γὰρ
1328 1329 1407 1381 ἐτι
1437 1322 1773 1397 προνομεῦον

210 1440 340 1490 αὐτὸ
379 1438 473 1495 τὰς
507 1431 687 1501 Θήϐας
732 1430 823 1481 καὶ
872 1426 1223 1497 χειρούμενον
1295 1420 1547 1487 Ἀθήνας,
1589 1416 1687 1483 τῆς
1732 1412 1776 1463 δ’

215 1529 447 1586 Εὐϐοίας
475 1523 749 1577 ἐπιϐαῖνον
778 1519 1020 1581 διέξεισι⁶
1047 1515 1109 1567 τὸ
1132 1514 1210 1574 δέ,
1243 1512 1313 1567 ὡς
1352 1510 1426 1579 μὴ
1453 1505 1776 1571 πεζαίτερον

209 1619 267 1673 δν
290 1660 303 1680 ,
336 1616 469 1669 ἀλλὰ
517 1614 715 1683 πτηνὸν
740 1612 833 1663 καὶ
865 1610 1068 1678 ἀέριον,
1098 1604 1380 1673 ὑπερπτὰν
1410 1601 1507 1669 τὴν
1541 1596 1779 1665 ἱστορίαν

218 1709 389 1777 γωρεί
410 1705 541 1772 πρὸς
582 1698 813 1768 Ἰσθμὸν,
836 1696 1134 1768 τροποῦται
1163 1694 1221 1745 τὸ
1239 1692 1344 1761 πρὸ
1377 1686 1592 1777 Ἰσθμοῦ
1619 1701 1782 1777 προσῖ

212 1770 435 1865 έδρεύον
455 1770 800 1859 λΡωμαῖκδν,
828 1786 1076 1855 πρόεισιν
1114 1783 1192 1843 είς
1215 1781 1369 1831 πόλιν
1396 1776 1535 1846 πρὸς
1583 1770 1781 1840 ἰσθμῷ

214 1864 478 1955 κειμένην
508 1882 601 1933 καὶ
640 1878 807 1931 πάλαι
834 1874 1053 1944 ἀφνειὸν
1084 1872 1180 1941 τὴν
1209 1868 1490 1938 Κόρινθον,
1526 1864 1782 1933 μεθίστα-

212 1996 304 2031 ται
344 1975 476 2042 προς
526 1972 750 2040 Ἄργος,
782 1963 1211 2035 περιπαπταίνει
1245 1960 1369 2021 τοὺς
1407 1958 1691 2015 Λάκωνας,
1725 1956 1782 2015 ἐς

227 2068 451 2137 Ἀχαΐαν
498 2063 649 2116 ἔνθεν
699 2058 1051 2129 προσϐάλλει,
1097 2057 1162 2108 ἐκ
1193 2052 1344 2105 τοῦδε
1376 2049 1473 2119 τὴν
1517 2046 1784 2112 Μεθώνην

220 2162 550 2228 μετέρχεται
598 2153 694 2207 καὶ
720 2152 866 2223 ὁρμᾷ
914 2150 1049 2219 πρὸς
1078 2146 1250 2200 Πύλον
1284 2145 1380 2213 τὴν
1414 2139 1650 2228 πατρίδα
1682 2137 1784 2228 Ni:

218 2219 431 2312 ὸτορὸξζ
458 2237 610 2308 οἶμαι
657 2237 701 2291 δ’
843 2219 1098 2303 -Ἃλφειῷ
1129 2232 1357 2285 ἐπιστὰν
1397 2226 1658 2298 ἀρύσεται
1688 2219 1782 2312 τού

224 2310 446 2403 ῥείθρου
477 2333 572 2384 καὶ
616 2329 888 2389 λούσεται,
914 2328 1006 2379 καὶ
1043 2326 1265 2394 μνήμην
1292 2319 1520 2390 λήψεται
1548 2310 1784 2403 παλαιος)

218 2400 503 2495 χαρίεντος
531 2421 886 2490 διηγήματος,
939 2416 1033 2467 καὶ
1083 2414 1252 2484 μαθδν
1299 2412 1389 2464 τὸν
1438 2406 1681 2475 ποταμδν
1708 2400 1788 2470 τῷ

219 2516 325 2583 τῆς
360 2511 684 2583 Ἀρεθούσης
717 2505 1109 2576 ὑγραινόμενον
1140 2504 1321 2572 ἔρωτι,
1358 2497 1648 2565 Σικελικῆς
1679 2510 1789 2560 πη-

220 2608 325 2674 γῆς
364 2606 459 2658 καὶ
488 2601 684 2660 παῖδας
731 2596 947 2651 Ἰταλῶν
995 2594 1338 2661 ποτιζούση-ς,
1372 2590 1519 2642 δέδια
1568 2589 1643 2654 μὴ
1692 2584 1788 2637 καὶ

221 2693 356 2747 αὐτὸ
406 2688 751 2761 τυραννῆσαν
806 2686 867 2737 τὸ
909 2684 1053 2753 ὕδωρ
1078 2681 1280 2750 γράψει
1332 2679 1452 2732 καθ’
1484 2676 1665 2747 ὑγρῶν
1697 2675 1793 2727 καὶ

224 2783 291 2834 δι’
338 2778 587 2848 ’Δλφειοῦ
618 2780 730 2838 τοῖς
760 2777 824 2826 ἐκ
865 2772 958 2825 τοῦ
991 2774 1180 2839 γένους
1213 2771 1390 2822 ἐκεῖσε
1432 2766 1791 2831 διασαφήσειε

224 2874 297 2925 τὰ
319 2870 443 2924 καθ’
492 2870 756 2938 Ἑλλήνων
801 2863 1287 2934 ἀνδραγαθήματα.
1333 2851 1562 2921 Ἀλλ’,ὧ
1594 2856 1795 2922 Ἕλλην

230 2959 445 3027 ποταμέ
487 2956 721 3021 Ἀλφειέ,
758 2954 935 3023 ῥεῦμα
968 2952 1088 3019 ῥέον
1113 2948 1180 3001 δι’
1213 2949 1391 3017 ἅλμης
1426 2947 1676 3013 πότιμον,
1714 2945 1797 3007 ξε-

230 3045 378 3108 νίζον
409 3045 684 3111 ἄκουσμα,
734 3040 1068 3109 ἐμπύρευμα
1099 3036 1335 3105 ἔρωτος,
1375 3035 1449 3105 μὴ
1476 3035 1540 3104 δὴ
1570 3034 1637 3085 τὰ
1679 3032 1797 3083 Ἐλ-

229 3138 390 3204 λήνια
435 3131 879 3199 δυσπραγήματα
922 3130 1033 3189 τοῖς
1081 3128 1140 3180 ἐν
1210 3126 1431 3195 Σικελίᾳ
1493 3124 1793 3193 Βαρϐάροις

233 3222 682 3294 διατρανὼσειας,
716 3220 837 3290 μηδ’
870 3220 1117 3271 ἔκπυστα
1162 3218 1313 3286 θείης
1341 3218 1441 3268 ὅσα
1464 3216 1526 3267 οί·
1544 3217 1607 3267 ἐκ
1644 3214 1795 3280 σφῶν

1820 3170 1867 3233 C

1867 592 2037 641 citum
2090 583 2402 654 profligant,
2440 580 2633 632 urbem
2674 579 2724 630 in
2754 578 2956 630 Isthmo
3003 578 3161 629 sitam
3195 575 3437 643 locuple-

1868 689 1975 733 tem
2012 676 2140 729 olim
2196 672 2522 728 Corinthum
2577 670 2809 723 intrant.
2866 666 3021 720 Unde
3065 670 3238 735 Argos
3262 674 3438 718 trans-

1866 776 2031 823 eunt;
2110 763 2396 816 Laconiam
2453 757 2728 829 pervagati
2777 758 3032 824 impetum
3090 752 3143 811 in
3178 756 3436 808 Achaiam

1873 856 2103 909 faciunt.
2133 853 2260 904 Inde
2292 852 2597 904 Mcthonem
2642 858 2871 917 petunt;
2923 848 2987 899 ad
3028 849 3210 916 Pylum
3248 848 3441 901 Nesto-

1873 946 2209 1017 ris‘patriam
2239 943 2597 995 contendunt.
2647 941 2728 993 Ad
2761 941 3028 1007 Alpheum
3059 940 3220 990 etiam
3252 954 3441 991 acces-

1874 1054 2031 1091 suros
2054 1037 2314 1095 arbitror,
2363 1048 2431 1085 ex
2469 1047 2642 1099 eoque
2691 1042 2846 1099 potos
2900 1039 2955 1083 et
3005 1030 3147 1082 lotos
3201 1041 3438 1082 veterem

1868 1125 2170 1195 jucundam
2199 1125 2434 1177 fabulam
2480 1122 2784 1184 audituros,
2808 1121 3026 1172 fluvium
3056 1135 3179 1172 eum
3211 1121 3445 1172 Arethu-

1877 1230 1949 1267 sae
1985 1213 2148 1265 fontis
2174 1212 2368 1269 Siculi.
2400 1226 2561 1277 quem
2605 1209 2861 1261 Italorum
2898 1210 2988 1261 lilii
3022 1210 3234 1271 bibunt,
3262 1226 3446 1262 amore

1878 1306 2268 1373 liquescentcm
2308 1303 2483 1354 vereri
2507 1316 2573 1353 ne
2603 1316 2714 1354 suae
2738 1316 2890 1368 aqua:
2917 1316 3202 1355 successus
3226 1300 3447 1354 Latino-

1880 1410 1998 1448 rum
2038 1405 2091 1446 e'.
2128 1408 2213 1446 res
2252 1406 2387 1460 quas
2419 1402 2606 1443 contra
2662 1390 2880 1443 Grai-cos
2933 1392 3201 1457 gesserint
3250 1390 3449 1442 insrri-

1881 1494 1999 1555 ptas
2031 1485 2096 1538 ad
2128 1483 2428 1553 populares
2461 1496 2650 1532 eorum
2673 1481 2911 1548 perferre
2943 1493 3191 1549 cegatur.
3224 1479 3449 1539 Verum,

1882 1593 1915 1631 ο
1943 1576 2128 1631 Grzece
2150 1574 2310 1626 fluvie
2330 1572 2555 1638 Alpheo,
2581 1572 2723 1624 latex
2749 1587 2844 1637 per
2870 1574 3203 1640 salsuginem
3226 1585 3449 1624 manans

1884 1666 2164 1736 potabilis.
2191 1679 2274 1716 res
2290 1663 2450 1732 807
2481 1664 2671 1714 auditu
2700 1662 2859 1725 mira,
2880 1665 3081 1715 amoris
3113 1662 3448 1722 incendium,

1885 1769 2017 1807 cave
2050 1752 2361 1805 Graecorum
2395 1752 2731 1803 calamitates
2763 1750 2963 1803 Siculis
2996 1752 3246 1803 barbaris
3279 1752 3453 1827 expli-

1815 1843 1855 1896 Β
1882 1859 1993 1907 ces,
2014 1853 2108 1897 aut
2133 1857 2526 1897 commemores
2554 1852 2783 1910 quantas
2817 1856 2904 1894 res
2936 1841 3225 1909 populares
3259 1856 3451 1893 eorum

1888 1945 2079 1991 contra
2112 1934 2334 1988 Graecos
2367 1933 2651 2002 gesserint.
2693 1948 2758 1985 ne
2798 1932 3011 1985 choreae
3066 1932 3353 1993 ducantur,
3389 1949 3456 1985 ne

1885 2044 2097 2101 paeanes
2114 2037 2425 2089 eantentur,
2447 2043 2512 2079 ne
2530 2028 2712 2094 plures
2734 2025 2919 2079 hostes
2941 2025 3233 2092 appellant.
3259 2024 3460 2079 Ριιυίεε-

1884 2140 1982 2194 per
2010 2132 2281 2191 esspecta.
2311 2121 2487 2173 Multae
2532 2128 2658 2170 sunt
2706 2118 2831 2169 belli
2853 2120 3020 2181 vices;
3045 2126 3260 2170 tessera:
3290 2119 3460 2169 instar

1888 2216 2186 2267 volvuntur
2213 2228 2299 2267 res
2324 2210 2658 2263 mortalium.
2683 2207 2839 2261 Nunc
2878 2209 2986 2271 his,
3017 2209 3284 2262 nuncillis
3318 2208 3461 2261 favet

1888 2302 2155 2367 victoria;
2211 2316 2279 2354 ne
2313 2298 2624 2353 Alexandro
2656 2296 2877 2364 quidem
2903 2298 3292 2351 l‘eruntomnia
3336 2314 3461 2351 suc-

1890 2395 2122 2447 cessisse.
2156 2407 2222 2445 ex
2255 2389 2547 2452 sententia,
2587 2403 2690 2441 nec
2718 2386 2947 2441 Caesaris
2992 2387 3210 2440 fortuna
3281 2386 3459 2440 caruit

1889 2484 2308 2541 offensionibus.
2372 2481 2472 2533 Per
2509 2480 2683 2548 ipsam
2727 2479 3053 2531 Arethusam
3112 2490 3161 2531 te
3190 2481 3458 2540 obtestor,

1894 2595 1989 2647 per
2016 2575 2310 2629 amicitiam
2344 2588 2372 2625 a
2406 2571 2673 2626 salsedine
2701 2571 2981 2631 intactam,
3016 2586 3114 2637 per
3138 2571 3460 2623 amatorium

1895 2667 2138 2722 laticem.
2170 2664 2274 2719 Sed
2307 2672 2366 2717 ut
2398 2663 2465 2715 ad
2508 2663 2822 2716 institutum
2858 2660 3099 2724 redeam,
3139 2661 3343 2715 Scurus
3377 2662 3463 2716 his

1894 2758 2144 2811 cladibus
2174 2756 2398 2816 fractus,
2434 2769 2557 2807 cum
2592 2753 2767 2821 Argos
2799 2761 2853 2805 et
2882 2752 3109 2804 finitima
3142 2754 3338 2820 Oppida
3367 2768 3461 2806 oc-

1895 2857 2088 2916 cupata
2116 2860 2237 2899 esse
2285 2854 2562 2903 cerneret,
2610 2842 2662 2894 in
2710 2842 3107 2895 Acrocorintho
3140 2854 3197 2894 ut
3248 2844 3461 2897 hirsuta

1896 2938 2070 2991 bestia
2106 2937 2161 2988 in
2180 2944 2336 2987 antro
2356 2932 2722 2986 aututdraco
2757 2933 2808 2983 in
2852 2935 3111 2999 Spelunca
3164 2949 3222 2986 se
3273 2935 3460 2999 abdit;

1897 3045 2018 3099 quae
2051 3029 2251 3082 veteris
2296 3024 2548 3080 Corinthi
2581 3040 2675 3078 arx
2700 3033 2805 3086 est,
2843 3025 2895 3077 in
2925 3030 3097 3077 arduo
3130 3036 3313 3080 monte
3337 3030 3457 3090 sita,

1898 3122 2015 3175 fere
2064 3118 2514 3187 inexpugnabilis.
2550 3116 2726 3181 Quare
2751 3116 2997 3167 marchio
3029 3116 3154 3170 inde
3188 3119 3460 3183 repulsus.

1897 3228 2018 3267 cum
2052 3210 2339 3277 Nauplium
2366 3223 2585 3276 quoque
2614 3206 2758 3259 haud
2791 3206 2946 3260 facile
2971 3210 3269 3276 expugnari
3304 3226 3461 3277 posse

231 3316 757 3385 ἐπιστρατεύσαντες
814 3310 1041 3377 Ἕλλησι
1096 3306 1222 3359 καθ’
1286 3307 1553 3375 Ἐλλήνων
1600 3308 1801 3372 ἐμεγα-
1896 3318 1930 3355 (ξς

1757 3324 1801 3355 ι-
1896 3311 2147 3357 cerneret
2172 3299 2241 3351 ob
2285 3296 2634 3350 castellorum
2673 3295 3056 3357 munitionem,
3109 3306 3165 3347 et
3207 3296 3456 3351 defenso-

234 3406 566 3472 λούργησαν,
599 3402 686 3453 ἵνα
716 3399 790 3469 μὴ
820 3401 971 3468 χοροὶ
1007 3397 1174 3450 στῶσι
1202 3397 1298 3449 καὶ
1329 3398 1559 3458 παιᾶνες
1588 3396 1796 3466 ᾁσθῶσι

235 3496 333 3547 καὶ
363 3494 584 3552 πλείους
632 3492 947 3559 κατάρωσιν
1001 3490 1048 3539 oi
1084 3489 1349 3555 διάφοροι.
1384 3486 1568 3556 Βραχύ
1600 3504 1651 3538 τι
1683 3486 1800 3538 ἐπί-

243 3598 457 3652 μεινον*
505 3578 940 3647 ἁλλοπρὸσαλλος
985 3579 1017 3647 ἡ
1082 3578 1251 3645 μάχη,
1304 3579 1571 3629 πεττευτά
1606 3578 1673 3628 τὰ
1706 3578 1796 3627 ἀν-

1897 3409 2017 3446 rnm
2040 3386 2789 3447 constantiam,obsidionem
2826 3397 3108 3453 utriusque
3138 3387 3459 3442 lociducere

1896 3481 2165 3543 instituit;
2229 3488 2285 3531 et
2350 3493 2416 3530 ex
2472 3476 2703 3527 adverso
2760 3475 3139 3528 Acrocorinthi
3177 3478 3457 3530 castellum

1900 3572 2155 3630 aedificat,
2199 3583 2303 3636 qua
2342 3566 2575 3619 maxime
2608 3566 2905 3633 oppugnari
2971 3582 3125 3631 posse
3152 3568 3456 3621 videbatur.

237 3677 508 3745 θρώπινα,
537 3674 630 3725 καὶ
654 3674 777 3735 νίκη
812 3670 1173 3737 ἐπαμείϐεται
1202 3670 1421 3736 ἄνδρας.
1447 3669 1569 3720 Οὐδ’
1616 3668 1954 3736 Ἀλεξάνδρῳ
1986 3666 2119 3735 φασὶ
2147 3665 2214 3715 τα
2271 3663 2363 3714 ἐπὶ
2393 3664 2554 3713 πᾶσιν
2582 3662 2925 3728 ἁπρὸσκοπα,
2972 3661 3080 3712 οὐδ’
3124 3662 3460 3725 ἀδιάπτωτος

237 3762 345 3835 [ιι.
377 3758 511 3826 39H
548 3762 579 3827 ἡ
617 3758 751 3825 τύχη
794 3758 1057 3824 παράπαν
1088 3755 1181 3805 τοῦ
1216 3754 1516 3822 Καίσαροε.
1550 3754 1659 3805 Ναὶ
1690 3755 1825 3822 πρὸς
1871 3753 2038 3818 αὐτῆς
2077 3750 2174 3818 τῆς
2221 3747 2548 3814 ’Λρεθούσης
2586 3747 2693 3796 τῶν
2739 3748 3037 3812 ἀνεπὰιρων
3073 3746 3251 3816 ἅλμης
3310 3749 3459 3814 φιλο-

246 3850 426 3916 τήτων
464 3846 557 3897 καί
584 3844 678 3895 τού
708 3843 1035 3911 ἐρωτόεντος
1082 3839 1346 3906 νάματος.
1391 3839 1527 3889 Ἀλλ’
1584 3835 1714 3889 εἷεν.
1758 3840 1816 3889 Ὀ
1860 3839 1910 3889 δὲ
1946 3838 2007 3903 δὴ
2036 3835 2395 3907 Σγουρὺςιέπὶ
2421 3832 2629 3893 τούτοις
2660 3833 2975 3901 ἠπορηκὼς,
3024 3837 3117 3884 καὶ
3157 3833 3218 3884 τὸ
3258 3835 3459 3902 Ἀργος

240 3934 384 4003 ὀρῶν
420 3934 671 3999 ἐχόμενον
693 3929 790 3979 καὶ
819 3928 915 3985 τὰς
960 3924 1299 3992 περιοικίδας
1334 3924 1513 3985 πόλεις
1568 3923 2029 3991 συνειλημμέιιας,
2062 3922 2134 3980 ὡς
2164 3923 2218 3980 ές
2263 3918 2458 3985 ἄντρον
2502 3918 2686 3978 λάοιος
2712 3917 2811 3985 θὴρ
2842 3917 2875 3986 ἥ
2902 3917 2975 3978 ὡς
3007 3917 3127 3984 frgi;
3184 3919 3459 3987 ἐρπυστὴς

242 4025 324 4083 είς
345 4021 494 4087 χειὲιν
543 4015 904 4083 συσπειρᾶται
948 4012 1040 4063 τὸν
1090 4013 1506 4082 Ἀκροκόρινθον
1528 4029 1541 4042 ⁸
1569 4016 1596 4064 ὁ
1622 4014 1677 4064 δέ
1704 4015 1852 4063 ἐστιν
1883 4012 1914 4078 ἡ
1951 4009 2041 4075 τῆς
2071 4007 2238 4059 πάλαι
2276 4005 2479 4066 πόλεως
2512 4003 2779 4071 Κορίνθου
2820 4005 3138 4071 ἀκρόπολις,
3182 4007 3267 4056 ἐπ’
3302 4007 3461 4059 ἀνάν-

240 4122 365 4167 τους
415 4105 573 4172 δρους
620 4103 849 4169 κειμένη
880 4099 975 4150 καὶ
1021 4098 1326 4161 δυσαλωτος
1357 4102 1463 4162 τοῖς
1510 4099 1968 4167 προσϐάλλουσιν.
2014 4094 2439 4162 Ἀποκρουσθεὶς
2486 4090 2784 4143 τοίνυντοῦ
2841 4092 3262 4159 Ἀκροκορίνθου
3321 4110 3460 4162 μαρ-

240 4197 448 4254 κέσιος,
488 4189 623 4241 ἀλλὰ
671 4186 806 4256 μηδέ
836 4186 932 4256 τὴν
971 4186 1051 4246 είς
1078 4186 1138 4237 τὸ
1163 4186 1442 4237 Ναύπλιον
1480 4187 1714 4253 παροδον
1763 4184 1951 4254 ῥᾳδίαν
1982 4182 2249 4250 θεώμενος
2293 4180 2380 4230 διὰ
2408 4181 2507 4245 τὴν
2549 4179 2655 4229 τῶν
2703 4179 2994 4246 ἐρυμάτων
3038 4179 3338 4245 ἐχυρότητα
3368 4182 3461 4230 καὶ

241 4283 344 4340 τὴν
375 4278 485 4331 τῶν
515 4273 945 4343 ἀπομαχομένων
978 4270 1327 4339 ἰσχυρότητα,
1375 4272 1742 4339 χρονοτριϐεῖν
1775 4275 1859 4341 ἐφ’
1892 4271 2175 4341 ἑκατέροις
2210 4268 2550 4337 προτίθησιν,
2579 4270 2634 4328 ἐς
2665 4267 2719 4317 δέ
2766 4266 2855 4316 τὸν
2914 4266 3325 4335 Ἀκροκόρινθον
3368 4269 3463 4319 καὶ

240 4365 498 4437 φρούριον
520 4362 795 4415 ἀντίθετον
822 4359 1124 4425 ἀνίστησιν,
1217 4357 1452 4425 μάλιστα
1477 4361 1505 4411 ὁ
1536 4360 1710 4428 χῶρος
1739 4361 2009 4430 ἐπίμαχος
2035 4360 2419 4425 κατεφαίνετο.

309 4466 362 4513 ι’.
387 4455 495 4511 Ἦν
541 4457 605 4509 ἂν
659 4453 753 4506 οὖν
810 4454 919 4505 τῶν
967 4453 1253 4521 Ῥωμαίων
1296 4454 1519 4506 Ἀσιανά
1576 4471 1630 4505 τε
1691 4457 1788 4506 καὶ

240 4549 470 4616 ἑσπέρια
496 4548 619 4615 ὅρια
646 4542 779 4612 μηδὲ
809 4542 1015 4594 τελείου
1045 4544 1197 4604 ἐτους
1219 4546 1660 4611 παριππευκότος
1686 4547 1799 4605 τοῖς

1970 4454 2137 4525 808
2177 4454 2261 4506 10.
2301 4452 2376 4505 Ita
2421 4452 2786 4504 Romanorum
2819 4449 2999 4503 Asiani
3029 4458 3083 4502 et
3138 4450 3466 4505 Occidenta-

1905 4552 1985 4603 les
2021 4550 2153 4602 fines
2182 4562 2393 4609 omnes,
2427 4545 2672 4597 nondum
2698 4544 2910 4610 integro
2938 4558 3083 4596 anno
3108 4546 3318 4611 elapso,
3354 4544 3461 4598 La-

240 4639 550 4698 Λατινικοίς
581 4636 896 4697 ἀπαξάπασι
925 4635 1104 4698 γένεσι
1153 4634 1538 4703 δουλοπρεπῶς
1591 4635 1797 4689 ύποκύ-
1832 4649 1873 4703 ι)
1905 4642 1939 4694 ti

1762 4658 1797 4683 ν·
1832 4649 1873 4703 ι)
1905 4642 2138 4694 tinarum
2165 4639 2409 4707 gentium
2457 4639 2625 4689 armis
2686 4634 2960 4688 serviliter
2989 4636 3289 4688 cessissent
3333 4639 3461 4704 (jam

236 4731 415 4797 ψαντα
443 4725 560 4794 (ήδη
595 4723 702 4793 γὰρ
726 4723 818 4776 καὶ
849 4723 875 4773 ὁ
917 4723 996 4783 εἰς
1031 4721 1256 4789 βασιλέα
1285 4723 1525 4791 χρισθεὶς
1548 4724 1800 4777 Βαλδουῖ-

242 4833 331 4877 νος
358 4816 501 4866 κατὰ
532 4813 769 4875 Νικαίας
806 4813 901 4864 καὶ
927 4811 1182 4880 Προύσης
1216 4812 1277 4863 τὸ
1326 4812 1455 4880 δόρυ
1482 4814 1796 4883 διαγκοινή-

240 4903 437 4956 σασθαι
466 4902 774 4969 προύθετο),
807 4901 853 4951 εί
882 4903 957 4968 μή
987 4917 1048 4966 γε
1077 4899 1318 4968 ἁβουλὰς
1337 4900 1545 4953 ἀθετῶν
1577 4902 1796 4973 Κύριος,

240 4998 339 5047 καὶ
409 4993 809 5061 διασκορπίζων
860 4990 988 5059 ἐθνη
1040 4991 1109 5041 τὰ
1199 4993 1323 5053 τοὺς
1389 4992 1655 5061 πολέμους
1714 4994 1800 5046 θέ-

240 5090 423 5145 λοντα,
488 5085 757 5135 ὑπέλαϐεν
807 5084 952 5151 ἡμᾶς
1006 5086 1084 5143 είς
1113 5081 1264 5144 τέλος
1319 5084 1695 5146 ἐκλείποντας.
1741 5086 1799 5137 '0

241 5181 352 5248 γὰρ
372 5176 438 5246 δὴ
458 5175 631 5242 φυγὰς
666 5173 922 5241 βασιλεὺς
954 5173 1032 5235 είς
1069 5171 1191 5239 ὄψιν
1216 5172 1294 5241 τῷ
1328 5178 1611 5245 μαρκεσίῳ
1634 5175 1802 5227 ἐλθὼν

242 5273 412 5337 ἄρτου
478 5264 757 5335 μετρητοῦ
817 5265 912 5316 καὶ
963 5264 1197 5333 κοτύλης
1242 5267 1585 5335 κεράσματος
1612 5268 1677 5319 τὰ
1706 5268 1800 5336 τῆς

244 5358 519 5428 βασιλείας
546 5357 963 5408 ἀνταλλάττεται
995 5354 1257 5424 σύμϐολα.
1291 5358 1385 5408 καὶ
1419 5362 1496 5419 είς
1528 5358 1703 5428 χῶρον
1732 5361 1797 5427 τῇ

242 5451 382 5520 τύχῃ
434 5448 752 5519 φερώνυμον
807 5447 1160 5517 (Ἀλμυρὸςὸ
1215 5448 1388 5518 χῶρος
1418 5452 1797 5517 κικλήσκεται)

241 5550 337 5603 τας
369 5540 645 5609 διατριϐὰς
668 5540 899 5591 τελέσων
950 5540 1292 5606 ἐκπέμπεται
1352 5545 1446 5593 σον
1479 5543 1799 5613 Ιίύνξροσύνῃ

241 5636 306 5701 τῇ
333 5630 656 5700 ὀμευνέτιδι.
688 5632 750 5682 Οἱ
776 5631 852 5698 τῷ
880 5629 1090 5698 βασιλεί
1137 5632 1316 5683 τοίνυν
1368 5634 1799 5701 συναποόραντες

253 5726 517 5793 Ῥωμαῖοι
572 5719 731 5792 (ἦσαν
762 5724 816 5775 δὲ
878 5723 1087 5775 τούτων
1132 5726 1182 5776 οί
1212 5725 1428 5787 πλείους
1452 5728 1712 5796 ἐπίσημοι
1745 5729 1800 5780 τὸ

244 5819 396 5883 γένος
427 5816 518 5867 καὶ
544 5815 642 5868 οὐκ
673 5815 847 5880 ἄδοξοι
872 5815 937 5867 τὰ
967 5815 1098 5881 πρὸς
1127 5815 1379 5882 πόλεμον,
1418 5820 1507 5870 καὶ
1542 5822 1800 5883 tam-36;;

1900 4734 2046 4787 enim
2065 4732 2380 4799 designatus
2398 4729 2693 4797 imperator
2716 4725 3013 4779 Balduinus
3037 4728 3200 4779 etiam
3232 4727 3464 4781 Nicaeam

1901 4834 1958 4878 et
2008 4824 2226 4875 l’rnsam
2285 4836 2600 4888 oppugnare
2651 4816 3004 4882 instituerat),
3056 4818 3157 4871 nisi
3184 4818 3464 4879 Dominus.

1903 4916 1994 4983 qui
2021 4913 2244 4967 consilia
2286 4911 2436 4964 irrita
2475 4911 2601 4963 facit
2635 4918 2689 4962 et
2733 4919 2925 4979 gentes
2984 4910 3114 4963 belli
3189 4912 3465 4965 studiosus

1902 5002 2148 5071 dissipat.
2186 5003 2355 5054 nostri
2387 5002 2757 5053 defensionem
2785 5001 2895 5065 jam
2949 5015 3173 5068 prorsus
3205 5003 3463 5055 deficien-

1904 5095 2035 5147 tium
2058 5092 2409 5159 suscepisset.
2444 5091 2577 5143 Nam
2615 5090 2877 5158 profugus
2906 5092 3203 5158 imperator
3223 5094 3288 5144 ad
3325 5109 3466 5145 inar-

1899 5184 2148 5237 chioncm
2184 5182 2463 5250 profectus
2494 5183 2649 5249 panis
2681 5190 2736 5234 et
2762 5183 2872 5234 vini
2937 5182 3197 5236 demenso
3248 5183 3460 5251 imperii

1900 5272 2132 5339 insignia
2164 5278 2485 5330 commutat,
2516 5285 2641 5322 cum
2700 5269 3058 5339 Euphrosyna
3110 5271 3340 5339 conjuge
3406 5273 3458 5324 in

1902 5364 2077 5415 locum
2112 5362 2330 5414 nomine
2388 5360 2698 5429 llalmyrum
2753 5362 2877 5424 thoc
2903 5370 2987 5414 est
3036 5362 3456 5429 salsuginosum)

1904 5457 2133 5507 fortuna:
2213 5469 2322 5505 suze
2386 5452 2803 5518 respondentem
2873 5452 3174 5504 habitatum
3238 5455 3457 5506 missus.

1908 5546 2135 5597 Romani
2188 5557 2366 5597 autem
2426 5542 2516 5609 qui
2561 5558 2683 5593 cum
2729 5545 3054 5611 imperatore
3116 5546 3458 5613 aufugerunt,

1898 5654 2131 5706 quorum
2194 5635 2439 5705 plerique
2505 5634 2611 5687 nob
2637 5636 2735 5698 les,
2795 5636 2938 5688 bello
2963 5651 3069 5688 non
3137 5637 3355 5689 obscuri
3404 5646 3463 5688 et

1899 5726 1926 5777 Ἰ
1950 5726 2150 5779 hraciis
2177 5722 2403 5776 urbibus
2430 5722 2537 5774 orti
2572 5732 2748 5780 erant.
2774 5738 2897 5774 cum
2927 5725 3241 5776 marchione
3264 5726 3460 5792 degere

1900 5818 2059 5879 eique
2094 5831 2187 5869 nro
2222 5813 2364 5865 \‘irili
2421 5827 2638 5877 operam
2692 5829 2890 5867 navare
2943 5816 3248 5867 \‘UlllCl‘llM.
3284 5816 3363 5867 Ab
3392 5832 3457 5867 eo
