4302 6370
872 357 975 425 999

2011 368 2017 373 ’
2098 371 2393 434 ΝΙΕἶΞΤίΕ
2435 379 2842 447 (ἮΟΝῘΛΤΑΕ

3952 406 4088 475 1000

866 492 999 531 vero
1032 476 1242 531 dimissi
1279 480 1533 548 (negabat
1561 479 1709 533 enim
1742 480 1845 535 sibi
1879 483 2140 540 Romanis
2169 490 2440 549 militibus
2468 503 2513 558 Α
2542 519 2565 553 τ

872 584 981 589 ----
1019 566 1174 589 Αμ---ὶ
1231 569 1411 589 ._-J.._-_
1452 570 1506 589 Δ-
1534 586 1580 589 __
1613 570 1739 589 Issi]
1789 573 1801 583 -
1860 588 1865 589 ,
1901 576 1911 585 υ
2112 585 2122 589 -
2202 579 2212 589 .
2374 582 2406 589 --

2405 510 2440 549 ιε
2468 503 2513 558 Α
2542 501 2637 564 τάς
2667 506 2727 557 ἐν
2759 506 2951 582 Θρᾴκῃ
2981 508 3167 577 πόλεις
3182 513 3500 588 αὐχοῦντες)
3521 518 3714 589 ἤθελον
3748 526 3987 581 συνεῖναι
4008 530 4104 585 καὶ

865 584 986 622 esse
1014 566 1198 636 Opus),
1226 569 1414 621 eadem
1444 570 1511 623 de
1533 586 1592 623 re
1611 570 1878 626 Balduino
1899 576 2214 643 imperatori
2229 582 2439 650 suppli-

866 670 1080 713 carunt.
1117 660 1192 713 lbi
1221 674 1441 728 quoque
1472 663 1743 731 repulsam
1770 680 1893 717 cum
1920 667 2194 734 tulissent,
2245 672 2312 725 ad
2343 670 2436 727 Jo-

867 766 1061 803 annem
1086 767 1143 804 se
1170 751 1486 817 conferunt,
1518 755 1611 822 qui
1658 756 1709 807 in
1750 766 1935 811 monte
1980 759 2164 814 Haemo
2190 774 2351 818 natus
2374 775 2433 820 et

864 841 1131 894 educatus
1156 845 1272 896 fere
1338 860 1558 897 omnem
1631 846 1936 902 Romanam
1994 851 2286 918 ditionem,
2325 871 2431 925 qua

865 930 1219 985 Occidentem
1276 942 1510 1002 spectat,
1569 936 1726 990 bellis
1770 940 2021 993 vastabat
2075 953 2131 995 et
2189 944 2430 1009 delebat,

867 1022 1143 1089 Scythicis
1174 1023 1584 1079 incursionibus
1606 1027 1910 1091 desolabat,
1936 1041 1989 1083 et
2017 1032 2306 1102 multiplici
2339 1052 2431 1089 ve-

826 1126 829 1129 ‘
864 1110 1086 1177 xatione
1110 1112 1447 1166 conterebat.
1482 1112 1530 1167 Is
1558 1116 1684 1183 quia
1711 1117 1875 1185 809
1899 1116 2217 1173 Latinorum
2286 1123 2430 1177 fero-

748 1228 754 1233 -
860 1200 1000 1254 ciam
1034 1213 1340 1270 suspectam
1366 1204 1604 1259 habebat
1627 1222 1928 1276 eorumque
1954 1208 2164 1264 hastam
2196 1224 2252 1266 ut
2280 1214 2428 1269 ﬂam-

857 1304 1033 1343 meam
1069 1292 1397 1360 roinphaeatn
1424 1295 1834 1361 reformidabat,
1897 1300 2132 1354 libenter
2182 1318 2279 1357 eos
2304 1321 2429 1359 sus-

856 1382 1020 1448 cepit.
1044 1379 1160 1446 Qua
1186 1382 1254 1435 de
1280 1398 1442 1438 causa
1457 1400 1579 1439 cum
1605 1385 1811 1455 legatos
1830 1388 1897 1441 de
1914 1390 2154 1445 amicitia
2182 1392 2425 1448 ineunda

855 1471 920 1521 ad
955 1468 1184 1524 Latinos
1207 1473 1461 1535 misisset,
1516 1489 1614 1542 per
1637 1477 1850 1530 litteras
1888 1493 2014 1532 cum
2063 1482 2142 1533 eis
2203 1496 2314 1535 non
2364 1492 2426 1538 ut

856 1574 947 1613 rex
969 1576 1092 1615 cum
1132 1570 1342 1627 amicis,
1369 1564 1461 1616 sed
1498 1576 1557 1618 ut
1616 1580 1808 1619 servus
1852 1582 1973 1621 cum
2018 1569 2256 1626 dominis
2312 1573 2425 1627 col-

852 1653 1001 1719 loqui
1029 1654 1366 1722 jubebatur:
1403 1655 1610 1724 alioqui
1641 1672 1701 1711 se
1762 1673 1914 1712 arma
1939 1657 2017 1713 illi
2068 1662 2321 1718 illaturos
2365 1673 2421 1719 et

853 1740 1077 1811 Mysiam
1102 1743 1257 1797 facile
1287 1753 1617 1808 vastaturos,
1644 1763 1807 1815 quam
1848 1761 2041 1802 contra
2089 1751 2329 1807 oflicium
2365 1763 2421 1808 et

854 1848 952 1900 per
987 1834 1315 1888 seditionem
1342 1838 1549 1904 spretis
1575 1838 1833 1892 Romanis
1895 1852 2238 1908 occupasset,
2265 1859 2420 1898 eum-
2452 1818 2495 1877 Β

850 1938 959 1991 que
1008 1925 1074 1978 ad
1105 1927 1393 1993 pristinam
1453 1928 1730 1982 fortunam
1777 1932 2120 1986 redacturos.
2179 1934 2419 1993 Proinde

849 2011 1125 2067 Romanos
1147 2015 1213 2068 ad
1233 2030 1291 2069 se
1325 2016 1581 2086 profugos
1606 2018 1848 2075 Joannes
1874 2024 1927 2075 in
1957 2025 2190 2091 patriam
2224 2041 2418 2095 quem-

848 2117 954 2170 que
979 2119 1132 2157 suam
1167 2104 1320 2160 abire
1337 2107 1513 2176 jubet,
1546 2120 1602 2162 et
1626 2110 1839 2164 callidis
1854 2115 2296 2181 aggressionibus
2318 2117 2419 2173 La-

850 2194 983 2247 tinis
1002 2210 1206 2250 nocere
1241 2206 1506 2265 quantum
1533 2201 1763 2268 possint,
1795 2202 1971 2258 donec
2002 2204 2123 2274 ipse
2180 2208 2417 2266 fortunis

850 2287 1064 2339 illorum
1090 2290 1359 2343 consulat.
1391 2290 1563 2359 Igitur
1591 2292 1655 2345 ad
1677 2306 1774 2345 sua
1806 2298 2011 2349 reversi
2054 2296 2414 2355 Macedonum

846 2389 900 2430 ct
932 2378 1204 2433 Thracum
1258 2381 1442 2447 urbes,
1476 2382 1693 2439 Blachis
1740 2385 2128 2454 adjutantibus,
2158 2392 2225 2444 ad
2260 2392 2413 2447 defe-

847 2468 1085 2521 ctionem
1121 2470 1429 2539 impellunt.
1484 2471 1637 2525 Unde
1681 2473 1899 2541 plurimi
1924 2476 2262 2546 Latinorum,
2288 2485 2416 2553 qui-

845 2556 947 2612 bus
975 2576 1050 2613 cae
1076 2563 1241 2616 urbes
1272 2563 1631 2628 obvenerant,
1637 2565 1970 2635 jugulantur,
1991 2570 2413 2641 aliiByzantium

845 2660 1097 2705 extorres
1127 2652 1379 2707 redeunt.
1412 2650 1751 2706 Occiduntur
1775 2664 1831 2708 et
1863 2655 2009 2726 iiqui
2046 2659 2411 2731 Didymoticlti

844 2747 999 2791 erant
1027 2754 1040 2801 ;
1068 2746 1123 2792 et
1155 2740 1249 2808 qui
1289 2741 1628 2795 Orestiadem
1668 2744 1949 2808 tenebant,
1978 2747 2298 2816 ejiciuntur.
2351 2753 2409 2807 ld

844 2828 1055 2883 facinus
1073 2828 1352 2885 Orientem
1378 2831 1696 2886 Latinorum
1718 2834 1861 2889 bello
1880 2847 2080 2904 praeter
2131 2853 2415 2909 exspecta-

844 2920 1045 2971 tionem
1066 2918 1283 2981 liberat,
1322 2924 1390 2972 ad
1459 2919 1812 2976 Occidentem
1836 2924 2182 2979 redeuntium
2216 2929 2415 2999 ;810

839 3018 894 3059 et
919 3010 1191 3063 eosetiam
1222 3012 1315 3079 qui
1349 3010 1611 3065 Graeciam
1638 3021 1696 3066 et
1761 3013 2195 3083 Peloponnesum
2249 3034 2413 3074 occu-

840 3108 1055 3163 parant,
1091 3114 1339 3167 repressa
1376 3100 1637 3168 superbia
1671 3103 1833 3169 paulo
1860 3104 2219 3161 modestiores
2255 3108 2406 3166 facit.
2437 3141 2478 3199 ο

840 3187 904 3238 Et
942 3197 999 3240 ut
1042 3205 1106 3242 ea
1169 3205 1290 3258 quae
1335 3189 1466 3243 hinc
1494 3192 1815 3245 acciderunt
1846 3195 2035 3248 ordine
2089 3198 2406 3265 referamus,

841 3277 1620 3348 RomaniquiAdriauopolim
1679 3291 1736 3334 et
1786 3280 2229 3349 Ditlymoticbum
2258 3297 2410 3342 tene—

840 3366 991 3430 bzmt,
1024 3384 1130 3421 non
1159 3368 1339 3437 parvis
1364 3369 1690 3424 Blachornm
1725 3370 1848 3425 freti
1872 3374 2091 3427 auxiliis
2125 3376 2196 3429 ibi
2225 3388 2410 3431 mane-

838 3455 995 3509 bant.
1015 3455 1255 3511 Joannes
1283 3471 1436 3518 vero,
1467 3456 1562 3525 qui
1590 3472 1718 3511 sitas
1741 3463 1930 3526 copias
1957 3468 2013 3512 et
2043 3462 2239 3513 auxilia
2284 3466 2410 3532 Scy-

838 3547 1053 3599 tharum
1104 3563 1242 3615 pene
1292 3549 1500 3618 majora
1551 3562 1779 3601 numero
1828 3549 2153 3614 adducebat,
2180 3566 2404 3620 operam

834 3637 995 3690 dabat
1030 3647 1087 3689 ut
1113 3636 1335 3690 Latinos
1354 3640 1562 3691 lateret.
1591 3639 1659 3693 Ut
1682 3650 1866 3693 autem
1897 3648 2106 3694 motum
2126 3641 2402 3696 Romano-

834 3744 954 3782 rum
1001 3728 1299 3783 Balduinus
1358 3738 1414 3783 et
1485 3730 1680 3798 reliqui
1715 3739 1828 3783 tres
1867 3731 2034 3784 duces
2078 3732 2405 3787 audiverunt

835 3822 982 3884 (nam
1024 3832 1207 3871 comes
1252 3818 1425 3870 sancti
1480 3817 1635 3871 Pauli
1688 3819 1981 3873 defunctus
2024 3820 2078 3873 in
2119 3820 2405 3892 Manganio

835 3908 1168 3961 monasterio
1194 3906 1546 3964 etSclerzena:
1574 3913 1830 3980 Augusta.-
1854 3912 2193 3965 tuonimento
2221 3914 2405 3981 sepul-

836 4012 924 4049 tus
947 4000 1324 4067 erat).statim
1349 4002 1654 4055 exercitum
1713 4003 1938 4055 mittunt
1989 4014 2181 4057 contra
2238 4004 2403 4059 urbes

833 4107 954 4157 qua:
988 4089 1324 4145 deiecerant.
1363 4094 1439 4146 Ac
1475 4092 1636 4163 Byzia
1665 4094 1886 4162 quidem
1921 4106 1976 4148 et
2008 4094 2243 4148 Zurulus
2293 4107 2402 4149 sta-

834 4181 930 4231 tim
960 4180 1271 4249 subjugum
1335 4182 1640 4235 redierunt.
1698 4183 2104 4251 Arcadiopolitn
2145 4200 2273 4238 vero
2320 4186 2401 4236 lo-

828 4270 1138 4339 cupletibus
1154 4272 1501 4326 etnobilibus
1523 4274 1739 4327 civibus
1763 4288 1989 4328 vacuam
2023 4275 2124 4328 soli
2171 4274 2399 4329 Romani

829 4371 990 4415 noctu
1026 4363 1277 4431 ingressi,
1306 4365 1510 4432 quibus
1537 4367 1667 4418 urbs
1697 4380 1759 4418 ea
1820 4364 1995 4433 patria
2049 4374 2188 4428 erat,
2243 4375 2399 4421 tene-

2538 589 2685 648 οῦτοι
2716 599 2795 667 τῷ
2834 603 3119 675 μαρκεσίῳ
3166 607 3261 660 καὶ
3307 611 3376 665 τὰ
3407 611 3612 665 δυνατὰ
3642 616 3961 689 ὑπουργεΐνο
3987 624 4019 676 ό
4044 623 4104 678 δι

2539 688 2614 756 μὴ
2644 690 2834 755 χρείαν
2888 695 3129 763 φάμενος
3189 697 3336 766 ἔχειν
3402 701 3695 772 Ῥωμαίων
3754 688 4105 777 στρατιωτῶν

2534 779 2708 842 οὕτως
2742 783 2940 847 αὐτοὺς
2990 788 3379 859 ἀπεπέμψατο.
3438 797 3529 867 Τῷ
3587 796 3799 867 βασιλεῖ
3826 802 3871 854 δ’
3901 804 4100 859 ἔπειτα

2533 867 2836 943 Βαλδουίνῳ
2890 881 3021 947 περὶ
3072 882 3166 933 τοῦ
3226 885 3625 955 προσδεχθῆναί
3672 891 3719 943 οί
3754 897 4100 959 προτείνουσι

2529 960 2735 1033 δέησιν.
2778 966 2867 1031 Ὦς
2897 968 2945 1021 δ’
2971 966 3133 1038 ἦσαν,
3166 976 3194 1026 ὅ
3226 993 3379 1043 φασι,
3408 979 3502 1030 καὶ
3528 982 3688 1033 πάλιν
3725 984 3890 1051 κενὴν
3939 984 4099 1053 ᾅδον-

2529 1072 2642 1121 τες,
2670 1060 2749 1126 τῷ
2792 1061 3013 1132 Ἰωάννῃ
3047 1069 3379 1136 προσῄεσαν,
3408 1070 3465 1131 ὃς
3489 1076 3719 1135 τραφεὶς
3745 1077 3804 1127 ὲν
3832 1076 3908 1144 τῷ
3934 1078 4099 1145 Αἴμῳ

2530 1145 2625 1199 καὶ
2655 1150 2935 1216 γεννηθεὶς
2966 1152 3161 1224 μικροῦ
3184 1158 3365 1209 πᾶσαν
3394 1157 3498 1209 ὑπὸ
3516 1159 3818 1227 Ῥωμαίους
3838 1164 4101 1232 ἑσπέριον

2529 1241 2887 1309 ἐπικράτειαν
2919 1244 3189 1315 διέφθειρε
3238 1249 3333 1299 καὶ
3387 1251 3620 1317 ἠφάνισε
3651 1252 3907 1317 πολέμοις
3958 1259 4099 1308 ἁπο-

2529 1332 2757 1399 λικμῶν,
2794 1333 3089 1400 Σκυθικαῑς
3120 1338 3330 1404 ἐφόδοις
3380 1341 3666 1409 έξερημῶν
3700 1344 3796 1395 καὶ
3827 1345 4099 1413 πολυτρό-

2527 1439 2654 1485 ποις
2692 1425 2964 1493 ἐκτρίϐων
3025 1431 3357 1484 κακώσεσιν.
3406 1431 3463 1483 Ὀ
3487 1433 3543 1483 δὲ
3586 1434 3807 1496 τούτους
3837 1436 4097 1502 ἀσμένως

2526 1514 2904 1583 προσδέχεται·
2928 1514 2992 1587 ἦν
3022 1520 3133 1587 γὰρ
3162 1524 3221 1572 τὸ
3249 1524 3499 1575 Λατίνων
3528 1525 3808 1595 ἀγέρωχον
3830 1530 4093 1598 φρόνημα

2524 1602 2875 1674 ὖφορώμενος
2931 1612 3022 1662 καὶ
3066 1613 3165 1679 τὴν
3225 1612 3429 1666 τούτων
3484 1615 3687 1685 λόγχην
3720 1618 3793 1678 ὡς
3828 1621 4095 1691 φλογίνην

2525 1698 2802 1765 ῥομφαίαν
2852 1700 3334 1771 ὑποϐλεπόμενος,
3385 1707 3506 1757 ἐπεὶ
3568 1707 3662 1758 καὶ
3722 1710 3850 1774 περὶ
3902 1714 4093 1777 φιλίας

2522 1787 2741 1847 στείλας
2797 1791 3055 1860 πρέσϐεις
3101 1795 3201 1863 οὑχ
3233 1795 3307 1856 ὼς
3357 1795 3611 1863 βασιλεὺς
3645 1800 3837 1864 φίλοις,
3862 1801 3984 1853 ἀλλ’
4015 1806 4094 1867 ὡς

2522 1875 2802 1948 ὑπηρέτης
2822 1878 3112 1945 δεσπόταις
3148 1884 3631 1954 προσδιαλέγεσθαι
3687 1890 3865 1954 σφίσιν
3889 1895 3947 1943 ὲν
3972 1895 4090 1955 τοῖς

2520 1969 2658 2037 πρὸς
2691 1971 2891 2035 αὐτοὺς
2929 1976 3255 2028 ἐπετάττετο
3277 1978 3619 2047 γράμμασιν,
3654 1979 3684 2049 ἢ
3720 1981 3827 2048 μὴν
3853 1984 4092 2037 ἀπεκδέ-

2519 2063 2710 2133 χεσθαι
2742 2066 2883 2132 σφᾶς
2943 2064 3067 2118 κατ’
3122 2066 3287 2119 αὐτοῦ
3311 2068 3379 2122 τὰ
3404 2068 3541 2121 ὅπλα
3575 2070 3945 2136 βαστάζοντας
3988 2078 4089 2127 καὶ

2517 2159 2802 2229 κείροντας
2854 2160 2973 2213 κατ’
3031 2161 3321 2213 εὐπέτειαν
3353 2163 3453 2229 τὴν
3501 2163 3738 2228 Μυσίαν,
3774 2163 3839 2234 ἢν
3864 2166 3939 2234 μὴ
3963 2168 4087 2217 δέον

2517 2253 2828 2322 καρποῦται
2874 2256 2987 2315 τοῖς
3013 2253 3226 2322 κυρίοις
3261 2252 3552 2322 Ῥωμαίοις
3605 2257 3941 2316 ἐπαναστὰς,
3977 2260 4085 2308 κὰ-

2517 2345 2693 2395 κεῖνον
2724 2343 2801 2403 είς
2828 2343 2929 2412 τὴν
2958 2345 3228 2413 προτέραν
3259 2343 3431 2412 τύχην
3488 2344 3920 2408 ὲπαναλύοντας.
3946 2352 4084 2399 Δια-

2519 2433 2674 2502 φίησι
2696 2433 2876 2485 τοίνυν
2922 2436 3003 2496 εἰς
3036 2434 3133 2493 τὰς
3178 2435 3444 2504 πατρίδας
3488 2436 3771 2488 ἐπανιέναι
3795 2439 3919 2501 τοὺς
3944 2444 4087 2510 ἐπή-

2517 2522 2680 2585 λυδας
2715 2524 2866 2593 αὺτῷ
2906 2525 3210 2593 Ῥωμαίους
3235 2528 3265 2577 ό
3310 2527 3606 2596 Ἰωάννης,,
3640 2527 3734 2579 καὶ
3754 2527 3887 2596 δρᾷν
3914 2530 3943 2582 ὃ
3983 2530 4084 2583 δύο

2516 2633 2710 2671 νανται
2733 2617 2903 2671 κακὸν
2928 2618 3057 2680 τοὺς
3081 2618 3349 2682 Λατίνους
3382 2619 3500 2689 μετ’
3516 2620 3820 2689 εὐμεθόδων
3849 2619 4081 2695 [P595]

2516 2709 2624 2763 τῶν
2650 2711 3047 2779 ἐγχειρήσεων,
3081 2710 3185 2772 ἕως
3212 2710 3283 2761 τὰ
3318 2710 3440 2762 κατ’
3462 2711 3660 2773 αὐτοὺς
3694 2712 3787 2764 ἐπὶ
3811 2713 3872 2766 τὸ
3892 2717 4085 2783 κρεῖτ-

2513 2819 2606 2855 τον
2641 2804 2847 2864 ἐκεῖνος
2866 2802 3120 2857 διάθοιτο.
3140 2802 3506 2870 Ἐπανηκότες
3532 2798 3625 2855 οὖν
3648 2805 3708 2866 ἐς
3737 2804 3808 2856 τά
3835 2807 4079 2874 σφέτερα

2516 2897 2613 2957 τὰς
2646 2894 2756 2948 τῶν
2784 2895 3017 2966 Θρᾳκῶν
3044 2898 3133 2948 καὶ
3155 2895 3483 2948 Μακεδόνων
3509 2894 3693 2956 πόλεις
3722 2898 4077 2964 διατριστῶσι,

2516 2988 2920 3057 συναιρομένων
2973 2988 3126 3054 σφίσι
3179 2987 3289 3037 τῶν
3335 2986 3578 3055 Βλάχων.
3635 2986 3878 3039 Πλεῖστοι
3940 2991 4078 3055 γοῦν

2514 3080 2762 3132 ἐντεῦθεν
2787 3080 2895 3131 τῶν
2918 3082 3016 3140 τὰς
3043 3078 3224 3140 πόλεις
3251 3078 3686 3145 διανειμαμένων
3736 3083 3980 3132 Λατίνων
4018 3086 4078 3142 ἐς

2511 3172 2641 3223 αὐτὸ
2667 3170 2994 3238 ζημιοῦνται
3024 3171 3083 3221 τὸ
3103 3168 3228 3237 ζῇν.
3258 3171 3307 3220 oi
3336 3170 3389 3221 δὲ
3426 3170 3661 3235 φυγάδες
3691 3172 3747 3230 ἐς
3778 3171 4075 3231 Βυζάντιον

2510 3261 2898 3323 ἐπανήκουσιν.
2963 3259 3123 3310 Ἀλλὰ
3149 3260 3242 3311 καὶ
3273 3260 3405 3310 οίὲν
3448 3260 3816 3329 Διδυμοτοίχῳ
3863 3262 4075 3329 διαχει-

2513 3352 2777 3421 ρίζονται,
2808 3353 2902 3402 καὶ
2925 3352 2973 3403 oi
3001 3352 3059 3402 ιν
3100 3351 3407 3420 Ὀρεστιάδι
3441 3353 3774 3420 μετανάσται
3804 3354 4075 3417 γίνονται.

2510 3444 2617 3494 Καὶ
2646 3441 2803 3493 τοῦτο
2828 3441 2889 3491 τὸ
2916 3440 3077 3508 ἔργον
3129 3442 3409 3509 ἐλευθεροῖ
3460 3443 3559 3511 μὲν
3596 3444 3692 3512 τὴν
3724 3444 3797 3495 ’ἐω
3828 3446 4077 3495 Λατίνων

2510 3531 2661 3600 παρὰ
2715 3533 2898 3583 πᾶσαν
2944 3531 3185 3599 δόκησιν,
3240 3532 3624 3601 ἐπανηκόντων
3683 3536 3761 3595 εὶς
3814 3536 3903 3584 τὴν
3934 3534 4075 3586 καθ’

2524 3622 2795 3692 Ἑσπέραν
2826 3623 3081 3690 πόλεμον,
3116 3624 3367 3692 ἐκκρούει
3394 3625 3447 3675 δὲ
3480 3623 3571 3675 τοῦ
3620 3625 3762 3691 ἄγαν
3791 3628 3885 3677 καὶ
3934 3628 4075 3695 πρὸς

2507 3714 2683 3785 βραχὺ
2740 3714 3134 3783 μετριόφρονας
3185 3713 3373 3782 τίθησι
3414 3715 3539 3774 τοὺς
3572 3716 3941 3783 κατασχόντας
3967 3718 4072 3785 τὴν

2518 3804 2746 3858 Ἐλλάδα
2794 3807 2888 3858 καὶ
2934 3806 3175 3866 Πέλοπος
3208 3805 3422 3872 ἔδαφος.
3456 3806 3568 3858 Καὶ
3602 3806 3689 3857 ἵνα
3721 3808 3841 3859 καθ’
3870 3809 4069 3876 εἱρμὸν

2502 3897 2581 3965 τῷ
2604 3898 2784 3965 λέγειν
2833 3897 3055 3967 δοίημεν
3081 3897 3251 3949 ὁπόσα
3298 3894 3510 3947 ἐνθένδε
3562 3896 3892 3964 ξυμϐέϐηκε,
3930 3899 4069 3951 Ῥω-

2506 3991 2654 4058 μαίοι
2680 3989 2781 4058 μὲν
2832 3991 2933 4058 τὴν
2967 3990 3024 4053 ἐξ
3062 3988 3348 4057 Ἀδριανοῦ
3403 3989 3502 4059 τὴν
3548 3988 3745 4058 κλῆσιν
3789 3990 4067 4059 λαχοῦσαν

2504 4080 2598 4131 καί
2651 4096 2714 4146 γε
2759 4079 2821 4131 τὸ
2868 4079 3252 4148 Διδυμότοιχον
3306 4078 3638 4149 κρατοῦντες
3681 4079 3822 4133 κατά
3874 4082 4065 4150 χώραν

2502 4174 2717 4243 ἔμενον,
2751 4175 2810 4226 οὐ
2841 4174 3044 4242 μικρὰν
3079 4171 3186 4223 ἀπὸ
3212 4169 3322 4223 τῶν
3358 4171 3582 4239 Βλάχων
3613 4170 3872 4237 σύναρσιν
3906 4172 4067 4241 ἔχον-

2500 4282 2607 4328 τεςο
2635 4268 2663 4317 ό
2689 4266 2744 4317 δέ
2776 4282 2838 4333 γε
2885 4266 3139 4333 Ἰωάννης
3186 4264 3284 4323 τὰς
3337 4264 3549 4324 οἰκείας
3579 4264 3763 4327 τάξεις
3789 4263 3883 4314 καὶ
3910 4266 3969 4316 τὸ
3998 4267 4067 4317 ἑκ

2506 4357 2727 4411 Σκυθῶν
2766 4355 3058 4424 ἐπίκουρον
3078 4355 3437 4421 ἑπαγόμενος,
3472 4352 3595 4422 μηδ’
3617 4352 3838 4421 ἀριθμῷ
3876 4355 4069 4421 σχεδὸν

831 4452 862 4503 ii
884 4463 979 4514 ιηι,
1008 4453 1225 4506 auxiliis
1257 4454 1423 4507 etiam
1466 4454 1532 4506 ad
1564 4469 1684 4507 eam
1736 4454 1990 4507 tuendam
2040 4453 2290 4507 adductis
2338 4463 2395 4509 et
2428 4457 2469 4511 ο
2498 4451 2528 4504 ὑ

2367 4463 2395 4508 ;ι
2428 4457 2469 4511 D
2498 4451 2818 4511 ὑποπίπτον,
2855 4448 3135 4515 λεληθέναι
3165 4446 3232 4496 τά
3253 4445 3422 4497 πολλὰ
3447 4448 3571 4506 τοὺς
3595 4447 3863 4508 Λατίνους
3889 4448 4066 4499 ὲτίθει

831 4545 884 4595 in
917 4543 1113 4596 muenia
1147 4544 1473 4596 distributis.
1505 4543 1970 4611 Cuntldiluaisset,
2001 4542 2161 4612 811
2193 4543 2395 4608 Latini,

832 4631 1104 4683 Romanos
1122 4646 1221 4685 nec
1237 4631 1411 4684 aciein
1446 4632 1741 4684 militarem
1772 4631 1975 4686 habere
2007 4649 2109 4686 nec
2147 4633 2253 4685 ulla
2282 4632 2398 4685 bel-

829 4722 932 4774 hca
963 4722 1246 4790 disciplina
1265 4723 1365 4786 uti,
1399 4732 1559 4790 atque
1581 4724 1718 4777 adeo
1746 4738 1847 4777 nec
1864 4725 1994 4777 satis
2012 4735 2247 4777 armatos
2278 4738 2397 4777 esse

827 4813 1232 4882 conSpicati,1ad
1262 4829 1497 4883 pugnam
1521 4829 1577 4866 se
1623 4825 1904 4883 pararunt,
1932 4815 2148 4882 longius
2169 4813 2396 4881 digressi

828 4904 1183 4959 animnibus.
1220 4898 1351 4958 Eam
1412 4905 1728 4959 Latinorum
1787 4907 2096 4960 cautionem
2159 4906 2392 4959 Romani

830 4996 1107 5050 timiditati
1140 4997 1466 5060 tribuentes,
1531 4998 1703 5066 portis
1731 4998 1887 5051 eﬂusi
1936 5007 1991 5051 et
2055 5008 2257 5052 temere
2309 4997 2386 5049 in-

830 5089 990 5149 vecti,
1024 5088 1185 5155 paulo
1219 5097 1342 5155 post
1371 5087 1428 5141 in
1477 5088 1658 5157 fugam
1722 5100 2023 5142 vertuntur.
2088 5088 2164 5141 Ac
2207 5103 2273 5142 eo
2304 5088 2392 5141 die

832 5182 1140 5235 miserabiic
1183 5190 1240 5234 et
1293 5190 1447 5234 atrox
1509 5180 1877 5249 spectaculum
1921 5179 2120 5232 editur.
2173 5178 2389 5231 Nemini

831 5276 1093 5342 parcitur,
1130 5272 1415 5327 caeduntur
1445 5287 1653 5337 omnes,
1713 5273 1969 5340 insepulti
2033 5273 2388 5341 abjiciuntur,

827 5367 1087 5436 sanguine
1109 5366 1414 5436 pinguescit
1437 5364 1654 5418 humus.
1687 5365 1811 5418 Hice
1836 5379 2141 5432 prmeursor
2171 5366 2389 5417 exerci-

2496 4543 2585 4595 διά
2617 4542 2872 4608 σπουδῆς.
2922 4539 3007 4600 Ὠς
3029 4538 3072 4590 δ’
3101 4534 3214 4607 εἶχε
3243 4540 3341 4603 τὴν
3370 4537 3477 4589 τῶν
3515 4538 3802 4605 Ῥωμαίων
3855 4541 4053 4590 ἑνωτι-

2498 4637 2733 4703 σάμενος
2757 4635 3121 4685 ἐπανάστασιν
3152 4633 3179 4683 ὃ
3208 4648 3262 4683 τε
3296 4631 3550 4698 βασιλεὺς
3612 4630 3927 4692 Βαλδουῖνος
3962 4633 4063 4683 καὶ

2497 4723 2531 4792 ἡ
2560 4723 2672 4773 τῶν
2702 4722 2879 4774 ἄλλων
2910 4721 3167 4790 ἀρχηγῶν
3206 4720 3428 4786 τριττὺς
3457 4721 3506 4786 (ό
3541 4718 3647 4784 γὰρ
3675 4719 3738 4785 δὴ
3764 4718 3943 4785 κόμης
3964 4720 4061 4771 τοῦ

2496 4813 2651 4881 ἁγίου
2709 4812 2919 4864 Παύλου
2970 4811 3291 4877 ἀπεγεγόνει
3348 4810 3580 4877 θανάτῳ,
3635 4810 3729 4860 καὶ
3789 4810 4063 4863 τέθαπται

2500 4905 2640 4958 κατὰ
2670 4906 2768 4970 τὴν
2802 4904 2968 4971 μονὴν
2996 4903 3104 4954 τῶν
3130 4901 3438 4968 Μαγγάνων
3468 4903 3522 4953 ἐν
3550 4900 3628 4969 τῷ
3657 4901 3757 4968 τῆς
3788 4900 4063 4969 σεδαστῆς

2496 4996 2596 5065 τῆς
2626 4994 2967 5061 Σκληραίνης
2994 4991 3286 5062 μνήματι),
3321 4994 3383 5043 ἐκ
3412 4993 3510 5061 μὲν
3544 4992 3639 5043 τοῦ
3672 4992 3869 5043 αὐτίκα
3902 4991 4060 5044 στέλ-

2497 5086 2650 5138 λεται
2684 5085 2911 5152 στρατιά
2942 5086 3040 5142 τάς
3086 5083 3269 5145 πόλεις
3301 5081 3733 5150 μετελευσομένη
3783 5084 3879 5144 τὰς
3913 5084 4057 5135 ἀπο-

2498 5176 2719 5236 στάσας.
2746 5174 2912 5245 Βιζύη
2943 5173 3039 5242 μὲν
3069 5168 3159 5225 οὖν
3199 5175 3291 5224 καὶ
3318 5171 3648 5239 Τζουρουλὸς
3678 5170 4056 5240 ἐπανήλθοσαν

2496 5271 2589 5321 καὶ
2611 5270 2686 5330 ὡς
2711 5266 2899 5337 πρώην
2930 5266 3265 5316 ὐπέκυπτονο
3288 5263 3385 5332 τὴν
3442 5263 3499 5313 δὲ
3541 5262 3893 5315 πλισθείσαν
3926 5264 4058 5334 ’Δρ-

2497 5364 2667 5431 καδίῳ
2700 5361 2811 5431 (70)
2870 5359 3199 5412 κενωθεὶσαν
3256 5351 3414 5425 εὖρον
3466 5355 3561 5408 τοῦ
3592 5359 3650 5407 ὲν
3691 5354 3907 5423 πλούτῳ
3958 5356 4061 5411 καὶ

2093 5485 2264 5544 Hier.
2317 5487 2517 5549 Wolﬁi
2564 5493 2754 5547 notm.

899 5616 1009 5684 (70)
1048 5616 1167 5679 Τὴν
1194 5615 1259 5666 δὲ
1286 5614 1685 5668 πολισθεῒσαν
1724 5610 2021 5684 Ἀρκαδίῳ.
2046 5610 2123 5663 Ex
2153 5610 2238 5684 liis
2271 5628 2390 5684 rep

830 5681 915 5739 bis
962 5681 1072 5738 non
1111 5686 1243 5739 satis
1277 5686 1599 5754 intelligitur
1627 5694 1808 5736 utrum
1840 5682 2014 5734 Latini
2046 5681 2387 5754 andlioniani

833 5756 1230 5810 Arcadionolim
1267 5750 1562 5809 tenuerint.
1612 5754 1868 5810 Vetustas
1912 5754 2079 5806 codex
2115 5750 2198 5820 (B)
2230 5753 2387 5817 μόνον

2496 5613 2553 5683 δὲ
2578 5640 2648 5650 --
2683 5610 2983 5683 φυλάττειν
3000 5608 3150 5660 αὑτό.
3184 5606 3320 5660 Hinc
3347 5616 3573 5683 apparet
3597 5604 3993 5683 Arcadiopolitn
4023 5620 4057 5660 ι

2497 5675 2759 5734 Romanis
2797 5680 2964 5733 fuisse
2991 5689 3332 5747 occupatam,
3371 5688 3493 5726 cum
3525 5675 3682 5728 alteri
3718 5676 4057 5729 contrarium

2496 5753 2673 5805 dicere
2707 5750 3011 5803 vidcantur.
