4302 6370
209 435 342 497 1005

205 549 450 604 Λατίνων
482 542 834 612 κεχείρωται·
862 537 926 604 τῇ
957 533 1011 585 δὲ
1042 524 1504 592 πεντεκαιδεκάτῃ
1545 519 1637 572 τοῦ
1673 514 1770 568 αύ-

208 639 304 692 τοῦ
347 637 543 707 μηνὸς,
597 633 697 700 τῆς
757 629 951 696 ὀγδόης
1013 621 1367 680 ἰνδικτιῶνος,
1426 614 1531 668 ὖπδ
1560 609 1778 663 Σκυθῶν

209 732 428 781 Λατῖνοι
481 721 993 792 κατηγωνίσθησαν.
1057 713 1218 765 Ἀλλὰ
1296 711 1420 761 τίνα
1452 705 1517 757 τὰ
1561 703 1776 770 ἐφεξῆς

213 821 372 888 ἐτέρα
407 817 602 888 μάστιξ
639 814 947 865 στιλὸοὖται
990 807 1298 874 Ῥωμαίοις,
1339 798 1667 869 βαρύστονός
1699 810 1781 852 τις

213 887 316 964 καί
338 887 771 975 πολυσύμφορος,
805 905 860 955 Ὀ
895 901 1002 969 γὰρ
1063 898 1249 956 Μυσὸς
1282 892 1557 959 Ἰωάννης,
1591 887 1784 956 ἐχθρὸς

215 1003 334 1070 ἅμα
365 998 458 1050 καὶ
490 991 1096 1065 ἐκδικητὴςῬωμαίοις
1135 983 1508 1052 δεικνύμενος,
1536 977 1785 1030 ἐκδίδωσι

216 1095 329 1153 τοῖς
364 1089 600 1149 Σκύθαις
630 1092 710 1149 είς
742 1083 1020 1154 προνομὴν
1051 1083 1173 1132 ὅσαι
1204 1075 1548 1144 κωμοπόλεις
1575 1069 1651 1136 τῷ
1686 1069 1787 1118 Βυ-

218 1182 423 1252 ζαντίῳ
461 1183 780 1249 ἐγγίζουσαι
824 1192 1018 1245 φόνους
1039 1174 1153 1233 τοῖς
1186 1171 1434 1230 Λατίνοις
1476 1165 1785 1231 εἰσέφερον.

222 1276 330 1326 Καὶ
354 1270 420 1344 ἦν
451 1275 578 1325 ίδεῖν
611 1270 941 1339 ὰλλότροπόν
975 1283 1026 1316 τι
1066 1265 1233 1316 κακδν
1272 1264 1363 1314 καὶ
1395 1258 1666 1326 ἀσύνηθες
1698 1257 1791 1306 καὶ

222 1369 402 1419 πᾶσαν
430 1367 728 1432 ὑπερπαῐον
755 1361 1066 1429 θεοκίνητον
1129 1359 1386 1426 μάστιγα.
1424 1353 1534 1420 Τὴν
1564 1353 1673 1420 γὰρ
1697 1351 1792 1403 αὐ-

219 1460 318 1526 τὴν
349 1458 452 1524 γῆν
488 1461 578 1509 καί
610 1457 664 1507 τδ
698 1453 830 1505 αὐτὸ
880 1452 1030 1512 ἔθνος
1090 1448 1280 1518 ἐδῄουν
1328 1447 1457 1514 γένη
1504 1444 1675 1506 διττὰ,
1716 1445 1788 1511 πῇ

224 1548 323 1614 μὲν
354 1548 624 1615 ἑκάτερα,
659 1548 732 1612 πῇ
764 1545 817 1596 δέ
854 1543 1076 1610 θάτερον
1104 1540 1251 1607 παρὰ
1283 1537 1507 1604 θάτερον
1552 1533 1795 1586 ἐπεισπί-

223 1653 444 1689 πτοντα.
467 1634 669 1686 Σκύθαι
706 1650 762 1685 τε
796 1634 903 1701 γὰρ
936 1634 1000 1684 τὰ
1025 1633 1080 1682 ἐν
1113 1629 1270 1679 ποσὶν
1305 1627 1547 1688 ἐπιόντες
1580 1625 1792 1693 ἔκειρον

222 1729 315 1776 καί
340 1741 488 1784 τινας
543 1724 646 1775 τῶν
700 1723 887 1774 κάλλει
917 1718 1234 1785 διαπρεπῶν
1269 1716 1626 1786 αἰχμαλώτων
1655 1713 1793 1782 μετὰ

227 1816 572 1883 μαστίγωσιν
597 1817 708 1875 τοῖς
737 1813 942 1864 ἑαυτῶν
974 1811 1246 1862 ὲπὲθυσαν
1277 1810 1522 1877 δαίμοσιν
1557 1803 1797 1872 ἀναρτή-

227 1921 442 1968 οαντες,
495 1907 590 1958 καὶ
650 1907 870 1958 Λατῖνοι
930 1907 994 1970 τῇ
1025 1904 1164 1955 κατα
1223 1901 1370 1968 σφῶν
1436 1897 1801 1948 ἐπαναστάσει

239 1996 530 2064 Ῥωμαῖων
553 1999 643 2048 καὶ
674 1996 751 2064 τῷ
799 1996 934 2063 πρὸς
969 1994 1192 2046 Σκυθῶν
1223 1988 1522 2060 ἡττηθῆναι
1545 1987 1795 2056 διαπριό-

228 2104 382 2156 μενοι
445 2089 527 2158 ΙΡ.
572 2086 700 2156 398]
758 2087 911 2137 οὐδὲν
971 2087 1191 2137 ἔλαττον
1239 2081 1546 2148 Ῥωμαίους
1592 2078 1796 2147 ἐδῄουν.

227 2179 414 2239 Οὐδεὶς
439 2179 612 2231 τοίνυν
641 2179 802 2239 τόπος
834 2179 1017 2240 σώζων
1048 2174 1112 2244 ἦν
1137 2177 1225 2225 καὶ
1245 2173 1626 2242 λυτρούμενος,
1649 2171 1803 2239 ignei-

233 2284 324 2338 ρου
358 2270 457 2336 μὲν
477 2268 658 2320 κακῶν
681 2271 920 2337 ἁπεῗρων
949 2265 1255 2334 πληθούσης
1289 2266 1376 2315 καὶ
1413 2265 1516 2314 τῶν
1545 2261 1804 2328 ὀλεθρίων

227 2358 395 2427 οὔσης
437 2361 852 2431 όλεθριωτὲρας,
902 2358 1239 2428 μονοκτόρων
1295 2358 1348 2408 δὲ
1398 2357 1623 2422 σκαφῶν
1675 2353 1797 2405 καθ’

238 2451 343 2503 ἆλα
367 2453 768 2518 περιπλεόντων
817 2450 1106 2502 Λατινικοῦ
1140 2449 1539 2515 συντάγματος,
1573 2445 1802 2515 λῃστείᾳ

231 2556 289 2590 τε
323 2549 417 2591 καὶ
450 2541 735 2609 πειρατείᾳ
769 2541 953 2601 κακῶς
982 2539 1239 2591 τιθέντων
1270 2539 1329 2589 τὸ
1364 2536 1581 2590 ὁθενοῦν
1606 2535 1804 2603 ἅναγό-

235 2645 414 2698 μενον.
435 2632 489 2681 '0
513 2631 566 2681 δὲ
611 2631 858 2697 Ἰωάννης
886 2633 1007 2691 ταῖς
1053 2630 1119 2697 Θρ
1134 2631 1315 2699 ᾳκίαις
1351 2630 1426 2698 μὴ
1469 2629 1805 2699 ἐμϐραδύνας

234 2723 452 2773 πόλεσιν
477 2723 531 2782 ἐς
561 2721 961 2789 Θεσσαλονίκην
990 2722 1292 2789 ῖεται,πρδς
1320 2725 1379 2772 τ’»
1410 2721 1596 2772 δοκοῦν
1615 2723 1807 2790 ἐκείνῳ

230 2808 303 2859 τὰ
327 2810 499 2860 ἐκεῖσε
525 2807 998 2873 καταστησόμενος
1031 2805 1356 2876 πράγματα,
1417 2806 1507 2858 καὶ
1557 2808 1654 2866 τὰς
1707 2808 1805 2858 πό-

237 2899 350 2959 λεις
400 2900 726 2963 ἀποστήσων
757 2894 867 2946 τῶν
894 2898 1140 2950 Λατίνων
1169 2899 1262 2949 καὶ
1286 2898 1645 2967 μεθαρμόσων
1674 2899 1808 2966 πρὸς

233 2987 454 3041 ἑαυτόν.
523 2990 732 3040 υὺκουν
787 2990 1093 3057 ἀφιγμένος
1150 2991 1225 3050 είς
1288 2990 1499 3060 Σέρρας
1527 2991 1667 3055 μετὰ
1697 2988 1805 3041 τῶν

236 3080 418 3131 ἐκεῖσε
449 3078 695 3130 Λατίνων
759 3081 1098 3150 συρρήγνυσι
1151 3081 1409 3148 πόλεμον,
1448 3082 1541 3132 καὶ
1575 3080 1695 3149 μεθ’
1724 3082 1808 3131 σί-

241 3168 429 3236 μάτων
464 3169 677 3238 ρεύσεις
711 3173 908 3232 πολλάς
961 3171 1054 3222 καὶ
1108 3171 1311 3222 τούτων
1338 3171 1565 3239 νικητὴς
1599 3171 1809 3222 ἀναδεί-

238 3275 453 3310 κνυται.
482 3261 543 3310 ΟΞ
577 3261 683 3329 γὰρ
706 3261 922 3311 Λατῖνοι
947 3260 1034 3328 ,τῷ
1069 3260 1314 3328 σφετέρῳ
1347 3276 1404 3310 τε
1441 3261 1657 3330 ἀκριϐεῖ
1675 3261 1809 3330 πρδς

238 3350 338 3410 τὰς
396 3349 574 3417 μάχας
631 3353 724 3402 καὶ
777 3351 852 3420 τῷ
903 3354 999 3419 τῆς
1074 3353 1414 3419 αὑτεμϐολῆς
1465 3352 1667 3421 ἑτοίμῳ
1721 3353 1810 3404 τὸν

255 3439 508 3506 Ἰωάννην
539 3441 821 3510 δεξάμενοι
843 3443 1071 3504 πολλοὺς
1087 3443 1192 3496 τῶν
1221 3443 1312 3494 ὑπ’
1337 3445 1500 3495 αὐτὸν
1536 3446 1814 3513 κατέτρω-

243 3540 341 3576 σαν
365 3542 380 3556 ·
417 3527 534 3595 μετ’
564 3531 622 3580 οὑ
653 3530 784 3581 πολὺ
819 3531 874 3582 δὲ
903 3531 1132 3601 ἡττηθὲν
1161 3532 1222 3583 τὸ
1244 3533 1531 3585 Λατινικὸν
1556 3535 1648 3585 καὶ
1674 3533 1810 3602 πρὸς

242 3616 340 3684 τὴν
370 3618 520 3668 πόλιν
543 3620 642 3680 τὰς
661 3621 871 3690 Σέρῤας
893 3623 1237 3688 τραπόμενον
1269 3624 1364 3673 οὐκ
1391 3622 1529 3692 Equ
1561 3624 1802 3690 συγκλεῖ-

244 3721 335 3757 σαι
363 3708 457 3767 τὰς
487 3708 714 3777 Σέρῤας,
775 3711 865 3762 καὶ
892 3711 1022 3762 εἴσω
1055 3712 1164 3763 τῶν
1191 3715 1498 3781 ητειχισμῶν
1529 3715 1812 3765 συνεισπί-

245 3817 470 3852 πτουσιν
494 3805 540 3853 οί
576 3803 682 3855 τῶν
718 3803 1028 3872 φευγόντων
1050 3806 1227 3856 ὀπίσω
1260 3807 1554 3876 φερόμενοι
1618 3807 1813 3875 Βλάχοι

242 3906 301 3940 τε
335 3892 428 3942 καὶ
473 3893 752 3958 Ῥωμαῖοι.
789 3895 896 3946 Καὶ
933 3894 1103 3956 οὕτως
1130 3896 1162 3962 ἠ
1198 3896 1353 3955 πόλις
1389 3897 1588 3964 εἴχετο.
1622 3893 1812 3965 Εἷταὴ

251 3984 350 4051 μὲν
380 3978 447 4040 ἦν
480 3985 537 4034 ἑν
573 3986 704 4052 πυρὶ
729 3985 823 4036 καὶ
854 3989 920 4054 τῇ
952 3987 1060 4037 τῶν
1091 3988 1284 4054 τειχῶν
1317 3987 1658 4058 καθαιρέσει,
1681 3989 1739 4039 τὸ
1758 3989 1814 4041 δὲ

247 4073 550 4145 συλληφθὲν
577 4075 634 4126 ἐν
663 4075 988 4142 άπαγωγαῖς
1013 4077 1106 4126 καὶ
1135 4075 1375 4144 δεσμοῖς.
1413 4077 1518 4128 Τοῦ
1562 4076 1618 4128 δέ
1647 4079 1814 4130 Λατιο

247 4165 400 4216 νικοῦ
454 4165 864 4234 στρατεύματος
915 4167 1108 4218 ὁπόσον
1171 4171 1246 4236 μη
1279 4168 1422 4219 κατὰ
1449 4168 1539 4218 τὸν
1579 4169 1814 4237 πόλεμον

244 4258 566 4322 ἀπεγένετο,
598 4257 625 4309 ὃ
661 4260 758 4328 μὲν
787 4259 856 4321 ὡ,
891 4261 1148 4322 ἑκάστοις
1181 4260 1495 4329 προυχώρει
1550 4261 1811 4326 σέσωστο,

245 4347 273 4398 ὃ
299 4346 354 4397 δὲ
383 4347 477 4414 τῆς
509 4348 680 4416 ἄκρας
711 4350 1006 4416 λαϐόμενον
1029 4350 1174 4402 ἔνδον
1200 4354 1452 4419 ἐπέμενε.
1484 4351 1560 4421 Τῇ
1589 4352 1816 4414 δ’,ὑττε-

248 4440 380 4506 ραίᾳ
407 4439 707 4507 περιελθὼν
735 4441 834 4508 τὴν
862 4441 1037 4509 ἄκραν
1072 4444 1099 4494 ὁ
1142 4441 1392 4512 Ἰωάννης
1427 4445 1538 4505 τοῖς
1565 4446 1618 4505 ἐς
1642 4445 1811 4514 αὐτὴν

249 4528 594 4598 ξυμφυγοὺσι
647 4531 898 4593 Λατίνοις
950 4533 1286 4599 παραδοῦναί
1318 4534 1366 4584 οί
1404 4533 1462 4584 τὸ
1489 4534 1686 4602 χωρίον
1717 4538 1812 4587 καὶ

1565 399 1768 466 URBS
1808 393 2066 454 CAPTA.

1801 518 1848 574 Α
1875 517 1929 561 et
1961 504 2284 558 inusitatum
2362 499 2588 564 malum,
2619 498 2760 567 quod
2795 510 2958 549 omne
3006 492 3272 547 divinitus
3315 488 3460 545 infli-

3313 374 3447 437 1006

1888 607 2035 651 ctum
2085 592 2416 660 supplicium
2475 599 2716 657 superat,
2777 599 2897 642 erat
2952 601 3202 640 cornere.
3231 583 3459 637 Terram

1888 686 2160 746 eamdem,
2187 684 2436 736 eamdem
2469 690 2686 751 gentem
2726 680 2837 732 bini
2887 678 3069 747 populi
3103 675 3459 734 infestabant,

1891 778 2027 831 alias
2061 777 2298 843 utrique,
2327 775 2462 826 alias
2495 773 2728 825 alternis
2759 772 3050 822 irruentes.
3083 769 3215 822 Nam
3239 777 3294 821 et
3330 764 3464 834 Scy-

1893 873 1997 924 thae
2021 870 2175 921 obvia
2201 881 2430 936 qumque
2455 865 2760 926 vastabant,
2791 861 2956 930 816
2981 869 3034 912 et
3055 861 3261 927 aliquot
3288 859 3463 911 forma

1893 962 2221 1015 excellentes
2252 961 2503 1025 captivos
2540 965 2662 1024 post
2692 955 2857 1021 ﬂagra
2889 965 3188 1020 suspensos
3216 950 3328 1003 suis
3353 950 3464 1001 da:-

1897 1049 2150 1102 monibus
2192 1044 2578 1104 immolabant;
2609 1051 2662 1095 et
2707 1041 2880 1094 Latini
2912 1041 3285 1094 Romanorum
3319 1037 3466 1090 defe-

1896 1142 2073 1195 ctione
2099 1150 2153 1193 et
2173 1137 2497 1207 Scytharum
2524 1133 2590 1186 de
2613 1149 2669 1185 se
2694 1133 2919 1186 victoria
2949 1130 3270 1185 inﬂammati
3292 1129 3467 1183 nihilo

1898 1233 2081 1287 secius
2119 1232 2172 1284 in
2205 1236 2424 1282 nostros
2456 1225 2601 1278 ferro
2635 1232 2688 1277 et
2734 1224 2842 1293 igni
2895 1227 3306 1292 grassabantur.
3354 1222 3466 1276 Nec

1900 1321 2041 1373 ullus
2080 1322 2227 1372 locus
2269 1324 2389 1370 erat
2424 1316 2515 1383 qui
2554 1313 2818 1366 auxilium
2873 1321 2928 1364 et
2979 1313 3211 1366 salutem
3267 1314 3467 1368 afferre.

1897 1420 2105 1479 posset,
2138 1423 2262 1462 cum
2297 1416 2440 1460 terra
2487 1405 2776 1459 continens
2809 1405 2966 1457 malis
3003 1404 3234 1458 infinitis
3269 1405 3470 1458 redun-

1901 1500 2077 1560 daret,
2107 1499 2223 1566 ipsa
2248 1494 2490 1564 pernicie
2524 1493 2919 1562 perniciosior;
2957 1502 3009 1545 et
3039 1491 3357 1546 Latinorum
3393 1494 3472 1560 pi-

1903 1594 2085 1646 ratieae
2124 1604 2290 1643 naves
2331 1603 2478 1641 mare
2526 1594 2903 1654 pervagantes,
2933 1584 3196 1653 quidquid
3231 1611 3260 1640 υ
3309 1594 3471 1654 portu

1905 1683 2268 1750 unde-cunque
2304 1681 2566 1740 solveret,
2601 1676 2743 1728 male
2782 1684 3100 1728 tractarent.
3138 1677 3206 1728 At
3230 1677 3468 1731 Joannes

1905 1777 2156 1831 Thraciis
2209 1774 2440 1826 urbibus
2485 1785 2595 1823 non
2644 1771 2967 1821 immoratus
3023 1768 3470 1824 Thessalonicam

1839 1876 1876 1930 Β
1905 1876 2178 1938 properat,
2218 1872 2276 1916 ut
2309 1877 2408 1916 suo
2457 1861 2732 1914 arbitratu
2770 1859 3109 1928 provinciam
3154 1861 3299 1913 illam
3343 1877 3474 1914 con-

1904 1961 2153 2014 stitueret
2185 1966 2240 2009 et
2270 1955 2435 2008 urbes
2463 1969 2490 2005 a
2529 1952 2738 2006 Latinis
2766 1953 2985 2004 avulsas
3010 1952 3113 2005 sibi
3143 1953 3468 2008 vindicaret.

1905 2051 2070 2120 Igitur
2095 2049 2283 2101 Serras
2332 2047 2610 2113 prolectus
2654 2058 2779 2096 cum
2829 2043 3040 2096 Latinis
3067 2045 3160 2111 qui
3211 2045 3283 2098 ibi
3313 2057 3472 2100 erant

1906 2152 2143 2208 pugnam
2183 2135 2496 2196 committit,
2553 2141 2606 2185 et
2651 2146 2746 2186 eos
2800 2147 3037 2200 quoque,
3089 2133 3186 2186 sed
3243 2147 3472 2190 cruenta

1903 2228 2152 2288 victoria,
2191 2235 2439 2295 superat;
2478 2238 2599 2276 nam
2627 2223 2804 2277 Latini
2836 2233 2891 2278 et
2921 2225 3209 2294 disciplina
3246 2228 3470 2282 militari

1904 2322 2028 2376 freti
2057 2333 2110 2376 et
2138 2320 2331 2376 Joanni
2359 2319 2577 2372 fortiter
2607 2317 2822 2370 obviam
2864 2318 3069 2385 egressi
3117 2320 3320 2374 multos
3355 2323 3473 2391 ejus

1907 2413 2110 2467 milites
2151 2411 2492 2466 ceciderunt.
2524 2407 2630 2461 Sed
2675 2422 2782 2459 non
2829 2407 3001 2458 multo
3035 2417 3154 2471 post
3185 2423 3308 2462 cum
3340 2412 3470 2464 victi

1904 2513 1957 2558 et
2006 2504 2072 2557 ad
2125 2505 2314 2555 urbem
2372 2497 2564 2551 Serras
2618 2495 2870 2550 conversi
2923 2508 3130 2561 essent,
3178 2507 3471 2568 antequam

1905 2603 2090 2665 portas
2123 2591 2464 2652 clauderent,
2495 2588 2676 2642 Blaehi
2705 2597 2759 2641 et
2793 2587 3045 2651 Romani,
3080 2590 3171 2656 qui
3213 2590 3472 2658 fugienti—

1908 2688 2011 2741 bus
2043 2684 2336 2747 instabant,
2379 2696 2484 2734 una
2537 2683 2878 2747 irruperunt.
2919 2678 3058 2732 Urbs
3106 2680 3177 2733 ita
3228 2691 3385 2748 capta
3424 2692 3480 2736 et

1909 2780 2128 2833 incensa
2149 2785 2232 2829 est
2253 2783 2308 2828 et
2329 2772 2528 2827 mania
2548 2771 2750 2834 diruta;
2775 2770 2866 2839 qui
2891 2771 3270 2839 comprehensi
3291 2772 3443 2826 fuere
3459 2810 3476 2837 ,

1909 2869 2128 2924 abducti
2160 2877 2216 2921 et
2257 2865 2419 2935 817
2462 2863 2653 2917 vineti.
2697 2864 2771 2915 Ex
2816 2862 2993 2916 Latini
3027 2862 3305 2917 exercitus
3349 2866 3479 2917 reli-

1910 2959 2052 3028 quiis
2084 2957 2199 3018 alii,
2236 2967 2294 3008 ut
2327 2954 2560 3022 quisque
2598 2952 2796 3020 potuit,
2827 2951 2987 3004 saluti
3026 2966 3138 3005 sua:
3182 2953 3478 3007 consulue-

1915 3054 2064 3109 runt,
2098 3044 2190 3098 alii
2222 3057 2405 3095 areem
2435 3048 2798 3108 occuparunt.
2835 3039 3006 3103 Quam
3054 3040 3319 3107 postridie
3365 3042 3479 3096 cir-

1912 3138 2158 3190 cumiens
2185 3134 2424 3187 Joannes
2454 3130 2684 3192 Latinis,
2713 3129 2754 3182 si
2806 3145 2926 3183 eam
2956 3129 3241 3194 dederent,
3271 3132 3459 3186 incolo

1914 3230 2159 3281 mitatem
2181 3222 2450 3293 promisit.
2474 3221 2714 3286 Quicum
2743 3221 3077 3274 marehionis
3103 3222 3228 3276 freti
3259 3225 3482 3279 auxiliis

1918 3333 2039 3372 eam
2066 3313 2494 3384 postulationem
2521 3319 2976 3378 aspernarentur,
3024 3313 3199 3365 scalas
3225 3324 3400 3380 parat,
3430 3326 3480 3368 et.

1916 3411 1971 3461 in
2003 3406 2212 3460 tumulo
2237 3402 2473 3471 quodam
2493 3416 2523 3453 e
2544 3403 2765 3468 regione
2795 3401 2937 3454 arcis
2970 3402 3219 3454 machina
3249 3418 3485 3458 maxuma

1915 3499 2178 3553 collocata
2215 3495 2415 3548 muenia
2447 3492 2589 3545 ferit.
2620 3491 2799 3544 Latini
2824 3507 2954 3546 vero
2984 3493 3324 3560 depromptis
3371 3509 3487 3546 om-

1917 3592 2080 3644 nibus
2106 3589 2172 3641 iis
2201 3601 2321 3655 qua:
2345 3585 2410 3637 ad
2442 3583 2815 3636 defensionem
2847 3584 2968 3636 usui
2996 3595 3178 3637 essent
3209 3581 3483 3653 repugna-

1915 3683 2070 3743 bant,
2114 3679 2290 3732 doncc
2342 3677 2609 3730 Joannem
2661 3690 2817 3727 muro
2860 3676 3008 3727 velut
3063 3675 3170 3742 igni
3229 3687 3285 3728 et
3335 3675 3484 3728 omni

1915 3773 2160 3826 exercitu
2201 3777 2364 3821 totam
2392 3781 2573 3820 arcem
2594 3765 3026 3819 circumdedisse
3060 3774 3114 3817 et
3140 3781 3355 3820 omnem
3381 3769 3486 3820 sibi

1914 3864 2120 3918 exitum
2151 3860 2523 3914 interclusisse
2555 3858 2832 3922 viderunt,
2885 3865 2944 3910 ut
2993 3873 3092 3911 nec
3142 3859 3306 3924 pedes
3343 3842 3487 3916 ullus

1913 3957 2051 4010 clam
2083 3954 2150 4007 ad
2187 3952 2561 4004 marehionem
2597 3949 2889 4017 pervenire
2916 3957 3121 4015 posset.
3169 3950 3306 4002 Tum
3353 3966 3483 4003 vero

1915 4065 1978 4103 ea
2018 4047 2335 4100 conditione
2371 4042 2708 4096 deditionem
2741 4039 2921 4093 facere
2952 4042 3264 4106 voluerunt,
3299 4042 3341 4095 si
3375 4043 3481 4096 sibi

1919 4155 2041 4194 cum
2073 4139 2240 4190 armis
2265 4146 2319 4190 et
2349 4136 2505 4203 equis
2546 4143 2664 4186 tuto
2707 4131 2992 4184 discedere
3044 4132 3256 4185 liceret.
3311 4133 3482 4198 Quam

1919 4233 2010 4285 illo
2032 4244 2256 4299 prorsus
2278 4225 2620 4294 repudiante,
2644 4223 2922 4292 postulant
2946 4221 3112 4276 duces
3131 4224 3234 4276 sibi
3260 4224 3484 4276 domum

1922 4325 2224 4377 reversuris
2256 4317 2482 4372 attribui
2517 4331 2688 4386 usque
2744 4315 2810 4368 ad
2873 4315 3168 4370 Pannonize
3202 4318 3355 4371 fines.
3397 4319 3490 4371 Sic

1919 4414 2126 4470 fmdere
2159 4413 2266 4464 icto
2302 4410 2390 4464 ille
2435 4423 2615 4462 arcem
2651 4408 2964 4475 occupavit,
3019 4408 3074 4460 hi
3115 4410 3254 4462 citra
3292 4410 3487 4464 discri-

1839 4488 1892 4545 D
1922 4523 2045 4562 men
2077 4504 2331 4558 abierunt

249 4623 517 4684 σώζεσθαι
544 4625 1020 4693 διακηρυκεύεται.
1080 4627 1230 4678 υἱδέ
1301 4627 1454 4678 οὐδὲν
1516 4629 1778 4698 ἐφρόνουν
1845 4630 2144 4696 ἐνδόσιμον.
2201 4619 2300 4689 τὴν
2356 4617 2463 4670 ἀπὸ
2546 4615 2638 4668 τοῦ
2704 4613 3003 4684 μαρκεσίου
3055 4616 3482 4685 καραδοκοῦντες

251 4718 528 4772 σύναοσιν.
564 4723 673 4773 Καὶ
722 4725 777 4773 ἐν
809 4721 983 4790 τούτῳ
1015 4721 1288 4790 κλίμακας
1313 4725 1340 4774 ό
1384 4723 1634 4789 Ἰωάννης
1667 4725 1986 4794 ηὑτρέπισε,
2038 4721 2128 4773 καὶ
2163 4717 2301 4769 κατὰ
2336 4715 2498 4781 λόφον
2529 4710 2909 4776 ἀντικείμενον
2941 4712 3007 4778 τῇ
3037 4711 3182 4780 ἄκρα
3214 4712 3483 4780 μεγίστην

246 4810 550 4879 ἐπιστήσας
579 4809 821 4861 ἑλέπολιν
850 4811 918 4861 τά
954 4809 1105 4878 τείχη
1149 4811 1404 4863 ἔτυπτεν.
1457 4813 1517 4862 υἱ
1551 4811 1595 4861 δ’
1627 4815 1718 4862 ἐπὶ
1751 4813 1849 4879 τῆς
1891 4814 2064 4879 ἄκρας
2088 4807 2256 4859 ὁπόσα
2310 4803 2417 4853 τῶν
2466 4800 2662 4868 τειχῶν
2694 4797 3004 4866 άμυντήρια
3036 4800 3484 4865 προπετάσαντες

251 4898 348 4948 καὶ
373 4899 818 4965 προεκτείναντες
869 4901 1133 4967 ἑπέμενον
1189 4897 1596 4968 ἁνθιστάμενοι.
1669 4899 1821 4951 Ἑπεὶ
1851 4899 1907 4952 δὲ
1936 4897 2219 4950 θεάσαιντο
2264 4890 2354 4941 τὸν
2399 4890 2653 4954 Ἰωάννην
2697 4885 2773 4946 ὡς
2809 4886 2866 4934 ὲν
2920 4884 3053 4952 πυρὶ
3083 4887 3349 4954 τειχισμῷ
3381 4892 3481 4957 τὴν

250 4985 426 5051 ἄκραν
456 4986 762 5054 διειληφότα
790 4992 954 5038 παντὶ
980 4987 1055 5055 τῷ
1102 4989 1467 5055 στρατεύματι
1508 4989 1600 5039 καὶ
1653 4991 1834 5039 πᾶσαν
1890 4978 2288 5038 ἀποκλείσαντά
2340 4992 2490 5041 σφισι
2528 4974 2760 5042 πάροδον
2783 4972 2859 5032 ὡς
2896 4972 3032 5039 μηδὲ
3062 4977 3188 5025 ποσὶ
3214 4974 3482 5028 δύνασθαί

251 5087 376 5123 τινα
407 5072 600 5138 κλέψαι
628 5076 724 5142 τὴν
758 5078 836 5138 είς
861 5077 949 5127 τὸν
980 5077 1275 5146 μαρκέσιον
1306 5075 1509 5144 ἄφιξιν,
1539 5074 1781 5135 ἐνδοῦναί
1816 5076 1864 5127 οἱ
1897 5076 1994 5142 τὴν
2027 5073 2199 5140 ἄκραν
2225 5065 2438 5136 ἣθελον,
2472 5063 2524 5114 εἴ
2556 5080 2706 5130 σφισι
2736 5066 3015 5118 σπένδοιτο
3043 5067 3136 5118 καὶ
3166 5067 3478 5133 συγχωροίη

253 5156 353 5224 τὴν
410 5157 586 5221 ἐξςιδον
629 5161 875 5223 ἀπαθῶς,
901 5162 976 5223 ὠς
1008 5163 1188 5216 ὃπλων
1243 5165 1334 5215 καὶ
1399 5165 1506 5215 τῶν
1545 5164 1726 5214 ἵππων
1783 5162 1982 5231 ἔχουσι.
2031 5160 2138 5214 Τοῦ
2180 5158 2234 5210 δὲ
2279 5156 2402 5224 μηδ’
2433 5154 2623 5222 ἄκροις
2674 5153 2773 5205 ὠσὶ
2801 5154 2898 5216 τὰς
2924 5155 3016 5207 ἐπὶ
3046 5161 3164 5217 ταῖς
3187 5154 3480 5221 συνθήκαις

253 5245 482 5309 ταύταις
513 5249 956 5318 παραδεξαμένου
989 5253 1240 5316 σπονδὰς,
1277 5252 1550 5305 αίτοίνται
1574 5252 1672 5321 τὴν
1697 5254 1774 5313 εἰς
1797 5253 1864 5302 τά
1896 5251 2129 5318 σφέτερα
2159 5248 2260 5314 ἢθη
2322 5241 2436 5311 μεθ’
2469 5241 2751 5309 ἡγεμόνων
2797 5239 2917 5294 όδοῦ
2957 5241 3119 5312 μέχρι
3171 5241 3277 5294 τῶν
3311 5242 3477 5292 Παιο-

257 5334 425 5386 νικῶν
453 5335 617 5402 ὁρίων
643 5336 981 5405 ἀπόπεμψιν.
1011 5339 1118 5390 Καὶ
1162 5339 1235 5401 ὡς
1265 5340 1589 5410 προῦϐησαν
1640 5341 1732 5391 ἐπὶ
1768 5339 1971 5401 τούτοις
2002 5339 2181 5407 ὅρκια,
2214 5335 2239 5383 ό
2292 5330 2391 5400 μὲν
2448 5325 2560 5397 εἶχε
2585 5328 2680 5397 τὴν
2706 5329 2902 5398 ἄκραν,
2931 5329 2978 5380 oi
3013 5329 3057 5380 δ’
3082 5328 3358 5381 ἀκίνδυνον
3380 5329 3480 5396 τὴν

258 5423 552 5487 ἐξέλευσιν.

348 5519 486 5571 Ἀλλ’
535 5513 622 5573 οἷα
673 5520 766 5572 καὶ
811 5521 877 5571 τὰ
907 5521 1046 5572 κατὰ
1105 5534 1193 5571 τον
1245 5518 1488 5587 ἡγεμόνα
1524 5519 1673 5586 σφῶν
1728 5518 1822 5569 τὸν

266 5614 602 5684 μαρκὲσιον;
628 5613 806 5681 χρεὼν
842 5612 950 5682 γὰρ
979 5613 1113 5683 μηδὲ
1141 5631 1312 5666 ταυτα
1355 5612 1648 5680 παρελθεῖν
1704 5613 1821 5663 ἁνι-

266 5708 530 5778 στὸρητα,
566 5707 688 5760 Ἔτι
714 5709 824 5768 τοῖς
883 5705 1024 5759 κατά
1060 5704 1157 5773 τὴν
1184 5708 1342 5774 νῆσον
1370 5705 1608 5764 Πέλοπος
1638 5705 1824 5756 διαπο-

266 5801 527 5870 νούμενος
583 5800 875 5870 πράγμασι
931 5800 1025 5850 καὶ
1094 5797 1178 5850 διὰ
1239 5797 1416 5866 μάχης
1501 5793 1694 5865 χωρῶν
1747 5791 1824 5863 τῷ

1998 5517 2166 5588 818
2203 5514 2305 5571 Sed
2339 5516 2463 5585 quis
2504 5523 2677 5571 status
2713 5515 2872 5570 ducis
2915 5529 3102 5569 eorum
3151 5513 3482 5567 marchionis

1929 5610 2068 5665 fuit?
2094 5624 2214 5662 nam
2245 5623 2346 5663 nec
2377 5609 2483 5662 hoc
2510 5607 2949 5678 praetereundum
2989 5615 3093 5667 est,
3132 5605 3259 5659 dum
3305 5604 3486 5658 adhuc

1930 5702 2304 5769 PelOponneso
2331 5699 2711 5753 constituenda
2742 5708 3042 5768 occupatur
3067 5709 3122 5753 et
3156 5713 3276 5752 cum
3312 5695 3489 5751 Seuro

1934 5791 2175 5858 dimicat,
2208 5790 2407 5845 litteris
2439 5789 2624 5846 uxoris
2654 5806 2742 5847 res
2781 5805 2950 5846 novas
2986 5788 3162 5845 moliri
3194 5785 3489 5843 Thessalo-
