4314 6356
839 523 990 570 tores
1019 533 1143 574 cum
1177 522 1290 577 fere
1318 540 1508 586 omnes
1534 537 1816 594 machinas
1845 544 2090 600 turribus
2120 547 2406 607 imminere

838 608 1114 671 viderent.
1147 623 1203 665 ct
1241 627 1463 682 pontem
1500 624 1792 682 sublicium
1830 648 1857 685 a
1890 637 2057 690 certis
2107 641 2316 697 traduci
2352 654 2406 698 et

840 698 1041 751 ina-nia
1072 699 1181 766 jam
1235 711 1574 779 contingere,
1618 719 1813 772 armati
1866 724 2039 790 portis
2084 740 2402 800 erumpunt,

839 786 1101 856 quidquid
1132 793 1421 851 excitando
1450 806 1809 876 augendaque
1841 810 2096 868 incendio
2114 828 2300 888 aptum
2324 832 2407 876 est

841 891 1026 931 secum
1070 893 1374 950 portantes.
1423 888 1611 962 Pugna
1664 898 1832 967 igitur
1880 908 2222 965 atrocissima
2254 929 2405 967 com-

839 965 1025 1031 missa,
1057 976 1170 1023 tum
1199 989 1416 1043 quoque
1440 979 1657 1038 infectis
1687 987 1872 1052 rebus,
1904 996 2170 1051 machinis
2195 1000 2247 1053 in
2272 1016 2403 1055 con-

845 1068 1035 1125 spectu
1088 1078 1279 1119 eorum
1313 1073 1595 1138 crematis,
1648 1081 1932 1137 recedunt.
1990 1087 2093 1142 Sed
2155 1101 2209 1146 ct
2269 1093 2404 1149 foris

842 1146 1165 1206 Blachorum
1210 1165 1265 1210 et
1311 1160 1633 1232 Scytharum
1678 1174 1950 1230 exercitus
2004 1180 2144 1236 circa
2201 1186 2401 1241 vallum

840 1239 1169 1310 obequitans
1218 1264 1581 1309 commeatum
1639 1261 1692 1314 in
1741 1275 1919 1321 castra
1964 1280 2242 1340 apportari
2294 1294 2401 1332 non

840 1330 1076 1388 sinebat.
1111 1337 1299 1408 Itaque
1336 1346 1552 1401 consilii
1602 1349 1812 1421 inepes,
1850 1369 1903 1411 et
1951 1364 2257 1420 animorum
2292 1371 2404 1422 ala-

839 1423 1034 1479 vritate
1062 1426 1250 1496 fracta,
1280 1447 1448 1490 novas
1477 1441 1661 1507 copias
1684 1443 1942 1514 Byzantio
1971 1458 2399 1526 accersiverunt,

833 1528 954 1577 quae
1006 1519 1227 1583 quidem
1288 1529 1617 1585 necessitate
1670 1537 1840 1606 magis
1899 1557 2059 1611 quam
2121 1550 2402 1608 voluntate

831 1605 1000 1677 824
1033 1610 1256 1667 exibant
1294 1618 1387 1669 :ni
1418 1620 1488 1672 ita
1522 1605 1783 1690 facerent,
1808 1646 1835 1683 a
1871 1605 2101 1690 Martino
2135 1641 2397 1697 cardinali

833 1706 887 1747 et
941 1697 1147 1754 Thoma
1200 1702 1492 1772 Cpolitano
1551 1715 1860 1782 patriarcha
1928 1737 2107 1793 nuper
2154 1728 2400 1787 Vencliis

834 1787 1081 1852 proiecto
1111 1792 1244 1848 diris
1264 1796 1641 1870 obstringcndi
1667 1816 1720 1860 et
1743 1812 1912 1865 sacris
1944 1783 2324 1879 interdicendi.
2348 1825 2396 1880 ls
2433 1783 2472 1839 Β

835 1877 1073 1935 Thomas
1103 1886 1281 1951 patrio
1310 1892 1506 1945 ves:itu
1545 1894 1772 1954 indutus
1798 1912 1937 1968 erat,
1965 1908 2059 1975 qui
2084 1924 2282 1981 corpus
2323 1916 2395 1971 ita

833 1970 1245 2041 constringebat
1298 1986 1357 2030 ut
1412 1983 1623 2039 acubus
1680 1988 1758 2041 illi
1827 1970 2045 2050 assutus
2092 1970 2396 2073 vid-eretur,

832 2061 1086 2118 manibus
1116 2067 1377 2127 duntaxat
1397 2084 1452 2129 et
1483 2088 1706 2145 pectore
1729 2094 1955 2152 aperto;
1983 2092 2140 2148 malfs
2163 2096 2231 2150 ita
2262 2101 2398 2155 rasis

832 2163 914 2217 nt,
947 2160 1409 2225 quemadmodum
1448 2169 1501 2223 in
1550 2171 1760 2242 impubi
1805 2193 1997 2248 puero,
2036 2187 2247 2242 nullum
2300 2194 2397 2261 pili

830 2248 1119 2318 vestigium
1153 2268 1496 2314 cerneretur.
1544 2263 1649 2319 Sed
1688 2278 1982 2341 antequam
2013 2280 2213 2335 auxilia
2246 2287 2398 2340 veni-

832 2347 978 2404 rent,
1012 2340 1132 2397 lues
1166 2344 1366 2402 invasit
1400 2355 1700 2411 exercitum
1736 2377 1859 2415 eum
1902 2381 1967 2420 ex
2001 2367 2194 2427 fauore
2235 2377 2398 2431 cada-

832 2443 1020 2485 verum
1061 2433 1113 2488 in
1149 2442 1405 2497 tentoriis
1427 2443 1750 2515 jacentium.
1800 2463 1912 2510 tum
1957 2463 2103 2529 quod
2148 2466 2396 2539 plerique

831 2536 896 2575 ac
924 2525 1107 2591 potius
1138 2542 1328 2585 omnes
1377 2535 1528 2592 cibos
1570 2538 1822 2600 insolitos
1864 2562 2166 2618 gustaram.
2215 2559 2395 2625 Quare

831 2624 997 2668 noctu
1034 2616 1159 2673 inde
1187 2637 1559 2695 recesserunt;
1598 2643 1653 2687 et
1700 2636 1753 2690 in
1795 2639 2088 2712 Pamphilo
2135 2649 2397 2711 diversati

830 2720 896 2757 ex
934 2705 1210 2766 diuturnis
1241 2723 1296 2768 et
1325 2719 1584 2778 inanibus
1616 2725 1902 2787 laboribus
1933 2705 2011 2790 se
2061 2740 2394 2801 refecerunt.

830 2795 944 2850 Nec
981 2799 1017 2852 ii
1048 2803 1223 2858 solum
1254 2806 1338 2861 his
1366 2812 1521 2867 malis
1548 2816 1847 2875 conﬂictati
1876 2835 2025 2889 sunt,
2049 2830 2143 2884 sed
2170 2832 2209 2886 ii
2230 2836 2395 2891 etiam

832 2890 1055 2956 quieos
1084 2910 1149 2948 ex
1182 2899 1317 2953 urbe
1351 2905 1615 2961 accedere
1656 2912 1770 2965 ausi
1819 2914 2079 2985 fuerunt;
2133 2932 2190 2977 et
2234 2926 2289 2979 hi
2340 2929 2396 2982 in

835 2981 1032 3038 itinere
1064 2986 1176 3042 fere
1201 3004 1390 3047 omnes
1432 3011 1460 3049 a
1512 2997 1728 3069 Scythis
1761 3014 1818 3058 et
1858 2981 2076 3067 Biachis
2123 3014 2397 3075 interfecti

2094 346 2389 408 NICET/E
2424 348 2832 417 CHONIAT/E

836 425 939 476 \iri
972 426 1377 488 bellicosissimi
1410 444 1810 501 conscendunt.
1852 448 2063 509 Interea
2096 472 2403 528 propugna-
2433 457 2486 515 A
2511 464 2736 536 πρώτης

3946 370 4066 438 1012

2770 468 2975 522 ἅλωσιν
3032 471 3353 541 ἐχωννύετο,
3419 476 3514 530 καὶ
3544 477 3736 546 κόρσαι
3783 480 4067 552 ἀναύχενες

2510 558 2602 607 καὶ
2658 556 2867 626 ἀκορσα
2924 562 3152 629 σώματα
3178 565 3287 617 τῶν
3321 566 3632 619 πιπτόντων
3687 571 4067 640 ἀμφοτέρωθεν

2510 644 2860 715 ἀνεπλήρουν
2888 649 2945 702 ἐν
2977 650 3191 716 πολλοῖς
3222 654 3319 725 τὴν
3354 657 3451 723 τῆς
3481 661 3690 729 τάφρου
3723 660 3969 714 κένωσιν.
3989 661 4066 723 Ὠς

2506 733 2668 803 δ’όψέ
2696 753 2825 789 ποτε
2861 740 2952 791 καὶ
2986 741 3108 805 μεθ’
3149 745 3383 811 αἵματος
3430 748 3694 817 κέχωστο,
3735 752 4063 819 προσάγουσι

2506 826 2602 886 τὰς
2629 829 2965 896 πυργοειδεῖς
2987 832 3098 894 τοῖς
3142 834 3343 903 τείχεσι
3369 837 3667 904 κλίμακας.
3710 841 3878 892 Ἔνθα
3908 843 3939 909 ὴ
3972 842 4066 910 μὲν

2504 917 2570 984 τῇ
2592 917 2783 986 τάφρῳ
2825 920 3096 991 ἐνίσχεται
3122 924 3216 978 καὶ
3263 928 3509 997 ὑποχαλᾴ
3547 931 3643 995 τῆς
3678 931 3966 1000 ὀρθότητος
3995 933 4066 1003 τῷ

2505 1004 2586 1055 ἐτι
2620 1008 2771 1076 μανῷ
2800 1010 2894 1062 καὶ
2946 1012 3179 1084 διακενῷ
3248 1018 3341 1069 καὶ
3382 1021 3618 1089 νεοχύτῳ
3659 1023 3760 1085 τῆς
3806 1023 4021 1090 χώσεως
4050 1040 4063 1054 ⁸

2505 1095 2537 1163 ὴ
2572 1095 2629 1147 δὲ
2654 1095 2813 1169 λοιπὴ
2842 1100 2951 1152 τῶν
2976 1104 3172 1173 τειχῶν
3210 1106 3291 1159 ἰθὺ
3326 1110 3574 1176 προὸἄσα
3596 1111 3747 1165 οὔπω
3774 1113 4066 1184 διαϐάθραν

2504 1184 2721 1253 ἕόαλλε,
2751 1192 2845 1243 καὶ
2883 1195 2993 1255 τοῖς
3027 1197 3089 1247 ἐκ
3124 1197 3233 1250 τῶν
3261 1200 3425 1252 ἱστῶν
3452 1204 3799 1272 ῂωρημένοις
3863 1205 4065 1258 ἀνωθεν

2503 1277 2611 1329 τῶν
2643 1281 2866 1348 πύργων
2892 1284 3081 1353 βάρεσι
3117 1290 3225 1340 τῶν
3266 1290 3430 1342 λίθων
3485 1296 3768 1346 πιεσθεῖσα
3829 1299 3924 1348 καὶ
3955 1300 4061 1360 τοῖς

2503 1366 2566 1418 ἐκ
2595 1369 2854 1436 μηχανῶν
2883 1373 3130 1440 ἀφέμασι
3153 1380 3500 1447 συντριϐεῖσα
3530 1384 3665 1451 πρὸς
3680 1384 3833 1437 οὐδὲν
3855 1387 4065 1449 ἐγένετο

2504 1458 2798 1528 χρήσιμος.
2820 1463 3067 1517 Μάλιστα
3099 1467 3198 1535 μὲν
3228 1468 3320 1521 οὖν
3342 1471 3432 1522 καὶ⁵
3462 1473 3643 1525 πολλοὶ
3663 1475 3768 1526 τῶν
3789 1476 3881 1526 ἀπ’
3908 1477 4068 1544 αὐτῆς

2504 1553 2830 1619 μαχομένων
2861 1557 3045 1620 κακῶς
3071 1558 3291 1625 ἔπαθον,
3321 1563 3376 1613 ἐν
3404 1557 3484 1627 οἷς
3524 1560 3591 1635 ἦν
3611 1567 3701 1618 καὶ
3726 1568 3928 1636 Πέτρος
3949 1572 3975 1621 ό
4007 1572 4069 1626 ἐκ

2504 1639 2783 1710 Πλάντζης
2813 1644 2840 1694 ὁ
2889 1647 3178 1715 κράτιστος
3202 1650 3317 1719 ἆμα
3357 1654 3571 1706 πάντων
3600 1656 3690 1708 καὶ
3718 1656 3797 1719 είς
3849 1659 4068 1727 ἀνδρίαν

2502 1729 2951 1801 ὀνομαστότατος,
2983 1737 3114 1808 λίθῳ
3146 1741 3204 1793 τὸ
3227 1743 3449 1809 κρανίον
3480 1746 3787 1812 κατεαγείς.
3817 1748 3929 1800 Καὶ
3950 1750 4068 1800 τότε

2504 1824 2604 1891 μὲν
2627 1823 2768 1877 οὕτω
2801 1827 2868 1877 τὰ
2896 1828 3155 1881 Λατινικὲι
3187 1830 3631 1886 διαπεπτώκασιν
3657 1835 3937 1889 διαδούλια
3963 1854 3977 1868 ·
4000 1842 4065 1909 τῇ

2497 1913 2543 1967 δ’
2578 1914 2837 1988 ὑστεραία⁸
2870 1922 2979 1982 τοῖς
3034 1924 3271 1990 τείχεσιν
3315 1926 3362 1976 οἱ
3418 1925 3616 1993 πύργοι
3678 1929 3841 1981 πάλιν
3898 1946 4068 1998 προσ-

2501 2005 2726 2074 άγονται
2747 2008 2865 2061 καθ’
2887 2010 3072 2079 ἕτερον
3105 2013 3268 2082 μέρος
3294 2013 3393 2082 τῆς
3418 2014 3644 2079 πόλεως,
3676 2019 3768 2069 καὶ
3806 2018 4071 2070 εἰσάνεισί

2504 2114 2644 2165 σφας
2681 2099 2741 2150 τὸ
2763 2099 2857 2151 τοῦ
2883 2102 3288 2171 στρατεύματος
3324 2105 3731 2174 μαχιμώτατον.
3760 2106 3851 2159 Ἐν
3897 2109 4070 2180 τούτῳ

2504 2190 2561 2243 δὲ
2582 2192 2631 2242 οἱ
2666 2191 2764 2258 τῆς
2827 2192 3034 2255 πόλεως
3086 2195 3500 2264 ἀπομαχόμενοι
3551 2197 3730 2263 ὀλίγον
3767 2200 3951 2250 πᾶσαν
3972 2202 4071 2270 τὴν

2509 2281 2763 2349 μηχανὴν
2794 2282 2915 2341 ταῖς
2945 2280 3166 2350 βάρεσιν
3202 2284 3403 2345 ἰδόντες
3437 2284 3740 2352 ἐγγίσασαν
3777 2287 3873 2339 καὶ
3901 2290 4072 2358 γέφυ-

2505 2389 2601 2441 ραν
2637 2370 2865 2441 ποιητὴν
2897 2372 3032 2441 πρὸς
3075 2374 3182 2426 τῶν
3226 2376 3312 2427 ἐπ’
3343 2376 3511 2443 αὐτῆς
3549 2380 3900 2444 τεταγμένων
3954 2380 4073 2433 δια-

2506 2463 2746 2534 γομένην
2779 2464 2872 2516 καὶ
2912 2464 3020 2516 τῶν
3056 2465 3255 2534 τειχῶν
3280 2467 3672 2535 ἐπιψαύουσαν,
3702 2471 4075 2525 ἀναπετάσαν-

2502 2571 2593 2615 τες
2621 2554 2716 2617 τὰς
2746 2554 2921 2616 πύλας
2948 2555 3291 2607 ’ἐπεκθέουσι
3330 2558 3449 2624 μεθ’
3502 2559 3682 2611 ὅπλων
3714 2562 3806 2612 καὶ
3832 2562 3939 2612 τῶν
3975 2563 4074 2615 ὅσα

2502 2642 2759 2713 τρέφουσι
2795 2643 2904 2712 πῦρ
2936 2645 3030 2696 καὶ
3052 2644 3150 2714 τὴν
3186 2645 3361 2713 φλόγα
3413 2646 3506 2700 ἐπὶ
3540 2648 3682 2716 μέγα
3709 2650 3944 2715 αίρουσι,
3980 2652 4074 2704 καὶ

2509 2735 2655 2805 μάχη
2683 2735 3072 2807 κρατερωτάτη
3102 2737 3211 2789 τῶν
3247 2738 3439 2809 πρώην
3481 2743 3817 2796 συνέσταται.
3860 2745 4075 2815 Ἀττραο

2506 2843 2621 2879 κτοι
2689 2827 2870 2879 τοίνυν
2914 2828 3012 2881 καὶ
3056 2828 3176 2880 τότε
3232 2832 3729 2901 μεταχωρήσα-,τες
3790 2837 3880 2885 καὶ
3936 2836 4075 2889 αὑτά

2504 2910 2651 2984 εἶχον
2679 2915 2749 2966 τὰ
2804 2918 3179 2986 μηχανήματα
3237 2918 3322 2970 ἐπ’
3352 2919 3539 2987 ὄψεσιν
3578 2922 3754 2972 αὐτῶν
3788 2924 4075 2992 ἐμπιπρῶ-

2509 3022 2668 3075 μενα.
2711 3005 2876 3059 Ἀλλά
2906 3008 2999 3059 καὶ
3032 3007 3140 3059 τῶν
3181 3007 3380 3072 ἔξωθεν
3416 3011 3799 3079 στρατεύματα
3852 3014 4075 3084 Βὶάχων

834 3083 985 3129 sunt.
1021 3077 1178 3134 Unde
1211 3082 1345 3138 alias
1387 3089 1668 3146 machinas
1709 3095 1873 3167 825
1912 3107 2179 3160 strueturi
2228 3111 2400 3167 malos
2429 3122 2471 3180 ο
2502 3112 2538 3147 τ’

2369 3128 2400 3167 ,5
2429 3122 2471 3180 Ο
2502 3112 2559 3147 τε
2592 3097 2685 3148 καὶ
2729 3096 2951 3149 Σκυθῶν
3000 3100 3285 3167 περιιόντα
3342 3101 3431 3153 τον
3464 3101 3684 3170 χάρακα
3713 3103 3811 3154 οὐκ
3847 3105 3973 3156 εῖων
4019 3106 4073 3163 ἐς

832 3163 1123 3222 biremium
1149 3185 1219 3225 ex
1239 3176 1529 3233 maritimis
1553 3181 1868 3243 civitatibus
1892 3192 2253 3264 collegerunt,
2278 3205 2397 3258 etsi

833 3256 964 3321 quid
1005 3259 1215 3326 deerat,
1252 3280 1316 3320 ex
1354 3268 1703 3340 Propontidis
1735 3282 2014 3338 montibus
2035 3256 2282 3345 varbores
2311 3308 2399 3348 se-

833 3359 1089 3415 cuerunt,
1125 3354 1297 3410 misso
1357 3359 1488 3414 illuc
1528 3365 1620 3431 qui
1658 3381 1797 3437 opus
1832 3382 2132 3431 maturaret
2176 3378 2401 3438 Conone

832 3439 1061 3495 Petunte
1086 3447 1306 3501 comite.
1352 3450 1729 3511 Machinarum
1777 3462 1925 3531 justa
1980 3467 2137 3535 e0pia
2188 3484 2397 3539 parata.

833 3545 975 3598 quas
1000 3534 1189 3589 multis
1221 3537 1275 3592 in
1304 3539 1440 3595 locis
1465 3543 1611 3599 ferro
1653 3561 1844 3606 contra
1881 3554 2134 3611 incendia
2188 3564 2403 3617 munie-

836 3630 981 3683 rant,
1009 3622 1138 3678 belli
1174 3626 1448 3685 fortunam
1484 3634 1667 3692 denuo
1693 3650 2008 3713 tentarunt;
2044 3648 2405 3709 etOrestiade

836 3712 1063 3777 omissa,
1087 3731 1249 3785 quam
1279 3722 1394 3776 suis
1418 3725 1667 3783 cladibus
1693 3731 1958 3789 admoniti
2003 3738 2405 3811 inexpugnabi-

837 3804 944 3858 lem
973 3821 1095 3863 esse
1126 3811 1444 3879 credebant,
1480 3817 1919 3889 Didymotichum
1948 3804 2264 3900 oppugnare
2295 3842 2405 3887 sta-

840 3905 1086 3961 luerunt,
1138 3901 1203 3955 ad
1266 3919 1498 3977 eamque
1552 3926 1666 3966 rem
1720 3916 1916 3970 castris
1978 3918 2052 3973 ibi
2114 3922 2306 3989 positis
2350 3933 2406 3979 et

837 3988 1123 4054 productis
1151 3993 1420 4053 arietibus
1447 4014 1506 4054 se
1538 4015 1822 4070 pararunt.
1853 4006 1957 4061 Sed
1985 3988 2279 4082 antequam
2324 4017 2404 4071 sol

839 4095 1005 4149 super
1026 4097 1092 4137 eo
1122 4084 1443 4144 Latinorum
1478 4104 1677 4149 conatu
1710 4100 2010 4162 occideret.
2044 4119 2138 4158 aer
2166 4107 2408 4163 nubibus

841 4174 1124 4243 impletur,
1161 4188 1216 4233 ct
1241 4183 1727 4243 vehementissimo
1764 4192 1924 4247 imbri
1970 4195 2172 4252 ﬂuvius
2225 4200 2407 4256 Eurus

2503 3185 2603 3256 τὴν
2632 3187 2980 3255 παρεμϐολὴν
3004 3188 3317 3254 εἰσάγεσθαι
3346 3189 3411 3241 τὰ
3466 3190 3727 3260 βιώσιμα.
3767 3194 4076 3266 Ἀμηχανία

2502 3278 2683 3331 τοίνυν
2708 3278 3002 3347 ληφθέντες
3034 3281 3125 3332 καὶ
3170 3280 3505 3344 διατεθέντες
3535 3283 3896 3354 ἀθυμότερον,
3930 3290 4078 3339 στεί-

2504 3368 2696 3432 λαντες
2745 3371 2803 3432 ἐς
2846 3368 3135 3434 Βυζάντιον
3198 3370 3454 3442 σύναρσιν
3523 3373 3685 3443 ᾔτουν
3738 3375 3827 3444 ὑφ’
3884 3378 4079 3447 ἐτέρας

2506 3462 2729 3527 νεαλοῦς
2789 3463 3091 3534 δυνάμεως.
3146 3467 3254 3519 Καὶ
3316 3462 3458 3537 ἦσαν
3503 3467 3614 3520 οἶδε
3677 3468 3767 3520 ὑπ’
3826 3469 4079 3539 ἀνάγκης

2510 3552 2709 3621 μᾶλλόν
2755 3570 2807 3605 τι
2835 3556 2977 3622 ἥπερ
3032 3554 3176 3607 κατὰ
3231 3555 3460 3625 γνώμην
3491 3558 3745 3625 ἐξῄεσαν,
3780 3557 4083 3627 ἀφορισμῷ

2508 3645 2603 3697 καὶ
2626 3644 2927 3711 ἀναθέματι
2955 3646 3029 3715 μὴ
3059 3646 3202 3699 οὕτω
3230 3646 3460 3716 δρῶντες
3487 3648 3916 3717 ὑποϐαλλόμενοι
3943 3651 4081 3719 πρός

2506 3752 2566 3787 τε
2601 3735 2692 3787 τοῦ
2728 3738 3092 3807 καρδηναρίου
3121 3738 3396 3806 Μαρτίνου
3425 3739 3513 3790 καὶ
3568 3740 3738 3807 Θωμᾶ
3784 3740 3877 3793 τοῦ
3913 3759 4083 3811 τροσ-

2509 3826 2646 3895 εχῶς
2682 3828 2747 3880 ἐκ
2774 3828 3029 3889 Βενετέας
3062 3829 3368 3896 ἀφιγμένου
3395 3832 3739 3899 πατριάρχου
3787 3833 4086 3886 Κωνσταν-

2508 3919 2886 3981 τινονπόλεως.
2938 3914 3044 3971 Ἶιν
3067 3919 3121 3970 δὲ
3158 3912 3311 3982 οὗτος
3366 3919 3573 3989 ἐσθῆτά
3606 3939 3663 3972 τε
3697 3921 3793 3992 τὴν
3848 3925 4082 3993 πάτριον

2512 4010 2899 4078 περικείμενος
2932 4049 2946 4073 ,
3025 4010 3443 4079 συνυφασμένην
3500 4011 3694 4079 μικροῦ
3868 4013 4083 4083 σώματι

2512 4101 2606 4153 καὶ
2632 4100 3032 4169 ραφιδουμένην
3092 4100 3327 4169 ἑκάστης
3382 4100 3449 4151 τὰ
3486 4103 3562 4161 εἰς
3593 4104 3840 4171 καρποὺς
3900 4107 3994 4155 καὶ
4026 4105 4084 4155 τὸ

2515 4191 2709 4261 στῆθος
2765 4193 3015 4260 ἀφιεῖσαν
3073 4191 3281 4255 ἄνετον,
3333 4192 3424 4242 καὶ
3456 4191 3513 4242 τὸ
3541 4193 3748 4258 γένειον
3783 4193 4084 4262 ξυρόμενος

2870 4285 2882 4297 .
2996 4284 3052 4297 .,.
3313 4282 3326 4297 .
3434 4279 3455 4297 ν
3616 4283 3629 4297 .
3739 4285 3762 4295 ..
4018 4286 4042 4297 -

2512 4284 2797 4354 δρώπακος
2859 4284 3267 4353 ἀκριϐέστερον,
3298 4282 3368 4345 ὡς
3405 4279 3544 4334 εἶναι
3583 4283 3642 4336 τὸ
3697 4285 3803 4335 τῶν
3837 4286 4084 4353 παρειῶν

2514 4376 2730 4443 ἐδάφιον
2794 4375 2916 4445 μηδ’
2984 4374 3417 4443 ύποφαιούμενον
3470 4374 3604 4435 ὅλως
3652 4377 3772 4436 ταῖς
3834 4378 4085 4443 πρώταις

842 4458 899 4502 ct
957 4452 1241 4509 machinas
1290 4464 1345 4509 et
1397 4473 1569 4520 equos
1622 4462 1849 4519 bellicos
1897 4476 1952 4520 et
2003 4468 2154 4522 viros
2192 4473 2406 4538 avexit;
2443 4465 2486 4519 D
2517 4467 2546 4517 ἀ

2391 4491 2406 4538 ;
2443 4465 2486 4519 D
2517 4466 2797 4527 ἀνατολαῖς
2830 4465 2936 4516 τῶν
2968 4464 3193 4532 τριχῶν,
3226 4464 3340 4515 ἀλλ’
3372 4462 3446 4525 ὼς
3479 4462 3697 4531 ληϊστὸν
3734 4465 4086 4518 παντάπασίν

843 4541 1039 4607 quodsi
1076 4544 1154 4597 sol
1182 4545 1473 4602 occidisset
1497 4565 1560 4605 ac
1586 4552 1636 4605 id
1657 4555 1856 4609 malum
1888 4567 2055 4612 noctu
2091 4560 2408 4630 ingruisset,

845 4634 1019 4703 major
1062 4651 1190 4704 pars
1238 4641 1512 4695 exercitus
1556 4645 1830 4711 periisset.
1887 4647 1996 4703 llac
2044 4650 2303 4706 inusitata
2355 4670 2412 4707 re

844 4722 1113 4780 admoniti
1144 4726 1687 4788 Latinicordatiores
1725 4746 1922 4791 etnon
1970 4740 2133 4808 plane
2185 4745 2412 4812 sangui-

844 4813 987 4866 narii
1038 4815 1163 4870 inde
1210 4818 1605 4875 discedendum
1638 4838 1758 4878 esse
1801 4840 2157 4891 censuerunt,
2188 4841 2244 4884 et
2291 4832 2412 4899 ejus

841 4904 1011 4973 826
1039 4909 1324 4962 sententia:
1356 4910 1478 4964 aliis
1506 4921 1759 4968 auctores
1793 4914 2036 4968 fuerunt.
2067 4915 2171 4970 Sed
2198 4926 2252 4970 et
2290 4921 2415 4971 reli-

842 5012 987 5063 quus
1034 4998 1214 5053 omnis
1261 5002 1541 5058 exercitus
1594 5003 1861 5059 miraculo
1913 5021 1980 5060 eo
2026 5018 2414 5063 consternatus

843 5089 1100 5143 celeriter
1152 5091 1277 5145 inde
1325 5095 1576 5159 recessit,
1611 5095 1734 5150 aliis
1774 5113 1880 5150 una
1930 5112 2055 5151 eum
2088 5099 2281 5154 Errico
2317 5101 2389 5170 By

846 5180 1090 5234 zantium
1136 5184 1392 5247 reversis,
1436 5186 1558 5239 aliis
1591 5188 1845 5241 civitates
1891 5189 2328 5244 mediterraneas
2362 5200 2416 5244 et

850 5273 1176 5336 maritimas,
1203 5290 1323 5343 quae
1353 5275 1564 5330 Latinis
1600 5279 1887 5345 parebant,
1914 5280 2196 5334 custodire
2222 5283 2415 5350 jussis.

2510 4557 2722 4625 ἀχλοον.
2753 4556 2933 4623 Μήπω
2965 4555 3022 4606 δέ
3045 4554 3142 4623 τῆς
3198 4552 3510 4623 ξυμμαχίας
3547 4553 3786 4623 ἡκούσης
3852 4559 4088 4625 καχεξία

2513 4649 2747 4716 κατέσχε
2766 4648 2864 4716 τὴν
2894 4648 3153 4715 στρατιὰν
3199 4646 3304 4698 ὑπό
3332 4664 3389 4698 τε
3416 4647 3524 4699 τῶν
3581 4646 4087 4715 καταϐεϐλημένων

2511 4744 2631 4799 ταῖς
2657 4741 2881 4808 σκηναῖς
2916 4736 3125 4808 νεκρῶν
3160 4739 3249 4790 καὶ
3314 4739 3406 4790 τοῦ
3430 4737 3539 4789 τῶν
3568 4737 3749 4804 ἀήθων
3778 4741 3855 4799 εἰς
3877 4739 4087 4808 βῴσιν

2513 4830 2751 4899 ἅψασθαι
2793 4831 2917 4891 τοὺς
2962 4828 3178 4890 πλείους
3224 4828 3257 4899 ἢ
3310 4829 3437 4891 τοὺς
3489 4829 3753 4889 ἅπαντας.
3811 4830 4088 4897 Ἀραντες

2515 4922 2693 4973 τοίνυν
2750 4920 2961 4973 ἐκεῖθεν
2985 4920 3178 4982 νυκτὸς
3226 4921 3625 4989 ἀπενόστησαν,
3660 4922 3887 4975 καὶτοῖς
3950 4926 4087 4990 περὶ

2514 5012 2577 5064 τὸ
2599 5013 2881 5082 Πάμφιλον
2928 5012 3148 5080 χωρίοις
3208 5010 3620 5079 ἐναυλισάμενοι
3643 5010 3753 5062 τῶν
3798 5015 4093 5118 ἀνηνύτων

2518 5106 2610 5154 καὶ
2642 5103 2868 5172 μακρῶν
2902 5102 3163 5170 καμάτων
3198 5102 3423 5163 ἑαυτοὺς
3452 5100 3815 5171 ἀνεκώχευον.

2515 5208 2595 5244 τοι
2626 5192 2679 5243 δὲ
2707 5190 2865 5258 μόνον
2891 5192 3001 5249 τοῖς
3027 5190 3216 5249 κακοῖς
3244 5188 3417 5240 τοῖσδε
3466 5188 3912 5257 περιεπάρησαν,
3948 5190 4093 5241 ἀλλά

2518 5283 2612 5335 καὶ
2641 5282 2838 5341 οἵτινες
2890 5280 3156 5350 συμμῖξαι
3214 5281 3310 5333 καὶ
3365 5280 3641 5334 συνελθεῖν
3683 5280 4094 5351 ἁπεθάξρρησαν

848 5366 1086 5418 ἐπιόντες
1117 5368 1215 5430 ταῖς
1265 5369 1492 5430 πόλεως,
1546 5369 1833 5439 Βλαχικοῖς
1861 5374 1956 5423 καὶ
2008 5372 2294 5434 Σκυθικοῖς
2342 5371 2483 5424 κατὰ
2514 5373 2612 5426 τὴν
2648 5373 2761 5424 όδζν
2793 5372 3166 5441 ἐγκύρσαντες
3198 5370 3673 5470 τάγμασιημικρου
3700 5371 3813 5470 δειν
3843 5388 4093 5471 ansa...

848 5400 1224 5524 δίφθάρνσάν
1274 5456 1438 5510 Ὅθεν
1470 5460 1525 5520 ἐς
1580 5458 1887 5527 συμπήξειε
1918 5460 2095 5513 ἄλλων
2130 5461 2384 5527 μηχανῶν
2451 5458 2738 5518 ἀπιδόντες
2791 5459 2975 5519 ίστοὺς
3026 5458 3346 5527 δυαρμένων
3378 5476 3522 5526 νηων
3565 5460 3627 5509 ἐκ
3661 5476 3771 5510 των
3800 5476 4098 5527 παραιιων

886 5496 924 5510 .,
1106 5501 1117 5525 ,
1233 5497 1244 5509 .
1870 5514 1879 5521 ,

1749 5459 1887 5526 agat.-
1918 5460 2095 5513 ἄλλων
2130 5461 2384 5526 μηχανῶν
2451 5459 2738 5518 ἀπιδόντες
2791 5459 2975 5519 iocor);
3026 5459 3346 5526 δυαρμένων
3378 5476 3453 5526 νηι

2304 5461 2384 5512 νῶν
2451 5459 2738 5518 ἀπιδόντες
2791 5459 2975 5519 ίστοὺς
3026 5459 3346 5526 δυαρμένων
3378 5459 3522 5526 νηῶν
3565 5460 3627 5509 ἐκ
3661 5459 3771 5510 τῶν
3800 5476 4008 5526 παραιι

846 5456 1244 5525 διεφθάρησαν.
1274 5456 1438 5510 Ὅθεν
1470 5460 1525 5520 ἐς
1580 5458 1887 5529 συμπήξεις
1918 5460 2095 5513 ἄλλων
2130 5461 2384 5530 μηχανῶν
2451 5460 2549 5511 ἀπι

852 5546 1144 5612 συνέλεγον
1174 5546 1399 5608 πόλεων,
1433 5548 1527 5599 καὶ
1561 5548 1700 5598 ὅσων
1734 5546 2119 5609 ύπεσπάνιζον.
2161 5550 2221 5598 ὲκ
2250 5547 2335 5616 [Ρ.
2368 5546 2495 5611 402]
2529 5561 2550 5597 τ

2451 5458 2738 5518 ἀπιδόντες
2791 5459 2975 5519 ίστοὺς
3026 5458 3346 5527 δυαρμένων
3378 5458 3522 5526 νηῶν
3565 5460 3627 5509 ἐκ
3661 5459 3771 5510 τῶν
3800 5460 4095 5527 παραλίων

2391 5546 2495 5611 ὶΟἩ
2529 5543 2638 5597 τῶν
2670 5545 2768 5611 τῆς
2802 5544 3163 5610 Προποντίδος
3219 5543 3362 5611 ὀρῶν
3390 5547 3549 5596 ταυτὶ
3582 5546 3886 5614 ἀπέτεμον,
3922 5549 4095 5616 ὲργε-

852 5546 1144 5612 συνέλεγον
1174 5546 1399 5608 πόλεων,
1433 5548 1527 5599 καὶ
1561 5548 1700 5598 ὅσων
1734 5546 2119 5609 ύπεσπάνιζον.
2161 5550 2221 5598 ὲκ
2250 5547 2335 5619 [Ρ.
2368 5546 2495 5611 402]
2529 5546 2638 5597 τῶν
2670 5546 2768 5611 τῆς
2802 5546 3163 5651 Προποντίδος
3219 5546 3886 5660 ὀρωνκταυτὶρπέῖεμέν.
3922 5549 4095 5681 ὲρτῑ

852 5628 1084 5685 πείκτην
1128 5630 1489 5685 πεπομφότες
1532 5629 1709 5680 ἐκεῖσε
1767 5628 1858 5681 τὸν
1903 5629 2002 5685 τῆς
2063 5630 2332 5685 [lato-3m:
2379 5631 2596 5685 κόμτιτα
2631 5632 2873 5682 Κόνωνα.
2955 5630 3087 5681 Επεὶ
3118 5630 3145 5683 δ
3190 5625 3336 5685 εἷγον
3365 5647 3483 5685 ut:
3511 5651 3619 5685 των
3645 5635 3976 5685 ἑλεπόλεων.

900 5628 1084 5697 τίκτην
1128 5630 1491 5698 ντεπομφότες⁸
1532 5629 1709 5680 ἐκεῖσε
1767 5628 1858 5681 τὸν
1903 5629 2002 5696 τῆς
2063 5630 2332 5698 Πετούνης
2379 5631 2596 5699 κόμητα
2631 5632 2873 5682 Κόνωνα.
2936 5630 3087 5681 Ἐπεὶ
3118 5630 3161 5683 δ’
3190 5628 3336 5736 εῐχρν
3365 5647 3483 5693 αΑις
3511 5651 3619 5732 των
3645 5635 4022 5736 ἑλεπόλεωνᾏ

900 5666 1042 5736 ,““.-9
1113 5716 1273 5736 ,η’-ἒξ
1356 5718 1393 5736 ,\
1470 5716 1701 5736 -61--.-
1752 5714 2083 5736 §__.\,AI‘I.‘_,
2128 5716 2194 5736 ,'_
2235 5714 2277 5736 ,ν
2409 5718 2554 5736 -κοῗ
2610 5716 2686 5736 -\-
2748 5716 3104 5736 _ﬂ_.__-'-__,
3203 5735 3213 5736 α
3254 5735 3259 5736 ,
3318 5734 3328 5736 _
3371 5735 3383 5736 α
3428 5721 3447 5736 v
3620 5720 3630 5736 ο

852 5630 1015 5679 τείκτ
1056 5647 1084 5680 ν
1128 5630 1491 5698 ντεπομφότες⁸
1532 5630 1709 5680 ἐκεῖσε
1767 5630 1858 5681 τὸν
1903 5630 2002 5696 τῆς
2063 5630 2332 5698 Πετούνης
2379 5631 2596 5699 κόμητα
2631 5632 2873 5682 Κόνωνα.
2936 5630 3087 5681 Ἐπεὶ
3118 5630 3161 5683 δ’
3190 5630 3336 5700 εἶχον
3365 5630 3483 5693 ἃλις
3511 5632 3619 5732 τῶν
3645 5635 3976 5736 ἑλεπόλεων,
4004 5632 4095 5727 “ἐν

854 5645 1065 5767 πόλὶοτίὶ-
1107 5716 1274 5779 α”ιτάς
1307 5718 1399 5769 ναὶ
1462 5716 1702 5787 σιδήροις
1745 5714 2085 5778 Graia-367:2;
2123 5716 2195 5778 ὡς
2228 5714 2336 5771 εἷεν
2401 5718 2494 5770 τοῦ
2518 5716 2688 5786 πυρός
2741 5716 3163 5787 σθεναρώτεραι,
3194 5719 3330 5787 πρὸς
3366 5721 3476 5782 τοῖς
3507 5720 3761 5791 ποιέμοις
3787 5738 3883 5773 και
3925 5719 4095 5771 πάλιν

879 5750 894 5765 .
1050 5756 1064 5777 ,
1146 5754 1169 5769 ν
1327 5760 1338 5770 .

879 5750 942 5765 ru
961 5750 976 5765 ι
994 5750 1064 5777 Vb,
1108 5750 1271 5777 υνδιῆῇ
1309 5750 1338 5770 1-
