4314 6356
277 424 415 489 1013
1661 427 1864 489 URBS
1902 426 1981 488 CA

1816 429 1864 489 ιδ
1902 425 2159 488 CAPTA.
3387 435 3520 500 101i

272 537 541 605 γίνονται.
580 536 688 591 Καὶ
735 535 799 605 δὴ
832 536 932 607 τήν
978 537 1303 609 Ὀρεστιάδα
1364 540 1694 607 παρεικότες
1729 539 1804 602 ώς
1836 540 1893 605 ἐξ
1925 532 2001 592 ὧν
2038 537 2240 591 ἔπαθον
2294 539 2393 608 οὑχ
2449 537 2728 608 ἁλώσιμόν
2780 559 2931 609 σφισι
2956 542 3209 609 δόξασαν,
3242 543 3415 612 ἔγνων
3442 547 3516 616 τῷ

273 625 644 693 Διδυμοτοίχῳ
696 626 1052 694 προσϐαλεῖν.
1126 626 1344 681 Οὐκοῦν
1394 629 1490 681 καὶ
1518 628 1652 698 παρ’
1680 625 1830 695 αὑτῷ
1862 624 2459 692 στρατοπεδευσάμενοι
2486 624 2797 694 πολιορκεῖν
2840 628 2919 689 είς
2957 631 3131 683 νέωτα
3158 630 3220 682 τὸ
3264 630 3522 701 φρούριον

271 710 664 780 διηρῤένωντο,
696 712 788 764 καὶ
814 714 881 766 τὰ
905 716 1259 787 τειχομαχεῖα
1318 716 1641 782 προσάγειν,
1672 713 1747 775 ὡς
1781 712 1847 765 ἂν
1875 711 2154 776 ἐξέλωσιν,
2188 710 2564 780 ἡτοιμάζοντο.
2605 712 2746 765 Ἀλλ’
2772 712 2926 768 οὑπω
2958 717 3047 767 ἐπὶ
3068 717 3144 783 τῷ
3177 718 3520 789 παροξυσμῷ

272 798 452 864 τούτῳ
472 797 579 850 τῶν
604 800 851 852 Λατίνων
880 800 970 853 ἔδυ
1004 803 1032 853 δ
1060 802 1238 869 ἥλιος,
1266 802 1363 855 καὶ
1393 800 1698 870 πληροῦται
1729 799 1907 867 νεφῶν
1936 800 1964 850 ὀ
1994 798 2122 868 ἀὴρ,
2151 798 2250 851 καὶ
2313 797 2579 866 ῥαγδαίας
2632 800 2833 871 βροχῆς
2884 802 3069 854 θεόθεν
3125 805 3520 874 ἀφορισθείσης

275 887 339 935 ἐν
374 887 488 947 τοῖς
519 886 715 938 ἀνόπιν
779 888 875 941 τοῦ
908 889 1293 959 Διδυμοτοίχου
1328 891 1552 957 μέρεσιν
1580 890 1609 941 ό
1641 888 1719 957 τῷ
1772 887 2018 956 φρουρίῳ
2078 889 2412 957 παραρρέων
2435 888 2635 958 Ἕϐρος
2685 891 3017 958 διευρυνθεὶς
3045 892 3187 959 ὑετῷ
3214 898 3305 949 καὶ
3346 896 3523 963 μέγας

273 976 342 1026 ἐκ
369 975 565 1043 μικροῦ
602 976 695 1029 τοῦ
723 979 848 1030 τότε
882 980 1075 1046 φανεὶς
1101 980 1201 1042 τὰς
1222 979 1481 1043 πεδιάδας
1512 978 1779 1044 ἐξυδατοῖ,
1816 977 1910 1027 καὶ
1944 974 2023 1043 τῷ
2076 975 2429 1043 στρατοπέδῳ
2457 976 2567 1028 τῶν
2600 978 2850 1032 Λατίνων
2913 982 3247 1044 ἐξαπιναίως
3295 983 3523 1036 ἐπικλυ-

276 1062 429 1125 σθεὶς
481 1063 620 1115 ὅπλα
674 1067 985 1134 παρασύρει
1046 1067 1139 1119 καὶ
1193 1067 1467 1136 μηχανὰς,
1544 1066 1749 1127 ἵππους
1774 1062 1982 1127 ἀπάγει
2016 1060 2374 1127 πολεμιστὰς,
2405 1060 2610 1131 ἀνδρας
2641 1063 3072 1134 διανηχομένους
3102 1068 3194 1119 τὸν
3233 1067 3522 1137 Ἀχέροντα

272 1148 555 1202 δείκνυσιν
574 1167 587 1182 ·
622 1153 670 1204 εί
721 1152 766 1204 δ’
798 1155 898 1206 οὐκ
946 1149 1015 1223 ἦν
1041 1154 1189 1207 ἐσέτι
1239 1153 1587 1220 φαυσιϐολῶν
1612 1152 1786 1220 ἥλιος,
1823 1148 1961 1202 ἀλλὰ
1984 1148 2045 1200 τὸ
2075 1147 2249 1200 δεινὸν
2279 1149 2471 1212 νυκτὸς
2523 1152 2839 1219 ἐπεγένετο,
2865 1155 2925 1206 τὸ
2956 1156 3139 1210 πλεῖον
3168 1158 3233 1211 ἂν
3272 1157 3525 1210 ἀπώλετο

276 1234 376 1286 τοῦ
411 1238 850 1306 στρατεύματος.
885 1241 977 1307 Τῷ
1002 1240 1045 1293 δ’
1083 1241 1307 1310 ἐξαισίῳ
1358 1239 1451 1293 τοῦ
1519 1238 1843 1308 πράγματος
1884 1233 2329 1301 καταπλαγέντες
2382 1236 2573 1289 ὁπόσοι
2608 1238 2716 1291 τῶν
2753 1238 3003 1293 Λατίνων
3031 1242 3087 1304 ἐς
3122 1242 3248 1295 νοῦν
3285 1243 3526 1297 ἔϐαπτον

277 1323 403 1391 μηδ’
433 1324 678 1391 αίμάτων
709 1325 903 1395 ἀνδρες
940 1329 994 1389 ἐς
1022 1329 1082 1381 τὸ
1110 1327 1374 1389 παντελὲς
1400 1326 1703 1395 ἐτύγχανον
1730 1322 1905 1384 ὄντες,
1969 1322 2391 1390 μεταναστεὺειν
2424 1324 2637 1377 ἐκεῖθεν
2665 1325 2876 1379 εἴλοντο
2906 1331 3001 1381 καὶ
3029 1332 3142 1391 τοῖς
3168 1330 3353 1394 ἄλλοις
3380 1332 3525 1385 οὓτω

276 1410 460 1460 ποιεῖν
490 1410 776 1465 ὑπέθεντο.
835 1411 995 1467 Ἀλλὰ
1027 1416 1123 1467 καὶ
1158 1416 1219 1467 τὸ
1247 1413 1433 1467 λοιπὸν
1459 1414 1555 1481 τῆς
1586 1410 1847 1479 στρατιᾶς
1894 1409 1973 1471 εἰς
2006 1407 2191 1474 θαῦμα
2223 1409 2284 1460 τδ
2311 1410 2532 1476 γεγονὸς
2558 1412 2774 1481 θέμενοι
2799 1418 3010 1486 ταχέως
3060 1417 3266 1484 ἐξῆραν
3288 1421 3523 1474 tum"-

274 1493 393 1546 Καὶ
428 1496 476 1547 οί
514 1498 612 1565 μὲν
639 1499 737 1550 σὺν
760 1499 910 1570 αὑτῷ
938 1501 1016 1570 τῷ
1063 1503 1224 1572 Ἐῥρῇ
1279 1502 1380 1572 τὴν
1441 1497 1860 1553 Κωνσταντίνου
1924 1494 2245 1559 κατέλαϐον,
2301 1498 2351 1550 oi
2390 1500 2446 1553 δὲ
2475 1500 2572 1563 τὰς
2607 1501 2791 1566 πόλεις
2821 1507 3080 1575 φρουρεῖν
3131 1507 3529 1577 ἐπετράπησαν

274 1580 474 1635 ὁπόσαι
497 1585 753 1654 χερσαῖαί
779 1603 836 1638 τε
866 1588 960 1639 καὶ
1016 1589 1269 1658 ἀγχίαλοι
1317 1588 1570 1649 Λατίνοις
1606 1586 1904 1651 ὑπήκουον.

352 1675 443 1743 ιγ’.
478 1679 622 1747 Πλὴν
666 1680 774 1733 οὐδ’
809 1682 985 1746 οὕτως
1042 1685 1333 1754 ἠρέμησαν
1384 1685 1451 1737 τὰ
1501 1680 1672 1741 δεινὰ,
1718 1678 1841 1730 οὗτε
1877 1681 1920 1735 Α
2023 1679 2056 1731 Ιη

1821 1696 1841 1730 ε
1877 1681 1920 1735 Δ
2023 1679 2106 1732 l3.
2133 1679 2332 1735 Verum
2360 1697 2430 1736 ne
2462 1684 2540 1738 sic
2567 1685 2788 1754 quidem
2811 1687 2950 1741 mala
2970 1687 3413 1757 quieverunt-aut
3438 1700 3525 1740 res

277 1766 390 1838 μὴν
414 1767 609 1837 βελτίω
641 1774 794 1842 παρὰ
826 1774 987 1827 τοῦτο
1029 1774 1328 1846 Ῥωμαίοις
1355 1775 1531 1844 ἐφάνη
1556 1774 1623 1825 τὰ
1661 1772 1844 1839 πράγ-
1949 1784 1981 1823 84

1822 1799 1844 1809 -
1949 1770 2305 1827 secundiores
2353 1774 2617 1829 Romanis
2680 1776 2943 1840 fuerunt.
3002 1777 3150 1847 quod
3206 1777 3522 1831 Latinorum

276 1876 447 1928 ματα.
485 1862 560 1913 Ἦ
584 1879 642 1914 τε
677 1864 787 1931 γὰρ
818 1867 1065 1919 Λατίνων
1103 1866 1375 1936 ὑπεροψία
1405 1866 1497 1919 καὶ
1530 1865 1666 1933 πρὸς
1708 1865 1844 1916 Ῥω·
1948 1863 1980 1918 d

1828 1892 1844 1903 -
1948 1863 2310 1933 despicientia
2359 1873 2416 1920 et
2467 1865 2535 1920 de
2574 1868 2841 1923 Romanis
2891 1870 3136 1939 suspicio
3164 1878 3219 1924 et
3265 1871 3526 1938 implaca-

276 1950 475 2019 μαίους
508 1951 713 2021 ὑποψία
747 1956 839 2007 καὶ
864 1956 924 2008 τὺ
973 1956 1065 2010 τοῦ
1099 1958 1449 2029 φρονήματος
1484 1955 1847 2023 ἁκαθαίρετον

270 2041 376 2110 τῆς
404 2044 597 2113 πρώην
630 2046 943 2115 προθέσεως
970 2049 1167 2119 είχετο,
1202 2052 1297 2102 καὶ
1327 2050 1363 2104 a
1393 2051 1529 2120 δρᾷν
1576 2050 1676 2102 οὑκ
1701 2042 1848 2118 εἶχον

272 2136 401 2197 τοὺς
424 2137 768 2203 ἀποστάντας
819 2142 916 2195 καὶ
971 2144 1095 2196 καθ’
1118 2138 1194 2197 ὧν
1228 2144 1489 2205 πολλάκις
1516 2143 1615 2204 τὰς
1649 2142 1845 2210 λόγχας

272 2227 569 2300 ἠκόνησαν,
606 2233 925 2299 ταῦτατοῖς
977 2236 1082 2289 ὑπὸ
1124 2240 1280 2307 χεῖρα
1320 2238 1399 2291 ἔτι
1433 2238 1719 2307 ἐπέφερον,
1753 2236 1848 2287 καὶ

271 2321 398 2371 κατ’
430 2321 611 2374 αὑτῶν
640 2325 1019 2396 τοὺςοόδόντας
1038 2327 1288 2398 ἔϐρυχον.
1324 2330 1435 2384 Καὶ
1484 2330 1516 2399 ή
1545 2329 1654 2381 τών
1711 2327 1849 2397 πρὸς

270 2410 351 2463 ιω
390 2411 675 2482 Ῥωμαίων
702 2420 827 2488 περὶ
856 2419 917 2472 τὸ
956 2422 1142 2484 κακῶς
1189 2423 1399 2492 πάσχον
1437 2421 1696 2491 δμογενές
1726 2426 1845 2475 ἀνε-

272 2503 578 2576 πίστροφος
640 2512 836 2582 γνώμη
889 2514 985 2566 καὶ
1046 2515 1080 2582 ἡ
1113 2516 1384 2585 παντελὴς
1418 2515 1721 2586 παρόρασις
1752 2513 1848 2566 καὶ

270 2598 527 2667 ἐπίλησις
582 2602 833 2672 ἀφόρητα
873 2606 1131 2659 ἔϐαλλενο
1200 2606 1323 2661 οὑτε
1359 2607 1470 2677 γὰρ
1498 2608 1771 2677 χρήμασιν
1810 2606 1844 2676 ἢ

273 2691 656 2760 στρατεύμασι
688 2694 795 2746 τῶν
832 2695 1070 2750 δυτικῶν
1101 2699 1574 2767 ἀντελαμϐάνοντο
1612 2699 1845 2753 πόλεων.

287 2780 429 2832 Ἀλλ’
448 2783 498 2834 οἱ
530 2783 630 2849 μὲν
653 2785 872 2839 Λατῖνοι
892 2787 992 2854 τῆς
1022 2789 1208 2851 Ἀσίας
1254 2791 1719 2860 ἀναχωρήσαντες
1749 2789 1848 2860 τὴν

270 2868 497 2938 Θρᾴκην
558 2872 814 2936 ἔκοπτον,
868 2877 1038 2946 μόνην
1087 2879 1560 2949 ἀναρριπτοῦσαν¹’
1588 2879 1678 2933 τὸν
1705 2880 1845 2949 ὑπὲρ

1950 1956 2089 2011 biles
2117 1956 2284 2011 animi
2316 1959 2603 2027 antiquum
2636 1960 2987 2015 obtinebant.
3018 1962 3152 2015 Nam
3180 1976 3303 2029 qua:
3330 1960 3525 2014 deser-

1949 2049 2184 2113 toribus,
2223 2058 2415 2105 contra
2442 2066 2581 2119 quos
2607 2067 2750 2120 saepe
2769 2053 2962 2106 hastas
3005 2063 3292 2114 acuerant,
3317 2053 3525 2106 inferre

1948 2157 2056 2196 non
2081 2148 2351 2210 poterant,
2377 2156 2439 2196 ea
2466 2142 2517 2196 in
2548 2144 2826 2211 proximos
2845 2158 3092 2212 quosque
3116 2142 3522 2212 perpetrabant.

1948 2246 2003 2286 et
2033 2243 2221 2288 contra
2248 2248 2347 2289 eos
2378 2232 2639 2289 dentibus
2676 2234 3024 2289 frendebant.
3071 2234 3176 2290 Sed
3223 2245 3278 2290 et
3327 2234 3525 2289 Orien-

1952 2325 2140 2379 talium
2199 2326 2571 2381 Romanorum
2633 2327 2963 2396 negligentia
3027 2343 3158 2397 erga
3230 2327 3526 2399 populares

1948 2414 2179 2469 alllictos
2205 2424 2261 2470 et
2294 2430 2542 2472 summus
2569 2417 2860 2487 despectus
2904 2428 3070 2487 atque
3124 2419 3327 2474 oblivio
3376 2419 3529 2474 dolo-

1948 2521 2065 2560 rem
2121 2520 2263 2575 pene
2322 2508 2722 2563 intolerabilem
2783 2510 3034 2577 pariebat
3086 2528 3100 2564 :
3146 2527 3272 2566 nam
3343 2526 3524 2582 neque

1949 2598 2200 2668 pecuniis
2244 2613 2425 2668 neque
2443 2599 2680 2654 militum
2716 2601 2893 2668 copiis
2935 2600 3384 2657 Occidentalibus
3426 2618 3523 2657 ur-

1949 2689 2115 2744 bibus
2139 2690 2560 2745 subveniebant.
2588 2690 2667 2745 Ac
2698 2690 2910 2745 Latinis
2932 2706 2999 2746 ex
3021 2692 3147 2746 Asia
3179 2692 3440 2762 digressis
3465 2703 3525 2748 et

1948 2781 2261 2848 Thraciam,
2311 2797 2433 2851 quae
2475 2783 2600 2837 sola
2662 2797 2761 2850 pro
2821 2783 3076 2839 libertate
3145 2784 3526 2840 Romanorum

1950 2875 2271 2942 dimicabat,
2306 2876 2673 2941 vastantibus,
2700 2876 2876 2931 nostri
2906 2876 3079 2932 duces
3113 2891 3179 2931 eo
3200 2877 3523 2932 discriminc

272 2962 592 3058 ἐλευθερίας
622 2966 911 3036 Ῥωμαίων
936 2969 1178 3023 κίνδυνον
1199 2989 1214 3003 ο
1240 2974 1290 3025 οί
1315 2973 1370 3025 δέ
1396 2974 1655 3042 ἡμέτεροι
1680 2991 1846 3044 στραο
1874 2999 1923 3058 Β
1950 2985 1976 3039 ll

1821 3004 1846 3019 .
1874 2999 1923 3058 Β
1950 2980 2144 3039 praeter
2177 2970 2639 3039 exspectationem
2672 2970 2885 3025 litterati
2915 2985 3186 3039 nusquam
3229 2969 3391 3025 otlicii
3437 2975 3521 3027 sui

268 3054 433 3120 τηγοὶ
466 3055 561 3108 τοῦ
595 3058 660 3110 ἐκ
710 3058 861 3126 σφῶν
883 3060 1130 3114 κινδύνου
1173 3064 1325 3131 παρὰ
1368 3062 1526 3127 δόξαν
1559 3062 1847 3128 ἀνεθέντες
1875 3054 1914 3058 _
1952 3077 1972 3115 ι

1819 3081 1847 3128 ς
1875 3054 1914 3058 ⁷
1952 3062 2335 3124 meminerant,
2372 3077 2549 3131 neque
2597 3062 2837 3117 salutare
2866 3062 3166 3132 quidquam
3218 3062 3284 3117 ad
3322 3062 3406 3118 sui
3436 3065 3521 3119 vel

274 3146 429 3201 οὐδὲν
453 3142 594 3217 ἦσαν
616 3149 882 3220 οὐδαμοῦ,
918 3152 1044 3206 οὕτε
1083 3155 1192 3225 μὴν
1234 3157 1501 3225 σωτήριόν
1544 3173 1599 3207 τι
1625 3157 1718 3211 καὶ
1746 3174 1847 3226 φυ-

274 3238 570 3309 λακτήριον
596 3242 813 3307 ἑαυτοῖς
872 3245 965 3297 καὶ
1011 3248 1121 3311 τοῖς
1166 3248 1427 3315 φυλέταις
1489 3248 1844 3320 μετήλθοσαν,

273 3330 489 3394 eam;
522 3332 937 3404 νοῦν,ἀδόκιμον
962 3338 1359 3406 παραδοθέντες
1389 3339 1485 3393 καὶ
1517 3340 1715 3401 αὐτοὺς
1738 3341 1848 3394 ἀπὸ

274 3420 413 3474 Θεοῦ
452 3425 827 3495 μακρὺναντες
857 3428 1000 3481 ὥστε
1028 3429 1099 3481 τὰ
1133 3431 1208 3501 μή
1243 3431 1549 3500 καθήκοντα
1579 3433 1713 3503 δρᾷν
1751 3434 1846 3487 καὶ

279 3516 549 3585 μηδαμῶς
576 3519 711 3572 ίέναι
739 3520 877 3589 πρδς
913 3522 1188 3592 αἴσθησιν,
1222 3525 1362 3578 κατὰ
1391 3526 1599 3596 δῆμους
1625 3531 1717 3580 καὶ
1747 3546 1848 3596 φα·

274 3605 432 3672 τρίας
447 3604 755 3677 διέστησαν,
776 3610 959 3673 πόλεις
984 3610 1274 3682 έξέμηναν,
1287 3616 1407 3667 κατ’
1425 3615 1671 3686 ἀλλήλων
1687 3617 1849 3670 ώπλί-

280 3696 488 3763 σθησαν
525 3700 651 3761 τοὺς
682 3699 919 3769 θεσμοὺς
972 3704 1072 3773 τῆς
1133 3709 1454 3774 συγγενείας
1496 3711 1846 3778 συγχέαντες.

278 3786 363 3857 [P.
386 3788 512 3860 405]
533 3792 625 3843 καὶ
654 3792 907 3860 γεγόνασι
936 3796 1075 3866 φυλὴ
1091 3798 1230 3866 φυλή
1261 3801 1355 3853 καὶ
1387 3802 1599 3872 Ἰσραὴλ
1626 3801 1844 3866 Ἰούδας,

276 3880 339 3931 τὸ
378 3881 546 3934 πάλαι
579 3885 730 3953 παρά
780 3886 858 3956 τῷ
908 3889 1165 3959 προφήτῃ
1210 3889 1596 3961 θρηνούμενον,
1639 3895 1687 3947 οί
1749 3896 1848 3962 μὲν

277 3971 415 4037 τῷδε
441 3976 834 4041 συννεύσαντες
874 3980 971 4032 καὶ
1006 3981 1082 4043 ώς
1111 3981 1324 4050 βασιλεῖ
1359 3984 1508 4051 σφῶν
1539 3988 1864 4055 προσφερό-·

282 4080 459 4128 μενοι,
482 4067 532 4118 oi
561 4066 605 4119 δ’
628 4068 823 4138 ἐκείνῳ
866 4074 1295 4141 προσρέψαντες,
1340 4074 1417 4138 ὡς
1452 4077 1544 4128 καὶ
1576 4079 1688 4139 τοῖς
1724 4079 1849 4130 πολ-

277 4152 388 4207 λοὶ
431 4159 666 4220 καὶτοῖς
698 4162 983 4230 φρονίμοις
1013 4163 1294 4231 κρίνεσθαι
1351 4167 1431 4227 είς
1470 4170 1715 4236 κατάραν
1756 4168 1849 4220 καὶ

275 4249 598 4319 πλησμονήν
622 4250 718 4304 καὶ
764 4252 861 4321 τῆς
884 4253 1206 4321 όμογενείας
1262 4257 1715 4329 ἀπαλλοτρίωσιν.
1761 4262 1849 4324 Ὠς

1952 3156 2296 3226 papularium
2324 3155 2696 3209 defensionem
2723 3155 3089 3210 conabantur.
3119 3154 3224 3208 Sed
3245 3155 3523 3223 corruptis

1952 3248 2187 3318 ingeniis
2212 3246 2447 3315 praediti,
2499 3255 2557 3300 et
2608 3254 2669 3298 ut
2724 3244 2976 3298 homines
3014 3243 3179 3313 827
3228 3242 3433 3297 deserti
3490 3259 3520 3297 a

1949 3338 2062 3394 Deo
2086 3347 2254 3408 atque
2284 3338 2433 3406 impii
2464 3346 2690 3405 stupore
2711 3335 2950 3405 quodam
3012 3335 3215 3398 affecti,
3262 3343 3430 3404 atque
3465 3336 3518 3388 in

1950 3429 2218 3484 factiones
2242 3427 2423 3492 divisi,
2456 3427 2621 3482 urbes
2645 3426 3028 3489 concitarunt;
3060 3425 3151 3479 alii
3174 3424 3313 3479 alios
3345 3440 3524 3493 oppu-

1950 3528 2189 3591 gnarunt
2217 3520 2419 3574 violato
2446 3520 2571 3589 jure
2598 3518 2977 3587 cognationis;
3030 3517 3280 3571 tributim
3337 3531 3524 3586 segre-

1950 3613 2059 3682 gati
2116 3624 2276 3675 sunt;
2331 3613 2500 3667 Israel
2547 3612 2717 3668 ludas
2749 3612 2926 3666 factus
2984 3620 3088 3674 est,
3126 3620 3186 3664 ut
3218 3619 3374 3664 vetus
3432 3610 3522 3664 ille

1952 3702 2220 3772 propheta
2245 3703 2520 3771 queritur.
2551 3702 2676 3756 aliis
2712 3702 2843 3756 huic
2861 3715 2930 3755 tu
2964 3703 3076 3770 regi
3105 3701 3367 3765 addictis,
3400 3701 3523 3755 aliis

1949 3794 2017 3849 ad
2047 3796 2215 3849 alium
2246 3794 2674 3849 confluentibus.
2737 3794 2869 3859 Quae
2915 3808 3003 3848 res
3036 3793 3247 3852 multis.
3281 3793 3525 3861 pruden-

1953 3887 2187 3942 tioribus
2208 3889 2529 3957 praesertim,
2543 3888 2908 3944 exsecrationi
2928 3887 3148 3951 similis,
3167 3887 3531 3943 etdestruen-

1950 3980 2034 4035 dae
2083 3979 2480 4034 necessitudini
2534 3989 2591 4033 et
2647 3979 2971 4034 inducenda
3027 3978 3344 4033 alienationi
3402 3992 3517 4033 esse

1942 4074 2261 4129 videbatur.
2296 4074 2412 4128 Etsi
2446 4082 2628 4127 autem
2659 4073 2877 4128 tandem
2908 4072 2976 4127 ad
3009 4071 3517 4127 amicitiamineun-

1952 4167 2073 4222 dam
2126 4176 2548 4228 concurrerunt,
2590 4173 2769 4219 tamen
2811 4179 2878 4218 ne
2929 4174 3041 4217 tum
3088 4162 3310 4232 quidem
3358 4161 3521 4230 plane

1952 4265 2378 4321 consenserunt,
2428 4264 2524 4310 aut
2571 4256 2662 4310 alii
2707 4256 2846 4309 alios
2899 4255 2966 4309 ad
3017 4254 3144 4309 belli
3203 4253 3521 4307 societatem

275 4344 336 4395 δέ
367 4359 495 4395 ποτε
528 4344 858 4414 συνέδραμον
889 4347 948 4410 ές
975 4348 1179 4415 φιλίαν,
1215 4350 1322 4401 οὑδ⁹
1347 4351 1488 4403 οὑτω
1510 4328 1617 4421 μὲν
1653 4354 1729 4417 ὡς
1768 4358 1846 4418 είς
1875 4328 1920 4386 C
1955 4366 1979 4405 c

1812 4375 1846 4418 ις
1875 4328 1920 4386 C
1955 4350 2223 4405 cohortati
2258 4350 2369 4403 ullo
2402 4347 2567 4402 modo
2595 4346 3035 4402 Occidentalibus
3082 4345 3313 4399 urbibus
3358 4358 3516 4412 opetn

280 4436 414 4503 μίαν
465 4436 921 4505 συνηρμόσθησαν
954 4439 1199 4508 γνώμην,
1226 4441 1337 4494 οὐδ’
1375 4444 1432 4503 ἐς
1477 4448 1847 4516 συνασπισμὸν

276 4520 546 4586 ἀλλήλους
611 4525 1132 4593 παρακροτήσαντες
1194 4530 1469 4598 ἐπαρῆξαι
1531 4533 1670 4596 ὅλως
1730 4540 1847 4599 ταῖς

211 4640 219 4645 -
278 4613 564 4679 ἑσπερίαις
592 4615 883 4682 προέθεντο
919 4618 1160 4685 πόλεσιν,
1196 4621 1313 4673 ἀλλ’
1378 4626 1461 4685 είς
1511 4630 1847 4693 χειροτονίας

279 4704 576 4771 βλέψαντες
606 4706 871 4774 βασιλέων
907 4710 957 4761 οί
1018 4711 1117 4780 μὲν
1150 4713 1290 4765 κατὰ
1314 4713 1383 4766 τὰ
1422 4717 1710 4784 ποτώμενα
1739 4720 1848 4771 τῶν

277 4796 434 4859 ζώων
464 4799 807 4869 συμφορηδδν
832 4802 1255 4855 συνανίπτανται
1285 4805 1419 4874 τῷδε
1451 4807 1546 4859 καὶ
1575 4812 1847 4863 συναπαί-

279 4908 491 4963 ρουσιν,
521 4893 571 4945 οἱ
592 4893 648 4945 δέ
677 4894 771 4946 καὶ
804 4893 1041 4964 ῥάμνους
1069 4897 1399 4961 ἀκανθώδεις
1422 4902 1478 4959 ἐς
1513 4902 1684 4971 ἀρχὴν
1717 4919 1847 4972 προ-

275 4982 629 5053 χειρίζονται.
684 4984 794 5036 Καὶ
848 4980 919 5054 ἦν
967 4986 1273 5054 πολυαρχία
1314 4989 1477 5041 πάλιν
1520 4992 1582 5042 τὸ
1627 4993 1846 5059 γεγονὸς

275 5072 653 5140 ἐπινεμομένη
702 5072 802 5141 τὴν
864 5073 960 5139 ἕω,
997 5075 1317 5144 καὶλθηρίον
1364 5078 1692 5148 τρικάρηνον
1740 5079 1845 5133 ὑπὸ

274 5166 388 5219 τῶν
408 5164 716 5234 ἀϐελτέρων
737 5167 1079 5238 διαπλεχθέν.
1122 5170 1182 5223 'O
1211 5173 1308 5240 μὲν
1328 5172 1435 5243 γὰρ
1456 5173 1844 5244 Μαυροζώμης

275 5257 533 5325 Μανουὴλ
565 5261 655 5311 τὸν
677 5261 1022 5330 Καῖχοσρόην
1055 5264 1274 5325 ὑποδὺς,
1300 5266 1361 5315 οὑ
1400 5266 1541 5319 πάνυ
1576 5266 1681 5336 πρὸ
1719 5269 1845 5323 πολ-

274 5351 372 5403 λοῦ
392 5357 458 5421 τῇ
488 5354 730 5422 σφετέρᾳ
770 5353 1001 5423 θυγατρὶ
1051 5357 1389 5423 συναφθέντα
1430 5359 1523 5412 καὶ
1568 5360 1667 5430 τῆς
1708 5360 1843 5415 Ἰκο-

272 5444 524 5512 νιαρχίας
573 5444 728 5506 αὖθις
778 5444 1097 5514 λαϐόμενον,
1230 5444 1355 5518 ἐἷχε
1386 5451 1649 5519 πρότερον
1682 5454 1845 5505 ἐκπε-

277 5535 409 5598 σὼν,
442 5534 619 5587 πάντα
652 5531 721 5605 ἦν
750 5536 1167 5606 μηχανώμενος,
1206 5539 1259 5591 εῐ
1287 5558 1399 5602 πως
1422 5542 1571 5613 αὑτῷ
1590 5560 1843 5614 συναιρο-

275 5628 443 5699 μένου
478 5626 572 5678 τοῦ
605 5626 877 5696 βασιλείου
920 5629 1055 5700 τύχῃ
1090 5631 1374 5700 ὀνόματος,
1416 5638 1510 5686 καὶ
1558 5636 1656 5705 τὴν
1704 5637 1836 5707 ὅσην

274 5716 487 5781 ποτίζει
507 5718 813 5787 Μαίανδρος
848 5719 1018 5773 έπιὼν
1063 5722 1198 5791 μετά
1241 5723 1499 5793 Ἰὀὺρκων
1529 5725 1747 5795 ἔφθειρέ
1776 5745 1835 5779 τε

272 5810 368 5865 καὶ
422 5811 653 5880 ἔκειρεν.
722 5815 779 5868 '0
816 5812 871 5867 δὲ
918 5816 1199 5885 Λὰσκαρις
1244 5815 1532 5890 Θεόδωρος,
1584 5819 1659 5882 ὡς
1688 5819 1836 5888 γένει

1951 4442 2098 4496 ferre
2126 4449 2444 4495 statuerunt
2480 4456 2494 4493 :
2533 4439 2630 4494 sed
2674 4438 2931 4494 creandis
2970 4435 3398 4507 imperatoribus
3434 4435 3520 4488 in~

1952 4533 2089 4587 tenti
2123 4533 2295 4586 instar
2323 4533 2587 4601 gregatim
2649 4531 2951 4585 volantium
3003 4530 3185 4583 avium
3232 4542 3357 4582 cum
3410 4541 3523 4580 uno

1948 4627 2187 4698 quodam
2237 4626 2602 4679 subvolahant
2653 4633 2709 4679 et
2756 4622 3150 4687 discedebant;
3207 4622 3300 4675 alii
3348 4621 3516 4674 etiam

1949 4718 2191 4788 spinosis
2228 4716 2382 4770 rubis
2408 4716 2700 4784 imperium
2737 4714 3082 4769 deferebant.
3123 4711 3281 4767 Unde
3313 4712 3517 4766 multo-

1949 4828 2071 4866 rum
2126 4811 2443 4866 dominatus
2507 4808 2787 4864 Orientem
2861 4806 3234 4876 depascebat,
3290 4802 3521 4868 tricipiti

1948 4904 2182 4974 quadam
2218 4902 2396 4955 bellua
2424 4915 2452 4953 a
2483 4900 2807 4955 recordibns
2835 4899 3089 4965 implexa.
3114 4896 3261 4967 Nam
3298 4894 3518 4947 Mauro-

1948 4987 2129 5047 zOmes
2168 4990 2748 5046 ManuelCaichosrois
2792 4989 3013 5043 auxiliis
3044 4988 3240 5047 fretus,
3285 4986 3371 5039 cui
3406 5000 3515 5039 non

1947 5086 2119 5140 multo
2158 5094 2284 5137 ante
2316 5090 2641 5151 recuperato
2673 5081 2856 5136 Iconio
2905 5079 3069 5133 ﬁliam
3123 5077 3514 5149 desponderat,

1945 5176 2080 5229 nihil
2115 5191 2220 5228 non
2265 5174 2570 5228 conabatur
2609 5184 2667 5228 ut
2710 5173 3059 5242 imperatorio
3108 5172 3328 5224 nomine
3369 5171 3513 5238 poti-

1947 5276 2121 5329 retur,
2145 5275 2200 5319 et
2235 5280 2451 5320 omnem
2498 5264 2850 5318 Maeandrium
2908 5272 3141 5318 tractum
3176 5278 3300 5317 cum
3345 5261 3514 5332 828

1948 5360 2142 5415 Turcis
2171 5358 2433 5414 vastabat.
2465 5357 2788 5412 Theodorus
2846 5357 3117 5421 Lascaris,
3165 5354 3510 5409 nobilissimo

1947 5466 2147 5522 genere
2173 5459 2328 5504 ortus
2354 5459 2409 5504 et
2440 5448 2789 5517 imperatoris
2820 5447 3079 5501 affinitate
3110 5447 3369 5517 inclytus,
3416 5446 3509 5500 illo

1947 5544 2232 5615 proﬂigato
2286 5550 2345 5597 et
2403 5541 2571 5595 rubro
2632 5542 2815 5597 calceo
2871 5539 3062 5594 induto
3125 5540 3196 5593 ab
3249 5539 3509 5593 omnibus

1946 5636 2315 5693 Orientalibus
2381 5633 2612 5689 urbibus
2670 5634 2965 5702 imperator
3038 5631 3502 5686 consalutabatur.

1947 5729 2113 5782 David
2143 5742 2305 5798 porro
2331 5725 2644 5781 Comnenus
2672 5725 2912 5779 exercitu
2939 5740 3002 5778 ex
3046 5723 3412 5793 Paphlagonia
3452 5731 3509 5776 et

1944 5823 2171 5879 Pontica
2201 5821 2455 5879 Heraclea
2479 5829 2763 5887 coacto,et
2798 5820 3011 5876 Iberum
3065 5822 3157 5890 qui
3206 5820 3272 5874 ad
3313 5818 3497 5874 Phasi-
