4302 6370
815 368 951 433 1015

2068 380 2373 442 ΝΙΟΕΤιἘ
2416 383 2826 446 ΕΗΟΝΙΑΤᾹΞ

3928 392 4069 458 1016

809 482 933 577 dem
991 482 1236 577 babitant
1279 487 1491 556 legione
1545 490 1836 556 conducta,
1890 508 2059 565 pagos
2113 507 2169 552 et
2225 498 2390 555 urbes
2421 510 2508 560 Al

2367 515 2390 555 ε
2421 510 2461 560 Α
2492 499 2937 569 εὐπρεπέστατος
2967 504 3059 557 καὶ
3085 504 3238 575 κήδει
3283 505 3541 577 βασιλείῳ
3580 507 3880 575 περίδοξος,
3918 512 4066 564 ἀπο·

806 572 1126 642 .‘Subigebat;
1158 585 1215 629 et
1244 584 1301 628 ut
1332 579 1556 632 l'r'atrem
1620 596 1778 635 suum
1826 583 2073 639 Alexium
2126 602 2380 655 magnum

808 663 1085 729 redderet,
1122 681 1516 733 praecursorem
1560 672 1680 731 eius
1707 682 1763 725 et
1794 688 2099 741 praeconem
2154 678 2377 746 agebat.

809 751 1079 809 Caeterum
1110 756 1155 811 is
1184 758 1421 813 subinde
1446 762 1835 826 cunctabatur,
1888 766 2033 820 circa
2068 768 2378 838 Trapezun-

814 855 922 898 tcm
950 861 1157 900 moram
1188 850 1442 913 lrabcns;
1476 861 1531 904 et
1560 854 1718 920 plane
1748 855 1935 925 Hylam
1964 858 2137 921 illum,
2180 860 2247 913 de
2273 876 2382 929 quo

810 937 1164 1003 proverbium
1214 948 1315 1003 est,
1368 956 1533 1010 agens
1592 955 1862 1013 perpetuo
1920 949 2223 1003 vocabatur
2281 966 2383 1006 nec

812 1040 1053 1093 unquam
1110 1030 1481 1098 comparebat.
1543 1033 1679 1086 Cum
1742 1043 1925 1088 autem
1980 1038 2149 1090 David
2190 1038 2378 1093 adole~

808 1126 1052 1169 scentem
1110 1121 1425 1188 quemdam,
1468 1135 1831 1192 cognomento
1862 1126 2231 1195 Synadenum,
2281 1144 2381 1198 pro

808 1207 949 1261 duce
981 1208 1047 1261 ad
1084 1211 1452 1265 Nicomediam
1478 1215 1735 1279 misisset,
1770 1216 2023 1269 Lascaris
2052 1232 2175 1271 cum
2223 1234 2381 1273 εχει-ο

806 1300 919 1353 citu
950 1311 1138 1354 contra
1165 1301 1316 1355 illum
1354 1304 1742 1372 proﬁciscitur,
1764 1322 1823 1361 se
1848 1308 1976 1360 trita
2011 1317 2067 1362 et
2097 1310 2257 1377 plana
2300 1312 2381 1366 tia

806 1393 1063 1460 progredi
1131 1394 1397 1449 simulans
1450 1412 1465 1450 :
1523 1396 1617 1450 sed
1644 1412 1741 1465 per
1799 1398 1958 1452 aliam
2010 1416 2257 1468 asperam
2327 1410 2383 1455 et

805 1480 1122 1548 impeditam
1155 1498 1221 1537 ex
1254 1486 1548 1553 improviso
1578 1486 1926 1556 Synadenum
1950 1489 2179 1544 adortus
2208 1491 2375 1560 capit,

768 1572 1018 1633 ,milites
1069 1576 1188 1643 ejus
1246 1574 1495 1645 dissipat,
1559 1578 1932 1648 Davidcmque
1987 1582 2259 1649 reprimit,
2312 1600 2382 1638 ne

806 1664 948 1717 ultra
981 1665 1259 1720 Ponticam
1290 1667 1603 1722 Heracleam
1630 1671 2034 1741 progrediatur.
2061 1673 2171 1726 Nec
2210 1676 2383 1728 multo

811 1765 940 1825 post
970 1758 1358 1814 Maurozomeu
1388 1776 1607 1829 quoque
1634 1778 1759 1816 cum
1794 1763 1989 1818 Turcis
2015 1765 2066 1817 vi
2112 1764 2379 1833 proﬂigat,

2488 593 2865 662 κρουσάμενος
2907 597 3112 648 ἐκεῖνον
3142 596 3202 649 τὸ
3250 597 3482 667 ἐρυθρὸν
3524 599 3728 653 πέδιλοι
3772 599 4069 654 ὑποδύεται

2487 684 2582 736 καὶ
2626 684 2880 753 βασιλεὺς
2936 686 3224 754 Ῥωμαίων
3255 687 3346 754 ὑφ’
3375 689 3514 743 ὅλων
3542 689 3650 741 τῶν
3678 690 3831 759 ἑῴων
3859 692 4072 758 άναγο-

2486 774 2709 845 ρεύεται
2739 776 2972 830 πόλεων.
3013 779 3071 830 Ὀ
3103 778 3150 831 δ’
3180 780 3243 832 ἐκ
3298 781 3602 850 Κομνηνῶν
3642 782 3807 832 Δαΰὶδ
3835 798 4071 849 στρατο-

2485 864 2726 933 λογήσας
2758 867 3123 935 Παφλαγόνας
3154 870 3249 922 καὶ
3287 870 3337 921 οἳ
3378 871 3475 938 τὴν
3523 870 3791 938 Ποντικὴν
3820 872 4069 923 οἰκοῦσιν

2497 954 2850 1019 Ἡράκλειαν,
2884 960 2979 1011 καὶ
3014 963 3211 1030 μοῖραν
3247 963 3665 1031 μισθωσάμενος
3693 963 3923 1030 Ἰϐήρων
3955 963 4069 1013 τῶν

2485 1048 2750 1099 πινόντων
2773 1048 2867 1102 τοῦ
2889 1051 3137 1115 Φάσιδος,
3164 1053 3356 1121 κώμας
3380 1055 3474 1106 καὶ
3506 1054 3691 1115 πόλεις
3728 1053 4069 1116 ὑπεποιεῖτο,

2483 1136 2581 1188 καὶ
2625 1140 2719 1191 τὸν
2761 1141 2962 1192 οἰκεῖον
3015 1142 3333 1210 μεγαλύνων
3378 1145 3709 1214 κασίγνητον
3738 1140 3838 1213 ᾧή
3870 1144 4071 1211 κλῆσις

2496 1225 2754 1291 Ἀλέξιος,
2792 1230 3103 1300 πρόδρομος
3133 1232 3349 1284 ἐκείνου
3392 1234 3487 1284 καὶ
3509 1234 3797 1302 προκῆρυξ
3820 1235 4065 1299 ἐγένετο.

2496 1314 2554 1368 Ὀ
2576 1317 2631 1369 δὲ
2663 1318 2886 1384 ἔμελλεν
2917 1323 2998 1373 ἀεὶ
3023 1324 3288 1390 χρονίζων
3308 1326 3366 1375 ὲν
3390 1328 3503 1387 τοῖς
3524 1326 3622 1393 τῆς
3646 1325 4071 1394 Τραπεζοῦντος

2488 1410 2701 1477 μέρεσι,
2757 1410 2854 1461 καὶ
2891 1412 3255 1479 παροιμιακδς
3296 1414 3571 1465 ἐδείκνυτο
3601 1414 3796 1479 "flag,
3850 1414 4070 1481 φωνούσ

2489 1514 2646 1565 μενος
2684 1501 2777 1549 καὶ
2828 1499 2902 1567 μὴ
2930 1500 3324 1569 ὀπτανόμενος.
3388 1504 3541 1557 Ἐπεὶ⁵
3568 1504 3625 1557 δὲ
3672 1506 3767 1558 καὶ
3797 1509 3865 1574 τῇ
3900 1505 4075 1558 Νικο-

2488 1588 2689 1656 μήδους
2722 1594 2749 1640 ό
2806 1589 2967 1641 Δαϐιδ
2987 1586 3139 1653 οὗτος
3196 1593 3572 1661 προσεπέλασε
3622 1595 3711 1647 διά
3733 1612 3879 1657 τινος
3911 1594 4071 1662 αὐτῷ

2488 1678 2921 1747 στρατηγοῦντος
2964 1684 3255 1751 μεθρακος,
3290 1685 3598 1753 Συναδηνοῦ
3621 1688 3722 1753 τὴν
3742 1687 3981 1753 ἐπίκλησ
4010 1704 4066 1748 ν.

2489 1770 2802 1838 στράτευμα
2821 1773 3152 1841 συναγείρας
3172 1775 3197 1824 ὁ
3225 1774 3509 1841 Δάσκαρις
3530 1775 3653 1829 κατ’
3670 1777 3836 1829 αὑτοῦ
3860 1777 4069 1839 ἔπεισι,

812 1862 953 1915 quos
985 1851 1183 1917 partim
1210 1850 1369 1903 caedit
1400 1852 1599 1919 partim
1629 1854 1793 1922 capit,
1826 1869 1920 1907 eos
1956 1830 2258 1921 praesertim
2274 1830 2384 1926 vqui
2419 1830 2459 1885 Β
2488 1860 2511 1911 δ

2371 1858 2384 1911 i
2419 1830 2459 1885 Β
2488 1830 2577 1911 διά
2614 1860 2711 1928 μὲν
2728 1830 2839 1929 ’τῆς
2888 1830 3262 1932 τετριμμένης
3322 1830 3434 1917 καὶ·
3468 1830 3619 1926 λ-είας
3666 1865 3911 1935 ἔμφασιν
3945 1830 4070 1927 δοὺς

807 1955 1011 2010 genere
1044 1942 1287 1997 illustres
1312 1944 1542 2012 primam
1575 1944 1748 1998 aciem
1792 1945 2168 2000 obtinuerant.
2493 1967 2506 2001 τ

2493 1951 2846 2018 πορεύεσθαι,
2905 1955 3281 2023 ἐκπεριελθὼν
3339 1957 3394 2008 δὲ
3431 1958 3694 2026 τραχεῖαν
3744 1958 3912 2027 άὶλην
3975 1957 4071 2009 καὶ

807 2036 1093 2099 δύσόατον,
1142 2040 1235 2091 καὶ
1303 2038 1631 2108 προσπεσὼν
1696 2037 1988 2109 ἁφὼρατος
2031 2041 2108 2111 τῷ
2164 2043 2470 2112 Συναδηνῷ.
2505 2045 2669 2097 Ὅθεν
2703 2047 2798 2099 καὶ
2840 2050 3222 2118 στρατηγήσας
3250 2050 3407 2104 ὀὕτω
3437 2052 3527 2103 τὶν
3557 2052 3776 2104 νεανίαν
3806 2053 3974 2103 αὐτον
3999 2069 4059 2104 τε

810 2132 1102 2196 συνείληφε
1142 2132 1238 2184 καὶ
1275 2130 1336 2183 τὸ
1366 2133 1580 2185 ἐκείνου
1619 2134 1937 2201 στράτευμα
2001 2134 2339 2197 διεσκέδασε,
2387 2136 2481 2189 καὶ
2536 2135 2629 2188 τὸν
2662 2138 2833 2191 Δαόὶδ
2996 2142 3313 2210 περαιτέρω
3342 2144 3596 2208 προϊέναι
3647 2143 3745 2211 τῆς
3777 2143 4056 2212 Ποντικῆς

821 2225 1154 2293 Ἡρακλείας
1180 2227 1509 2295 παρέπεισε.
1545 2228 1679 2279 Μετ’
1705 2228 1764 2280 οὔ
1802 2228 1937 2281 πολὺ
1965 2229 2021 2281 δὲ
2048 2231 2143 2282 καὶ
2170 2231 2247 2297 τῷ
2278 2230 2639 2303 Μαυροξὼμῃ
2662 2234 3007 2301 συμπλακεὶς
3040 2237 3255 2303 φυγάδα
3276 2235 3517 2288 δείκνυσι
3545 2236 3757 2288 τοῦτον.
3785 2237 3899 2288 Καὶ
3932 2238 4065 2299 τοὺς

808 2319 1087 2387 Τούρκους
1106 2318 1247 2370 κατὰ
1281 2318 1482 2387 κράτος
1504 2319 1849 2388 τρεψάμενος
1868 2318 1961 2382 οὓς
1992 2320 2091 2386 μὲν
2129 2320 2455 2390 διέφθειρεν,
2484 2322 2575 2385 οὓς
2610 2323 2667 2376 δὲ
2693 2324 2998 2396 ἐζώγρησε,
3043 2326 3140 2380 καὶ⁸
3169 2326 3373 2380 τούτων
3411 2328 3651 2397 μάλιστα
3680 2325 3729 2379 οῖ
3758 2326 3859 2396 τῆς
3892 2343 4063 2397 στρα-

808 2411 933 2472 τιᾶς
969 2409 1370 2478 προετάττοντο
1396 2410 1491 2461 καὶ
1522 2411 1582 2462 το
1610 2411 1766 2476 γένος
1794 2407 1933 2481 ἦσαν
1959 2411 2249 2482 ἐπίσημοι-

878 2502 1046 2573 829
1112 2502 1241 2556 Hoc
1286 2516 1467 2556 rerum
1513 2501 1876 2557 Orientalium
1940 2513 2084 2559 statu
2146 2506 2387 2561 Joannes

808 2592 991 2664 Mysus
1042 2592 1463 2662 Philippopolim
1494 2595 1663 2663 capit,
1723 2594 1934 2664 diripit,
1961 2596 2198 2661 evertit,
2240 2598 2389 2652 cives

809 2686 1103 2753 plerosque
1161 2684 1489 2738 obtruncat:
1546 2686 1706 2754 cujus
1765 2686 1919 2740 urbis
1961 2688 2069 2756 jam
2121 2688 2250 2740 olim
2292 2704 2389 2757 per

812 2777 1042 2831 insidias
1066 2776 1443 2845 expugnanda:
1472 2777 1815 2832 occasionem
1870 2788 2135 2847 captarat,
2169 2781 2387 2834 habita-

810 2871 1026 2923 toribus
1078 2868 1505 2931 lnfensissimus,
1555 2869 1701 2937 quod
1752 2868 2088 2923 deditionem
2143 2871 2246 2924 sibi
2280 2888 2385 2924 non

812 2962 1072 3016 fecissent
1098 2971 1155 3015 et
1212 2968 1271 3013 ut
1312 2976 1420 3030 regi
1465 2975 1656 3029 parere
1708 2961 2122 3016 detrectassent.
2176 2962 2271 3017 sed
2330 2970 2390 3016 ut

816 3054 996 3107 virum
1046 3052 1457 3122 sanguinarium
1519 3053 1752 3106 aversati
1792 3065 1999 3108 essent.
2056 3055 2197 3109 Tum
2253 3070 2387 3109 vero

2564 2510 2676 2563 Καὶ
2702 2511 2831 2582 τῇδε
2868 2510 2969 2580 μὲν
3020 2512 3088 2567 τά
3118 2513 3253 2582 πρὸς
3286 2514 3362 2565 ἓω
3392 2513 3654 2582 ἐφέρετο-
3709 2512 3737 2564 δ
3785 2512 3839 2565 δὲ
3875 2513 4071 2573 Moab;

2503 2601 2759 2670 Ἰωάννης
2811 2605 2877 2672 τῇ
2931 2602 3364 2656 ⁴1>ιλιππουπν5λει
3430 2603 3871 2670 ἐπιστρατεύσας
3924 2605 4075 2673 αἱρεῖ

2489 2693 2693 2763 ταύτην
2722 2695 2815 2746 καὶ
2852 2693 3109 2761 καθαιρεῖ
3141 2693 3541 2763 προνομεύσας,
3576 2693 3671 2745 καὶ
3703 2695 3932 2754 πολλοὺς
3964 2699 4072 2747 τῶν

2493 2782 2641 2834 ἔνδον
2666 2782 2984 2846 ὑποδικάζει
3022 2786 3137 2846 τοῖς
3173 2784 3372 2852 ξίφεσι,
3412 2787 3505 2837 καὶ
3535 2785 3704 2837 πάλαι
3746 2785 3843 2854 μὲν
3886 2790 4070 2838 ἐνσχο-

2493 2873 2804 2943 λιευόμενος
2830 2875 2895 2944 τῇ
2929 2876 3081 2927 πόλει
3119 2876 3215 2928 καὶ
3255 2878 3317 2945 τῇ
3351 2875 3554 2943 ταύτης
3586 2876 3895 2943 ἐφεδρεὲων
3934 2876 4073 2928 ἁλώ-

2493 2980 2599 3028 σει,
2637 2966 2733 3018 καὶ
2782 2965 3142 3036 βαρυμηνιῶν
3173 2969 3287 3026 τοῖς
3315 2969 3628 3035 οἰκήτορσιν
3654 2968 3727 3028 ὡς
3762 2969 3892 3034 μηδ’
3932 2970 4071 3031 ὅλως

2492 3057 2642 3126 αὖτῷ
2672 3057 3051 3110 ὑποκύπτουσι
3087 3058 3305 3127 μηδ’ὼς
3339 3058 3550 3126 βασιλεῖ
3590 3059 3673 3129 [Ρ.
3732 3060 3860 3130 τοι]
3901 3077 4069 3129 προσ-

812 3146 947 3199 iilud
984 3148 1100 3215 ejus
1141 3146 1479 3199 iracundiam
1540 3155 1892 3214 exasperarat
1938 3152 1995 3199 et
2041 3146 2381 3201 barbaricam
2406 3158 2451 3218 ρ
2485 3149 2507 3200 ἐ

2368 3158 2451 3218 lC
2485 3149 2724 3219 ἐχουσιν,
2757 3150 2872 3202 ἀλλ’
2908 3148 2983 3212 ὼς
3007 3151 3255 3220 αἱμάτων
3275 3150 3444 3218 ἄνδρα
3475 3151 3920 3217 ἐκτρεπομένοις,
3972 3152 4067 3201 καὶ

814 3238 1089 3292 feritatem
1118 3245 1363 3302 auxerat,
1418 3237 1565 3306 quod
1627 3237 1876 3291 Alexium
1920 3237 2196 3307 Aspictem
2238 3253 2389 3293 rece-

811 3328 1023 3396 pissent
1053 3328 1216 3396 eique
1247 3338 1307 3381 ut
1326 3328 1451 3381 duci
1486 3328 1817 3397 paruissent,
1843 3344 1900 3383 se
1928 3344 2058 3383 vero
2082 3345 2205 3383 cum
2230 3346 2388 3385 exer-

811 3419 924 3472 citu
988 3420 1336 3473 invadentem
1406 3436 1547 3489 scepe
1605 3421 1957 3488 repulissent.
2005 3419 2274 3475 Caeterum
2323 3435 2388 3474 ea

813 3512 946 3565 nrbs
974 3511 1233 3565 inviolata
1278 3512 1589 3576 mansisset,
1642 3513 1686 3564 si
1716 3512 1830 3565 suis
1880 3511 2141 3581 auspiciis
2190 3512 2390 3579 guber-

812 3609 940 3653 nata
998 3608 1163 3661 esset,
1198 3608 1309 3653 tum
1361 3602 1505 3668 quod
1551 3600 1773 3653 Latinos
1826 3601 2059 3671 benigne
2101 3600 2387 3664 tractabat,

814 3701 928 3744 tum
949 3690 1093 3759 quod
1125 3692 1390 3744 Joannem
1423 3691 1628 3759 Mysum
1669 3708 1779 3746 non
1827 3707 2058 3760 prorsus
2098 3691 2388 3745 aversaba-

814 3790 924 3834 tur.
986 3780 1140 3835 Nunc
1191 3780 1300 3834 filia
1358 3791 1587 3835 matrem
1631 3798 1888 3851 sequens,
1954 3791 2242 3851 postquam
2300 3782 2386 3835 illa

814 3873 1001 3940 regina
1033 3879 1087 3924 et
1144 3871 1401 3939 princeps
1444 3873 1688 3925 omnium
1740 3872 2067 3926 labefactata
2121 3881 2177 3927 et
2226 3871 2386 3924 facile

819 3969 978 4029 capta
1013 3969 1118 4023 est,
1152 3960 1266 4013 haec
1298 3976 1518 4030 quoque
1549 3964 1801 4030 graviora
1829 3963 2079 4031 pertulit,
2118 3962 2389 4030 direptio—

818 4052 983 4106 nibus
1019 4061 1075 4106 et
1125 4052 1365 4107 caedibus
1419 4068 1702 4122 oppressa,
1747 4062 1803 4107 et
1863 4055 2088 4123 insuper
2144 4054 2392 4109 funditus

817 4158 1031 4197 eversa.
1072 4143 1243 4207 Cujus
1273 4144 1448 4198 ruinae
1499 4160 1668 4198 unmn
1720 4145 1852 4198 illud
1896 4155 2141 4214 spectato
2188 4146 2388 4215 jucun-

819 4232 949 4288 dum
982 4234 1206 4299 habent,
1238 4233 1384 4303 quod
1429 4234 1703 4303 Aspictem
1755 4235 1884 4289 fune
1913 4236 2049 4291 talos
2104 4238 2388 4307 trajectum

816 4335 875 4381 et
902 4326 957 4379 in
983 4325 1202 4379 sublimi
1236 4324 1390 4379 trabe
1423 4326 1655 4394 pedibus
1708 4341 2037 4395 suspensqu
2092 4336 2389 4382 ostentant.

818 4419 921 4474 Cui
962 4419 1056 4488 qui
1107 4418 1259 4487 regni
1309 4417 1601 4472 an‘ectandi
1646 4418 1922 4487 adjutores
1976 4418 2211 4480 fuerant,
2263 4434 2387 4472 cum

2491 3242 2614 3293 τότε
2642 3241 2698 3295 δὲ
2724 3242 2858 3310 πρὸς
2883 3241 3105 3293 πλείονα
3132 3242 3303 3311 θυμδν
3333 3242 3621 3301 ἐκκαυθεὶς
3653 3241 3756 3291 ὑπὸ
3786 3241 4068 3309 βαρϐάρου

2492 3332 2841 3401 φρονήματος
2876 3326 2957 3394 οἷς
2986 3334 3076 3384 τὸν
3119 3332 3416 3401 Ἀσπιέτην
3459 3330 3702 3394 Ἀλέξιον
3736 3331 4069 3397 είσῳκίσαν-

2490 3441 2572 3485 το,
2613 3424 2851 3490 κάκείνῳ
2890 3423 2992 3493 μὲν
3020 3424 3093 3485 ὡς
3131 3422 3361 3491 άρχηγῷ
3389 3422 3679 3474 ὑπέκειντο
3708 3422 3879 3488 decim,
3905 3421 4070 3472 αὑτὸν

2490 3514 2534 3566 δ’
2576 3514 2798 3566 ἐπιόντα
2832 3513 2950 3584 μεθ’
2982 3513 3160 3565 ὅπλων
3199 3514 3445 3582 πολλαχῆ
3482 3510 3917 3581 ἀπεκρούσαιτο.
3959 3507 4070 3561 Ἦν

2489 3606 2535 3659 δ’
2565 3606 2631 3658 ἂν
2661 3607 2695 3676 ἠ
2730 3606 2888 3666 πόλις
2920 3605 3014 3675 ἥδε
3057 3605 3248 3657 κακῶν
3301 3606 3523 3672 άθιγὴς.
3583 3606 3631 3655 εἰ
3684 3602 3829 3654 καθ’.
3860 3602 4069 3669 ἑαυτὴν

2490 3696 2790 3766 διεξήγετο,
2815 3695 2974 3748 τοῦτο
2995 3698 3094 3764 μὲν
3117 3696 3294 3763 ὴπ’ως
3327 3694 3749 3763 προσφερομένη
3787 3694 4065 3752 Λατίνοις,

2492 3787 2651 3842 τοῦτο
2680 3788 2734 3840 δέ
2765 3788 2857 3839 τὸν
2887 3786 3072 3840 Μυσὸν
3097 3786 3353 3853 Ἰωάννην
3391 3787 3490 3837 οὐκ
3523 3784 3901 3851 ἐκτρεπομένη
3930 3800 4063 3833 παπ·

2490 3880 2719 3931 τάπασι.
2756 3877 2870 3929 Νῦν
2893 3877 2938 3928 δ’
2966 3875 3209 3944 ἑπομένη
3251 3877 3317 3943 τῇ
3346 3876 3511 3944 μητρὶ
3540 3875 3689 3933 παῖς,
3723 3871 3780 3933 ἐξ
3806 3865 3881 3922 ὧν
3899 3873 4069 3937 ἀκρο-

2494 3969 2704 4037 σφαλὴς
2743 3968 2926 4035 ἐκείνη
2958 3966 3149 4033 γέγονε
3207 3969 3301 4018 καὶ
3336 3965 3607 4024 εὐάλωτος
3668 3962 3875 4030 βασιλὶς
3929 3956 4067 4011 οὖσα

2492 4060 2588 4112 καὶ
2622 4058 2809 4111 πασῶν
2842 4056 3216 4127 ὑπερκειμένη
3251 4055 3480 4119 πόλεων,
3518 4056 3581 4106 ἐκ
3619 4055 3824 4105 τούτων
3870 4051 3935 4121 δὴ
3973 4055 4066 4102 καὶ

2493 4150 2631 4217 αὕτη
2667 4150 2873 4217 χείροσι
2898 4148 3089 4207 κακοῖς
3117 4147 3529 4213 προσωμίλησε,
3564 4142 3683 4194 καθ’
3708 4144 3829 4194 ὅσον
3862 4156 4059 4207 προνο-

2497 4242 2624 4308 μαῖς
2659 4238 2943 4290 ἐκδοθεῖσα
2969 4238 3063 4289 καὶ
3103 4237 3372 4305 μαχαίρας
3403 4236 3629 4301 στόματι
3661 4234 3737 4284 ἔτι
3773 4232 3866 4284 καὶ
3893 4247 4054 4298 προσ-

2494 4325 2802 4396 καθῄρηται
2830 4326 2923 4377 καὶ
2946 4328 3025 4386 εἰς
3046 4324 3345 4393 περιφανὲς
3372 4324 3610 4392 ἐρείπων
3633 4322 4053 4388 κατηδάτριστιι,

2495 4415 2701 4483 καθἰἒν
2727 4416 2888 4484 μόνον
2903 4416 3028 4476 τοὺς
3049 4414 3358 4482 ὀφθαλμοὺς
3380 4413 3591 4481 διαχέον
3617 4411 3723 4462 τῶν
3748 4412 4060 4477 θεωμένων,

818 4508 1083 4563 Joannem
1123 4522 1231 4561 non
1259 4507 1510 4571 laterent,
1552 4522 1621 4561 ne
1650 4508 2024 4561 inconstantiae
2060 4508 2226 4577 830
2269 4525 2388 4578 ραι·
2418 4484 2467 4543 Ῑ)
2494 4525 2517 4559 τ

2364 4540 2388 4551 -
2418 4484 2467 4543 D
2494 4507 2554 4559 τὸ
2580 4509 2642 4559 ἐκ
2667 4507 2844 4560 ποδῶν
2870 4505 3209 4575 ἀνηρτῆσθαι
3238 4504 3328 4556 τὸν
3364 4504 3655 4569 ’Δσπιέτην
3678 4501 3761 4552 ἐπ’
3789 4501 4060 4561 ιθυτενοῦς

817 4614 921 4653 nas
947 4599 1141 4653 darent
1171 4599 1355 4662 veriti,
1380 4600 1556 4666 palam
1585 4597 1882 4663 deﬁciunt;
1914 4609 1969 4653 et
1990 4599 2081 4652 alii
2106 4598 2174 4652 ad
2206 4599 2386 4653 Theo-

820 4690 1016 4744 dorum
1050 4689 1324 4744 Lasearim
1356 4688 1727 4742 Orientalibus
1760 4688 1988 4743 urbibus
2013 4690 2389 4743 dominantem

821 4796 881 4835 se
937 4779 1251 4843 conferunt,
1299 4780 1389 4832 alii
1455 4778 1796 4833 Orestiadcm
1861 4788 2236 4844 concurrunt;
2296 4780 2387 4833 alii

826 4869 1271 4940 Didymoticbum
1302 4868 1531 4937 ingressi
1561 4884 1683 4922 cum
1715 4867 1924 4923 Latinis
1946 4884 2133 4937 pacem
2159 4870 2388 4934 faciunt,

821 4971 879 5016 et
913 4977 1009 5026 per
1080 4960 1287 5028 legatos
1339 4958 1685 5011 Theodorum
1738 4956 1968 5013 Branam
2034 4957 2231 5012 ducem
2285 4957 2389 5011 sibi

824 5046 967 5099 mitti
1025 5053 1237 5116 petunt.
1298 5044 1410 5097 Nec
1451 5046 1681 5099 multum
1740 5045 2003 5113 temporis
2060 5046 2389 5111 intercessit,

824 5149 951 5188 cum
984 5134 1224 5188 Joannes
1250 5133 1429 5203 Mysiae
1459 5133 1623 5188 rebus
1653 5135 1988 5199 constitutis,
2042 5146 2098 5189 et
2147 5136 2391 5191 deserto-

825 5225 982 5280 ribus
1017 5226 1277 5294 gravibus
1337 5226 1621 5293 suppliciis
1663 5237 1719 5279 ct
1771 5241 1913 5279 novo
1946 5228 2137 5281 mortis
2192 5243 2389 5297 genete

825 5318 1061 5380 allectis,
1111 5318 1253 5371 irato
1282 5325 1336 5371 et
1386 5316 1585 5369 caedem
1637 5318 1877 5385 spirante
1930 5319 2080 5370 vultu
2131 5318 2391 5375 Romanis

826 5409 1030 5463 bellum
1063 5407 1265 5462 inferre
1290 5406 1503 5468 statuit,
1528 5420 1761 5473 quorum
1787 5405 1891 5459 sibi
1938 5407 2111 5470 dolos,
2147 5406 2388 5471 fraudes,

826 5500 1113 5571 perfidiam
1149 5538 1161 5555 .
1218 5512 1485 5552 summam
1538 5497 1811 5550 levitatem
1880 5496 2088 5550 diutius
2138 5497 2392 5552 ferendas

826 5608 953 5648 esse
988 5590 1244 5661 negabat.
1266 5590 1433 5658 Igitur
1468 5589 1547 5643 ira
1606 5590 1845 5657 percitus
1891 5588 2208 5645 innumeras
2257 5591 2390 5661 Scy-

830 5684 1005 5738 thicas
1027 5694 1235 5739 turmas
1288 5681 1519 5750 ablegat,
1544 5694 1773 5749 quarum
1822 5680 1942 5734 alia:
1987 5681 2389 5750 Adriauopolim

829 5774 1187 5839 obsederunt,
1224 5773 1341 5828 alite
1377 5771 1604 5826 Rusium
1642 5785 1904 5841 aggressa:
1956 5771 2208 5825 Latinum
2255 5788 2394 5841 prte-

2493 4601 2778 4664 σκόλοπος,
2814 4596 3270 4666 διατετορημένον
3311 4594 3439 4655 τοὺς
3488 4592 3853 4660 ἐπισφυρίους
3887 4592 4065 4643 τένον·

2490 4709 2587 4751 τας
2618 4690 2712 4742 καὶ
2760 4690 2942 4749 κάλως
2991 4688 3085 4738 ἐπὶ
3116 4685 3322 4738 τούτων
3373 4685 3689 4752 δεξάμενον.
3766 4684 3847 4735 Τά
3891 4683 3940 4734 δ’
3970 4684 4062 4734 ἐπὶ

2492 4782 2701 4841 τούτοις
2755 4780 2854 4831 οὐκ
2907 4778 3098 4830 ἔλαθον
3151 4776 3242 4827 τὸν
3296 4776 3551 4843 Ἰωάννην
3580 4776 3630 4825 oi
3676 4774 3752 4841 τῷ
3798 4774 4060 4844 Ἀσπιέτη

2496 4872 2805 4940 σύμφρονες
2832 4870 2926 4922 καὶ
2962 4869 3097 4937 πρὸς
3125 4867 3256 4933 ὕψος
3296 4866 3575 4934 βασιλείας
3627 4868 3831 4917 ἐκεῖνον
3867 4866 4059 4931 κουφξ.

2496 4978 2711 5023 σαντες,
2742 4960 2864 5012 ὅθεν
2905 4957 3251 5026 ὑφορώμενοι
3313 4956 3387 5024 μὴ
3433 4955 3588 5015 δίκας
3629 4955 3765 5005 δοῖεν
3798 4955 3875 5014 ὠς
3905 4954 4059 5005 άλλοο

2493 5050 2809 5119 πρόσαλλοι,
2836 5048 3160 5114 άςρὶστανται
3184 5044 3471 5113 λαμπρῶς.
3506 5043 3723 5112 Ἀμέλει
3766 5044 3857 5092 καὶ
3892 5045 4057 5093 ἐκπο-

2490 5140 2597 5193 δὼν
2630 5138 2987 5209 χωρισθέντες
3042 5136 3091 5188 οἱ
3160 5134 3257 5202 μὲν
3329 5134 3586 5203 προσίασι
3648 5132 3910 5200 Θεοδώρῳ
3981 5131 4057 5197 τῷ

2492 5231 2762 5299 Λάσκαρι,
2782 5228 2887 5280 τῶν
2921 5227 3070 5297 ἐῴων
3094 5223 3386 5295 κρατοῦντι
3416 5224 3642 5283 πόλεων,
3675 5223 3722 5273 οἰ
3750 5222 3800 5274 δὲ
3831 5222 4059 5289 συνδρα-

2498 5323 2686 5391 μόντες
2716 5321 2772 5382 ἐς
2813 5317 3149 5388 Ὀρεστιάδα,
3179 5315 3326 5369 ἄλλοι
3370 5315 3414 5366 δ’
3444 5315 3704 5375 εἰσιόντες
3743 5313 3805 5363 τὸ
3832 5312 4056 5379 Διδυμὸο

2492 5427 2669 5480 τοιχον
2711 5409 2962 5470 Λατίνοις
3001 5408 3338 5461 σπένδονται.
3384 5407 3492 5458 Καὶ
3524 5407 3839 5474 πέμψαντες
3890 5405 4055 5470 ἀγγέ-

2492 5499 2617 5560 λους
2652 5499 2799 5567 σφίσι
2826 5497 3130 5568 στρατηγὸν
3172 5494 3510 5559 ἐξαιτοῦνται
3538 5495 3626 5546 τὸν
3683 5494 3899 5562 Βρανᾶν
3930 5494 4055 5544 θεά·

2493 5593 2684 5659 δωρον.
2718 5592 2898 5660 Βραχὺ
2927 5590 2986 5642 τὸ
3018 5592 3075 5641 ἐν
3113 5590 3283 5659 μέσῳ,
3319 5589 3413 5638 καὶ
3453 5587 3549 5656 τὴν
3573 5587 3787 5639 Μυσίαν
3813 5584 3997 5637 εἰσιὼν
4026 5585 4053 5635 ὁ

2508 5680 2757 5747 Ἰωάννης
2778 5682 2870 5731 καὶ
2895 5680 3052 5731 τάκεῖ
3073 5677 3204 5746 πρὸς
3234 5676 3294 5728 τὸ
3318 5674 3379 5727 εὖ
3401 5676 3737 5743 διαθέμενος,
3771 5676 3864 5726 καὶ
3892 5673 4051 5726 xcid-

2498 5789 2613 5825 σεσι
2648 5770 2891 5841 βαρείαις
2914 5770 3005 5822 καὶ
3029 5768 3277 5829 θανάτοις
3302 5764 3504 5828 καινοῖς
3540 5765 3664 5824 τοὺς
3707 5765 4049 5824 ἀποστάντας
