4302 6370
779 368 913 430 1019

2030 370 2326 430 ΝΙΕΕΤίΕ
2368 368 2778 431 CHONIATzE

3889 367 4029 431 1020

788 490 1184 550 transgcrant.
1212 493 1265 537 et
1296 485 1525 539 aderant
1591 491 1682 563 qui
1716 502 1913 542 aureos
1958 505 2213 543 nummos
2262 503 2356 556 po-
2384 488 2427 547 Λ
2457 487 2487 536 δ

2329 518 2356 527 -
2384 488 2427 547 Α
2457 486 2647 538 δεινῶν
2676 488 3008 540 πεπόνθασιν
3051 488 3273 557 ἔσχατα,
3302 487 3393 540 καὶ
3421 488 3580 555 ἀγροὶ
3601 488 3695 539 καὶ
3729 486 3913 556 κῶμαι
3934 487 4028 541 καὶ

781 572 1074 626 stularcnt.
1113 573 1317 627 Deinde
1345 575 1612 643 quosdam
1646 595 1711 630 ex
1745 578 2063 633 Latinorum
2094 580 2345 643 cohorte,

778 665 872 731 qui
945 665 1219 718 llhazdesti
1276 681 1396 718 cum
1458 667 1629 720 Brana
1675 669 2098 740 fuerant,833
2136 672 2346 741 vesperi

782 757 974 807 urbem
1004 756 1281 831 ingressos
1312 760 1573 827 Athyrani
1603 760 1838 814 libenter
1889 770 1944 814 et
1974 762 2199 815 minime
2228 778 2352 831 gra-

780 844 948 896 vatim
977 858 1340 913 susceperunt
1372 864 1386 897 :
1422 850 1686 915 putabant
1729 852 1872 904 enim
1919 867 2013 905 eos
2052 852 2163 907 illic
2198 868 2353 905 man-

782 943 941 987 suros
961 942 1016 986 et
1046 951 1169 988 cum
1197 936 1411 1004 Sc3this
1451 948 1811 1006 pugnaturos.
1848 940 1952 993 Sed
1987 940 2062 992 illi
2098 940 2199 994 sub
2235 940 2352 1008 pri-

782 1037 924 1074 mam
960 1026 1136 1077 noctis
1175 1024 1411 1091 vigiliam
1447 1026 1573 1080 inde
1605 1028 1913 1091 discedunt,
1947 1043 2109 1096 opera
2143 1029 2265 1081 data
2296 1035 2355 1081 ut

782 1108 1012 1180 Scythas
1068 1113 1203 1164 clam
1257 1117 1628 1181 prmtvrirent;
1682 1117 1783 1169 etsi
1835 1132 1929 1185 Spe
1960 1133 2055 1171 sua
2085 1119 2351 1185 frustrati,

780 1201 930 1271 juxta
960 1204 1135 1270 ipsum
1170 1205 1437 1273 Rhegium
1471 1208 1521 1257 in
1555 1206 1883 1275 Scytharum
1910 1209 2168 1263 cohortes
2198 1220 2353 1265 ante-

782 1306 994 1357 gressas
1017 1293 1220 1359 delapsi
1258 1309 1447 1348 omnes
1499 1298 1697 1364 exiguo
1733 1307 2009 1352 momento
2050 1302 2351 1367 perierunt.

785 1380 995 1449 Scytha:
1016 1397 1145 1434 vero
1180 1392 1299 1450 post
1332 1383 1650 1438 Latinorum
1680 1386 1981 1441 discessum
2019 1404 2047 1440 a
2074 1391 2354 1457 populari-

793 1475 896 1525 bus
926 1472 1039 1524 suis
1062 1474 1308 1540 pecunia:
1346 1476 1695 1531 exactoribus
1733 1478 1873 1531 clam
1923 1479 2067 1533 circa
2122 1482 2354 1534 mediam

787 1574 1007 1617 noctem
1045 1566 1268 1618 funibus
1291 1581 1387 1633 per
1418 1582 1605 1621 muros
1644 1570 1883 1632 attracti,
1940 1581 1996 1624 et
2044 1572 2213 1640 portis
2261 1588 2357 1640 po-

788 1654 897 1715 titi,
918 1669 1039 1708 cum
1065 1655 1314 1709 horribili
1336 1657 1575 1712 clamore
1598 1660 1806 1716 strictis
1831 1661 2055 1716 ensibus
2078 1665 2128 1716 in
2155 1664 2360 1731 pleros-

732 1787 736 1790 .
787 1758 893 1811 que
923 1744 1103 1797 adhuc
1150 1745 1506 1807 dormientes.
1539 1764 1661 1801 cum
1702 1750 1823 1819 fuga
1856 1751 2077 1805 minime
2102 1752 2356 1820 expedita

2454 576 2626 629 τᾶλλα
2649 577 2825 629 ὁπόσα
2851 578 2971 638 ταῖς
3004 577 3192 630 πόλεσι
3226 578 3451 639 ταύταις
3485 577 3805 629 ’ύπὲκυπτον
3834 580 4036 645 πρότε-

2459 683 2572 735 ρον,
2607 669 2700 719 καὶ
2723 669 2822 720 ὅσα
2849 669 2907 729 ἐς
2934 667 3102 736 αὐτὴν
3139 668 3235 736 τὴν
3268 668 3476 720 πόλεων
3517 668 3707 720 πασῶν
3741 668 4036 737 προεδρεύ-

2451 771 2619 806 ουσαν
2655 756 3069 824 παρατείνουσι,
3113 748 3232 816 ταῖς
3268 755 3561 816 Σκυθικαῖς
3602 757 3757 823 χερσὶ
3791 755 4036 807 καθυπέ-

2454 846 2650 913 κυψαν.
2715 847 2837 898 Ἐπὶ
2895 848 3030 898 πᾶσι
3078 847 3172 898 καὶ
3208 847 3256 897 οἱ
3289 845 3349 898 τὸ
3395 847 3638 914 πόλισμα
3679 846 3770 899 τὸν
3795 846 4035 915 Ἀθύραν

2453 937 2723 998 οἰκοῦντες
2750 939 2991 1007 ὀλέθροις
3015 938 3335 1006 ἀνηκέστοις
3358 940 3796 1006 περιεπάρησαν.
3828 930 3908 989 Τὰ
3932 937 4037 1006 μὲν

2454 1030 2563 1097 γάρ
2588 1029 2778 1098 πρῶτα
2833 1031 2924 1081 ἐπὶ
2965 1031 3211 1098 χρήμασι
3263 1032 3373 1089 τοῖς
3414 1028 3650 1090 Σκύθαις
3702 1028 4032 1095 συνέϐησαν,

2453 1120 2549 1172 καὶ
2579 1116 2718 1189 ἦσαν
2753 1119 2801 1171 οἳ
2856 1120 2920 1171 ὲκ
2978 1119 3199 1172 Σκυθῶν
3240 1119 3534 1185 ἀφιγμένοι
3589 1120 3659 1171 τὰ
3711 1120 3774 1171 ἐκ
3824 1101 4034 1188 χρῧσᾳῦ

2455 1212 2811 1280 εἰσέπραττον
2843 1196 3105 1278 κόμματα
3129 1225 3140 1238 ·
3179 1211 3316 1279 πρὸς
3349 1210 3394 1262 δ’
3424 1210 3666 1278 ἐσπέραν
3696 1210 3855 1261 ἐνίων
3892 1212 4038 1262 ἐκεῖ·

2457 1299 2547 1352 θεν
2572 1300 2997 1370 ἀπαντησάντων
3018 1302 3196 1352 ἐκεῖσε
3220 1299 3312 1350 τοῦ
3339 1299 3627 1351 Λατινικοῦ
3653 1299 4038 1366 συντάγματος

2456 1391 2483 1444 ὃ
2518 1392 2683 1460 συνῆθ
2712 1396 2768 1444 ἐν
2809 1390 3101 1460 Ῥαιδεστῷ
3128 1390 3202 1459 τῷ
3229 1391 3432 1460 Βρανᾷ,
3465 1390 3875 1458 κεχαρισμένως
3913 1388 4040 1456 scpi-

2460 1501 2564 1545 σιν,
2586 1484 2699 1535 ἀλλ’
2729 1484 2789 1536 οὺ
2823 1483 3141 1554 προσάντως
3163 1485 3210 1535 οἰ
3243 1484 3300 1534 ἐν
3347 1481 3553 1551 Ἀθύρα
3587 1480 3995 1550 προσφέρονται
4018 1496 4034 1513 ⁸

2458 1572 2626 1641 ᾤοντο
2656 1575 2763 1641 γάρ
2788 1574 2863 1636 ὡς
2888 1573 3419 1642 συμπαραμενοῦσιν
3451 1570 3621 1622 ἐκεῖθι
3650 1570 3741 1622 καὶ
3774 1571 3864 1622 τὸν
3894 1570 4041 1628 κατὰ

2460 1665 2684 1718 Σκυθῶν
2732 1664 2921 1731 ἀγῶνα
2968 1664 3427 1716 ἐπαποδύσονται.
3483 1661 3625 1714 Ἀλλ’
3661 1665 3708 1713 οἱ
3760 1661 3857 1728 μεν
3912 1660 4042 1729 περὶ

2465 1755 2687 1826 πρώτην
2719 1753 2969 1822 φυλακὴν
2999 1755 3095 1821 τῆς
3149 1754 3344 1816 νυκτὸς
3379 1753 3589 1805 ἐκεῖθεν
3659 1751 4041 1822 μεθίστανται,

788 1842 951 1895 esset,
982 1833 1218 1887 irruunt.
1244 1834 1315 1888 Ea
1350 1836 1514 1905 igitur
1558 1847 1717 1892 nocte
1745 1838 1957 1893 facinus
1981 1841 2184 1903 editur,
2213 1842 2359 1910 quod
2395 1840 2433 1891 Β
2467 1847 2487 1897 λ

2346 1842 2359 1895 l
2395 1840 2433 1891 Β
2467 1847 2647 1898 λαθεῖν
2684 1847 2806 1906 τοὺς
2839 1845 3053 1904 Σκύθας
3080 1844 3174 1896 καὶ
3226 1843 3517 1913 παρελθεῖν
3554 1842 3793 1911 σπουδὴν
3821 1841 4045 1909 τιθέμε-

789 1926 1055 1996 lacrymas
1093 1929 1328 1994 postulat
1380 1929 1549 1982 instar
1599 1933 1920 1999 perennium
1957 1934 2195 1986 anmium
2230 1948 2361 2001 pro-

792 2024 1094 2071 manantes.
1130 2018 1241 2073 Nec
1265 2019 1410 2072 enim
1464 2020 1565 2073 viri
1603 2031 1658 2075 et
1704 2022 1919 2077 lemime
1945 2024 2208 2078 duntaxat
2234 2040 2361 2094 par-

794 2108 889 2160 titn
915 2108 1109 2173 occisi,
1144 2111 1339 2176 partim
1370 2110 1423 2162 in
1460 2112 1778 2165 servitutem
1815 2113 2035 2166 abducti
2087 2123 2233 2177 sunt,
2268 2115 2363 2169 sed

792 2210 894 2249 nec
925 2197 1188 2250 lactentes
1214 2197 1463 2254 inl'antuli
1491 2201 1611 2269 ejus
1651 2200 1777 2253 mali
1809 2212 2062 2269 expertes
2091 2202 2319 2256 fuerunt
2348 2220 2362 2257 :

795 2288 889 2341 sed
919 2288 970 2340 hi
1008 2303 1227 2356 quoque
1288 2298 1347 2342 ut
1400 2290 1676 2344 immaturi
1707 2300 1762 2345 et
1816 2294 1995 2347 tenelli
2044 2292 2256 2348 flosculi
2297 2294 2367 2348 ab

797 2380 1325 2434 immisericordibus
1376 2382 1483 2435 illis
1531 2384 1689 2448 viris,
1725 2386 2104 2453 ignorantibus
2159 2396 2367 2441 naturas

797 2468 1052 2537 iujuriam
1096 2470 1212 2524 ﬁeri
1247 2481 1303 2525 et
1334 2472 1804 2544 bumanitatisjus
1836 2474 1904 2528 ab
1940 2489 2006 2529 eo
2043 2475 2236 2529 violari
2270 2476 2366 2543 qui

798 2558 1094 2614 iracundiae
1158 2562 1301 2615 ultra
1348 2563 1631 2617 victoriam
1686 2564 2000 2635 indulgeat,
2057 2566 2366 2620 obtruncati

800 2661 948 2703 sunt.
976 2650 1044 2703 Et
1093 2653 1239 2720 quod
1286 2654 1457 2722 magis
1490 2656 1884 2723 deplorandum
1913 2656 2078 2728 834
2117 2666 2223 2720 est,
2268 2657 2369 2711 im-

801 2742 1098 2811 placabiles
1124 2743 1376 2799 homines
1409 2748 1691 2814 occupatis
1714 2747 1992 2801 littoribus
2024 2763 2120 2801 eos
2154 2747 2247 2816 qui
2275 2747 2370 2801 illo

801 2846 1155 2888 accurrerant
1222 2836 1417 2905 partim
1472 2838 1667 2907 gladiis
1724 2841 2100 2907 trajecerunt,
2172 2840 2368 2908 partim

804 2934 1173 2983 retraxerunt.
1208 2929 1405 2994 partim
1434 2930 1488 2981 in
1514 2944 1707 2997 aquam
1733 2930 2101 2999 praecipitatus
2121 2929 2373 2984 submer-

803 3027 1015 3071 scrunt.
1044 3016 1208 3072 Pauci
1243 3020 1455 3088 navigia
1482 3021 1662 3089 adepti
1697 3022 2369 3077 evaserunt.Erantetiam

803 3110 897 3177 qui
927 3110 1126 3163 scalam
1149 3125 1257 3163 non
1281 3110 1464 3177 adepti
1501 3112 1641 3165 intra
1679 3114 1903 3182 puppim
1941 3125 2000 3169 et
2040 3114 2275 3183 remiges
2310 3114 2366 3167 in

806 3215 957 3254 mare
986 3200 1327 3255 deciderent.
1366 3201 1537 3255 Tanta
1568 3203 1692 3256 mali
1722 3205 1983 3258 atrocitas
2017 3204 2120 3259 fuit
2144 3215 2199 3259 et
2228 3219 2368 3275 pene

816 3291 1141 3345 internecio.
1185 3292 1257 3344 Ex
1286 3306 1353 3345 eo
1380 3291 1608 3346 Barbari
1638 3294 1767 3347 totis
1794 3294 2104 3363 legionibus
2132 3306 2189 3349 ct
2212 3310 2373 3350 exere

807 3382 1011 3439 citibus
1046 3392 1336 3452 pergentes
1358 3393 1525 3438 Vasta:
1563 3385 1816 3452 procellae
1842 3386 2019 3439 instar
2052 3387 2238 3440 omnia
2263 3388 2373 3441 dis-

810 3474 1084 3542 sipabant,
1142 3483 1235 3527 aut
1296 3476 1533 3528 incendii
1586 3476 1639 3529 in
1682 3477 1815 3530 silva
1873 3478 2168 3546 grassantis
2216 3478 2378 3535 obvia

811 3582 1040 3636 qumque
1072 3568 1451 3623 absumebant.
1486 3569 1673 3638 Neque
1708 3586 1897 3623 rerum
1922 3572 2166 3624 omnium
2214 3572 2377 3640 quid-

814 3672 976 3726 quam
1008 3667 1127 3712 erat
1148 3658 1649 3729 impervestigatum
1672 3670 1728 3715 et
1770 3661 1978 3730 rapinis
2007 3671 2207 3717 tutum.
2252 3664 2382 3717 Duae

815 3757 1027 3801 tantum
1060 3764 1127 3802 ex
1160 3750 1409 3818 plurimis
1452 3762 1509 3805 et
1544 3753 1792 3806 maximis
1843 3753 2094 3816 urbibus,
2140 3754 2299 3825 Bizya
2328 3762 2385 3808 et

814 3837 1082 3908 Selybria,
1128 3849 1185 3893 et
1216 3842 1435 3908 rapinas
1459 3850 1513 3895 et
1560 3844 1865 3898 vastitatem
1905 3845 2238 3915 effugerunt,
2273 3862 2383 3902 non

814 3929 978 3983 modo
1006 3931 1181 3985 ﬁrmis
1202 3932 1399 3987 cincta:
1443 3936 1738 3997 mceuibus.
1793 3935 1887 3989 sed
1923 3938 2085 3991 etiam
2139 3938 2382 3993 locorum

818 4018 929 4072 situ
960 4020 1362 4075 munitissimae.
1396 4024 1611 4092 Alioqui
1671 4039 1773 4079 nec
1819 4026 2187 4082 universalcm
2241 4030 2386 4084 inle-

818 4109 987 4163 ritum
1021 4110 1343 4178 evitassent,
1366 4122 1422 4167 et
1456 4130 1524 4167 ne
1561 4130 1589 4168 a
1620 4116 1831 4171 Latinis
1860 4118 2082 4185 quidem
2112 4120 2389 4175 intentata:

820 4202 1272 4271 permansissent.
1311 4203 1389 4258 Ac
1434 4205 1551 4259 ltali
1608 4206 1696 4261 bis
1754 4208 2180 4264 adversitatibus
2230 4212 2389 4267 fracti

820 4293 1155 4361 Cpolivelut
1186 4294 1241 4348 in
1294 4296 1522 4349 mandra
1575 4299 2075 4364 condensabantur,
2128 4311 2183 4357 et
2227 4303 2392 4358 rebus

822 4381 891 4435 ad
924 4382 1263 4436 tolerandam
1295 4369 1639 4439 obsidionem
1676 4390 2007 4443 necessariis
2060 4393 2391 4460 comparatis

2464 1955 2566 2001 νοι,
2601 1936 2707 1988 κᾶν
2732 1934 2991 1997 ἐξέπεσον
3032 1935 3140 1987 τῶν
3182 1935 3325 1986 κατὰ
3379 1933 3581 1986 σκοπὸν
3632 1933 3769 2001 (τι),
3818 1931 4043 1984 Σκυθῶν

2466 2030 2680 2095 ἑτέραις
2732 2026 2953 2093 μοίραις
3006 2023 3406 2093 προελασάσαις
3477 2020 3851 2090 ἐγκύρσαντες
3917 2020 4043 2073 κατ’

2465 2097 2595 2172 αὐτὸ
2615 2118 2676 2169 τὸ
2718 2116 2959 2184 Ῥήγιον,
3011 2117 3105 2166 καὶ
3140 2114 3337 2175 πάντες
3366 2112 3440 2174 ὡς
3486 2113 3577 2165 διὰ
3624 2111 3859 2181 βραχέος
3897 2114 3953 2173 ές
3986 2110 4046 2163 τδ

2467 2206 2566 2276 ζῇν
2605 2203 2690 2275 [Ρ.
2730 2200 2857 2273 406]
2920 2200 3394 2260 κινδυνεύσαντες.
3455 2199 3519 2252 Ol
3574 2199 3630 2251 δέ
3664 2197 3869 2251 Σκύθαι
3905 2196 4046 2265 μετὰ

2468 2299 2565 2366 τὴν
2595 2293 2840 2348 Λατίνων
2872 2290 3239 2358 ἀπονόστησιν
3273 2289 3379 2341 ὑπὸ
3408 2288 3516 2340 τῶν
3544 2288 3612 2339 τὰ
3638 2289 3897 2356 χρήματα
3925 2287 4048 2338 συλ-

2468 2389 2737 2455 λεγόντων
2764 2397 3040 2451 ομογενων
3062 2381 3238 2450 λάθρα
3263 2398 3329 2433 πε
3341 2383 3391 2449 pi.
3417 2382 3585 2450 μέσας
3612 2380 3809 2442 νύκτας
3837 2379 3927 2431 διὰ
3950 2378 4047 2431 τοῦ

2467 2481 2680 2548 τείχους
2708 2474 3095 2543 άνιμηθέντες,
3135 2472 3231 2526 καλ⁵
3263 2471 3370 2524 τῶν
3426 2471 3609 2523 πυλῶν
3640 2472 3931 2540 ἐγκρατεῖς
3956 2486 4049 2536 γε·

2470 2573 2704 2640 νόμενοι,
2730 2568 2799 2620 τὰ
2822 2567 2952 2634 ξίφη
2989 2564 3332 2633 σπασάμενοι
3368 2564 3465 2614 σὺν
3495 2561 3743 2631 ἀλαλαγῇ
3774 2562 4048 2630 φρικαλέᾳ

2469 2664 2581 2724 τοῖς
2606 2659 2879 2721 πλείστοις
2898 2656 2982 2709 ἔτι
3014 2653 3520 2724 καταδαρθάνουσιν
3564 2653 4046 2716 ἐπεισπίπτουσιν,

2470 2759 2559 2810 ὅτε
2599 2756 2673 2824 μὴ
2704 2753 2990 2820 διαδρᾶναι
3023 2749 3202 2820 ῥᾴδιον
3230 2744 3319 2818 ἧν.
3357 2747 3571 2800 Γίνεται
3603 2746 3697 2799 οὖν
3725 2748 3821 2816 τῆς
3848 2748 4051 2806 νυκτὸς

2472 2846 2691 2913 ἐκείνης
2724 2843 2888 2913 ἔργον
2902 2838 3108 2911 χρῇζον
3142 2838 3398 2907 δακρύων
3426 2838 3568 2889 κατὰ
3589 2837 3872 2903 ποταμοὺς
3898 2836 4051 2904 ῥεόν-

2471 2954 2580 2990 των
2637 2936 2867 2989 άέννααο
2901 2932 2960 2984 ού
3012 2929 3123 2998 γὰρ
3159 2928 3319 2998 μόνον
3349 2927 3577 2996 άῤῥενές
3631 2943 3691 2978 τε
3720 2926 3814 3000 καὶ
3834 2924 4050 2993 θήλειαι

2472 3027 2628 3081 τοῦτο
2647 3027 2745 3096 μὲν
2772 3022 3143 3095 ἀνῃρέθησαν,
3168 3018 3325 3071 τοῦτο
3349 3018 3405 3069 δέ
3430 3016 3755 3086 ἀπήχθησαν
3781 3014 4054 3081 δορυαλω-

2476 3138 2579 3184 τοι,
2608 3119 2723 3172 ἀλλ’
2756 3116 2876 3169 οῦδὲ
2900 3115 2967 3167 τά
2987 3110 3355 3181 ὑπομαστίδια
3383 3109 3494 3161 τῶν
3523 3108 3732 3161 παίδων
3763 3106 3856 3159 τοῦ
3877 3105 4052 3158 κακοῦ

2476 3209 2649 3277 ἐφάνη
2677 3205 2947 3274 ἀνώτερα,
3002 3201 3118 3255 ἀλλ’
3162 3197 3497 3268 άπεθερίσθη
3536 3200 3634 3251 καὶ
3683 3198 3856 3250 ταῦτα
3910 3198 4056 3248 κατὰ

2475 3302 2639 3371 χλόην
2680 3298 2773 3349 καὶ
2803 3296 2961 3356 ἄνθος
2984 3294 3331 3362 εύμάραντον
3385 3290 3492 3343 ὑπὸ
3530 3290 3636 3342 τῶν
3674 3289 3811 3357 ἐλέῳ
3844 3289 4056 3343 ἁναλὼ-

2476 3410 2585 3446 των
2611 3389 2837 3443 ἐκείνων
2870 3386 3104 3454 ἀνδρῶν,
3146 3385 3240 3437 καὶ
3286 3380 3551 3452 μηδαμῶς
3589 3381 3807 3432 είδότων
3837 3380 3913 3442 ὡς
3941 3381 4058 3431 άδι-

2478 3487 2565 3539 κεῖ
2593 3483 2691 3551 τὴν
2721 3481 2882 3549 φύσιν
2915 3480 3009 3531 καὶ
3046 3476 3249 3545 θεσμὸν
3296 3474 3483 3527 ἀθετεῖ
3533 3472 3623 3523 τὸν
3652 3472 4004 3541 ἀνθρώπινον
4029 3476 4057 3524 ό

2481 3571 2793 3641 περαιτέρω
2826 3570 2925 3637 τῆς
2952 3568 3107 3637 νίκης
3146 3567 3237 3619 καὶ
3260 3564 3353 3618 τοῦ
3389 3564 3615 3633 κρατεῖν
3649 3564 3756 3616 τῶν
3794 3564 4057 3616 ἐναντίων

2482 3664 2642 3735 θυμῷ
2671 3662 2975 3732 χρώμενος.
3020 3661 3094 3711 Τὸ
3133 3659 3189 3711 δὲ
3210 3658 3273 3728 δὴ
3319 3658 3566 3727 μείζονος
3609 3656 3842 3718 πένθους
3881 3655 4055 3719 ἄξιον,

2486 3754 2987 3826 προκατειληφότες
3028 3753 3075 3803 οἱ
3124 3749 3383 3803 ἄσπονδοι
3440 3748 3539 3809 τὰς
3581 3746 3747 3816 ᾐόνας
3794 3745 3921 3807 τοὺς
3966 3746 4054 3797 ἐπ’

2485 3847 2651 3909 αὐτὰς
2681 3841 3089 3913 συνδραμόντας
3119 3838 3211 3902 οὓς
3245 3838 3344 3908 μὲν
3382 3837 3670 3907 διήλαυνον
3705 3836 3936 3901 ξίφεσιν,
3960 3834 4054 3897 οὓς

2485 3938 2539 3989 δὲ
2565 3936 2778 4003 ἀπῆγον
2840 3930 3037 3991 ὀπίσω,
3089 3928 3182 3990 οὓς
3235 3927 3292 3981 δὲ
3335 3927 3476 3979 κατὰ
3517 3924 3678 3995 βυθὸν
3743 3924 4055 3993 ἠνάγκαζον

2489 4023 2753 4096 φέρεσθαι
2800 4023 2891 4073 καὶ
2935 4022 3048 4081 τοῖς
3075 4017 3263 4069 ῦδασιν
3292 4015 3704 4069 ἐναπόλλυσθαι.
3741 4014 3971 4084 Βραχεῖς
3996 4012 4054 4065 δέ

2489 4119 2582 4170 καὶ
2614 4116 2836 4181 σκαφῶν
2860 4113 3151 4181 λαῦόμενοι
3177 4109 3537 4177 διεσώθησαν.
3600 4098 3778 4158 1Ἦσαν
3799 4104 3844 4156 δ’
3872 4104 3922 4156 οἳ
3960 4105 4057 4156 καὶ

2486 4209 2878 4277 διαμαρτόντες
2903 4203 3002 4271 τῆς
3034 4201 3351 4271 άναὸάθρας
3371 4199 3447 4259 είς
3486 4196 3584 4257 τὰς
3632 4194 4056 4263 παρεξειρεσίας

2490 4299 2716 4353 ὤλισθον
2754 4296 2842 4347 καὶ
2884 4292 3283 4362 παρερρύησαν
3310 4291 3392 4351 εἰς
3429 4287 3528 4355 τὴν
3572 4285 3865 4338 θάλασσαν.
3900 4280 4057 4333 Οὕτω

2496 4392 2635 4459 μέγα
2671 4383 2739 4457 ἦν
2770 4383 2827 4436 τὸ
2847 4383 3016 4435 δεινὸν
3049 4383 3143 4432 καὶ
3182 4376 3481 4438 πολυειδὲς,
3524 4375 3618 4426 καὶ
3649 4370 3847 4441 μικροῦ
3879 4369 4061 4422 πανώ-

826 4474 1106 4542 terrestria
1162 4476 1362 4530 muenia
1402 4479 1545 4529 inter
1590 4491 1649 4531 se
1705 4479 1916 4546 partiti,
1974 4480 2235 4537 Romanis
2281 4498 2391 4551 quo
2424 4487 2466 4539 D
2495 4482 2524 4533 λ

2359 4498 2391 4537 o
2424 4487 2466 4539 D
2495 4482 2613 4545 λεια
2640 4479 2748 4530 τῶν
2790 4475 2925 4527 ἐκεῖ.
2968 4472 3064 4523 Ἐκ
3096 4470 3153 4521 δέ
3180 4468 3369 4520 τούτου
3402 4464 3545 4518 κατὰ
3588 4461 3914 4527 συναγωγὰς
3962 4460 4057 4512 καὶ

824 4564 1031 4618 vellent
1061 4566 1298 4619 abeundi
1331 4576 1654 4635 potestatem
1687 4570 1981 4625 dederunt.
2024 4569 2220 4626 Hostes
2257 4588 2388 4627 vero

826 4654 880 4706 in
909 4652 1049 4708 loci‘s“
1066 4670 1257 4723 parum
1288 4657 1357 4710 ab
1397 4658 1533 4711 urbe
1560 4659 1770 4714 dissitis
1797 4672 2221 4727 commorantes,
2245 4678 2387 4733 saepe

826 4746 881 4798 in
912 4761 1089 4815 pugna
1122 4749 1287 4802 etiam
1327 4751 1574 4816 proxime
1606 4751 1807 4804 muenia
1839 4762 2226 4807 accesserunt:
2253 4770 2391 4807 non.

829 4854 1108 4906 nunquam
1167 4854 1265 4907 per
1321 4840 1431 4893 divi
1484 4833 1713 4895 Romani
1773 4850 2005 4910 portam,
2053 4846 2392 4899 ostentanda:

832 4928 1172 4983 fortitudinis
1195 4930 1357 5000 835
1378 4941 1435 4986 et
1461 4933 1775 4987 comitantis
1795 4943 1908 4987 tum
1940 4933 2219 4989 felicitatis
2239 4952 2390 5005 ergo,

830 5021 988 5089 pauci
1014 5038 1243 5075 numero
1274 5024 1525 5092 ingressi,
1561 5032 1616 5077 et
1639 5026 1836 5078 occisis
1874 5025 1941 5078 iis
1987 5028 2080 5093 qui
2136 5026 2189 5079 in
2236 5036 2392 5095 porta

831 5121 1009 5175 crant,
1063 5113 1244 5166 statim
1295 5116 1521 5178 reversi,
1552 5131 1676 5168 cum
1716 5117 1863 5169 omni
1899 5118 2141 5171 exercitu
2173 5120 2393 5172 domum

834 5205 1136 5270 redierunt,
1179 5207 1422 5275 captivos
1475 5218 1728 5277 tanquam
1780 5212 2309 5280 armenta,pccudes
2337 5222 2397 5266 et

826 5293 1073 5361 jumeuta
1130 5309 1229 5361 pro
1276 5294 1625 5350 multitudine
1665 5300 1945 5353 stellarum
1976 5314 2088 5367 pra:
2122 5314 2179 5353 se
2232 5315 2397 5369 agen-

836 5390 939 5436 tes.

2496 4568 2835 4642 στρατόπεδα
2863 4567 2974 4626 τοῖς
3004 4561 3316 4632 ἔμπροσθεν
3362 4556 3656 4627 προϐαῖνον
3691 4554 3752 4605 τδ
3784 4550 4061 4642 βάρϐαρον

2493 4640 2627 4717 ὡσεὶ
2654 4662 2747 4713 καὶ
2788 4656 2995 4727 σφοδρά
3012 4672 3094 4717 τις
3127 4650 3329 4721 λαῖλαψ
3346 4648 3586 4716 διεφόρει
3614 4645 3675 4697 τὸ
3704 4645 3833 4705 πᾶν,
3864 4643 3902 4703 ἢ
3932 4640 4061 4706 γοῦν

2495 4758 2628 4809 ὡσεὶ
2689 4752 2804 4821 πῦρ
2856 4751 2884 4802 ὃ
2917 4746 3197 4815 διαφλέγει
3243 4742 3448 4812 δρυμὸν
3498 4739 3567 4792 τά
3596 4740 3654 4791 ἐν
3692 4737 3851 4789 ποσὶν
3874 4731 4062 4785 ἐπενέ-

2501 4861 2653 4914 μετο.
2701 4838 2809 4893 'Ilv
2855 4839 2912 4891 δὲ
2944 4836 3052 4889 τῶν
3082 4834 3300 4887 πάντων
3360 4829 3513 4882 οὐδὲν
3556 4821 3973 4894 ἁνεξεριύνητόν
4004 4835 4062 4871 τε

2500 4936 2594 4989 καὶ
2622 4932 3053 5002 άπρονόμευτον,
3095 4924 3211 4978 ἀλλ’
3259 4925 3324 4975 ἐκ
3356 4921 3624 4973 πλείστων
3663 4920 3757 4968 καί
3790 4914 4063 4983 μεγίστων

2502 5028 2708 5080 πόλεων
2733 5018 3059 5076 ἁσκύλευτοί
3089 5034 3147 5068 τε
3176 5016 3274 5068 καὶ
3296 5011 3647 5093 ἀκαθαίρετοι
3676 5005 3847 5074 Βιζύη
3884 5021 3945 5056 τε
3974 5008 4066 5055 καὶ

2502 5116 2775 5187 Σηλυϐρία
2826 5112 2979 5179 παρὰ
3005 5107 3225 5162 Σκυθῶν
3274 5099 3905 5196 ὑπελείφθησαῆ·.μόναι

2503 5182 2661 5257 αῦίται
2684 5182 2780 5270 οὐχ
2802 5202 2947 5259 ὅπως
2975 5198 3213 5265 ἰσχυροῖς
3240 5189 3627 5259 διειλημμέναι
3648 5186 3909 5253 τείχεσιν,
3932 5182 4065 5233 ἀλλὰ

2504 5297 2602 5350 καὶ
2633 5296 2699 5363 τῇ
2734 5292 2841 5343 τῶν
2874 5290 3053 5341 τόπων
3087 5287 3231 5338 θέσει
3265 5284 3499 5351 μάλιστα
3552 5276 3953 5347 κρατυνόμεναι
3978 5272 4068 5323 τὸν

2508 5388 2744 5455 παντελῆ
2764 5384 3049 5452 διέδρασαν
3073 5378 3315 5447 δ’λεθρον,
3336 5374 3457 5444 μηδ’
3487 5372 3661 5433 ἄλλως
3688 5368 3797 5422 ἀπὸ
3822 5365 4068 5419 Λατίνων

2091 5509 2262 5568 Hier.
2306 5506 2510 5569 Wolﬁi
2560 5511 2749 5565 notae.

912 5598 1021 5667 (7/4)
1047 5602 1185 5678 Kc'tr,
1203 5604 1498 5667 ἐξέπεσον
1527 5609 1646 5661 τῶν
1674 5609 1821 5663 κατὰ
1845 5610 2098 5663 σκοπόν.
2124 5610 2399 5678 Interpre-

838 5676 984 5748 tatus
1009 5689 1136 5748 sum
1166 5677 1567 5743 ἁποφαντικῶς.
1595 5679 1749 5744 Quod
1785 5682 1827 5734 si
1863 5680 1949 5735 cui
1991 5680 2242 5748 displicet
2276 5676 2404 5730 ὕπο-

842 5738 1067 5804 θετικῶς
1108 5738 1342 5813 exponat
1384 5748 1531 5813 licet,
1575 5738 1676 5805 hoc
1710 5766 1796 5805 mo
1819 5752 1907 5803 lo:
1951 5752 2020 5802 Ac
2053 5738 2288 5802 successu
2316 5766 2402 5802 ca-

2510 5608 2700 5660 ruisset
2728 5603 2782 5656 id
2808 5600 3103 5663 consilium,
3133 5598 3177 5649 si
3209 5597 3261 5648 in
3302 5597 3530 5647 cohortes
3558 5589 3693 5663 alias
3723 5582 4051 5663 etc._incidis

2512 5653 3030 5731 tEiIszéiitidtiost,
3058 5653 3129 5731 ὥς
3162 5666 3249 5718 διὰ
3278 5665 3523 5732 Βρανέος,
3570 5661 3630 5712 τὸ
3658 5658 3734 5720 ὡς
3764 5653 4070 5709 redundare

2517 5747 2751 5802 videtur.
