4302 6370
800 331 934 397 1039
2050 330 2345 393 ΝΙΟΕΤίΕ
2385 332 2785 395 ΕΗΟΝΙΑΤᾹΞ
3882 336 4027 400 1040

860 443 995 513 Ego,
1030 456 1154 496 cum
1186 444 1240 495 in
1275 441 1516 498 nistorlae
1542 438 1811 498 bellorum
1856 443 2226 495 cruciatorum
2270 442 2582 511 germanico
2600 456 2854 497 sermone
2890 440 3107 510 scripta:
3158 449 3304 498 tomo
3356 443 3573 513 quinto,
3641 460 3803 514 quem
3871 462 4027 501 anno

791 538 1071 606 superiori
1109 536 1280 596 edidi.
1319 537 1453 592 mihi
1482 537 1773 592 dicendum
1810 545 1955 589 esset
1989 534 2057 589 de
2088 534 2298 589 crudeli
2325 535 2477 589 urbis
2526 535 3153 605 Constantinopolitanre
3214 537 3546 607 direptione,
3602 556 3765 608 quam
3798 541 4029 596 Nieetas

791 628 846 682 in
873 644 969 682 sua
1034 630 1260 684 historia
1319 630 1588 700 deplorat,
1630 644 1740 684 non
1771 630 1923 699 potui
1987 629 2265 698 negligere
2314 629 2713 684 nobilissimum
2760 630 2895 683 illud
2927 631 2995 683 de
3021 629 3218 683 statuis
3271 630 3570 684 contractis
3625 632 4027 700 fragmentum,

793 721 939 789 quod
972 720 1199 776 edidere
1229 721 1536 775 Bandurius
1562 721 1639 792 (in
1680 721 1901 790 Imperii
1929 722 2200 774 orientalis
2260 730 2407 774 tonio
2448 720 2645 789 primo)
2670 731 2727 775 et
2779 720 3101 785 Fabricins(
3131 720 3185 775 in
3231 720 3561 775 Bibliotliecre
3628 738 3813 790 gravi:
3872 722 4028 776 libro

790 812 1032 881 quinto),
1070 824 1298 881 uterque
1329 830 1395 867 ex
1426 815 1633 868 codicis
1664 814 1886 883 quidem
1922 813 2204 866 Bodleiani
2239 812 2591 882 apographis,
2623 820 2819 865 neuter
2858 827 2987 865 vero
3046 811 3284 879 genuina
3324 812 3534 866 codicis
3596 810 3835 864 lectione
3865 811 4028 864 exhi-

790 899 926 965 bita,
954 902 1007 955 id
1039 902 1184 970 quod
1218 919 1410 957 omnes
1440 904 1595 957 facile
1630 903 1954 972 intelligent,
1986 902 2077 971 qui
2111 900 2421 955 Graecarum
2451 903 2537 954 litt
2560 917 2758 955 rarum
2823 917 2931 955 non
2990 904 3150 972 plane
3199 912 3336 956 sunt
3398 902 3628 957 indocti.
3670 901 3855 971 Itaque
3892 918 4025 960 cuni

790 993 897 1047 iter
957 996 1009 1048 in
1026 995 1273 1065 Angliam
1309 1011 1495 1050 mense
1529 996 1670 1049 Maio
1699 994 2000 1063 superioris
2033 994 2159 1047 anni
2185 1005 2504 1062 susceptum
2537 996 3012 1063 opportunitatem
3038 995 3171 1049 mihi
3206 996 3476 1064 praeberet
3506 996 3765 1066 inclytam
3788 996 4025 1051 Omnia:

788 1086 980 1139 urbem
1006 1088 1238 1150 visendi,
1272 1103 1453 1157 operai
1479 1088 1710 1157 pretium
1746 1087 1873 1140 duxi
1907 1086 2228 1140 Bodleianas
2256 1086 2459 1139 Niceta:
2494 1086 2842 1139 membranas
2872 1096 3137 1155 quantum
3191 1087 3304 1141 ﬁeri
3364 1096 3546 1153 posset
3602 1086 4027 1157 diligentissime

787 1179 1101 1233 examinare
1145 1195 1159 1243 ;
1199 1188 1362 1247 atque
1386 1195 1572 1233 earum
1607 1193 1764 1232 usum
1789 1179 2044 1232 lubenter
2086 1178 2219 1230 mihi
2244 1178 2517 1231 concessit
2554 1177 2653 1230 viri
2683 1194 2894 1232 sumine
2933 1180 3239 1239 reverendi,
3272 1179 3362 1233 Dr.
3390 1178 3674 1241 Bandincl,
3705 1182 3796 1247 qui
3828 1177 4032 1232 biblio-

789 1272 963 1325 theca:
993 1271 1306 1326 Bodleiano:
1335 1271 1595 1338 primario
1624 1270 1746 1323 loco
1773 1279 1989 1338 praeest,
2026 1280 2080 1321 et
2115 1268 2447 1335 reliquorum
2484 1268 2643 1338 hujus
2698 1268 3043 1324 bibliotheca:
3070 1271 3359 1323 custodum
3420 1270 3649 1339 insignis
3696 1270 4025 1326 liberalitas.

790 1364 978 1433 Neque
1007 1378 1091 1416 me
1123 1362 1316 1417 fefellit
1345 1378 1490 1431 spes,
1531 1364 1709 1431 quam;
1733 1375 2115 1428 conceperam,
2149 1359 2356 1412 codicis
2397 1374 2497 1428 ope
2522 1358 2849 1428 fragmento,
2886 1361 3029 1426 quod
3056 1358 3361 1413 Bandurius
3378 1371 3431 1414 et
3465 1360 3748 1415 Fabricius
3779 1361 4028 1429 turpiter

794 1462 1125 1521 corruptum
1157 1461 1323 1520 atque
1366 1452 1721 1519 depravatum
1748 1448 1995 1510 edidere,
2021 1450 2063 1501 si
2093 1463 2294 1516 paucas
2318 1450 2577 1516 quasdam
2618 1450 2983 1517 corruptelas,
3020 1467 3140 1519 qua:
3171 1452 3345 1505 codici
3380 1468 3700 1509 communes
3725 1466 3853 1509 sunt
3892 1469 4025 1508 cum

788 1543 1457 1614 editionibus,exceperis,
1483 1543 1718 1595 nativam
1740 1540 1886 1593 reddi
1905 1554 2062 1608 posse
2090 1538 2472 1607 integritatem.
2498 1540 2872 1595 Postreditum
2894 1541 3059 1610 igitur
3086 1558 3151 1595 ex
3178 1543 3366 1613 Anglia
3386 1554 3633 1598 nostrum
3657 1543 4026 1613 fragmentum

794 1652 921 1689 cum
949 1634 1397 1704 interpretatione
1420 1634 1729 1700 germanica
1751 1639 1804 1682 et
1825 1628 1974 1681 brevi
2005 1627 2361 1681 annotatione
2393 1629 2446 1681 in
2475 1627 2684 1689 multis,
2720 1637 2778 1681 ut
2799 1629 2984 1695 eredo,
3009 1629 3353 1684 emendatius
3388 1632 3555 1696 edidi,
3586 1634 3638 1686 in
3685 1642 3815 1688 tonii
3844 1634 4026 1704 quinti

794 1728 1034 1781 historia:
1053 1726 1318 1779 bellorum
1345 1721 1748 1782 Cruciatorum,
1773 1720 1839 1773 de
1874 1735 1986 1788 quo
2017 1735 2179 1787 supra
2212 1720 2346 1780 dixi,
2376 1720 2697 1788 appeiidice,
2734 1721 2951 1791 adjutus
2976 1737 3099 1773 cum
3147 1724 3449 1777 amicorum
3482 1724 3725 1778 consiliis
3752 1735 3808 1778 et
3846 1725 4029 1777 moni-

795 1822 962 1883 tione,
1006 1832 1119 1873 tum
1163 1818 1460 1887 apographi
1512 1813 1887 1884 Gottingensis
1918 1829 2040 1880 usu,
2069 1814 2212 1882 quod
2246 1815 2661 1882 perhumaniter
2693 1831 2903 1869 mecum
2940 1818 3366 1872 communicavit
3392 1818 3442 1873 J.
3484 1820 3547 1873 Ι).
3582 1819 3779 1883 Reuss,
3815 1820 4025 1873 biblio-

794 1918 963 1968 thecae
994 1910 1366 1981 Gottingensis
1388 1909 1675 1979 praefectus
1710 1907 2025 1976 primarius,
2055 1907 2137 1957 vir
2165 1904 2394 1960 illustris
2421 1906 2663 1974 mihique
2692 1906 2955 1959 diuturna
3018 1908 3259 1962 amicitia
3286 1911 3634 1980 conjunctus.
3671 1911 3859 1981 Neque
3892 1913 4029 1967 inu-

797 2008 889 2061 tile
917 2004 1248 2059 miliivisuni
1282 2013 1366 2056 est
1403 2010 1633 2063 textum,
1668 2013 1832 2069 quem
1870 1999 1960 2050 illo
1989 1997 2113 2051 loco
2172 1997 2342 2059 edidi,
2402 1998 2841 2065 Qualeiiicunque
2893 1999 3152 2053 secundis
3208 2001 3357 2055 curis
3424 2004 3626 2071 passim
3689 2007 4021 2075 castigatum

793 2096 1023 2151 seorsiin
1068 2104 1311 2162 repetere
1346 2109 1359 2156 ;
1388 2106 1698 2161 quanquam
1731 2105 2079 2159 suniniOpei-e
2117 2090 2417 2158 optandum
2452 2098 2556 2155 est,
2588 2098 2647 2141 ut
2678 2088 2949 2158 integrum
2982 2090 3183 2144 NlCCItB
3238 2091 3306 2145 de
3349 2094 3567 2147 excidio
3625 2096 3817 2161 patriae
3871 2096 4029 2149 urbis

796 2189 1147 2259 opusculum,
1184 2185 1234 2238 in
1273 2186 1431 2254 cujus
1460 2184 1563 2237 fine
1590 2192 1841 2236 nostrum
1875 2181 1911 2233 fi
1927 2191 2239 2250 agnientum
2258 2182 2482 2250 legitur,
2515 2183 2643 2235 licet
2666 2198 2696 2235 a
2728 2183 2920 2252 majori
2957 2198 3147 2251 opere,
3173 2185 3319 2253 quod
3369 2185 3510 2255 typis
3563 2188 3762 2255 saepius
3812 2188 4028 2242 editum

795 2298 900 2353 est,
932 2302 1039 2341 non
1070 2284 1300 2337 multum
1350 2279 1568 2336 diﬂerat
1592 2280 1675 2349 (⁸),
1720 2280 1771 2331 in
1804 2277 1978 2330 lucem
2010 2277 2120 2330 cito
2156 2277 2534 2344 protrahatur.
2570 2276 2954 2346 Iiitcrpretatio
2980 2277 3193 2340 Latina,
3217 2295 3381 2349 quam
3439 2280 3644 2345 addidi,
3671 2293 3755 2338 est
3810 2283 4030 2337 Bandu-

801 2386 953 2438 riana
982 2381 1050 2436 ad
1082 2390 1329 2435 nostrum
1363 2385 1572 2431 textum
1613 2375 1809 2445 passim
1830 2372 2237 2427 accommodata
2270 2389 2284 2436 ;
2315 2372 2417 2425 nisi
2448 2372 2596 2441 quod
2632 2373 3005 2428 narrationem
3032 2375 3099 2428 de
3133 2374 3342 2429 'l'honia
3376 2378 3690 2445 patriarcha
3748 2380 4023 2433 Constano

796 2476 1182 2546 tinopolitano,
1207 2487 1370 2541 quam
1400 2469 1641 2540 lleynius
1669 2472 1685 2533 (
1723 2468 1777 2520 in
1808 2464 2202 2520 Coninientatt.
2231 2464 2422 2518 societ.
2453 2464 2588 2532 Reg.
2616 2463 2763 2521 Gott.
2791 2464 2858 2517 ad
2898 2479 2949 2516 a.
2987 2464 3151 2528 17233,
3195 2468 3348 2530 1794,
3387 2468 3495 2521 vol.
3533 2463 3650 2531 XII,
3681 2467 3854 2524 Class,
3891 2471 4027 2525 δίει,

793 2579 851 2623 et
895 2566 1087 2637 philol.
1139 2582 1192 2634 p.
1244 2564 1368 2631 507)
1428 2563 1636 2633 primus
1685 2577 1749 2615 ex
1784 2558 2098 2629 apographo
2140 2556 2483 2627 Gottingeusi
2539 2556 2725 2611 Graece
2785 2556 2979 2619 edidit,
3018 2557 3132 2626 ipse
3182 2559 3237 2613 in
3278 2558 3534 2614 Latinum
3558 2576 3869 2617 sermonem
3891 2578 4028 2617 cons

799 2660 958 2713 \crti.

863 2755 1046 2810 Codex
1074 2749 1427 2812 Bodleianus,
1466 2747 1521 2801 in
1553 2760 1663 2815 quo
1709 2754 1955 2799 nostrum
2010 2743 2376 2813 fragmentum
2414 2742 2667 2807 habetur,
2697 2741 2842 2795 inter
2885 2741 3006 2795 illos
3074 2742 3316 2808 codices,
3368 2743 3462 2813 qui
3489 2761 3637 2801 anno
3690 2744 3830 2803 1628
3849 2750 4030 2804 dona-

798 2851 946 2903 tione
969 2845 1193 2899 Tlioma:
1227 2842 1341 2896 lloe
1372 2838 1439 2893 ad
1475 2837 1797 2891 Bodleianas
1829 2838 2015 2905 copias
2047 2848 2358 2902 accessere,
2384 2832 2678 2903 insignitus
2702 2842 2786 2887 est
2811 2848 3039 2889 numero
3070 2833 3237 2898 X.\ll,
3274 2839 3625 2907 scriptusque
3677 2841 3900 2906 saeculo,
3967 2855 4030 2896 ut

798 2937 985 3000 credo,
1014 2933 1231 2989 decimo
1263 2943 1462 3003 quarto
1484 2932 1716 3003 eleganti
1748 2945 1912 2984 manu
1941 2937 1997 2981 et
2024 2926 2079 2980 in
2098 2922 2434 2979 membranis
2462 2924 2745 2993 paululum
2772 2925 2986 2993 Spissis,
3012 2924 3157 2979 foliis
3190 2937 3458 2993 quantum
3481 2930 3547 2983 ad
3609 2928 3843 2987 formam
3882 2935 4029 2989 inte-

797 3029 909 3097 gris
936 3041 1116 3096 neque
1171 3023 1606 3095 prazgrandibus.
1641 3021 1788 3075 Inest
1811 3019 1940 3073 huic
1956 3017 2130 3072 codici
2166 3026 2365 3086 printer
2389 3015 2493 3069 alia
2529 3018 2793 3085 opuscula
2831 3016 3135 3086 theologica
3168 3028 3212 3071 ξι
3238 3019 3475 3089 juridica
3501 3022 3703 3077 Nicetis:
3735 3025 4023 3079 Cbonia—tée

797 3117 1116 3170 Thesaurus
1143 3110 1460 3166 orthodoxa:
1486 3110 1633 3173 iidei,
1664 3109 1718 3162 in
1743 3109 1901 3177 cujus
1931 3106 2039 3160 ﬁne
2077 3105 2223 3175 (cod.
2260 3104 2355 3157 fol.
2392 3106 2498 3158 425
2533 3107 2705 3174 recto)
2739 3107 2857 3161 sine
2908 3108 3207 3177 epigraphe
3235 3111 3423 3179 incipit
3456 3115 3789 3168 narrationis
3824 3117 3893 3169 de
3920 3132 4023 3171 ex-

798 3207 945 3263 cidio
975 3203 1481 3273 Constantinopolis
1518 3202 1570 3256 in
1593 3202 1733 3254 duos
1757 3199 1929 3253 libros
1960 3196 2267 3251 distributa:
2300 3195 2441 3249 liber
2472 3212 2497 3265 ι]

2343 3195 2441 3249 ber
2472 3196 2631 3265 prior
2667 3213 2696 3251 a
2734 3197 2921 3252 verbis
2954 3198 3154 3253 :‘Ait'm‘i
3191 3202 3351 3271 μέχρι
3385 3203 3484 3271 μὲν
3513 3204 3575 3274 δὴ
3610 3206 3815 3258 τούτων
3845 3206 4035 3274 εὔδρο-

805 3317 902 3369 μος
933 3302 1067 3371 ἡμῖν
1098 3300 1126 3351 ὁ
1153 3299 1328 3365 λόγος,
1363 3311 1484 3367 qua:
1514 3296 1769 3365 leguntur
1805 3293 1860 3346 in
1884 3292 2086 3345 Nicetze
2130 3289 2373 3344 editione
2413 3288 2504 3343 Pai

2331 3302 2373 3342 ie
2413 3288 2713 3345 Parisiensi
2750 3308 2804 3361 p.
2832 3294 2956 3347 545.
3010 3293 3411 3362 Complectitur
3458 3296 3547 3351 hic
3582 3297 3724 3351 liber
3758 3314 3867 3352 non
3931 3313 4030 3351 so-

803 3400 915 3445 lum
949 3406 1034 3455 ea,
1071 3407 1193 3460 qua:
1222 3391 1431 3459 reliqua
1459 3399 1588 3442 sunt
1623 3387 1769 3442 tertii
1806 3386 1933 3439 libri
1959 3384 2313 3439 historiarum
2350 3384 2524 3437 Διοκὶὶ
2581 3385 2727 3439 tertii
2786 3386 3049 3440 Comneni
3092 3389 3146 3440 in
3208 3390 3513 3457 impressis,
3581 3406 3771 3445 verum
3837 3391 4034 3445 lsaaczi

804 3499 1021 3554 quoque
1050 3482 1260 3552 Aiigelii
1290 3496 1395 3536 una
1432 3496 1555 3535 eum
1591 3480 1781 3533 Alexio
1814 3478 1926 3531 filio
1952 3478 2207 3531 iteratum
2238 3475 2528 3543 imperium
2577 3485 2739 3545 atque
2764 3488 3027 3545 praeterea
3087 3495 3174 3534 res
3223 3490 3403 3550 gestas
3442 3483 3617 3538 Alesii
3659 3484 3821 3538 Ducat
3853 3484 4029 3537 Muri-

808 3576 956 3630 iuulli.
991 3574 1154 3628 Liber
1186 3573 1455 3642 posterior
1498 3572 1788 3641 insignitus
1822 3570 2222 3638 inscriptione:
2254 3569 2418 3635 τόμος
2445 3570 2502 3620 δε

2333 3584 2418 3629 λος
2445 3570 2699 3636 δεύτερος
2735 3571 2953 3624 orditur
3003 3586 3031 3624 a
3057 3573 3242 3625 verbis
3277 3591 3291 3627 :
3338 3574 3464 3643 Εἶχε
3527 3577 3627 3641 μὲν
3682 3576 3823 3627 οὕτω
3856 3574 4032 3626 ταῦέοι

807 3674 901 3720 χαί
930 3668 961 3734 ή
994 3664 1407 3717 Κωνσταντίνου
1439 3660 1794 3722 Καλλίπολις,
1848 3674 1971 3729 quae
2041 3658 2403 3713 inveniuntur
2432 3657 2488 3711 in

2340 3672 2403 3710 ur
2432 3657 2488 3711 in
2548 3660 2638 3712 ed.
2669 3660 2847 3714 Paris.
2880 3677 2935 3730 p.
2968 3665 3069 3716 377
3098 3664 3160 3717 A.
3198 3682 3211 3729 ;
3240 3674 3405 3733 atque
3459 3666 3547 3719 hic
3616 3666 3755 3720 liber
3782 3667 4034 3721 continet

805 3757 1179 3813 narrationem
1208 3768 1399 3808 earum
1420 3766 1627 3815 rerum,
1649 3766 1773 3820 quae
1811 3760 1936 3818 post
1965 3758 2181 3816 captain
2244 3748 2433 3801 urbem
2467 3749 2571 3801 sub
2616 3748 2889 3804 Balduino
2946 3751 3280 3819 imperatore
3328 3755 3603 3809 accidere.
3659 3755 3718 3808 lii
3773 3757 4020 3826 ejusdem

805 3850 933 3905 libri
967 3848 1072 3901 line
1103 3846 1198 3900 fol.
1222 3844 1322 3899 H7
1348 3854 1495 3899 recto
1527 3851 1649 3914 post
1687 3842 1854 3897 verba
1882 3857 1894 3891 :
1928 3842 2044 3893 Ἵνα
2076 3840 2132 3892 δὲ
2162 3841 2237 3909 μὴ
2260 3842 2501 3910 μακροτέ

2341 3842 2576 3910 κροτὲρᾳ
2594 3844 2658 3910 τῇ
2701 3842 2914 3913 inopia
2946 3844 3219 3912 χρώμενοι
3255 3846 3751 3916 πολυπλοκωτέρας
3777 3847 4036 3899 ἔντεῦὑεν

805 3950 904 4004 τὰς
938 3940 1115 4001 λύπας
1139 3936 1415 4005 κτώμεθα,
1444 3938 1602 3989 ταυτὶ
1626 3935 1728 4006 μὲν
1753 3935 2097 4005 παρήσομεν,
2124 3935 2304 3984 ἐκεῖνα
2321 3932 2366 3983 δ’
2398 3934 2454 3984 ἐν
2487 3934 2504 3983 ὲ

2337 3933 2366 3983 i’
2398 3934 2454 3984 ἐν
2487 3934 2723 4002 ἐπιτομῇ
2758 3934 2835 4003 τῷ
2859 3933 3001 4004 λόγῳ
3034 3935 3303 4003 δώσομεν,
3335 3936 3525 4005 incipit
3552 3953 3677 3991 cum
3717 3939 4036 3991 narratione

810 4039 878 4088 de
901 4032 1123 4087 Thomas
1146 4028 1470 4100 patriarchae
1499 4030 1737 4083 adventu
1770 4027 2137 4096 fragmentum
2167 4040 2197 4078 a
2229 4025 2387 4077 nobis
2412 4024 2646 4088 editum,
2680 4026 2824 4094 quod
2859 4027 3347 4101 comprehenditur
3372 4029 3517 4084 foliis
3548 4031 3850 4085 447-450.
3908 4029 4031 4084 Ca-

812 4137 988 4178 terum
1014 4124 1149 4179 satis
1199 4123 1519 4189 diligentem
1580 4121 1743 4189 hujus
1772 4118 1980 4173 codicis
2006 4116 2434 4184 descriptionem
2466 4116 2773 4184 composuit
2808 4118 3085 4171 Gerardus
3140 4119 3454 4190 Langbaine
3500 4123 3554 4175 in
3608 4125 3855 4194 catalogo
3877 4126 4040 4181 codi-

808 4231 933 4271 cum
973 4213 1394 4271 Bodleianorum
1417 4212 1660 4266 nonduin
1687 4210 2046 4278 edito,qucm
2086 4207 2351 4260 benevole
2386 4206 2519 4260 milii
2551 4206 2778 4260 tradidit
2829 4207 3232 4277 inspiciendum
3270 4212 3352 4265 vir
3403 4227 3616 4267 sumine
3665 4217 4027 4277 reverendus,

814 4309 907 4363 Dr.
945 4305 1235 4360 Bandinel.

887 4399 1044 4465 Quod
1074 4400 1349 4468 reliquum
1379 4405 1484 4464 est,
1516 4394 1791 4450 indicatus
1816 4401 1900 4449 est
1922 4393 1977 4447 in
1996 4392 2140 4446 notis
2161 4392 2392 4456 criticis,
2424 4406 2562 4461 quas
2590 4392 2761 4445 textui
2823 4392 3010 4447 Grmco
3042 4394 3274 4465 subjeci,
3310 4396 3480 4452 codex
3546 4397 3874 4452 Bodleianus
3894 4399 4044 4453 litte-

815 4494 892 4547 ris
921 4493 982 4546 (Ξ.
1016 4491 1076 4545 Β.
1106 4507 1120 4556 ;
1154 4490 1365 4545 codicis
1406 4488 1650 4542 Vaticani
1689 4487 2011 4555 fragmenta,
2038 4498 2159 4553 qua:
2184 4482 2515 4538 Lambecius
2540 4484 2797 4553 protulit,
2865 4486 3088 4539 distinxi
3142 4486 3346 4540 litteris
3392 4488 3454 4543 C.
3507 4487 3592 4554 V.,
3650 4490 4038 4561 Apographuni

811 4581 1167 4648 Gottingense
1205 4579 1405 4634 litteris
1428 4578 1490 4633 Α.
1517 4577 1605 4643 G.,
1639 4585 1848 4631 textum
1884 4574 2296 4628 Bandurianuin
2333 4574 2517 4629 littera
2541 4573 2626 4639 8.,
2657 4590 2711 4629 et
2743 4576 3129 4633 Fabricianum
3161 4580 3343 4635 littera
3373 4581 3432 4634 Γ.

812 4941 828 4994 1
887 4873 959 4941 (⁸)
986 4872 1066 4924 Cf.
1106 4887 1226 4994 qua:
1256 4878 1395 4927 hanc
1430 4874 1483 4927 in
1520 4887 1634 4928 rem
1670 4873 1955 4929 observata
1990 4887 2020 4926 a
2053 4873 2213 4928 nobis
2238 4882 2363 4928 sunt
2399 4874 2450 4928 in
2520 4875 2663 4930 libro
2691 4885 2881 4932 nostro
2915 4895 2926 4931 :
2970 4876 3151 4931 Gesch.
3201 4879 3293 4930 der
3362 4878 3691 4949 lt'rruzziige,
3740 4890 3776 4932 t.
3812 4881 3872 4941 Υ,
3919 4881 4041 4933 Dci-

835 4957 993 4994 ίιαθιι.
1032 4956 1084 4994 η.
1151 4959 1202 4994 ῡ.

835 4957 993 5011 agen,
1028 4956 1084 5011 p.
1122 4956 1202 4994 to.
