4302 6370
333 391 349 455 1
364 390 466 453 065

326 497 630 570 ἠγοράσθη,
667 495 919 564 καθάπερ
961 493 1052 547 καὶ
1095 491 1154 546 τὸ
1194 490 1407 558 ἄλογον.
1441 489 1644 542 Paulus
1679 484 1732 537 in
1766 482 1802 534 l.
1841 499 1884 534 δι

325 588 451 656 quis
475 588 539 640 l7
577 586 637 640 D.
673 583 852 638 instit.
885 591 992 636 act.
1020 580 1064 634 si
1090 580 1216 650 quis
1244 575 1529 647 mancipiis
1564 573 1646 627 vel
1669 574 1886 642 jumen-

329 675 398 726 tis
449 671 811 742 pecoribusve
841 667 1091 724 emendis
1125 665 1535 732 vendendisque
1565 658 1889 729 pra-positus

326 761 415 813 sit.
461 758 714 820 Basilica,
739 756 834 809 lib.
861 768 1012 817 xvm,
1046 755 1131 807 tit.
1167 769 1204 816 ι,
1243 766 1364 821 cap.
1396 750 1478 802 -17
1507 766 1519 800 :
1560 749 1618 799 Ὀ
1653 746 1888 815 προστή-

326 864 424 908 σας
455 845 576 896 τινὰ
595 843 930 914 πιπράσκειν
952 838 1047 891 καὶ
1075 837 1365 907 ἀγοράζειν
1389 831 1608 892 δούλους
1631 832 1663 900 ἢ
1697 831 1883 895 ἄλογα.

325 934 392 987 ΕΙ.
438 931 536 985 lib.
572 941 660 996 xx,
709 930 791 982 tit.
828 943 864 988 I,
902 941 1022 995 cap.
1067 925 1136 978 50
1169 923 1196 994 §
1227 923 1264 976 2
1309 941 1322 977 :
1371 922 1429 974 Ὀ
1479 918 1886 988 μισθωσάμενος

324 1019 536 1086 ἄλογον.
590 1022 700 1071 Leo
749 1014 953 1069 Tactic.
981 1028 1102 1081 cap.
1145 1010 1210 1064 10
1252 1009 1418 1081 §l5z
1467 1008 1610 1076 ἔχειν
1655 1005 1752 1074 τὴν
1781 1001 1888 1053 τῶν

324 1105 535 1172 ἀλόγων
564 1104 902 1170 άποτροφήν.
939 1100 1070 1154 Vide
1097 1097 1430 1152 Glossarium
1462 1096 1529 1148 ad
1553 1092 1884 1148 Cedrcuum.

398 1192 632 1259 ’Δμόων
657 1190 842 1251 ambo,
873 1196 1180 1257 suggestus,
1209 1185 1498 1255 pulpitum.
1527 1196 1580 1250 p.
1614 1179 1720 1232 295
1746 1193 1776 1232 c
1808 1178 1888 1238 ei;

324 1280 415 1328 τὴν
447 1276 587 1347 ἱερὸν
639 1276 985 1340 ἁνάσταθμον
1013 1271 1178 1324 ἀνιών
1208 1289 1221 1324 :
1259 1269 1382 1325 cod.
1425 1266 1515 1321 ΟΒ
1546 1265 1624 1326 εἰς
1656 1265 1744 1316 τὸν
1784 1262 1884 1332 ἄμ-

325 1362 492 1415 σωνα.
523 1362 762 1415 Joannes
788 1357 1204 1414 Cautacuzenus
1236 1355 1332 1409 lib.
1364 1370 1400 1415 ι.
1432 1369 1554 1422 eap.
1595 1351 1657 1406 41
1692 1367 1707 1405 :
1740 1351 1882 1403 ἄνει-

327 1464 409 1500 σιν
440 1451 530 1500 ἐπὶ
558 1448 650 1498 τὸν
677 1447 908 1514 ᾶμὸωνσ.
936 1447 965 1497 ὁ
991 1444 1335 1514 πατριάρχης
1357 1441 1463 1494 τῶν
1479 1438 1688 1494 ἀδύτων
1703 1436 1880 1500 ἐξιών.

326 1537 476 1587 Anna
508 1533 698 1588 Coum.
728 1532 975 1587 Alexiad.
1007 1547 1038 1584 ν
1073 1549 1087 1584 :
1116 1532 1144 1582 ὁ
1171 1530 1228 1581 δὲ
1261 1528 1619 1594 αὐτοκράτωρ
1646 1525 1785 1576 αὐτὰ
1815 1525 1884 1574 τά

325 1621 596 1687 κεφάλαια
636 1621 727 1674 τὸν
768 1619 968 1672 Ἰταλὸν
995 1616 1391 1686 ἀναθεματίσαι
1435 1612 1521 1665 ἐπ’
1545 1609 1796 1678 ἁμὸωνος
1828 1613 1884 1659 εν

323 1711 391 1776 τῇ
433 1706 658 1777 Μεγάλῃ
692 1705 986 1774 Ἐκκλησία
1015 1704 1321 1755 ἐκέλευσεν.
1364 1697 1496 1754 Vide
1545 1697 1886 1765 Thcophyla-

324 1807 472 1848 ctum
510 1794 714 1848 Simoc.
751 1793 889 1845 llist.
920 1788 1145 1842 Mauric.
1178 1787 1271 1841 lib.
1299 1803 1414 1849 vm.
1449 1801 1571 1854 cap.
1613 1783 1700 1836 10.
1727 1783 1882 1836 Glos-

324 1881 526 1933 sariqu
569 1893 674 1931 ms.
709 1877 937 1946 όκρίϋας
972 1878 999 1927 ό
1035 1874 1249 1942 ἄμϐων.
1278 1871 1595 1928 Crisconius
1624 1868 1881 1924 Breviarii

322 1968 606 2018 Canouum
655 1980 774 2032 cap.
817 1962 938 2025 166,
968 1962 1036 2016 de
1065 1961 1154 2015 his
1177 1959 1272 2028 qui
1296 1959 1531 2014 debeant
1553 1959 1605 2011 iu
1627 1958 1880 2018 amboue,

326 2055 377 2105 id
409 2062 494 2105 est
531 2055 585 2104 iu
617 2053 848 2121 pulpito,
884 2049 1134 2118 psallere.
1168 2045 1304 2102 Vide
1325 2045 1566 2101 Glossar.
1590 2045 1656 2098 ad
1677 2043 1883 2098 Cedrc-

325 2157 356 2192 11
367 2157 454 2193 [IIII
465 2179 478 2190 .

407 2224 661 2295 Ἀμηρᾶς
709 2223 955 2278 Ameras.
999 2222 1125 2293 Pag.
1166 2221 1226 2274 21
1279 2238 1328 2282 a,
1383 2228 1577 2274 auctor
1617 2217 1706 2272 GB
1752 2215 1882 2270 ὀποῦ

324 2316 482 2383 ἔχουν
512 2317 585 2374 εἰς
619 2313 715 2380 τὴν
750 2314 932 2362 πίστιν
967 2309 1094 2372 τῶν,
1129 2309 1226 2362 καὶ
1250 2309 1330 2370 εις
1360 2306 1449 2358 τὸν
1475 2305 1714 2376 ἁμηρᾶν.
1754 2306 1884 2360 Vide

325 2403 392 2454 ad
423 2401 582 2454 Ccdr.

399 2491 622 2557 Ἀμπαρ
666 2505 720 2556 p.
779 2485 838 2538 21
899 2501 928 2538 a
980 2484 1186 2538 ambar.
1245 2483 1431 2538 Genus
1499 2481 1776 2536 aromatis.
1823 2480 1882 2534 Υ.

326 2575 641 2627 Μυυηίιιιιι.

409 2661 696 2729 Ἀνακαρὰ
730 2678 785 2732 p.
837 2662 943 2716 245
984 2677 1039 2725 a,
1088 2660 1224 2729 μετά
1257 2659 1502 2729 βυκάνων
1533 2660 1626 2710 καὶ
1657 2656 1886 2724 σαλπίγ-

326 2764 438 2814 γων
471 2764 593 2802 cum
625 2751 873 2803 bucciuis
897 2758 952 2802 et
975 2749 1119 2801 tubis
1147 2763 1161 2800 :
1191 2748 1362 2800 codex
1387 2745 1476 2800 GB
1506 2745 1883 2814 άνακαράδων.

324 2839 528 2890 Auctor
571 2837 658 2890 GB
693 2839 906 2899 παίζειν
956 2836 1292 2905 τρουμπέτες
1325 2835 1543 2904 ’ὄργανα
1594 2832 1887 2900 τουμπάκι⁹

325 2924 682 2991 ἁνακαράδες.

410 3011 800 3062 Ἀντίναινλον
825 3024 878 3078 p.
916 3009 1019 3062 512
1045 3024 1118 3076 c.,
1148 3024 1346 3064 census
1379 3009 1558 3064 nautis
1576 3007 1886 3079 impositus.

330 3093 462 3150 Vide
490 3097 806 3151 Meursium.

407 3183 808 3237 Ἀπελιιτίκιον
841 3186 1014 3238 clava.
1049 3185 1176 3254 Pag.
1219 3185 1322 3238 102
1351 3200 1402 3247 c,
1432 3187 1495 3237 ἐκ
1542 3184 1762 3255 σιδήρου
1793 3201 1886 3237 κο-

327 3269 494 3339 ρύνας
518 3287 531 3300 ·
565 3272 732 3325 codex
757 3270 845 3325 GB
873 3271 1219 3328 άπελατίκια.
1243 3273 1304 3327 ν.
1335 3272 1534 3327 Heurs.

407 3359 792 3413 ’Δπεντεῦθεν
824 3358 1108 3412 confestim
1148 3373 1268 3427 pag.
1304 3359 1405 3412 115
1434 3358 1489 3411 b.
1511 3359 1667 3412 Anna
1692 3356 1883 3414 Coum.

323 3445 478 3496 Alcx.
513 3459 546 3496 ν
578 3462 593 3498 :
623 3446 727 3496 Καὶ
758 3445 822 3496 τὰ
856 3445 955 3513 μὲν
983 3446 1226 3512 δόγματα
1255 3445 1580 3497 άπεντεῦθεν
1608 3446 1886 3515 ἀναθεμα-

322 3532 550 3594 τίζεται.
591 3531 740 3600 Smpe
775 3535 1018 3585 occurrit
1041 3533 1094 3585 in
1124 3533 1389 3597 Basilicis,
1420 3543 1478 3588 ut
1509 3549 1630 3588 cum
1665 3534 1886 3588 liberta-

325 3627 432 3670 tcm
480 3619 690 3670 directo
733 3619 915 3670 datam
955 3618 1127 3672 erci
1170 3619 1405 3673 reddunt
1437 3620 1765 3672 ἁπεντεύθεν
1797 3619 1886 3673 δο-

323 3705 530 3767 θεῖσιν,
565 3707 690 3774 quia
722 3706 902 3759 statim
943 3706 1204 3776 competit
1229 3719 1284 3761 et
1318 3711 1434 3761 sine
1463 3709 1695 3762 haeredis
1721 3708 1882 3764 facto.

407 3794 721 3860 Ἀπώκρεως
750 3794 1188 3863 caruiSprivium,
1213 3812 1334 3865 pag.
1360 3797 1462 3849 529
1479 3817 1526 3848 a.
1551 3799 1704 3850 Auua
1727 3799 1887 3851 Com-

323 3893 448 3932 ncu.
493 3880 737 3932 Alexiad.
775 3881 874 3933 lib.
908 3896 1040 3934 vm:
1078 3884 1233 3933 Κατά
1263 3886 1361 3950 τὴν
1400 3887 1750 3952 παρασκευὴν
1784 3888 1882 3954 τῇς

334 3966 660 4033 Ἀπόκρεως.
701 3966 815 4018 Dixi
849 3967 914 4044 ad
948 3966 1277 4022 Cedrcuum.

407 4055 882 4122 Ἀποκρισιάριος
920 4057 1128 4125 legatus
1156 4073 1278 4127 pag.
1310 4059 1375 4112 41
1425 4078 1475 4113 c.
1511 4061 1651 4114 idem
1681 4079 1734 4132 p.
1774 4066 1834 4119 41
1865 4083 1878 4118 :

321 4141 441 4201 Τοῖς
488 4157 546 4191 τε
586 4143 692 4210 γὰρ
728 4143 990 4212 πρέσϐεσι
1024 4161 1038 4174 ⁸
1078 4147 1247 4198 codex
1289 4144 1378 4200 (ΞΒ
1422 4149 1878 4220 ἁποκρισιαρίοις.

317 4229 555 4282 Joannes
588 4231 840 4284 Moschus
877 4231 1174 4284 Limonarii
1206 4248 1326 4300 cap.
1372 4233 1439 4286 88
1475 4252 1488 4287 :
1529 4238 1610 4286 ὅτι.
1646 4240 1879 4307 ἀποκρι-

321 4321 528 4382 σιαριο,
557 4315 626 4385 ἡν
657 4319 919 4368 κοινοὸέου
957 4319 1066 4370 τῶν
1106 4319 1286 4386 μερῶν
1333 4320 1627 4391 Ἀπαμίας.
1664 4325 1877 4379 Mauucl

269 4410 274 4418 '
316 4401 597 4470 Moscltep.
631 4404 756 4472 περὶ
782 4405 922 4471 σχεδ.
963 4405 1205 4475 πρέσϐυς
1248 4409 1276 4458 ὁ
1319 4410 1752 4480 ἁποκρισιάριος.
1779 4414 1879 4466 Pa-

319 4506 438 4558 pias
463 4506 478 4541 :
505 4492 891 4558 apocrisiarius
920 4491 1148 4560 legatus.
1189 4493 1319 4547 Vide
1351 4496 1418 4548 ad
1441 4497 1768 4552 Cedrcuum.

393 4581 662 4642 Ἀιυιλαι,
705 4595 758 4644 p.
801 4579 869 4630 88
900 4578 932 4630 b
963 4615 978 4642 ,
1022 4580 1283 4634 machina:
1308 4590 1459 4636 extra
1499 4600 1684 4639 muros
1727 4589 1878 4643 urbis

316 4670 710 4734 prominentes.
750 4665 810 4718 ν.
861 4665 1058 4718 Meurs.
1090 4660 1526 4722 Basnlicaautem
1558 4689 1736 4726 arcam
1773 4677 1876 4744 ἄρ-

317 4757 449 4807 κλαν
481 4765 723 4816 vertunt.
761 4756 856 4808 lib.
900 4772 1015 4819 vui,
1049 4760 1132 4810 tit.
1159 4759 1213 4824 2,
1248 4774 1366 4828 cap.
1403 4760 1522 4824 101,
1556 4770 1610 4814 et
1641 4762 1875 4831 Cyrillus

313 4845 383 4896 ad
415 4847 450 4896 Ι.
483 4845 548 4896 19
581 4844 609 4914 §
653 4844 672 4895 1
714 4844 777 4897 D.
811 4845 912 4898 loc.
954 4845 1115 4898 Basil.
1151 4846 1235 4900 tit.
1279 4849 1299 4900 l
1344 4865 1391 4901 c.
1431 4851 1514 4902 l9.
1549 4849 1658 4903 Leo
1687 4850 1877 4904 Gram-

315 4932 548 4984 maticus
581 4949 595 4984 :
639 4933 745 4984 Καὶ
770 4935 865 4997 τὰς
890 4936 1184 5004 λεγομένας
1215 4935 1421 5003 ἄρκλας
1455 4941 1510 4989 ἐν
1547 4940 1678 4990 πᾶσι
1718 4956 1876 4990 κατε-

315 5020 578 5074 σκεύασεν
610 5025 716 5083 τοί,
746 5026 1016 5092 ἐμϐόλοις,
1041 5026 1303 5095 ἀργύριόν
1327 5046 1386 5080 τε
1423 5029 1559 5080 κατὰ
1599 5033 1741 5098 μῆνα
1764 5033 1875 5092 τοῖς

313 5111 548 5163 ἐνταῦθα
577 5117 988 5183 κατακειμένοις
1022 5118 1215 5186 πένησι
1250 5119 1506 5174 δίδοσθαι.

388 5203 640 5270 Ἀρματα
656 5217 849 5272 arma,
875 5219 993 5274 pag.
1023 5206 1254 5270 42,122,
1285 5207 1406 5260 266.
1431 5207 1538 5262 Leo
1554 5208 1876 5263 Grammati—

312 5310 414 5349 cus
445 5313 459 5348 :
501 5297 699 5358 πάντες
724 5298 833 5366 γάρ
868 5297 936 5347 τὰ
979 5296 1198 5365 ἅρματα
1237 5299 1329 5350 καὶ
1356 5300 1419 5351 τὰ
1453 5299 1682 5369 λωρίκια
1721 5299 1875 5371 ἔρρια

310 5383 418 5452 ψαν
452 5385 529 5445 εἰς
554 5389 651 5450 τὴν
676 5384 810 5436 ὁδόν.
835 5384 1038 5436 Auctor
1062 5381 1183 5437 GB:
1213 5385 1307 5438 καὶ
1333 5388 1361 5438 ό
1390 5388 1620 5457 Χριστὸς
1635 5389 1876 5442 ὀπούπα-

313 5473 404 5524 θεν
438 5473 502 5523 δι’
533 5474 675 5541 ἡμᾶς
717 5474 841 5534 τοὺς
887 5472 1204 5542 ἀνθρώπους
1232 5475 1325 5526 καὶ
1370 5476 1461 5528 τὸν
1494 5477 1720 5546 σταυρὸν
1770 5480 1875 5547 μᾶς

309 5561 512 5612 ἔδωκεν
561 5559 722 5610 ὅπλον
769 5562 863 5611 καὶ
901 5561 1074 5627 μέγαν
1103 5563 1252 5630 ἅρμα
1289 5563 1366 5624 εἰς
1413 5565 1474 5616 τὸ
1515 5569 1577 5618 νά
1615 5567 1874 5634 νικοῦμεν

308 5649 434 5709 τοὺς
487 5647 711 5716 ἐχθροὺς
762 5647 986 5716 όρατούς
1030 5649 1315 5716 άοράτους.
1369 5649 1701 5707 Glossarium
1772 5671 1870 5708 ms.

310 5735 466 5789 ἔντεα
506 5737 571 5789 τὰ
625 5737 759 5788 ὅπλα
805 5739 837 5806 ἢ
886 5736 954 5789 τὰ
1001 5735 1242 5805 ἅρματα.
1289 5738 1716 5811 Etymologicum
1765 5747 1868 5798 lla-

635 5859 902 5938 PATROL.
946 5859 1055 5918 Gn.
1095 5857 1410 5920 CXXXIX.

1503 367 1828 435 FABROTI
1871 368 2149 423 ULUSSA
2164 368 2237 424 lli
2258 364 2383 427 UM.

3406 368 3542 435 1086

1992 493 2154 547 gnum
2183 495 2199 534 :
2237 479 2387 549 ἅρμα
2427 478 2574 548 παρὰ
2619 479 2905 558 Ῥωμαίοις
2937 480 3072 534 ὅπλα
3109 481 3138 552 ἦ
3171 481 3316 551 δόρυ,
3351 481 3552 534 ἀσπίδα

1988 569 2082 618 καὶ
2117 567 2360 637 magna.
2389 568 2519 624 Vide
2547 566 2613 621 ad
2649 566 2954 624 Cedrcuum
2983 580 3037 625 et
3071 567 3405 624 Glossarium
3444 569 3553 624 No-

1988 669 2209 705 lllit'lllll.

2071 740 2517 811 'Apthoomtroc
2568 761 2622 812 p.
2667 745 2724 797 61
2796 744 2852 808 d,
2903 759 2996 813 qut
3045 745 3187 814 apud
3235 744 3552 816 Cpolitauos

1988 827 2503 897 πρωτοσεττιάρεος.
2540 828 2604 882 ν.
2640 831 2957 885 Meursium.

2061 902 2326 981 ’Λοημον
2356 925 2634 984 argentum
2657 933 2708 986 p.
2745 919 2868 972 5H.
2905 919 3270 988 'l‘thphanes
3295 920 3349 974 in
3384 919 3551 974 Hera-

1986 1000 2091 1053 clio
2121 1018 2133 1053 :
2175 1002 2283 1053 Καὶ
2312 1002 2523 1071 ἄσημον
2553 1006 2642 1055 καὶ
2669 1004 2958 1073 ὀλοσηρικά
2989 1004 3550 1075 1μάτια.(.ἶΙοεεαί·ἰιιηι

1989 1102 2149 1142 manu
2197 1100 2478 1144 exaratum
2509 1107 2521 1144 :
2554 1091 2817 1160 Ἀσήμιον
2851 1093 3105 1162 ἄργυρος.
3147 1094 3412 1148 Dixerunt
3453 1093 3552 1162 igi-

1988 1183 2075 1226 tur
2115 1174 2345 1244 άσημον,
2378 1178 2607 1245 άσήμιον
2647 1187 2702 1232 et
2735 1179 2958 1246 άσήμικ.
2995 1183 3194 1235 Auctor
3221 1180 3310 1236 GB
3343 1197 3358 1234 :
3395 1181 3555 1234 Λιθο-

1989 1265 2402 1331 μαργαριτάρια
2446 1266 2649 1333 άςήμιν
2703 1268 2794 1318 καὶ
2855 1267 3148 1336 χρυσάφιν.
3221 1269 3552 1338 Plerumque

1985 1359 2168 1401 autem
2219 1364 2319 1416 pro
2358 1360 2586 1418 argento
2642 1367 2750 1405 non
2801 1354 3033 1422 signato.
3089 1353 3368 1424 Moscbop.
3417 1356 3553 1425 Περὶ

1986 1438 2111 1504 σχεδ
2132 1453 2147 1467 ο
2179 1436 2389 1504 ἄσημον
2410 1439 2671 1510 ἀργύριον
2699 1441 2760 1491 τὸ
2791 1443 2865 1510 μὴ
2903 1444 3338 1514 κεχαραγμένον.

2061 1525 2330 1591 Ἀσπρον
2373 1527 2583 1589 album,
2617 1542 2741 1597 pag.
2783 1528 2908 1581 215.
2942 1529 3272 1586 Chronicum
3320 1532 3552 1586 Alexan-

1986 1609 2205 1664 drinum
2231 1628 2245 1664 :
2276 1613 2514 1682 Φορέσας
2538 1615 2802 1680 στέφανον
2839 1615 3126 1685 Ῥωμαίων
3148 1620 3241 1671 καὶ
3271 1619 3552 1689 χλαμύδην

1984 1698 2220 1768 ἄσπρην.
2267 1699 2585 1754 Anastasius
2632 1701 3092 1758 Bibliothecarius
3139 1705 3193 1758 in
3231 1703 3367 1759 Hist.
3399 1705 3548 1762 Eccl.

1981 1788 2207 1854 portauit
2235 1801 2484 1838 coronam
2505 1797 2553 1839 et
2576 1789 2902 1859 chlamydem
2925 1791 3324 1861 imperatoriam
3349 1793 3548 1849 albam.

1984 1873 2346 1942 Theophanes
2409 1873 2622 1928 dixerat
2671 1875 2915 1947 χλαμύδα
2968 1879 3253 1950 βασιλικὴν
3309 1882 3549 1956 ἄσπρην.

1983 1962 2260 2016 Scholium
2280 1961 2348 2015 ad
2366 1961 2708 2018 oramTimaai
2727 1965 2884 2019 Locri
2904 1970 3028 2036 περὶ
3050 1967 3222 2037 ψυχᾶς
3251 1972 3439 2039 κόσμῳ
3457 1975 3553 2026 καὶ

1984 2047 2192 2114 φύσιος,
2230 2049 2282 2102 in
2311 2049 2460 2119 regio
2478 2065 2580 2104 ms.
2609 2067 2622 2104 :
2652 2051 2870 2120 Σιαγὼν
2897 2055 3083 2108 ἐστινό
3102 2055 3384 2124 λεγόμενος
3409 2059 3555 2129 ὀρεία

1984 2138 2183 2206 χαλκος
2207 2139 2326 2207 ἦτοι
2358 2139 2417 2191 τὸ
2446 2141 2654 2210 ἄσπρον
2684 2141 2973 2212 χάλκωμα.
3002 2145 3207 2199 Auctor
3231 2145 3320 2200 GB
3340 2147 3552 2217 ἀσπρον

1984 2226 2132 2277 ὼσάν
2156 2226 2213 2276 τὸ
2229 2225 2390 2292 γάλα.
2418 2225 2554 2282 Hinc
2588 2228 2873 2298 άσπρίςειν
2900 2230 2954 2284 in
2985 2231 3172 2288 codice
3201 2233 3407 2289 Nit'etae
3439 2233 3549 2298 ΟΒ,

1985 2320 2130 2380 quod
2163 2321 2247 2366 cst
2269 2313 2672 2369 λευκαίνεσθαι.
2711 2316 2806 2370 Est
2835 2324 2890 2370 et
2917 2321 3127 2375 nummi
3157 2335 3350 2390 genus.
3392 2322 3553 2377 Nice-

1990 2411 2070 2456 tas
2129 2418 2184 2471 p.
2237 2401 2342 2457 265
2385 2417 2434 2466 c,
2484 2402 2793 2468 διακοσίους
2837 2413 2924 2460 etc
2959 2423 2973 2459 :
3005 2408 3179 2463 codex
3216 2408 3304 2464 ΟΒ
3341 2409 3550 2483 ἄσπρα.

1985 2491 2440 2562 Astrampsychus
2480 2491 2535 2545 in
2580 2491 2942 2564 Πυθαγορικῷ
2984 2495 3356 2568 λαξευτηρίῳ·
3389 2500 3551 2568 Δῆλοι

1983 2581 2036 2630 δὲ
2072 2579 2166 2631 καὶ
2199 2580 2328 2648 περὶ
2356 2577 2604 2646 άσπρῶν,
2639 2577 2779 2633 εἶναι
2809 2582 2982 2635 ταῦτα
3029 2601 3083 2635 εν
3133 2585 3349 2656 κιίωτῴ
3385 2587 3415 2657 ἢ
3452 2587 3552 2657 βα-

1984 2663 2189 2734 λαντῐῳ
2217 2665 2251 2732 ἢ
2282 2664 2488 2736 σάκκῳ.
2523 2665 2808 2722 Rationale
2840 2667 3052 2738 imperii
3093 2670 3195 2726 sub
3221 2672 3551 2742 imperatore

1985 2751 2179 2804 Alexio
2222 2750 2501 2806 Comneno
2531 2769 2545 2805 :
2581 2754 2651 2804 Τὸ
2703 2753 2803 2821 μὲν
2853 2757 3114 2826 χάραγμα
3171 2759 3411 2828 νόμισμα
3463 2762 3552 2817 διά

1985 2839 2230 2906 τραχέων
2259 2840 2488 2908 ἇσπρων
2522 2841 2874 2910 νομισμάτων
2913 2843 3278 2899 ἀπαιτεῖσθαι,
3316 2849 3552 2916 Cyrillus

1990 2925 2294 2994 patriarcha
2325 2927 2433 2982 CP.
2460 2938 2650 2983 contra
2689 2929 2816 2984 Jud.
2864 2930 3068 2984 ἔστειλε
3101 2935 3431 3005 γράμματα.
3458 2942 3551 2993 καὶ

1984 3015 2247 3083 ὁρισμοὺς
2281 3015 2372 3066 καὶ
2403 3015 2552 3085 μαζῆ
2584 3017 2678 3068 καὶ
2705 3018 2911 3088 ἄσπρα.

2055 3103 2382 3166 Δίνων-της,
2404 3102 2706 3166 αὐθεντεία,
2726 3104 3024 3171 αὐθεντεῖν,
3056 3107 3551 3175 δ·.›ναστεία,1)οιιιῑ-

1987 3207 2111 3256 nus,
2141 3190 2461 3257 dominatio,
2494 3190 2783 3244 dominari.
2825 3190 2884 3244 P.
2935 3194 3035 3248 110
3060 3195 3092 3248 d
3123 3197 3221 3267 τὴν
3258 3201 3548 3268 [Ιαιονικὴν

1987 3277 2441 3348 παραληψόμενον
2484 3276 2805 3330 δυναστείαν
2832 3295 2845 3309 ’
2889 3279 3011 3333 cod.
3065 3280 3154 3336 GB
3207 3284 3544 3342 αὐθεντείαν.

1988 3363 2044 3418 8.
2075 3364 2341 3419 Maximus
2363 3363 2592 3433 epistola
2625 3364 2692 3418 ad
2732 3365 3074 3435 Zygomalam
3110 3389 3125 3423 :
3161 3374 3221 3424 τδ
3252 3372 3421 3442 ὄνομα
3447 3375 3548 3444 τῆς

1985 3451 2303 3514 αὐθεντείας
2349 3468 2464 3504 σου.
2495 3452 2702 3506 Auctor
2741 3468 3047 3524 anonymus
3073 3457 3126 3510 in
3161 3458 3303 3512 libro
3342 3462 3435 3530 qui
3466 3464 3549 3517 iu-

1985 3538 2248 3593 scribitur
2298 3539 2549 3610 διήγησις
2591 3539 2862 3610 ἐξαίρετος
2902 3542 3230 3616 Βελθάνερου
3275 3551 3367 3601 τοῦ
3417 3549 3548 3604 Ῥω.

1989 3627 2149 3702 μαίου
2169 3643 2184 3658 ⁸
2217 3627 2554 3695 τυραννικῶς
2575 3628 2896 3680 αὐθέντευεν
2912 3632 2985 3691 ὡς
3007 3634 3235 3701 φυσικὸς
3260 3637 3545 3708 αὐθέντης.

1984 3719 2222 3774 Joannes
2253 3715 2550 3774 Cantacuz.
2595 3731 2648 3787 ι).
2691 3715 2841 3772 756:
2881 3719 3151 3792 Λύθέντης
3200 3725 3308 3775 τῶν
3357 3725 3550 3779 θαλασ-

1988 3809 2115 3859 σών.
2154 3807 2311 3858 Anua
2343 3804 2618 3860 Comnena
2653 3807 2899 3860 Alexiad.
2929 3824 3021 3862 vm
3058 3827 3072 3862 :
3112 3809 3293 3866 Κακέν
3319 3815 3549 3884 πρᾶγμα

1986 3895 2122 3962 προς
2144 3894 2235 3944 τὸν
2264 3893 2394 3946 ἴδιον
2418 3895 2814 3962 ἐπανέρχεσθαι
2837 3895 3124 3966 αὐθέντην.
3160 3898 3501 3972 Phrynichus
3527 3924 3539 3957 :

1983 3983 2259 4051 Αὺθέντης
2286 3980 2555 4051 μηδέποτε
2583 3984 2764 4051 χρήσῃ
2793 3983 2868 4045 ὡς
2909 3983 3000 4035 ἐπὶ
3029 3985 3123 4037 τοῦ
3161 3987 3442 4055 δεσπότου,
3469 3994 3543 4053 ὡς

1981 4071 2033 4121 οἱ
2066 4071 2190 4136 περὶ
2223 4071 2291 4120 τά
2314 4067 2639 4138 δικαστήρια
2672 4069 2921 4139 ῥήτορες.
2951 4069 3086 4126 Vide
3124 4074 3189 4127 ad
3233 4074 3541 4134 Cedrcuum

1985 4155 2039 4208 iu
2070 4155 2348 4224 αὐθέντης.

2734 4287 2775 4338 Β

2050 4418 2364 4479 Βαίουλος,
2389 4413 2711 4484 παιδοκόμο;
2744 4431 2800 4485 p.
2828 4415 2930 4471 506
2957 4418 3014 4480 d,
3042 4418 3276 4491 bajulus.
3313 4423 3444 4480 Vi-le
3473 4429 3539 4481 ad

1978 4503 2306 4558 Cedrcuum.

2050 4591 2256 4643 Βάλκα
2294 4589 2492 4658 βάρκα.
2529 4589 2588 4642 P.
2619 4589 2722 4644 546
2746 4591 2802 4655 b,
2835 4593 2894 4644 τὸ
2926 4594 2980 4646 δὲ
3006 4599 3210 4665 ταύτης
3241 4601 3489 4666 ἐφόλκιον
3518 4618 3536 4634 ο

1980 4679 2150 4732 codex
2179 4677 2266 4732 GB
2291 4679 2482 4747 βάλκα.
2515 4678 2906 4735 Constantinus
2945 4683 3381 4758 Harmeuopulus
3408 4692 3539 4746 Bre-

1981 4765 2134 4820 viarii
2191 4765 2288 4819 lib.
2327 4782 2384 4825 ll.
2432 4767 2516 4818 tit.
2550 4767 2634 4830 11,
2681 4766 2707 4836 §
2745 4769 2777 4822 9
2809 4786 2822 4822 :
2871 4770 2981 4840 Τὴν
3015 4775 3204 4837 κοινῶς
3237 4777 3537 4851 λεγομένην

1980 4854 2200 4923 βάλκαν.
2229 4854 2322 4907 Vir
2350 4853 2544 4906 doctus
2577 4854 2861 4922 legendum
2897 4859 3121 4926 putabat
3151 4861 3360 4931 βάρκαν
3379 4881 3401 4920 .°
3427 4869 3536 4923 Re.

1977 4942 2049 5012 gii
2074 4950 2253 4995 tamen
2281 4940 2497 4994 codices
2525 4942 2664 4995 nihil
2697 4952 2928 4997 mutant.
2957 4946 3163 5001 Auctor
3191 4948 3314 5006 GB:
3358 4953 3415 5008 '0
3443 4958 3535 5009 κό-

1982 5051 2086 5101 μης
2133 5031 2342 5100 βάρκαν
2389 5031 2612 5100 ἔρριψεν
2663 5034 2867 5102 τρανὴν
2906 5038 3044 5088 κατὰ
3082 5037 3371 5110 θαλάσσης.
3432 5044 3532 5102 Est

1976 5128 2157 5172 autem
2195 5118 2364 5187 βάλκα
2400 5133 2494 5172 seu
2536 5119 2715 5187 βάρκα
2752 5119 2935 5184 barca,
2970 5125 3188 5191 scapha.
3235 5127 3422 5184 Exstat
3472 5134 3529 5186 in

1977 5206 2181 5261 Glossis
2206 5220 2236 5259 e
2269 5204 2545 5259 Glossario
2571 5206 2806 5261 Arabico
2836 5207 2954 5260 Lat.
2977 5210 3238 5266 collectis.
3271 5214 3530 5273 Paulinus

1976 5295 2214 5350 carmine
2245 5295 2309 5347 ad
2341 5295 2652 5365 Cytherium
2684 5311 2698 5347 :

2191 5429 2256 5483 Ut
2295 5444 2413 5500 mox
2441 5428 2641 5500 salubri
2665 5427 2819 5480 barca
2853 5429 3089 5498 perfugio
3115 5430 3247 5500 foret

2332 5499 2504 5568 l’uppi
2533 5505 2787 5567 superstes
2817 5502 3034 5560 obrutaz.

2046 5652 2368 5718 Βιόραγγος,
2393 5649 2450 5702 1³.
2488 5648 2590 5702 5132
2619 5662 2670 5711 a,
2691 5646 2764 5717 μὴ
2788 5647 2924 5715 ἔχων
2950 5647 3290 5718 ὑπασπιστὴν
3309 5662 3325 5678 ο
3355 5647 3525 5702 codex

1978 5740 2065 5799 GB
2091 5739 2380 5807 βάραγγον.
2420 5737 2486 5790 Et
2524 5750 2578 5806 p.
2612 5734 2716 5790 562
2748 5750 2798 5798 a,
2826 5737 2850 5786 ό
2885 5735 2937 5785 δὲ
2971 5734 3092 5795 τοὺς
3125 5732 3527 5805 πελεκνιρόρονς

3133 5838 3204 5900 34
