  <div class='ocr_page' id='page_1' title='image "/cluster/home/n/w/nwhite01/storage/ocr_20150623/139/nnc1.0046979840/554.png"; bbox 0 0 4314 6356; ppageno 0'>
   <div class='ocr_carea' id='block_1_1' title="bbox 330 373 613 441">
    <p class='ocr_par' dir='ltr' id='par_1_1' title="bbox 330 373 613 441">
     <span class='ocr_line' id='line_1_1' title="bbox 330 373 613 441; baseline -0.004 -1"><span class='ocrx_word' id='word_1_1' title='bbox 330 373 468 441; x_wconf 75' lang='grc'>1073</span> <span class='ocrx_word' id='word_1_2' title='bbox 610 436 613 439; x_wconf 74' lang='grc'>,</span> 
     </span>
    </p>
   </div>
   <div class='ocr_carea' id='block_1_2' title="bbox 403 484 1896 556">
    <p class='ocr_par' dir='ltr' id='par_1_2' title="bbox 403 484 1896 556">
     <span class='ocr_line' id='line_1_2' title="bbox 403 484 1896 556; baseline -0.006 -11"><span class='ocrx_word' id='word_1_3' title='bbox 403 490 681 545; x_wconf 69' lang='grc' dir='ltr'>Κελλιόν.</span> <span class='ocrx_word' id='word_1_4' title='bbox 718 491 780 546; x_wconf 88' lang='grc' dir='ltr'>Ρ.</span> <span class='ocrx_word' id='word_1_5' title='bbox 813 488 916 545; x_wconf 71' lang='grc'>526</span> <span class='ocrx_word' id='word_1_6' title='bbox 951 504 981 544; x_wconf 88' lang='lat' dir='ltr'>a</span> <span class='ocrx_word' id='word_1_7' title='bbox 1010 488 1076 543; x_wconf 75' lang='grc' dir='ltr'>τὰ</span> <span class='ocrx_word' id='word_1_8' title='bbox 1102 485 1190 541; x_wconf 70' lang='grc' dir='ltr'>ἐπὶ</span> <span class='ocrx_word' id='word_1_9' title='bbox 1208 486 1319 556; x_wconf 68' lang='grc' dir='ltr'>κτῆς</span> <span class='ocrx_word' id='word_1_10' title='bbox 1358 485 1653 555; x_wconf 79' lang='grc' dir='ltr'>Θεραπείας</span> <span class='ocrx_word' id='word_1_11' title='bbox 1687 484 1896 550; x_wconf 83' lang='grc' dir='ltr'>λειογέ-</span> 
     </span>
    </p>
   </div>
   <div class='ocr_carea' id='block_1_3' title="bbox 333 571 1899 648">
    <p class='ocr_par' dir='ltr' id='par_1_3' title="bbox 333 571 1899 648">
     <span class='ocr_line' id='line_1_3' title="bbox 333 571 1899 648; baseline -0.006 -15"><span class='ocrx_word' id='word_1_12' title='bbox 333 595 451 633; x_wconf 86' lang='grc' dir='ltr'>νεια</span> <span class='ocrx_word' id='word_1_13' title='bbox 499 579 778 648; x_wconf 82' lang='grc' dir='ltr'>μειράκια.</span> <span class='ocrx_word' id='word_1_14' title='bbox 829 578 1011 633; x_wconf 79' lang='lat' dir='ltr'><strong>Codex</strong></span> <span class='ocrx_word' id='word_1_15' title='bbox 1054 577 1161 642; x_wconf 65' lang='grc' dir='ltr'><strong>(ΞΒ,</strong></span> <span class='ocrx_word' id='word_1_16' title='bbox 1216 576 1298 629; x_wconf 73' lang='grc' dir='ltr'>Τά</span> <span class='ocrx_word' id='word_1_17' title='bbox 1337 574 1430 626; x_wconf 82' lang='grc' dir='ltr'>τοῦ</span> <span class='ocrx_word' id='word_1_18' title='bbox 1478 574 1689 626; x_wconf 80' lang='grc' dir='ltr'>κελλίου</span> <span class='ocrx_word' id='word_1_19' title='bbox 1734 571 1899 624; x_wconf 78' lang='grc' dir='ltr'>αὑτοῦ</span> 
     </span>
    </p>
   </div>
   <div class='ocr_carea' id='block_1_4' title="bbox 335 660 1901 736">
    <p class='ocr_par' dir='ltr' id='par_1_4' title="bbox 335 660 1901 736">
     <span class='ocr_line' id='line_1_4' title="bbox 335 660 1901 736; baseline -0.005 -18"><span class='ocrx_word' id='word_1_20' title='bbox 335 665 693 719; x_wconf 84' lang='grc' dir='ltr'>παιδοποῦλα.</span> <span class='ocrx_word' id='word_1_21' title='bbox 738 667 805 721; x_wconf 87' lang='grc' dir='ltr'>Ει</span> <span class='ocrx_word' id='word_1_22' title='bbox 843 682 898 736; x_wconf 92' lang='lat' dir='ltr'>p.</span> <span class='ocrx_word' id='word_1_23' title='bbox 933 666 1058 730; x_wconf 66' lang='grc'>342,</span> <span class='ocrx_word' id='word_1_24' title='bbox 1106 666 1219 735; x_wconf 75' lang='grc' dir='ltr'>Πρὸ</span> <span class='ocrx_word' id='word_1_25' title='bbox 1249 663 1345 732; x_wconf 77' lang='grc' dir='ltr'>τῆς</span> <span class='ocrx_word' id='word_1_26' title='bbox 1378 662 1650 733; x_wconf 72' lang='grc' dir='ltr'>βασιλείου</span> <span class='ocrx_word' id='word_1_27' title='bbox 1692 660 1901 729; x_wconf 82' lang='grc' dir='ltr'>κλίνης.</span> 
     </span>
    </p>
   </div>
   <div class='ocr_carea' id='block_1_5' title="bbox 333 747 1903 812">
    <p class='ocr_par' dir='ltr' id='par_1_5' title="bbox 333 747 1903 812">
     <span class='ocr_line' id='line_1_5' title="bbox 333 747 1903 812; baseline -0.006 -4"><span class='ocrx_word' id='word_1_28' title='bbox 333 754 515 808; x_wconf 80' lang='lat' dir='ltr'><strong>Codex</strong></span> <span class='ocrx_word' id='word_1_29' title='bbox 546 754 633 808; x_wconf 91' lang='lat' dir='ltr'>GB</span> <span class='ocrx_word' id='word_1_30' title='bbox 660 754 825 808; x_wconf 81' lang='lat' dir='ltr'><strong>habet</strong></span> <span class='ocrx_word' id='word_1_31' title='bbox 855 774 867 809; x_wconf 91' lang='lat'><strong>:</strong></span> <span class='ocrx_word' id='word_1_32' title='bbox 908 754 1141 808; x_wconf 81' lang='grc' dir='ltr'>Κελλίου</span> <span class='ocrx_word' id='word_1_33' title='bbox 1175 753 1267 806; x_wconf 85' lang='grc' dir='ltr'>τοῦ</span> <span class='ocrx_word' id='word_1_34' title='bbox 1296 750 1549 812; x_wconf 82' lang='grc' dir='ltr'>κοιτῶνος</span> <span class='ocrx_word' id='word_1_35' title='bbox 1570 747 1758 804; x_wconf 80' lang='grc' dir='ltr'>αὐτοῦ,</span> <span class='ocrx_word' id='word_1_36' title='bbox 1790 747 1903 799; x_wconf 85' lang='grc' dir='ltr'>Μο-</span> 
     </span>
    </p>
   </div>
   <div class='ocr_carea' id='block_1_6' title="bbox 334 833 1904 910">
    <p class='ocr_par' dir='ltr' id='par_1_6' title="bbox 334 833 1904 910">
     <span class='ocr_line' id='line_1_6' title="bbox 334 833 1904 910; baseline -0.007 -16"><span class='ocrx_word' id='word_1_37' title='bbox 334 841 635 910; x_wconf 85' lang='lat' dir='ltr'><strong>schopulus</strong></span> <span class='ocrx_word' id='word_1_38' title='bbox 662 842 790 910; x_wconf 75' lang='grc' dir='ltr'>περὶ</span> <span class='ocrx_word' id='word_1_39' title='bbox 823 842 968 910; x_wconf 87' lang='grc' dir='ltr'>σχεδ·</span> <span class='ocrx_word' id='word_1_40' title='bbox 1005 842 1230 895; x_wconf 81' lang='grc' dir='ltr'>Κελλίον</span> <span class='ocrx_word' id='word_1_41' title='bbox 1256 839 1450 900; x_wconf 83' lang='grc' dir='ltr'>κοινῶς</span> <span class='ocrx_word' id='word_1_42' title='bbox 1479 838 1540 890; x_wconf 81' lang='grc' dir='ltr'>τὸ</span> <span class='ocrx_word' id='word_1_43' title='bbox 1571 835 1699 904; x_wconf 81' lang='grc' dir='ltr'>παρ’</span> <span class='ocrx_word' id='word_1_44' title='bbox 1730 833 1904 886; x_wconf 84' lang='grc' dir='ltr'>Ἀττι-</span> 
     </span>
    </p>
   </div>
   <div class='ocr_carea' id='block_1_7' title="bbox 336 921 1902 996">
    <p class='ocr_par' dir='ltr' id='par_1_7' title="bbox 336 921 1902 996">
     <span class='ocr_line' id='line_1_7' title="bbox 336 921 1902 996; baseline -0.007 -15"><span class='ocrx_word' id='word_1_45' title='bbox 336 932 453 991; x_wconf 79' lang='grc' dir='ltr'>κοῖς</span> <span class='ocrx_word' id='word_1_46' title='bbox 486 930 781 996; x_wconf 89' lang='grc' dir='ltr'>δωμάτιον,</span> <span class='ocrx_word' id='word_1_47' title='bbox 818 929 950 983; x_wconf 88' lang='lat' dir='ltr'><strong>item</strong></span> <span class='ocrx_word' id='word_1_48' title='bbox 983 929 1180 982; x_wconf 85' lang='grc' dir='ltr'>κοιτὼν</span> <span class='ocrx_word' id='word_1_49' title='bbox 1211 922 1668 995; x_wconf 80' lang='grc' dir='ltr'>καταχρηστικῶς</span> <span class='ocrx_word' id='word_1_50' title='bbox 1699 921 1758 973; x_wconf 73' lang='grc' dir='ltr'>τὸ</span> <span class='ocrx_word' id='word_1_51' title='bbox 1788 937 1902 973; x_wconf 77' lang='grc' dir='ltr'>κοιο</span> 
     </span>
    </p>
   </div>
   <div class='ocr_carea' id='block_1_8' title="bbox 334 1016 1620 1087">
    <p class='ocr_par' dir='ltr' id='par_1_8' title="bbox 334 1016 1620 1087">
     <span class='ocr_line' id='line_1_8' title="bbox 334 1016 1620 1087; baseline -0.002 -18"><span class='ocrx_word' id='word_1_52' title='bbox 334 1020 443 1079; x_wconf 63' lang='lat' dir='ltr'>va;</span> <span class='ocrx_word' id='word_1_53' title='bbox 466 1019 760 1087; x_wconf 84' lang='grc' dir='ltr'>λεγόμενον</span> <span class='ocrx_word' id='word_1_54' title='bbox 795 1019 1027 1081; x_wconf 81' lang='grc' dir='ltr'>κελλίον,</span> <span class='ocrx_word' id='word_1_55' title='bbox 1062 1016 1620 1078; x_wconf 86' lang='lat' dir='ltr'><strong>cubiculum,lectus.</strong></span> 
     </span>
    </p>
   </div>
   <div class='ocr_carea' id='block_1_9' title="bbox 415 1097 1904 1176">
    <p class='ocr_par' dir='ltr' id='par_1_9' title="bbox 415 1097 1904 1176">
     <span class='ocr_line' id='line_1_9' title="bbox 415 1097 1904 1176; baseline -0.009 -13"><span class='ocrx_word' id='word_1_56' title='bbox 415 1108 835 1176; x_wconf 74' lang='grc' dir='ltr'>Κεντηνὰριον,</span> <span class='ocrx_word' id='word_1_57' title='bbox 882 1107 1284 1163; x_wconf 74' lang='lat' dir='ltr'>centenarium.</span> <span class='ocrx_word' id='word_1_58' title='bbox 1326 1103 1738 1172; x_wconf 88' lang='lat' dir='ltr'><strong>Theophanes&#39;:</strong></span> <span class='ocrx_word' id='word_1_59' title='bbox 1767 1097 1904 1151; x_wconf 71' lang='grc' dir='ltr'>Φασὶ</span> 
     </span>
    </p>
   </div>
   <div class='ocr_carea' id='block_1_10' title="bbox 336 1191 1904 1265">
    <p class='ocr_par' dir='ltr' id='par_1_10' title="bbox 336 1191 1904 1265">
     <span class='ocr_line' id='line_1_10' title="bbox 336 1191 1904 1265; baseline -0.002 -20"><span class='ocrx_word' id='word_1_60' title='bbox 336 1193 448 1263; x_wconf 74' lang='grc' dir='ltr'>γὰρ</span> <span class='ocrx_word' id='word_1_61' title='bbox 477 1196 641 1248; x_wconf 75' lang='grc' dir='ltr'>αὐτὸν</span> <span class='ocrx_word' id='word_1_62' title='bbox 676 1196 824 1265; x_wconf 84' lang='grc' dir='ltr'>χίλια</span> <span class='ocrx_word' id='word_1_63' title='bbox 856 1197 924 1248; x_wconf 80' lang='grc' dir='ltr'>τὰ</span> <span class='ocrx_word' id='word_1_64' title='bbox 950 1199 1282 1263; x_wconf 81' lang='grc' dir='ltr'>κεντηνάρια</span> <span class='ocrx_word' id='word_1_65' title='bbox 1313 1191 1747 1261; x_wconf 71' lang='grc' dir='ltr'>δεδαπανηκέναι</span> <span class='ocrx_word' id='word_1_66' title='bbox 1772 1202 1904 1256; x_wconf 87' lang='grc' dir='ltr'>χρυ·</span> 
     </span>
    </p>
   </div>
   <div class='ocr_carea' id='block_1_11' title="bbox 338 1276 1904 1355">
    <p class='ocr_par' dir='ltr' id='par_1_11' title="bbox 338 1276 1904 1355">
     <span class='ocr_line' id='line_1_11' title="bbox 338 1276 1904 1355; baseline -0.003 -22"><span class='ocrx_word' id='word_1_67' title='bbox 338 1282 457 1334; x_wconf 84' lang='grc' dir='ltr'>σίου</span> <span class='ocrx_word' id='word_1_68' title='bbox 478 1283 535 1333; x_wconf 78' lang='grc' dir='ltr'>ἐν</span> <span class='ocrx_word' id='word_1_69' title='bbox 560 1284 735 1353; x_wconf 80' lang='grc' dir='ltr'>τούτῳ</span> <span class='ocrx_word' id='word_1_70' title='bbox 760 1285 837 1351; x_wconf 88' lang='grc' dir='ltr'>τῷ</span> <span class='ocrx_word' id='word_1_71' title='bbox 861 1285 1050 1355; x_wconf 83' lang='grc' dir='ltr'>στόλῳ.</span> <span class='ocrx_word' id='word_1_72' title='bbox 1076 1283 1372 1352; x_wconf 69' lang='lat' dir='ltr'><strong>Gregorius</strong></span> <span class='ocrx_word' id='word_1_73' title='bbox 1394 1277 1753 1338; x_wconf 88' lang='lat' dir='ltr'><strong>Turonensis,</strong></span> <span class='ocrx_word' id='word_1_74' title='bbox 1774 1276 1904 1328; x_wconf 91' lang='lat' dir='ltr'><strong>hist.</strong></span> 
     </span>
    </p>
   </div>
   <div class='ocr_carea' id='block_1_12' title="bbox 334 1363 1908 1437">
    <p class='ocr_par' dir='ltr' id='par_1_12' title="bbox 334 1363 1908 1437">
     <span class='ocr_line' id='line_1_12' title="bbox 334 1363 1908 1437; baseline -0.006 -12"><span class='ocrx_word' id='word_1_75' title='bbox 334 1385 389 1428; x_wconf 82' lang='grc' dir='ltr'>ν.</span> <span class='ocrx_word' id='word_1_76' title='bbox 431 1385 552 1437; x_wconf 82' lang='lat' dir='ltr'><strong>cap.</strong></span> <span class='ocrx_word' id='word_1_77' title='bbox 590 1370 656 1424; x_wconf 75' lang='lat' dir='ltr'><strong>i9</strong></span> <span class='ocrx_word' id='word_1_78' title='bbox 704 1389 716 1424; x_wconf 93' lang='lat'><strong>:</strong></span> <span class='ocrx_word' id='word_1_79' title='bbox 760 1371 1080 1425; x_wconf 75' lang='lat' dir='ltr'><strong>Thesaurum</strong></span> <span class='ocrx_word' id='word_1_80' title='bbox 1112 1371 1382 1424; x_wconf 74' lang='lat' dir='ltr'>habentem</span> <span class='ocrx_word' id='word_1_81' title='bbox 1419 1383 1583 1437; x_wconf 77' lang='lat' dir='ltr'><strong>supra</strong></span> <span class='ocrx_word' id='word_1_82' title='bbox 1618 1363 1757 1419; x_wconf 84' lang='lat' dir='ltr'><strong>mille</strong></span> <span class='ocrx_word' id='word_1_83' title='bbox 1789 1364 1908 1415; x_wconf 82' lang='lat' dir='ltr'><strong>auri</strong></span> 
     </span>
    </p>
   </div>
   <div class='ocr_carea' id='block_1_13' title="bbox 335 1451 1906 1527">
    <p class='ocr_par' dir='ltr' id='par_1_13' title="bbox 335 1451 1906 1527">
     <span class='ocr_line' id='line_1_13' title="bbox 335 1451 1906 1527; baseline -0.005 -18"><span class='ocrx_word' id='word_1_84' title='bbox 335 1458 662 1511; x_wconf 80' lang='lat' dir='ltr'><strong>centenario.</strong></span> <span class='ocrx_word' id='word_1_85' title='bbox 713 1456 1037 1526; x_wconf 81' lang='lat' dir='ltr'><strong>Appendix:</strong></span> <span class='ocrx_word' id='word_1_86' title='bbox 1076 1456 1409 1527; x_wconf 80' lang='lat' dir='ltr'><strong>Recipiebant</strong></span> <span class='ocrx_word' id='word_1_87' title='bbox 1459 1455 1565 1506; x_wconf 81' lang='lat' dir='ltr'><strong>tria</strong></span> <span class='ocrx_word' id='word_1_88' title='bbox 1602 1451 1906 1505; x_wconf 78' lang='lat' dir='ltr'><strong>centenario</strong></span> 
     </span>
    </p>
   </div>
   <div class='ocr_carea' id='block_1_14' title="bbox 335 1537 1905 1616">
    <p class='ocr_par' dir='ltr' id='par_1_14' title="bbox 335 1537 1905 1616">
     <span class='ocr_line' id='line_1_14' title="bbox 335 1537 1905 1616; baseline 0 -23"><span class='ocrx_word' id='word_1_89' title='bbox 335 1545 459 1595; x_wconf 84' lang='lat' dir='ltr'><strong>auri</strong></span> <span class='ocrx_word' id='word_1_90' title='bbox 490 1546 643 1599; x_wconf 83' lang='lat' dir='ltr'><strong>annis</strong></span> <span class='ocrx_word' id='word_1_91' title='bbox 665 1547 901 1616; x_wconf 83' lang='lat' dir='ltr'><strong>singulis.</strong></span> <span class='ocrx_word' id='word_1_92' title='bbox 933 1543 1067 1600; x_wconf 86' lang='lat' dir='ltr'><strong>Vide</strong></span> <span class='ocrx_word' id='word_1_93' title='bbox 1096 1544 1284 1599; x_wconf 82' lang='lat' dir='ltr'>Isidor.</span> <span class='ocrx_word' id='word_1_94' title='bbox 1313 1558 1424 1607; x_wconf 79' lang='lat' dir='ltr'>xw,</span> <span class='ocrx_word' id='word_1_95' title='bbox 1448 1539 1518 1595; x_wconf 67' lang='lat'><strong>34</strong></span> <span class='ocrx_word' id='word_1_96' title='bbox 1542 1558 1556 1606; x_wconf 87' lang='lat'><strong>;</strong></span> <span class='ocrx_word' id='word_1_97' title='bbox 1579 1537 1905 1607; x_wconf 84' lang='lat' dir='ltr'><strong>Procopium</strong></span> 
     </span>
    </p>
   </div>
   <div class='ocr_carea' id='block_1_15' title="bbox 336 1632 605 1699">
    <p class='ocr_par' dir='ltr' id='par_1_15' title="bbox 336 1632 605 1699">
     <span class='ocr_line' id='line_1_15' title="bbox 336 1632 605 1699; baseline 0.004 -16"><span class='ocrx_word' id='word_1_98' title='bbox 336 1632 504 1699; x_wconf 82' lang='grc' dir='ltr'>Περσ,</span> <span class='ocrx_word' id='word_1_99' title='bbox 533 1642 605 1688; x_wconf 83' lang='grc' dir='ltr'>α’.</span> 
     </span>
    </p>
   </div>
   <div class='ocr_carea' id='block_1_16' title="bbox 409 1722 1908 1794">
    <p class='ocr_par' dir='ltr' id='par_1_16' title="bbox 409 1722 1908 1794">
     <span class='ocr_line' id='line_1_16' title="bbox 409 1722 1908 1794; baseline -0.003 -21"><span class='ocrx_word' id='word_1_100' title='bbox 409 1723 772 1789; x_wconf 60' lang='grc' dir='ltr'>Ιιέραλάὃαι.</span> <span class='ocrx_word' id='word_1_101' title='bbox 796 1725 857 1779; x_wconf 87' lang='grc' dir='ltr'><strong>Ρ.</strong></span> <span class='ocrx_word' id='word_1_102' title='bbox 887 1724 991 1778; x_wconf 75' lang='lat'>209</span> <span class='ocrx_word' id='word_1_103' title='bbox 1012 1740 1040 1777; x_wconf 86' lang='lat' dir='ltr'>a</span> <span class='ocrx_word' id='word_1_104' title='bbox 1073 1726 1121 1777; x_wconf 85' lang='grc' dir='ltr'>οί</span> <span class='ocrx_word' id='word_1_105' title='bbox 1154 1724 1252 1788; x_wconf 75' lang='grc' dir='ltr'>τάς</span> <span class='ocrx_word' id='word_1_106' title='bbox 1276 1724 1569 1794; x_wconf 80' lang='grc' dir='ltr'>δημοσίους</span> <span class='ocrx_word' id='word_1_107' title='bbox 1601 1722 1908 1785; x_wconf 78' lang='grc' dir='ltr'>ἀναζωννυ-</span> 
     </span>
    </p>
   </div>
   <div class='ocr_carea' id='block_1_17' title="bbox 341 1807 1905 1881">
    <p class='ocr_par' dir='ltr' id='par_1_17' title="bbox 341 1807 1905 1881">
     <span class='ocr_line' id='line_1_17' title="bbox 341 1807 1905 1881; baseline 0.003 -23"><span class='ocrx_word' id='word_1_108' title='bbox 341 1808 493 1874; x_wconf 83' lang='grc' dir='ltr'>μένοι</span> <span class='ocrx_word' id='word_1_109' title='bbox 540 1812 733 1880; x_wconf 78' lang='grc' dir='ltr'>ἀρχάς.</span> <span class='ocrx_word' id='word_1_110' title='bbox 782 1813 968 1867; x_wconf 80' lang='lat' dir='ltr'><strong>Codex</strong></span> <span class='ocrx_word' id='word_1_111' title='bbox 1011 1812 1123 1876; x_wconf 75' lang='grc' dir='ltr'>ΟΒ,</span> <span class='ocrx_word' id='word_1_112' title='bbox 1169 1813 1494 1881; x_wconf 74' lang='grc' dir='ltr'>κεφαλάεαι.</span> <span class='ocrx_word' id='word_1_113' title='bbox 1539 1810 1744 1864; x_wconf 87' lang='lat' dir='ltr'><strong>Auctor</strong></span> <span class='ocrx_word' id='word_1_114' title='bbox 1795 1807 1905 1870; x_wconf 73' lang='grc' dir='ltr'><strong>(ἶΒ,</strong></span> 
     </span>
    </p>
   </div>
   <div class='ocr_carea' id='block_1_18' title="bbox 338 1894 1907 1971">
    <p class='ocr_par' dir='ltr' id='par_1_18' title="bbox 338 1894 1907 1971">
     <span class='ocr_line' id='line_1_18' title="bbox 338 1894 1907 1971; baseline -0.002 -24"><span class='ocrx_word' id='word_1_115' title='bbox 338 1896 449 1947; x_wconf 81' lang='grc' dir='ltr'>Καὶ</span> <span class='ocrx_word' id='word_1_116' title='bbox 480 1900 632 1967; x_wconf 82' lang='grc' dir='ltr'>πεῖρε</span> <span class='ocrx_word' id='word_1_117' title='bbox 659 1899 753 1951; x_wconf 77' lang='grc' dir='ltr'>καὶ</span> <span class='ocrx_word' id='word_1_118' title='bbox 774 1902 898 1962; x_wconf 80' lang='grc' dir='ltr'>τοὺς</span> <span class='ocrx_word' id='word_1_119' title='bbox 918 1902 1183 1971; x_wconf 78' lang='grc' dir='ltr'>ἄρχοντας</span> <span class='ocrx_word' id='word_1_120' title='bbox 1212 1900 1403 1954; x_wconf 82' lang='grc' dir='ltr'>πασῶν</span> <span class='ocrx_word' id='word_1_121' title='bbox 1419 1900 1525 1951; x_wconf 84' lang='grc' dir='ltr'>τῶν</span> <span class='ocrx_word' id='word_1_122' title='bbox 1549 1894 1907 1950; x_wconf 85' lang='grc' dir='ltr'>καστελλείων</span> 
     </span>
    </p>
   </div>
   <div class='ocr_carea' id='block_1_19' title="bbox 338 1980 1908 2059">
    <p class='ocr_par' dir='ltr' id='par_1_19' title="bbox 338 1980 1908 2059">
     <span class='ocr_line' id='line_1_19' title="bbox 338 1980 1908 2059; baseline 0 -24"><span class='ocrx_word' id='word_1_123' title='bbox 338 1986 435 2036; x_wconf 77' lang='grc' dir='ltr'>καὶ</span> <span class='ocrx_word' id='word_1_124' title='bbox 464 1987 774 2051; x_wconf 78' lang='grc' dir='ltr'>κεφαλάδας</span> <span class='ocrx_word' id='word_1_125' title='bbox 820 1986 915 2051; x_wconf 84' lang='grc' dir='ltr'>οὒς</span> <span class='ocrx_word' id='word_1_126' title='bbox 946 1980 1106 2059; x_wconf 71' lang='grc' dir='ltr'>εἶχεν</span> <span class='ocrx_word' id='word_1_127' title='bbox 1128 1988 1224 2056; x_wconf 81' lang='grc' dir='ltr'>ὅλη</span> <span class='ocrx_word' id='word_1_128' title='bbox 1254 1989 1288 2055; x_wconf 83' lang='grc' dir='ltr'><strong>ἡ</strong></span> <span class='ocrx_word' id='word_1_129' title='bbox 1323 1985 1671 2054; x_wconf 83' lang='grc' dir='ltr'>Ἐγκλιτέρα.</span> <span class='ocrx_word' id='word_1_130' title='bbox 1712 1983 1817 2049; x_wconf 84' lang='lat' dir='ltr'><strong>Qui</strong></span> <span class='ocrx_word' id='word_1_131' title='bbox 1853 1991 1908 2034; x_wconf 77' lang='lat' dir='ltr'>ct</span> 
     </span>
    </p>
   </div>
   <div class='ocr_carea' id='block_1_20' title="bbox 340 2070 1908 2138">
    <p class='ocr_par' dir='ltr' id='par_1_20' title="bbox 340 2070 1908 2138">
     <span class='ocr_line' id='line_1_20' title="bbox 340 2070 1908 2138; baseline 0 -15"><span class='ocrx_word' id='word_1_132' title='bbox 340 2075 644 2125; x_wconf 77' lang='grc' dir='ltr'>καπετάνοι</span> <span class='ocrx_word' id='word_1_133' title='bbox 675 2075 757 2129; x_wconf 86' lang='lat' dir='ltr'>vel</span> <span class='ocrx_word' id='word_1_134' title='bbox 779 2076 1117 2130; x_wconf 81' lang='grc' dir='ltr'>καπιτάνιοι.</span> <span class='ocrx_word' id='word_1_135' title='bbox 1153 2077 1362 2130; x_wconf 78' lang='lat' dir='ltr'><strong>Auctor</strong></span> <span class='ocrx_word' id='word_1_136' title='bbox 1390 2072 1498 2138; x_wconf 77' lang='grc' dir='ltr'><strong>ΟΒ,</strong></span> <span class='ocrx_word' id='word_1_137' title='bbox 1529 2074 1585 2127; x_wconf 92' lang='lat' dir='ltr'>in</span> <span class='ocrx_word' id='word_1_138' title='bbox 1618 2070 1757 2125; x_wconf 83' lang='lat' dir='ltr'><strong>Hist.</strong></span> <span class='ocrx_word' id='word_1_139' title='bbox 1784 2085 1908 2123; x_wconf 87' lang='lat' dir='ltr'><strong>uar-</strong></span> 
     </span>
    </p>
   </div>
   <div class='ocr_carea' id='block_1_21' title="bbox 337 2158 1906 2229">
    <p class='ocr_par' dir='ltr' id='par_1_21' title="bbox 337 2158 1906 2229">
     <span class='ocr_line' id='line_1_21' title="bbox 337 2158 1906 2229; baseline 0.001 -19"><span class='ocrx_word' id='word_1_140' title='bbox 337 2169 444 2212; x_wconf 93' lang='lat' dir='ltr'><strong>rat.</strong></span> <span class='ocrx_word' id='word_1_141' title='bbox 488 2159 557 2213; x_wconf 90' lang='lat' dir='ltr'>de</span> <span class='ocrx_word' id='word_1_142' title='bbox 596 2161 911 2217; x_wconf 82' lang='lat' dir='ltr'><strong>Belisario:</strong></span> <span class='ocrx_word' id='word_1_143' title='bbox 961 2163 1073 2216; x_wconf 75' lang='grc' dir='ltr'>Καὶ</span> <span class='ocrx_word' id='word_1_144' title='bbox 1109 2163 1417 2217; x_wconf 85' lang='grc' dir='ltr'>καπετάνον</span> <span class='ocrx_word' id='word_1_145' title='bbox 1466 2161 1683 2229; x_wconf 85' lang='grc' dir='ltr'>ποιήσω</span> <span class='ocrx_word' id='word_1_146' title='bbox 1728 2176 1787 2211; x_wconf 86' lang='grc' dir='ltr'>σε</span> <span class='ocrx_word' id='word_1_147' title='bbox 1818 2158 1906 2225; x_wconf 77' lang='grc' dir='ltr'>ἐφ’</span> 
     </span>
    </p>
   </div>
   <div class='ocr_carea' id='block_1_22' title="bbox 340 2246 1904 2317">
    <p class='ocr_par' dir='ltr' id='par_1_22' title="bbox 340 2246 1904 2317">
     <span class='ocr_line' id='line_1_22' title="bbox 340 2246 1904 2317; baseline 0.002 -21"><span class='ocrx_word' id='word_1_148' title='bbox 340 2246 470 2313; x_wconf 80' lang='grc' dir='ltr'>ὃλην</span> <span class='ocrx_word' id='word_1_149' title='bbox 510 2248 609 2317; x_wconf 86' lang='grc' dir='ltr'>τὴν</span> <span class='ocrx_word' id='word_1_150' title='bbox 653 2250 926 2317; x_wconf 77' lang='grc' dir='ltr'>ἀρμάδαν.</span> <span class='ocrx_word' id='word_1_151' title='bbox 972 2250 1282 2305; x_wconf 88' lang='lat' dir='ltr'><strong>Concilium</strong></span> <span class='ocrx_word' id='word_1_152' title='bbox 1330 2248 1707 2302; x_wconf 83' lang='lat' dir='ltr'><strong>Florentinum</strong></span> <span class='ocrx_word' id='word_1_153' title='bbox 1765 2261 1904 2300; x_wconf 90' lang='lat' dir='ltr'><strong>sess.</strong></span> 
     </span>
    </p>
   </div>
   <div class='ocr_carea' id='block_1_23' title="bbox 338 2329 1906 2406">
    <p class='ocr_par' dir='ltr' id='par_1_23' title="bbox 338 2329 1906 2406">
     <span class='ocr_line' id='line_1_23' title="bbox 338 2329 1906 2406; baseline 0.003 -25"><span class='ocrx_word' id='word_1_154' title='bbox 338 2329 412 2384; x_wconf 73' lang='grc'>25</span> <span class='ocrx_word' id='word_1_155' title='bbox 436 2349 449 2381; x_wconf 88' lang='lat'><strong>:</strong></span> <span class='ocrx_word' id='word_1_156' title='bbox 476 2332 732 2387; x_wconf 83' lang='grc' dir='ltr'>Ἐστειλα</span> <span class='ocrx_word' id='word_1_157' title='bbox 764 2337 872 2406; x_wconf 83' lang='grc' dir='ltr'>γὰρ</span> <span class='ocrx_word' id='word_1_158' title='bbox 891 2337 1034 2390; x_wconf 83' lang='grc' dir='ltr'>κατὰ</span> <span class='ocrx_word' id='word_1_159' title='bbox 1054 2337 1145 2389; x_wconf 82' lang='grc' dir='ltr'>τὸν</span> <span class='ocrx_word' id='word_1_160' title='bbox 1173 2336 1364 2405; x_wconf 82' lang='grc' dir='ltr'>καιρὸν</span> <span class='ocrx_word' id='word_1_161' title='bbox 1399 2337 1729 2389; x_wconf 83' lang='grc' dir='ltr'>καπετάνιον</span> <span class='ocrx_word' id='word_1_162' title='bbox 1758 2336 1816 2386; x_wconf 85' lang='grc' dir='ltr'>ὲν</span> <span class='ocrx_word' id='word_1_163' title='bbox 1838 2335 1906 2403; x_wconf 84' lang='grc' dir='ltr'>τῇ</span> 
     </span>
    </p>
   </div>
   <div class='ocr_carea' id='block_1_24' title="bbox 342 2419 1905 2496">
    <p class='ocr_par' dir='ltr' id='par_1_24' title="bbox 342 2419 1905 2496">
     <span class='ocr_line' id='line_1_24' title="bbox 342 2419 1905 2496; baseline 0.003 -24"><span class='ocrx_word' id='word_1_164' title='bbox 342 2419 570 2487; x_wconf 73' lang='grc' dir='ltr'>Βενετίᾳ</span> <span class='ocrx_word' id='word_1_165' title='bbox 609 2425 898 2494; x_wconf 80' lang='grc' dir='ltr'>ἑτοιμάσαι</span> <span class='ocrx_word' id='word_1_166' title='bbox 953 2428 1219 2496; x_wconf 78' lang='grc' dir='ltr'>κάτεργα.</span> <span class='ocrx_word' id='word_1_167' title='bbox 1257 2426 1563 2495; x_wconf 82' lang='lat' dir='ltr'><strong>Capitanei.</strong></span> <span class='ocrx_word' id='word_1_168' title='bbox 1600 2425 1905 2479; x_wconf 82' lang='lat' dir='ltr'><strong>Concilium</strong></span> 
     </span>
    </p>
   </div>
   <div class='ocr_carea' id='block_1_25' title="bbox 341 2508 1909 2586">
    <p class='ocr_par' dir='ltr' id='par_1_25' title="bbox 341 2508 1909 2586">
     <span class='ocr_line' id='line_1_25' title="bbox 341 2508 1909 2586; baseline 0.003 -24"><span class='ocrx_word' id='word_1_169' title='bbox 341 2508 679 2577; x_wconf 80' lang='lat' dir='ltr'><strong>Ephesinum</strong></span> <span class='ocrx_word' id='word_1_170' title='bbox 721 2524 827 2569; x_wconf 90' lang='lat' dir='ltr'><strong>act.</strong></span> <span class='ocrx_word' id='word_1_171' title='bbox 864 2516 894 2568; x_wconf 94' lang='lat'>7</span> <span class='ocrx_word' id='word_1_172' title='bbox 936 2534 949 2569; x_wconf 74' lang='grc' dir='ltr'>ε</span> <span class='ocrx_word' id='word_1_173' title='bbox 1011 2515 1559 2586; x_wconf 77' lang='lat' dir='ltr'><strong>Magniﬁcentissimus</strong></span> <span class='ocrx_word' id='word_1_174' title='bbox 1606 2517 1909 2585; x_wconf 84' lang='lat' dir='ltr'><strong>capitaneus</strong></span> 
     </span>
    </p>
   </div>
   <div class='ocr_carea' id='block_1_26' title="bbox 342 2598 1906 2671">
    <p class='ocr_par' dir='ltr' id='par_1_26' title="bbox 342 2598 1906 2671">
     <span class='ocr_line' id='line_1_26' title="bbox 342 2598 1906 2671; baseline 0.005 -22"><span class='ocrx_word' id='word_1_175' title='bbox 342 2598 570 2668; x_wconf 76' lang='lat' dir='ltr'><strong>principi</strong></span> <span class='ocrx_word' id='word_1_176' title='bbox 605 2611 652 2654; x_wconf 75' lang='lat' dir='ltr'>et</span> <span class='ocrx_word' id='word_1_177' title='bbox 696 2602 832 2656; x_wconf 76' lang='lat' dir='ltr'><strong>clero</strong></span> <span class='ocrx_word' id='word_1_178' title='bbox 874 2604 1104 2671; x_wconf 75' lang='lat' dir='ltr'><strong>scripsit.</strong></span> <span class='ocrx_word' id='word_1_179' title='bbox 1137 2603 1273 2658; x_wconf 88' lang='lat' dir='ltr'><strong>Vide</strong></span> <span class='ocrx_word' id='word_1_180' title='bbox 1305 2604 1485 2659; x_wconf 87' lang='lat' dir='ltr'><strong>Gloss.</strong></span> <span class='ocrx_word' id='word_1_181' title='bbox 1535 2604 1601 2657; x_wconf 85' lang='lat' dir='ltr'>ad</span> <span class='ocrx_word' id='word_1_182' title='bbox 1650 2603 1814 2658; x_wconf 91' lang='lat' dir='ltr'><strong>Cedr.</strong></span> <span class='ocrx_word' id='word_1_183' title='bbox 1851 2603 1906 2657; x_wconf 92' lang='lat' dir='ltr'>in</span> 
     </span>
    </p>
   </div>
   <div class='ocr_carea' id='block_1_27' title="bbox 344 2691 1443 2761">
    <p class='ocr_par' dir='ltr' id='par_1_27' title="bbox 344 2691 1443 2761">
     <span class='ocr_line' id='line_1_27' title="bbox 344 2691 1443 2761; baseline 0.016 -23"><span class='ocrx_word' id='word_1_184' title='bbox 344 2691 642 2743; x_wconf 82' lang='grc' dir='ltr'>καπετάνοι</span> <span class='ocrx_word' id='word_1_185' title='bbox 668 2702 725 2746; x_wconf 91' lang='lat' dir='ltr'>et</span> <span class='ocrx_word' id='word_1_186' title='bbox 751 2692 985 2747; x_wconf 84' lang='lat' dir='ltr'><strong>lndicem</strong></span> <span class='ocrx_word' id='word_1_187' title='bbox 1023 2693 1075 2747; x_wconf 92' lang='lat' dir='ltr'>in</span> <span class='ocrx_word' id='word_1_188' title='bbox 1114 2693 1443 2761; x_wconf 67' lang='grc' dir='ltr'>κεφαὶάδας-</span> 
     </span>
    </p>
   </div>
   <div class='ocr_carea' id='block_1_28' title="bbox 413 2777 1903 2850">
    <p class='ocr_par' dir='ltr' id='par_1_28' title="bbox 413 2777 1903 2850">
     <span class='ocr_line' id='line_1_28' title="bbox 413 2777 1903 2850; baseline 0.006 -24"><span class='ocrx_word' id='word_1_189' title='bbox 413 2777 765 2846; x_wconf 54' lang='grc' dir='ltr'>ιιέραλάρεα</span> <span class='ocrx_word' id='word_1_190' title='bbox 805 2790 1078 2835; x_wconf 82' lang='lat' dir='ltr'><strong>armatura</strong></span> <span class='ocrx_word' id='word_1_191' title='bbox 1105 2778 1296 2847; x_wconf 79' lang='lat' dir='ltr'><strong>capitis</strong></span> <span class='ocrx_word' id='word_1_192' title='bbox 1325 2780 1903 2850; x_wconf 81' lang='lat' dir='ltr'><strong>equorum.V.Meurs.</strong></span> 
     </span>
    </p>
   </div>
   <div class='ocr_carea' id='block_1_29' title="bbox 416 2867 1905 2931">
    <p class='ocr_par' dir='ltr' id='par_1_29' title="bbox 416 2867 1905 2931">
     <span class='ocr_line' id='line_1_29' title="bbox 416 2867 1905 2931; baseline 0.006 -16"><span class='ocrx_word' id='word_1_193' title='bbox 416 2867 921 2931; x_wconf 62' lang='grc' dir='ltr'>Ιιέςιιλατικεύειν</span> <span class='ocrx_word' id='word_1_194' title='bbox 963 2869 1171 2924; x_wconf 88' lang='lat' dir='ltr'><strong>ducere</strong></span> <span class='ocrx_word' id='word_1_195' title='bbox 1214 2869 1518 2925; x_wconf 85' lang='lat' dir='ltr'><strong>cohortem.</strong></span> <span class='ocrx_word' id='word_1_196' title='bbox 1553 2870 1616 2925; x_wconf 92' lang='lat' dir='ltr'>V.</span> <span class='ocrx_word' id='word_1_197' title='bbox 1668 2870 1905 2925; x_wconf 88' lang='lat' dir='ltr'><strong>ludicctn</strong></span> 
     </span>
    </p>
   </div>
   <div class='ocr_carea' id='block_1_30' title="bbox 343 2950 773 3018">
    <p class='ocr_par' dir='ltr' id='par_1_30' title="bbox 343 2950 773 3018">
     <span class='ocr_line' id='line_1_30' title="bbox 343 2950 773 3018; baseline 0.019 -17"><span class='ocrx_word' id='word_1_198' title='bbox 343 2950 399 3002; x_wconf 85' lang='lat' dir='ltr'>in</span> <span class='ocrx_word' id='word_1_199' title='bbox 438 2952 773 3018; x_wconf 62' lang='grc' dir='ltr'>κεφαλίδας.</span> 
     </span>
    </p>
   </div>
   <div class='ocr_carea' id='block_1_31' title="bbox 413 3041 1907 3116">
    <p class='ocr_par' dir='ltr' id='par_1_31' title="bbox 413 3041 1907 3116">
     <span class='ocr_line' id='line_1_31' title="bbox 413 3041 1907 3116; baseline 0.007 -26"><span class='ocrx_word' id='word_1_200' title='bbox 413 3041 870 3105; x_wconf 60' lang='grc' dir='ltr'>Κεφαλατίκιον.</span> <span class='ocrx_word' id='word_1_201' title='bbox 906 3046 1061 3099; x_wconf 82' lang='lat' dir='ltr'><strong>Joan.</strong></span> <span class='ocrx_word' id='word_1_202' title='bbox 1095 3046 1324 3101; x_wconf 84' lang='lat' dir='ltr'><strong>Cantac.</strong></span> <span class='ocrx_word' id='word_1_203' title='bbox 1360 3062 1398 3108; x_wconf 86' lang='grc' dir='ltr'><strong>ι,</strong></span> <span class='ocrx_word' id='word_1_204' title='bbox 1431 3046 1538 3101; x_wconf 65' lang='grc'>482</span> <span class='ocrx_word' id='word_1_205' title='bbox 1573 3047 1907 3116; x_wconf 74' lang='grc' dir='ltr'>’Λπεστάλης</span> 
     </span>
    </p>
   </div>
   <div class='ocr_carea' id='block_1_32' title="bbox 343 3126 1711 3204">
    <p class='ocr_par' dir='ltr' id='par_1_32' title="bbox 343 3126 1711 3204">
     <span class='ocr_line' id='line_1_32' title="bbox 343 3126 1711 3204; baseline 0.01 -29"><span class='ocrx_word' id='word_1_206' title='bbox 343 3126 421 3185; x_wconf 76' lang='grc' dir='ltr'>είς</span> <span class='ocrx_word' id='word_1_207' title='bbox 454 3128 516 3178; x_wconf 86' lang='grc' dir='ltr'>τὸ</span> <span class='ocrx_word' id='word_1_208' title='bbox 550 3130 733 3181; x_wconf 64' lang='grc' dir='ltr'>αὐτόθι</span> <span class='ocrx_word' id='word_1_209' title='bbox 761 3134 1171 3199; x_wconf 68' lang='grc' dir='ltr'>κεφαλατίκιον.</span> <span class='ocrx_word' id='word_1_210' title='bbox 1200 3134 1265 3189; x_wconf 75' lang='grc' dir='ltr'>ν.</span> <span class='ocrx_word' id='word_1_211' title='bbox 1296 3133 1711 3204; x_wconf 80' lang='lat' dir='ltr'><strong>Capitaneatus.</strong></span> 
     </span>
    </p>
   </div>
   <div class='ocr_carea' id='block_1_33' title="bbox 418 3217 1900 3293">
    <p class='ocr_par' dir='ltr' id='par_1_33' title="bbox 418 3217 1900 3293">
     <span class='ocr_line' id='line_1_33' title="bbox 418 3217 1900 3293; baseline 0.011 -27"><span class='ocrx_word' id='word_1_212' title='bbox 418 3217 775 3285; x_wconf 71' lang='grc' dir='ltr'>Κλεισοῦραι</span> <span class='ocrx_word' id='word_1_213' title='bbox 808 3220 1125 3290; x_wconf 56' lang='grc' dir='ltr'>δυσχωρίαι,</span> <span class='ocrx_word' id='word_1_214' title='bbox 1155 3224 1391 3277; x_wconf 69' lang='lat' dir='ltr'><strong>clusum</strong></span> <span class='ocrx_word' id='word_1_215' title='bbox 1413 3263 1426 3285; x_wconf 90' lang='lat'><strong>,</strong></span> <span class='ocrx_word' id='word_1_216' title='bbox 1458 3227 1674 3293; x_wconf 82' lang='lat' dir='ltr'><strong>angusti</strong></span> <span class='ocrx_word' id='word_1_217' title='bbox 1699 3226 1900 3281; x_wconf 86' lang='lat' dir='ltr'><strong>aditus.</strong></span> 
     </span>
    </p>
   </div>
   <div class='ocr_carea' id='block_1_34' title="bbox 342 3304 1904 3384">
    <p class='ocr_par' dir='ltr' id='par_1_34' title="bbox 342 3304 1904 3384">
     <span class='ocr_line' id='line_1_34' title="bbox 342 3304 1904 3384; baseline 0.007 -28"><span class='ocrx_word' id='word_1_218' title='bbox 342 3304 648 3373; x_wconf 79' lang='lat' dir='ltr'><strong>Procopius</strong></span> <span class='ocrx_word' id='word_1_219' title='bbox 677 3308 802 3377; x_wconf 68' lang='grc' dir='ltr'>περὶ</span> <span class='ocrx_word' id='word_1_220' title='bbox 821 3310 1134 3376; x_wconf 72' lang='grc' dir='ltr'>κτισμάτων</span> <span class='ocrx_word' id='word_1_221' title='bbox 1154 3310 1201 3377; x_wconf 89' lang='grc' dir='ltr'>γ’</span> <span class='ocrx_word' id='word_1_222' title='bbox 1231 3329 1245 3342; x_wconf 89' lang='grc'><strong>·</strong></span> <span class='ocrx_word' id='word_1_223' title='bbox 1270 3311 1474 3364; x_wconf 70' lang='grc' dir='ltr'>Τούτου</span> <span class='ocrx_word' id='word_1_224' title='bbox 1502 3314 1555 3366; x_wconf 83' lang='grc' dir='ltr'>δὲ</span> <span class='ocrx_word' id='word_1_225' title='bbox 1585 3314 1678 3365; x_wconf 79' lang='grc' dir='ltr'>τοῦ</span> <span class='ocrx_word' id='word_1_226' title='bbox 1707 3317 1904 3384; x_wconf 81' lang='grc' dir='ltr'>χωρίου</span> 
     </span>
    </p>
   </div>
   <div class='ocr_carea' id='block_1_35' title="bbox 341 3392 1902 3471">
    <p class='ocr_par' dir='ltr' id='par_1_35' title="bbox 341 3392 1902 3471">
     <span class='ocr_line' id='line_1_35' title="bbox 341 3392 1902 3471; baseline 0.008 -29"><span class='ocrx_word' id='word_1_227' title='bbox 341 3392 634 3451; x_wconf 74' lang='grc' dir='ltr'>ἐπέκεινα,</span> <span class='ocrx_word' id='word_1_228' title='bbox 694 3395 817 3446; x_wconf 81' lang='grc' dir='ltr'>ὅσον</span> <span class='ocrx_word' id='word_1_229' title='bbox 873 3397 934 3446; x_wconf 80' lang='grc' dir='ltr'>ἐκ</span> <span class='ocrx_word' id='word_1_230' title='bbox 988 3398 1233 3465; x_wconf 76' lang='grc' dir='ltr'>σημείων</span> <span class='ocrx_word' id='word_1_231' title='bbox 1286 3398 1432 3451; x_wconf 80' lang='grc' dir='ltr'>ὀκτὼ</span> <span class='ocrx_word' id='word_1_232' title='bbox 1490 3400 1750 3467; x_wconf 88' lang='grc' dir='ltr'>μάλιστα,</span> <span class='ocrx_word' id='word_1_233' title='bbox 1802 3403 1902 3471; x_wconf 76' lang='grc' dir='ltr'>ὅρη</span> 
     </span>
    </p>
   </div>
   <div class='ocr_carea' id='block_1_36' title="bbox 340 3478 1907 3551">
    <p class='ocr_par' dir='ltr' id='par_1_36' title="bbox 340 3478 1907 3551">
     <span class='ocr_line' id='line_1_36' title="bbox 340 3478 1907 3551; baseline 0.007 -23"><span class='ocrx_word' id='word_1_234' title='bbox 340 3478 591 3545; x_wconf 80' lang='grc' dir='ltr'>ἀπότομα</span> <span class='ocrx_word' id='word_1_235' title='bbox 647 3482 737 3531; x_wconf 70' lang='grc' dir='ltr'>καὶ</span> <span class='ocrx_word' id='word_1_236' title='bbox 789 3483 1135 3535; x_wconf 63' lang='grc' dir='ltr'>παντάπασιν</span> <span class='ocrx_word' id='word_1_237' title='bbox 1182 3485 1466 3549; x_wconf 79' lang='grc' dir='ltr'>άδιέξοδα,</span> <span class='ocrx_word' id='word_1_238' title='bbox 1529 3487 1776 3550; x_wconf 77' lang='grc' dir='ltr'>ξυνιόντα</span> <span class='ocrx_word' id='word_1_239' title='bbox 1823 3490 1907 3551; x_wconf 80' lang='grc' dir='ltr'>είς</span> 
     </span>
    </p>
   </div>
   <div class='ocr_carea' id='block_1_37' title="bbox 340 3565 1900 3647">
    <p class='ocr_par' dir='ltr' id='par_1_37' title="bbox 340 3565 1900 3647">
     <span class='ocr_line' id='line_1_37' title="bbox 340 3565 1900 3647; baseline 0.008 -30"><span class='ocrx_word' id='word_1_240' title='bbox 340 3565 543 3633; x_wconf 78' lang='grc' dir='ltr'>ἄλληλα</span> <span class='ocrx_word' id='word_1_241' title='bbox 606 3572 915 3630; x_wconf 78' lang='grc' dir='ltr'>στενωποὺς</span> <span class='ocrx_word' id='word_1_242' title='bbox 956 3571 1362 3641; x_wconf 77' lang='grc' dir='ltr'>ἀπεργάζονται</span> <span class='ocrx_word' id='word_1_243' title='bbox 1416 3572 1508 3626; x_wconf 79' lang='grc' dir='ltr'>δύο</span> <span class='ocrx_word' id='word_1_244' title='bbox 1537 3574 1773 3643; x_wconf 76' lang='grc' dir='ltr'>ἄγχιστά</span> <span class='ocrx_word' id='word_1_245' title='bbox 1827 3595 1900 3647; x_wconf 76' lang='grc' dir='ltr'>πη</span> 
     </span>
    </p>
   </div>
   <div class='ocr_carea' id='block_1_38' title="bbox 340 3655 1902 3735">
    <p class='ocr_par' dir='ltr' id='par_1_38' title="bbox 340 3655 1902 3735">
     <span class='ocr_line' id='line_1_38' title="bbox 340 3655 1902 3735; baseline 0.01 -30"><span class='ocrx_word' id='word_1_246' title='bbox 340 3655 591 3723; x_wconf 69' lang='grc' dir='ltr'>ἀλλήλοιν</span> <span class='ocrx_word' id='word_1_247' title='bbox 630 3659 814 3721; x_wconf 68' lang='grc' dir='ltr'>ὄντας,</span> <span class='ocrx_word' id='word_1_248' title='bbox 855 3659 1063 3727; x_wconf 71' lang='grc' dir='ltr'>οὕσπερ</span> <span class='ocrx_word' id='word_1_249' title='bbox 1091 3665 1407 3731; x_wconf 81' lang='grc' dir='ltr'>νενομίκασι</span> <span class='ocrx_word' id='word_1_250' title='bbox 1440 3664 1767 3735; x_wconf 80' lang='grc' dir='ltr'>κλεισούρας</span> <span class='ocrx_word' id='word_1_251' title='bbox 1801 3685 1902 3719; x_wconf 83' lang='grc' dir='ltr'>κα·-</span> 
     </span>
    </p>
   </div>
   <div class='ocr_carea' id='block_1_39' title="bbox 336 3740 1902 3819">
    <p class='ocr_par' dir='ltr' id='par_1_39' title="bbox 336 3740 1902 3819">
     <span class='ocr_line' id='line_1_39' title="bbox 336 3740 1902 3819; baseline 0.008 -26"><span class='ocrx_word' id='word_1_252' title='bbox 336 3740 468 3795; x_wconf 79' lang='grc' dir='ltr'>λεῖν.</span> <span class='ocrx_word' id='word_1_253' title='bbox 504 3743 842 3799; x_wconf 79' lang='lat' dir='ltr'><strong>Glossarium</strong></span> <span class='ocrx_word' id='word_1_254' title='bbox 877 3763 957 3800; x_wconf 90' lang='lat' dir='ltr'>ms</span> <span class='ocrx_word' id='word_1_255' title='bbox 987 3766 999 3801; x_wconf 90' lang='lat'><strong>:</strong></span> <span class='ocrx_word' id='word_1_256' title='bbox 1043 3749 1294 3818; x_wconf 76' lang='grc' dir='ltr'>Ἐμϐολὴ,</span> <span class='ocrx_word' id='word_1_257' title='bbox 1331 3751 1621 3819; x_wconf 80' lang='grc' dir='ltr'>κλ.εισοῦρα</span> <span class='ocrx_word' id='word_1_258' title='bbox 1644 3794 1658 3815; x_wconf 90' lang='grc'>,</span> <span class='ocrx_word' id='word_1_259' title='bbox 1698 3754 1902 3817; x_wconf 76' lang='grc' dir='ltr'>εἴσοδος</span> 
     </span>
    </p>
   </div>
   <div class='ocr_carea' id='block_1_40' title="bbox 338 3834 1896 3908">
    <p class='ocr_par' dir='ltr' id='par_1_40' title="bbox 338 3834 1896 3908">
     <span class='ocr_line' id='line_1_40' title="bbox 338 3834 1896 3908; baseline 0.01 -26"><span class='ocrx_word' id='word_1_260' title='bbox 338 3834 670 3894; x_wconf 84' lang='grc' dir='ltr'>στενότατος.</span> <span class='ocrx_word' id='word_1_261' title='bbox 707 3834 1099 3906; x_wconf 82' lang='lat' dir='ltr'><strong>Thenphy&#39;act.</strong></span> <span class='ocrx_word' id='word_1_262' title='bbox 1134 3837 1339 3897; x_wconf 85' lang='lat' dir='ltr'><strong>Simoe.</strong></span> <span class='ocrx_word' id='word_1_263' title='bbox 1373 3839 1508 3893; x_wconf 82' lang='lat' dir='ltr'><strong>llist.</strong></span> <span class='ocrx_word' id='word_1_264' title='bbox 1552 3843 1775 3897; x_wconf 76' lang='lat' dir='ltr'><strong>Mauric.</strong></span> <span class='ocrx_word' id='word_1_265' title='bbox 1800 3860 1896 3908; x_wconf 79' lang='lat' dir='ltr'><strong>vn,</strong></span> 
     </span>
    </p>
   </div>
   <div class='ocr_carea' id='block_1_41' title="bbox 335 3920 1893 3988">
    <p class='ocr_par' dir='ltr' id='par_1_41' title="bbox 335 3920 1893 3988">
     <span class='ocr_line' id='line_1_41' title="bbox 335 3920 1893 3988; baseline 0.011 -17"><span class='ocrx_word' id='word_1_266' title='bbox 335 3934 455 3988; x_wconf 87' lang='lat' dir='ltr'><strong>cap.</strong></span> <span class='ocrx_word' id='word_1_267' title='bbox 489 3920 568 3973; x_wconf 66' lang='grc'><strong>14.</strong></span> <span class='ocrx_word' id='word_1_268' title='bbox 600 3921 751 3975; x_wconf 85' lang='lat' dir='ltr'><strong>Anna</strong></span> <span class='ocrx_word' id='word_1_269' title='bbox 784 3921 980 3977; x_wconf 86' lang='lat' dir='ltr'><strong>Conm.</strong></span> <span class='ocrx_word' id='word_1_270' title='bbox 1013 3925 1109 3977; x_wconf 89' lang='lat' dir='ltr'><strong>lih.</strong></span> <span class='ocrx_word' id='word_1_271' title='bbox 1147 3941 1199 3977; x_wconf 72' lang='grc' dir='ltr'><strong>ν.</strong></span> <span class='ocrx_word' id='word_1_272' title='bbox 1229 3924 1409 3979; x_wconf 86' lang='lat' dir='ltr'><strong>Gloss.</strong></span> <span class='ocrx_word' id='word_1_273' title='bbox 1459 3929 1524 3981; x_wconf 87' lang='lat' dir='ltr'>ad</span> <span class='ocrx_word' id='word_1_274' title='bbox 1558 3930 1893 3988; x_wconf 86' lang='lat' dir='ltr'><strong>Cedrenum.</strong></span> 
     </span>
    </p>
   </div>
   <div class='ocr_carea' id='block_1_42' title="bbox 407 4009 1899 4076">
    <p class='ocr_par' dir='ltr' id='par_1_42' title="bbox 407 4009 1899 4076">
     <span class='ocr_line' id='line_1_42' title="bbox 407 4009 1899 4076; baseline 0.011 -17"><span class='ocrx_word' id='word_1_275' title='bbox 407 4010 706 4061; x_wconf 65' lang='grc' dir='ltr'>κλίϐανον</span> <span class='ocrx_word' id='word_1_276' title='bbox 763 4009 843 4061; x_wconf 85' lang='lat' dir='ltr'><strong>vel</strong></span> <span class='ocrx_word' id='word_1_277' title='bbox 903 4011 1179 4063; x_wconf 77' lang='grc' dir='ltr'>κλιϐάνιον</span> <span class='ocrx_word' id='word_1_278' title='bbox 1258 4013 1449 4067; x_wconf 89' lang='lat' dir='ltr'><strong>lorica.</strong></span> <span class='ocrx_word' id='word_1_279' title='bbox 1508 4015 1899 4076; x_wconf 80' lang='lat' dir='ltr'><strong>ConSIantiuus</strong></span> 
     </span>
    </p>
   </div>
   <div class='ocr_carea' id='block_1_43' title="bbox 336 4093 1896 4171">
    <p class='ocr_par' dir='ltr' id='par_1_43' title="bbox 336 4093 1896 4171">
     <span class='ocr_line' id='line_1_43' title="bbox 336 4093 1896 4171; baseline 0.007 -23"><span class='ocrx_word' id='word_1_280' title='bbox 336 4093 665 4165; x_wconf 75' lang='lat' dir='ltr'><strong>Porphyrog.</strong></span> <span class='ocrx_word' id='word_1_281' title='bbox 701 4097 753 4149; x_wconf 86' lang='lat' dir='ltr'>in</span> <span class='ocrx_word' id='word_1_282' title='bbox 786 4096 1021 4151; x_wconf 84' lang='lat' dir='ltr'><strong>Tacticis</strong></span> <span class='ocrx_word' id='word_1_283' title='bbox 1050 4116 1063 4150; x_wconf 89' lang='lat'>:</span> <span class='ocrx_word' id='word_1_284' title='bbox 1094 4099 1196 4150; x_wconf 86' lang='grc' dir='ltr'>Τὸν</span> <span class='ocrx_word' id='word_1_285' title='bbox 1209 4099 1265 4151; x_wconf 82' lang='grc' dir='ltr'>δὲ</span> <span class='ocrx_word' id='word_1_286' title='bbox 1287 4100 1647 4171; x_wconf 74' lang='grc' dir='ltr'>καϐαλλάριον</span> <span class='ocrx_word' id='word_1_287' title='bbox 1668 4105 1896 4168; x_wconf 81' lang='grc' dir='ltr'>ἐξώπλι-</span> 
     </span>
    </p>
   </div>
   <div class='ocr_carea' id='block_1_44' title="bbox 335 4179 1896 4264">
    <p class='ocr_par' dir='ltr' id='par_1_44' title="bbox 335 4179 1896 4264">
     <span class='ocr_line' id='line_1_44' title="bbox 335 4179 1896 4264; baseline 0.012 -35"><span class='ocrx_word' id='word_1_288' title='bbox 335 4179 429 4242; x_wconf 68' lang='lat' dir='ltr'>{ev</span> <span class='ocrx_word' id='word_1_289' title='bbox 456 4182 733 4249; x_wconf 75' lang='grc' dir='ltr'>λωρικίοις</span> <span class='ocrx_word' id='word_1_290' title='bbox 758 4185 849 4234; x_wconf 67' lang='grc' dir='ltr'>καὶ</span> <span class='ocrx_word' id='word_1_291' title='bbox 886 4184 1181 4246; x_wconf 78' lang='grc' dir='ltr'>κλιϐανίοις</span> <span class='ocrx_word' id='word_1_292' title='bbox 1212 4186 1243 4255; x_wconf 84' lang='grc' dir='ltr'>ἢ</span> <span class='ocrx_word' id='word_1_293' title='bbox 1280 4188 1522 4255; x_wconf 77' lang='grc' dir='ltr'>σιδηροῖς</span> <span class='ocrx_word' id='word_1_294' title='bbox 1556 4190 1588 4258; x_wconf 81' lang='grc' dir='ltr'>ἢ</span> <span class='ocrx_word' id='word_1_295' title='bbox 1621 4193 1728 4244; x_wconf 85' lang='grc' dir='ltr'>ἀπὸ</span> <span class='ocrx_word' id='word_1_296' title='bbox 1761 4196 1896 4264; x_wconf 85' lang='grc' dir='ltr'>κρά-</span> 
     </span>
    </p>
   </div>
   <div class='ocr_carea' id='block_1_45' title="bbox 333 4269 1892 4347">
    <p class='ocr_par' dir='ltr' id='par_1_45' title="bbox 333 4269 1892 4347">
     <span class='ocr_line' id='line_1_45' title="bbox 333 4269 1892 4347; baseline 0.012 -31"><span class='ocrx_word' id='word_1_297' title='bbox 333 4283 444 4318; x_wconf 80' lang='grc' dir='ltr'>των</span> <span class='ocrx_word' id='word_1_298' title='bbox 478 4269 894 4337; x_wconf 83' lang='grc' dir='ltr'>πεπλεγμένοις.</span> <span class='ocrx_word' id='word_1_299' title='bbox 931 4269 1067 4325; x_wconf 84' lang='lat' dir='ltr'><strong>Hinc</strong></span> <span class='ocrx_word' id='word_1_300' title='bbox 1107 4273 1468 4344; x_wconf 78' lang='grc' dir='ltr'>κλιϐανάριοι,</span> <span class='ocrx_word' id='word_1_301' title='bbox 1509 4277 1576 4331; x_wconf 93' lang='lat' dir='ltr'>de</span> <span class='ocrx_word' id='word_1_302' title='bbox 1605 4278 1807 4347; x_wconf 62' lang='lat' dir='ltr'><strong>Quibus</strong></span> <span class='ocrx_word' id='word_1_303' title='bbox 1840 4282 1892 4335; x_wconf 90' lang='lat' dir='ltr'>in</span> 
     </span>
    </p>
   </div>
   <div class='ocr_carea' id='block_1_46' title="bbox 330 4352 794 4409">
    <p class='ocr_par' dir='ltr' id='par_1_46' title="bbox 330 4352 794 4409">
     <span class='ocr_line' id='line_1_46' title="bbox 330 4352 794 4409; baseline 0.004 -2"><span class='ocrx_word' id='word_1_304' title='bbox 330 4352 510 4407; x_wconf 85' lang='lat' dir='ltr'><strong>Gloss.</strong></span> <span class='ocrx_word' id='word_1_305' title='bbox 545 4355 794 4409; x_wconf 87' lang='lat' dir='ltr'><strong>Nomico.</strong></span> 
     </span>
    </p>
   </div>
   <div class='ocr_carea' id='block_1_47' title="bbox 316 4436 1887 4523">
    <p class='ocr_par' dir='ltr' id='par_1_47' title="bbox 316 4436 1887 4523">
     <span class='ocr_line' id='line_1_47' title="bbox 316 4436 1887 4523; baseline 0.01 -31"><span class='ocrx_word' id='word_1_306' title='bbox 316 4436 319 4437; x_wconf 44' lang='grc'><strong><em>⁷</em></strong></span> <span class='ocrx_word' id='word_1_307' title='bbox 401 4442 601 4510; x_wconf 78' lang='grc' dir='ltr'>Κόμης</span> <span class='ocrx_word' id='word_1_308' title='bbox 636 4458 843 4506; x_wconf 87' lang='lat' dir='ltr'><strong>comes,</strong></span> <span class='ocrx_word' id='word_1_309' title='bbox 892 4461 945 4513; x_wconf 94' lang='lat' dir='ltr'>p.</span> <span class='ocrx_word' id='word_1_310' title='bbox 988 4446 1093 4498; x_wconf 71' lang='grc'>245</span> <span class='ocrx_word' id='word_1_311' title='bbox 1118 4487 1132 4508; x_wconf 94' lang='grc'>,</span> <span class='ocrx_word' id='word_1_312' title='bbox 1182 4449 1246 4500; x_wconf 87' lang='grc' dir='ltr'><strong>Οἱ</strong></span> <span class='ocrx_word' id='word_1_313' title='bbox 1277 4448 1372 4502; x_wconf 79' lang='grc' dir='ltr'>τοῦ</span> <span class='ocrx_word' id='word_1_314' title='bbox 1403 4451 1590 4503; x_wconf 84' lang='grc' dir='ltr'>στόλου</span> <span class='ocrx_word' id='word_1_315' title='bbox 1619 4453 1710 4505; x_wconf 81' lang='grc' dir='ltr'>τοῦ</span> <span class='ocrx_word' id='word_1_316' title='bbox 1744 4454 1887 4523; x_wconf 72' lang='grc' dir='ltr'>βασιο</span> 
     </span>
    </p>
   </div>
   <div class='ocr_carea' id='block_1_48' title="bbox 329 4527 1894 4608">
    <p class='ocr_par' dir='ltr' id='par_1_48' title="bbox 329 4527 1894 4608">
     <span class='ocr_line' id='line_1_48' title="bbox 329 4527 1894 4608; baseline 0.009 -31"><span class='ocrx_word' id='word_1_317' title='bbox 329 4527 469 4589; x_wconf 75' lang='grc' dir='ltr'>ὶὲως</span> <span class='ocrx_word' id='word_1_318' title='bbox 499 4545 512 4559; x_wconf 87' lang='grc'><strong>·</strong></span> <span class='ocrx_word' id='word_1_319' title='bbox 551 4530 694 4582; x_wconf 91' lang='lat' dir='ltr'><strong>alius</strong></span> <span class='ocrx_word' id='word_1_320' title='bbox 726 4530 896 4584; x_wconf 81' lang='lat' dir='ltr'><strong>codex</strong></span> <span class='ocrx_word' id='word_1_321' title='bbox 928 4549 942 4584; x_wconf 87' lang='lat'><strong>:</strong></span> <span class='ocrx_word' id='word_1_322' title='bbox 969 4533 1030 4584; x_wconf 85' lang='grc' dir='ltr'><strong>Οἱ</strong></span> <span class='ocrx_word' id='word_1_323' title='bbox 1062 4533 1156 4585; x_wconf 80' lang='grc' dir='ltr'>τοῦ</span> <span class='ocrx_word' id='word_1_324' title='bbox 1181 4532 1461 4602; x_wconf 81' lang='grc' dir='ltr'>βασιλικοῦ</span> <span class='ocrx_word' id='word_1_325' title='bbox 1498 4537 1683 4590; x_wconf 76' lang='grc' dir='ltr'>στόλου</span> <span class='ocrx_word' id='word_1_326' title='bbox 1724 4540 1894 4608; x_wconf 76' lang='grc' dir='ltr'>κόμη-</span> 
     </span>
    </p>
   </div>
   <div class='ocr_carea' id='block_1_49' title="bbox 329 4619 1889 4688">
    <p class='ocr_par' dir='ltr' id='par_1_49' title="bbox 329 4619 1889 4688">
     <span class='ocr_line' id='line_1_49' title="bbox 329 4619 1889 4688; baseline 0.012 -20"><span class='ocrx_word' id='word_1_327' title='bbox 329 4633 443 4679; x_wconf 81' lang='grc' dir='ltr'>τες,</span> <span class='ocrx_word' id='word_1_328' title='bbox 485 4619 851 4688; x_wconf 74' lang='lat' dir='ltr'><strong>imperatoria:</strong></span> <span class='ocrx_word' id='word_1_329' title='bbox 894 4623 1082 4678; x_wconf 84' lang='lat' dir='ltr'><strong>classis</strong></span> <span class='ocrx_word' id='word_1_330' title='bbox 1126 4625 1379 4680; x_wconf 86' lang='lat' dir='ltr'><strong>comites.</strong></span> <span class='ocrx_word' id='word_1_331' title='bbox 1411 4627 1547 4681; x_wconf 88' lang='lat' dir='ltr'><strong>Vide</strong></span> <span class='ocrx_word' id='word_1_332' title='bbox 1593 4627 1889 4686; x_wconf 79' lang='lat' dir='ltr'><strong>Meursium</strong></span> 
     </span>
    </p>
   </div>
   <div class='ocr_carea' id='block_1_50' title="bbox 331 4705 1297 4773">
    <p class='ocr_par' dir='ltr' id='par_1_50' title="bbox 331 4705 1297 4773">
     <span class='ocr_line' id='line_1_50' title="bbox 331 4705 1297 4773; baseline 0.012 -17"><span class='ocrx_word' id='word_1_333' title='bbox 331 4705 385 4757; x_wconf 88' lang='lat' dir='ltr'>in</span> <span class='ocrx_word' id='word_1_334' title='bbox 421 4720 472 4757; x_wconf 78' lang='grc' dir='ltr'>ν.</span> <span class='ocrx_word' id='word_1_335' title='bbox 511 4707 710 4773; x_wconf 78' lang='grc' dir='ltr'>κόμης.</span> <span class='ocrx_word' id='word_1_336' title='bbox 745 4717 800 4761; x_wconf 90' lang='lat' dir='ltr'>et</span> <span class='ocrx_word' id='word_1_337' title='bbox 834 4708 1031 4764; x_wconf 89' lang='lat' dir='ltr'><strong>Codin.</strong></span> <span class='ocrx_word' id='word_1_338' title='bbox 1062 4712 1129 4765; x_wconf 89' lang='lat' dir='ltr'>de</span> <span class='ocrx_word' id='word_1_339' title='bbox 1157 4712 1297 4769; x_wconf 82' lang='lat' dir='ltr'><strong>oﬂic.</strong></span> 
     </span>
    </p>
   </div>
   <div class='ocr_carea' id='block_1_51' title="bbox 401 4793 1895 4871">
    <p class='ocr_par' dir='ltr' id='par_1_51' title="bbox 401 4793 1895 4871">
     <span class='ocr_line' id='line_1_51' title="bbox 401 4793 1895 4871; baseline 0.014 -28"><span class='ocrx_word' id='word_1_340' title='bbox 401 4793 853 4859; x_wconf 79' lang='grc' dir='ltr'>Κομμερκεῦσαι</span> <span class='ocrx_word' id='word_1_341' title='bbox 888 4797 1210 4865; x_wconf 82' lang='grc' dir='ltr'>τελωνῆσαι.</span> <span class='ocrx_word' id='word_1_342' title='bbox 1241 4801 1595 4871; x_wconf 85' lang='grc' dir='ltr'>Κομμέρκιον</span> <span class='ocrx_word' id='word_1_343' title='bbox 1634 4807 1781 4861; x_wconf 75' lang='lat' dir='ltr'><strong>enim</strong></span> <span class='ocrx_word' id='word_1_344' title='bbox 1811 4818 1895 4864; x_wconf 87' lang='lat' dir='ltr'>est</span> 
     </span>
    </p>
   </div>
   <div class='ocr_carea' id='block_1_52' title="bbox 328 4882 1894 4954">
    <p class='ocr_par' dir='ltr' id='par_1_52' title="bbox 328 4882 1894 4954">
     <span class='ocr_line' id='line_1_52' title="bbox 328 4882 1894 4954; baseline 0.011 -21"><span class='ocrx_word' id='word_1_345' title='bbox 328 4882 621 4935; x_wconf 80' lang='lat' dir='ltr'><strong>tributum.</strong></span> <span class='ocrx_word' id='word_1_346' title='bbox 662 4883 901 4947; x_wconf 83' lang='lat' dir='ltr'><strong>Nicetas,</strong></span> <span class='ocrx_word' id='word_1_347' title='bbox 950 4902 1002 4954; x_wconf 90' lang='lat' dir='ltr'>p.</span> <span class='ocrx_word' id='word_1_348' title='bbox 1043 4888 1168 4949; x_wconf 78' lang='grc'>547,</span> <span class='ocrx_word' id='word_1_349' title='bbox 1223 4891 1318 4942; x_wconf 80' lang='grc' dir='ltr'>καὶ</span> <span class='ocrx_word' id='word_1_350' title='bbox 1373 4893 1442 4945; x_wconf 79' lang='grc' dir='ltr'>τά</span> <span class='ocrx_word' id='word_1_351' title='bbox 1484 4896 1642 4949; x_wconf 74' lang='grc' dir='ltr'>πλοῖα</span> <span class='ocrx_word' id='word_1_352' title='bbox 1686 4897 1894 4951; x_wconf 85' lang='grc' dir='ltr'>τούτων</span> 
     </span>
    </p>
   </div>
   <div class='ocr_carea' id='block_1_53' title="bbox 325 4968 1891 5045">
    <p class='ocr_par' dir='ltr' id='par_1_53' title="bbox 325 4968 1891 5045">
     <span class='ocr_line' id='line_1_53' title="bbox 325 4968 1891 5045; baseline 0.012 -27"><span class='ocrx_word' id='word_1_353' title='bbox 325 4968 733 5037; x_wconf 63' lang='grc' dir='ltr'>ἠργυρολὸγουν</span> <span class='ocrx_word' id='word_1_354' title='bbox 756 4990 769 5001; x_wconf 88' lang='grc'><strong>·</strong></span> <span class='ocrx_word' id='word_1_355' title='bbox 789 4971 963 5026; x_wconf 80' lang='lat' dir='ltr'><strong>codex</strong></span> <span class='ocrx_word' id='word_1_356' title='bbox 987 4973 1076 5026; x_wconf 85' lang='lat' dir='ltr'>GB</span> <span class='ocrx_word' id='word_1_357' title='bbox 1104 4976 1491 5045; x_wconf 84' lang='grc' dir='ltr'>ἐκομέρκευον.</span> <span class='ocrx_word' id='word_1_358' title='bbox 1526 4984 1681 5036; x_wconf 82' lang='lat' dir='ltr'><strong>Anna</strong></span> <span class='ocrx_word' id='word_1_359' title='bbox 1696 4984 1891 5039; x_wconf 86' lang='lat' dir='ltr'><strong>Comn.</strong></span> 
     </span>
    </p>
   </div>
   <div class='ocr_carea' id='block_1_54' title="bbox 327 5055 1892 5142">
    <p class='ocr_par' dir='ltr' id='par_1_54' title="bbox 327 5055 1892 5142">
     <span class='ocr_line' id='line_1_54' title="bbox 327 5055 1892 5142; baseline 0.013 -37"><span class='ocrx_word' id='word_1_360' title='bbox 327 5055 576 5110; x_wconf 78' lang='lat' dir='ltr'><strong>Alexiad.</strong></span> <span class='ocrx_word' id='word_1_361' title='bbox 612 5073 657 5110; x_wconf 77' lang='grc' dir='ltr'>ιί</span> <span class='ocrx_word' id='word_1_362' title='bbox 693 5076 705 5110; x_wconf 86' lang='lat'><strong>:</strong></span> <span class='ocrx_word' id='word_1_363' title='bbox 742 5058 1181 5129; x_wconf 80' lang='grc' dir='ltr'>Τὴνὲμπορείαν</span> <span class='ocrx_word' id='word_1_364' title='bbox 1219 5065 1400 5125; x_wconf 78' lang='grc' dir='ltr'>αὐτοῖς</span> <span class='ocrx_word' id='word_1_365' title='bbox 1432 5067 1664 5135; x_wconf 75' lang='grc' dir='ltr'>ἀζήμιον</span> <span class='ocrx_word' id='word_1_366' title='bbox 1698 5072 1857 5142; x_wconf 79' lang='grc' dir='ltr'>ὲποιή</span> <span class='ocrx_word' id='word_1_367' title='bbox 1881 5103 1892 5112; x_wconf 94' lang='grc'><strong><em>-</em></strong></span> 
     </span>
    </p>
   </div>
   <div class='ocr_carea' id='block_1_55' title="bbox 327 5148 1892 5231">
    <p class='ocr_par' dir='ltr' id='par_1_55' title="bbox 327 5148 1892 5231">
     <span class='ocr_line' id='line_1_55' title="bbox 327 5148 1892 5231; baseline 0.012 -36"><span class='ocrx_word' id='word_1_368' title='bbox 327 5162 462 5197; x_wconf 73' lang='lat' dir='ltr'><strong>cato</strong></span> <span class='ocrx_word' id='word_1_369' title='bbox 494 5148 551 5197; x_wconf 79' lang='grc' dir='ltr'>ἐν</span> <span class='ocrx_word' id='word_1_370' title='bbox 585 5148 786 5208; x_wconf 78' lang='grc' dir='ltr'>πάσαις</span> <span class='ocrx_word' id='word_1_371' title='bbox 840 5151 961 5210; x_wconf 85' lang='grc' dir='ltr'>ταῖς</span> <span class='ocrx_word' id='word_1_372' title='bbox 1003 5150 1110 5203; x_wconf 79' lang='grc' dir='ltr'>ὑπὸ</span> <span class='ocrx_word' id='word_1_373' title='bbox 1160 5152 1259 5222; x_wconf 83' lang='grc' dir='ltr'>τὴν</span> <span class='ocrx_word' id='word_1_374' title='bbox 1302 5155 1550 5217; x_wconf 77' lang='grc' dir='ltr'>ἐξουσίαν</span> <span class='ocrx_word' id='word_1_375' title='bbox 1604 5159 1892 5231; x_wconf 84' lang='grc' dir='ltr'>Ῥωμαίων</span> 
     </span>
    </p>
   </div>
   <div class='ocr_carea' id='block_1_56' title="bbox 325 5237 1892 5312">
    <p class='ocr_par' dir='ltr' id='par_1_56' title="bbox 325 5237 1892 5312">
     <span class='ocr_line' id='line_1_56' title="bbox 325 5237 1892 5312; baseline 0.014 -25"><span class='ocrx_word' id='word_1_376' title='bbox 325 5237 499 5305; x_wconf 76' lang='grc' dir='ltr'>χῶραι</span> <span class='ocrx_word' id='word_1_377' title='bbox 521 5260 553 5300; x_wconf 65' lang='grc'><strong>’,</strong></span> <span class='ocrx_word' id='word_1_378' title='bbox 579 5238 718 5292; x_wconf 80' lang='grc' dir='ltr'>ὥστε</span> <span class='ocrx_word' id='word_1_379' title='bbox 750 5241 951 5303; x_wconf 84' lang='grc' dir='ltr'>άνέτως</span> <span class='ocrx_word' id='word_1_380' title='bbox 984 5245 1383 5312; x_wconf 81' lang='grc' dir='ltr'>ἐμπορεύεσθαι</span> <span class='ocrx_word' id='word_1_381' title='bbox 1415 5250 1509 5300; x_wconf 79' lang='grc' dir='ltr'>καὶ</span> <span class='ocrx_word' id='word_1_382' title='bbox 1537 5253 1678 5304; x_wconf 63' lang='grc' dir='ltr'>κατὰ</span> <span class='ocrx_word' id='word_1_383' title='bbox 1708 5255 1767 5305; x_wconf 82' lang='grc' dir='ltr'>τδ</span> <span class='ocrx_word' id='word_1_384' title='bbox 1792 5257 1892 5310; x_wconf 80' lang='grc' dir='ltr'>αὺ-</span> 
     </span>
    </p>
   </div>
   <div class='ocr_carea' id='block_1_57' title="bbox 323 5326 1892 5410">
    <p class='ocr_par' dir='ltr' id='par_1_57' title="bbox 323 5326 1892 5410">
     <span class='ocr_line' id='line_1_57' title="bbox 323 5326 1892 5410; baseline 0.012 -34"><span class='ocrx_word' id='word_1_385' title='bbox 323 5329 436 5385; x_wconf 74' lang='grc' dir='ltr'>τοῖς</span> <span class='ocrx_word' id='word_1_386' title='bbox 472 5326 745 5394; x_wconf 63' lang='grc' dir='ltr'>βουλετὸ-θ,</span> <span class='ocrx_word' id='word_1_387' title='bbox 785 5329 921 5395; x_wconf 83' lang='grc' dir='ltr'>μήτε</span> <span class='ocrx_word' id='word_1_388' title='bbox 962 5330 1060 5396; x_wconf 82' lang='grc' dir='ltr'>μὲν</span> <span class='ocrx_word' id='word_1_389' title='bbox 1101 5332 1240 5400; x_wconf 83' lang='grc' dir='ltr'>ὑπὲρ</span> <span class='ocrx_word' id='word_1_390' title='bbox 1263 5337 1590 5404; x_wconf 82' lang='grc' dir='ltr'>κουμερκίου</span> <span class='ocrx_word' id='word_1_391' title='bbox 1628 5340 1659 5409; x_wconf 82' lang='grc' dir='ltr'>ἢ</span> <span class='ocrx_word' id='word_1_392' title='bbox 1696 5341 1892 5410; x_wconf 81' lang='grc' dir='ltr'>ἐτέρας</span> 
     </span>
    </p>
   </div>
   <div class='ocr_carea' id='block_1_58' title="bbox 322 5414 1890 5498">
    <p class='ocr_par' dir='ltr' id='par_1_58' title="bbox 322 5414 1890 5498">
     <span class='ocr_line' id='line_1_58' title="bbox 322 5414 1890 5498; baseline 0.013 -36"><span class='ocrx_word' id='word_1_393' title='bbox 322 5414 471 5470; x_wconf 71' lang='grc' dir='ltr'>τινος</span> <span class='ocrx_word' id='word_1_394' title='bbox 501 5414 838 5481; x_wconf 74' lang='grc' dir='ltr'>εἰσπράξεως</span> <span class='ocrx_word' id='word_1_395' title='bbox 862 5416 940 5483; x_wconf 79' lang='grc' dir='ltr'>τῷ</span> <span class='ocrx_word' id='word_1_396' title='bbox 965 5417 1207 5487; x_wconf 67' lang='grc' dir='ltr'>δημοσίῳ</span> <span class='ocrx_word' id='word_1_397' title='bbox 1236 5421 1690 5494; x_wconf 62' lang='grc' dir='ltr'>εἰσκομιζομένης</span> <span class='ocrx_word' id='word_1_398' title='bbox 1718 5431 1890 5498; x_wconf 76' lang='grc' dir='ltr'>παρέ-</span> 
     </span>
    </p>
   </div>
   <div class='ocr_carea' id='block_1_59' title="bbox 323 5499 1885 5577">
    <p class='ocr_par' dir='ltr' id='par_1_59' title="bbox 323 5499 1885 5577">
     <span class='ocr_line' id='line_1_59' title="bbox 323 5499 1885 5577; baseline 0.019 -33"><span class='ocrx_word' id='word_1_399' title='bbox 323 5518 442 5569; x_wconf 76' lang='grc' dir='ltr'>χειν</span> <span class='ocrx_word' id='word_1_400' title='bbox 472 5499 601 5570; x_wconf 79' lang='grc' dir='ltr'>ἄχρι</span> <span class='ocrx_word' id='word_1_401' title='bbox 630 5509 722 5553; x_wconf 77' lang='grc' dir='ltr'>καὶ</span> <span class='ocrx_word' id='word_1_402' title='bbox 754 5503 944 5555; x_wconf 77' lang='grc' dir='ltr'>ὀϐολοῦ</span> <span class='ocrx_word' id='word_1_403' title='bbox 970 5504 1089 5567; x_wconf 78' lang='grc' dir='ltr'>ἑνὸς</span> <span class='ocrx_word' id='word_1_404' title='bbox 1116 5506 1256 5572; x_wconf 71' lang='grc' dir='ltr'>ὑπὲρ</span> <span class='ocrx_word' id='word_1_405' title='bbox 1288 5513 1623 5577; x_wconf 80' lang='grc' dir='ltr'>κουμερκίου</span> <span class='ocrx_word' id='word_1_406' title='bbox 1649 5555 1661 5572; x_wconf 86' lang='grc'><strong>.</strong></span> <span class='ocrx_word' id='word_1_407' title='bbox 1698 5517 1885 5572; x_wconf 87' lang='lat' dir='ltr'><strong>tribttti</strong></span> 
     </span>
    </p>
   </div>
   <div class='ocr_carea' id='block_1_60' title="bbox 325 5590 1887 5659">
    <p class='ocr_par' dir='ltr' id='par_1_60' title="bbox 325 5590 1887 5659">
     <span class='ocr_line' id='line_1_60' title="bbox 325 5590 1887 5659; baseline 0.012 -18"><span class='ocrx_word' id='word_1_408' title='bbox 325 5590 570 5644; x_wconf 84' lang='lat' dir='ltr'><strong>nomine.</strong></span> <span class='ocrx_word' id='word_1_409' title='bbox 605 5590 661 5642; x_wconf 91' lang='lat' dir='ltr'><strong>In</strong></span> <span class='ocrx_word' id='word_1_410' title='bbox 688 5590 984 5658; x_wconf 83' lang='lat' dir='ltr'><strong>diplomate</strong></span> <span class='ocrx_word' id='word_1_411' title='bbox 1019 5593 1317 5649; x_wconf 83' lang='lat' dir='ltr'><strong>Andronici</strong></span> <span class='ocrx_word' id='word_1_412' title='bbox 1340 5596 1582 5654; x_wconf 86' lang='lat' dir='ltr'><strong>Junioris</strong></span> <span class='ocrx_word' id='word_1_413' title='bbox 1615 5620 1626 5654; x_wconf 90' lang='lat'><strong>:</strong></span> <span class='ocrx_word' id='word_1_414' title='bbox 1665 5605 1769 5656; x_wconf 76' lang='grc' dir='ltr'>Καὶ</span> <span class='ocrx_word' id='word_1_415' title='bbox 1806 5607 1887 5659; x_wconf 81' lang='grc' dir='ltr'>δι-</span> 
     </span>
    </p>
   </div>
   <div class='ocr_carea' id='block_1_61' title="bbox 321 5676 1885 5759">
    <p class='ocr_par' dir='ltr' id='par_1_61' title="bbox 321 5676 1885 5759">
     <span class='ocr_line' id='line_1_61' title="bbox 321 5676 1885 5759; baseline 0.012 -33"><span class='ocrx_word' id='word_1_416' title='bbox 321 5676 491 5728; x_wconf 79' lang='grc' dir='ltr'>δῶσιν</span> <span class='ocrx_word' id='word_1_417' title='bbox 535 5681 694 5748; x_wconf 80' lang='grc' dir='ltr'>χάριν</span> <span class='ocrx_word' id='word_1_418' title='bbox 736 5683 1034 5751; x_wconf 80' lang='grc' dir='ltr'>κομερκίου</span> <span class='ocrx_word' id='word_1_419' title='bbox 1070 5685 1151 5746; x_wconf 80' lang='grc' dir='ltr'>είς</span> <span class='ocrx_word' id='word_1_420' title='bbox 1186 5685 1456 5755; x_wconf 79' lang='grc' dir='ltr'>ποσότητα</span> <span class='ocrx_word' id='word_1_421' title='bbox 1498 5694 1885 5759; x_wconf 80' lang='grc' dir='ltr'>νουμισμάτων</span> 
     </span>
    </p>
   </div>
   <div class='ocr_carea' id='block_1_62' title="bbox 321 5765 1882 5833">
    <p class='ocr_par' dir='ltr' id='par_1_62' title="bbox 321 5765 1882 5833">
     <span class='ocr_line' id='line_1_62' title="bbox 321 5765 1882 5833; baseline 0.013 -20"><span class='ocrx_word' id='word_1_422' title='bbox 321 5765 514 5818; x_wconf 58' lang='lat' dir='ltr'>tum</span> <span class='ocrx_word' id='word_1_423' title='bbox 546 5768 893 5826; x_wconf 65' lang='grc' dir='ltr'>νουμίσματα</span> <span class='ocrx_word' id='word_1_424' title='bbox 921 5769 1034 5823; x_wconf 65' lang='grc' dir='ltr'>δύο,</span> <span class='ocrx_word' id='word_1_425' title='bbox 1072 5771 1204 5825; x_wconf 83' lang='lat' dir='ltr'><strong>Vide</strong></span> <span class='ocrx_word' id='word_1_426' title='bbox 1241 5773 1575 5830; x_wconf 70' lang='lat' dir='ltr'><strong>Glossarium</strong></span> <span class='ocrx_word' id='word_1_427' title='bbox 1625 5783 1687 5831; x_wconf 82' lang='lat' dir='ltr'>al</span> <span class='ocrx_word' id='word_1_428' title='bbox 1724 5780 1882 5833; x_wconf 76' lang='lat' dir='ltr'><strong>t&#39;cdr.</strong></span> 
     </span>
    </p>
   </div>
   <div class='ocr_carea' id='block_1_63' title="bbox 1516 366 2397 432">
    <p class='ocr_par' dir='ltr' id='par_1_63' title="bbox 1516 366 2397 432">
     <span class='ocr_line' id='line_1_63' title="bbox 1516 366 2397 432; baseline -0.008 -1"><span class='ocrx_word' id='word_1_429' title='bbox 1516 370 1845 431; x_wconf 74' lang='lat' dir='ltr'>FABBO&#39;l‘l</span> <span class='ocrx_word' id='word_1_430' title='bbox 1880 366 2397 432; x_wconf 78' lang='lat' dir='ltr'>GLOSSARIUM.</span> 
     </span>
    </p>
   </div>
   <div class='ocr_carea' id='block_1_64' title="bbox 3433 354 3567 420">
    <p class='ocr_par' dir='ltr' id='par_1_64' title="bbox 3433 354 3567 420">
     <span class='ocr_line' id='line_1_64' title="bbox 3433 354 3567 420; baseline -0.022 0"><span class='ocrx_word' id='word_1_431' title='bbox 3433 354 3567 420; x_wconf 80' lang='grc' dir='ltr'>1οΗ</span> 
     </span>
    </p>
   </div>
   <div class='ocr_carea' id='block_1_65' title="bbox 2079 472 3569 553">
    <p class='ocr_par' dir='ltr' id='par_1_65' title="bbox 2079 472 3569 553">
     <span class='ocr_line' id='line_1_65' title="bbox 2079 472 3569 553; baseline -0.009 -15"><span class='ocrx_word' id='word_1_432' title='bbox 2079 481 2408 549; x_wconf 76' lang='grc' dir='ltr'>Κοντάριον</span> <span class='ocrx_word' id='word_1_433' title='bbox 2452 488 2648 534; x_wconf 83' lang='lat' dir='ltr'><strong>contus</strong></span> <span class='ocrx_word' id='word_1_434' title='bbox 2673 518 2687 541; x_wconf 84' lang='lat'><strong><em>,</em></strong></span> <span class='ocrx_word' id='word_1_435' title='bbox 2725 477 2882 533; x_wconf 84' lang='lat' dir='ltr'><strong>hasta</strong></span> <span class='ocrx_word' id='word_1_436' title='bbox 2918 490 2973 546; x_wconf 86' lang='lat' dir='ltr'>p.</span> <span class='ocrx_word' id='word_1_437' title='bbox 3001 474 3147 553; x_wconf 56' lang='lat'>23.0,</span> <span class='ocrx_word' id='word_1_438' title='bbox 3176 472 3569 542; x_wconf 73' lang='grc' dir='ltr'>δεξιοστροφεῖν</span> 
     </span>
    </p>
   </div>
   <div class='ocr_carea' id='block_1_66' title="bbox 2005 560 3566 639">
    <p class='ocr_par' dir='ltr' id='par_1_66' title="bbox 2005 560 3566 639">
     <span class='ocr_line' id='line_1_66' title="bbox 2005 560 3566 639; baseline -0.006 -16"><span class='ocrx_word' id='word_1_439' title='bbox 2005 572 2250 639; x_wconf 79' lang='grc' dir='ltr'>δοράτια.</span> <span class='ocrx_word' id='word_1_440' title='bbox 2304 569 2490 625; x_wconf 80' lang='lat' dir='ltr'><strong>Codex</strong></span> <span class='ocrx_word' id='word_1_441' title='bbox 2543 567 2672 629; x_wconf 88' lang='lat' dir='ltr'>GB,</span> <span class='ocrx_word' id='word_1_442' title='bbox 2725 567 3011 636; x_wconf 82' lang='grc' dir='ltr'>κοντάρια.</span> <span class='ocrx_word' id='word_1_443' title='bbox 3068 560 3405 619; x_wconf 79' lang='lat' dir='ltr'><strong>Glossarium</strong></span> <span class='ocrx_word' id='word_1_444' title='bbox 3468 575 3566 615; x_wconf 87' lang='lat' dir='ltr'>ms.</span> 
     </span>
    </p>
   </div>
   <div class='ocr_carea' id='block_1_67' title="bbox 2007 650 3569 726">
    <p class='ocr_par' dir='ltr' id='par_1_67' title="bbox 2007 650 3569 726">
     <span class='ocr_line' id='line_1_67' title="bbox 2007 650 3569 726; baseline -0.004 -18"><span class='ocrx_word' id='word_1_445' title='bbox 2007 657 2211 726; x_wconf 74' lang='grc' dir='ltr'>δόρατα</span> <span class='ocrx_word' id='word_1_446' title='bbox 2237 657 2303 710; x_wconf 76' lang='grc' dir='ltr'>τὰ</span> <span class='ocrx_word' id='word_1_447' title='bbox 2331 657 2615 725; x_wconf 82' lang='grc' dir='ltr'>κοντάρια,</span> <span class='ocrx_word' id='word_1_448' title='bbox 2639 654 2929 724; x_wconf 80' lang='grc' dir='ltr'>λογχάρια,</span> <span class='ocrx_word' id='word_1_449' title='bbox 2955 656 3083 709; x_wconf 90' lang='lat' dir='ltr'><strong>item</strong></span> <span class='ocrx_word' id='word_1_450' title='bbox 3117 651 3302 719; x_wconf 75' lang='grc' dir='ltr'>ξυστοὶ</span> <span class='ocrx_word' id='word_1_451' title='bbox 3338 650 3403 703; x_wconf 85' lang='grc' dir='ltr'>τὰ</span> <span class='ocrx_word' id='word_1_452' title='bbox 3444 665 3569 702; x_wconf 84' lang='grc' dir='ltr'>κον-</span> 
     </span>
    </p>
   </div>
   <div class='ocr_carea' id='block_1_68' title="bbox 2006 735 3571 814">
    <p class='ocr_par' dir='ltr' id='par_1_68' title="bbox 2006 735 3571 814">
     <span class='ocr_line' id='line_1_68' title="bbox 2006 735 3571 814; baseline -0.005 -17"><span class='ocrx_word' id='word_1_453' title='bbox 2006 735 2193 814; x_wconf 63' lang='grc' dir='ltr'>τέρα.</span> <span class='ocrx_word' id='word_1_454' title='bbox 2244 746 2562 801; x_wconf 82' lang='lat' dir='ltr'><strong>Eustathius</strong></span> <span class='ocrx_word' id='word_1_455' title='bbox 2606 746 2671 799; x_wconf 85' lang='lat' dir='ltr'>ad</span> <span class='ocrx_word' id='word_1_456' title='bbox 2714 742 2906 814; x_wconf 82' lang='lat' dir='ltr'><strong>Odyss.</strong></span> <span class='ocrx_word' id='word_1_457' title='bbox 2946 760 2960 797; x_wconf 88' lang='grc' dir='ltr'>ι</span> <span class='ocrx_word' id='word_1_458' title='bbox 2997 759 3012 796; x_wconf 88' lang='lat'><strong>:</strong></span> <span class='ocrx_word' id='word_1_459' title='bbox 3062 742 3234 811; x_wconf 81' lang='grc' dir='ltr'>Δῆλον</span> <span class='ocrx_word' id='word_1_460' title='bbox 3281 739 3337 792; x_wconf 71' lang='grc' dir='ltr'>δὶ</span> <span class='ocrx_word' id='word_1_461' title='bbox 3366 740 3448 792; x_wconf 81' lang='grc' dir='ltr'>ὅτι</span> <span class='ocrx_word' id='word_1_462' title='bbox 3480 736 3571 791; x_wconf 68' lang='grc' dir='ltr'>τὸν</span> 
     </span>
    </p>
   </div>
   <div class='ocr_carea' id='block_1_69' title="bbox 2009 828 3572 903">
    <p class='ocr_par' dir='ltr' id='par_1_69' title="bbox 2009 828 3572 903">
     <span class='ocr_line' id='line_1_69' title="bbox 2009 828 3572 903; baseline -0.005 -17"><span class='ocrx_word' id='word_1_463' title='bbox 2009 832 2244 901; x_wconf 77' lang='grc' dir='ltr'>ρηθέντα</span> <span class='ocrx_word' id='word_1_464' title='bbox 2287 833 2585 903; x_wconf 73' lang='grc' dir='ltr'>Ὁμηρικὸν</span> <span class='ocrx_word' id='word_1_465' title='bbox 2628 835 2815 887; x_wconf 81' lang='grc' dir='ltr'>κοντὸν</span> <span class='ocrx_word' id='word_1_466' title='bbox 2852 832 2913 885; x_wconf 81' lang='grc' dir='ltr'>τὸ</span> <span class='ocrx_word' id='word_1_467' title='bbox 2960 828 3090 901; x_wconf 74' lang='grc' dir='ltr'>παρ’</span> <span class='ocrx_word' id='word_1_468' title='bbox 3121 832 3251 900; x_wconf 71' lang='grc' dir='ltr'>ἡμῖν</span> <span class='ocrx_word' id='word_1_469' title='bbox 3288 828 3572 894; x_wconf 84' lang='grc' dir='ltr'>κοντάριον</span> 
     </span>
    </p>
   </div>
   <div class='ocr_carea' id='block_1_70' title="bbox 2009 916 3571 992">
    <p class='ocr_par' dir='ltr' id='par_1_70' title="bbox 2009 916 3571 992">
     <span class='ocr_line' id='line_1_70' title="bbox 2009 916 3571 992; baseline -0.004 -20"><span class='ocrx_word' id='word_1_470' title='bbox 2009 919 2326 988; x_wconf 83' lang='grc' dir='ltr'>ὐπεκόρισε.</span> <span class='ocrx_word' id='word_1_471' title='bbox 2362 921 2821 992; x_wconf 73' lang='lat' dir='ltr'><strong>Astrampsychus</strong></span> <span class='ocrx_word' id='word_1_472' title='bbox 2850 939 2863 973; x_wconf 89' lang='lat'><strong>:</strong></span> <span class='ocrx_word' id='word_1_473' title='bbox 2896 920 3007 974; x_wconf 79' lang='grc' dir='ltr'>Καὶ</span> <span class='ocrx_word' id='word_1_474' title='bbox 3053 918 3265 989; x_wconf 80' lang='grc' dir='ltr'>μακρόν</span> <span class='ocrx_word' id='word_1_475' title='bbox 3297 934 3348 969; x_wconf 84' lang='grc' dir='ltr'>τι</span> <span class='ocrx_word' id='word_1_476' title='bbox 3383 916 3571 985; x_wconf 77' lang='grc' dir='ltr'>ὅμοιον</span> 
     </span>
    </p>
   </div>
   <div class='ocr_carea' id='block_1_71' title="bbox 2008 1004 3573 1080">
    <p class='ocr_par' dir='ltr' id='par_1_71' title="bbox 2008 1004 3573 1080">
     <span class='ocr_line' id='line_1_71' title="bbox 2008 1004 3573 1080; baseline -0.002 -19"><span class='ocrx_word' id='word_1_477' title='bbox 2008 1011 2300 1079; x_wconf 81' lang='grc' dir='ltr'>κονταρίῳ.</span> <span class='ocrx_word' id='word_1_478' title='bbox 2344 1009 2705 1080; x_wconf 77' lang='lat' dir='ltr'><strong>Menologium</strong></span> <span class='ocrx_word' id='word_1_479' title='bbox 2734 1026 2908 1069; x_wconf 84' lang='lat' dir='ltr'><strong>mens.</strong></span> <span class='ocrx_word' id='word_1_480' title='bbox 2951 1015 3078 1079; x_wconf 85' lang='lat' dir='ltr'><strong>Apr.</strong></span> <span class='ocrx_word' id='word_1_481' title='bbox 3115 1009 3170 1063; x_wconf 90' lang='lat' dir='ltr'>d.</span> <span class='ocrx_word' id='word_1_482' title='bbox 3204 1008 3293 1062; x_wconf 73' lang='lat'>25.</span> <span class='ocrx_word' id='word_1_483' title='bbox 3329 1006 3439 1059; x_wconf 85' lang='lat' dir='ltr'><strong>Leo</strong></span> <span class='ocrx_word' id='word_1_484' title='bbox 3468 1004 3573 1059; x_wconf 82' lang='lat' dir='ltr'>Ta-</span> 
     </span>
    </p>
   </div>
   <div class='ocr_carea' id='block_1_72' title="bbox 2008 1095 3572 1171">
    <p class='ocr_par' dir='ltr' id='par_1_72' title="bbox 2008 1095 3572 1171">
     <span class='ocr_line' id='line_1_72' title="bbox 2008 1095 3572 1171; baseline 0 -21"><span class='ocrx_word' id='word_1_485' title='bbox 2008 1097 2138 1151; x_wconf 85' lang='lat' dir='ltr'><strong>ctic.</strong></span> <span class='ocrx_word' id='word_1_486' title='bbox 2172 1114 2294 1168; x_wconf 91' lang='lat' dir='ltr'><strong>cap.</strong></span> <span class='ocrx_word' id='word_1_487' title='bbox 2330 1099 2419 1166; x_wconf 72' lang='lat' dir='ltr'>l2,</span> <span class='ocrx_word' id='word_1_488' title='bbox 2446 1100 2472 1171; x_wconf 83' lang='lat'><strong>§</strong></span> <span class='ocrx_word' id='word_1_489' title='bbox 2497 1102 2588 1156; x_wconf 85' lang='lat'><strong>50.</strong></span> <span class='ocrx_word' id='word_1_490' title='bbox 2621 1100 2970 1156; x_wconf 86' lang='lat' dir='ltr'><strong>Constantin.</strong></span> <span class='ocrx_word' id='word_1_491' title='bbox 3007 1101 3063 1154; x_wconf 91' lang='lat' dir='ltr'>in</span> <span class='ocrx_word' id='word_1_492' title='bbox 3093 1100 3246 1154; x_wconf 83' lang='lat' dir='ltr'><strong>Tact.</strong></span> <span class='ocrx_word' id='word_1_493' title='bbox 3280 1113 3336 1167; x_wconf 90' lang='lat' dir='ltr'>p.</span> <span class='ocrx_word' id='word_1_494' title='bbox 3368 1097 3422 1151; x_wconf 83' lang='lat'><strong>6.</strong></span> <span class='ocrx_word' id='word_1_495' title='bbox 3455 1095 3572 1150; x_wconf 78' lang='lat' dir='ltr'>Mo-</span> 
     </span>
    </p>
   </div>
   <div class='ocr_carea' id='block_1_73' title="bbox 2008 1185 3571 1261">
    <p class='ocr_par' dir='ltr' id='par_1_73' title="bbox 2008 1185 3571 1261">
     <span class='ocr_line' id='line_1_73' title="bbox 2008 1185 3571 1261; baseline 0 -22"><span class='ocrx_word' id='word_1_496' title='bbox 2008 1186 2308 1255; x_wconf 88' lang='lat' dir='ltr'><strong>schopulus</strong></span> <span class='ocrx_word' id='word_1_497' title='bbox 2330 1192 2457 1259; x_wconf 79' lang='grc' dir='ltr'>περὶ</span> <span class='ocrx_word' id='word_1_498' title='bbox 2489 1192 2615 1260; x_wconf 81' lang='grc' dir='ltr'>σχεδ</span> <span class='ocrx_word' id='word_1_499' title='bbox 2636 1209 2650 1224; x_wconf 80' lang='grc' dir='ltr'><strong>ο</strong></span> <span class='ocrx_word' id='word_1_500' title='bbox 2672 1191 2810 1261; x_wconf 86' lang='grc' dir='ltr'>Δόρυ</span> <span class='ocrx_word' id='word_1_501' title='bbox 2840 1189 2901 1244; x_wconf 73' lang='grc' dir='ltr'>τὸ</span> <span class='ocrx_word' id='word_1_502' title='bbox 2920 1188 3229 1259; x_wconf 84' lang='grc' dir='ltr'>κοντάριον,</span> <span class='ocrx_word' id='word_1_503' title='bbox 3256 1188 3386 1242; x_wconf 78' lang='lat' dir='ltr'><strong>item</strong></span> <span class='ocrx_word' id='word_1_504' title='bbox 3404 1185 3571 1255; x_wconf 84' lang='grc' dir='ltr'>λόγχη</span> 
     </span>
    </p>
   </div>
   <div class='ocr_carea' id='block_1_74' title="bbox 2008 1272 3571 1348">
    <p class='ocr_par' dir='ltr' id='par_1_74' title="bbox 2008 1272 3571 1348">
     <span class='ocr_line' id='line_1_74' title="bbox 2008 1272 3571 1348; baseline 0.001 -22"><span class='ocrx_word' id='word_1_505' title='bbox 2008 1275 2067 1326; x_wconf 63' lang='grc' dir='ltr'>τὶ</span> <span class='ocrx_word' id='word_1_506' title='bbox 2119 1278 2425 1346; x_wconf 85' lang='grc' dir='ltr'>κοντάριον.</span> <span class='ocrx_word' id='word_1_507' title='bbox 2471 1275 2804 1333; x_wconf 87' lang='lat' dir='ltr'><strong>Scholiastes</strong></span> <span class='ocrx_word' id='word_1_508' title='bbox 2852 1276 3110 1348; x_wconf 83' lang='lat' dir='ltr'><strong>Oppiani,</strong></span> <span class='ocrx_word' id='word_1_509' title='bbox 3174 1292 3228 1344; x_wconf 90' lang='lat' dir='ltr'>p.</span> <span class='ocrx_word' id='word_1_510' title='bbox 3267 1275 3334 1330; x_wconf 88' lang='lat'><strong>70</strong></span> <span class='ocrx_word' id='word_1_511' title='bbox 3372 1283 3426 1329; x_wconf 89' lang='lat' dir='ltr'>et</span> <span class='ocrx_word' id='word_1_512' title='bbox 3479 1272 3571 1328; x_wconf 90' lang='lat'>90.</span> 
     </span>
    </p>
   </div>
   <div class='ocr_carea' id='block_1_75' title="bbox 2011 1361 3577 1435">
    <p class='ocr_par' dir='ltr' id='par_1_75' title="bbox 2011 1361 3577 1435">
     <span class='ocr_line' id='line_1_75' title="bbox 2011 1361 3577 1435; baseline -0.001 -18"><span class='ocrx_word' id='word_1_513' title='bbox 2011 1363 2149 1419; x_wconf 82' lang='lat' dir='ltr'><strong>Hinc</strong></span> <span class='ocrx_word' id='word_1_514' title='bbox 2187 1367 2521 1434; x_wconf 85' lang='grc' dir='ltr'>κονταράτος</span> <span class='ocrx_word' id='word_1_515' title='bbox 2556 1374 2725 1421; x_wconf 92' lang='lat' dir='ltr'><strong>conto</strong></span> <span class='ocrx_word' id='word_1_516' title='bbox 2752 1376 3016 1422; x_wconf 83' lang='lat' dir='ltr'><strong>armatus.</strong></span> <span class='ocrx_word' id='word_1_517' title='bbox 3057 1365 3169 1420; x_wconf 89' lang='lat' dir='ltr'><strong>Leo</strong></span> <span class='ocrx_word' id='word_1_518' title='bbox 3196 1364 3250 1419; x_wconf 92' lang='lat' dir='ltr'>d.</span> <span class='ocrx_word' id='word_1_519' title='bbox 3284 1363 3310 1435; x_wconf 65' lang='grc' dir='ltr'>ᾗ</span> <span class='ocrx_word' id='word_1_520' title='bbox 3345 1361 3414 1418; x_wconf 80' lang='lat'>50</span> <span class='ocrx_word' id='word_1_521' title='bbox 3446 1370 3503 1418; x_wconf 87' lang='lat' dir='ltr'>et</span> <span class='ocrx_word' id='word_1_522' title='bbox 3549 1362 3577 1432; x_wconf 64' lang='grc' dir='ltr'><strong>ς</strong></span> 
     </span>
    </p>
   </div>
   <div class='ocr_carea' id='block_1_76' title="bbox 2006 1454 2631 1525">
    <p class='ocr_par' dir='ltr' id='par_1_76' title="bbox 2006 1454 2631 1525">
     <span class='ocr_line' id='line_1_76' title="bbox 2006 1454 2631 1525; baseline 0.002 -18"><span class='ocrx_word' id='word_1_523' title='bbox 2006 1456 2097 1515; x_wconf 77' lang='grc'>41,</span> <span class='ocrx_word' id='word_1_524' title='bbox 2127 1462 2183 1508; x_wconf 88' lang='lat' dir='ltr'>et</span> <span class='ocrx_word' id='word_1_525' title='bbox 2211 1470 2330 1524; x_wconf 87' lang='lat' dir='ltr'><strong>cap.</strong></span> <span class='ocrx_word' id='word_1_526' title='bbox 2364 1455 2452 1520; x_wconf 80' lang='grc'>18,</span> <span class='ocrx_word' id='word_1_527' title='bbox 2494 1454 2631 1525; x_wconf 71' lang='lat'><strong>59.7.</strong></span> 
     </span>
    </p>
   </div>
   <div class='ocr_carea' id='block_1_77' title="bbox 2078 1543 3573 1614">
    <p class='ocr_par' dir='ltr' id='par_1_77' title="bbox 2078 1543 3573 1614">
     <span class='ocr_line' id='line_1_77' title="bbox 2078 1543 3573 1614; baseline -0.001 -18"><span class='ocrx_word' id='word_1_528' title='bbox 2078 1546 2610 1612; x_wconf 63' lang='lat' dir='ltr'><strong>Korraposlgaapor</strong></span> <span class='ocrx_word' id='word_1_529' title='bbox 2635 1559 2691 1614; x_wconf 91' lang='lat' dir='ltr'>p.</span> <span class='ocrx_word' id='word_1_530' title='bbox 2714 1543 2822 1599; x_wconf 76' lang='lat'>259</span> <span class='ocrx_word' id='word_1_531' title='bbox 2854 1559 2907 1607; x_wconf 87' lang='lat' dir='ltr'><strong>a,</strong></span> <span class='ocrx_word' id='word_1_532' title='bbox 2953 1545 3008 1599; x_wconf 87' lang='lat' dir='ltr'>in</span> <span class='ocrx_word' id='word_1_533' title='bbox 3053 1544 3243 1599; x_wconf 83' lang='lat' dir='ltr'><strong>codice</strong></span> <span class='ocrx_word' id='word_1_534' title='bbox 3275 1544 3363 1599; x_wconf 75' lang='grc' dir='ltr'>ΟΒ</span> <span class='ocrx_word' id='word_1_535' title='bbox 3402 1556 3573 1609; x_wconf 80' lang='lat' dir='ltr'><strong>expo-</strong></span> 
     </span>
    </p>
   </div>
   <div class='ocr_carea' id='block_1_78' title="bbox 2008 1630 2602 1702">
    <p class='ocr_par' dir='ltr' id='par_1_78' title="bbox 2008 1630 2602 1702">
     <span class='ocr_line' id='line_1_78' title="bbox 2008 1630 2602 1702; baseline 0.007 -19"><span class='ocrx_word' id='word_1_536' title='bbox 2008 1630 2159 1684; x_wconf 86' lang='lat' dir='ltr'><strong>nitur</strong></span> <span class='ocrx_word' id='word_1_537' title='bbox 2183 1630 2354 1700; x_wconf 86' lang='grc' dir='ltr'>βέλος,</span> <span class='ocrx_word' id='word_1_538' title='bbox 2385 1634 2602 1702; x_wconf 75' lang='lat' dir='ltr'><strong>sagitta.</strong></span> 
     </span>
    </p>
   </div>
   <div class='ocr_carea' id='block_1_79' title="bbox 2080 1719 3571 1789">
    <p class='ocr_par' dir='ltr' id='par_1_79' title="bbox 2080 1719 3571 1789">
     <span class='ocr_line' id='line_1_79' title="bbox 2080 1719 3571 1789; baseline 0.002 -18"><span class='ocrx_word' id='word_1_539' title='bbox 2080 1719 2304 1784; x_wconf 74' lang='lat' dir='ltr'><strong>Kc‘rroc</strong></span> <span class='ocrx_word' id='word_1_540' title='bbox 2335 1721 2445 1775; x_wconf 79' lang='lat' dir='ltr'>dux</span> <span class='ocrx_word' id='word_1_541' title='bbox 2483 1724 2785 1785; x_wconf 78' lang='lat' dir='ltr'><strong>exercitus.</strong></span> <span class='ocrx_word' id='word_1_542' title='bbox 2819 1724 2902 1777; x_wconf 81' lang='lat' dir='ltr'>vel</span> <span class='ocrx_word' id='word_1_543' title='bbox 2937 1736 3143 1786; x_wconf 83' lang='lat' dir='ltr'><strong>comes,</strong></span> <span class='ocrx_word' id='word_1_544' title='bbox 3177 1732 3363 1783; x_wconf 70' lang='lat' dir='ltr'><strong>comta,</strong></span> <span class='ocrx_word' id='word_1_545' title='bbox 3385 1737 3441 1789; x_wconf 89' lang='lat' dir='ltr'>p.</span> <span class='ocrx_word' id='word_1_546' title='bbox 3473 1721 3571 1775; x_wconf 77' lang='lat'>198</span> 
     </span>
    </p>
   </div>
   <div class='ocr_carea' id='block_1_80' title="bbox 2008 1804 3571 1880">
    <p class='ocr_par' dir='ltr' id='par_1_80' title="bbox 2008 1804 3571 1880">
     <span class='ocr_line' id='line_1_80' title="bbox 2008 1804 3571 1880; baseline 0.004 -23"><span class='ocrx_word' id='word_1_547' title='bbox 2008 1804 2064 1858; x_wconf 89' lang='lat' dir='ltr'>b.</span> <span class='ocrx_word' id='word_1_548' title='bbox 2092 1806 2430 1876; x_wconf 85' lang='lat' dir='ltr'><strong>Nicephorus</strong></span> <span class='ocrx_word' id='word_1_549' title='bbox 2450 1810 2852 1880; x_wconf 81' lang='lat' dir='ltr'><strong>Gregoras,lib.</strong></span> <span class='ocrx_word' id='word_1_550' title='bbox 2884 1828 2943 1865; x_wconf 84' lang='lat' dir='ltr'><strong>lt:</strong></span> <span class='ocrx_word' id='word_1_551' title='bbox 2976 1811 3178 1864; x_wconf 80' lang='grc' dir='ltr'>Κόντου</span> <span class='ocrx_word' id='word_1_552' title='bbox 3203 1809 3571 1876; x_wconf 71' lang='grc' dir='ltr'>Κεφαληνίας.</span> 
     </span>
    </p>
   </div>
   <div class='ocr_carea' id='block_1_81' title="bbox 2008 1894 3572 1968">
    <p class='ocr_par' dir='ltr' id='par_1_81' title="bbox 2008 1894 3572 1968">
     <span class='ocr_line' id='line_1_81' title="bbox 2008 1894 3572 1968; baseline 0.001 -22"><span class='ocrx_word' id='word_1_553' title='bbox 2008 1894 2217 1949; x_wconf 87' lang='lat' dir='ltr'><strong>Auctor</strong></span> <span class='ocrx_word' id='word_1_554' title='bbox 2243 1897 2331 1951; x_wconf 89' lang='lat' dir='ltr'><strong>GB</strong></span> <span class='ocrx_word' id='word_1_555' title='bbox 2355 1898 2453 1966; x_wconf 78' lang='grc' dir='ltr'>τῆς</span> <span class='ocrx_word' id='word_1_556' title='bbox 2477 1899 2643 1968; x_wconf 77' lang='grc' dir='ltr'>δύσης</span> <span class='ocrx_word' id='word_1_557' title='bbox 2667 1901 2715 1951; x_wconf 79' lang='lat' dir='ltr'>oi</span> <span class='ocrx_word' id='word_1_558' title='bbox 2743 1898 3024 1962; x_wconf 73' lang='grc' dir='ltr'>αὐθέντες,</span> <span class='ocrx_word' id='word_1_559' title='bbox 3078 1897 3332 1968; x_wconf 79' lang='grc' dir='ltr'>ρηγάδες,</span> <span class='ocrx_word' id='word_1_560' title='bbox 3370 1896 3572 1958; x_wconf 78' lang='grc' dir='ltr'>κόντοι,</span> 
     </span>
    </p>
   </div>
   <div class='ocr_carea' id='block_1_82' title="bbox 2011 1983 3046 2056">
    <p class='ocr_par' dir='ltr' id='par_1_82' title="bbox 2011 1983 3046 2056">
     <span class='ocr_line' id='line_1_82' title="bbox 2011 1983 3046 2056; baseline 0.011 -24"><span class='ocrx_word' id='word_1_561' title='bbox 2011 1983 2323 2051; x_wconf 82' lang='grc' dir='ltr'>πρίγκιποι.</span> <span class='ocrx_word' id='word_1_562' title='bbox 2357 1986 2634 2051; x_wconf 76' lang='grc' dir='ltr'>δουκάδες,</span> <span class='ocrx_word' id='word_1_563' title='bbox 2666 1986 3046 2056; x_wconf 77' lang='grc' dir='ltr'>καϐαλλάριοι.</span> 
     </span>
    </p>
   </div>
   <div class='ocr_carea' id='block_1_83' title="bbox 2080 2071 3574 2144">
    <p class='ocr_par' dir='ltr' id='par_1_83' title="bbox 2080 2071 3574 2144">
     <span class='ocr_line' id='line_1_83' title="bbox 2080 2071 3574 2144; baseline 0.003 -21"><span class='ocrx_word' id='word_1_564' title='bbox 2080 2071 2424 2140; x_wconf 78' lang='grc' dir='ltr'>Κούκουρον</span> <span class='ocrx_word' id='word_1_565' title='bbox 2479 2074 2731 2144; x_wconf 84' lang='grc' dir='ltr'>γορυθός,</span> <span class='ocrx_word' id='word_1_566' title='bbox 2809 2076 2991 2130; x_wconf 84' lang='lat' dir='ltr'><strong>theca.</strong></span> <span class='ocrx_word' id='word_1_567' title='bbox 3066 2074 3462 2130; x_wconf 85' lang='lat' dir='ltr'><strong>Constantinus</strong></span> <span class='ocrx_word' id='word_1_568' title='bbox 3518 2074 3574 2127; x_wconf 90' lang='lat' dir='ltr'>in</span> 
     </span>
    </p>
   </div>
   <div class='ocr_carea' id='block_1_84' title="bbox 2011 2154 3575 2234">
    <p class='ocr_par' dir='ltr' id='par_1_84' title="bbox 2011 2154 3575 2234">
     <span class='ocr_line' id='line_1_84' title="bbox 2011 2154 3575 2234; baseline 0.006 -25"><span class='ocrx_word' id='word_1_569' title='bbox 2011 2155 2166 2212; x_wconf 87' lang='lat' dir='ltr'><strong>Tact.</strong></span> <span class='ocrx_word' id='word_1_570' title='bbox 2191 2154 2319 2211; x_wconf 79' lang='grc' dir='ltr'>Οίον</span> <span class='ocrx_word' id='word_1_571' title='bbox 2350 2161 2575 2229; x_wconf 81' lang='grc' dir='ltr'>τοξάρια</span> <span class='ocrx_word' id='word_1_572' title='bbox 2613 2164 2752 2232; x_wconf 76' lang='grc' dir='ltr'>μετὰ</span> <span class='ocrx_word' id='word_1_573' title='bbox 2782 2162 3063 2234; x_wconf 83' lang='grc' dir='ltr'>θηκαρίων</span> <span class='ocrx_word' id='word_1_574' title='bbox 3093 2164 3294 2228; x_wconf 81' lang='grc' dir='ltr'>αὐτῶν,</span> <span class='ocrx_word' id='word_1_575' title='bbox 3316 2164 3575 2231; x_wconf 78' lang='grc' dir='ltr'>σαγίττας</span> 
     </span>
    </p>
   </div>
   <div class='ocr_carea' id='block_1_85' title="bbox 2013 2248 3573 2322">
    <p class='ocr_par' dir='ltr' id='par_1_85' title="bbox 2013 2248 3573 2322">
     <span class='ocr_line' id='line_1_85' title="bbox 2013 2248 3573 2322; baseline 0.008 -24"><span class='ocrx_word' id='word_1_576' title='bbox 2013 2248 2150 2317; x_wconf 69' lang='grc' dir='ltr'>μετὰ</span> <span class='ocrx_word' id='word_1_577' title='bbox 2183 2250 2513 2322; x_wconf 84' lang='grc' dir='ltr'>κουκούρων.</span> <span class='ocrx_word' id='word_1_578' title='bbox 2542 2254 2673 2309; x_wconf 83' lang='lat' dir='ltr'><strong>Vide</strong></span> <span class='ocrx_word' id='word_1_579' title='bbox 2708 2261 2865 2309; x_wconf 87' lang='lat' dir='ltr'><strong>notas</strong></span> <span class='ocrx_word' id='word_1_580' title='bbox 2896 2255 2963 2308; x_wconf 90' lang='lat' dir='ltr'>ad</span> <span class='ocrx_word' id='word_1_581' title='bbox 2990 2254 3256 2310; x_wconf 78' lang='lat' dir='ltr'><strong>Joannem</strong></span> <span class='ocrx_word' id='word_1_582' title='bbox 3277 2254 3573 2311; x_wconf 77' lang='lat' dir='ltr'><strong>Cantacuz.</strong></span> 
     </span>
    </p>
   </div>
   <div class='ocr_carea' id='block_1_86' title="bbox 2079 2428 3577 2493">
    <p class='ocr_par' dir='ltr' id='par_1_86' title="bbox 2079 2428 3577 2493">
     <span class='ocr_line' id='line_1_86' title="bbox 2079 2428 3577 2493; baseline 0.006 -14"><span class='ocrx_word' id='word_1_583' title='bbox 2079 2428 2301 2480; x_wconf 71' lang='grc' dir='ltr'>ιιόύλα.</span> <span class='ocrx_word' id='word_1_584' title='bbox 2354 2428 2413 2482; x_wconf 83' lang='lat' dir='ltr'>lu</span> <span class='ocrx_word' id='word_1_585' title='bbox 2444 2429 2636 2485; x_wconf 88' lang='lat' dir='ltr'><strong>codice</strong></span> <span class='ocrx_word' id='word_1_586' title='bbox 2665 2430 2772 2493; x_wconf 77' lang='grc' dir='ltr'>ΟΒ,</span> <span class='ocrx_word' id='word_1_587' title='bbox 2809 2437 2868 2485; x_wconf 91' lang='lat' dir='ltr'>ut</span> <span class='ocrx_word' id='word_1_588' title='bbox 2900 2430 3065 2486; x_wconf 76' lang='lat' dir='ltr'><strong>refert</strong></span> <span class='ocrx_word' id='word_1_589' title='bbox 3102 2428 3335 2487; x_wconf 79' lang='lat' dir='ltr'><strong>Wolﬁus</strong></span> <span class='ocrx_word' id='word_1_590' title='bbox 3369 2449 3424 2487; x_wconf 77' lang='lat' dir='ltr'><strong>In</strong></span> <span class='ocrx_word' id='word_1_591' title='bbox 3480 2451 3577 2488; x_wconf 74' lang='lat' dir='ltr'>va-</span> 
     </span>
    </p>
   </div>
   <div class='ocr_carea' id='block_1_87' title="bbox 2012 2513 3574 2595">
    <p class='ocr_par' dir='ltr' id='par_1_87' title="bbox 2012 2513 3574 2595">
     <span class='ocr_line' id='line_1_87' title="bbox 2012 2513 3574 2595; baseline 0.006 -29"><span class='ocrx_word' id='word_1_592' title='bbox 2012 2513 2148 2567; x_wconf 88' lang='lat' dir='ltr'><strong>riis:</strong></span> <span class='ocrx_word' id='word_1_593' title='bbox 2190 2515 2512 2585; x_wconf 72' lang='grc' dir='ltr'>Ἀκρόπολις</span> <span class='ocrx_word' id='word_1_594' title='bbox 2558 2517 2610 2572; x_wconf 92' lang='lat' dir='ltr'>in</span> <span class='ocrx_word' id='word_1_595' title='bbox 2644 2519 2866 2587; x_wconf 86' lang='lat' dir='ltr'><strong>puriore</strong></span> <span class='ocrx_word' id='word_1_596' title='bbox 2906 2517 3117 2574; x_wconf 69' lang='lat' dir='ltr'><strong>Grarco.</strong></span> <span class='ocrx_word' id='word_1_597' title='bbox 3160 2518 3224 2573; x_wconf 90' lang='lat' dir='ltr'>V.</span> <span class='ocrx_word' id='word_1_598' title='bbox 3252 2519 3574 2595; x_wconf 77' lang='lat' dir='ltr'><strong>Meursiurn.</strong></span> 
     </span>
    </p>
   </div>
   <div class='ocr_carea' id='block_1_88' title="bbox 2080 2608 3573 2683">
    <p class='ocr_par' dir='ltr' id='par_1_88' title="bbox 2080 2608 3573 2683">
     <span class='ocr_line' id='line_1_88' title="bbox 2080 2608 3573 2683; baseline 0.005 -23"><span class='ocrx_word' id='word_1_599' title='bbox 2080 2608 2453 2676; x_wconf 81' lang='grc' dir='ltr'>Κουμπανιά.</span> <span class='ocrx_word' id='word_1_600' title='bbox 2508 2609 2567 2662; x_wconf 89' lang='grc' dir='ltr'>Ρ.</span> <span class='ocrx_word' id='word_1_601' title='bbox 2601 2608 2704 2663; x_wconf 76' lang='grc'>295</span> <span class='ocrx_word' id='word_1_602' title='bbox 2744 2609 2780 2663; x_wconf 90' lang='lat' dir='ltr'>b</span> <span class='ocrx_word' id='word_1_603' title='bbox 2824 2628 2837 2664; x_wconf 89' lang='lat'><strong>:</strong></span> <span class='ocrx_word' id='word_1_604' title='bbox 2871 2611 3155 2680; x_wconf 78' lang='grc' dir='ltr'>Φρατρίαν</span> <span class='ocrx_word' id='word_1_605' title='bbox 3194 2612 3290 2664; x_wconf 81' lang='grc' dir='ltr'>καὶ</span> <span class='ocrx_word' id='word_1_606' title='bbox 3326 2611 3573 2683; x_wconf 78' lang='grc' dir='ltr'>σύστημα</span> 
     </span>
    </p>
   </div>
   <div class='ocr_carea' id='block_1_89' title="bbox 2011 2696 3577 2769">
    <p class='ocr_par' dir='ltr' id='par_1_89' title="bbox 2011 2696 3577 2769">
     <span class='ocr_line' id='line_1_89' title="bbox 2011 2696 3577 2769; baseline 0.005 -23"><span class='ocrx_word' id='word_1_607' title='bbox 2011 2696 2385 2765; x_wconf 56' lang='grc' dir='ltr'>ποιησάμενοι.</span> <span class='ocrx_word' id='word_1_608' title='bbox 2442 2696 2625 2752; x_wconf 78' lang='lat' dir='ltr'><strong>Codex</strong></span> <span class='ocrx_word' id='word_1_609' title='bbox 2674 2696 2807 2762; x_wconf 75' lang='grc' dir='ltr'>ΟΒ,</span> <span class='ocrx_word' id='word_1_610' title='bbox 2873 2698 3199 2768; x_wconf 83' lang='grc' dir='ltr'>Κουμπανία</span> <span class='ocrx_word' id='word_1_611' title='bbox 3262 2699 3359 2769; x_wconf 88' lang='grc' dir='ltr'>μία</span> <span class='ocrx_word' id='word_1_612' title='bbox 3430 2701 3577 2769; x_wconf 80' lang='grc' dir='ltr'>γινό-</span> 
     </span>
    </p>
   </div>
   <div class='ocr_carea' id='block_1_90' title="bbox 2013 2799 2184 2851">
    <p class='ocr_par' dir='ltr' id='par_1_90' title="bbox 2013 2799 2184 2851">
     <span class='ocr_line' id='line_1_90' title="bbox 2013 2799 2184 2851; baseline 0.012 -16"><span class='ocrx_word' id='word_1_613' title='bbox 2013 2799 2184 2851; x_wconf 83' lang='grc' dir='ltr'>μενοι.</span> 
     </span>
    </p>
   </div>
   <div class='ocr_carea' id='block_1_91' title="bbox 2079 2876 2964 2946">
    <p class='ocr_par' dir='ltr' id='par_1_91' title="bbox 2079 2876 2964 2946">
     <span class='ocr_line' id='line_1_91' title="bbox 2079 2876 2964 2946; baseline 0.007 -21"><span class='ocrx_word' id='word_1_614' title='bbox 2079 2876 2301 2927; x_wconf 75' lang='grc' dir='ltr'>Ῑιόυνία</span> <span class='ocrx_word' id='word_1_615' title='bbox 2336 2876 2641 2946; x_wconf 80' lang='grc' dir='ltr'>σπάργανα,</span> <span class='ocrx_word' id='word_1_616' title='bbox 2677 2876 2964 2933; x_wconf 83' lang='lat' dir='ltr'><strong>cunabula.</strong></span> 
     </span>
    </p>
   </div>
   <div class='ocr_carea' id='block_1_92' title="bbox 2081 2960 3573 3038">
    <p class='ocr_par' dir='ltr' id='par_1_92' title="bbox 2081 2960 3573 3038">
     <span class='ocr_line' id='line_1_92' title="bbox 2081 2960 3573 3038; baseline 0.003 -25"><span class='ocrx_word' id='word_1_617' title='bbox 2081 2960 2455 3028; x_wconf 75' lang='grc' dir='ltr'>Κούντιιυρος</span> <span class='ocrx_word' id='word_1_618' title='bbox 2498 2978 2694 3031; x_wconf 90' lang='lat' dir='ltr'><strong>equus.</strong></span> <span class='ocrx_word' id='word_1_619' title='bbox 2724 2964 2849 3033; x_wconf 75' lang='lat' dir='ltr'><strong>Pag.</strong></span> <span class='ocrx_word' id='word_1_620' title='bbox 2882 2963 2970 3025; x_wconf 87' lang='lat'>69.</span> <span class='ocrx_word' id='word_1_621' title='bbox 3023 2964 3179 3019; x_wconf 83' lang='grc' dir='ltr'>Μετὰ</span> <span class='ocrx_word' id='word_1_622' title='bbox 3236 2967 3573 3038; x_wconf 79' lang='grc' dir='ltr'>κουντούρων</span> 
     </span>
    </p>
   </div>
   <div class='ocr_carea' id='block_1_93' title="bbox 2012 3047 3575 3123">
    <p class='ocr_par' dir='ltr' id='par_1_93' title="bbox 2012 3047 3575 3123">
     <span class='ocr_line' id='line_1_93' title="bbox 2012 3047 3575 3123; baseline 0.005 -23"><span class='ocrx_word' id='word_1_623' title='bbox 2012 3047 2105 3100; x_wconf 68' lang='grc' dir='ltr'>καὶ</span> <span class='ocrx_word' id='word_1_624' title='bbox 2126 3049 2333 3115; x_wconf 74' lang='grc' dir='ltr'>ἀλόγων</span> <span class='ocrx_word' id='word_1_625' title='bbox 2351 3050 2675 3120; x_wconf 79' lang='grc' dir='ltr'>Ἀραϐικῶν.</span> <span class='ocrx_word' id='word_1_626' title='bbox 2696 3050 2784 3106; x_wconf 91' lang='lat' dir='ltr'><strong>Sic</strong></span> <span class='ocrx_word' id='word_1_627' title='bbox 2812 3050 2941 3122; x_wconf 75' lang='lat' dir='ltr'><strong>legit</strong></span> <span class='ocrx_word' id='word_1_628' title='bbox 2963 3050 3252 3106; x_wconf 80' lang='lat' dir='ltr'><strong>Meursius.</strong></span> <span class='ocrx_word' id='word_1_629' title='bbox 3280 3052 3575 3123; x_wconf 75' lang='lat' dir='ltr'><strong>Fragmen-</strong></span> 
     </span>
    </p>
   </div>
   <div class='ocr_carea' id='block_1_94' title="bbox 2012 3139 3574 3212">
    <p class='ocr_par' dir='ltr' id='par_1_94' title="bbox 2012 3139 3574 3212">
     <span class='ocr_line' id='line_1_94' title="bbox 2012 3139 3574 3212; baseline 0.004 -24"><span class='ocrx_word' id='word_1_630' title='bbox 2012 3143 2124 3188; x_wconf 90' lang='lat' dir='ltr'>tum</span> <span class='ocrx_word' id='word_1_631' title='bbox 2174 3151 2281 3190; x_wconf 89' lang='lat' dir='ltr'>ms.</span> <span class='ocrx_word' id='word_1_632' title='bbox 2336 3139 2470 3208; x_wconf 79' lang='grc' dir='ltr'>Περὶ</span> <span class='ocrx_word' id='word_1_633' title='bbox 2524 3139 2893 3207; x_wconf 86' lang='grc' dir='ltr'>πηλικότητος</span> <span class='ocrx_word' id='word_1_634' title='bbox 2937 3139 3046 3193; x_wconf 83' lang='grc' dir='ltr'>τῶν</span> <span class='ocrx_word' id='word_1_635' title='bbox 3087 3140 3303 3210; x_wconf 76' lang='grc' dir='ltr'>μέτρων</span> <span class='ocrx_word' id='word_1_636' title='bbox 3338 3157 3353 3172; x_wconf 75' lang='grc' dir='ltr'><strong>ο</strong></span> <span class='ocrx_word' id='word_1_637' title='bbox 3410 3142 3502 3194; x_wconf 74' lang='grc' dir='ltr'>καὶ</span> <span class='ocrx_word' id='word_1_638' title='bbox 3541 3143 3574 3212; x_wconf 84' lang='grc' dir='ltr'><strong>ἡ</strong></span> 
     </span>
    </p>
   </div>
   <div class='ocr_carea' id='block_1_95' title="bbox 2012 3226 3573 3301">
    <p class='ocr_par' dir='ltr' id='par_1_95' title="bbox 2012 3226 3573 3301">
     <span class='ocr_line' id='line_1_95' title="bbox 2012 3226 3573 3301; baseline 0.003 -24"><span class='ocrx_word' id='word_1_639' title='bbox 2012 3226 2145 3294; x_wconf 80' lang='grc' dir='ltr'>παρ’</span> <span class='ocrx_word' id='word_1_640' title='bbox 2182 3228 2316 3295; x_wconf 76' lang='grc' dir='ltr'>ἡμῖν</span> <span class='ocrx_word' id='word_1_641' title='bbox 2344 3228 2739 3298; x_wconf 81' lang='grc' dir='ltr'>ἐπινενοημένη</span> <span class='ocrx_word' id='word_1_642' title='bbox 2770 3230 2851 3291; x_wconf 83' lang='grc' dir='ltr'>είς</span> <span class='ocrx_word' id='word_1_643' title='bbox 2884 3229 3191 3301; x_wconf 78' lang='grc' dir='ltr'>ὑπουργίαν</span> <span class='ocrx_word' id='word_1_644' title='bbox 3222 3229 3331 3283; x_wconf 80' lang='grc' dir='ltr'>τῶν</span> <span class='ocrx_word' id='word_1_645' title='bbox 3365 3229 3573 3300; x_wconf 82' lang='grc' dir='ltr'>βασιλι-</span> 
     </span>
    </p>
   </div>
   <div class='ocr_carea' id='block_1_96' title="bbox 2011 3314 3574 3393">
    <p class='ocr_par' dir='ltr' id='par_1_96' title="bbox 2011 3314 3574 3393">
     <span class='ocr_line' id='line_1_96' title="bbox 2011 3314 3574 3393; baseline 0.008 -27"><span class='ocrx_word' id='word_1_646' title='bbox 2011 3317 2123 3366; x_wconf 80' lang='grc' dir='ltr'>κῶν</span> <span class='ocrx_word' id='word_1_647' title='bbox 2153 3315 2505 3382; x_wconf 64' lang='grc' dir='ltr'>πρεστάξεων</span> <span class='ocrx_word' id='word_1_648' title='bbox 2533 3314 2740 3386; x_wconf 82' lang='grc' dir='ltr'>ἀλλαγὴ</span> <span class='ocrx_word' id='word_1_649' title='bbox 2777 3317 2866 3370; x_wconf 83' lang='grc' dir='ltr'>διὰ.</span> <span class='ocrx_word' id='word_1_650' title='bbox 2910 3320 3019 3376; x_wconf 83' lang='grc' dir='ltr'>τῶν</span> <span class='ocrx_word' id='word_1_651' title='bbox 3047 3322 3387 3391; x_wconf 83' lang='grc' dir='ltr'>κουντούρων</span> <span class='ocrx_word' id='word_1_652' title='bbox 3423 3325 3574 3393; x_wconf 85' lang='grc' dir='ltr'>μίλια</span> 
     </span>
    </p>
   </div>
   <div class='ocr_carea' id='block_1_97' title="bbox 2011 3402 3569 3482">
    <p class='ocr_par' dir='ltr' id='par_1_97' title="bbox 2011 3402 3569 3482">
     <span class='ocr_line' id='line_1_97' title="bbox 2011 3402 3569 3482; baseline 0.008 -27"><span class='ocrx_word' id='word_1_653' title='bbox 2011 3402 2064 3465; x_wconf 88' lang='grc' dir='ltr'>ς·’</span> <span class='ocrx_word' id='word_1_654' title='bbox 2096 3404 2265 3471; x_wconf 70' lang='grc' dir='ltr'>ἤγουν</span> <span class='ocrx_word' id='word_1_655' title='bbox 2316 3404 2504 3458; x_wconf 83' lang='grc' dir='ltr'>στάδια</span> <span class='ocrx_word' id='word_1_656' title='bbox 2537 3402 2641 3472; x_wconf 83' lang='grc' dir='ltr'>με’.</span> <span class='ocrx_word' id='word_1_657' title='bbox 2691 3404 2881 3460; x_wconf 79' lang='lat' dir='ltr'><strong>Exstat</strong></span> <span class='ocrx_word' id='word_1_658' title='bbox 2917 3408 2971 3461; x_wconf 91' lang='lat' dir='ltr'>in</span> <span class='ocrx_word' id='word_1_659' title='bbox 3016 3408 3348 3465; x_wconf 79' lang='lat' dir='ltr'><strong>bibliotheca</strong></span> <span class='ocrx_word' id='word_1_660' title='bbox 3383 3411 3569 3482; x_wconf 78' lang='lat' dir='ltr'><strong>Regia.</strong></span> 
     </span>
    </p>
   </div>
   <div class='ocr_carea' id='block_1_98' title="bbox 2006 3490 3572 3570">
    <p class='ocr_par' dir='ltr' id='par_1_98' title="bbox 2006 3490 3572 3570">
     <span class='ocr_line' id='line_1_98' title="bbox 2006 3490 3572 3570; baseline 0.008 -25"><span class='ocrx_word' id='word_1_661' title='bbox 2006 3492 2338 3548; x_wconf 87' lang='lat' dir='ltr'><strong>Glossarium</strong></span> <span class='ocrx_word' id='word_1_662' title='bbox 2360 3511 2457 3549; x_wconf 90' lang='lat' dir='ltr'>ms.</span> <span class='ocrx_word' id='word_1_663' title='bbox 2490 3511 2504 3549; x_wconf 86' lang='lat'><strong>:</strong></span> <span class='ocrx_word' id='word_1_664' title='bbox 2544 3492 2768 3565; x_wconf 87' lang='grc' dir='ltr'>Βέρεδον</span> <span class='ocrx_word' id='word_1_665' title='bbox 2794 3495 2854 3546; x_wconf 75' lang='grc' dir='ltr'>τὸ</span> <span class='ocrx_word' id='word_1_666' title='bbox 2886 3490 3232 3564; x_wconf 64' lang='grc' dir='ltr'>κοϐύτοῖθρον.</span> <span class='ocrx_word' id='word_1_667' title='bbox 3255 3499 3572 3570; x_wconf 80' lang='lat' dir='ltr'><strong>Legendum</strong></span> 
     </span>
    </p>
   </div>
   <div class='ocr_carea' id='block_1_99' title="bbox 2007 3582 3569 3658">
    <p class='ocr_par' dir='ltr' id='par_1_99' title="bbox 2007 3582 3569 3658">
     <span class='ocr_line' id='line_1_99' title="bbox 2007 3582 3569 3658; baseline 0.008 -25"><span class='ocrx_word' id='word_1_668' title='bbox 2007 3583 2348 3653; x_wconf 70' lang='grc' dir='ltr'>κοῦντουρον.</span> <span class='ocrx_word' id='word_1_669' title='bbox 2409 3582 2542 3636; x_wconf 85' lang='lat' dir='ltr'><strong>Item</strong></span> <span class='ocrx_word' id='word_1_670' title='bbox 2598 3583 2888 3651; x_wconf 77' lang='grc' dir='ltr'>βηρήδοις.</span> <span class='ocrx_word' id='word_1_671' title='bbox 2931 3585 3139 3650; x_wconf 78' lang='grc' dir='ltr'>ἵπποις,</span> <span class='ocrx_word' id='word_1_672' title='bbox 3202 3589 3569 3658; x_wconf 62' lang='grc' dir='ltr'>κουκτούροις.</span> 
     </span>
    </p>
   </div>
   <div class='ocr_carea' id='block_1_100' title="bbox 2005 3669 3573 3747">
    <p class='ocr_par' dir='ltr' id='par_1_100' title="bbox 2005 3669 3573 3747">
     <span class='ocr_line' id='line_1_100' title="bbox 2005 3669 3573 3747; baseline 0.005 -22"><span class='ocrx_word' id='word_1_673' title='bbox 2005 3672 2145 3725; x_wconf 83' lang='lat' dir='ltr'><strong>liinc</strong></span> <span class='ocrx_word' id='word_1_674' title='bbox 2176 3669 2715 3739; x_wconf 77' lang='grc' dir='ltr'>άποκουντουρίζειν.</span> <span class='ocrx_word' id='word_1_675' title='bbox 2747 3670 2955 3726; x_wconf 88' lang='lat' dir='ltr'><strong>Auctor</strong></span> <span class='ocrx_word' id='word_1_676' title='bbox 2987 3674 3076 3729; x_wconf 88' lang='lat' dir='ltr'><strong>GB</strong></span> <span class='ocrx_word' id='word_1_677' title='bbox 3102 3692 3203 3731; x_wconf 90' lang='lat' dir='ltr'>ms.</span> <span class='ocrx_word' id='word_1_678' title='bbox 3234 3677 3344 3731; x_wconf 78' lang='grc' dir='ltr'>Καὶ</span> <span class='ocrx_word' id='word_1_679' title='bbox 3371 3679 3573 3747; x_wconf 78' lang='grc' dir='ltr'>ἀπήτις</span> 
     </span>
    </p>
   </div>
   <div class='ocr_carea' id='block_1_101' title="bbox 2005 3756 3573 3831">
    <p class='ocr_par' dir='ltr' id='par_1_101' title="bbox 2005 3756 3573 3831">
     <span class='ocr_line' id='line_1_101' title="bbox 2005 3756 3573 3831; baseline -0.001 -21"><span class='ocrx_word' id='word_1_680' title='bbox 2005 3760 2079 3824; x_wconf 74' lang='grc' dir='ltr'>φᾶ</span> <span class='ocrx_word' id='word_1_681' title='bbox 2110 3761 2199 3810; x_wconf 76' lang='grc' dir='ltr'>καὶ</span> <span class='ocrx_word' id='word_1_682' title='bbox 2232 3756 2427 3824; x_wconf 75' lang='grc' dir='ltr'>γλύψει</span> <span class='ocrx_word' id='word_1_683' title='bbox 2460 3774 2518 3810; x_wconf 86' lang='grc' dir='ltr'>σε</span> <span class='ocrx_word' id='word_1_684' title='bbox 2547 3757 2666 3810; x_wconf 74' lang='grc' dir='ltr'>τότε</span> <span class='ocrx_word' id='word_1_685' title='bbox 2703 3756 3193 3831; x_wconf 77' lang='grc' dir='ltr'>άποκουντουρίζη,</span> <span class='ocrx_word' id='word_1_686' title='bbox 3229 3773 3285 3817; x_wconf 77' lang='lat' dir='ltr'>et</span> <span class='ocrx_word' id='word_1_687' title='bbox 3314 3782 3573 3820; x_wconf 79' lang='grc' dir='ltr'>κουντου.</span> 
     </span>
    </p>
   </div>
   <div class='ocr_carea' id='block_1_102' title="bbox 2005 3844 3571 3916">
    <p class='ocr_par' dir='ltr' id='par_1_102' title="bbox 2005 3844 3571 3916">
     <span class='ocr_line' id='line_1_102' title="bbox 2005 3844 3571 3916; baseline 0.006 -19"><span class='ocrx_word' id='word_1_688' title='bbox 2005 3846 2236 3916; x_wconf 83' lang='grc' dir='ltr'>ριάριος,</span> <span class='ocrx_word' id='word_1_689' title='bbox 2264 3845 2359 3913; x_wconf 86' lang='lat' dir='ltr'>qui</span> <span class='ocrx_word' id='word_1_690' title='bbox 2391 3859 2536 3913; x_wconf 91' lang='lat' dir='ltr'><strong>equo</strong></span> <span class='ocrx_word' id='word_1_691' title='bbox 2569 3844 2790 3913; x_wconf 91' lang='lat' dir='ltr'><strong>publico</strong></span> <span class='ocrx_word' id='word_1_692' title='bbox 2832 3847 3028 3901; x_wconf 87' lang='lat' dir='ltr'><strong>utitur.</strong></span> <span class='ocrx_word' id='word_1_693' title='bbox 3073 3849 3397 3906; x_wconf 88' lang='lat' dir='ltr'><strong>Theodorus</strong></span> <span class='ocrx_word' id='word_1_694' title='bbox 3431 3852 3571 3908; x_wconf 83' lang='lat' dir='ltr'><strong>Her-</strong></span> 
     </span>
    </p>
   </div>
   <div class='ocr_carea' id='block_1_103' title="bbox 2002 3933 3566 4012">
    <p class='ocr_par' dir='ltr' id='par_1_103' title="bbox 2002 3933 3566 4012">
     <span class='ocr_line' id='line_1_103' title="bbox 2002 3933 3566 4012; baseline 0.007 -25"><span class='ocrx_word' id='word_1_695' title='bbox 2002 3934 2311 4003; x_wconf 85' lang='lat' dir='ltr'><strong>m0po|ites,</strong></span> <span class='ocrx_word' id='word_1_696' title='bbox 2356 3933 2463 4012; x_wconf 36' lang='lat' dir='ltr'><strong>‘lib.</strong></span> <span class='ocrx_word' id='word_1_697' title='bbox 2489 3948 2585 3997; x_wconf 80' lang='lat' dir='ltr'>vn,</span> <span class='ocrx_word' id='word_1_698' title='bbox 2620 3934 2703 3987; x_wconf 87' lang='lat' dir='ltr'><strong>tit.</strong></span> <span class='ocrx_word' id='word_1_699' title='bbox 2734 3934 2787 3995; x_wconf 89' lang='lat'>8,</span> <span class='ocrx_word' id='word_1_700' title='bbox 2813 3934 3095 4002; x_wconf 83' lang='lat' dir='ltr'><strong>explicans</strong></span> <span class='ocrx_word' id='word_1_701' title='bbox 3128 3938 3304 4009; x_wconf 71' lang='lat' dir='ltr'><strong>legem</strong></span> <span class='ocrx_word' id='word_1_702' title='bbox 3331 3941 3365 3995; x_wconf 73' lang='lat'><strong>2</strong></span> <span class='ocrx_word' id='word_1_703' title='bbox 3400 3942 3463 3997; x_wconf 92' lang='lat' dir='ltr'>D.</span> <span class='ocrx_word' id='word_1_704' title='bbox 3501 3942 3566 3999; x_wconf 88' lang='lat' dir='ltr'>dc</span> 
     </span>
    </p>
   </div>
   <div class='ocr_carea' id='block_1_104' title="bbox 2001 4019 3569 4093">
    <p class='ocr_par' dir='ltr' id='par_1_104' title="bbox 2001 4019 3569 4093">
     <span class='ocr_line' id='line_1_104' title="bbox 2001 4019 3569 4093; baseline 0.006 -18"><span class='ocrx_word' id='word_1_705' title='bbox 2001 4024 2052 4075; x_wconf 88' lang='lat' dir='ltr'>in</span> <span class='ocrx_word' id='word_1_706' title='bbox 2069 4025 2159 4091; x_wconf 89' lang='lat' dir='ltr'><strong>jus</strong></span> <span class='ocrx_word' id='word_1_707' title='bbox 2176 4035 2297 4076; x_wconf 85' lang='lat' dir='ltr'><strong>voc.</strong></span> <span class='ocrx_word' id='word_1_708' title='bbox 2326 4020 2398 4074; x_wconf 90' lang='lat' dir='ltr'><strong>ibi</strong></span> <span class='ocrx_word' id='word_1_709' title='bbox 2430 4040 2442 4075; x_wconf 91' lang='lat'>:</span> <span class='ocrx_word' id='word_1_710' title='bbox 2468 4019 2570 4075; x_wconf 81' lang='lat' dir='ltr'><strong>Sed</strong></span> <span class='ocrx_word' id='word_1_711' title='bbox 2591 4037 2682 4075; x_wconf 80' lang='lat' dir='ltr'>nec</span> <span class='ocrx_word' id='word_1_712' title='bbox 2694 4037 2811 4075; x_wconf 87' lang='lat' dir='ltr'>eum</span> <span class='ocrx_word' id='word_1_713' title='bbox 2834 4023 2923 4089; x_wconf 86' lang='lat' dir='ltr'><strong>qui</strong></span> <span class='ocrx_word' id='word_1_714' title='bbox 2950 4039 3081 4093; x_wconf 82' lang='lat' dir='ltr'><strong>equo</strong></span> <span class='ocrx_word' id='word_1_715' title='bbox 3104 4025 3307 4092; x_wconf 81' lang='lat' dir='ltr'><strong>publica</strong></span> <span class='ocrx_word' id='word_1_716' title='bbox 3328 4029 3381 4080; x_wconf 81' lang='lat' dir='ltr'><strong>in</strong></span> <span class='ocrx_word' id='word_1_717' title='bbox 3409 4045 3569 4085; x_wconf 80' lang='lat' dir='ltr'><strong>causa</strong></span> 
     </span>
    </p>
   </div>
   <div class='ocr_carea' id='block_1_105' title="bbox 2000 4114 3568 4189">
    <p class='ocr_par' dir='ltr' id='par_1_105' title="bbox 2000 4114 3568 4189">
     <span class='ocr_line' id='line_1_105' title="bbox 2000 4114 3568 4189; baseline 0.006 -24"><span class='ocrx_word' id='word_1_718' title='bbox 2000 4115 2205 4181; x_wconf 83' lang='lat' dir='ltr'><strong>publica</strong></span> <span class='ocrx_word' id='word_1_719' title='bbox 2238 4117 2652 4170; x_wconf 80' lang='lat' dir='ltr'><strong>transvehalur:</strong></span> <span class='ocrx_word' id='word_1_720' title='bbox 2679 4114 2836 4182; x_wconf 74' lang='grc' dir='ltr'>Οὔτε,</span> <span class='ocrx_word' id='word_1_721' title='bbox 2891 4116 3096 4187; x_wconf 85' lang='lat' dir='ltr'><strong>inquit.</strong></span> <span class='ocrx_word' id='word_1_722' title='bbox 3151 4118 3246 4172; x_wconf 80' lang='grc' dir='ltr'>τὸν</span> <span class='ocrx_word' id='word_1_723' title='bbox 3290 4120 3568 4189; x_wconf 84' lang='grc' dir='ltr'>δημοσίοις</span> 
     </span>
    </p>
   </div>
   <div class='ocr_carea' id='block_1_106' title="bbox 2000 4203 3568 4280">
    <p class='ocr_par' dir='ltr' id='par_1_106' title="bbox 2000 4203 3568 4280">
     <span class='ocr_line' id='line_1_106' title="bbox 2000 4203 3568 4280; baseline 0.007 -27"><span class='ocrx_word' id='word_1_724' title='bbox 2000 4204 2189 4264; x_wconf 74' lang='grc' dir='ltr'>ἵπποις</span> <span class='ocrx_word' id='word_1_725' title='bbox 2235 4204 2320 4256; x_wconf 76' lang='grc' dir='ltr'>διὰ</span> <span class='ocrx_word' id='word_1_726' title='bbox 2345 4203 2609 4273; x_wconf 84' lang='grc' dir='ltr'>δημοσίαν</span> <span class='ocrx_word' id='word_1_727' title='bbox 2658 4203 2848 4273; x_wconf 84' lang='grc' dir='ltr'>χρείαν</span> <span class='ocrx_word' id='word_1_728' title='bbox 2886 4204 3254 4275; x_wconf 83' lang='grc' dir='ltr'>ὲποχούμενον</span> <span class='ocrx_word' id='word_1_729' title='bbox 3310 4208 3428 4280; x_wconf 71' lang='grc' dir='ltr'>ἦτοι</span> <span class='ocrx_word' id='word_1_730' title='bbox 3476 4210 3568 4264; x_wconf 73' lang='grc' dir='ltr'>τὸν</span> 
     </span>
    </p>
   </div>
   <div class='ocr_carea' id='block_1_107' title="bbox 1998 4289 2463 4358">
    <p class='ocr_par' dir='ltr' id='par_1_107' title="bbox 1998 4289 2463 4358">
     <span class='ocr_line' id='line_1_107' title="bbox 1998 4289 2463 4358; baseline 0.011 -20"><span class='ocrx_word' id='word_1_731' title='bbox 1998 4289 2463 4358; x_wconf 85' lang='grc' dir='ltr'>κουντουριάριον.</span> 
     </span>
    </p>
   </div>
   <div class='ocr_carea' id='block_1_108' title="bbox 2070 4374 3571 4449">
    <p class='ocr_par' dir='ltr' id='par_1_108' title="bbox 2070 4374 3571 4449">
     <span class='ocr_line' id='line_1_108' title="bbox 2070 4374 3571 4449; baseline 0.006 -23"><span class='ocrx_word' id='word_1_732' title='bbox 2070 4374 2442 4444; x_wconf 75' lang='grc' dir='ltr'>Κουρσάριος</span> <span class='ocrx_word' id='word_1_733' title='bbox 2501 4376 2679 4445; x_wconf 87' lang='lat' dir='ltr'><strong>pirata</strong></span> <span class='ocrx_word' id='word_1_734' title='bbox 2714 4417 2729 4441; x_wconf 91' lang='lat'><strong><em>,</em></strong></span> <span class='ocrx_word' id='word_1_735' title='bbox 2789 4377 2993 4449; x_wconf 68' lang='lat' dir='ltr'><strong>prmdo.</strong></span> <span class='ocrx_word' id='word_1_736' title='bbox 3049 4379 3387 4436; x_wconf 87' lang='lat' dir='ltr'><strong>Glossarium</strong></span> <span class='ocrx_word' id='word_1_737' title='bbox 3456 4399 3571 4439; x_wconf 82' lang='lat' dir='ltr'>ms.</span> 
     </span>
    </p>
   </div>
   <div class='ocr_carea' id='block_1_109' title="bbox 2004 4462 3453 4535">
    <p class='ocr_par' dir='ltr' id='par_1_109' title="bbox 2004 4462 3453 4535">
     <span class='ocr_line' id='line_1_109' title="bbox 2004 4462 3453 4535; baseline 0.007 -22"><span class='ocrx_word' id='word_1_738' title='bbox 2004 4462 2284 4530; x_wconf 69' lang='grc' dir='ltr'>Πειραταί,</span> <span class='ocrx_word' id='word_1_739' title='bbox 2322 4464 2791 4527; x_wconf 82' lang='grc' dir='ltr'>καταποντισταί,</span> <span class='ocrx_word' id='word_1_740' title='bbox 2822 4466 3162 4535; x_wconf 87' lang='grc' dir='ltr'>κουρσάριοι,</span> <span class='ocrx_word' id='word_1_741' title='bbox 3198 4471 3453 4523; x_wconf 85' lang='lat' dir='ltr'><strong>corsaire.</strong></span> 
     </span>
    </p>
   </div>
   <div class='ocr_carea' id='block_1_110' title="bbox 2069 4547 3563 4621">
    <p class='ocr_par' dir='ltr' id='par_1_110' title="bbox 2069 4547 3563 4621">
     <span class='ocr_line' id='line_1_110' title="bbox 2069 4547 3563 4621; baseline 0.005 -19"><span class='ocrx_word' id='word_1_742' title='bbox 2069 4549 2367 4616; x_wconf 79' lang='grc' dir='ltr'>Κοῦρσον,</span> <span class='ocrx_word' id='word_1_743' title='bbox 2401 4547 2741 4619; x_wconf 81' lang='grc' dir='ltr'>κουρσεύειν.</span> <span class='ocrx_word' id='word_1_744' title='bbox 2770 4548 3056 4606; x_wconf 87' lang='lat' dir='ltr'><strong>Cedrenus</strong></span> <span class='ocrx_word' id='word_1_745' title='bbox 3096 4569 3149 4621; x_wconf 89' lang='lat' dir='ltr'>p.</span> <span class='ocrx_word' id='word_1_746' title='bbox 3174 4555 3275 4608; x_wconf 78' lang='grc'>477</span> <span class='ocrx_word' id='word_1_747' title='bbox 3323 4570 3373 4610; x_wconf 89' lang='lat' dir='ltr'>c.</span> <span class='ocrx_word' id='word_1_748' title='bbox 3416 4555 3563 4612; x_wconf 89' lang='lat' dir='ltr'><strong>Con-</strong></span> 
     </span>
    </p>
   </div>
   <div class='ocr_carea' id='block_1_111' title="bbox 1997 4636 3558 4714">
    <p class='ocr_par' dir='ltr' id='par_1_111' title="bbox 1997 4636 3558 4714">
     <span class='ocr_line' id='line_1_111' title="bbox 1997 4636 3558 4714; baseline 0.003 -22"><span class='ocrx_word' id='word_1_749' title='bbox 1997 4638 2270 4692; x_wconf 89' lang='lat' dir='ltr'><strong>stantinus</strong></span> <span class='ocrx_word' id='word_1_750' title='bbox 2311 4636 2643 4706; x_wconf 80' lang='lat' dir='ltr'><strong>Porphyrog.</strong></span> <span class='ocrx_word' id='word_1_751' title='bbox 2682 4636 2735 4691; x_wconf 91' lang='lat' dir='ltr'>iu</span> <span class='ocrx_word' id='word_1_752' title='bbox 2766 4638 3003 4694; x_wconf 85' lang='lat' dir='ltr'><strong>Tacticis</strong></span> <span class='ocrx_word' id='word_1_753' title='bbox 3032 4657 3047 4696; x_wconf 85' lang='lat'><strong>:</strong></span> <span class='ocrx_word' id='word_1_754' title='bbox 3087 4642 3202 4693; x_wconf 84' lang='grc' dir='ltr'>Ἵνα</span> <span class='ocrx_word' id='word_1_755' title='bbox 3232 4642 3265 4711; x_wconf 82' lang='grc' dir='ltr'>ἢ</span> <span class='ocrx_word' id='word_1_756' title='bbox 3294 4645 3351 4695; x_wconf 82' lang='grc' dir='ltr'>ὲν</span> <span class='ocrx_word' id='word_1_757' title='bbox 3381 4645 3558 4714; x_wconf 85' lang='grc' dir='ltr'>καιρῷ</span> 
     </span>
    </p>
   </div>
   <div class='ocr_carea' id='block_1_112' title="bbox 1997 4724 3558 4797">
    <p class='ocr_par' dir='ltr' id='par_1_112' title="bbox 1997 4724 3558 4797">
     <span class='ocr_line' id='line_1_112' title="bbox 1997 4724 3558 4797; baseline 0.002 -21"><span class='ocrx_word' id='word_1_758' title='bbox 1997 4724 2304 4794; x_wconf 79' lang='grc' dir='ltr'>πολέμουῆ</span> <span class='ocrx_word' id='word_1_759' title='bbox 2347 4726 2403 4776; x_wconf 81' lang='grc' dir='ltr'>ὲν</span> <span class='ocrx_word' id='word_1_760' title='bbox 2444 4724 2620 4793; x_wconf 85' lang='grc' dir='ltr'>καιρῷ</span> <span class='ocrx_word' id='word_1_761' title='bbox 2672 4725 2906 4796; x_wconf 87' lang='grc' dir='ltr'>κούρσου</span> <span class='ocrx_word' id='word_1_762' title='bbox 2952 4726 3317 4797; x_wconf 76' lang='grc' dir='ltr'>βαστάζωσιν,</span> <span class='ocrx_word' id='word_1_763' title='bbox 3373 4732 3558 4785; x_wconf 79' lang='lat' dir='ltr'><strong>Theo-</strong></span> 
     </span>
    </p>
   </div>
   <div class='ocr_carea' id='block_1_113' title="bbox 1995 4813 3558 4884">
    <p class='ocr_par' dir='ltr' id='par_1_113' title="bbox 1995 4813 3558 4884">
     <span class='ocr_line' id='line_1_113' title="bbox 1995 4813 3558 4884; baseline 0.003 -17"><span class='ocrx_word' id='word_1_764' title='bbox 1995 4815 2204 4883; x_wconf 83' lang='lat' dir='ltr'><strong>phanes</strong></span> <span class='ocrx_word' id='word_1_765' title='bbox 2236 4831 2249 4867; x_wconf 90' lang='lat'><strong>:</strong></span> <span class='ocrx_word' id='word_1_766' title='bbox 2296 4814 2405 4866; x_wconf 72' lang='grc' dir='ltr'>Καὶ</span> <span class='ocrx_word' id='word_1_767' title='bbox 2443 4813 2501 4864; x_wconf 81' lang='grc' dir='ltr'>οὐ</span> <span class='ocrx_word' id='word_1_768' title='bbox 2539 4814 2930 4884; x_wconf 76' lang='grc' dir='ltr'>κουρσεὺομεν.</span> <span class='ocrx_word' id='word_1_769' title='bbox 2973 4818 3336 4871; x_wconf 79' lang='lat' dir='ltr'><strong>Anastasius:</strong></span> <span class='ocrx_word' id='word_1_770' title='bbox 3370 4818 3558 4872; x_wconf 83' lang='lat' dir='ltr'><strong>Incur-</strong></span> 
     </span>
    </p>
   </div>
   <div class='ocr_carea' id='block_1_114' title="bbox 1996 4900 3554 4973">
    <p class='ocr_par' dir='ltr' id='par_1_114' title="bbox 1996 4900 3554 4973">
     <span class='ocr_line' id='line_1_114' title="bbox 1996 4900 3554 4973; baseline 0.002 -18"><span class='ocrx_word' id='word_1_771' title='bbox 1996 4905 2164 4956; x_wconf 83' lang='lat' dir='ltr'><strong>siones</strong></span> <span class='ocrx_word' id='word_1_772' title='bbox 2199 4918 2303 4954; x_wconf 85' lang='lat' dir='ltr'>non</span> <span class='ocrx_word' id='word_1_773' title='bbox 2333 4901 2574 4969; x_wconf 78' lang='lat' dir='ltr'><strong>facimus.</strong></span> <span class='ocrx_word' id='word_1_774' title='bbox 2627 4900 2761 4955; x_wconf 87' lang='lat' dir='ltr'><strong>Item</strong></span> <span class='ocrx_word' id='word_1_775' title='bbox 2801 4918 2814 4955; x_wconf 92' lang='lat'><strong>:</strong></span> <span class='ocrx_word' id='word_1_776' title='bbox 2852 4902 3239 4971; x_wconf 79' lang='grc' dir='ltr'>Κουρσεύομεν</span> <span class='ocrx_word' id='word_1_777' title='bbox 3284 4906 3377 4958; x_wconf 78' lang='grc' dir='ltr'>καὶ</span> <span class='ocrx_word' id='word_1_778' title='bbox 3410 4908 3554 4973; x_wconf 79' lang='grc' dir='ltr'>ἀφα-</span> 
     </span>
    </p>
   </div>
   <div class='ocr_carea' id='block_1_115' title="bbox 1994 4986 3551 5057">
    <p class='ocr_par' dir='ltr' id='par_1_115' title="bbox 1994 4986 3551 5057">
     <span class='ocr_line' id='line_1_115' title="bbox 1994 4986 3551 5057; baseline 0.002 -15"><span class='ocrx_word' id='word_1_779' title='bbox 1994 4991 2212 5056; x_wconf 76' lang='grc' dir='ltr'>νίζομεν</span> <span class='ocrx_word' id='word_1_780' title='bbox 2244 4990 2338 5050; x_wconf 81' lang='grc' dir='ltr'>τὰς</span> <span class='ocrx_word' id='word_1_781' title='bbox 2366 4987 2547 5057; x_wconf 82' lang='grc' dir='ltr'>χώρας</span> <span class='ocrx_word' id='word_1_782' title='bbox 2578 4986 2779 5041; x_wconf 80' lang='grc' dir='ltr'>αὐτῶν.</span> <span class='ocrx_word' id='word_1_783' title='bbox 2812 4987 3131 5043; x_wconf 79' lang='lat' dir='ltr'><strong>Anastasius</strong></span> <span class='ocrx_word' id='word_1_784' title='bbox 3156 5007 3171 5042; x_wconf 91' lang='lat'><strong>:</strong></span> <span class='ocrx_word' id='word_1_785' title='bbox 3202 4989 3476 5045; x_wconf 81' lang='lat' dir='ltr'><strong>lrruemus</strong></span> <span class='ocrx_word' id='word_1_786' title='bbox 3502 5003 3551 5046; x_wconf 77' lang='lat' dir='ltr'>et</span> 
     </span>
    </p>
   </div>
   <div class='ocr_carea' id='block_1_116' title="bbox 1996 5076 3547 5146">
    <p class='ocr_par' dir='ltr' id='par_1_116' title="bbox 1996 5076 3547 5146">
     <span class='ocr_line' id='line_1_116' title="bbox 1996 5076 3547 5146; baseline 0.003 -17"><span class='ocrx_word' id='word_1_787' title='bbox 1996 5078 2454 5131; x_wconf 78' lang='lat' dir='ltr'><strong>exterminabimus</strong></span> <span class='ocrx_word' id='word_1_788' title='bbox 2485 5076 2747 5146; x_wconf 77' lang='lat' dir='ltr'><strong>regionem</strong></span> <span class='ocrx_word' id='word_1_789' title='bbox 2771 5076 3019 5141; x_wconf 85' lang='lat' dir='ltr'><strong>ipsorum.</strong></span> <span class='ocrx_word' id='word_1_790' title='bbox 3060 5077 3191 5132; x_wconf 87' lang='lat' dir='ltr'><strong>Vide</strong></span> <span class='ocrx_word' id='word_1_791' title='bbox 3226 5077 3466 5133; x_wconf 87' lang='lat' dir='ltr'><strong>Iudicem</strong></span> <span class='ocrx_word' id='word_1_792' title='bbox 3493 5080 3547 5133; x_wconf 91' lang='lat' dir='ltr'>in</span> 
     </span>
    </p>
   </div>
   <div class='ocr_carea' id='block_1_117' title="bbox 1994 5160 3550 5232">
    <p class='ocr_par' dir='ltr' id='par_1_117' title="bbox 1994 5160 3550 5232">
     <span class='ocr_line' id='line_1_117' title="bbox 1994 5160 3550 5232; baseline 0.001 -16"><span class='ocrx_word' id='word_1_793' title='bbox 1994 5166 2225 5232; x_wconf 74' lang='grc' dir='ltr'>κοῦρσα,</span> <span class='ocrx_word' id='word_1_794' title='bbox 2258 5162 2594 5232; x_wconf 76' lang='grc' dir='ltr'>κουρσεύειν,</span> <span class='ocrx_word' id='word_1_795' title='bbox 2630 5171 2759 5225; x_wconf 90' lang='lat' dir='ltr'><strong>etc.,</strong></span> <span class='ocrx_word' id='word_1_796' title='bbox 2789 5170 2844 5214; x_wconf 87' lang='lat' dir='ltr'>et</span> <span class='ocrx_word' id='word_1_797' title='bbox 2874 5160 3204 5215; x_wconf 79' lang='lat' dir='ltr'><strong>Glossarium</strong></span> <span class='ocrx_word' id='word_1_798' title='bbox 3244 5163 3310 5215; x_wconf 82' lang='lat' dir='ltr'>ad</span> <span class='ocrx_word' id='word_1_799' title='bbox 3348 5163 3550 5218; x_wconf 88' lang='lat' dir='ltr'><strong>Cedre-</strong></span> 
     </span>
    </p>
   </div>
   <div class='ocr_carea' id='block_1_118' title="bbox 1994 5246 3544 5317">
    <p class='ocr_par' dir='ltr' id='par_1_118' title="bbox 1994 5246 3544 5317">
     <span class='ocr_line' id='line_1_118' title="bbox 1994 5246 3544 5317; baseline 0.001 -13"><span class='ocrx_word' id='word_1_800' title='bbox 1994 5267 2125 5305; x_wconf 85' lang='lat' dir='ltr'>uum</span> <span class='ocrx_word' id='word_1_801' title='bbox 2174 5253 2226 5303; x_wconf 88' lang='lat' dir='ltr'>in</span> <span class='ocrx_word' id='word_1_802' title='bbox 2269 5266 2397 5304; x_wconf 86' lang='lat' dir='ltr'><strong>voce</strong></span> <span class='ocrx_word' id='word_1_803' title='bbox 2445 5248 2655 5302; x_wconf 89' lang='lat' dir='ltr'><strong>eadem.</strong></span> <span class='ocrx_word' id='word_1_804' title='bbox 2691 5248 2749 5302; x_wconf 94' lang='lat' dir='ltr'>ln</span> <span class='ocrx_word' id='word_1_805' title='bbox 2783 5246 3096 5317; x_wconf 84' lang='grc' dir='ltr'>κούρσωρες</span> <span class='ocrx_word' id='word_1_806' title='bbox 3135 5257 3316 5303; x_wconf 86' lang='lat' dir='ltr'><strong>autem</strong></span> <span class='ocrx_word' id='word_1_807' title='bbox 3358 5250 3455 5303; x_wconf 91' lang='lat' dir='ltr'><strong>lin.</strong></span> <span class='ocrx_word' id='word_1_808' title='bbox 3489 5252 3544 5317; x_wconf 77' lang='lat'>5,</span> 
     </span>
    </p>
   </div>
   <div class='ocr_carea' id='block_1_119' title="bbox 1993 5338 2699 5407">
    <p class='ocr_par' dir='ltr' id='par_1_119' title="bbox 1993 5338 2699 5407">
     <span class='ocr_line' id='line_1_119' title="bbox 1993 5338 2699 5407; baseline -0.004 -14"><span class='ocrx_word' id='word_1_809' title='bbox 1993 5356 2021 5393; x_wconf 82' lang='lat' dir='ltr'>a</span> <span class='ocrx_word' id='word_1_810' title='bbox 2056 5338 2158 5392; x_wconf 82' lang='lat' dir='ltr'>ﬁne</span> <span class='ocrx_word' id='word_1_811' title='bbox 2188 5340 2305 5407; x_wconf 80' lang='lat' dir='ltr'><strong>lege</strong></span> <span class='ocrx_word' id='word_1_812' title='bbox 2349 5346 2699 5402; x_wconf 82' lang='lat' dir='ltr'><strong>protocursor.</strong></span> 
     </span>
    </p>
   </div>
   <div class='ocr_carea' id='block_1_120' title="bbox 2068 5423 3544 5495">
    <p class='ocr_par' dir='ltr' id='par_1_120' title="bbox 2068 5423 3544 5495">
     <span class='ocr_line' id='line_1_120' title="bbox 2068 5423 3544 5495; baseline -0.003 -14"><span class='ocrx_word' id='word_1_813' title='bbox 2068 5426 2414 5481; x_wconf 79' lang='grc' dir='ltr'>Κουστωδία</span> <span class='ocrx_word' id='word_1_814' title='bbox 2445 5424 2711 5479; x_wconf 87' lang='lat' dir='ltr'><strong>custodia.</strong></span> <span class='ocrx_word' id='word_1_815' title='bbox 2755 5423 3195 5495; x_wconf 88' lang='lat' dir='ltr'><strong>Theophylactus</strong></span> <span class='ocrx_word' id='word_1_816' title='bbox 3228 5423 3296 5478; x_wconf 88' lang='lat' dir='ltr'>ad</span> <span class='ocrx_word' id='word_1_817' title='bbox 3327 5440 3450 5494; x_wconf 74' lang='lat' dir='ltr'><strong>cap.</strong></span> <span class='ocrx_word' id='word_1_818' title='bbox 3474 5425 3544 5478; x_wconf 69' lang='grc'><strong>97</strong></span> 
     </span>
    </p>
   </div>
   <div class='ocr_carea' id='block_1_121' title="bbox 1994 5512 3547 5583">
    <p class='ocr_par' dir='ltr' id='par_1_121' title="bbox 1994 5512 3547 5583">
     <span class='ocr_line' id='line_1_121' title="bbox 1994 5512 3547 5583; baseline -0.004 -14"><span class='ocrx_word' id='word_1_819' title='bbox 1994 5514 2229 5569; x_wconf 69' lang='lat' dir='ltr'><strong>Mathci</strong></span> <span class='ocrx_word' id='word_1_820' title='bbox 2266 5532 2279 5567; x_wconf 87' lang='lat'><strong><em>:</em></strong></span> <span class='ocrx_word' id='word_1_821' title='bbox 2319 5515 2629 5567; x_wconf 76' lang='grc' dir='ltr'>Κουστωδία</span> <span class='ocrx_word' id='word_1_822' title='bbox 2688 5513 2744 5566; x_wconf 87' lang='grc' dir='ltr'>δὲ</span> <span class='ocrx_word' id='word_1_823' title='bbox 2788 5513 3008 5578; x_wconf 75' lang='grc' dir='ltr'>λέγεται</span> <span class='ocrx_word' id='word_1_824' title='bbox 3061 5513 3212 5583; x_wconf 82' lang='grc' dir='ltr'>παρὰ</span> <span class='ocrx_word' id='word_1_825' title='bbox 3253 5512 3547 5581; x_wconf 82' lang='grc' dir='ltr'>Ῥωμαίοις</span> 
     </span>
    </p>
   </div>
   <div class='ocr_carea' id='block_1_122' title="bbox 1989 5596 3546 5672">
    <p class='ocr_par' dir='ltr' id='par_1_122' title="bbox 1989 5596 3546 5672">
     <span class='ocr_line' id='line_1_122' title="bbox 1989 5596 3546 5672; baseline -0.001 -17"><span class='ocrx_word' id='word_1_826' title='bbox 1989 5605 2022 5671; x_wconf 77' lang='grc' dir='ltr'>ἡ</span> <span class='ocrx_word' id='word_1_827' title='bbox 2058 5603 2294 5672; x_wconf 75' lang='grc' dir='ltr'>φυλακή.</span> <span class='ocrx_word' id='word_1_828' title='bbox 2326 5602 2463 5663; x_wconf 74' lang='grc' dir='ltr'>Τοὺς</span> <span class='ocrx_word' id='word_1_829' title='bbox 2487 5596 2578 5654; x_wconf 84' lang='grc' dir='ltr'>οὖν</span> <span class='ocrx_word' id='word_1_830' title='bbox 2618 5601 2710 5654; x_wconf 71' lang='grc' dir='ltr'>ἐπὶ</span> <span class='ocrx_word' id='word_1_831' title='bbox 2747 5602 2805 5652; x_wconf 75' lang='grc' dir='ltr'>τὸ</span> <span class='ocrx_word' id='word_1_832' title='bbox 2853 5602 3141 5669; x_wconf 81' lang='grc' dir='ltr'>φυλάττειν</span> <span class='ocrx_word' id='word_1_833' title='bbox 3177 5601 3546 5668; x_wconf 79' lang='grc' dir='ltr'>τεταγμένους</span> 
     </span>
    </p>
   </div>
   <div class='ocr_carea' id='block_1_123' title="bbox 1994 5688 3536 5759">
    <p class='ocr_par' dir='ltr' id='par_1_123' title="bbox 1994 5688 3536 5759">
     <span class='ocr_line' id='line_1_123' title="bbox 1994 5688 3536 5759; baseline -0.001 -16"><span class='ocrx_word' id='word_1_834' title='bbox 1994 5690 2329 5759; x_wconf 80' lang='grc' dir='ltr'>στρατιώτας</span> <span class='ocrx_word' id='word_1_835' title='bbox 2357 5688 2689 5741; x_wconf 81' lang='grc' dir='ltr'>κουστωδίαν</span> <span class='ocrx_word' id='word_1_836' title='bbox 2721 5688 2997 5758; x_wconf 74' lang='grc' dir='ltr'>ὀνομάζει.</span> <span class='ocrx_word' id='word_1_837' title='bbox 3030 5689 3098 5744; x_wconf 81' lang='lat' dir='ltr'><strong>Et</strong></span> <span class='ocrx_word' id='word_1_838' title='bbox 3135 5690 3202 5744; x_wconf 88' lang='lat' dir='ltr'>ad</span> <span class='ocrx_word' id='word_1_839' title='bbox 3240 5690 3372 5745; x_wconf 84' lang='lat' dir='ltr'><strong>Acta</strong></span> <span class='ocrx_word' id='word_1_840' title='bbox 3415 5704 3536 5758; x_wconf 75' lang='lat' dir='ltr'><strong>apo~</strong></span> 
     </span>
    </p>
   </div>
   <div class='ocr_carea' id='block_1_124' title="bbox 1993 5777 3525 5843">
    <p class='ocr_par' dir='ltr' id='par_1_124' title="bbox 1993 5777 3525 5843">
     <span class='ocr_line' id='line_1_124' title="bbox 1993 5777 3525 5843; baseline -0.002 -10"><span class='ocrx_word' id='word_1_841' title='bbox 1993 5779 2278 5837; x_wconf 75' lang='lat' dir='ltr'><strong>stolurum,</strong></span> <span class='ocrx_word' id='word_1_842' title='bbox 2316 5794 2435 5837; x_wconf 75' lang='lat' dir='ltr'><strong>can.</strong></span> <span class='ocrx_word' id='word_1_843' title='bbox 2468 5794 2495 5831; x_wconf 67' lang='grc' dir='ltr'><strong>Χ</strong></span> <span class='ocrx_word' id='word_1_844' title='bbox 2531 5795 2543 5829; x_wconf 86' lang='lat'>:</span> <span class='ocrx_word' id='word_1_845' title='bbox 2587 5778 2777 5831; x_wconf 79' lang='grc' dir='ltr'>Ἰστέον</span> <span class='ocrx_word' id='word_1_846' title='bbox 2811 5778 2865 5831; x_wconf 80' lang='grc' dir='ltr'>δὲ</span> <span class='ocrx_word' id='word_1_847' title='bbox 2895 5779 2974 5833; x_wconf 78' lang='grc' dir='ltr'>ὅτι</span> <span class='ocrx_word' id='word_1_848' title='bbox 3000 5780 3029 5834; x_wconf 74' lang='grc' dir='ltr'>ἡ</span> <span class='ocrx_word' id='word_1_849' title='bbox 3069 5777 3166 5841; x_wconf 79' lang='grc' dir='ltr'>μὲν</span> <span class='ocrx_word' id='word_1_850' title='bbox 3195 5783 3389 5843; x_wconf 82' lang='grc' dir='ltr'>σπεῖρα</span> <span class='ocrx_word' id='word_1_851' title='bbox 3416 5778 3525 5833; x_wconf 72' lang='grc' dir='ltr'>διι-</span> 
     </span>
    </p>
   </div>
  </div>
