4314 6356
319 344 450 408 1077

384 455 700 526 Μέλιγγος.
735 461 865 516 Vide
896 462 1091 518 .\lcurs.

382 545 689 607 Μεσάζων.
724 551 780 604 Ρ.
816 552 884 604 58
906 593 918 614 ,
953 554 1073 605 Τῶν
1106 554 1380 624 δημοσῖων
1418 554 1684 626 εἰςφορῶν
1716 572 1875 626 φρον-

310 632 521 700 τιστήν.
549 634 733 690 Codex
772 638 861 693 ΟΒ
901 642 1213 709 μεσάζοντα

377 720 641 774 Mirator
688 740 957 797 synagoga
1007 724 1423 785 Saracenorum.
1448 730 1512 786 V.
1549 732 1868 788 Meursium.

375 806 567 873 Μιτὺς
602 810 706 877 ριν,
740 828 926 871 nasus.
959 817 1023 870 V.
1057 818 1375 873 Meursium.

377 891 617 961 Μνῆμαι
655 913 741 953 me
766 902 950 966 norim,
987 917 1082 957 seu
1130 906 1491 961 anniversarii
1523 907 1619 963 SS.
1654 909 1773 963 dies
1802 907 1871 962 ad

305 979 593 1034 colendam
626 990 815 1039 eorum
848 992 1167 1044 memoriam
1195 992 1455 1047 instituti.
1482 992 1723 1050 Joannes
1747 996 1874 1050 llic-

305 1067 751 1152 rosolymitanus,
809 1074 906 1130 lib.
966 1092 1024 1131 ιιι
1079 1077 1132 1131 in
1185 1079 1582 1152 Stratagemata
1632 1083 1691 1136 Β.
1722 1083 1868 1140 Job:

308 1151 597 1223 Pmpterea
641 1170 689 1211 et
734 1166 1013 1219 memorias
1053 1165 1367 1221 Sanctorum
1412 1168 1631 1237 facimus
1656 1211 1671 1233 ,
1702 1181 1751 1224 et
1778 1189 1874 1239 pa-

303 1252 512 1297 rentum
549 1258 847 1303 nostrorum
878 1253 960 1306 uel
992 1256 1282 1311 amicorum
1314 1259 1367 1311 in
1410 1258 1514 1325 ﬁde
1535 1260 1872 1314 morientium

303 1328 489 1383 devote
520 1340 825 1391 memoriam
855 1342 1093 1409 agimus,
1142 1353 1249 1397 etc.
1297 1345 1618 1399 Anastasius
1667 1346 1871 1400 Biblio-

302 1416 584 1473 tliecarius
615 1422 667 1475 in
701 1424 935 1479 Historia
964 1430 1336 1484 ecclesiastica
1380 1444 1393 1487 :
1439 1430 1621 1485 Festus
1655 1444 1871 1487 senator

304 1503 447 1555 urbis
471 1502 650 1560 Romw
674 1509 860 1563 missus
887 1512 957 1563 ad
984 1515 1330 1569 Anastasiam
1361 1528 1576 1586 prapter
1607 1521 1869 1587 quasdam

301 1588 473 1642 ciuiles
503 1592 785 1659 utilitates,
819 1600 1101 1653 memorias
1147 1612 1453 1656 sanctorum
1506 1606 1869 1674 apostolorum

301 1675 584 1741 festivitate
614 1683 807 1752 majori
845 1687 994 1747 petiit
1034 1688 1314 1743 celebrari.
1347 1691 1606 1759 Μνημεϊσ.
1654 1703 1860 1755 autem.

301 1778 422 1828 qua:
455 1776 509 1818 et
537 1770 811 1823 memoria:
861 1772 1027 1838 dicta,
1070 1785 1199 1828 sunt
1248 1777 1364 1831 loca
1414 1778 1511 1833 SS.
1538 1780 1868 1850 Martyribus

300 1852 499 1908 dicata.
526 1856 585 1908 Β.
614 1857 950 1927 Augustinus
976 1863 1207 1932 epistola
1228 1867 1326 1920 157
1364 1886 1375 1920 :
1409 1868 1547 1922 Nam
1581 1879 1629 1922 et
1652 1886 1743 1923 nos
1774 1888 1867 1924 no-

299 1942 465 1993 vimus
520 1942 806 2000 Mediolani
859 1950 1001 2017 apud
1053 1955 1357 2006 memoriam
1407 1966 1711 2011 sanctorum
1742 1960 1868 2023 ,ιιὑὶ

300 2030 614 2084 mirabiliter
639 2042 686 2086 et
717 2036 1019 2091 terribiliter
1042 2043 1303 2094 datmdnes
1332 2044 1663 2111 conﬁtentur,
1687 2056 1791 2101 etc.

372 2118 674 2179 Μονὰζων.
712 2123 773 2177 p.
818 2126 909 2178 ιιι
948 2126 1001 2186 b.
1034 2128 1171 2180 KaO‘
1197 2130 1391 2182 ἑαυτὸν
1426 2110 1684 2195 ξδιὲιςωνί·
1724 2136 1866 2190 alius

299 2206 469 2260 Codex
524 2211 797 2277 μονάζων.
866 2213 1005 2267 llinc
1061 2217 1311 2270 monachi
1376 2233 1472 2271 seu
1537 2222 1864 2288 μονάζοντες

300 2294 457 2357 dicti,
488 2298 581 2365 qui
622 2298 923 2354 solitariam
960 2312 1014 2357 ct
1044 2304 1312 2372 privatam
1351 2305 1514 2360 vitam
1556 2309 1859 2380 elegerunt.

301 2380 600 2451 Gregorius
637 2387 706 2441 dc
733 2389 995 2444 euntibus
1028 2390 1405 2463 Hierosolyma
1437 2413 1449 2447 :
1504 2395 1656 2450 Ἐπεὶ
1686 2400 1864 2453 τοίνυν

300 2470 405 2520 εἰσί
433 2487 580 2534 τινες
609 2478 717 2526 τῶν
742 2476 835 2528 τὸν
867 2479 1081 2548 μονήρη
1120 2483 1214 2532 καὶ
1247 2481 1515 2546 ἰδιάζοντα
1549 2482 1663 2552 βίον
1699 2488 1863 2539 ἐπαν-

304 2561 617 2627 ῃρημένων,
666 2557 749 2624 οἷς
807 2564 866 2615 ἐν
928 2564 1086 2634 μέρει
1130 2569 1416 2633 εὐσεὸείας
1463 2573 1776 2642 νενόμισται
1806 2578 1864 2629 τὸ

300 2647 425 2707 τοὶς
459 2649 514 2701 ὲν
552 2650 948 2719 Ἰεροσολύμοις
979 2653 1181 2717 τόπους
1223 2657 1371 2712 ίδεϊν.
1454 2666 1461 2674 ’

370 2733 650 2794 Μονάζων
684 2738 1006 2804 monachus,
1035 2756 1088 2809 p.
1120 2743 1222 2798 155
1254 2744 1309 2799 1).
1342 2745 1680 2803 Glossarium
1714 2767 1816 2806 ms.
1847 2770 1859 2809 :

303 2822 627 2888 μοναδικοὺς
657 2825 1041 2895 ἀναχωρητὰς,
1074 2828 1104 2897 ἢ
1142 2831 1326 2893 ἁπλῶς
1367 2835 1723 2902 μονάζοντας.

373 2912 795 2980 Μοναστήριον
821 2919 1256 2988 φροντιστήριον,
1292 2926 1865 2983 monasterium.Tlio-

303 3014 423 3052 mas
463 2999 716 3070 Magister
755 3005 1201 3077 εΦροντιστήρια
1238 3010 1307 3063 τὰ
1351 3012 1701 3071 διδασκαλεῖα
1757 3018 1864 3071 τῶν

300 3088 624 3156 φιλοσόφων.
660 3094 916 3161 Δέγοιντο
947 3095 991 3147 δ’
1017 3094 1081 3147 ἂν
1110 3097 1251 3150 οὕτω
1285 3101 1350 3153 τὰ
1382 3103 1511 3171 παρ’
1548 3104 1676 3173 ἡμῖν
1706 3125 1866 3175 μονα-

304 3180 523 3247 στήρια,
566 3180 641 3239 ὡς
688 3182 788 3250 τῆς
836 3183 1002 3246 ὅντως
1057 3185 1377 3256 φιλοσοφίας
1423 3193 1674 3245 ἐνταυθοῖ
1711 3194 1866 3262 μελε-

299 3267 573 3335 τωμένης.
608 3266 752 3322 Idem
776 3268 889 3323 fere
917 3270 1129 3327 Manuel
1168 3274 1556 3346 Moscliopulus
1582 3279 1635 3331 in
1669 3296 1861 3335 vocum

298 3355 605 3409 Atticarum
640 3358 847 3425 ecloga.
881 3357 1029 3412 Idem
1059 3362 1189 3428 περὶ
1225 3364 1352 3431 σχεδ
1381 3379 1393 3393 ·
1444 3367 1744 3435 Ιιαρθενεῖα
1798 3370 1863 3422 τὰ

301 3444 666 3511 μοναστήρια,
694 3452 749 3495 et
784 3449 1033 3513 σεμνείον
1072 3447 1133 3499 τὸ
1164 3453 1551 3522 μοναστήριον.

373 3529 688 3598 Μονάχική
736 3531 1000 3597 πολιτεία,
1045 3544 1106 3588 ιιι
1158 3535 1388 3590 Cedreni
1455 3555 1506 3607 p.
1556 3541 1659 3596 5'29
1720 3543 1773 3605 b,
1808 3557 1863 3599 et

297 3616 647 3686 Curopalatm
681 3634 799 3689 pag.
847 3620 949 3675 817
984 3636 1032 3675 c.
1068 3622 1178 3676 Nec
1212 3623 1378 3691 igitur
1409 3627 1707 3695 quidquam
1744 3647 1864 3685 mu-

301 3707 528 3759 tandum
563 3707 615 3760 in
667 3705 900 3761 Hermia!
943 3708 1195 3772 historia,
1242 3715 1453 3766 tametsi
1489 3714 1650 3768 aliter
1685 3719 1860 3772 visum

299 3808 515 3847 sommo
544 3795 684 3863 juris
729 3795 959 3848 antistiti
1019 3796 1226 3861 Parat.,
1270 3799 1321 3851 in
1359 3800 1479 3854 eod.
1512 3803 1593 3856 tit.
1624 3804 1676 3867 5,
1702 3805 1858 3871 lib.t,

304 3889 365 3932 ut
403 3889 459 3933 et
497 3880 701 3934 ibidem
737 3882 966 3937 ύοουὶιο.

373 3969 618 4036 Μόσχος
662 3983 904 4032 muscus,
953 3971 1213 4026 aromatis
1255 3990 1447 4043 genus.
1496 3976 1630 4035 Vide
1680 3982 1859 4039 Meur—

300 4054 468 4109 sium.

368 4141 600 4195 Μοῦλα.
641 4141 702 4197 Ρ.
737 4142 843 4197 295
872 4160 924 4210 a,
955 4146 1199 4213 ἡμίονον,
1262 4149 1445 4205 Codex
1485 4152 1592 4217 ΟΒ,
1633 4157 1853 4224 μοῦλαν.

300 4228 608 4283 Alexander
638 4228 951 4284 Trallianus
974 4230 1071 4286 lib.
1109 4248 1148 4295 I,
1181 4248 1302 4304 cap.
1348 4237 1413 4291 15
1444 4256 1456 4291 :
1509 4239 1765 4295 Πεσεῖται
1804 4245 1859 4295 ὸὲ

299 4317 395 4369 ἐὰν
440 4317 635 4386 τρίχας
680 4316 803 4369 ὄνου
854 4318 946 4370 καὶ
983 4319 1186 4389 μούλης
1220 4322 1617 4397 ὑποθυμιάσῃς.
1657 4328 1861 4385 Auctor

297 4403 387 4457 ΟΒ
435 4404 608 4472 μοῦλα
662 4403 1067 4474 κολοστολίστη.
1129 4406 1267 4463 Hinc
1308 4412 1544 4480 μονλίων
1590 4416 1758 4471 mulio
1805 4418 1861 4471 in

298 4491 569 4554 Basilicis,
597 4492 638 4545 l.
665 4508 754 4555 ιι,
787 4490 813 4561 §
840 4494 870 4545 7
905 4492 968 4549 D.
1004 4494 1111 4548 loc.

368 4579 751 4646 Μουσούρισν
783 4580 982 4635 littera:
1020 4581 1445 4640 Musulmanicaz.
1481 4587 1571 4643 Sic
1602 4593 1867 4658 μουσουλ-

300 4663 552 4732 μανξζειν
582 4664 1034 4720 Musulmanicam
1069 4670 1389 4738 religionem
1418 4674 1682 4742 proﬁteri.
1729 4678 1863 4735 Vide

296 4753 598 4806 Meursium
630 4755 684 4807 in
712 4768 780 4807 eo
808 4756 994 4809 verbo.

367 4839 826 4909 Μούρτζουφλος
855 4846 1269 4913 superciliosus.
1305 4849 1440 4904 Vide
1468 4851 1787 4911 Meursium.

1043 4979 1090 5031 N

364 5103 576 5170 Νερόν.
602 5100 662 5155 In
701 5103 885 5159 indice
920 5105 1133 5168 ἄντλον,
1161 5111 1342 5175 νερόν,
1376 5127 1537 5179 aqua.
1592 5115 1861 5173 Maximus

295 5188 593 5256 episcopus
647 5188 913 5260 Margunii
962 5192 1151 5247 homil.
1185 5212 1199 5249 ι
1238 5213 1254 5251 :
1300 5198 1385 5249 Νὰ
1412 5200 1724 5255 ἁποδίδεται
1770 5207 1864 5259 καὶ

295 5276 374 5335 εἰς
393 5274 456 5326 τὸ
480 5275 635 5344 νερέιν
660 5277 753 5329 καὶ
783 5279 862 5340 εἰς
886 5278 945 5331 τὸ
964 5279 1094 5349 πῦρ.
1116 5281 1324 5336 Auctor
1338 5285 1478 5339 alius
1499 5287 1860 5357 ϐΒ,11ὕρηκα

300 5364 744 5431 μικροπόταμον,
778 5366 871 5417 καὶ
902 5368 983 5429 είς
1022 5366 1084 5419 τὸ
1116 5357 1275 5438 νερδν
1301 5370 1361 5422 τὸ
1389 5373 1553 5442 μέσον
1595 5374 1724 5443 φλὸξ
1765 5378 1857 5431 τοῦ

296 5447 469 5516 πυρὸς
493 5449 773 5519 ἐξήρχετο.

373 5533 784 5603 Νοσοκομεῖον
808 5541 1207 5596 nosocomium.
1242 5542 1405 5597 Locus
1438 5548 1770 5614 venerabilis,
1805 5553 1857 5602 in

294 5636 397 5689 quo
429 5624 613 5690 aegroti
638 5625 871 5681 homines
912 5638 1189 5684 curantur.
1238 5630 1491 5688 Julianus
1522 5635 1854 5692 Antecessor

295 5706 433 5765 Nor.
460 5710 511 5772 7,
538 5725 657 5781 cap.
693 5713 743 5765 l.

1498 354 1817 415 FABROTI
1864 355 1909 413 G
1921 355 2150 417 LOSSA
2165 362 2238 421 111
2253 367 2381 428 ΠΜ,

3412 379 3546 439 1078

2055 472 2258 527 Νύκτα
2288 492 2414 530 nox.
2453 492 2505 546 p.
2537 479 2635 533 127
2664 482 2718 543 b,
2752 485 2961 547 νυκτός.
2984 484 3169 540 Codex
3188 483 3296 547 (ΞΒ.
3323 474 3545 549 νύκτας.

1983 554 2297 625 Stephanus
2330 562 2610 621 Sacblices
2660 584 2691 621 :-
2716 568 3071 639 Τὴννύκταν
3108 570 3296 641 πόρνοι
3331 586 3545 641 περιτα-

1982 641 2108 696 τοῦν
2136 646 2233 699 καὶ
2265 648 2495 705 κλέπται
2532 654 2627 707 καὶ
2654 654 2926 723 φονίσκοι.

2728 783 2766 820 5'.

2725 818 2766 838 Β

2052 907 2252 959 Ser-dir
2294 925 2496 965 zenon.
2548 910 2607 965 P.
2638 912 2745 969 285
2779 930 2831 977 ιι,
2873 916 2954 977 είς
2979 916 3344 983 νοπκομιῖον.
3390 909 3545 992 Alius

1980 994 2153 1048 codex
2191 996 2415 1060 ξενῶνα.
2455 998 2658 1053 Justin.
2706 1000 2845 1056 Nov.
2879 1002 2971 1055 111
3006 1041 3018 1063 ,
3054 1015 3178 1070 cap.
3222 1001 3284 1060 Ι,
3329 999 3540 1062 ξενῶσι.

1980 1082 2231 1138 Julianus
2253 1086 2388 1139 Nov.
2426 1087 2529 1142 104
2561 1090 2887 1144 xenonibus.
2920 1091 3009 1146 Sic
3034 1091 3201 1145 etiam
3228 1088 3365 1143 Nov.
3398 1086 3542 1142 Just.

1983 1169 2075 1222 151
2097 1166 2185 1225 'c.
2228 1174 2313 1238 10,
2346 1175 2467 1249 Jul.‘
2492 1177 2609 1237 “9,
2637 1192 2686 1231 c.
2716 1178 2800 1231 ll.
2828 1178 3188 1248 Menologium
3213 1175 3452 1230 Junii'ﬂ
3473 1172 3543 1227 de

1983 1255 2281 1327 Sampson
2316 1277 2329 1313 ε
2362 1262 2474 1331 Τῆς
2533 1264 2785 1333 ἰατρικῆς
2837 1265 2947 1333 γὰρ
2997 1264 3310 1332 ἐπιστήμης
3371 1257 3441 1330 ἦν
3484 1262 3543 1312 tv

1980 1344 2166 1417 πείρᾳ.
2205 1348 2299 1400 καὶ
2331 1348 2676 1417 τὸνβασιλέα
2714 1352 3092 1405 ’1ουστινιανδν
3132 1351 3339 1419 ἀνιάτῳ
3379 1345 3543 1400 πάθει

1980 1437 2382 1503 περιπεσοῦντα
2415 1438 2622 1498 ἰάσατο.
2672 1440 2987 1493 Ἐκοτούτον
3020 1442 3047 1493 ὁ
3094 1439 3348 1510 βασιλεὺς
3376 1438 3547 1505 ὑπερ-

1978 1526 2242 1589 αγασθεὶς
2292 1527 2394 1597 τὴν
2440 1528 2643 1598 ἀρετὴν
2671 1527 2765 1581 τοῦ
2807 1528 2993 1599 ἀνδρὸς
3033 1528 3127 1581 καὶ
3182 1526 3347 1589 σέϐας
3392 1523 3542 1590 αὺτῷ

1979 1613 2295 1679 ἀπονέμων,
2340 1613 2433 1666 τὸν
2470 1615 2734 1683 μέγιστον
2777 1608 2925 1667 οἷκον
2966 1616 3060 1666 καὶ
3108 1613 3439 1680 περιϐόητον
3473 1610 3543 1664 δι’

1977 1700 2145 1753 αὑτοῦ
2184 1701 2477 1771 ἀνεγείρας
2519 1702 2723 1765 ξενῶνα
2753 1700 3147 1764 κατεσκεύασε,
3204 1699 3302 1753 καὶ
3333 1694 3545 1751 ’σκευο-

1978 1782 2197 1849 φύλακα
2225 1786 2321 1851 τῆς
2340 1783 2437 1836 τοῦ
2465 1785 2599 1836 Θεοῦ
2634 1785 2892 1853 Μεγάλης
2934 1783 3259 1853 Ἐκκλησίας
3276 1782 3545 1851 κατέστη-

1978 1892 2088 1929 σεν.
2123 1875 2350 1945 Niceph.
2383 1876 2519 1932 Call.
2549 1879 2635 1941 Η,
2664 1877 2730 1931 18
2769 1877 3001 1947 εΧωρία
3037 1877 3105 1929 τὰ
3142 1876 3407 1929 κάλλιστα
3465 1866 3542 1926 ὧν

1976 1961 2124 2035 εἶχεν
2169 1968 2400 2032 αὐτόθι,
2449 1970 2564 2031 τοῖς
2636 1967 2804 2021 αὑτοῦ
2863 1967 3090 2029 ξενῶσιν
3150 1964 3537 2036 ἁπεχαρίζετο.

1975 2056 2189 2111 Manuel
2231 2056 2622 2125 Moscbopulus
2663 2058 2793 2127 περὶ
2834 2056 2961 2128 σχεδ
2996 2073 3011 2089 ·
3064 2056 3278 2111 Κοιτὼν
3334 2055 3539 2123 κυρίως
3618 2130 3622 2135 Δ

1979 2146 2077 2214 μὲν
2138 2141 2285 2207 οἶκος
2345 2148 2374 2198 ὁ
2428 2146 2698 2215 περιέχων
2776 2146 2960 2207 κοίτας
3038 2142 3285 2207 nam,
3340 2141 3417 2205 ὼς
3486 2142 3536 2193 oi

1976 2233 2220 2298 ξενῶνες.

2726 2356 2766 2421 0

2056 2499 2364 2565 Ὄμερίκιον
2421 2506 2480 2549 ιιι
2547 2497 2600 2550 in
2668 2498 2849 2566 priorc
2904 2497 3190 2559 editione,
3270 2510 3370 2566 pro
3440 2495 3539 2563 ὀφι-

1974 2586 2157 2652 φίκιον
2186 2625 2200 2647 ,
2244 2593 2302 2637 ιιι
2343 2600 2397 2653 p.
2428 2584 2587 2638 5160
2617 2582 2878 2640 oﬂicium.
2914 2582 3047 2637 Vide
3088 2583 3157 2637 ad
3200 2581 3535 2637 Cedrenum.

2055 2674 2363 2726 Ὀσπιτιον
2420 2672 2741 2741 hospitium.
2801 2671 2931 2741 Pag.
2968 2671 3074 2726 525
3118 2679 3177 2726 et
3213 2671 3334 2726 347.
3389 2667 3539 2724 Idem

1973 2777 2025 2829 p.
2057 2760 2161 2815 525
2190 2762 2247 2824 b,
2281 2762 2638 2830 ἀπρόσμαχον
2675 2762 3018 2831 οίκητὴριον.
3052 2759 3238 2815 Codex
3267 2759 3357 2815 CB
3378 2758 3541 2811 ὀσπιι

1971 2868 2105 2903 τιον.
2134 2849 2202 2904 ν.
2242 2848 2362 2903 lnd.
2398 2846 2862 2918 Astrampsyvhus
2894 2863 2909 2900 :
2941 2847 3101 2899 Ἐστι
3129 2846 3186 2899 δὲ
3214 2845 3275 2899 τὸ
3297 2845 3539 2897 ὀσπίτιον

1972 2938 2130 2992 τοῦτο
2158 2940 2238 3000 εἰς
2272 2938 2452 2989 πᾶσαν
2489 2937 2688 3007 πρᾶξιν
2713 2936 2968 3008 τυχηρόν.
3001 2934 3290 3011 Batianale
3320 2932 3538 3002 imperii

1974 3030 2076 3095 sub
2108 3030 2243 3098 imp.
2266 3028 2461 3083 Alexio
2480 3026 2764 3083 Comnelo
2798 3044 2812 3083 :
2860 3023 3174 3095 Ἐσχιδεύθη
3206 3023 3268 3076 τὸ
3296 3023 3539 3076 ὀσπίτιον

1974 3115 2137 3169 αὐτοῦ
2169 3116 2333 3181 ἐγγὺς
2352 3114 2444 3167 τοῦ
2469 3114 2807 3183 ἱπποδρόμου
2823 3112 3186 3182 διακείμενον.
3201 3110 3537 3168 Glossarium

1974 3220 2076 3256 ms.
2114 3203 2367 3274 Πξταυρα
2410 3203 2509 3255 καὶ
2536 3202 2602 3255 τὰ
2638 3200 2846 3255 σανίδια
2886 3202 2943 3252 ὲν
2976 3194 3057 3263 οἷς
3091 3199 3425 3269 στεγάζομεν
3472 3199 3539 3252 τὰ

1972 3289 2215 3342 ὀσπίτια.
2280 3286 2468 3343 Utitur
2510 3287 2779 3357 Georgius
2844 3287 3246 3343 Alexandrinus
3302 3288 3357 3341 in
3417 3286 3539 3341 Vita

1972 3378 2365 3449 Clirysostongi,
2413 3378 2650 3433 Joannes
2695 3376 3112 3432 Cantacuzenus
3137 3384 3233 3431 aut
3283 3376 3539 3431 sultanus

1970 3466 2209 3537 Egypti,
2250 3468 2302 3520 in
2350 3466 2523 3536 Epist.
2556 3466 2621 3520 ad
2651 3467 3092 3522 Cantacuzenum
3142 3468 3274 3535 imp.
3310 3482 3342 3535 p
3392 3464 3535 3528 756;

1972 3554 2276 3607 Concilium
2306 3553 2643 3609 Chalcedon.
2688 3562 2796 3608 act.
2833 3554 2888 3607 ll
2924 3570 2939 3619 ;
2990 3552 3404 3610 Constantinus.
3460 3550 3536 3604 De

1971 3642 2235 3696 administ
2278 3642 2437 3710 imp.,
2487 3640 2710 3696 Graecus
2749 3642 2952 3710 lnte'rp.
2989 3640 3204 3696 Basilic.
3241 3641 3339 3694 lib.
3365 3652 3529 3704 xuii,

1972 3729 2055 3782 tit.
2109 3730 2173 3790 1.
2231 3729 2284 3782 in
2337 3729 2619 3797 interpret.
2664 3731 2727 3789 l.;
2784 3728 2986 3783 Lucius
3016 3727 3083 3782 59.
3114 3728 3177 3781 D.
3226 3727 3301 3781 De
3341 3729 3531 3782 donat.

1974 3817 2142 3871 Ilodie
2185 3815 2345 3884 σπὶτη
2370 3816 2453 3869 vel
2485 3816 2634 3869 σπίτι
2661 3817 2870 3871 dicunt.
2906 3816 3113 3871 Auctor
3132 3815 3239 3880 CB,
3260 3816 3533 3883 Ἑμπένης

1975 3906 2072 3973 μὲς
2101 3906 2217 3964 ταῖς
2243 3904 2529 3970 φαμιλίαις
2566 3904 2635 3955 τὰ
2667 3906 2871 3973 σπήτια
2901 3904 3268 3971 δυσφανίζεις.
3311 3903 3532 3958 Alexius

1971 3995 2301 4049 Rliarturus.
2331 3990 2479 4045 doct.
2512 3990 2566 4044 2.
2601 3991 2895 4064 Bessarion
2925 3990 3221 4045 eardinalis
3253 3990 3414 4060 epist.
3459 3989 3528 4045 ad

1970 4079 2175 4149 paedag.
2204 4078 2440 4131 ﬁliorum
2468 4077 2692 4132 'l‘homa:
2715 4078 3022 4148 Palmologi.

2042 4165 2415 4233 Οὑννάρχης.
2469 4165 2528 4218 Ρ.
2555 4165 2621 4218 67
2665 4164 2698 4218 d
2738 4166 2790 4219 in
2841 4167 2949 4219 alio
2992 4165 3201 4229 codice,
3237 4166 3367 4235 Ῥήξ
3419 4170 3529 4224 τῶν

1969 4252 2252 4322 Οὔγγρων.
2309 4251 2641 4307 Glossarium
2686 4267 2788 4306 ms.
2833 4254 2894 4306 D.
2950 4252 3300 4321 Cauccllarii,
3335 4257 3526 4313 Οΰννοι

1970 4345 2017 4393 οἱ
2050 4340 2193 4406 Οὕγγ
2207 4357 2307 4409 ροι.
2335 4340 2469 4394 Vide
2497 4355 2619 4409 pag.
2654 4340 2832 4393 eamd.
2858 4358 2908 4393 ιι.

2044 4432 2223 4496 mw
2246 4427 2405 4480 obses
2436 4442 2486 4495 ρ.
2518 4426 2625 4480 265
2646 4427 2699 4482 b.
2743 4427 2944 4482 Eadem
2979 4445 3031 4498 p-
3062 4430 3168 4485 265
3195 4447 3225 4485 τι
3272 4432 3526 4501 βασιλεὺς

1969 4516 2025 4569 δὲ
2073 4515 2267 4568 δέδωκὲ
2314 4531 2466 4576 τινας
2512 4513 2619 4566 τῶν
2658 4513 2715 4577 ἐξ
2754 4514 2985 4583 αἵματος
3046 4520 3311 4588 ὁμήρορς.
3340 4519 3522 4577 Codex

1971 4603 2059 4658 (ΞΒ
2110 4601 2328 4671 ὖψιδας.
2388 4599 2746 4668 Theophanes
2779 4602 2833 4655 in
2879 4602 3100 4658 Leone:
3140 4605 3405 4673 Λέγοντος
3443 4609 3525 4660 ὅτι

1970 4692 2183 4759 δίδομεν
2214 4690 2342 4757 ὑμῖν
2376 4688 2567 4755 ὅψιδας
2592 4690 2660 4741 τὰ
2685 4689 2851 4743 τέκνα
2885 4690 3065 4760 ἡμῶν.

2054 4776 2339 4845 Ὀψώνιον
2388 4775 2672 4844 opsonium
2699 4814 2714 4834 .
2754 4776 3104 4845 stipendium.
3153 4779 3528 4835 'l‘heodoretus

1975 4867 2028 4920 in
2064 4865 2351 4935 epistolam
2385 4863 2536 4918 Pauli
2576 4863 2647 4919 ad
2694 4866 2969 4921 Romanos
3004 4883 3123 4936 cap.
3153 4869 3185 4923 6
3233 4886 3247 4923 :
3290 4870 3527 4931 Εἰκότως

1974 4956 2065 5007 καὶ
2108 4954 2199 5004 τὸν
2253 4951 2442 5021 μισθὸν
2479 4950 2708 5019 ὀψώνιον
2740 4954 3006 5023 κέκληκεν
3036 4970 3048 4984 ·
3086 4956 3371 5024 ὀνομάζειν
3419 4958 3529 5028 γὰρ

1972 5042 2114 5095 οὕτω
2130 5041 2283 5106 φίλον
2304 5039 2452 5108 αὐτῷ
2474 5039 2535 5091 τὸ
2556 5042 2947 5110 στρατιωτικὸν
2967 5046 3289 5112 σιτηρέσιον.
3320 5046 3533 5102 Andro—

1974 5128 2341 5184 nicusJunior
2360 5127 2412 5180 in
2435 5128 2731 5196 diplomate
2759 5144 2859 5197 pro
2890 5131 3335 5192 Monemhasiotis
3358 5152 3371 5190 :
3396 5137 3530 5190 Οὐδὲ

1972 5217 2127 5267 αὐτοὶ
2162 5215 2416 5282 ὀφείλωσι
2455 5216 2615 5284 χάριν
2649 5216 2941 5285 μαγειριας
2973 5219 3004 5288 ἢ
3039 5219 3272 5288 ὀψωνίου
3302 5220 3335 5291 ἢ
3366 5222 3529 5278 ἄλλον

1973 5303 2112 5363 τινος
2150 5303 2462 5369 ζητήματος
2508 5302 2761 5355 ἀπαιτεῖν
2794 5319 2848 5355 τι
2894 5302 2952 5369 ἐξ
2979 5305 3182 5363 αὐτῶν.
3204 5360 3208 5364 Α
3230 5307 3291 5365 ν.
3315 5307 3560 5367 (Βοῦσαι

1977 5390 2114 5443 rium
2152 5388 2219 5441 ad
2252 5386 2586 5443 Cetlrenum.

2715 5523 2759 5575 Π

2045 5652 2382 5702 Πακτώνειν
2416 5649 2638 5718 pacisci.
2672 5648 2807 5707 Vide
2829 5650 3125 5711 Meursium
3151 5657 3219 5710 ad
3247 5655 3535 5720 Constans

1973 5736 2041 5788 do
2063 5734 2339 5790 administ.
2379 5735 2511 5799 imp.
2550 5751 2600 5790 c.
2636 5735 2723 5791 Η.
