4302 6370
337 411 459 475 1081

334 527 796 600 ὑπηρετοὺμενος.
834 529 990 583 Οὕτω
1036 530 1191 597 παρὰ
1240 530 1305 598 τῇ
1347 528 1594 580 Λύσονίδι
1626 525 1888 586 διαλέκτῳ

339 621 385 671 τὸ
421 619 746 687 ἀσηκρήτης
781 617 954 686 ὄνομα
986 618 1081 668 ἐπὶ
1112 617 1224 678 τοῖς
1258 615 1579 685 μυστηρίοις
1616 611 1899 683 μεθερμη-

334 707 580 759 νεὺεσθαι
615 707 880 775 βούλεται.
905 705 1416 774 Πρωτοιισκηρήτης
1438 713 1618 756 autem
1659 709 1744 755 est
1781 700 1891 767 pri-

333 812 451 848 mus
478 810 508 849 a
549 795 780 850 secretis
825 812 841 852 :
890 793 1220 848 erantenim
1250 792 1458 860 plures.
1489 791 1893 844 Protosecreta-

332 885 446 937 rius
481 885 534 937 in
571 883 992 953 Hypomnestico
1017 881 1083 935 de
1118 879 1404 934 Anastasio
1440 875 1816 945 apocrisiario.

399 972 876 1040 Πρωτονοτάριος
906 971 1250 1025 notariorum
1283 965 1652 1037 primicerius,
1681 965 1891 1034 primus

331 1063 476 1114 inter
507 1063 772 1116 notarios.
797 1061 934 1114 Vide
966 1060 1033 1114 ad
1067 1061 1394 1115 Ceclrennm.

303 1195 307 1198 .
402 1149 887 1217 "[wtoatpdtwp.
919 1146 1152 1212 Strator,
1182 1146 1275 1216 qui
1297 1144 1576 1200 dominum
1604 1141 1658 1195 in
1686 1154 1887 1210 equum

328 1237 683 1299 sublevabat,
737 1239 1186 1306 πρωτοστράτωρ
1253 1234 1464 1303 primus
1521 1227 1887 1297 imperialium

330 1334 644 1378 stratarum.
673 1326 828 1378 Anna
867 1325 1060 1378 Comn.
1097 1323 1250 1378 Alex.
1281 1337 1354 1376 vn
1387 1337 1402 1377 :
1433 1317 1647 1389 Μιχαὴλ
1678 1332 1889 1385 πρωτο-

330 1415 582 1480 etei-.0)?
607 1413 1002 1481 αὐτοκράτορος
1041 1409 1133 1462 τοῦ
1164 1409 1350 1462 δοῦκα.
1384 1408 1449 1466 ν.
1489 1406 1781 1461 Meursium
1831 1413 1889 1458 et

331 1499 568 1551 Glossar.
621 1509 868 1552 nostrum
900 1502 964 1552 ad
998 1497 1331 1553 Cedrenum.

1094 1628 1132 1682 Ρ

411 1754 598 1807 Ῥἀσα
652 1772 792 1817 μευ,
843 1765 1022 1808 vestes
1077 1755 1412 1808 monasticae.
1462 1754 1519 1808 P.
1549 1753 1652 1804 I75
1686 1766 1735 1806 c.
1776 1747 1886 1802 Kal.

333 1841 422 1903 τῆς
455 1840 566 1892 τῶν
592 1841 920 1908 ἐσθημάτων
947 1841 1274 1911 μεταϐολῆς.
1307 1839 1486 1895 Codex
1528 1841 1618 1894 CB
1656 1837 1886 1891 habebat

331 1932 484 1994 eam.
533 1929 670 1983 llinc
706 1933 1045 1999 ρασοφορεῖν.
1081 1930 1365 1982 Balsamon
1391 1929 1458 1982 ad
1483 1943 1604 1981 can.
1634 1927 1667 1980 5
1695 1923 1885 1999 synodi

331 2015 430 2068 CP.
476 2033 527 2084 p.
575 2017 680 2070 560
707 1995 756 2070 ἐι
792 2035 805 2071 :
840 1995 1206 2069 Εἰσελθόντων
1254 2016 1343 2078 εἰς’
1379 2015 1723 2082 μοναστήρια
1791 1995 1884 2066 τιέαὶ

263 2139 274 2148 -
330 2105 806 2172 ρατοφορούντων.
840 2106 907 2159 Ει
934 2103 986 2157 in
1019 2121 1142 2159 can.
1181 2107 1244 2158 I9
1283 2099 1369 2158 'S.'
1394 2104 1556 2158 Basil.
1591 2103 1657 2156 ad
1685 2101 1884 2171 Amph.

331 2191 446 2244 Κᾶν
505 2195 613 2261 γὰρ
659 2194 730 2262 μὴ
775 2196 1028 2264 ἀποκαρῇ
1078 2210 1182 2256 τις,
1212 2191 1346 2243 ἀλλὰ
1402 2191 1772 2259 ῥασοιρορὴσῃ.
1819 2188 1887 2241 Ει

329 2281 646 2348 ρασοιρὸροι.
689 2282 832 2336 Bals.
879 2282 933 2335 d.
973 2297 1026 2351 p.
1061 2281 1164 2334 560
1195 2281 1249 2335 b.
1282 2278 1414 2333 Vide
1459 2277 1740 2347 Hugonem
1771 2275 1884 2329 Me-

331 2369 555 2422 nardum
588 2369 655 2423 ad
687 2368 1048 2423 Concordiam
1107 2369 1419 2440 regularum
1485 2367 1657 2420 sancti
1716 2365 1886 2419 Bene-

328 2454 475 2509 dicti.
1539 2453 1542 2458 ’

404 2543 563 2607 Ῥήξ,
599 2546 772 2612 ρἠας
800 2561 893 2599 rex
925 2559 977 2613 p.
1022 2544 1125 2598 109
1151 2558 1203 2600 a.
1230 2545 1383 2598 Anna
1417 2543 1682 2598 Comnen.
1728 2543 1880 2596 Alex.

329 2648 416 2683 νιιι
447 2648 460 2683 :
493 2633 714 2700 Ῥηγὼν
753 2648 810 2683 τε
849 2635 940 2685 καὶ
992 2631 1195 2684 δουκῶν
1240 2632 1333 2683 καὶ
1385 2631 1657 2699 κομὴτων.
1698 2627 1879 2682 Theo-

327 2720 533 2787 phanes
564 2740 576 2773 :
619 2720 787 2787 Ῥῆγα
827 2721 1061 2782 καλέσαις
1094 2721 1285 2772 ἐαυτὶν
1315 2720 1415 2788 γῆς
1463 2737 1520 2772 τε
1551 2719 1644 2772 καὶ
1675 2717 1875 2769 Θαλάσ-

327 2822 448 2866 σης.
490 2805 623 2859 Item
681 2808 819 2872 Πρὸς
873 2807 1111 2860 Ζιλίτειν
1165 2807 1254 2860 τὸν
1303 2807 1446 2876 ρῆγα
1487 2806 1593 2857 τῶν
1642 2805 1880 2858 Οΰννων.

328 2894 528 2946 Ain-tor
575 2894 662 2948 (ΞΒ
694 2911 708 2948 :
738 2895 938 2964 Γοργόν
1000 2892 1214 2957 πεζεύει
1261 2893 1534 2962 πρόσκυνα
1566 2896 1592 2945 ὀ
1657 2892 1881 2945 Bimae:-

329 2978 448 3047 δρος
496 2980 586 3031 τὸν
632 2982 826 3049 ῥήγαν.
873 2981 930 3031 Ὀ
977 2982 1152 3049 ρήγας
1203 2978 1391 3032 τοῦτον
1445 2980 1673 3031 κατιδὼν
1714 2979 1882 3030 πολλὰ

329 3065 767 3130 γονυκλ.τοὖντα.
820 3066 954 3121 Vide
1008 3067 1267 3131 lndieem,
1320 3075 1375 3120 et
1426 3067 1756 3121 Glossarium
1813 3065 1880 3119 ad

327 3155 658 3209 Cedrenum.

411 3243 630 3310 Ῥήτωρ
691 3243 782 3312 qui
831 3243 1127 3312 scripturas
1182 3244 1352 3297 instar
1420 3245 1654 3297 oratoris
1702 3246 1880 3298 eccle-

327 3331 530 3387 siastici
592 3331 1076 3400 interpretabatur.
1139 3329 1274 3384 Vide
1337 3329 1626 3387 Meursinm
1700 3333 1751 3384 in
1817 3347 1879 3386 ea

327 3419 582 3472 dictione.

411 3505 757 3572 Ῥωιτάίιον.
799 3507 860 3561 Ρ.
901 3509 1002 3562 109
1033 3525 1061 3562 a
1103 3511 1163 3561 τὸ
1192 3511 1315 3580 δόρυ
1352 3507 1518 3560 ῐουνε.
1559 3508 1736 3560 Codex
1769 3507 1876 3572 CB,

329 3592 627 3660 ρικτάριον,
690 3594 904 3661 hastile,
949 3597 1211 3665 jaculum.
1274 3595 1524 3648 Dicebam
1589 3595 1875 3663 legendum

329 3681 612 3748 ριπτάριον
643 3697 672 3734 a
706 3682 878 3750 ρίπτω
899 3723 912 3745 ,
947 3683 1090 3751 quod
1129 3682 1196 3736 de
1220 3683 1402 3752 jacnlo
1428 3682 1648 3736 dicitur.
1676 3681 1879 3735 Glossm

322 3767 528 3838 Cyrilli,
573 3771 749 3838 ῥίπτω
783 3772 873 3823 ἐπὶ
908 3772 1179 3835 ἀκοντίου,
1225 3771 1388 3840 jacio,
1438 3771 1662 3836 iacnlor,
1706 3772 1875 3840 proji-

323 3855 431 3908 (i0.
486 3855 817 3910 Glossarium
853 3873 952 3912 ms.
1007 3859 1279 3928 Βηρύτται
1319 3859 1385 3910 τὰ
1421 3859 1698 3928 ριπτὰρια.
1731 3857 1878 3912 Con-

322 3943 594 3996 stantinus
646 3945 698 3997 in
738 3944 888 3998 Tact.
924 3961 977 4013 p.
1013 3947 1090 3998 5:
1129 3945 1311 3998 ’Ᾱλλοι
1361 3945 1415 3997 δὲ
1458 3946 1562 3998 ἀπὸ
1603 3945 1875 4013 μτκκρνίθεν

323 4031 612 4100 ἔρριπτον,
645 4031 718 4092 ὡς
753 4032 986 4102 εἴρηται,
1018 4033 1082 4084 τὰ
1117 4034 1394 4102 ῥιπτάριει.
1432 4032 1495 4085 Et
1531 4049 1584 4100 p.
1618 4032 1683 4084 4'2
1723 4051 1734 4085 :
1786 4034 1874 4096 EE;

320 4116 382 4168 τὸ
416 4116 627 4186 ῥίπτειν
661 4119 921 4188 ριπτάρια
956 4121 1048 4172 καὶ
1086 4119 1344 4188 μένανλα.
1380 4120 1877 4188 11ἰιιοριπταρῐζειν

319 4205 578 4274 iaculari.
618 4208 763 4260 Idem
811 4207 1000 4263 Const.
1054 4225 1109 4277 p.
1155 4207 1229 4260 4:
1266 4202 1451 4278 Οἴονῆ
1491 4207 1796 4274 τοξεύοντες
1841 4207 1875 4278 ἢ

322 4295 761 4364 ρεπταρξζοντες.
804 4298 869 4350 Et
895 4313 949 4366 p.
986 4297 1050 4351 11
1075 4314 1089 4350 :
1125 4297 1240 4349 Ἵνα
1271 4297 1402 4348 ὅπου
1429 4296 1652 4366 ἁρμόζει
1678 4299 1874 4364 ῥιπτα-

320 4382 445 4451 ρίζῃ
479 4384 711 4445 εὐκόλως
743 4385 888 4437 κατὰ
918 4385 1029 4437 τῶν
1070 4383 1361 4453 πολεμίων.
1405 4384 1470 4436 Et
1509 4384 1831 4454 ριπτςιράτοι
1858 4424 1873 4447 ,

319 4481 372 4536 p.
404 4467 510 4521 ηε
545 4471 605 4519 υἱ
636 4468 691 4520 δὲ
743 4470 1069 4540 ριπταράτοι
1099 4470 1368 4538 ὠφελοῦσι
1404 4473 1496 4523 καὶ
1533 4470 1732 4535 ἔξωθεν
1779 4473 1876 4538 τῆς

325 4554 669 4622 παρατλγῆς.
725 4556 786 4608 Et
836 4559 1194 4627 ριπτῑριστής
1224 4559 1366 4626 apud
1418 4559 1671 4612 eumdem
1722 4575 1776 4627 p.
1820 4560 1872 4612 8.

319 4640 518 4694 Verum
564 4643 618 4694 in
663 4641 841 4696 indice
863 4643 1041 4697 Woltii
1067 4644 1328 4700 scribitur
1360 4646 1654 4714 ρικτάριον.
1681 4645 1876 4698 Emen-

320 4728 514 4782 dcmus
564 4729 744 4783 obiter
794 4729 1031 4784 Leonem
1081 4731 1290 4786 Tactic.
1346 4746 1465 4800 cap.
1496 4732 1550 4795 9,
1587 4730 1612 4801 §
1655 4733 1744 4794 58,
1781 4733 1875 4786 ubi

318 4816 528 4870 editum
564 4825 648 4870 est.
680 4835 693 4869 :
722 4818 860 4880 Teii;
885 4819 938 4872 δὲ
969 4818 1291 4888 λεγομένους
1318 4820 1526 4885 ψιλοὺς,
1558 4820 1870 4889 σκουτάρια,

319 4903 541 4956 ἀκόντια
581 4905 780 4974 μικρὰ,
823 4904 1140 4978 τιζζικούριιιἸ
1175 4905 1486 4976 Legendum
1516 4908 1662 4961 enim
1712 4926 1874 4961 σκου-

316 4991 496 5058 τάρια,
527 4993 804 5060 ρικτάρια,
833 4993 1074 5060 ἀκόντια,
1105 4995 1274 5062 μικρὰ
1303 4995 1618 5064 τζηκούρια,
1653 5006 1711 5049 ut
1741 5012 1872 5050 con-

320 5089 431 5133 stat
460 5096 524 5134 ex
554 5080 654 5135 hac
697 5081 920 5136 Joannis
959 5083 1123 5138 Clieci
1172 5085 1625 5153 interpretatione
1659 5103 1672 5138 :
1717 5085 1874 5141 Lenes

315 5177 490 5220 autem
516 5169 739 5220 habeant
764 5179 908 5221 scuta
934 5187 1122 5239 parva,
1154 5173 1430 5228 rhictaria.
1460 5173 1644 5241 jacula
1667 5213 1680 5235 ,
1717 5175 1877 5227 tzicu-

316 5255 398 5306 ria
431 5270 615 5322 parva.
665 5255 756 5309 Sic
804 5257 966 5310 etiam
991 5259 1275 5325 legebatur
1315 5259 1364 5312 in
1415 5261 1658 5329 ejusdem
1703 5262 1870 5315 Checi

317 5340 458 5394 libro
488 5355 606 5409 cap.
625 5341 680 5405 5,
703 5340 730 5412 §
754 5342 810 5404 5,
842 5345 1116 5411 ῥικτάρια,
1145 5345 1448 5414 τζικούρια.
1482 5347 1594 5400 Nec
1615 5347 1873 5402 audiendi

316 5437 441 5480 sunt
477 5427 573 5480 \iri
605 5428 775 5490 docti,
817 5430 909 5498 qui
940 5433 1440 5502 ρυωιιιεριπτάρια
1489 5433 1684 5487 melius
1730 5451 1869 5491 esse.

317 5513 646 5569 Glossarium
685 5532 843 5570 manu
873 5529 1172 5581 exaratum,
1207 5522 1351 5588 quod
1392 5522 1651 5575 utendum
1687 5525 1870 5592 accepi

317 5617 377 5656 ex
411 5602 735 5658 bibliotheca
771 5605 1122 5659 illustrissimi
1163 5604 1485 5661 Canceilarii
1517 5626 1528 5660 :
1569 5607 1870 5669 Ἀκινάκι·.

318 5688 782 5760 σπλθομάχαιρον,
843 5693 1127 5760 ῥικτὰριν,
1189 5693 1380 5764 δῦρυῆ
1440 5696 1689 5748 ἀκόντιον
1737 5701 1870 5766 Περι

317 5780 484 5832 σικόν.
551 5780 651 5835 Sed
711 5792 763 5835 et
835 5781 995 5836 hodie
1050 5784 1222 5838 Greeci
1287 5787 1458 5843 ρίχτω
1514 5787 1704 5842 dicunt
1767 5805 1865 5862 pro

1505 408 1828 470 FABROTI
1875 407 2395 474 GBOSSARIUM.

3416 413 3558 478 1082

1999 525 2193 593 ῥῖπτω.
2250 525 2312 582 Ut
2364 530 2497 598 quin
2540 545 2664 583 vera
2720 529 2881 584 lectio
2931 530 3003 583 sit
3049 527 3191 598 apud
3227 525 3465 580 Nicetam
3497 533 3554 578 et

1993 621 2139 666 recta
2204 615 2515 669 emendatio
2573 617 2714 684 apud
2793 617 3076 676 Leonem,
3140 613 3391 668 dubitare
3442 625 3552 684 non

1989 699 2170 756 liceat.
2226 702 2531 772 Utrumque
2586 704 2752 775 igitur
2807 713 2864 758 et
2923 701 3208 774 ῥιπτὶριον
3257 710 3313 754 et
3361 698 3556 770 ῥικτά-

1992 806 2106 860 ριον
2167 801 2374 844 rectum
2415 802 2519 846 est.

2072 877 2247 945 Ῥόγα
2275 877 2629 945 stipendium,
2667 894 2816 950 roga.
2856 879 2983 948 Pag.
3019 878 3108 942 58,
3143 877 3232 940 79,
3255 876 3381 940 2⁸11,
3410 874 3551 929 327:

1991 965 2233 1031 Συνήθης
2264 964 2493 1034 διανομὴ
2524 967 2646 1017 ’τῶν
2693 967 3141 1035 στρατευμάτων,
3181 963 3548 1033 Nicephorus.

1991 1051 2097 1104 Leo
2120 1051 2518 1108 Grammaticus
2547 1072 2560 1108 :
2591 1054 2681 1123 Μὴ
2704 1052 2798 1105 τοῦ
2827 1053 3012 1105 ordino
3041 1053 3140 1120 τὴν
3160 1048 3554 1118 νενομισμένην

1991 1133 2159 1208 ρόγοιν
2212 1139 2489 1202 λαϐόντες.
2563 1139 2880 1194 Anastasius
2956 1136 3435 1198 Bibliothecarius,
3497 1135 3552 1185 in

1989 1225 2228 1280 Historia
2281 1227 2676 1289 ecclesiastica,
2725 1240 2870 1280 anno
2918 1223 3150 1279 Heraclii
3209 1224 3320 1276 22:
3379 1221 3558 1275 Erant

1990 1326 2161 1368 autem
2215 1314 2428 1384 quidam
2474 1314 2711 1368 Arabum
2745 1316 2905 1383 juxta
2955 1315 3264 1384 positorum,
3302 1311 3388 1379 qui
3417 1311 3556 1362 acri-

1987 1402 2199 1468 piebant
2229 1403 2294 1454 ab
2326 1401 2728 1469 imperatoribus
2769 1418 2922 1471 rogas
2956 1398 3228 1467 pauxilla:
3263 1398 3332 1451 ad
3373 1405 3551 1450 custo-

1986 1489 2233 1542 diendum
2277 1489 2506 1543 entomia
2557 1491 2718 1542 eremi
2771 1489 2873 1559 (sic
2925 1489 3125 1556 legitur
3179 1488 3232 1540 in
3298 1486 3333 1538 2
3393 1499 3551 1542 mss:

1989 1577 2042 1629 in
2095 1576 2368 1629 Thoaan
2415 1586 2595 1630 autem
2647 1577 2845 1631 ctomia
2893 1591 2993 1644 pro
3040 1575 3256 1634 stomia,
3302 1581 3362 1626 ut
3407 1571 3550 1640 apud

1987 1665 2373 1732 Theophanem
2409 1665 2623 1733 στόμια,
2653 1680 2772 1734 quae
2798 1675 2920 1719 sunt
2950 1663 3176 1731 fauces).
3202 1660 3399 1715 Eodem
3430 1673 3550 1712 vero

1986 1764 2216 1825 tempore
2244 1759 2382 1810 venit
2411 1758 2623 1824 quidam
2656 1756 2818 1824 spado
2857 1755 3079 1808 daturus
3115 1752 3336 1806 militum
3371 1766 3548 1818 rogas.

1985 1843 2054 1898 Et
2096 1860 2212 1896 cum
2248 1846 2504 1897 venissent
2540 1844 2736 1896 Arabes
2792 1845 3074 1897 secundum
3120 1838 3549 1894 consuetudinem

1986 1935 2248 2002 accepturi
2291 1950 2475 2003 rogant
2525 1949 2698 1991 suam,
2745 1941 2853 1985 etc.
2899 1931 3260 2000 TheOphanes
3294 1945 3308 1982 :
3348 1926 3550 1981 Λαόεῖν

1985 2019 2086 2088 τὴν
2123 2021 2288 2088 ρόγαν
2322 2021 2525 2083 αὐτῶν,
2575 2022 2731 2074 Anna
2780 2019 3045 2074 Comnen.
3100 2016 3254 2071 Alex.
3304 2031 3357 2070 Vl
3392 2033 3405 2068 :
3443 2014 3549 2065 Τὸν

1987 2107 2334 2175 πατριάρχην
2383 2108 2533 2174 σφῶν
2577 2107 2774 2174 ἠξίωσε
2813 2106 2950 2176 μετὰ
2979 2106 3076 2170 τῆς
3108 2104 3304 2170 ἀλόγου
3357 2103 3546 2173 ῥόγας.
3591 2110 3597 2116 “

1985 2194 2123 2249 IIinc
2167 2193 2414 2264 ῥογεὺειν
2465 2209 2714 2262 erogare.
2750 2194 2896 2248 Idem
2931 2211 2946 2248 :
2985 2193 3094 2246 Καὶ
3125 2191 3410 2262 σωρεύσεις
3457 2191 3550 2242 τὸν

1984 2281 2362 2352 περισωθέντα
2387 2282 2512 2335 λαὸν
2545 2285 2606 2334 ἐκ
2634 2281 2743 2333 τῶν
2770 2281 3041 2350 διαφόρων
3075 2280 3302 2341 πόλεων,
3329 2278 3550 2348 ὲρόγευ-

1985 2387 2077 2422 σεν
2121 2369 2337 2432 αὐτούς.
2398 2368 2463 2422 V.
2531 2373 2708 2428 varias
2757 2369 2823 2422 ad
2877 2368 3141 2431 Nicetam,
3201 2382 3257 2436 p.
3313 2365 3437 2431 151,
3492 2372 3550 2419 et

1982 2455 2183 2510 Wolﬁii
2222 2455 2483 2518 Indicem,
2506 2464 2560 2510 et
2590 2455 2832 2510 Glossar.
2864 2455 2928 2508 ad
2960 2454 3122 2508 Cedr.

2064 2545 2280 2598 Ῥούτα
2320 2553 2464 2611 ruta,
2494 2543 2791 2599 multitudo
2812 2585 2824 2606 ,
2859 2543 3053 2611 globus
3085 2541 3343 2598 militum.
3407 2538 3547 2595 Vide

1984 2631 2186 2687 Meurs.

2063 2721 2318 2789 Ῥοῦχον
2373 2735 2530 2775 rocus
2571 2722 2654 2775 vel
2706 2735 2916 2786 roccus,
2951 2735 3073 2789 pag.
3099 2717 3366 2783 215,9”,
3416 2717 3545 2780 251,

1981 2808 2105 2861 531.
2130 2807 2580 2878 Astrampsychus
2614 2808 2667 2861 in
2713 2807 2985 2874 ΠυΟαγορ.
3017 2805 3234 2869 λαζευτ.
3272 2823 3284 2857 :
3327 2804 3548 2872 Ῥοῦχον
3583 2807 3585 2809 ’

1984 2897 2253 2949 κόκκινον.
2287 2896 2443 2960 Item,
2476 2899 2553 2958 εἰς
2579 2896 2637 2948 τὸ
2661 2903 2700 2947 ε’
2729 2911 2742 2925 ·
2786 2896 3058 2947 Ὀσπίτιον
3076 2893 3228 2962 δηλοῖ
3249 2895 3328 2955 εἰς
3357 2892 3544 2954 παῖδας

1983 2985 2074 3037 καὶ
2128 2983 2333 3036 εἴσοδον
2387 2983 2480 3036 καὶ
2547 2982 2798 3052 εὐτυχίαν
2852 2983 2946 3034 καὶ
2995 2979 3206 3034 καῦκιν
3252 2979 3344 3032 καὶ
3377 2978 3546 3049 ροὖχα

1983 3071 2169 3126 πολλά.
2205 3071 2439 3142 Cyrillus
2494 3070 2803 3139 patriarcha
2835 3070 2938 3124 (ΖΡ.
2991 3085 3004 3123 :
3051 3067 3148 3121 Διᾶ
3180 3067 3244 3120 va
3294 3066 3432 3138 λάϐῃ
3477 3068 3545 3119 τὰ

1984 3163 2153 3232 {to-3131
2187 3179 2301 3224 σου,
2325 3161 2412 3224 δός
2438 3177 2532 3212 του
2574 3159 2668 3211 καὶ
2711 3159 2770 3210 τὸ
2809 3157 3150 3226 ὑποκὰμισὸν
3193 3173 3307 3210 σου.
3340 3156 3544 3209 Auctor

1981 3252 2068 3306 CB
2103 3251 2326 3318 βύσσινα
2363 3249 2533 3318 ροὖχα
2576 3247 2985 3315 καταξαμὺτου.
3040 3245 3261 3300 Additio
3299 3245 3317 3298 1
3376 3243 3542 3312 Capi-

1982 3339 2079 3392 tul.
2111 3337 2288 3392 Carnl.
2329 3353 2376 3389 c.
2408 3335 2479 3388 92
2507 3354 2518 3388 :
2547 3335 2614 3387 Et
2631 3333 2842 3404 pedules
2871 3334 3023 3402 paria
3059 3344 3310 3401 quatuor,
3335 3346 3540 3382 rorcnm

1981 3443 2166 3481 unum.
2203 3425 2296 3479 Sic
2329 3424 2526 3494 legitur
2561 3433 2704 3477 tonio
2733 3422 2776 3475 11
2807 3420 3177 3476 Conciliornm
3221 3418 3427 3473 Galli-.e.

2742 3554 2778 3586 Ὦ

2745 3584 2779 3605 Β

2050 3685 2319 3738 Σιὶϐανον
2361 3685 2611 3738 linteum.
2661 3683 2937 3738 Hierocles
3000 3682 3144 3736 Artis
3198 3680 3536 3734 veterinariae

1976 3774 2075 3827 lib.
2109 3789 2143 3825 ll
2171 3813 2185 3836 ,
2232 3787 2354 3840 cap.
2388 3769 2458 3825 98
2490 3790 2502 3824 :
2535 3771 2740 3824 Λοῦσον
2779 3772 2869 3823 τὸν
2907 3771 3071 3822 ἵππον
3123 3771 3216 3842 και
3255 3766 3534 3835 ἀπόμαξον

1980 3860 2254 3921 σκϐἀνοις.
2314 3858 2714 3912 Theomnestus
2763 3857 2964 3910 ibidem
2999 3875 3012 3910 :
3052 3856 3128 3925 Τῇ
3160 3856 3213 3907 δὲ
3244 3855 3378 3924 ἕκτῃ
3415 3852 3534 3917 E51-

1979 3946 2166 4016 γαγὼν
2198 3948 2296 4014 τῆς
2332 3949 2538 4016 φάτνης
2589 3945 2777 3998 λοῦσον
2813 3948 2906 3998 καὶ
2943 3945 3222 4010 ἁπόμαξον
3259 3934 3533 4004 σαὸἁνοις.

1978 4038 2256 4106 Vegetius,
2290 4041 2410 4088 Art.
2435 4042 2545 4088 vet.
2578 4033 2675 4087 lib.
2704 4050 2786 4097 Ill,
2816 4051 2864 4088 c.
2902 4033 2966 4086 17
3005 4049 3020 4087 :
3051 4029 3276 4086 Sabanis
3313 4030 3534 4085 validio-

1979 4125 2118 4178 ribus
2167 4125 2511 4192 abstergetur.
2565 4121 2793 4176 Collatio
2820 4121 3074 4187 Carthag.
3112 4134 3146 4171 ιι
3175 4133 3297 4173 cum
3337 4117 3528 4170 Donat.

1978 4212 2205 4280 Cumque
2233 4213 2373 4264 intra
2401 4212 2655 4264 sabanum
2696 4209 2933 4281 volumen
2962 4208 3163 4262 schedia
3202 4205 3533 4260 membrana-

1978 4316 2092 4351 rum
2123 4315 2214 4366 pro
2247 4308 2395 4366 parte
2415 4298 2756 4366 descriptum,
2786 4307 2893 4349 etc.

2047 4384 2315 4454 Σάγισμα
2363 4386 2652 4438 instratum
2709 4383 2860 4452 equi.
2919 4382 3032 4436 Leo
3087 4377 3527 4436 Grammaticus:

1977 4473 2096 4525 Τῶν
2149 4473 2333 4524 ἵππων
2385 4472 2710 4540 ἀμφοτέρων
2758 4469 2868 4521 τῶν
2932 4467 3114 4538 μερῶν
3169 4466 3532 4536 δερκομένων

1979 4561 2115 4629 μετὰ
2145 4559 2361 4630 χρυσῶν
2395 4557 2763 4628 σαγισμάτων.
2800 4557 2956 4616 Item,
2989 4547 3157 4621 Εὗρεν
3194 4553 3354 4606 αὑτὸν
3389 4554 3535 4604 ἐντε-

1977 4647 2263 4714 τυλιμένον
2289 4647 2346 4698 ὲν
2376 4645 2454 4714 τῷ
2483 4645 2780 4712 σαγῑσματι
2807 4644 2901 4696 τοῦ
2926 4641 3102 4708 δεξιοῦ
3132 4642 3322 4695 ἵππου.

2049 4737 2322 4801 Σαγίττα.
2351 4733 2411 4787 Ρ.
2443 4732 2512 4785 AM
2536 4733 2568 4786 d
2607 4733 2794 4802 βέλους
2827 4732 2995 4792 ἐντός.
3021 4728 3320 4785 CodexGB
3351 4726 3536 4794 σαγιτ-

1977 4840 2096 4884 τας.
2130 4820 2192 4874 V.
2227 4820 2449 4875 Snidam
2479 4821 2530 4873 in
2568 4819 2798 4888 ἄϐλητα.
2855 4818 3220 4886 Theophanes
3270 4816 3326 4869 in
3364 4817 3536 4869 Hera-

1976 4911 2120 4964 clio:
2174 4911 2437 4977 Ἔμειναν
2495 4908 2591 4961 ἀπ’
2640 4908 2886 4976 ἀλλήλων
2945 4907 3056 4960 ἀπὸ
3101 4906 3195 4959 δύο
3245 4903 3533 4973 σαγίττων.

1975 4997 2234 5052 Chronic.
2265 4997 2416 5050 Alex.
2459 4997 2546 5060 Ἐξ
2579 4992 2648 5068 ἧς
2679 4995 2839 5049 ἔλαϐε
2885 4994 3166 5062 σαγίττας.
3223 4991 3538 5047 Constantio

1976 5102 2078 5139 nus
2109 5087 2162 5139 in
2201 5086 2354 5139 Tact.
2401 5084 2511 5138 Leo
2559 5085 2714 5139 Tact.
2770 5100 2891 5153 cap.
2925 5085 3004 5146 l2,
3036 5082 3149 5154 §6|
3189 5099 3201 5134 :
3249 5079 3380 5133 ’Λπδ
3419 5078 3536 5142 ἐνὸς

1977 5173 2380 5241 σαγιττοϐὁὶου.
2452 5167 2588 5226 Ilinc
2642 5172 2987 5241 σαγιττάτωρ
3042 5169 3343 5236 sagittator,
3390 5166 3534 5236 apud

1974 5261 2158 5314 eumd.
2191 5251 2426 5312 Leonem
2454 5275 2504 5312 c.
2532 5259 2584 5320 4,
2616 5257 2642 5327 §
2673 5259 2735 5312 57
2764 5267 2817 5311 ct
2839 5273 2889 5312 c.
2925 5257 2971 5311 7.
3007 5255 3163 5326 §57:
3203 5261 3259 5308 et
3291 5269 3536 5319 σαγιττο-

1975 5345 2138 5408 ποιοί,
2172 5346 2225 5397 d.
2252 5362 2370 5414 cap.
2399 5344 2451 5404 4,
2491 5343 2518 5414 §
2551 5346 2638 5406 50,
2685 5354 2739 5399 et
2770 5344 3192 5398 Constantinum
3225 5342 3278 5395 in
3308 5340 3462 5394 Tact.

2044 5435 2378 5502 Σατμὰριαεν
2400 5434 2558 5486 Nam.
2586 5431 2706 5494 116,
2741 5432 2822 5486 Τὰ
2857 5431 3184 5501 σκευοφόρα.
3215 5427 3396 5484 Codex
3423 5427 3532 5494 CB,

1977 5521 2570 5591 σαγμὰρια.·Αηίιιιοιί;ι
2607 5537 2728 5589 qua:
2778 5519 3167 5589 impedimenta
3198 5525 3255 5572 et
3288 5518 3536 5572 sarcinas

1988 5615 2212 5671 τειιιιιιι.
2241 5610 2634 5665 Constantinus
2659 5612 2712 5663 in
2753 5611 2905 5663 Tact.
2938 5625 2990 5678 p.
3041 5607 3106 5661 16
3135 5625 3149 5662 :
3189 5607 3375 5676 Ἔχειν
3405 5621 3532 5669 σαγ-

1977 5705 2170 5772 μάριον
2189 5699 2522 5757 'év..Ser\'ius
2555 5699 2606 5750 in
2647 5715 2659 5751 ι
2690 5696 2954 5752 lEneidos
2985 5713 2998 5748 :
3033 5695 3101 5750 Et
3129 5699 3222 5749 hoc
3261 5695 3314 5746 in
3347 5693 3533 5745 multis

1975 5790 2265 5841 nominibus
2301 5787 2674 5842 obseruandum
2715 5794 2809 5844 est,
2850 5797 2901 5839 ut
2943 5801 3105 5842 aeuus
3145 5800 3207 5838 ex
3239 5783 3535 5840 adiectione
