4302 6370
782 371 801 432 l
814 371 917 431 083

778 485 1055 551 formetur,
1111 497 1215 549 qua
1269 483 1504 533 detracta
1563 482 1615 533 in
1660 487 1897 533 neutrum
1941 478 2096 530 cadat
2138 482 2340 527 necesse

774 578 875 633 est,
929 579 985 621 ut
1033 568 1301 637 piscinalis
1358 567 1518 627 locns,
1573 570 1773 633 piscina
1838 564 1991 626 cella,
2049 558 2340 631 piscinale;

773 655 1076 723 sagmarius
1104 654 1298 718 mulus,
1335 656 1608 723 sagmaria
1644 654 1809 711 mula.
1836 652 2183 721 sagmarium.
2219 643 2341 700 Odo

782 743 1179 801 Cluniae-ensis,
1212 741 1309 794 lib.
1340 742 1414 794 De
1444 742 1551 795 vita
1575 742 1629 795 S.
1659 740 1875 794 Ceraldi
1905 736 2162 791 :Interim
2221 747 2339 786 vero

779 845 930 881 on‘ne
957 830 1273 894 slipendium
1300 832 1437 899 quod
1466 830 1518 881 in
1548 829 1828 898 sagittariis
1862 823 2075 880 Ceraldi
2105 820 2339 873 delatum

777 916 970 981 fuerat.
1029 916 1292 980 paulatim
1342 917 1549 985 defecit.
1606 918 1802 971 Petrus
1848 912 2120 967 Blcscnsis
2172 908 2336 977 epist.

777 1002 844 1054 9i
870 1018 880 1053 :
912 1001 1062 1066 Quod
1077 1005 1120 1056 si
1142 1004 1328 1056 milites
1358 1013 1559 1056 nostros
1592 1004 1666 1055 ire
1692 1004 1743 1055 in
1771 1000 2143 1061 expeditionem
2171 1010 2341 1065 quan-

777 1090 946 1158 doque
975 1099 1233 1158 oporteat,
1267 1093 1525 1161 sagmarii
1554 1108 1731 1144 eorum
1763 1105 1864 1140 non
1909 1091 2046 1154 {erro
2075 1085 2163 1137 sed
2196 1084 2334 1144 vino,

778 1195 880 1229 non
916 1177 1107 1231 lanceis
1141 1180 1231 1230 sed
1264 1181 1453 1242 (ταθείς,
1492 1195 1594 1231 non
1626 1178 1830 1230 ensibus
1860 1175 1949 1228 sed
1981 1173 2205 1228 utribus.
2234 1185 2335 1223 non

777 1267 941 1317 hastis
960 1268 1048 1317 sed
1074 1269 1293 1319 verubus
1312 1278 1619 1320 onerantur.
1640 1267 1704 1319 Et
1726 1274 2000 1331 corrupte,
2014 1261 2334 1315 saumarius.

775 1353 982 1405 Auctor
1032 1353 1170 1407 Vita:
1225 1353 1280 1407 S.
1342 1354 1645 1407 GBlH‘hﬂl'tii
1692 1353 1936 1420 archiep.
1990 1349 2333 1414 Salisburg.:

772 1441 1010 1508 Angebat
1040 1458 1067 1493 ε
1094 1451 1277 1494 contra
1311 1459 1412 1495 non
1443 1433 1692 1510 carpanto
1721 1458 1885 1509 neque
1913 1441 2120 1499 traliea.
2155 1450 2332 1489 verum

772 1528 897 1581 solis
935 1532 1220 1582 saumariis
1264 1531 1556 1582 necessaria
1591 1546 1737 1597 posse
1772 1527 1981 1593 inferri.
2017 1523 2335 1577 Saumarius

773 1614 940 1667 Gallis
976 1616 1088 1668 béte
1116 1616 1179 1667 de
1208 1633 1439 1675 sommo,
1481 1616 1623 1669 italis
1668 1616 1825 1667 bestia
1880 1614 1948 1665 da
1992 1628 2216 1665 somnia.
2268 1608 2336 1661 Et.

773 1716 961 1754 sanma
1013 1718 1112 1769 pro
1170 1718 1338 1755 onere
1390 1703 1474 1755 vel
1530 1702 1783 1755 sarcinis.
1820 1699 2168 1768 Lutpramlus
2223 1696 2330 1749 LL.

774 1788 1117 1856 Langobard.
1155 1791 1236 1842 tit.
1271 1789 1360 1851 59,
1395 1788 1421 1857 ᾗ
1455 1791 1471 1842 l
1516 1805 1529 1841 :
1565 1790 1628 1841 Et
1661 1789 1847 1841 tollant
1873 1788 1942 1838 ad
1972 1799 2182 1839 sanmas
2211 1798 2333 1835 suas

774 1874 1009 1927 caballos
1033 1883 1159 1928 tres.
1183 1874 1273 1929 Sic
1303 1876 1671 1929 Provinciales
1701 1874 1955 1928 sanmade
1994 1872 2217 1931 dicunt;
2250 1879 2334 1923 est

770 1960 916 2013 enim
949 1961 1157 2029 σάγμα.
1180 1963 1413 2017 Achmes
1454 1963 1621 2014 ὀνειο.
1667 1978 1785 2029 cap.
1820 1961 1923 2013 255
1957 1976 1971 2011 :
2012 1955 2331 2011 ‘Exa6a).).l-

772 2065 970 2100 κευσεν
1006 2050 1177 2118 αὐτὴν
1208 2050 1343 2117 μετὰ
1373 2051 1433 2101 τὸ
1478 2050 1684 2117 σάγμα.
1744 2048 2073 2118 Eginardus.
2107 2046 2161 2099 in
2211 2045 2329 2098 Vita

770 2134 948 2187 Caroli
1002 2135 1071 2188 Μ.
1111 2152 1125 2188 :
1162 2136 1225 2191 Ut
1280 2144 1400 2190 sunt
1449 2140 1664 2189 cortina:
1707 2145 1753 2187 et
1788 2134 2051 2204 stragula,
2115 2141 2329 2196 tapetes,

771 2219 985 2287 fulcra,
1027 2222 1206 2282 coria,
1264 2234 1533 2291 saginata.
1598 2221 1729 2275 Inde
1786 2236 2055 2290 sagmara.
2126 2219 2333 2274 Glossae

770 2318 1024 2362 veteres:
1068 2306 1289 2377 Sagmat
1327 2310 1533 2361 asinum
1570 2310 1759 2360 σάσσει
1792 2308 1929 2360 ὄνον.
1964 2307 2030 2360 Et
2062 2317 2329 2375 sagmatas

775 2393 1155 2462 σεσαγμένος,
1219 2412 1285 2449 ex
1353 2381 1736 2450 emendatione
1806 2394 2051 2448 Vulcanii
2088 2435 2101 2455 ,
2167 2408 2329 2460 quem

746 2480 978 2534 .dcinde
1038 2490 1260 2535 secutus
1286 2489 1370 2537 est
1419 2482 1501 2537 Cl.
1554 2481 1851 2537 Salmasius
1895 2482 1959 2535 ad
2017 2480 2152 2534 llist.
2193 2480 2328 2549 Aug.

768 2584 825 2637 ιι.
867 2568 991 2622 554.
1036 2567 1307 2638 Corrupte
1338 2570 1501 2624 etiam
1551 2567 1721 2623 Graeci
1776 2567 1960 2633 σαῦμα
1995 2567 2183 2620 dicunt
2233 2580 2331 2635 pro

771 2657 983 2724 σάγρα.
1032 2656 1397 2726 Theophanes
1452 2680 1461 2711 :
1524 2657 1831 2725 Ἐκὰθτοσαν
1875 2655 2037 2707 αὑτὸν
2090 2654 2181 2707 ἐπὶ
2226 2653 2332 2722 ὄνῳ

773 2743 1198 2810 σαυματομένῳ.
1250 2742 1341 2797 Sic
1390 2742 1589 2813 legitur
1635 2744 1687 2794 in
1720 2740 1911 2797 codice
1966 2755 2067 2795 ms.
2123 2740 2330 2794 Nicolai

774 2828 934 2881 Fabri
994 2829 1253 2884 Peirescii
1309 2831 1414 2883 viri
1463 2831 1810 2899 perillustris.
1849 2829 1996 2882 ldem
2045 2827 2132 2881 διὰ
2176 2827 2333 2890 ζώων

773 2920 1233 2987 σαγματομένων.
1300 2920 1616 2974 Eustathius
1689 2920 2003 2989 σαγμάριον
2082 2917 2330 2988 accipere

766 3004 987 3057 videtur
1042 3020 1141 3073 pro
1194 3020 1261 3060 eo
1312 3006 1458 3074 quod
1515 3006 1799 3074 sagmariis
1854 3004 2208 3073 imponitur:
2251 3011 2330 3059 slc

766 3088 912 3141 enim
944 3090 1138 3144 scribit
1193 3091 1257 3144 ad
1309 3092 1495 3161 Odyss.
1542 3099 1625 3144 α’·
1669 3090 1940 3159 Ἀστράῢη
1969 3131 1981 3151 ,
2016 3090 2044 3142 ὃ
2078 3092 2331 3159 σημαίνει

769 3177 962 3229 σέ>.λαν
992 3180 1087 3231 καὶ
1128 3180 1457 3249 σαγμάριον,
1486 3190 1546 3234 ιιι
1578 3180 1739 3232 σέλλα
1767 3179 2038 3234 referatur
2067 3180 2133 3233 ad
2159 3194 2330 3249 equos

766 3264 861 3331 qui
898 3266 1086 3318 sellam
1134 3266 1332 3330 ferunt,
1369 3268 1676 3336 σαγμάριον
1723 3282 1856 3319 vero
1910 3268 1975 3319 ad
2021 3282 2192 3335 equos
2240 3281 2329 3319 sa-

766 3352 1021 3419 gmarios,
1050 3367 1157 3419 quo
1208 3354 1422 3407 mollius
1459 3354 1676 3408 vehant.
1698 3353 1952 3420 Vegetius
1980 3367 2327 3422 sagmamap—

766 3437 971 3504 pellare
999 3438 1214 3493 videtur
1238 3441 1383 3494 Artis
1407 3441 1767 3505 veterinarize,
1801 3441 1908 3494 lib.
1950 3456 2010 3503 ll,
2056 3456 2177 3509 cap.
2212 3440 2279 3494 59
2311 3456 2325 3493 :

773 3526 920 3578 Tunc
948 3542 1258 3594 sagmarum
1310 3528 1392 3579 vel
1434 3527 1687 3580 sellarum
1724 3543 1969 3580 mensura
2003 3529 2325 3582 conveniens.

765 3612 1106 3670 Glossarium
1142 3629 1242 3667 ms.
1276 3630 1288 3666 :
1333 3613 1606 3682 Ἀστράόη
1646 3614 1707 3665 τὸ
1760 3613 2168 3679 σαγμοσέλ).ιον.
2222 3615 2327 3668 De-

764 3700 930 3767 ιιξίμιο
965 3700 1268 3769 σλγράριον
1301 3714 1399 3769 pro
1422 3700 1652 3754 sarcinis
1682 3699 1813 3769 ipsis
1845 3699 2090 3769 ponitur,
2127 3698 2327 3754 Leonis

765 3783 972 3840 Tactic.
1001 3802 1122 3856 cap.
1159 3789 1213 3850 9,
1244 3789 1269 3859 §
1305 3789 1391 3842 58.

835 3875 1245 3942 Σακελλιίριος
1310 3878 1648 3933 sacellarius.
1708 3877 2050 3946 Nicephorus
2115 3874 2324 3930 Callist.

764 3959 861 4013 lib.
899 3977 1057 4025 xvm,
1120 3980 1241 4031 cap.
1278 3965 1346 4018 44
1389 3982 1401 4017 :
1466 3965 1830 4035 Σακελ).ἁριος
1883 3967 1981 4033 τῆς
2028 3962 2324 4028 ἐκκλησίας

763 4047 1138 4116 καθεστηκώς.
1195 4050 1508 4105 Chronicon
1560 4052 2021 4106 Alexandrinum:
2052 4049 2327 4103 Σακελλά-

767 4149 879 4199 ριος
917 4137 1268 4204 πατριάρχου.
1288 4137 1421 4188 Ἀπὸ
1437 4140 1535 4202 τῆς
1559 4138 1823 4206 σακέλλης
1850 4145 1944 4191 aut
1969 4136 2322 4190 σακκουλλίου

766 4229 861 4271 aut
890 4223 1234 4285 σακκε).λὶου,
1272 4239 1299 4276 a
1329 4224 1617 4279 sacello.V.
1654 4225 1891 4279 Iudicem
1927 4227 1980 4277 in
2023 4223 2320 4293 βουλλεύει.

771 4305 1068 4375 Gregorius
1112 4308 1486 4365 Nazianzenus
1517 4320 1656 4364 orat.
1682 4311 1714 4364 5
1746 4310 1798 4364 in
1836 4310 2110 4365 lulianum
2156 4327 2169 4363 :
2218 4312 2324 4363 Καὶ

767 4394 829 4443 τὸ
877 4396 1160 4447 σακέὶλιον
1203 4398 1666 4468 προόληθήσεται.
1704 4398 1793 4453 Sic
1823 4400 1986 4453 etiam
2022 4398 2319 4463 scribitur,

763 4490 903 4533 erat.
940 4482 993 4533 4.
1029 4482 1301 4551 Corippus
1336 4484 1362 4536 ί
1398 4501 1409 4535 :

939 4612 1152 4664 Cratior
1182 4612 1407 4681 Auqusti
1437 4628 1650 4665 servans
1673 4614 1759 4681 pia
1785 4629 1918 4682 gaza
1946 4611 2143 4665 sacelli.

760 4761 899 4816 Hinc
935 4761 1293 4823 σακελλίζειν.
1326 4762 1502 4816 Gloss.
1547 4780 1647 4818 ms.
1681 4781 1696 4820 :
1738 4762 2031 4831 Διηθείται.
2064 4760 2321 4827 ἀφυλίζε-

762 4866 875 4909 ται,
918 4847 1313 4910 σακελλίζεται.
1342 4849 1475 4903 Vide
1506 4849 1841 4905 Glossarium
1882 4849 1949 4901 ad
1989 4848 2319 4902 Ccdrcnum.

835 4938 1229 4988 Σακκούλιον.
1285 4936 1343 4989 Ρ.
1379 4937 1481 4990 155
1512 4953 1559 4995 c.
1613 4939 1691 4988 'l‘z
1729 4936 2013 5002 φασκώλια
2067 4936 2321 5004 σφραγῖδι

763 5008 1210 5089 διασημαίνεται.
1244 5021 1426 5078 Codex
1465 5023 1571 5084 GB,
1607 5024 1926 5076 σακκούλια.
1985 5020 2321 5077 Glossarium

762 5123 862 5162 ms.
900 5109 1204 5178 μαρ-σύπιον
1234 5110 1293 5161 τὸ
1325 5111 1664 5163 σακκούλιον.
1702 5109 1871 5163 Hodie
1903 5108 2183 5161 σακκούλι.

837 5196 1062 5263 Σάλτζᾳ
1106 5198 1391 5269 ἔμϐαμμα,
1440 5200 1725 5262 intinctus,
1777 5216 1829 5267 p.
1879 5198 1983 5251 582
2028 5196 2081 5249 ό.
2140 5196 2322 5249 ltalice

761 5302 818 5337 sa
829 5286 926 5338 lsa.

832 5371 1173 5425 Σανεάλιον
1217 5373 1465 5438 ἀκάτιον,
1522 5373 1793 5435 navicula,
1853 5386 1905 5440 ι).
1951 5370 2037 5424 85.

762 5476 815 5527 ι).
845 5459 970 5512 ⁵242.

842 5547 1111 5613 Σιιπώνις
1148 5550 1350 5619 νίτρον,
1384 5563 1537 5615 sapo,
1572 5564 1625 5616 p.
1655 5546 1721 5600 97
1754 5546 1811 5599 b.
1851 5543 2121 5611 Corrupto
2166 5555 2325 5594 antea

766 5634 1048 5702 legebatur
1079 5634 1303 5705 νίπτρον
1337 5640 1390 5687 in
1422 5636 1621 5689 indice.
1668 5633 1768 5686 Alii
1828 5629 2101 5685 σαπώνιον
2137 5628 2323 5682 dicunt

768 5725 850 5775 vel
911 5726 1217 5781 σαπούνιον.
1278 5728 1497 5782 Alexius
1551 5726 1859 5779 Rharturus
1909 5721 2177 5778 doctrina,
2246 5720 2323 5781 εἰς

2099 5367 2231 5423 Vide
2270 5380 2324 5422 ct

2012 364 2057 423 Ν
2073 359 2308 423 iCETlB
2350 354 2549 415 CHON
2560 356 2684 415 lA'l‘
2695 357 2754 414 ,Ε

3870 355 4006 417 1084

2456 464 2556 533 τὴν
2612 468 2775 535 ἁγίαν
2829 472 2919 520 καὶ
2980 468 3223 537 μεγάλην
3296 471 3639 540 παρασκευήν
3682 487 3696 502 ⁸
3745 470 4007 541 ἄρχοντες

2455 552 2595 606 ἴδετε
2642 555 2774 607 ποτὲ
2818 555 2977 623 μόνον
3024 557 3084 609 τὸ
3133 556 3394 610 σαπούνιν
3434 557 3501 612 νὰ
3546 556 3831 628 καθαρίζει
3873 561 4007 613 ἄνευ

2453 638 2665 704 ὕδατος,
2694 644 2779 695 vel
2818 643 3061 697 σάπωνα.
3091 642 3356 712 Excerpta
3378 657 3446 698 ex
3470 644 3744 700 veteribus
3772 646 4005 707 Glossis.

2451 740 2713 793 saponem
2750 730 2995 782 σάπωνα.

2524 815 3042 883 Σεϐαστοκράτωρ.
3095 816 3435 886 Nicephorus
3482 816 3748 887 Gregoras
3777 820 3810 873 4
3866 836 3878 871 :
3946 821 4008 871 Ὀ

2453 900 2557 968 μὲν
2588 900 2697 970 γὰρ
2730 902 3191 982 σεσαστοκράτωρ
3215 904 3272 965 ἐς
3301 904 3362 956 τὸ
3392 903 3710 958 δεσποτικὸν
3739 906 4006 972 ἀνάγεται

2451 987 2601 1055 παρὰ
2632 988 2726 1041 τοῦ
2753 988 3022 1058 βασιλέως
3054 990 3349 1060 dilectam—6
3384 992 3442 1045 δὲ
3477 992 3650 1061 μέγας
3675 992 4006 1060 δομέστικος

2449 1074 2505 1135 ἐς
2535 1074 2595 1125 τὸ
2619 1074 2712 1127 τοῦ
2747 1077 3058 1146 Καίσαρος,
3092 1081 3119 1130 ὁ
3149 1078 3203 1130 δὲ
3236 1080 3456 1147 Καῖσαρ
3494 1080 3610 1147 ἅμα
3643 1078 3718 1146 τῷ
3755 1071 4005 1148 πῖνθερῷ

2447 1158 2540 1211 τοῦ
2567 1161 2828 1214 δεσπότου
2854 1167 2910 1225 ἐς
2936 1164 2995 1215 τὸ
3022 1163 3118 1216 τοῦ
3158 1163 3681 1234 σεϐαστοκράτορος.
3735 1164 4006 1235 Georgius

2447 1245 2745 1315 Logotbeta
2802 1251 2855 1305 in
2908 1250 3182 1306 Chronico
3227 1250 3386 1307 CP.:
3439 1252 3856 1321 Ἀναγορευθεὶς
3906 1250 4005 1305 οὖν

2448 1334 2724 1405 Θεόδωρος
2753 1338 3049 1406 βασιλικῶς
3077 1341 3279 1408 ἐχρᾶτο
3314 1342 3427 1401 τοῖς
3458 1341 3782 1409 πράγμασι,
3808 1341 4007 1393 δεσπό-

2446 1435 2545 1482 τας
2584 1438 2640 1472 τε
2696 1424 3034 1492 προὺὸἀλετο
3071 1427 3165 1479 καὶ
3199 1425 3728 1495 σεδαστοκράτορας.
3773 1426 4007 1481 Coronae

2441 1508 2531 1575 jus
2572 1510 2826 1573 habebat,
2861 1530 2981 1581 quae
3033 1524 3211 1569 tamen
3263 1515 3491 1569 multum
3537 1515 3604 1568 ab
3649 1518 4005 1584 imperatoria

2446 1593 2752 1660 differebat,
2790 1606 2848 1650 ut
2877 1599 3067 1653 scribit
3094 1599 3247 1654 Anna
3279 1600 3577 1664 Comnena,
3607 1601 3895 1656 Alexiados
3920 1618 4003 1661 ιιι.

2447 1695 2498 1748 p.
2529 1681 2595 1735 59
2621 1682 2879 1737 editionis
2908 1685 3117 1752 prima.

2516 1768 2804 1834 Σέκρετον
2844 1782 3113 1825 secretum
3147 1813 3161 1835 ,
3214 1774 3593 1829 secretarium.
3652 1774 4008 1830 Andronicus

2442 1854 2653 1917 Junior,
2702 1854 2764 1909 in'
2804 1857 3103 1925 Diplomate
3136 1874 3235 1928 pro
3269 1858 3754 1915 Monembasiotis:
3799 1861 3888 1911 Ἐν
3925 1861 4006 1929 τῷ

2445 1943 2692 2010 σεκρέτῳ
2720 1943 2817 2010 τῆς
2860 1944 3134 2011 βασιλείας
3162 1962 3288 2015 μου.
3319 1945 3454 2001 Vide
3484 1946 3551 2000 ad
3593 1947 3927 2001 Cedrenum.

2512 2030 2799 2083 Σελέ›·τια
2818 2035 3209 2102 κατηχητήριοι
3238 2032 3405 2101 λόγοι.
3440 2033 3500 2088 V.
3528 2033 3729 2088 Meurs.
3758 2043 3815 2089 et
3842 2033 4005 2089 Glos-

2443 2115 2647 2168 sarium
2674 2126 2917 2171 nostrum
2947 2118 3012 2172 ad
3041 2119 3200 2174 Cedr.

2514 2240 2712 2293 Σύλλα
2746 2243 2899 2305 sella,
2938 2243 3208 2315 ἀστράὸη,
3240 2246 3306 2300 ν.
3340 2246 3405 2301 ad
3434 2247 3597 2302 Cedr.

2512 2330 2835 2382 Σεντούκια
2864 2331 3107 2398 κιϐώτια,
3138 2347 3299 2397 ιιι-σας,
3337 2334 3557 2389 scrinia.
3585 2333 3648 2388 V.
3676 2333 4001 2388 Meursium.

2511 2413 2713 2467 Σκάλα
2747 2416 2911 2470 scala.
2942 2417 3001 2470 P.
3031 2419 3097 2471 55
3122 2435 3169 2483 ο,
3199 2418 3456 2488 βαλέσθαι
3480 2419 3694 2489 ξυλίνην
3726 2420 4001 2489 κλίμακα.

2439 2496 2623 2553 Codex
2680 2499 2768 2555 GB
2824 2500 3049 2558 σκάλαν.
3104 2503 3489 2575 Mosclwpulus
3550 2508 3677 2574 περὶ
3737 2507 3946 2574 σχεδὼν
3988 2527 4001 2537 ·

2440 2583 2658 2654 κλίμαξ
2721 2588 2748 2657 ἡ
2815 2590 3009 2651 κοινῶς
3081 2590 3281 2644 σκάλα.
3346 2590 3630 2647 Cedrenus
3682 2610 3694 2645 :
3758 2592 3836 2662 Τῇ
3903 2593 4004 2660 τῆς

2440 2673 2792 2741 ἀκροπόλεως
2845 2678 3017 2747 σκάλᾳ
3063 2678 3383 2747 συνέτριψεν
3419 2680 3614 2749 αὐτήν.
3679 2678 4003 2734 Constanti-

2439 2774 2545 2813 nus
2608 2760 2662 2813 in
2720 2760 2871 2817 Tact.
2929 2764 3035 2816 Καὶ
3087 2765 3289 2829 σκάλας
3326 2763 3562 2831 ξυλίνας.
3599 2766 3768 2821 Hodie
3813 2767 4003 2832 σκαλί,

2439 2856 2499 2901 et
2530 2848 2784 2903 σκαλοῦνι
2822 2852 2981 2907 scala:
3015 2854 3237 2922 gradus.

2511 2936 2853 2991 Σκαλώνειν
2881 2940 3173 3008 appellere.
3210 2942 3275 2995 γ.
3301 2939 3500 2995 Meurs.
3544 2940 3902 3005 Glossarium,
3948 2951 4005 2995 et

2439 3032 2622 3165 notas9
2657 3024 2899 3094 ejusdem
2973 3027 3039 3081 ad
3100 3026 3383 3084 Constant.
3446 3030 3521 3085 De
3593 3028 3792 3084 admin.
3863 3032 4003 3099 imp_

2439 3125 2556 3165 can.
2628 3152 2641 3165 .

2438 3125 2556 3179 cap.
2590 3125 2641 3165 υ.

2509 3220 2765 3289 Σκίγκος
2794 3238 2961 3293 perna
2992 3240 3046 3294 p.
3078 3224 3182 3280 206
3211 3224 3266 3280 d.
3295 3223 3362 3281 V.
3394 3224 3708 3280 Meursium.

2510 3314 2765 3368 Σκλὰϐοι
2828 3317 3065 3385 ὠνητοὶ,
3127 3317 3350 3372 esclaves
3411 3333 3532 3387 pag.
3602 3316 3689 3373 58.
3759 3316 4007 3372 Joannes

2436 3397 2658 3456 Cantac.
2701 3416 2773 3465 iv,
2810 3402 2916 3456 l4:
2973 3402 3063 3468 Ἐξ
3092 3399 3164 3456 ὧν
3216 3405 3329 3472 ἔχει
3379 3406 3471 3473 ἀφ’
3522 3404 3679 3472 ἡμῶν
3722 3404 4002 3456 σκλάὀων.

2438 3487 2579 3541 Hinc
2633 3487 2923 3555 σκλαόοὗν,
2982 3490 3036 3544 in
3082 3492 3399 3545 servitutem
3446 3491 3713 3561 redigere.
3760 3491 4007 3560 Cyr-illus

2438 3574 2749 3645 patriarcha
2783 3575 2887 3630 CP.
2922 3585 3111 3631 contra
3143 3577 3310 3631 Jud.:
3352 3579 3458 3630 Καὶ
3519 3578 3638 3630 τότε
3672 3577 4005 3644 ὲσκλασώθη

2437 3663 2465 3715 ὁ
2495 3661 2759 3733 Ἰεζεκιὴλ
2790 3664 2818 3714 ὀ
2850 3666 3165 3733 προφήτης,
3200 3664 3292 3717 καὶ
3328 3663 3573 3726 ὲτούταις
3603 3666 3659 3717 αἱ
3703 3664 3796 3716 δύο
3832 3664 4007 3716 σκλα-

2439 3747 2616 3809 ϐείαις
2661 3748 2748 3801 ὁὲν
2784 3744 3110 3817 ἦσαντόσον
3146 3750 3411 3821 βαρείαις.
3450 3750 3654 3804 Auctor
3696 3748 3824 3803 CB:
3860 3751 4003 3812 Τοὺς

2435 3837 2491 3891 δὲ
2523 3838 2715 3902 ἄλλους
2749 3839 3228 3895 κατεσκ).ό.6ωσαν.
3264 3841 3339 3894 Et
3383 3856 3544 3894 mox:
3584 3839 3668 3893 Ὠς
3701 3839 3945 3911 ἤκουσεν
3977 3842 4005 3892 ὁ

2438 3925 2691 3997 βασιλεὺς
2732 3928 2995 3997 αὐθέντης
3024 3932 3125 3997 τῆς
3165 3929 3399 3999 Περσίας
3428 3930 3488 3981 τὸ
3516 3928 3631 3990 πῶς
3660 3929 3829 3997 ἕχασε
3868 3948 4007 3983 παν·

2434 4012 2603 4074 τελῶς
2640 4015 2699 4067 τὸ
2730 4015 2887 4076 ἄνθος
2913 4014 3004 4067 τοῦ
3035 4016 3324 4084 φοσσάτου,
3344 4016 3437 4067 καὶ
3459 4016 3611 4074 ὅσους
3632 4015 3893 4068 ὲσκλάσω
3904 4034 4005 4070 σαν

2434 4100 2529 4154 καὶ
2552 4101 2709 4163 ὅσους
2731 4101 3061 4164 ὲσκότωσαν,
3085 4102 3183 4152 οὐκ
3205 4097 3345 4153 οἶδεν
3365 4103 3445 4154 ὅτι
3462 4100 3809 4168 δράσειε.Α1ἰί
3834 4101 4007 4157 σθλάς

2435 4187 2560 4248 6ους
2593 4188 2801 4250 dicunt,
2829 4196 2884 4240 ut
2906 4185 3124 4249 Nicetur,
3152 4200 3274 4256 pag.
3301 4185 3368 4241 85
3393 4187 3446 4239 in
3473 4186 3728 4239 Annotat.
3748 4186 4007 4242 Astram-

2433 4273 2672 4343 psyllius
2705 4290 2718 4326 :
2748 4274 2856 4326 Καὶ
2882 4272 3168 4326 ἀσθένειαν
3197 4272 3439 4342 καρδίας,
3469 4272 3563 4325 καὶ
3603 4272 3707 4324 ἀπὸ
3736 4276 4008 4339 γυναικὸς

2434 4361 2679 4414 σθλάσων
2701 4362 2793 4413 καὶ
2816 4359 3015 4413 δούλων
3038 4359 3256 4429 ζημίαν.
3281 4361 3456 4428 Atque
3489 4360 3557 4412 ita
3582 4359 4005 4428 intelligendum

2434 4448 2651 4502 videtur
2679 4446 2823 4516 quod
2864 4446 3055 4500 scribit
3099 4446 3489 4500 Constantinus
3543 4445 3888 4515 Porphyrog.
3931 4448 4007 4502 De

2435 4534 2603 4587 them.
2626 4532 2725 4586 lib.
2754 4549 2812 4594 ιι,
2842 4533 3010 4585 them.
3038 4531 3069 4586 6
3095 4550 3106 4584 :
3130 4530 3477 4600 Ἐσθλαόώθη
3498 4530 3553 4583 δὲ
3576 4533 3725 4583 πᾶσα
3754 4535 3787 4599 ἡ
3819 4532 4004 4601 χώρα.

2434 4620 2568 4675 llinc
2594 4621 2990 4688 σολαϐογεειῶν.
3038 4623 3191 4674 Anna
3234 4621 3506 4674 Comnena
3555 4619 3833 4673 Alexiadis
3900 4636 3940 4674 ιι
3988 4638 4005 4675 :

2434 4710 2541 4761 Καὶ
2589 4709 2794 4776 μᾶλλον
2842 4708 2953 4760 τῶν
3012 4707 3315 4776 εἰρημένων
3362 4705 3455 4758 δύο
3509 4704 3807 4774 βαρϐάρων
3846 4706 4005 4757 σθλα·

2434 4795 2697 4863 εογενῶν.
2748 4796 2844 4847 τοῦ
2886 4812 2942 4846 τε
2979 4794 3201 4863 Βορίλου
3247 4792 3388 4862 φημὶ
3428 4794 3522 4846 καὶ
3553 4791 3645 4842 τοῦ
3681 4791 4003 4859 Γερμανῶ.

2502 4902 2867 4970 Σκουτάριον
2902 4902 3114 4972 Ουρεός,
3142 4910 3352 4955 scutum
3391 4915 3445 4967 p.
3477 4901 3544 4953 56
3574 4898 3628 4952 d.
3652 4898 4003 4954 Glossarium

2434 5010 2541 5048 ms.
2579 5011 2593 5047 ι
2638 4992 2970 5060 Ἀρτήτομος
3026 4992 3053 5042 ὁ
3084 4989 3332 5056 τελαμὼν
3373 4988 3493 5057 ἦτοι
3537 4989 3565 5037 ὁ
3602 4984 3801 5051 ὶῶρος,
3839 4986 3906 5049 ἐξ
3942 4982 4003 5038 οὗ

2433 5082 2666 5149 ἢρτηται
2700 5079 2760 5130 τὸ
2796 5078 3080 5147 βαλάντιον
3122 5077 3153 5145 ἢ
3187 5077 3246 5126 τὸ
3276 5071 3652 5140 σκουτάριονῆ
3687 5070 3885 5139 ἕτερόν
3922 5090 4003 5126 τι.

2434 5170 2591 5227 Item,
2626 5165 2790 5226 ἀσπὶς
2825 5164 3170 5232 σκουτάριον.
3194 5160 3329 5215 Vide
3352 5160 3418 5214 ad
3442 5158 3779 5213 Cedrenum.

2505 5251 2906 5307 Σκουτέλλιον
2934 5249 3182 5304 sculella.
3226 5248 3288 5303 V.
3320 5245 3632 5301 Mcursium.

2504 5362 2701 5416 Σοίιδα
2730 5360 2894 5414 fossa.
2924 5359 3315 5414 Constantinus
3353 5356 3407 5409 in
3445 5353 3715 5408 Tacticis:
3760 5354 4004 5422 Ποίησον

2435 5450 2681 5519 γύρωοεν
2712 5449 2903 5501 σοῦδαν
2941 5447 3175 5516 βαθεῖαν,
3200 5453 3253 5498 et
3278 5452 3460 5512 postea
3493 5442 3685 5494 σοῦδαν
3712 5442 4002 5510 ὀρύσσειν.

2436 5540 2502 5593 Et
2532 5540 2602 5591 De
2635 5538 2913 5591 administ.
2953 5538 3082 5604 imp.
3116 5534 3202 5585 Ἑν
3246 5526 3289 5599 ᾧ
3331 5532 3425 5583 καὶ
3455 5529 3648 5582 σοῦδαν
3683 5532 3733 5581 cl.
3768 5530 4001 5583 παλαιοὶ

2438 5627 2819 5696 ποιησάμενοι.
2872 5625 2979 5677 Leo
3026 5619 3420 5677 Grammaticus
3469 5634 3477 5667 :
3529 5615 3715 5679 Κόψας
3753 5619 3849 5669 κω
3904 5618 4003 5684 τὴν

2438 5717 2632 5770 σοῡδαν
2671 5716 2945 5767 πλατεῖαν.
