4302 6370
266 421 398 490 1097
1644 395 1998 456 THESAUB
2013 393 2125 454 US.
3345 382 3475 445 1093

259 526 486 594 Πνεῦμα
506 523 563 574 τὺ
595 518 769 586 άγιον.
802 515 912 573 Καὶ
945 513 1179 580 καθεξῆς
1212 511 1484 580 διήγησις,
1516 507 1662 567 ὅπως
1690 520 1812 556 συν·
1844 511 1890 565 Α

1776 522 1812 552 ι-
1844 511 1890 565 Α
1921 502 2088 555 modo
2136 501 2373 556 secunda
2420 498 2662 572 synodus
2713 503 3040 568 congregata
3085 492 3272 558 fuerit,
3305 501 3362 546 et
3408 492 3475 544 de

260 622 392 686 έστη
411 584 465 684 ’ἡ
493 584 718 680 δευτέρα
750 607 984 671 σύνοδος,
1038 606 1133 658 καὶ
1164 602 1293 672 περὶ
1323 603 1431 654 τῶν
1465 596 1817 668 κυρωθέντων

1781 610 1817 645 ιν
1921 592 2336 648 deﬁnitionibus
2393 609 2458 647 ac
2504 591 2741 646 decretis
2792 589 3081 659 ejusdem:
3140 586 3209 641 de
3259 584 3480 639 abdica-

263 678 416 775 παρά
440 678 612 770 αὐτῆς
642 678 664 732 ⁸-
681 699 776 752 καὶ
800 699 898 768 τῆς
922 693 1312 765 παραιτήσεως
1353 690 1447 744 τοῦ
1482 687 1641 754 ἁγίου
1674 687 1816 755 Γρη-
1922 681 1960 775 ti

1778 704 1816 754 ι-
1922 681 2068 736 tione
2142 683 2324 737 throni
2399 678 2989 748 Constantinopolitani
3053 691 3150 746 per
3230 683 3477 729 sanctum

263 770 451 868 γορίου
484 795 581 847 τοῦ
610 790 872 858 Θεολόγου
903 790 1001 855 τῆς
1028 784 1120 837 ἐπὶ
1150 783 1225 853 τῷ
1260 782 1436 851 θρόνῳ
1469 780 1819 868 Κωνσταντι-
1919 771 1961 868 ρ

1780 795 1819 827 ι-
1919 771 2234 843 Gregorium
2278 773 2636 844 Theologum.
2695 773 2924 826 Demum
2981 770 3098 825 loca
3167 776 3479 822 sanctorum

265 856 590 946 νουπόλεως.
627 885 735 936 Καὶ
773 856 911 951 μετὰ
951 875 1124 931 ταῦτα
1150 875 1207 927 αἱ
1250 872 1474 942 χρήσεις
1510 871 1618 921 τῶν
1649 865 1820 932 ἁγίων
1921 862 1964 915 Ρη

1785 881 1820 915 ιν
1921 862 2161 929 Patrum,
2195 866 2340 936 quod
2375 866 2486 933 pari
2531 866 2742 917 honore
2782 860 3120 916 adﬁciendus
3143 859 3214 914 sit
3244 856 3484 928 Spiritus

264 982 321 1032 αἱ
362 979 492 1045 περὶ
531 975 624 1028 τοῦ
675 974 939 1042 ὁμότιμον
988 964 1225 1021 εἶναιτὸ
1262 962 1488 1032 Πνεῦμα
1523 959 1600 1030 τῷ
1646 957 1822 1026 Πατρὶ
1922 969 1963 1008 s:

1036 968 1132 1021 ῖναι
1163 965 1225 1018 τὸ
1262 962 1488 1032 Πνεῦμα
1523 959 1600 1030 τῷ
1646 957 1822 1026 Harp!
1922 963 2163 1020 sanctus,
2193 971 2256 1010 ac
2285 956 2444 1008 Pater
2471 964 2526 1008 et
2546 954 2735 1009 Eilius.

264 1069 361 1122 καὶ
391 1066 469 1136 τῷ
499 1067 656 1134 Λόγῳ
689 1060 1110 1129 ὲκφωνηθεϊσαι.

792 1177 972 1245 Τόμος
1022 1169 1288 1239 ἕϐδομος.
2452 1154 2491 1208 Τ

1251 1190 1288 1235 ς.
2452 1154 2638 1208 Tantus
2682 1153 2950 1222 septimm.

338 1293 479 1361 Περὶ
506 1289 600 1342 τοῦ
635 1289 748 1358 βίου
787 1288 881 1339 καὶ
913 1283 1021 1337 τῶν
1057 1284 1323 1353 αἱρέσεων
1351 1280 1446 1333 τοῦ
1504 1277 1819 1332 ’Δπολλιναο
1939 1358 1952 1361 _

1786 1306 1819 1329 ,ο
1992 1270 2068 1326 De
2095 1270 2206 1325 vita
2240 1277 2297 1322 et
2331 1268 2627 1323 haresibus
2675 1265 3033 1334 Apollinarii:
3067 1275 3124 1319 et
3174 1271 3485 1320 sanctorum

270 1353 533 1449 ρίουίκαὶ
587 1353 693 1431 των
737 1376 1151 1443 ἀνατρεπόντων
1197 1370 1366 1432 αὑτὰς
1414 1368 1674 1441 ῥημάτων
1713 1368 1822 1421 τῶν
1921 1358 1969 1409 ἀι

1789 1386 1822 1420 χν
1921 1357 2365 1425 deiferorumque
2415 1357 2636 1410 Patrum
2693 1356 2858 1419 dicta,
2895 1354 3097 1423 quibus
3138 1353 3241 1406 illa
3301 1354 3488 1406 confu-

266 1471 438 1536 ἁγίων
469 1471 561 1524 καὶ
591 1467 867 1536 θεοφόρων
897 1463 1052 1534 ήμῶν
1077 1462 1359 1531 Πατέρων.
1924 1457 1965 1501 ιε

855 1483 867 1516 ρ
897 1463 1052 1534 ήμῶν
1077 1462 1359 1531 Πατέρων.
1924 1456 2108 1501 tantur
2132 1457 2187 1502 et
2213 1455 2554 1503 evertuntur.

822 1577 1006 1644 Τόμος
1033 1573 1268 1642 ὄγδοος.
2487 1582 2521 1636 Ἰ

1236 1591 1268 1634 Γ·
2487 1581 2674 1636 Tomus
2703 1589 2935 1634 octavus.

339 1695 474 1763 Περὶ
507 1694 600 1746 τοῦ
632 1693 746 1763 βίου
775 1693 870 1746 καὶ
905 1691 1005 1759 τῆς
1059 1688 1325 1754 αἱρέσεως
1366 1685 1679 1754 Νεστορίου,
1728 1684 1822 1737 καὶ
1992 1694 2036 1748 1)

1791 1684 1822 1736 ιὶ
1992 1694 2069 1748 De
2097 1695 2206 1748 vita
2233 1705 2288 1748 et
2325 1696 2521 1750 baresi
2573 1695 2808 1749 Nestorii
2835 1712 2848 1746 :
2887 1693 3063 1762 deque
3089 1693 3250 1747 dictis
3271 1693 3490 1753 divinis,

264 1787 373 1838 τῶν
403 1785 710 1839 θεοπλόκων
735 1783 996 1855 ῥημάτων
1021 1777 1117 1831 τοῦ
1146 1777 1448 1844 άγιωτάτου
1475 1776 1639 1826 Πάπα
1671 1773 1820 1879 Ἀλε-
1851 1819 1895 1878 Β
1923 1800 1963 1854 (ιη

1795 1803 1820 1813 ·
1851 1819 1895 1878 Β
1923 1786 2124 1854 quibus
2145 1788 2526 1879 sanctissimus
2554 1788 2695 1879 Papa
2741 1785 3080 1840 Alexandria
3127 1784 3359 1856 Cyrillus
3390 1784 3494 1838 hu-

267 1878 550 1947 ξανδρείας
577 1877 846 1947 Κορίλλου
865 1913 881 1938 ,
922 1872 1030 1924 τῶν
1059 1868 1472 1940 ἀνατρεπόντων
1502 1868 1603 1936 τὴν
1640 1868 1822 1921 τοιαύ-
1851 1868 1892 1878 “’
1925 1879 1966 1930 ευ

990 1889 1030 1924 »ν
1059 1868 1472 1940 ἀνατρεπόντων
1502 1868 1603 1936 τὴν
1640 1868 1822 1921 τοιαύ-
1851 1868 1892 1878 “’
1925 1878 2155 1933 iusmodi
2199 1878 2451 1934 ᾕρει-θείη)
2474 1878 2689 1933 evenit,

265 1988 366 2042 την
399 1972 634 2042 αἵρεσιν.

797 2077 978 2144 Τόμος
1026 2075 1297 2138 ἐννατος.

1210 2090 1297 2138 ος·
2509 2081 2694 2137 Tomus
2722 2098 2908 2136 nonus.

336 2195 598 2263 Διήγησις
648 2192 758 2244 τῶν
790 2193 930 2244 κατὰ
971 2190 1063 2243 τὸν
1113 2185 1326 2255 Εὐτυχῆ
1373 2186 1468 2238 καὶ
1509 2185 1612 2253 ’τῆς
1656 2184 1820 2236 αὐτοῦ
1994 2189 2035 2243 Ε

1782 2185 1820 2236 ιῦ
1994 2189 2279 2245 Enarratio
2309 2191 2374 2246 de
2409 2192 2570 2246 rebus
2608 2192 2871 2262 Eutychis
2908 2190 3051 2246 etde
3107 2193 3296 2248 haresi
3326 2194 3481 2264 ejus:

265 2287 529 2356 αἱρέσεως
554 2300 567 2313 ”
593 2287 685 2337 καὶ
707 2285 829 2354 ὅρος
861 2284 958 2350 τῆς
988 2279 1129 2334 κατὰ
1157 2277 1249 2330 τοῦ
1284 2277 1522 2329 τοιούτου
1547 2274 1824 2343 Εὑτυχοῦς
1924 2293 1964 2331 ω

1797 2291 1824 2336 ς
1924 2293 1987 2331 ac
2012 2278 2290 2333 decretum
2320 2289 2526 2349 quarta
2567 2291 2766 2334 sancta
2797 2281 2986 2350 synodi
3024 2291 3209 2336 contra
3240 2286 3491 2336 eumdem

270 2375 736 2446 συγκροτηθείσης
769 2375 930 2440 ἁγίας
965 2371 1233 2440 τετάρτης
1268 2369 1506 2421 συνόδου.
1532 2363 1662 2418 Εἶτα
1695 2368 1823 2436 περὶ
1925 2369 1965 2422 Ε

1801 2368 1823 2419 ι
1925 2369 2226 2439 Eu‘tychcn.
2260 2370 2451 2424 Postea
2473 2369 2577 2427 .de
2609 2370 2696 2434 iis,
2731 2370 2822 2439 qui
2880 2370 3139 2424 Dioscoro
3169 2371 3498 2426 Patriarcba

264 2467 376 2518 τῶν
409 2464 960 2533 ἁντιλαμδανομένων
983 2462 1075 2513 τοῦ
1111 2461 1402 2528 Διοσκόρου
1424 2498 1438 2522 ,
1471 2458 1530 2519 ὃς
1559 2459 1824 2526 πατριάρ-
1927 2459 1963 2511 Α

1796 2484 1824 2496 -
1927 2459 2296 2514 Alexandrino
2357 2460 2860 2529 patrocinabantur,
2914 2461 3165 2529 quicum
3229 2462 3495 2532 Eutyche,

265 2574 366 2626 χης
400 2553 468 2625 ἦν
500 2553 926 2622 Ἀλεξανδρείας,
959 2549 1343 2620 συγκαθῃρέθη
1389 2549 1445 2601 δὲ
1484 2549 1562 2619 τῷ
1597 2549 1825 2616 Εὐτυχεϊ
1932 2565 1964 2602 u

1802 2549 1825 2598 ϊ
1932 2558 2122 2617 utpote
2157 2550 2468 2603 earumdem
2498 2549 2782 2604 haresium
2817 2560 3074 2616 assertor,
3105 2555 3498 2610 condemnatus

266 2646 342 2709 ὡς
377 2647 631 2714 όμόφρων
665 2646 795 2712 περὶ
826 2643 934 2696 τῶν
968 2644 1235 2710 αἱρέσεων
1257 2677 1273 2704 ,
1302 2641 1381 2702 εἰς
1432 2638 1496 2691 ἂν
1543 2641 1616 2707 (5)
1676 2633 1822 2691 οὗτοι
1922 2658 1965 2697 ες

1798 2657 1822 2688 ιι
1922 2650 2031 2706 est,
2059 2641 2232 2697 donec
2258 2642 2294 2696 ii
2324 2642 2487 2696 etiam
2521 2643 2676 2697 divisi
2703 2652 2850 2710 sunt,
2886 2661 3003 2701 sese
3033 2645 3497 2715 Diacrinomenos,

266 2737 639 2806 διῃρέθησαν,
678 2733 1127 2803 διακρινομένους
1168 2731 1396 2792 ἑαυτοὺς
1436 2730 1820 2799 ὀνομάσαντες.
1925 2732 1965 2785 ic

1786 2745 1820 2791 ;.
1925 2732 1978 2785 id
2008 2741 2090 2786 est
2119 2743 2445 2803 segregatos,
2468 2736 2828 2804 appellantes.
2861 2736 2918 2789 ln
2948 2737 3050 2790 hac
3101 2753 3232 2792 vero
3300 2755 3485 2792 narra-

280 2829 371 2881 Ἐν
398 2829 573 2898 ταύτῃ
594 2827 651 2879 δὲ
676 2829 742 2896 τῇ
770 2825 1041 2895 διηγήσει,
1080 2823 1172 2874 καὶ
1201 2821 1328 2889 περὶ
1363 2821 1472 2871 τῶν
1519 2820 1823 2888 λεγομένων
1927 2825 1979 2876 ιίε

1798 2837 1823 2870 ν
1927 2825 2072 2877 tione
2101 2824 2344 2893 quadam
2370 2826 2436 2878 de
2478 2826 2564 2891 iis,
2593 2828 2684 2895 qui
2752 2827 3011 2897 Acephali
3037 2829 3396 2896 vocabantur,
3443 2843 3497 2886 et

279 2919 596 2986 Ἀκεφάλων
626 2919 746 2971 τινὰ
773 2958 787 2982 ,
820 2918 913 2969 καὶ
947 2916 1104 2985 μνεία
1151 2916 1399 2968 Ἰωάννου
1432 2913 1820 2982 γραμματικοῦ
1925 2929 1975 2966 m

1795 2913 1820 2964 ῦ
1925 2915 2130 2968 mentio
2153 2915 2376 2969 Joannis
2396 2916 2766 2980 Grammatici,
2796 2919 2888 2989 qui
2915 2919 3249 2987 Philopouus
3307 2923 3494 2989 appel-

265 3010 363 3064 τοῦ
404 3011 701 3078 λεγομένου
737 3010 1052 3062 Φιλοπόνου.
1088 3006 1201 3059 Καὶ
1244 3005 1428 3058 ἔκτοτε
1464 3003 1824 3073 προϐλήματά
1923 3003 1964 3057 la

1795 3003 1824 3055 ά
1923 3003 2158 3057 labatur.
2192 3005 2396 3064 Postea
2450 3022 2580 3062 vero
2629 3010 2961 3077 problemata
3018 3013 3262 3080 quadam
3311 3012 3494 3066 Mono-

269 3121 392 3157 τινα
418 3104 525 3155 τῶν
555 3101 964 3169 Μονοφυσιτῶν,
1003 3099 1250 3168 καὶπρὸς
1290 3097 1464 3150 ταῦτα
1505 3098 1822 3167 ἀντίρρησις
1852 3141 1895 3198 C
1928 3099 1968 3165 ρ

1796 3114 1822 3159 ς
1852 3141 1895 3198 C
1928 3097 2266 3166 physitarum
2300 3115 2314 3151 :
2351 3108 2404 3153 et
2435 3099 2502 3154 ad
2558 3101 2671 3154 hac
2725 3102 3115 3157 autirrheticus
3172 3119 3335 3158 unus.
3390 3104 3495 3159 Dc-

274 3196 396 3263 μία.
433 3194 543 3247 Καὶ
579 3193 834 3261 ὲφεξῆςή
866 3189 1122 3259 ἐπιστολὴ
1154 3190 1246 3241 τοῦ
1290 3189 1514 3249 Λέοντος
1541 3187 1631 3238 τοῦ
1665 3188 1828 3253 ἁγιω-
1857 3187 1895 3198 “”
1932 3206 1973 3241 m

1791 3206 1828 3238 )-
1857 3187 1895 3198 “”
1932 3205 2078 3241 mum
2107 3190 2344 3258 Epistola
2393 3191 2590 3247 Leonis
2631 3194 2959 3248 sanctissimi
3017 3194 3174 3264 Papa
3239 3196 3490 3261 Romani,

272 3287 433 3338 τάτου
468 3285 633 3338 Πάπα
670 3283 910 3352 Ῥώμης,
943 3284 975 3350 ή
1014 3282 1328 3349 πεμφθεῖσα
1361 3281 1496 3349 πρὸς
1521 3280 1620 3348 τήν
1637 3279 1829 3346 τετάρ-
1932 3293 1971 3332 ω

1095 3282 1328 3349 μφθεῖσα
1361 3281 1496 3349 πρὸς
1521 3280 1620 3348 τὴν
1637 3279 1829 3346 τετάρ-
1932 3279 1998 3333 ad
2020 3291 2268 3349 quartam
2312 3283 2576 3354 synodum
2612 3285 2794 3339 missa.

269 3395 370 3446 την
396 3377 630 3430 σύνοδον.

804 3491 987 3560 Τόμος
1038 3488 1308 3554 δέκατος.

1269 3509 1308 3554 Γ·
2513 3493 2697 3546 Tomus
2719 3492 2968 3546 decimus.

347 3602 485 3673 Περὶ
519 3603 616 3672 τῆς
656 3603 909 3671 πέμπτης
967 3603 1208 3664 συνόδου,
1243 3603 1364 3671 ἥτις
1420 3602 1519 3670 τὴν
1564 3603 1832 3672 τετάρτην
2001 3604 2042 3657 D

1794 3621 1832 3670 ιν
2001 3604 2076 3658 De
2101 3605 2290 3674 quinta
2312 3605 2542 3673 synodo,
2571 3621 2692 3674 qua
2722 3613 2969 3673 quartam
3000 3601 3262 3672 synodum
3299 3605 3493 3658 conﬁr—

277 3695 495 3748 σύνοδον
525 3695 770 3763 ἐκύρωσε
803 3695 898 3745 καί
938 3693 1204 3762 ἐκράτυνε
1230 3733 1245 3756 ,
1277 3692 1710 3762 συγκροτηθεῑσα
1742 3694 1834 3744 ἐπὶ
1933 3708 1976 3746 m

1797 3694 1834 3744 :‘.
1933 3693 2102 3746 mavit
2145 3704 2200 3747 et
2253 3693 2505 3755 asseruit,
2564 3707 2792 3762 quaque
2841 3691 3141 3759 imperante
3193 3689 3496 3744 Justiniano

274 3787 374 3853 τῆς
431 3784 708 3854 βασιλείας
771 3782 1180 3835 Ἰουστινιανοῦ.
1224 3784 1311 3835 Ἐν
1362 3783 1417 3836 δὲ
1469 3786 1534 3853 τῇ
1583 3783 1833 3854 διηγήσει
1933 3799 1973 3838 οι

1798 3801 1833 3836 ει
1933 3792 2120 3838 coacta
2151 3792 2253 3839 est.
2288 3784 2343 3838 lu
2372 3784 2692 3838 narratione
2708 3789 2886 3836 autem
2912 3782 2979 3836 de
3015 3781 3105 3836 illa
3152 3782 3380 3851 synodo,
3443 3792 3497 3834 et

274 3876 377 3942 τῆς
414 3875 670 3944 τοιαύτης
705 3875 945 3937 συνόδου,
995 3876 1089 3925 καὶ
1117 3873 1212 3925 τοῦ
1243 3874 1388 3935 ὅπως
1418 3877 1786 3945 συνεκροτήοη
1817 3915 1831 3939 ,
1934 3889 1966 3941 q

1817 3915 1831 3939 ,
1934 3874 2211 3941 quomodo
2240 3874 2466 3928 collecta
2501 3872 2686 3935 fuerit,
2741 3869 3000 3924 inseritur
3048 3871 3268 3924 haresis
3317 3871 3500 3923 Mono-

276 3963 634 4031 εμφέρεταιή
667 3963 876 4031 αἵρεσις
911 3961 1018 4014 τῶν
1058 3961 1469 4030 Μονοφυσιτῶν,
1509 3964 1565 4014 ὲν
1590 3965 1747 4033 μέρει
1776 3964 1831 4017 δὲ
1935 3979 1967 4032 ρ

1799 3965 1831 4017 ἑὲ
1935 3964 2482 4032 physitarum,atque
2512 3964 2674 4018 etiam
2709 3977 2774 4016 ex
2832 3969 2984 4030 parte
3031 3960 3498 4015 Nestorianorum.

275 4055 372 4106 καὶ
422 4054 533 4106 τῶν
571 4054 970 4123 Νεστοριανῶν.
1027 4055 1256 4106 Ἐκτοτε
1302 4054 1478 4123 ψῆφος
1517 4055 1832 4123 Ἐπιφανίου
1934 4055 1974 4107 D

1805 4075 1832 4106 υ
1934 4055 2199 4122 Deinceps
2238 4055 2516 4108 decretum
2544 4053 2830 4122 Epiphanii
2883 4053 3209 4121 patriarcha
3239 4051 3501 4105 Constan-

276 4144 616 4212 πατριάρχου
650 4144 1302 4208 Κωνσταντινουπόλεως,
1334 4146 1427 4196 καὶ
1451 4145 1548 4214 τῆς
1572 4146 1835 4214 ἐνδημού-
1937 4146 1972 4197 ti

1800 4167 1835 4189 ι-
1937 4146 2602 4215 tinopolitani,etsynodi
2666 4145 2865 4198 ibidem
2923 4153 3261 4213 congregata
3313 4155 3499 4198 contra

280 4248 378 4299 σης
407 4234 622 4285 συνόδου
654 4235 796 4285 κατὰ
830 4233 1071 4302 Σεδήρου
1117 4235 1212 4285 καὶ
1256 4233 1444 4302 Ζωόρα
1488 4234 1581 4286 καὶ
1626 4237 1832 4303 Πέτρου
1935 4237 1979 4291 S

1803 4253 1832 4286 o
1935 4237 2217 4301 Severum,
2237 4237 2468 4291 Zooram
2494 4249 2547 4292 et
2569 4238 2786 4292 Petrum
2813 4237 3238 4306 Monophysitas.
3258 4237 3500 4290 Alterum

277 4321 388 4376 τῶν
420 4324 831 4392 Μονοφυσιτῶν.
871 4323 1066 4392 Ἑτέρα
1093 4323 1270 4392 ψῆφος
1299 4325 1460 4391 Μηνᾶ
1489 4328 1831 4394 πατριάρχου
1934 4327 1976 4379 ἀι

1804 4346 1831 4376 υ
1934 4327 2214 4381 decretum
2285 4328 2438 4382 Mena
2512 4329 2832 4397 patriarcha
2916 4328 3501 4396 Constantitt0politani

280 4416 903 4477 Κωνσταντινουπόλεως
959 4417 1098 4468 κατὰ
1141 4414 1248 4468 τῶν
1292 4415 1491 4469 αὐτῶν.
1535 4416 1834 4485 Ἀναθεμαο
1865 4435 1979 4488 hcc

1804 4444 1834 4468 ρ
1865 4462 1911 4488 η
1935 4429 2126 4473 contra
2157 4419 2402 4474 eosdem.
2435 4421 2889 4474 Anathcmatismi
2944 4421 3188 4474 Antlrimi
3225 4430 3503 4488 metropo-

277 4509 464 4575 τισμοὶ
508 4507 763 4576 Ἀνθιμου
796 4507 1199 4577 μητροπολίτου
1225 4506 1637 4577 Τραπεζοῦντος
1666 4506 1833 4558 Μονο-
1865 4506 1908 4519 ν
1934 4508 1973 4561 li

1802 4529 1833 4556 ι·
1865 4506 1908 4519 ν
1934 4508 2046 4562 lita
2075 4509 2487 4578 Trapezuntini,
2518 4511 2611 4579 qui
2644 4510 3019 4579 Mouophysita
3061 4519 3201 4564 erat.
3255 4511 3501 4563 Alterum

278 4599 504 4664 φυσίτου
534 4599 705 4661 ὄντος.
742 4599 937 4669 Ἐτέρα
969 4599 1146 4669 ψῆφος
1185 4600 1276 4651 τοῦ
1308 4599 1470 4652 αὑτοῦ
1502 4601 1838 4668 πατριάρχου
1935 4600 1977 4654 dt

1796 4616 1838 4650 »υ
1935 4600 2216 4654 decretum
2271 4601 2520 4670 ejusdem
2576 4601 2917 4670 patriarcha,
2981 4615 3089 4669 quo
3145 4600 3495 4654 damnabatui

281 4687 644 4758 καθαιρετικὴ
679 4690 772 4742 τοῦ
808 4689 974 4743 αὑτοῦ
1013 4690 1289 4758 Ἀνθίμου.
1319 4691 1551 4742 Ἐκτοτε
1594 4691 1838 4754 διάταξις
1935 4693 1978 4743 Α

1794 4707 1838 4751 ις
1935 4692 2263 4745 Anthimus:
2307 4694 2563 4760 posthac
2594 4693 2910 4746 constitutio
2952 4691 3244 4746 Justiniani
3277 4694 3493 4760 impera-

292 4777 666 4832 Ἰουστινιανοῦ
724 4782 988 4850 βασιλέως
1044 4782 1186 4833 κατὰ
1229 4780 1513 4849 Ἀνθίμου,
1562 4780 1834 4850 Σεϐήρου,
1940 4791 1991 4834 ιο

1819 4823 1834 4848 ,
1940 4781 2072 4834 toris
2108 4792 2297 4835 contra
2330 4783 2666 4846 Anthimum,
2699 4784 2990 4844 Severum,
3023 4782 3265 4844 Petrum,
3289 4794 3342 4836 et
3364 4783 3503 4835 Zoe-

283 4870 512 4937 Πέτρου,
543 4875 634 4924 καὶ
665 4873 870 4943 Ζωόρα.
919 4873 1207 4943 Ἐπιστολή
1256 4874 1502 4926 Ἰωάννου
1543 4873 1836 4942 Ἰεροσολύ-
1935 4887 1982 4924 ra

1810 4905 1836 4915 -
1935 4887 2071 4925 ram.
2110 4873 2351 4940 Epistola
2377 4874 2600 4928 Joannis
2623 4873 3065 4942 Jerosolymitani
3097 4882 3153 4927 et
3210 4874 3503 4943 episc0po-

285 4976 406 5026 μων
459 4966 553 5015 καὶ
592 4965 701 5016 τῶν
750 4964 842 5016 ὑπ’
892 4965 1052 5017 αὐτὸν
1104 4967 1422 5017 ἐπισκόπων
1469 4965 1734 5034 δεχομένη
1769 4967 1838 5020 τὰ
1932 4979 1978 5016 rt

1804 4967 1838 5020 ὰ
1932 4979 2074 5026 rum,
2134 4964 2390 5031 qui-sub
2446 4963 2564 5032 ipso
2619 4972 2798 5028 erant,
2858 4979 2964 5033 qua
3039 4963 3256 5019 decreta
3311 4976 3498 5019 contra

283 5055 427 5108 κατὰ
456 5055 694 5125 Σεσήρου
723 5056 1086 5126 ψηφισθέντα,
1124 5058 1220 5109 καὶ
1245 5059 1388 5125 μετὰ
1409 5057 1584 5111 ταῦτα
1612 5061 1839 5129 χρήσεις
1935 5051 1982 5104 Si

1802 5076 1839 5121 ις
1935 5051 2194 5106 Severum
2217 5054 2577 5122 recipiuntur.
2642 5055 2870 5107 Demum
2921 5055 3041 5108 loca
3087 5053 3233 5107 varia
3287 5060 3501 5108 sancto;

278 5155 528 5222 διάφοροι
557 5153 663 5204 τῶν
688 5153 883 5220 ἁγίων,
912 5153 1050 5205 κατὰ
1081 5152 1185 5205 τῶν
1209 5154 1624 5220 Μονοφυσιτῶν.
1936 5159 1977 5195 τι

1282 5154 1624 5220 ὶνοφυσιτῶν,
1936 5159 2058 5196 rum
2088 5143 2309 5198 Patrum
2339 5154 2529 5198 contra
2557 5145 2981 5216 Monophysitas.

776 5264 959 5332 Τόμος
1011 5264 1348 5328 ἑνδέκατος.
2442 5258 2475 5312 Ἰ

1276 5283 1348 5328 νς.
2442 5258 2628 5312 Tantus
2655 5259 2975 5312 undecimus.

355 5378 516 5431 Κατὰ
543 5377 866 5445 Τριθεῖτῶν.
2008 5380 2049 5434 C

840 5395 866 5431 ι.
2008 5380 2209 5434 Contra
2229 5374 2539 5428 Tritheitas.

773 5491 959 5561 Τόμος
992 5491 1342 5557 δωδέκατος.
2445 5489 2472 5542 Ἰ

1310 5513 1342 5554 τ.
2445 5489 2631 5542 Tomus
2657 5489 3009 5542 duodecimus.

355 5600 512 5653 Κατὰ
540 5599 649 5652 τῶν
694 5601 1227 5672 Ἀφθαρτοδοκητῶν.
2009 5602 2054 5658 0

1071 5601 1227 5671 ητῶν.
2009 5602 2209 5658 Contra
2229 5599 2770 5670 Aphthartodocetas.

358 5757 434 5826 (δ)
477 5758 580 5811 Pro
617 5759 719 5819 ἓως
747 5760 832 5813 ἄν.

607 5853 871 5910 ΡΑτιιοῐ..
907 5851 1020 5909 Gn.
1066 5850 1149 5908 CX
1165 5849 1388 5908 XXIX.

3114 5835 3189 5896 35
