4302 6370
301 361 424 424 1101

679 474 860 541 Τόμος
903 476 1177 540 εικοστὸς
1209 476 1493 545 πέμπτος.

364 583 498 654 Περὶ
522 585 616 637 τοῦ
655 584 926 654 δόγματος
964 587 1081 648 τοῦ,
1128 589 1181 637 '0
1228 589 1426 657 Πατήρ
1470 608 1587 658 μου
1633 594 1854 660 μείζων

294 688 406 736 μου
452 672 662 735 ἐστίν,
707 677 1041 742 ἁναφυέντος
1093 678 1184 729 ἐπὶ
1215 677 1310 730 τοῦ
1353 680 1518 732 αὑτοῦ
1569 681 1852 750 βασιλέως.

292 761 456 830 Ζήτει
504 763 603 832 τὴν
643 763 943 834 λεγομένην
993 770 1314 837 συγγραφὴν
1374 768 1534 832 εὐθὺς
1583 773 1720 839 μετὰ
1755 774 1853 840 τὴν

291 853 531 922 κύρωσιν
561 856 655 908 τοῦ
686 858 926 909 τοιούτου
955 859 1221 928 δργματος
1244 865 1394 931 παρὰ
1419 880 1529 916 τισι
1553 865 1856 936 λεγομένην

290 943 367 1006 ὡς
412 946 485 1014 μὴ
544 949 745 1000 ἐπίπαν
805 951 1180 1021 ἀρεσκομένην
1213 966 1230 985 ⁶
1287 958 1344 1008 ἐν
1460 959 1515 1011 δὲ
1565 963 1853 1030 συγγραφῇ

295 1037 520 1104 χρήσεις
590 1039 778 1108 σχεδὸν
842 1043 1060 1094 πάντων
1116 1044 1225 1096 τῶν
1277 1047 1448 1112 ἁγίων
1501 1049 1854 1117 ὲμφέρονται.

295 1126 428 1195 Περὶ
453 1128 508 1180 δὲ
541 1129 600 1182 τὸ
636 1131 783 1193 τέλος
815 1135 907 1184 καὶ
945 1134 1330 1202 συλλογιστικά
1377 1155 1497 1190 τινα
1543 1141 1811 1208 κεφάλαια
1836 1185 1852 1210 ,

291 1223 423 1288 περὶ
457 1222 550 1272 τοῦ
583 1223 657 1292 μὴ
695 1224 806 1276 δεῖν
833 1224 922 1276 τὸν
952 1227 1189 1293 Χριστὸν
1215 1227 1316 1297 τὴν
1347 1229 1475 1296 μίαν
1510 1231 1809 1287 ὑπόστασιν
1834 1277 1848 1300 ,

290 1311 385 1361 καὶ
415 1311 503 1361 τὸν
533 1311 626 1385 ἕνα
663 1311 866 1382 Κύριον
893 1317 985 1367 καὶ
1010 1315 1134 1366 Υίὸν
1169 1316 1263 1368 τοῦ
1290 1317 1447 1381 Θεοῦ,
1471 1320 1562 1371 καὶ
1593 1322 1733 1388 μετὰ
1755 1325 1853 1392 τὴν

291 1402 709 1472 ὲνανθρὼπησιν
739 1406 1000 1459 ἐλάττονα
1033 1407 1127 1458 τοῦ
1159 1409 1372 1476 [ἰατρὸς
1405 1409 1582 1476 λέγειν
1613 1412 1686 1474 ὼς
1714 1430 1848 1483 cap.-

287 1495 536 1561 κοφόρον.
585 1494 770 1563 Ἥμείς
804 1499 906 1566 γὰρ
940 1496 1110 1549 ταῦτα
1136 1499 1232 1566 οὐχ
1263 1497 1517 1568 εὕρομεν.
1544 1501 1716 1569 (Ἀλλ’
1742 1504 1852 1571 ἐγὼ

285 1582 455 1634 ταῦτα
485 1584 740 1652 εὑρηκὼς
764 1587 1085 1655 προσέθηκα
1119 1589 1258 1656 μετὰ
1299 1588 1397 1656 τὴν
1434 1593 1712 1662 καταρχὴν
1752 1595 1848 1647 τοῦ

285 1675 468 1742 τρίτου
501 1675 670 1744 τόμου
699 1676 800 1745 τῆς
829 1677 1115 1746 παρούσης
1143 1677 1379 1748 βίϐλου.)

707 1788 894 1858 Τόμος
923 1791 1195 1855 εἰκοστὸς
1229 1790 1422 1857 ἕκτος.

357 1900 494 1969 Περὶ
532 1901 626 1954 τοῦ
664 1903 934 1970 δόγματος
969 1903 1061 1956 τοῦ
1099 1903 1236 1957 Θεοῦ
1279 1904 1371 1958 τοῦ
1417 1907 1664 1976 Μωάμετ
1692 1949 1706 1972 ,
1761 1909 1852 1962 τοῦ

288 1992 606 2062 λαληθέντος
637 1995 728 2046 ἐπὶ
752 1995 844 2048 τοῦ
873 1995 1038 2048 αὑτοῦ
1071 1997 1357 2066 βασιλέως.

664 2108 852 2177 Τόμος
921 2111 1193 2176 είκοστὸς
1217 2109 1484 2180 ἕϐδομος.

357 2221 491 2289 Περὶ
541 2221 637 2273 τοῦ
693 2221 962 2291 δόγματος
1024 2224 1134 2275 τῶν
1193 2223 1356 2276 θείων
1397 2227 1715 2295 μυστηρίων
1751 2227 1848 2280 τοῦ

286 2311 599 2378 κινηθέντος
655 2314 746 2364 ἐπὶ
805 2314 905 2382 τῆς
964 2313 1240 2382 βασιλείας
1298 2315 1390 2370 τοῦ
1450 2315 1510 2379 ἐξ
1572 2319 1849 2384 ’Λγγέλων

297 2403 534 2466 Ἀλεξίου
571 2404 664 2456 τοῦ
701 2405 1012 2474 Κομνηνοῦ,
1050 2407 1142 2458 τοῦ
1192 2408 1286 2459 καὶ
1354 2408 1727 2476 κυρώσαντος,
1787 2411 1847 2464 ἇ-

291 2495 506 2565 φθαρτα
540 2495 794 2562 λέγεσθαι
824 2495 993 2550 ταῦτα
1029 2497 1122 2550 καὶ
1152 2499 1226 2566 μὴ
1257 2497 1489 2568 φθαρτά.

358 2667 435 2733 (7)
461 2667 534 2720 De
564 2664 674 2740 hac
706 2670 1083 2740 controversia
1117 2687 1214 2740 per
1252 2672 1584 2726 Demetrium
1613 2671 1845 2738 Lampe-

289 2753 417 2809 num
452 2747 592 2809 mota
630 2739 752 2809 vide
785 2739 1234 2794 Cinnamum’lib.
1282 2758 1353 2804 vt,
1393 2740 1529 2796 llist.
1562 2757 1682 2809 pag.
1726 2741 1846 2804 H'l,

288 2806 532 2877 Nicelam
565 2807 616 2858 in
659 2807 906 2861 Mauuele
937 2813 1215 2863 Comm-no
1255 2813 1349 2864 lib.
1382 2827 1475 2872 vu,
1503 2806 1703 2877 cap—5.

358 2875 433 2943 (8)
467 2877 604 2927 Num
657 2879 1003 2932 anathemate
1061 2880 1414 2932 devovcndus
1473 2875 1642 2935 esset.
1697 2877 1841 2947 quod

286 2945 500 2998 Manuel
532 2947 846 3000 Comnenus
870 2949 1113 3002 vetabat.
1142 2949 1274 3003 Vide
1308 2949 1510 3002 Niceta:
1542 2945 1846 3003 hlanuelem

1569 371 1958 434 THESAURI
2004 378 2146 436 LIB.
2192 379 2236 442 Ι.

3398 394 3533 458 1]le

2384 493 2569 549 Tomus
2600 496 2865 549 vicesimus
2895 498 3122 564 quintus.

2036 604 2110 658 De
2145 605 2394 674 dogmate
2443 607 2554 669 illo,
2589 607 2748 660 Pater
2803 626 2948 662 meus
3001 610 3173 678 major
3202 627 3280 664 mc
3316 622 3390 666 est
3416 614 3531 681 (7),

1965 696 2110 764 quod
2153 699 2256 750 sub
2304 698 2496 751 eodem
2552 699 2879 767 imperatore
2921 711 3169 755 exortum
3203 713 3303 756 est.
3341 703 3531 768 Quare

1966 787 2142 854 ipsum
2179 795 2467 840 tractatum
2499 791 2679 843 statim
2705 799 2824 856 post
2852 790 3014 860 hujus
3034 793 3301 861 dogmatis
3330 796 3534 850 contir-

1967 877 2280 938 mationem,
2330 893 2491 947 quam
2549 879 2767 947 quidam
2813 882 3086 945 dicebant,
3144 899 3250 936 non
3309 886 3535 939 omnino

1967 967 2216 1036 placere:
2256 971 2307 1022 in
2347 984 2457 1037 quo
2490 978 2720 1026 tractatu
2749 971 2860 1026 fere
2909 974 3153 1026 omnium
3209 975 3532 1033 Sanctorum

1964 1058 2082 1110 loca
2103 1058 2428 1112 ali‘eruntur.
2461 1059 2516 1113 In
2549 1061 2654 1115 line
2687 1078 2817 1116 vero
2871 1066 3044 1132 capita
3075 1065 3322 1132 quaedam
3369 1068 3533 1136 syllo-

1964 1151 2175 1219 gistiea,
2205 1151 2349 1219 quod
2377 1166 2484 1205 non
2509 1163 2760 1220 oporteat
2803 1155 3103 1215 Christum,
3136 1157 3230 1225 qui
3284 1153 3369 1211 est
3426 1175 3534 1213 una

1966 1240 2292 1310 hypostasis,
2325 1257 2574 1310 unusque
2617 1243 2877 1297 Dominus
2922 1257 2976 1298 et
3009 1245 3178 1300 Filius
3216 1247 3331 1311 Dei,
3363 1247 3530 1302 etiam

1965 1331 2536 1400 postlucarnationem
2569 1335 2836 1389 minorem
2894 1335 3047 1390 Patre
3113 1336 3530 1408 dieere,utpote

1962 1441 2180 1479 carnem
2207 1423 2493 1476 ferentem.
2527 1424 2635 1478 Nos
2661 1426 2808 1479 enim
2853 1425 2973 1479 haec
3034 1441 3141 1480 non
3201 1427 3529 1495 reperimus.

1965 1515 2220 1569 Etaltera
2245 1531 2443 1567 manu:
2477 1514 2546 1568 At
2583 1530 2683 1584 ego
2704 1532 2828 1569 cum
2883 1518 3231 1584 reperissem,
3263 1529 3386 1588 post
3428 1520 3533 1572 ini-

1963 1609 2096 1660 tium
2126 1606 2268 1661 tertii
2302 1607 2435 1660 tomi
2457 1607 2684 1676 hujusce
2711 1607 2838 1660 libri
2874 1609 3070 1677 adjeci.

2383 1809 2571 1862 Tomus
2611 1809 2881 1863 vicesimus
2907 1821 3105 1864 sextus.

2022 1915 2096 1969 De
2151 1914 2403 1984 dogmate
2458 1915 2553 1968 Dei
2628 1915 2937 1971 Mahorueth
2975 1919 3102 1987 (8),
3135 1922 3277 1990 quod
3336 1923 3526 1978 eodem

1950 2005 2252 2072 imperante
2302 2005 2608 2072 expositum
2645 2003 2770 2061 fuit.

2339 2114 2525 2170 Tomus
2559 2116 2834 2169 vicesimus
2864 2119 3136 2178 septimus.

2023 2231 2096 2284 De
2122 2230 2373 2298 dogmate
2433 2229 2741 2283 divinorum
2799 2233 3186 2300 mysteriorum
3221 2235 3344 2306 (9),
3371 2240 3522 2292 exci-

1947 2330 2057 2375 tato
2087 2321 2190 2376 sub
2225 2320 2458 2389 imperio
2508 2321 2681 2374 Alexii
2733 2321 2997 2376 Comneni
3049 2325 3263 2393 Augeli,
3313 2328 3407 2396 qui
3464 2340 3520 2382 et

1941 2413 2184 2466 decrevit
2220 2411 2335 2464 hazc
2387 2412 2848 2480 ineorruptibilia,
2871 2429 2978 2466 non
3015 2425 3197 2470 autem
3246 2423 3523 2488 corrupti-

1941 2499 2095 2562 bilia,
2126 2498 2233 2552 dici
2261 2509 2535 2567 oportere.

1963 2686 2292 2725 nomnenum
2349 2669 2446 2723 lib.
2495 2686 2576 2734 ιιι,
2609 2684 2730 2736 cap.
2777 2668 2828 2722 6.
2881 2669 3153 2738 Sylburgii
3192 2671 3515 2726 Saracenica

1952 2755 2079 2825 pag:
2118 2740 2208 2821 8_6,
2271 2741 2567 2825 153.mseq.
2616 2740 2896 2794 Vedelium
2935 2741 3002 2793 de
3053 2743 3338 2810 prudentia
3398 2743 3514 2796 Vet.

1954 2808 2214 2864 Ecclesiae
2244 2826 2364 2878 pag.
2397 2808 2522 2862 216.
2558 2825 2672 2878 seq.
3054 2808 3066 2810 ⁷

1954 2948 1962 2949 7
2023 2883 2099 2948 (9)
2125 2880 2324 2932 (Junl'er
2356 2879 2600 2949 Nicetam
2641 2879 2691 2930 in
2721 2878 2912 2931 Alexio
2943 2880 3257 2949 Angelolib.
3281 2897 3359 2944 ιιι,
3393 2895 3509 2948 cap.

1949 2948 2000 3014 5,
2036 2960 2091 3004 et
2119 2950 2282 3003 Mich.
2314 2949 2362 3002 le
2387 2948 2562 3014 Quien
2591 2949 2656 3002 ad
2678 2948 3070 3003 Damasceuum
3097 2959 3135 3005 ι.
3163 2951 3204 3015 l,
3239 2966 3357 3020 pag.
3384 2951 3508 3002 655.

964 3284 1710 3436 NIGETKE
1824 3283 2845 3437 CHONIAT/E

797 3572 1505 3687 THESAUBI
1591 3573 2527 3686 ORTHODOXKE
2615 3573 3001 3684 FlDEl

1445 3815 1801 3904 LIBER
1893 3813 2337 3902 PRIMUS

869 4017 960 4076 De
1008 4010 1536 4090 philosophorum
1586 3989 1984 4075 et‘hmcorum
2033 4019 2091 4071 et
2133 4011 2497 4070 Judteorum
2548 4009 2899 4070 erroribus.

851 4356 1268 4415 PROOEMIUM.

1947 4363 2254 4417 alliictionis
2288 4366 2426 4418 mala
2453 4365 2639 4435 procul
2667 4363 2915 4432 aspellat,
2941 4369 2995 4414 et
3020 4359 3227 4413 meritis
3250 4359 3508 4429 deinceps

349 4455 478 4514 Deo,
515 4450 719 4521 Deique
759 4450 1060 4506 cultoribus
1090 4454 1216 4520 quid
1237 4454 1302 4507 ad
1346 4455 1452 4519 sui,
1477 4469 1684 4523 quazso,
1717 4470 1844 4524 pcr-
1871 4437 1912 4493 (ἶ
1945 4453 2202 4507 laudibus
2252 4452 2580 4506 celebretur.
2636 4452 2901 4505 Caaterum
2937 4449 3027 4518 qui
3081 4449 3148 4500 ad
3183 4449 3352 4502 Deum
3415 4467 3510 4519 [er

274 4546 566 4601 lectionem
597 4544 857 4598 accedere
890 4544 1095 4613 possit?
1151 4545 1242 4598 llle
1292 4545 1460 4610 enim,
1515 4561 1637 4600 cum
1674 4562 1839 4616 expe-

275 4637 568 4690 tendorum
604 4637 847 4689 omnium
881 4635 1116 4704 primum
1148 4643 1201 4687 et
1241 4650 1512 4689 summum
1538 4637 1626 4696 sit.
1649 4652 1837 4690 eorum

272 4735 422 4779 certe
451 4741 570 4794 quae
613 4733 743 4779 sunt
796 4725 848 4778 in
885 4739 1067 4778 rerum
1116 4734 1313 4777 natura
1348 4725 1550 4779 nullius
1607 4725 1837 4794 indiget.

272 4819 556 4887 Siquidem
587 4827 642 4871 et
699 4831 766 4871 ex
818 4817 957 4885 ipso,
1020 4827 1074 4870 et
1128 4832 1226 4885 per
1277 4816 1453 4883 ipsum
1499 4817 1682 4870 omnia
1736 4817 1839 4870 hoc

273 4914 473 4982 ipsum,
509 4923 566 4967 ut
596 4921 800 4975 essent,
856 4911 1042 4966 sortita
1085 4920 1231 4965 sunt.
1296 4912 1358 4964 lli
1409 4921 1589 4965 autem
1620 4912 1837 4965 virtutis

273 5005 564 5069 beneﬁcio,
609 5003 787 5072 quoad
816 5005 933 5072 ejus
979 5002 1295 5056 humanitus
1354 5001 1469 5054 fieri
1525 5010 1720 5070 potest,
1770 5001 1836 5053 ad

275 5097 446 5149 Deum
515 5097 760 5164 proxime
807 5095 1152 5157 accedentes,
1213 5094 1625 5162 divinitatisque
1667 5094 1839 5162 parti-

270 5190 422 5256 cipes
473 5188 675 5250 ell'ccti,
737 5203 805 5240 ex
853 5187 973 5258 ejus
1029 5188 1183 5256 copia
1228 5202 1378 5240 suam
1446 5187 1838 5254 suppleverunt

271 5277 537 5345 inOpiam,
571 5278 680 5329 imo
738 5291 869 5328 vero
923 5276 1067 5329 Deus
1109 5276 1223 5344 ipse
1277 5274 1344 5326 ad
1382 5275 1664 5327 hominum
1714 5284 1836 5326 vota

270 5371 510 5435 seipsum
535 5367 972 5429 accommodans,
1006 5367 1049 5419 si
1092 5367 1222 5435 quid
1251 5381 1439 5419 eorum
1466 5381 1586 5434 qua:
1612 5366 1837 5434 largitus

269 5467 354 5513 est
390 5458 459 5511 ab
506 5457 611 5511 illis
642 5458 929 5521 oﬂ'eratur,
990 5458 1041 5512 id
1091 5460 1139 5512 ei
1189 5469 1522 5527 pergratum,
1582 5467 1835 5522 tanquam

270 5557 482 5602 certum
516 5547 639 5600 ﬁdei
667 5549 968 5616 specimen,
1002 5563 1205 5617 perque
1241 5547 1542 5618 jucundum
1590 5557 1692 5600 est.
1745 5547 1835 5599 lllc

271 5655 402 5693 sane
443 5655 622 5708 neque
669 5639 988 5694 offerentem
1025 5650 1327 5702 aversatur,
1379 5654 1556 5707 neque
1610 5655 1732 5692 raro
1777 5654 1834 5691 se

273 5731 530 5799 precibus
585 5731 698 5800 ipse
747 5733 946 5799 placari
975 5732 1150 5798 jubet,
1197 5739 1254 5785 ut
1298 5731 1398 5784 hoc
1425 5743 1581 5799 pacto
1641 5732 1693 5782 in
1745 5730 1831 5783 die

1944 4547 2204 4600 virtutem
2259 4548 2506 4615 proxime
2538 4544 2823 4607 accedunt,
2862 4557 2964 4596 nec
2997 4541 3247 4595 humana:
3303 4551 3508 4598 natura:

1945 4637 2210 4690 terminos
2243 4637 2590 4705 transgressi,
2623 4650 2724 4688 nec
2768 4634 2990 4688 omnino
3022 4633 3286 4686 Martham
3339 4634 3506 4698 illam,

1943 4742 2064 4794 quze
2093 4728 2310 4795 corpori
2348 4726 2594 4779 curando
2645 4725 2948 4779 necessaria
3001 4725 3218 4790 satagit,
3247 4729 3506 4785 aversati,

1945 4818 2110 4870 rebus
2146 4818 2368 4886 insuper
2395 4833 2518 4870 cum
2567 4815 2732 4870 Maria
2786 4814 3222 4883 contemplandis
3287 4814 3507 4877 intenti,

1941 4918 1999 4961 et
2028 4908 2167 4961 comi
2209 4908 2645 4978 supplicantibus
2697 4907 2934 4975 alloquio
2993 4906 3348 4974 respondent,
3407 4921 3509 4958 nec

1942 5016 1999 5055 sc
2028 5016 2250 5068 prorsus
2288 5000 2656 5068 implacabiles
2694 5000 2819 5066 illis,
2854 4999 3318 5066 inexpiabilesque
3365 5013 3506 5065 prte-

1944 5107 2111 5156 staut.
2144 5105 2198 5150 et
2229 5112 2348 5165 qtue
2401 5097 2467 5149 ad
2495 5097 2830 5165 Spiritualem
2882 5096 3047 5148 vitam
3081 5095 3390 5149 necessaria
3423 5094 3506 5145 vi-

1943 5189 2164 5248 dentur,
2210 5188 2427 5240 candidi
2489 5189 2804 5256 petentibus
2858 5187 3179 5256 impertiunl
3217 5203 3229 5238 :
3263 5185 3502 5238 vicissim

1940 5280 2104 5332 etiam
2169 5279 2269 5346 ipsi
2333 5294 2672 5348 quwcunque
2725 5280 2981 5331 virtutem
3028 5292 3138 5331 non
3170 5277 3502 5339 adulteram,

1941 5367 2353 5437 benignissime,
2380 5367 2424 5422 si
2464 5377 2846 5438 suggerantur,
2879 5367 3182 5436 excipiunt.

2012 5459 2118 5511 Ilac
2145 5460 2324 5527 itaque
2359 5459 2424 5511 de
2454 5476 2633 5520 causa.
2683 5460 2765 5512 vir
2793 5461 2973 5513 animo
3005 5472 3124 5512 meo
3176 5457 3335 5526 longe
3370 5457 3501 5509 cha-

1943 5549 2180 5611 rissimc,
2245 5564 2346 5616 ego
2374 5550 2594 5617 quidem
2627 5549 2760 5601 nihil
2792 5564 2983 5601 eorum
3031 5549 3232 5617 quibus
3261 5545 3330 5600 ali
3380 5563 3505 5599 cor-

1943 5655 2045 5707 pus
2105 5649 2160 5691 et
2216 5642 2512 5693 sustentari
2548 5641 2705 5704 solet,
2740 5640 2929 5707 pietati
2975 5647 3080 5693 tua:
3131 5638 3499 5707 suppeditan,

1942 5746 2004 5782 ex
2032 5743 2139 5796 quo
2186 5737 2239 5781 tu
2284 5733 2558 5785 communi
2619 5747 2830 5786 mecum
2871 5733 3080 5800 jactura
3138 5731 3389 5798 gentibus
3436 5737 3502 5783 ab
