4302 6370
772 346 904 408 1103

1983 338 2277 399 ΝΙΟΕἯΕ
2311 336 2722 398 CHONIAT/E

3885 333 4037 401 1104

767 459 1025 513 Occiduis
1054 457 1230 510 natale
1273 456 1455 511 solum
1506 462 1721 510 vertere
1776 463 2001 509 coactus
2044 470 2124 508 es.
2167 454 2343 521 Atque
2370 454 2419 512 Α
2448 453 2653 507 nullius
2699 467 2811 506 non
2863 450 3224 521 turpitudinis
3254 458 3386 507 nota
3427 449 3758 523 insignibus,
3792 449 3847 505 in
3892 466 4025 506 sen-

770 555 884 606 hazc
928 567 996 605 eo
1040 565 1173 604 sane
1199 565 1306 603 non
1370 549 1515 613 dico,
1569 551 1698 617 quia
1748 547 1952 601 nullius
1991 561 2184 600 eorum
2219 560 2341 614 qua:

767 652 895 694 sunt
948 641 1000 692 in
1036 652 1212 691 rerum
1244 645 1436 689 natura
1479 636 1593 704 ipse
1631 634 1896 703 indigeam
1929 634 2055 704 (hoc
2085 633 2231 687 enim
2274 648 2340 687 ne

768 731 913 784 Elias
945 727 1186 795 quidem,
1242 726 1560 779 sobriorum
1616 726 1817 793 alioqui
1863 724 2341 795 jejunantiumque

769 820 1044 891 primitur),
1072 817 1343 887 prtestitit.
1376 818 1569 886 Afferes
1623 817 1771 871 enim
1830 819 1998 879 mihi,
2040 818 2219 885 inquit
2252 818 2341 872 illc

769 913 970 976 vidua},
1001 911 1286 964 buccellam
1317 926 1519 979 quoque
1559 912 1712 979 panis
1765 918 1813 962 et
1863 911 2018 977 facies
2054 910 2177 962 mihi
2233 910 2338 961 uri-

772 1023 917 1059 mum
944 1004 1338 1058 subcinericium
1380 1017 1594 1071 panem,
1619 1002 1741 1068 [iiiis
1773 1011 1948 1054 autem
1971 1000 2073 1053 tuis
2103 1009 2279 1070 postea
2304 1000 2343 1053 ¹.

772 1098 885 1149 Imo
935 1110 1089 1158 vero,
1144 1107 1213 1146 ne
1262 1108 1417 1146 meus
1461 1092 1682 1161 quidem
1745 1090 1834 1144 ille
1898 1091 2152 1164 idemque
2216 1100 2346 1144 tuus

774 1186 975 1249 Jesus,
1008 1184 1101 1251 qui
1146 1183 1413 1252 tantisper
1459 1181 1588 1234 dum
1636 1180 1689 1233 in
1742 1181 1907 1235 terris
1938 1190 2187 1235 versatus
2242 1190 2345 1244 est,

778 1277 844 1329 iis
890 1289 1028 1343 Opus
1077 1273 1289 1336 habuit,
1339 1287 1461 1340 qua:
1517 1272 1714 1325 alendo
1766 1272 1983 1340 corpori
2039 1272 2347 1325 necessaria

772 1377 921 1427 sunt,
959 1365 1051 1419 sed
1081 1381 1196 1416 cum
1218 1365 1535 1432 jejunasset,
1564 1374 1744 1431 postea
1769 1364 1951 1416 esuriit
1984 1363 2027 1428 ',
2064 1374 2124 1416 ut
2150 1364 2347 1416 huma-

772 1460 962 1511 nitatis
991 1464 1286 1522 assumptae
1317 1455 1477 1507 ﬁdem
1505 1453 1767 1522 laceret);
1795 1469 1985 1506 verum
2018 1453 2146 1522 quia
2181 1453 2350 1507 bene-

773 1547 1045 1608 volentiae,
1101 1560 1207 1612 qua
1255 1554 1306 1598 te
1344 1559 1667 1612 prosequor,
1723 1544 2009 1612 spirituale
2054 1545 2153 1599 tibi
2186 1560 2349 1614 quam

773 1639 1065 1707 corporale
1095 1636 1375 1705 specimen
1406 1636 1494 1689 edi
1549 1637 1743 1699 mavis,
1793 1646 1852 1690 ut
1907 1637 2000 1705 qui
2055 1635 2187 1691 satis
2235 1639 2352 1706 ipse

776 1749 874 1801 per
906 1741 957 1784 te
1011 1738 1381 1783 commeatum
1433 1729 1522 1782 vix
1579 1728 1712 1780 mihi
1762 1744 2051 1797 superesse
2106 1731 2347 1792 noveris,

2444 559 2565 598 sum
2594 544 2806 599 scilicet
2850 545 3150 613 reprobum
3197 543 3358 613 lapsi,
3403 543 3470 597 ad
3516 558 3691 613 eaque
3752 543 4037 607 facienda,

2443 652 2564 704 quze
2600 634 2826 688 minime
2880 635 3237 700 conveniunt,
3279 635 3551 704 proclives
3596 636 4035 703 impertivimus.

2446 718 2523 781 Ex
2578 741 2691 794 quo
2749 727 2960 791 evenit,
3010 737 3071 780 ut
3119 743 3227 780 una
3263 729 3509 780 omnium
3559 728 3861 797 eademque
3898 742 4041 789 vox,

2446 833 2614 871 unum
2671 817 2927 886 idemque
2985 818 3191 871 labium
3238 819 3293 872 in
3351 819 3533 873 varias
3587 829 3644 873 et
3694 818 4046 887 multiplices

2446 909 2661 979 linguas
2687 912 2965 965 evaserint
2998 929 3009 962 :
3054 920 3219 980 atque
3273 911 3467 966 eadem
3497 926 3664 980 opera
3700 913 3899 965 unicus
3940 912 4042 964 ille

2446 1002 2541 1055 Dei
2573 1005 2755 1057 cultus
2805 1004 2858 1056 in
2913 1004 3129 1058 diversa
3184 1005 3492 1073 linguarum
3534 1004 3793 1056 idiomata
3844 1003 4043 1057 multi-

2448 1093 2686 1161 plicatus
2729 1094 3114 1162 disseclusquc
3169 1095 3262 1160 sit,
3313 1104 3372 1148 ut
3404 1096 3490 1148 vix
3528 1094 3823 1164 quicquam
3869 1109 4043 1160 repe-

2450 1188 2580 1251 rias,
2615 1187 2670 1239 in
2694 1202 2805 1255 quo
2830 1190 3065 1257 majores
3097 1204 3259 1255 quam
3297 1188 3350 1240 in
3378 1204 3441 1242 ea
3482 1204 3604 1257 qua:
3633 1189 3699 1242 de
3734 1189 3844 1241 Deo
3868 1189 4045 1241 insti-

2451 1279 2625 1333 tuitur
2680 1281 2894 1333 ratione
2930 1280 3223 1334 varietates
3267 1281 3554 1334 exsistant.
3606 1280 3889 1350 Siquidem
3943 1281 4046 1333 alii

2450 1372 2580 1436 alia,
2614 1372 2709 1425 alii
2748 1374 2878 1426 item
2910 1372 2980 1427 ab
3029 1372 3116 1426 his
3145 1374 3385 1437 diversa,
3418 1374 3619 1442 aliique
3662 1390 3855 1427 rursus
3899 1374 4049 1427 sibi-

2454 1464 2592 1534 ipsis
2650 1465 2950 1530 contraria,
2991 1465 3229 1534 denique
3272 1466 3340 1519 ab
3371 1466 3522 1519 hisce
3559 1467 3651 1519 alii
3681 1466 4048 1521 dissentanea

2452 1555 2752 1611 commenti
2776 1565 2905 1610 sunt
2935 1565 2991 1609 et
3029 1556 3355 1611 docuerunt.
3403 1556 3670 1621 Quoeirca
3700 1568 3759 1609 ut
3785 1567 4046 1611 veterum

2451 1648 2618 1703 etiam
2677 1647 3057 1717 theologorum
3106 1647 3358 1716 plerique
3410 1648 3481 1702 de
3535 1649 3838 1703 haeresihus
3891 1650 4047 1702 seri-

2454 1740 2691 1808 pserint,
2750 1756 2861 1793 non
2918 1749 3097 1793 tamen
3150 1741 3439 1794 universas
3500 1739 3702 1809 singuli
3745 1750 3872 1795 sunt
3930 1755 4051 1794 uno

775 1823 868 1891 qui
901 1820 1196 1874 comitibus
1250 1817 1387 1872 lllCiS
1432 1828 1485 1870 Cl
1526 1817 1797 1871 ministris
1839 1818 2048 1871 alendis
2098 1804 2428 1882 sufﬁciath
2457 1804 2855 1887 vcommchmrio
2909 1834 3205 1902 complng’
3253 1847 3356 1887 nec
3406 1804 3690 1901 sigillalin)
3743 1849 4051 1902 percurre-

778 1929 903 1967 cum
938 1912 1245 1980 preescrtim
1295 1910 1644 1979 peregrinam
1694 1909 1747 1962 in
1803 1909 2080 1978 regionem
2125 1910 2356 1963 commi-

779 2004 1074 2074 graverim,
1139 2016 1193 2055 ct
1259 2002 1322 2053 ad
1380 2001 1650 2071 Bithyniae
1720 2002 2068 2069 metropolim
2128 2002 2356 2054 Nicaeam

781 2096 1200 2150 tabernaculum
1257 2093 1495 2155 ﬁxerim,
1542 2092 1636 2144 ubi
1692 2092 1836 2156 vitae,
1878 2093 2024 2161 quod
2082 2102 2357 2162 superest,

779 2190 931 2242 velut
980 2186 1193 2240 inutilis
1220 2177 1398 2247 exsul,
1433 2182 1752 2252 advenaque
1789 2182 2104 2250 despicatus
2135 2183 2358 2251 agitem.

781 2282 1054 2337 Cmteruui
1104 2278 1248 2346 quod
1280 2292 1308 2328 a
1344 2291 1430 2330 me
1484 2290 1860 2344 smpenumero
1908 2274 2267 2343 requisivisti,
2307 2281 2363 2328 et

783 2372 1063 2442 ﬂagitasti.
1104 2369 1155 2422 id
1191 2385 1321 2422 vero
1348 2368 1445 2421 tibi
1494 2367 1831 2436 perlibenter
1876 2366 2134 2430 exhibeo,
2167 2366 2360 2419 elucu-

788 2467 999 2518 hratam
1051 2463 1263 2516 scilicet
1296 2469 1346 2514 et
1402 2461 1736 2513 elaboratam
1776 2458 2059 2513 haereseon
2116 2459 2363 2511 omnium

787 2557 1142 2626 farraginem,
1200 2567 1403 2606 munus
1484 2551 1706 2619 quidem
1785 2559 1957 2614 certe,
2022 2549 2169 2618 quod
2228 2549 2364 2603 nulli

786 2665 980 2702 eorum
1010 2662 1131 2716 qua:
1158 2646 1413 2698 homines
1444 2643 1495 2695 in
1524 2643 1701 2711 pretio
1729 2642 1949 2705 habent,
1993 2641 2363 2709 postponitur,

790 2741 886 2793 sed
913 2749 971 2793 ut
999 2740 1155 2807 longe
1187 2737 1433 2791 omnium
1480 2734 1938 2803 pretiosissimum
1982 2740 2037 2785 et
2097 2731 2369 2785 excellen-

790 2834 1065 2887 tissimum
1132 2830 1436 2896 iudicatur,
1498 2841 1623 2880 cum
1681 2826 1748 2878 ab
1811 2826 1881 2878 iis
1946 2824 2039 2891 qui
2109 2823 2367 2892 pietatem

787 2936 1092 2990 eorumque
1150 2921 1289 2973 adeo
1346 2918 1737 2987 cognitionem,
1810 2931 1931 2985 qua:
1992 2916 2060 2969 de
2118 2915 2372 2969 Numinis

789 3016 943 3070 cultu
982 3014 1189 3067 sentire
1223 3021 1384 3079 atque
1431 3026 1529 3078 pro
1579 3009 1711 3062 ratis
1743 3008 1945 3061 habere
1977 3018 2213 3076 oportet,
2263 3022 2371 3061 cm-

793 3109 927 3162 teris
978 3106 1143 3160 rebus
1194 3104 1455 3158 omnibus
1510 3102 1783 3155 anteferre
1826 3100 2045 3155 solent:
2082 3110 2194 3153 tum
2243 3114 2372 3152 vero

792 3200 878 3252 vel
906 3197 1141 3250 maxime
1173 3195 1241 3248 ab
1268 3195 1334 3247 iis
1363 3194 1455 3263 qui
1481 3208 1590 3245 non
1624 3193 1826 3245 multos
1876 3191 2129 3245 evolvere
2174 3192 2367 3257 libros,

797 3292 999 3345 nedum
1032 3286 1709 3354 haereseoncognitionem
1738 3283 1966 3351 adipisci
2004 3292 2253 3352 possunt,
2288 3282 2370 3335 vel

796 3385 927 3454 quia
960 3381 1186 3436 lectioni
1216 3395 1415 3433 vacare
1460 3376 1745 3431 commode
1802 3377 1911 3429 illis
1959 3376 2231 3443 integrum
2264 3390 2374 3429 non

794 3484 901 3538 est,
952 3474 1039 3526 vel
1089 3473 1215 3541 quia
1274 3471 1382 3524 alio
1442 3468 1676 3522 artilicio
1730 3466 2094 3535 explorato:is
2159 3467 2373 3521 Satanae

797 3566 954 3621 dolos
983 3583 1011 3618 a
1041 3580 1097 3617 se
1118 3563 1329 3616 amoliri
1362 3562 1693 3615 didicerunt.

875 3656 1240 3725 Hippocrates
1299 3652 1468 3722 igitur
1504 3651 1593 3705 ille
1631 3650 1780 3706 Cous
1813 3650 1879 3705 de
1925 3662 2041 3705 arte
2073 3650 2373 3716 disserens,

802 3766 924 3822 qua:
953 3749 1235 3803 hominum
1262 3743 1561 3798 valetudini
1602 3744 1861 3806 consulit,
1892 3743 2039 3796 hunc
2073 3744 2127 3796 in
2156 3744 2377 3797 modum

806 3840 1154 3911 perapposite
1214 3835 1577 3888 ratiocinatur
1639 3850 1652 3886 :
1707 3834 1762 3886 Si
1815 3834 1981 3886 homo
2015 3849 2184 3887 unum
2248 3834 2381 3887 sim-

808 3934 1000 4004 plexve
1034 3929 1165 3998 quid
1203 3935 1371 3989 esset,
1403 3926 1593 3979 dolore
1645 3937 1795 3978 certe
1828 3925 1978 3978 nullo
2030 3936 2126 3979 aut
2184 3927 2379 3981 morbo

810 4024 1165 4077 adiceretur:
1209 4028 1264 4072 at
1312 4017 1564 4085 quisquis
1610 4017 1831 4085 pietatis
1870 4016 2150 4071 studiosus
2183 4028 2285 4080 est,
2327 4031 2382 4073 et

808 4110 1104 4166 multiﬁdas
1129 4111 1409 4162 haerescon
1444 4108 1650 4160 formas
1680 4122 1821 4176 aegre
1855 4106 1983 4170 fert,
2042 4124 2149 4161 non
2184 4110 2382 4162 absur-

812 4208 879 4259 de
911 4219 1043 4258 sane
1088 4204 1162 4256 ita
1216 4200 1580 4254 ratiocinatus
1627 4199 1719 4252 sit.
1763 4200 1820 4252 Si
1870 4201 1925 4253 in
2003 4201 2231 4268 pristina
2292 4202 2384 4256 illa

810 4296 1128 4349 conditione
1156 4292 1647 4362 acquievissemus,
1681 4299 1805 4344 nec‘
1834 4307 1897 4345 ea
1948 4292 2253 4360 despicatui
2285 4294 2383 4347 ha-

810 4392 1142 4452 buissemus,
1181 4403 1302 4455 quae
1331 4385 1645 4454 praescripta
1680 4383 1841 4437 nobis
1868 4392 1923 4437 et
1960 4385 2227 4452 imperata
2264 4388 2384 4439 fue-

2460 1934 2606 1979 runt.
2643 1924 3028 1980 Theodorctus
3081 1925 3251 1990 enim,
3303 1924 3389 1978 vir
3422 1926 3477 1979 in
3521 1925 3723 1979 divinis
3764 1926 4047 1980 exercita-

2462 2018 2731 2083 tissimus,
2766 2018 2984 2072 illarum
3040 2019 3345 2087 catalogum
3396 2019 3698 2083 contexuit,
3730 2020 3877 2087 quod
3916 2029 4051 2072 ante

2461 2125 2586 2164 eum
2615 2110 2709 2162 alii
2743 2122 2964 2179 quoque
3018 2109 3291 2176 fecerunt,
3338 2110 3569 2180 illasque
3617 2113 3767 2165 velut
3819 2125 3849 2163 e
3913 2127 4051 2180 pro-

2464 2203 2647 2256 cinctu
2682 2202 3157 2268 dissecuerunt,et
3214 2214 3470 2271 tanquam
3526 2203 3711 2257 fenum
3770 2213 4049 2257 tectorum

2464 2293 2697 2348 ﬂammis
2741 2294 3073 2364 injecerunt,
3111 2304 3383 2363 quotquot
3431 2294 3546 2349 suis
3602 2297 3869 2365 cujusque
3909 2308 4051 2349 lClIl-

2466 2387 2697 2456 poribus
2731 2395 2935 2441 exortae
2977 2396 3126 2450 sunt,
3155 2388 3305 2439 velut
3334 2388 3548 2442 aconita
3580 2388 3810 2453 scilicet,
3844 2389 4051 2457 quibus

2466 2477 2680 2531 sincera
2708 2492 2939 2547 quaeque
2970 2490 3480 2547 corrumperentur.

2539 2567 2708 2621 Liber
2759 2577 2969 2631 autem,
3014 2570 3105 2637 qui
3147 2568 3454 2637 dogmatica
3498 2570 3755 2639 Panoplia
3794 2571 4051 2625 inscribi.

2470 2659 2576 2714 bur
2642 2660 2744 2727 (1),
2799 2666 2861 2711 ut
2919 2661 3131 2728 priscas
3176 2660 3413 2713 haereses
3477 2662 3865 2730 compendiose
3918 2678 4052 2717 sane

2471 2751 2838 2814 recensuerit,
2871 2758 3036 2818 atque
3080 2766 3109 2804 a
3147 2751 3389 2805 Sabellio
3432 2752 3585 2817 Afro,
3638 2762 3693 2805 et
3742 2755 4052 2814 nonnullis.

2471 2843 2565 2911 qui
2603 2850 2849 2910 tempora
2902 2841 3048 2894 illius
3106 2851 3527 2910 pr:ecesserunt,
3560 2844 3773 2896 initium
3808 2842 4054 2905 duxerit,

2472 2949 2595 3005 quae
2628 2943 2776 2987 certe
2800 2948 2828 2985 a
2858 2932 3111 2986 Patribus
3136 2933 3203 2986 ad
3256 2933 3472 2987 illarum
3523 2936 3869 2989 eversionem
3907 2936 4055 2987 dicta

2474 3025 2605 3091 sint,
2636 3026 2926 3095 permultis
2956 3026 3008 3078 in
3053 3026 3395 3079 sectionibus
3423 3027 3774 3095 praeterii-isit
3818 3045 3830 3079 :
3872 3040 4055 3095 neque

2401 3137 2443 3194 ο
2479 3120 2809 3171 mentionem
2844 3118 3011 3170 ullam
3060 3117 3211 3181 fecit,
3265 3119 3537 3171 undenam
3586 3118 3905 3171 earumdem
3954 3133 4056 3170 au.

2477 3223 2659 3267 ctores
2686 3219 2868 3264 ortum
2896 3209 3214 3274 habuerint,
3251 3209 3667 3278 cujusmodique
3697 3212 3864 3263 vitam
3901 3210 4055 3263 vixe-

2478 3308 2588 3358 rint

2547 3395 2660 3465 Ego
2697 3409 2826 3448 vero
2874 3392 3060 3463 pietati
3098 3401 3202 3446 tua:
3234 3392 3593 3462 gratiﬁcatus,
3621 3392 3890 3464 facileque
3924 3412 4053 3449 con-

2473 3488 2673 3559 jiciens
2697 3486 2828 3555 quid
2880 3486 2981 3539 tibi
3032 3500 3199 3554 super
3238 3500 3301 3537 ea
3340 3502 3396 3537 re
3452 3498 3794 3554 proposztum
3845 3498 3899 3539 et
3946 3490 4054 3557 jam

2478 3580 2840 3635 constitutum
2868 3579 2961 3643 sit,
2990 3578 3226 3631 haarcses
3254 3594 3372 3646 qua:
3394 3578 3504 3647 jam
3531 3580 3658 3631 olim
3684 3589 4055 3643 emerserunt,

2480 3672 2537 3725 in
2570 3670 2997 3725 commentarios
3041 3669 3303 3739 redigam,
3355 3680 3576 3723 nostras
3611 3671 3820 3738 aliquot
3865 3672 4054 3722 confu-

2482 3764 2737 3826 taliones,
2826 3763 3147 3831 perspicuas
3211 3762 3435 3831 quidem
3500 3762 3621 3817 illas
3678 3772 3733 3815 et
3792 3764 4053 3817 dilucidas

2482 3856 2906 3923 subjuncturus.
2976 3854 3184 3907 Deinde
3243 3869 3335 3907 eas
3395 3870 3615 3924 quoque
3684 3856 4052 3924 agglutinabo.

2484 3963 2717 4019 quarum
2771 3948 3083 4016 Dogmatica
3111 3946 3368 4016 PanOplia
3398 3949 3669 4009 meminit,
3696 3950 3818 4000 illos
3839 3951 4053 4001 interim

2483 4054 2594 4093 non
2619 4040 3115 4108 prmtermissurus,
3142 4039 3236 4106 qui
3265 4040 3331 4092 de
3364 4039 3667 4092 hmresibus
3692 4041 4051 4107 scripserunt,

2486 4140 2691 4185 utnon
2748 4130 2927 4183 solum
2965 4129 3280 4197 ldaSphema
3329 4129 3418 4181 illa
3476 4131 3713 4183 convitia
3756 4132 3851 4183 tibi
3906 4136 4055 4184 inno-

2490 4228 2721 4283 tescant,
2744 4234 2865 4287 quae
2906 4218 3091 4271 saeculi
3117 4220 3278 4288 hujus
3304 4219 3582 4287 sapientes
3614 4236 3709 4274 ore
3751 4222 3806 4274 in
3861 4224 4053 4275 caelun‘

2488 4321 2769 4380 protento,
2795 4310 3062 4364 adversus
3086 4312 3255 4365 Deum
3284 4323 3677 4367 eructaverunt
3706 4331 3718 4364 :
3758 4315 3856 4368 sed
3899 4319 4052 4369 etian‘

2493 4404 2770 4456 undenam
2804 4413 2987 4456 ortum
3020 4403 3301 4467 duxerint,
3356 4405 3775 4473 cujusmodique
3812 4407 4055 4475 Spartan;

812 4490 955 4543 rant,
987 4494 1156 4533 unum
1213 4478 1402 4544 utique
1455 4476 1626 4529 Deum
1678 4474 2049 4539 novissemus,
2099 4485 2265 4545 atque
2314 4463 2511 4547 ita!)l

2361 4493 2388 4530 ³
2417 4463 2469 4523 D
2498 4494 2647 4548 nacti
2677 4494 2807 4548 sint.
2854 4493 2971 4558 Qua
3020 4492 3074 4546 in
3122 4497 3513 4563 consequentia
3545 4497 3810 4550 nonnulla
3842 4513 4060 4566 quoque

811 4588 879 4625 ex
913 4573 1031 4639 ejus
1080 4576 1216 4622 nutu
1251 4565 1733 4634 dependissemus,
1768 4574 1826 4617 ut
1859 4566 2045 4619 nullus
2075 4567 2143 4618 ab
2185 4582 2251 4621 eo
2290 4583 2391 4621 nos

813 4677 1056 4731 unquam
1083 4671 1428 4713 transversos
1467 4672 1629 4725 agere
1657 4656 2072 4725 distrahereque
2099 4659 2390 4727 potuisset,

810 4769 901 4817 eo,
928 4753 1175 4819 inquam,
1208 4748 1302 4818 qui
1331 4762 1437 4800 nos
1481 4747 1600 4799 luto
1638 4744 1797 4797 linxit
1839 4746 2266 4814 ct-ell'orinavit,
2293 4750 2389 4817 qui

812 4845 984 4898 verbo
1019 4858 1120 4896 suo
1164 4855 1366 4908 corpus
1415 4838 1522 4891 hoc
1584 4836 1965 4891 universitatis
2022 4838 2278 4893 fundavit
2334 4852 2390 4894 et

811 4936 1103 4998 exstruxit,
1136 4946 1283 4985 nunc
1313 4939 1496 4983 autem
1543 4929 1776 4983 consilio
1806 4930 1925 4998 ejus
1975 4931 2084 4995 usi,
2134 4934 2229 5000 qui
2288 4948 2388 4986 ne-

813 5030 1002 5099 quitia:
1023 5041 1187 5079 omne
1221 5039 1392 5093 genus
1415 5033 1609 5077 auctor
1644 5032 1748 5085 est,
1784 5023 1903 5075 laxa
1951 5023 2041 5077 illa
2092 5031 2148 5077 et
2188 5026 2393 5093 magni-

815 5121 915 5173 lica
965 5116 1207 5187 paradisi
1262 5113 1601 5167 habitatione
1651 5114 1835 5183 ejecti,
1885 5122 1940 5167 et
1990 5128 2020 5166 a
2082 5122 2236 5182 grato
2293 5114 2389 5166 Dei

815 5220 1113 5279 conspectu
1148 5208 1340 5277 procul
1390 5206 1611 5260 abducti
1662 5221 1856 5260 sumus
1896 5220 1909 5256 :
1962 5204 2103 5257 mala
2150 5207 2389 5275 denique

815 5302 1047 5372 priSIina
1088 5299 1460 5354 deterioribus
1520 5297 1889 5358 cumulantes,
1930 5295 2178 5349 divinum
2210 5298 2385 5362 illum,

816 5396 910 5466 qui
954 5394 1054 5447 soli
1092 5394 1201 5446 Deo
1255 5390 1553 5461 peculiaris
1608 5397 1712 5453 est,
1765 5389 1997 5451 cultum,
2047 5389 2300 5457 gloriam,
2334 5400 2389 5444 et

818 5487 1221 5555 adorationem,
1249 5485 1559 5549 elementis,
1608 5482 1809 5547 brutis,
1856 5491 2023 5551 atque
2071 5482 2388 5539 hominibus

894 5628 909 5657 ¹
934 5627 1004 5682 111
1040 5628 1174 5698 Reg.
1209 5625 1452 5693 “11,15.
1526 5626 1550 5656 ³
1575 5618 1763 5677 Matth.
1803 5639 1877 5688 tv,
1924 5623 1975 5679 l.

892 5775 916 5832 ι
925 5775 971 5837 ll
1002 5772 1297 5848 Euthymio
1322 5771 1595 5829 monacho
1626 5769 1904 5841 Zigabeno
1935 5778 2175 5828 auctore.

2491 4599 2756 4651 attexam,
2814 4602 2935 4654 quae
3006 4585 3287 4655 proposito
3344 4598 3670 4655 argumento
3715 4591 4062 4657 perapposita

2488 4680 2785 4741 videntur,
2829 4686 2891 4729 ut
2934 4676 3223 4745 multiplici
3274 4663 3579 4731 voluminis
3620 4681 3786 4732 unius
3839 4679 4064 4733 historia

2488 4769 2754 4839 gaudeas,
2785 4782 2853 4821 ex
2887 4781 3064 4835 eoque
3098 4781 3411 4835 panaeaiam
3452 4782 3736 4837 excerpas,
3787 4786 3895 4837 qua
3922 4772 4064 4823 velut

2488 4857 2730 4910 amuleto
2785 4864 2835 4908 te
2876 4870 2904 4907 a
2956 4856 3289 4925 perniciosis
3322 4856 3593 4926 dogmatis
3619 4859 3895 4929 integrum
3952 4875 4064 4913 sar-

2491 4952 2715 5012 tuinque
2747 4951 2948 4997 tectum
2976 4957 3292 4998 conserves.

3103 5079 3330 5136 CAPUT
3371 5080 3413 5136 l.

2486 5193 2733 5248 Mosaicae
2756 5191 3010 5247 Geneseos
3058 5196 3315 5264 synopsis,
3374 5196 3438 5246 ab
3470 5196 3675 5249 Adamo
3721 5199 3792 5251 ad
3850 5199 4063 5255 Moser".

2566 5308 2807 5361 Adamus
2836 5308 3080 5361 omnium
3120 5308 3329 5376 primus
3371 5322 3401 5361 a
3432 5308 3543 5362 Deo
3572 5326 3637 5364 ex
3663 5312 3832 5367 humo
3872 5314 4055 5369 forma-

2499 5405 2586 5453 tus
2621 5408 2726 5463 est,
2776 5408 2939 5467 atque
2980 5400 3129 5452 vitali
3175 5401 3367 5470 Spiritu
3411 5402 3642 5468 alIlatus,
3694 5420 3758 5459 ex
3798 5418 4065 5462 costarum

2498 5503 2724 5545 suarum
2756 5505 2862 5545 una
2906 5490 3075 5547 Evam
3100 5493 3205 5549 sibi
3251 5495 3483 5551 similem
3520 5498 3702 5553 emisit
3732 5517 3745 5552 :
3790 5507 3908 5554 tum
3942 5519 4064 5562 non.
