4302 6370
271 361 404 426 Ηυὸ

1550 371 1942 436 THESAURI
1979 373 2124 436 LIB.
2167 373 2216 436 Ι.

3380 374 3512 439 1106

269 489 462 550 gentos
493 478 718 549 triginta
752 495 945 547 annos,
979 490 1339 555 posteaquam
1369 485 1440 540 ob
1471 495 1840 558 trangressum
1872 487 1916 544 Α
1944 485 2149 541 Jacobo
2204 482 2493 540 duodecim
2544 483 2638 539 lilii
2692 483 2805 541 nati
2870 494 3021 549 sunt,
3082 499 3312 554 quorum
3371 501 3517 540 unus

269 570 484 624 Domini
519 579 850 640 preceptum
910 574 1167 642 paradiso
1193 574 1516 630 exturbatus
1543 587 1650 641 est,
1708 577 1836 632 Cai-

272 676 425 725 num,
458 676 560 716 nec
616 661 688 716 ita
727 664 900 717 multo
955 673 1079 733 post
1131 665 1356 721 Abelem
1397 668 1608 736 genuit,
1666 667 1844 724 Caete-

273 768 392 805 rum
430 751 634 806 Cainus
696 753 852 808 Abeli
885 755 1176 810 insidiatus
1213 757 1364 811 illum
1402 759 1616 813 tandem
1647 760 1701 813 in
1730 759 1844 828 agri

273 844 573 898 solitudine
638 845 1042 915 deprehensum
1103 851 1397 906 interfecit.
1467 852 1596 907 Post
1665 853 1849 907 Abelis

274 934 475 988 cadem
529 935 732 990 Sethus
759 938 970 993 Adamo
1009 942 1272 996 nascitur.
1311 943 1500 1013 itaque
1545 944 1614 997 ab
1645 944 1851 999 Adamo

282 1027 664 1095 transgressio,
704 1043 734 1081 a
762 1027 933 1084 Caino
962 1032 1137 1086 caedes
1191 1031 1409 1087 initium
1435 1033 1632 1089 habuit
1659 1053 1671 1088 :
1709 1043 1769 1089 ut
1799 1046 1854 1090 et

277 1129 310 1167 a
336 1114 560 1180 Jaredo,
623 1119 717 1185 qui
749 1119 977 1187 quintus
999 1135 1028 1174 a
1053 1119 1220 1176 Setho
1252 1121 1376 1185 fuit,
1421 1124 1707 1192 spurcitia,
1758 1141 1854 1178 ve-

283 1207 565 1274 neficium,
618 1210 930 1280 praestigiae,
983 1223 1039 1267 et
1093 1214 1445 1270 adulterium.
1493 1216 1675 1271 Jaredi
1711 1216 1856 1271 ﬁlius

279 1300 384 1352 fuit
406 1300 690 1364 Enochus,
726 1303 818 1370 qui
862 1303 973 1359 Deo
1012 1315 1201 1374 gratus
1233 1317 1283 1360 et
1312 1318 1571 1377 acceptus
1604 1324 1632 1363 a
1659 1324 1855 1363 corru-

279 1403 375 1459 pto
397 1394 638 1461 parentis
669 1395 920 1448 instituto
962 1397 1217 1452 descivit.
1264 1399 1365 1454 IIic
1418 1402 1610 1470 genuit
1646 1400 1859 1454 Mathu-

285 1485 576 1549 salemum,
634 1487 729 1553 qui
787 1487 1119 1542 Lamechum
1167 1492 1439 1559 suscepit,
1509 1492 1654 1546 Noaei
1714 1492 1861 1546 illius

283 1583 517 1642 patrem,
575 1578 734 1645 cujus
789 1580 1129 1647 temporibus
1162 1580 1371 1635 diluvio
1414 1591 1557 1637 totus
1593 1592 1861 1636 terrarum

291 1666 445 1719 orbis
494 1666 730 1721 obrutus
775 1677 880 1723 est.
913 1671 991 1724 Ex
1031 1672 1290 1726 omnibus
1342 1688 1507 1742 porro
1545 1675 1864 1729 mortalibus

289 1757 440 1810 solus
471 1755 561 1811 hic
602 1773 710 1811 una
732 1773 856 1812 cum
897 1761 1076 1815 tribus
1129 1763 1276 1824 filiis,
1313 1763 1498 1827 Semo,
1532 1763 1759 1826 Chamo.
1810 1775 1865 1819 et

293 1846 548 1915 J'apbeto,
578 1863 719 1903 arcae
745 1864 906 1918 quam
936 1851 1029 1905 Dei
1060 1853 1211 1921 jussu
1239 1869 1303 1906 ex
1351 1854 1679 1923 incorruptis
1703 1855 1861 1924 lignis

288 1948 658 1995 exstruxerat.
691 1949 747 1994 et
789 1941 1027 2010 undique
1057 1944 1350 2012 picaverat,
1380 1947 1714 2000 adminiculo
1744 1947 1855 2000 sal-

293 2045 392 2083 vus
420 2032 612 2085 evasit.
637 2031 905 2086 Caeterum
940 2044 1127 2087 sextus
1155 2051 1182 2088 a
1216 2035 1378 2090 Semo
1402 2037 1671 2092 Phalecus
1701 2053 1863 2091 exor-

293 2133 382 2176 tus
413 2131 518 2187 est,
573 2125 731 2194 cujus
760 2132 1083 2194 tempestate
1112 2128 1276 2182 turris
1305 2138 1601 2194 exstructa,
1639 2131 1864 2200 linguae-

292 2228 400 2282 que
455 2213 698 2269 confusa:
753 2224 900 2268 sunt.
967 2215 1223 2272 Confusis
1281 2219 1414 2275 orbe
1470 2229 1586 2275 toto
1642 2222 1863 2291 linguis.

300 2306 509 2373 primus
553 2305 798 2360 omnium
836 2305 1178 2364 Netnbrodus
1218 2310 1512 2381 zEthiopia:
1560 2329 1618 2367 se
1686 2329 1866 2382 regem

297 2409 695 2467 tyrannumque
756 2399 914 2455 dixit.
967 2399 1144 2470 Hujus
1206 2409 1262 2456 et
1310 2402 1525 2458 Phaleci
1581 2407 1869 2473 posteritas

300 2489 620 2542 statuariam
646 2504 676 2543 e
706 2488 886 2558 figlina
916 2491 1266 2560 excogitavit.
1301 2494 1467 2548 Porro
1499 2505 1622 2550 ante
1659 2497 1870 2550 Tharazi

301 2591 552 2650 tempora
609 2581 794 2634 nullus
849 2591 1001 2650 patre
1047 2583 1200 2651 prior
1230 2584 1366 2638 vivis
1395 2588 1700 2642 excessisse
1738 2589 1872 2659 legi-

302 2685 411 2728 tur.
462 2675 601 2740 Quia
653 2684 836 2728 autem
871 2673 962 2728 hic
1000 2675 1139 2729 idola
1193 2677 1310 2731 luto
1364 2678 1619 2748 effingere
1661 2684 1872 2750 primus

300 2767 584 2823 adinvenit
629 2768 849 2836 suique,
867 2769 1048 2822 saculi
1076 2769 1388 2824 hominibus
1415 2771 1723 2840 hujusmodi
1759 2791 1874 2829 sce-

305 2860 438 2913 leris
465 2867 655 2913 auctor
684 2859 808 2920 fuit,
845 2858 1052 2913 idcirco
1099 2861 1279 2928 justas
1319 2869 1484 2930 atque
1523 2879 1714 2931 graves
1765 2881 1877 2933 pce-

305 2965 403 3004 nas
437 2950 655 3003 Numiui
692 2948 908 3003 tandem
943 2949 1244 3018 persolvit:
1281 2952 1373 3004 cui
1421 2952 1680 3007 nimirum
1732 2955 1877 3009 ﬁlius

305 3039 472 3092 Arras
498 3038 788 3091 immatura
816 3045 988 3092 morte
1023 3048 1325 3108 praereptus
1370 3048 1471 3105 est,
1528 3052 1587 3095 ut
1619 3042 1704 3097 his
1746 3059 1880 3112 quo-

306 3143 412 3197 que
430 3127 615 3182 verbis
637 3127 914 3196 Scriptura
953 3137 1182 3181 testatur
1209 3145 1223 3182 :
1250 3129 1318 3182 Et
1340 3138 1576 3183 mortuus
1607 3141 1681 3184 est
1713 3133 1879 3187 Arras
1912 3149 1953 3208 ο
1988 3127 2056 3180 ab
2085 3126 2202 3194 ipso
2232 3125 2550 3193 DrOdUt‘laS.
2595 3124 2888 3177 secundam
2930 3140 2944 3176 ε

313 3229 437 3272 ante
477 3219 757 3272 Tharceum
806 3227 1008 3287 patrem
1053 3235 1207 3271 suum
1237 3219 1276 3272 ³.
1311 3220 1570 3274 Colorum
1619 3232 1879 3291 praeterea

316 3313 591 3380 pigmenta
643 3325 674 3363 a
742 3309 988 3364 Serucho
1043 3311 1345 3379 excogitata
1397 3322 1544 3376 sunt,
1587 3315 1788 3382 quibus
1817 3331 1882 3368 cx

315 3403 590 3472 figmentis
653 3401 1024 3468 improborum
1093 3402 1453 3470 quorumdam
1507 3413 1880 3473 tyrannorum,

318 3491 712 3559 hominumque
743 3491 1142 3545 sceleratorum
1179 3492 1486 3555 ἁποΟέωσις
1529 3494 1580 3546 in
1613 3494 1744 3549 orbe
1771 3505 1882 3549 ter-

315 3601 500 3640 rarum
533 3585 779 3638 inolevit.
845 3585 1119 3652 Pritnique
1154 3584 1288 3638 adeo
1344 3587 1595 3639 omnium
1643 3586 1884 3658 Egyptii

316 3691 372 3735 et
399 3680 607 3750 Assyrii
649 3680 714 3733 ad
756 3694 894 3742 onus
941 3688 1048 3732 tam
1101 3680 1205 3734 vile
1261 3689 1318 3735 ct
1372 3681 1642 3752 abjectum
1693 3691 1885 3751 sponte

320 3771 592 3838 provoluti
626 3779 774 3824 sunt.
811 3770 982 3823 Paulo
1031 3779 1153 3839 post
1195 3771 1247 3823 in
1281 3771 1500 3825 Graecos
1532 3774 1694 3825 etiam
1739 3790 1888 3833 mor-

327 3868 428 3915 bus
463 3862 552 3914 hic
571 3869 849 3929 grassatus
883 3873 986 3921 est,
1022 3877 1129 3929 quo
1164 3871 1412 3929 tempore
1470 3863 1577 3915 illis
1627 3864 1886 3929 Cecmps,

328 3954 563 4023 Assyriis
586 3953 760 4006 Ninus
784 3961 837 4006 et
863 3952 1180 4007 Semiramis
1209 3961 1498 4021 praerant.
1538 3953 1671 4006 Nam
1717 3953 1890 4007 Ninus

323 4059 378 4102 et
405 4048 641 4115 Cecrops
667 4047 857 4100 eodem
893 4061 1002 4114 quo
1029 4045 1372 4101 Abrahamus
1404 4057 1651 4115 tempore
1690 4047 1890 4102 vixisse

328 4140 598 4192 feruntur.
661 4137 1004 4189 Abrahamus
1053 4135 1143 4188 hic
1191 4151 1283 4190 sex
1343 4136 1482 4190 filios
1532 4153 1597 4190 ex
1652 4136 1892 4191 Cethura

326 4231 581 4298 suscepit,
607 4244 635 4281 a
662 4228 860 4297 quibus
882 4227 1065 4280 felices
1085 4227 1313 4290 Arabes,
1339 4228 1681 4291 Madianaeos,
1722 4229 1889 4282 alias-

327 4335 433 4389 que
486 4327 697 4388 gentes,
729 4326 789 4371 ut
814 4319 881 4370 ab
906 4318 1082 4386 Agare
1120 4318 1441 4382 Ismaelitas,
1473 4319 1739 4387 originem
1788 4320 1892 4372 dn-

333 4413 476 4465 xisse
514 4409 791 4463 memoriae
822 4409 1100 4477 proditum
1155 4417 1258 4461 est.
1313 4409 1626 4463 Abrahamo
1677 4411 1890 4464 tandem

1944 576 2098 639 Levi,
2157 592 2320 645 quem
2381 576 2542 630 tertia
2604 577 2952 644 generatione
3021 575 3349 630 subsecutus
3428 582 3515 627 est

1947 667 2144 729 Moses,
2177 682 2288 736 quo
2326 667 2467 721 duce
2493 676 2552 720 et
2578 675 2807 720 auctore
2837 667 3002 721 Israel
3038 666 3203 720 duras
3227 665 3514 734 Egyptio-

1956 775 2075 811 rum
2112 773 2309 812 manus
2340 759 2534 822 evasit,
2572 760 2735 813 Mosis
2760 774 2922 828 porro
2960 758 3298 827 temporibus
3349 755 3415 810 Jo
3463 756 3515 808 in

1949 847 2158 902 Graecia
2195 847 2446 913 florebat,
2485 864 2646 917 quam
2691 847 2932 918 Egyptii
2979 847 3087 900 Isin
3140 846 3411 903 dicebant.
3463 852 3521 898 et

1953 945 2012 990 ut
2057 937 2213 991 deam
2249 939 2673 992 venerabantur.
2722 938 2903 993 Atthis
2931 952 3150 1007 quoque
3183 935 3520 1006 temporibus

1955 1029 2063 1084 illis
2093 1029 2237 1099 apud
2267 1030 2635 1086 Athenienses
2661 1029 2895 1084 celebris
2920 1039 3059 1085 erat.

2608 1167 2758 1222 CAP.
2801 1167 2847 1221 ll

2012 1278 2311 1334 Gra'rorum
2346 1279 2709 1347 mysteriorum
2744 1281 2922 1349 origo,
2959 1278 3485 1349 philosOphorumque

2661 1359 2833 1403 sectis.

2031 1483 2184 1548 Quod
2255 1481 2320 1535 ad
2375 1481 2688 1537 Graecorum
2743 1480 3000 1552 mysteria
3058 1480 3326 1550 pertinet,
3385 1479 3527 1548 apud

1966 1577 2206 1645 Phrygas
2227 1615 2240 1637 ,
2269 1573 2592 1636 thnicas,
2625 1583 2681 1627 et
2714 1573 2996 1645 Egyptios
3027 1575 3119 1627 illa
3152 1575 3321 1627 fuisse
3353 1573 3528 1641 prius,

1967 1687 2130 1743 atque
2161 1674 2298 1728 adeo
2329 1690 2356 1727 a
2385 1669 2695 1742 Babyloniis
2726 1669 2968 1728 inventa,
2996 1666 3298 1733 Cadmique
3324 1674 3532 1732 tempo-

1969 1768 2121 1821 ribus
2153 1766 2205 1819 in
2240 1764 2503 1820 Grmciam
2537 1761 2795 1815 translata
2827 1759 3104 1811 memoria:
3130 1755 3404 1825 proditum
3427 1762 3531 1810 est.

1968 1856 2082 1910 Imo
2129 1855 2391 1911 nonnulla
2425 1868 2490 1908 ex
2524 1851 2631 1906 illis
2658 1850 2908 1918 Orpheus
2933 1847 3267 1917 excogitasse
3322 1847 3492 1900 fertur
3519 1888 3532 1911 ,

1971 1949 2174 2019 quibus
2209 1958 2334 2017 post
2355 1961 2482 2001 eum
2513 1945 2602 1999 alii
2637 1957 2855 2011 quoque
2884 1941 3154 2009 permulta
3193 1939 3533 2009 adjecerunt.

1970 2043 2149 2095 Divisa
2187 2055 2350 2109 porro
2381 2039 2524 2092 inter
2562 2052 2620 2091 se
2660 2035 2971 2092 Graecorum
3001 2047 3217 2102 quoque
3256 2033 3535 2102 mysteria,

1970 2144 2025 2188 et
2051 2136 2105 2187 in
2145 2133 2408 2202 plurimas
2439 2131 2678 2184 hareses
2713 2128 2948 2184 dissecta
2981 2126 3224 2179 fuerunt.
3293 2123 3540 2177 Philoso-

1971 2225 2203 2294 phorum
2257 2224 2404 2278 enim
2450 2221 2586 2275 alios
2615 2221 2956 2289 Epicureos,
3004 2218 3140 2271 alios
3189 2215 3536 2276 Platonicos.

1973 2315 2112 2368 alios
2139 2313 2267 2368 item
2301 2329 2330 2366 a
2363 2312 2548 2366 Samio
2577 2310 2900 2380 Pythagora,
2935 2308 3069 2361 alios
3103 2321 3132 2359 a
3173 2305 3390 2360 Zenone
3429 2303 3542 2359 Cit-

1976 2404 2121 2464 tiaeo,
2159 2401 2296 2454 alios
2328 2399 2564 2469 denique
2596 2400 2663 2452 ab
2691 2399 2811 2452 aliis
2845 2397 3227 2451 denominatos
3260 2395 3428 2451 fuisse
3456 2394 3540 2449 in-

1979 2501 2060 2547 ter
2103 2505 2294 2544 omnes
2321 2490 2482 2558 plane
2513 2498 2748 2544 constat.

2625 2623 2775 2678 CAP.
2817 2623 2904 2676 Ill.

2333 2738 2488 2792 Plato
2515 2738 2576 2790 de
2609 2738 2767 2790 trium
2794 2752 2970 2789 rerum
3002 2738 3222 2796 causis._

2053 2854 2128 2908 Ex
2169 2854 2368 2924 quibus
2424 2853 2577 2907 Plato
2633 2851 2853 2921 quidem
2919 2853 2972 2904 in
3033 2852 3228 2905 Attica
3279 2860 3440 2906 natus
3493 2860 3548 2904 et

1984 2948 2203 3003 adultus
2221 2963 2250 3001 a
2269 2946 2380 3002 Deo
2405 2946 2499 3016 qui
2525 2944 2673 3000 solus
2698 2955 2802 3010 est,
2821 2945 3004 3000 omnia
3031 2955 3236 3010 creata,
3261 2944 3548 3014 ipsumtu

1988 3038 2124 3091 adeo
2155 3037 2436 3091 materiam
2470 3037 2702 3105 primam
2733 3052 2746 3088 :
2780 3043 3076 3104 potestates
3116 3050 3244 3090 vero
3285 3035 3546 3104 quasdam

2993 3139 3113 3176 eam
3145 3123 3381 3192 denique
3429 3139 3547 3192 qua:

1985 3227 2040 3271 et
2070 3217 2138 3270 ab
2171 3216 2361 3271 eodem
2394 3223 2448 3269 et
2482 3231 2512 3269 a
2563 3216 2926 3284 potestatibus
2958 3214 3094 3282 ipsis
3126 3213 3282 3278 fluit,
3333 3215 3545 3268 tertiam

1985 3324 2171 3363 eorum
2227 3323 2347 3375 quae
2391 3309 2446 3360 in
2492 3322 2677 3360 rerum
2729 3315 2921 3359 natura
2967 3313 3095 3358 sunt
3144 3319 3360 3358 causam
3424 3320 3545 3358 esse

1985 3400 2224 3454 dicebat.
2257 3399 2515 3452 Mundum
2551 3414 2681 3452 vero
2731 3410 2790 3450 ut
2841 3397 3106 3466 genitum,
3135 3396 3208 3449 ita
3256 3404 3310 3449 et
3357 3411 3548 3448 corruo

1986 3491 2157 3562 ptioni
2205 3492 2503 3545 obnoxium
2566 3491 2977 3558 pronuntiabat.
3031 3490 3175 3543 Idem
3240 3490 3545 3542 animorum

1991 3584 2398 3653 μεταγγισμοὺς
2427 3581 2649 3635 tradi-lit
2675 3600 2687 3634 :
2714 3597 2823 3649 quo
2850 3581 3113 3635 vocabulo
3138 3597 3242 3633 una
3272 3589 3325 3633 et
3357 3578 3544 3632 eadem

1990 3676 2170 3728 anima
2218 3676 2460 3728 humano
2514 3675 2754 3727 resoluta
2812 3687 3042 3742 corpore
3080 3673 3132 3724 in
3174 3671 3320 3724 aliud
3353 3686 3549 3738 corpus

1990 3768 2073 3821 vel
2115 3767 2357 3821 hominis
2380 3767 2578 3826 denuo.
2617 3766 2698 3819 vel
2729 3765 2908 3829 bovis,
2941 3764 3023 3818 vel
3048 3762 3276 3816 aliorum
3303 3760 3549 3813 animan-

1991 3861 2151 3921 tium,
2183 3856 2348 3910 etiam
2378 3855 2617 3909 ferarum
2649 3856 2883 3924 alicujus
2913 3855 3146 3923 migrare
3194 3851 3550 3921 significatur.

1993 3951 2141 4004 Idem
2179 3950 2535 4018 impudentes
2559 3962 2775 4018 quoque
2802 3948 2870 4000 de
2913 3959 3210 4015 puerorum
3257 3943 3554 4004 amoribus,

1995 4043 2422 4113 nuptiarumque
2457 4041 2849 4096 communitate
2888 4041 3038 4107 leges
3066 4039 3208 4092 tulit.

2643 4175 2792 4232 CAP.
2833 4177 2899 4230 IV

2280 4292 2587 4362 Pythagorw
2611 4291 2772 4361 {utilis
2791 4287 3283 4360 nugatorisdeliria.

2069 4406 2285 4461 Samius
2340 4413 2521 4458 autem
2573 4404 2908 4475 Pythagoras
2960 4402 3156 4472 integri
3218 4399 3564 4469 quadriennii

330 4515 531 4554 annum
563 4500 783 4552 circiter
815 4499 1176 4552 centesimum
1227 4501 1428 4567 agenti,
1478 4511 1643 4569 prout
1693 4503 1899 4569 promi-
1929 4485 1972 4538 ι)
2003 4499 2280 4553 silentium
2329 4499 2579 4552 docebat.
2627 4498 2830 4552 Adhuec
2887 4510 3017 4549 suos
3094 4494 3454 4556 hortabatur,
3508 4499 3568 4543 ut

331 4603 500 4655 serat,
534 4592 678 4644 Deus
706 4591 947 4644 Isaacum
991 4590 1236 4653 donavit,
1285 4593 1377 4659 qui
1415 4601 1473 4644 ut
1509 4594 1800 4655 honorum,
1829 4593 1901 4646 ita

331 4695 388 4737 et
420 4682 642 4736 virtutis
675 4690 918 4750 paterna:
948 4682 1125 4734 haeres
1154 4682 1380 4736 exstitit.
1411 4681 1551 4741 Iluic
1584 4684 1742 4736 liberi
1771 4685 1900 4746 duo,

333 4775 506 4829 Esaus
543 4782 599 4826 et
621 4772 859 4827 Jacobus
895 4773 1008 4826 nati
1043 4783 1194 4839 sunt,
1224 4788 1458 4843 quorum
1515 4774 1688 4829 Esaus
1717 4790 1903 4829 crasso

337 4867 619 4935 pilosoque
684 4879 918 4932 corpore
978 4864 1193 4919 deliciis
1252 4866 1516 4934 gaudens,
1585 4868 1905 4935 caeterisque

338 4955 715 5025 voluptatibus
765 4954 1004 5018 deditus,
1076 4955 1353 5010 civitatem
1405 4957 1679 5010 exstruxit
1740 4973 1900 5026 quam

339 5050 627 5112 Edomam,
671 5046 891 5099 nomine
936 5045 1193 5099 nimirum
1241 5047 1504 5102 instituta:
1542 5049 1757 5102 vivendi
1792 5049 1904 5103 for-

345 5156 443 5193 mae
469 5137 813 5208 perapposito
857 5141 1090 5192 vocavit.
1155 5139 1325 5192 Edom
1376 5139 1522 5193 enim
1581 5141 1761 5194 carnis
1815 5141 1902 5194 in-

340 5231 782 5291 flammationem,
817 5243 910 5281 seu
936 5229 1211 5296 pruritum
1242 5231 1530 5300 significat.
1562 5233 1795 5297 Quintus
1833 5233 1901 5287 ab

342 5319 448 5371 hoc
477 5318 599 5384 pius
635 5315 721 5370 ille
749 5317 1035 5386 justusque
1069 5319 1241 5372 Jobus
1266 5319 1472 5375 floruit.
1520 5323 1755 5377 Jacobus
1780 5338 1910 5376 con-

342 5418 424 5460 tra
457 5406 692 5462 laevitate
737 5407 996 5460 continua
1053 5408 1237 5477 glaber
1279 5411 1390 5465 Deo
1441 5413 1600 5482 longe
1629 5415 1909 5480 acceptior

342 5507 462 5551 erat
500 5513 665 5566 quam
699 5498 910 5565 pilosus
944 5499 1033 5552 ille
1068 5509 1296 5554 venator
1347 5503 1540 5567 Esaus,
1597 5506 1754 5573 cujus
1786 5520 1911 5573 spes

343 5590 527 5644 omnis
589 5589 657 5642 ab
728 5605 860 5645 arcu
910 5601 967 5646 et
1019 5593 1197 5660 gladio
1250 5593 1607 5655 dependebat.
1640 5595 1906 5651 Cmte'rum

417 5771 584 5830 ’Gen.
626 5792 701 5839 XI,
724 5778 812 5832 ‘28.

1999 4590 2308 4644 Graecorum
2366 4589 2473 4642 diis
2520 4589 2820 4642 animatum
2887 4586 3093 4656 aliquid
3170 4584 3560 4638 sacriﬁcarent.

2000 4679 2146 4732 Idem
2182 4679 2298 4745 lege
2334 4678 2440 4730 lata
2480 4679 2546 4730 ab
2573 4677 2887 4730 animalium
2926 4684 2981 4730 et
3033 4674 3278 4728 fabarum
3311 4688 3407 4727 csu
3443 4673 3571 4726 abs-

2004 4769 2289 4822 tinendum
2337 4769 2597 4823 edicebat
2635 4768 2803 4836 (quod
2835 4767 3102 4821 esculenti
3153 4780 3324 4835 genus
3365 4765 3572 4833 alioqui

2007 4864 2283 4931 plerisque
2331 4870 2577 4914 nostrum
2612 4861 2987 4929 gratissimum
3015 4868 3120 4921 est,
3144 4867 3200 4911 et
3235 4858 3383 4911 inter
3411 4872 3574 4925 pran-

2011 4955 2226 5008 diorum
2251 4961 2542 5021 apparatus
2573 4953 2687 5007 fere
2713 4951 3027 5021 apponitur)
3054 4950 3208 5020 quasi
3236 4948 3572 5002 tantumdem

2011 5044 2196 5112 ﬂagitii
2226 5045 2553 5108 committat,
2588 5045 2679 5113 qui
2716 5044 2872 5106 fabis,
2908 5051 3170 5111 quantum
3211 5041 3305 5110 qui
3342 5051 3570 5109 paterno

2011 5137 2186 5204 capite
2216 5145 2490 5190 vescatur.
2535 5136 2648 5189 Etsi
2682 5135 2928 5187 nonnulli
2976 5133 3044 5187 ad
3094 5133 3407 5201 allegoriam
3458 5141 3570 5183 tra-

2011 5230 2222 5293 hentes,
2252 5230 2609 5298 Pythagoram
2662 5227 2764 5281 sub
2812 5227 3057 5280 fabarum
3109 5227 3390 5278 involucro
3423 5224 3574 5277 dicas

2011 5337 2106 5374 seu
2136 5321 2425 5386 iudiciales
2457 5319 2762 5373 sententias
2794 5318 3126 5372 intellexisse
3169 5315 3458 5371 affirmant.
3514 5321 3573 5366 ut

2016 5413 2087 5480 μὴ
2121 5413 2460 5480 δικοφαγεῖν,
2496 5427 2592 5466 seu
2637 5413 2933 5465 sententias
2983 5426 3092 5463 non
3129 5423 3248 5462 esse
3281 5405 3573 5467 vorandas,

2013 5504 2104 5558 sed
2143 5505 2229 5573 jus
2256 5521 2322 5558 cx
2353 5518 2509 5571 sequo
2531 5505 2750 5558 ctbono
2782 5501 3225 5571 prosequendum
3255 5514 3374 5553 esse
3405 5497 3574 5566 signi-

2014 5597 2200 5652 litaret
2253 5615 2263 5651 :
2321 5597 2462 5653 uudc
2517 5598 2680 5652 etiam
2730 5595 3123 5667 κυαμοτρῶγες
3182 5607 3278 5646 seu
3342 5589 3578 5645 fabivosi
