4302 6370
298 406 435 472 1109

914 515 1068 572 CAP.
1109 512 1246 568 VIII.

368 633 444 689 De
469 632 668 689 SteIIis.
696 630 789 685 SoI
814 636 865 684 et
905 629 1034 683 luna
1055 645 1124 681 an
1152 624 1421 697 planetis?
1449 622 1793 677 Planetarum

704 701 1043 765 ordo,motus
1083 707 1132 752 et
1170 704 1466 750 concentus.

361 837 438 891 De
468 833 643 889 stellis
679 832 846 888 etiam
875 829 1194 887 errantibus
1220 838 1277 885 et
1311 828 1433 883 fixis
1466 837 1700 895 uterque
1746 822 1864 879 dis-

295 927 452 982 serit.
487 927 553 982 Et
587 926 744 981 Plato
774 925 1001 993 quidem
1026 919 1191 977 unam
1224 920 1470 976 omnium
1506 917 1868 985 eamdemque

294 1015 678 1079 substantiam,
696 1014 750 1069 id
772 1014 1032 1067 nimirum
1051 1011 1197 1081 quod
1226 1012 1279 1065 in
1310 1019 1546 1080 quatuor
1572 1004 1868 1061 elementis

296 1106 529 1160 maxime
559 1105 983 1175 periuceat,esse
1005 1104 1103 1157 ait.
1124 1101 1451 1157 Aristoteles
1480 1106 1662 1153 autem
1688 1094 1865 1166 quinti

296 1197 552 1267 corporis
585 1195 810 1252 nomine
835 1202 891 1250 et
920 1195 1119 1250 coelum
1167 1202 1225 1248 et
1272 1191 1457 1246 stellas
1489 1204 1681 1244 omnes
1717 1202 1869 1241 com-

297 1292 581 1361 plectitur,
609 1298 841 1360 propter
876 1297 1086 1341 motum
1116 1285 1347 1348 scilicet,
1380 1296 1546 1351 quem
1585 1280 1864 1334 diversum

297 1398 327 1436 a
364 1391 600 1450 quatuor
644 1378 937 1435 elementis
963 1377 1187 1431 habent.
1217 1376 1390 1431 Porro
1436 1372 1635 1428 caelum
1682 1368 1828 1424 istud
1854 1409 1869 1433 ,

300 1471 447 1541 quod
483 1471 741 1541 quintum
780 1482 984 1538 corpus
1013 1466 1272 1536 appellat,
1302 1465 1433 1534 quid
1484 1478 1543 1517 re
1588 1476 1720 1516 vera
1758 1461 1872 1525 sit,

297 1576 642 1631 nequaquam
682 1559 897 1615 definit.
922 1558 1028 1614 Sed
1057 1573 1125 1612 ex
1160 1558 1422 1625 opinione
1451 1564 1510 1609 et
1549 1552 1868 1622 conjectura

300 1660 512 1705 tantum
541 1650 808 1719 loquitur.
839 1648 1040 1704 Verum
1064 1647 1348 1703 enimvero
1381 1643 1632 1713 quamvis
1656 1649 1867 1711 septem

300 1750 558 1798 errantes
586 1741 753 1812 vulgo
776 1749 1044 1796 vocentur
1064 1778 1080 1803 ,
1110 1737 1362 1808 quinque
1392 1745 1574 1789 tamen
1604 1733 1873 1789 duntaxat

1547 391 1944 455 TIIESAURI
1988 390 2135 449 LIB.
2183 388 2234 449 Ι.

1894 502 1943 558 Λ
1969 515 2101 555 vero
2131 498 2577 561 ἀποκατάστασις
2605 495 2812 553 exactis
2845 501 2930 550 ter
2963 493 3110 549 mille
3141 490 3393 548 ducentis
3434 506 3529 546 su-

3394 379 3529 445 1110

1969 607 2063 661 pra
2082 592 2290 647 centies
2306 598 2360 645 et
2388 588 2753 659 septuagesies
2777 586 3072 658 quinquies
3098 584 3235 639 dena
3262 594 3534 638 annorum

1968 679 2139 733 millia
2174 677 2496 747 peragitur:
2528 683 2769 744 tuncque
2819 673 2956 728 adeo
2998 670 3241 744 synodus
3284 669 3531 740 quadam

1969 776 2385 836 conventusque
2438 767 2718 821 stellarum
2771 764 3015 819 omnium
3072 762 3141 819 ad
3196 760 3531 816 tricesimam

1967 859 2165 916 Cancri
2210 857 2551 912 mansionem
2574 895 2591 923 ,
2624 857 2740 911 sive
2774 855 2976 911 Leonis
3006 854 3236 923 primam
3286 849 3535 906 celebra-

1970 958 2062 1003 tur
2093 965 2108 1001 :
2138 962 2239 1001 nec
2273 947 2346 1003 ita
2383 947 2557 1001 multo
2598 955 2725 1015 post
2766 942 3010 1015 generali
3049 941 3257 996 diluvio
3295 938 3537 994 mundus

1969 1039 2241 1094 obruitur.
2272 1038 2443 1094 Aiunt
2472 1046 2735 1109 praeterea
2764 1039 2817 1090 in
2840 1049 3111 1090 annorum
3146 1030 3537 1099 stella-cujus-

1973 1133 2109 1188 libet
2163 1133 2442 1186 minorum
2519 1128 2883 1200 apocatastasi
2959 1125 3218 1196 specialia
3288 1120 3537 1191 quaedam

1977 1224 2183 1279 diluvia
2232 1222 2541 1292 obtingere.
2580 1220 2824 1276 Cuilibet
2874 1218 3036 1305 enim.
3068 1218 3322 1271 erratica:
3368 1212 3540 1270 stellae

1974 1329 2107 1370 suos
2137 1329 2309 1369 annos
2334 1312 2622 1378 maximos,
2650 1311 2863 1366 medios
2888 1319 2945 1366 et
2974 1310 3233 1364 minimos
3256 1321 3400 1362 esse.

2621 1442 2775 1498 CAP.
2815 1442 2886 1497 Χ.

1975 1559 2052 1612 De
2076 1556 2224 1624 satis,
2260 1557 2400 1613 (mue
2428 1597 2443 1624 ,
2490 1565 2744 1628 terraeque
2774 1556 3133 1623 magnitudine
3154 1562 3204 1607 et
3233 1550 3540 1608 intervallo.

2045 1668 2506 1738 Philosophorum
2538 1684 2703 1738 porro
2742 1669 3019 1735 nonnulli,
3052 1669 3197 1722 inter
3226 1680 3365 1742 quos
3410 1663 3537 1718 Ari-

1975 1762 2229 1818 starchus
2258 1770 2628 1830 astronomus,
2655 1763 2811 1817 aiunt
2832 1763 3093 1833 majorem
3121 1761 3223 1816 soli
3247 1774 3370 1814 cum
3396 1767 3543 1812 terra

300 1848 361 1888 re
387 1848 514 1888 vera
542 1841 670 1888 sum
712 1850 727 1887 ³
770 1846 951 1901 neque
997 1829 1145 1884 el'im
1196 1828 1333 1926 sf“?
1356 1834 1435 1926 ,δι
1476 1826 1872 1926 ¹¹¹¹¹³²η⁰¹¹ῗ⁸ί¹³
1902 1839 1946 1895 Β
1974 1857 2242 1911 rationem
2275 1870 2419 1918 esse,
2453 1826 2623 1926 quam?
2651 1870 2743 1912 sex
2780 1826 3027 1910 millibus
3052 1852 3386 1922 octingentis
3415 1866 3540 1905 cum

300 1925 576 1980 erraticus
612 1935 716 1990 est;
759 1933 814 1978 at
846 1933 1097 1978 errantes
1123 1920 1293 1975 stellae
1319 1919 1442 1975 ideo
1486 1917 1829 1988 appellantur
1854 1954 1870 1979 ,

302 2017 431 2085 quia
456 2031 605 2072 nunc
632 2026 798 2075 stare.
825 2030 973 2069 nunc
1012 2012 1288 2084 progredi,
1327 2011 1623 2079 denuoque
1656 2006 1871 2079 regredi

309 2108 587 2163 vitientur.
620 2109 799 2178 Atque
852 2108 1215 2163 inerrantium
1257 2103 1479 2174 quidem
1525 2102 1662 2158 ordo
1711 2099 1872 2171 longe

304 2198 597 2254 sublimius
646 2214 809 2268 quam
868 2199 1169 2253 errantium
1231 2196 1441 2250 eminet
1487 2211 1501 2248 :
1544 2193 1875 2249 inerrantes-

305 2304 413 2358 que
452 2290 589 2345 adeo
614 2292 745 2360 ipsa:
774 2306 880 2344 non
909 2290 963 2344 in
996 2304 1102 2343 una
1124 2297 1180 2343 et
1207 2288 1399 2343 eadem
1431 2286 1675 2357 corporis
1700 2286 1872 2341 aethe-

307 2379 387 2434 rei
408 2381 697 2450 superficie
734 2382 851 2436 sita:
879 2389 1007 2437 sunt
1036 2390 1092 2434 et
1116 2380 1370 2435 feruntur
1403 2395 1418 2433 :
1457 2379 1567 2433 imo
1603 2378 1721 2432 aliae
1754 2376 1877 2432 aliis

306 2463 661 2528 subiimiores
698 2482 981 2543 apparent.
1024 2472 1172 2528 Fixis
1217 2481 1467 2527 errantes
1508 2469 1813 2525 succedunt
1859 2486 1873 2523 :

308 2566 363 2618 in
413 2566 615 2635 quibus
663 2567 836 2635 prima
891 2565 1165 2627 Saturno,
1214 2563 1454 2619 secunda
1503 2561 1622 2617 Jovi
1651 2601 1666 2624 ,
1719 2561 1876 2615 tertia

306 2657 484 2716 Marti.
517 2667 710 2727 quarta
748 2657 879 2720 Soli,
911 2657 1102 2726 quinta
1135 2654 1369 2717 Veneri,
1403 2661 1554 2713 sexta
1583 2653 1874 2717 Mercurio,

309 2757 584 2815 postrema
639 2748 807 2803 Lunae
866 2747 1025 2803 sedes
1082 2748 1416 2812 assignatur.
1486 2744 1633 2799 Infra
1691 2744 1877 2798 lunam

309 2848 546 2907 quatuor
574 2842 865 2906 elementa,
913 2840 1176 2894 nimirum
1207 2838 1379 2907 ignis,
1427 2851 1555 2898 aer,
1597 2845 1742 2889 terra
1769 2874 1784 2898 ,
1823 2841 1880 2886 et

310 2945 475 2999 aqua,
508 2931 705 2987 ordine
747 2947 848 2986 suo
878 2931 1091 3001 singula
1118 2930 1324 2999 jacent.
1368 2927 1509 2982 Sunt
1542 2939 1725 2979 autem
1758 2924 1879 2979 eui-

311 3022 444 3077 Iihet
464 3024 764 3077 errantium
792 3023 1061 3091 praefinita
1090 3032 1357 3089 tempora,
1389 3018 1591 3087 quibus
1623 3031 1878 3070 movean-

313 3125 421 3167 tur.
456 3113 723 3169 Saturnus
755 3114 926 3179 enim,
961 3112 1050 3167 cui
1075 3121 1136 3167 ut
1158 3111 1368 3167 caeteris
1397 3108 1575 3163 altiori
1609 3108 1878 3161 maximus

311 3204 464 3258 orbis
524 3203 932 3273 permetiendus
997 3210 1115 3269 est,
1172 3216 1392 3257 cursum
1451 3215 1608 3255 suum
1659 3199 1878 3269 triginta

312 3310 583 3347 annorum
639 3295 815 3363 spatio
884 3293 1127 3349 conficit.
1192 3293 1413 3361 Jupiter
1483 3290 1650 3346 celeri
1712 3305 1877 3344 cursu

314 3385 583 3451 Sphaeram
624 3401 778 3440 suam
821 3387 980 3439 annis
1023 3383 1338 3446 duodecim,
1363 3383 1504 3437 Mars
1551 3382 1770 3437 duobus
1816 3397 1881 3436 ac

314 3477 539 3532 semisse
569 3486 833 3546 permeat.
869 3477 1030 3540 Solis,
1058 3474 1304 3539 Veneris,
1328 3487 1383 3530 et
1406 3473 1658 3528 Mercurii
1690 3490 1881 3527 cursus

317 3569 483 3631 idem,
539 3569 694 3637 isque
734 3584 910 3623 annus
940 3577 1042 3623 est.
1081 3566 1234 3621 Luna
1272 3574 1394 3636 post
1426 3568 1746 3620 vicesimum
1781 3582 1879 3619 no-

316 3674 443 3712 num
472 3659 616 3713 diem
671 3669 727 3713 et
770 3658 1053 3713 semissem
1085 3673 1307 3712 cursum
1341 3657 1691 3727 redintegrat.
1724 3657 1879 3723 Quod

315 3752 358 3803 si
390 3767 514 3819 quis
544 3750 857 3821 hujusmodi
892 3764 1251 3804 numerorum
1278 3763 1477 3802 arcana
1516 3749 1700 3802 rimari
1728 3749 1878 3814 velit,

315 3841 445 3896 hinc
493 3841 653 3897 facile
700 3851 905 3911 quanta
936 3841 1007 3895 sit
1036 3840 1323 3896 architecti
1375 3840 1645 3908 sapientia
1681 3840 1879 3911 depre-

317 3933 521 3987 hendet
579 3949 594 3987 :
654 3932 801 4002 quod
855 3933 1120 3987 nimirum
1184 3938 1553 3986 concentuum
1638 3933 1881 3987 rationes

316 4040 507 4080 omnes
557 4025 612 4079 in
653 4025 737 4079 his
782 4025 1097 4079 eluceseant
1136 4041 1150 4077 :
1196 4037 1386 4077 eorum
1414 4062 1430 4086 ,
1486 4023 1709 4092 inquam
1739 4062 1755 4083 ,
1786 4025 1879 4094 qui

316 4116 479 4186 vulgo
511 4116 599 4170 διὰ
625 4116 834 4181 πασῶν,
866 4116 957 4169 διὰ
987 4114 1148 4168 πέντε
1177 4123 1233 4168 et
1264 4113 1350 4166 διὰ
1379 4114 1663 4184 τεσσάρων
1695 4115 1880 4183 appel-

315 4210 520 4263 lantur.

952 4321 1105 4378 CAP.
1145 4320 1237 4376 IX.

314 4436 510 4491 Judicii
573 4437 806 4504 supremi
887 4444 1112 4501 tempus.
1184 4431 1529 4504 Planetarum
1570 4430 1879 4504 amatam-

563 4502 806 4570 στάσεις.
840 4506 1115 4559 Astrorum
1135 4506 1381 4571 synodus,
1417 4502 1632 4554 diiuvia.

387 4621 623 4676 Tametsi
660 4630 842 4675 autem
870 4636 935 4675 ex
970 4617 1248 4688 Evangelii
1282 4615 1512 4671 oraculo
1545 4614 1589 4679 ⁸,
1627 4614 1771 4670 diem
1825 4625 1880 4670 et

318 4714 508 4768 horam
562 4712 803 4782 supremi
852 4710 1047 4781 judicii
1104 4724 1264 4763 nemo
1316 4714 1645 4777 cognoscat,
1682 4716 1879 4775 praeter

315 4805 554 4865 Patrem,
592 4811 648 4855 et
695 4801 840 4857 Patri
872 4810 1205 4854 eoa-ternum
1255 4798 1474 4862 Filium,
1530 4808 1693 4864 atque
1744 4798 1881 4849 adeo

319 4895 609 4964 Spiritum,
640 4893 734 4962 qui
765 4908 831 4947 ex
857 4892 1016 4946 Patre
1053 4889 1351 4960 (Filioque)
1381 4887 1627 4959 procedit
1662 4904 1676 4941 :
1712 4886 1884 4942 Graeci

317 5000 499 5040 tamen
531 4985 688 5040 novis
719 4984 1049 5054 quibusdam
1080 4979 1642 5037 demonstrationibus
1668 4980 1883 5049 perspi-

316 5092 475 5132 cuam
508 5077 685 5130 facere
720 5074 1103 5130 connituntur.
1134 5072 1253 5138 Quo
1282 5070 1339 5125 id
1370 5080 1553 5125 autem
1582 5071 1771 5136 modo,
1804 5072 1885 5127 sic

318 5171 527 5239 accipe.
573 5168 847 5223 Saturnus
896 5166 1188 5220 maximam
1236 5177 1390 5218 suam
1442 5162 1886 5217 ἀποκατάστασιν

317 5261 573 5315 ducentis
601 5259 883 5328 sexaginta
928 5258 1173 5325 quinque
1225 5254 1382 5309 annis
1413 5269 1426 5306 :
1462 5252 1696 5322 Jupiter,
1746 5267 1883 5321 qua-

317 5348 621 5421 dringentis
642 5346 832 5417 viginti
861 5354 1070 5415 septem
1098 5360 1113 5400 :
1145 5343 1311 5410 Mars,
1333 5342 1586 5396 ducentis
1615 5349 1879 5410 quatuor:

318 5442 424 5503 sol,
476 5440 626 5493 mille
678 5436 1097 5507 quadringentis
1135 5435 1419 5503 sexaginta
1475 5446 1633 5485 uno:
1674 5431 1876 5494 Venus,

320 5530 467 5583 mille
512 5527 757 5582 centenis
786 5524 1179 5595 quinquaginta
1203 5536 1313 5575 uno
1350 5540 1362 5574 :
1397 5519 1722 5582 Mercurius,
1751 5534 1886 5589 qua-

317 5618 626 5685 dringentis
655 5634 667 5671 :
701 5617 853 5682 luna,
872 5614 1063 5686 viginti
1092 5613 1333 5684 quinque
1364 5611 1605 5666 coniicit.
1634 5609 1883 5666 Cosmica

399 5806 417 5837 ⁸
455 5804 618 5859 Marc.
654 5821 767 5867 χιιι,
792 5804 883 5859 3'2.

1979 1948 2377 2021 quinquaginta
2411 1964 2607 2003 novem
2642 1968 2654 2003 :
2687 1948 3046 2019 ejusdemque
3075 1947 3346 2001 diametro
3372 1943 3544 1999 vicis-

1974 2044 2077 2098 sim
2113 2041 2374 2111 majorem
2409 2056 2532 2095 cum
2564 2049 2727 2096 terras
2759 2039 3030 2095 diametro
3078 2038 3345 2093 rationem
3397 2051 3545 2100 esse,

1975 2150 2140 2205 quam
2192 2132 2570 2189 novemdeeim
2603 2148 2726 2187 cum
2757 2133 2958 2187 tribus.
2990 2131 3069 2186 Ad
3101 2131 3217 2185 haec
3250 2129 3382 2183 solis
3430 2127 3547 2183 dia—

1976 2237 2150 2281 meter
2172 2226 2395 2294 octuplo
2430 2226 2575 2280 inme
2602 2226 2929 2279 diametrum
2962 2231 3187 2293 superat
3214 2262 3228 2287 ,
3281 2220 3547 2275 interval-

1976 2318 2201 2388 iumque
2238 2319 2378 2373 adeo
2407 2334 2518 2389 quo
2543 2319 2623 2372 soi
2657 2332 2687 2371 a
2719 2326 2862 2371 terra
2896 2315 3087 2379 distat,
3122 2314 3347 2383 octuplo
3370 2311 3545 2379 maius

1977 2421 2083 2477 est,
2117 2428 2283 2481 quam
2312 2412 2661 2467 intervallum
2696 2426 2807 2481 quo
2841 2411 2969 2466 luna
2998 2411 3076 2464 ‘ab
3106 2408 3296 2463 eadem
3346 2406 3548 2476 disjun-

1978 2505 2143 2574 gitur.
2194 2502 2338 2569 Quin
2371 2503 2536 2558 etiam
2571 2504 2669 2557 soli
2712 2518 2835 2557 cum
2884 2503 3012 2555 luna
3044 2503 3184 2555 ratio
3217 2499 3388 2569 major
3420 2505 3505 2551 est
3530 2537 3545 2557 ,

1980 2612 2142 2666 quam
2178 2595 2423 2666 quinque
2468 2595 2714 2650 millibus
2766 2593 3102 2666 octingentis
3146 2590 3364 2646 duobus
3421 2602 3550 2643 cum

1983 2701 2110 2742 uno.

2612 2822 2764 2877 CAP.
2817 2820 2910 2875 XI.

2403 2936 2480 2989 De
2500 2935 2626 2989 solis
2648 2944 2695 2989 et
2725 2935 2867 2989 tunc
2910 2935 3111 3004 eclipsi.

2050 3048 2318 3103 Caeterum
2351 3048 2416 3102 ad
2448 3047 2579 3103 solis
2607 3055 2663 3103 et
2695 3048 2840 3102 luna:
2864 3048 3114 3102 defectus
3143 3045 3287 3115 quod
3320 3048 3545 3110 attinet,

1907 3167 1949 3224 ο
1983 3142 2076 3211 qui
2106 3142 2273 3211 paulo
2316 3140 2576 3195 subtilius
2624 3140 2728 3195 ista
2774 3140 2957 3194 rimati
3008 3149 3158 3205 sunt,
3210 3140 3442 3210 eclipsin
3491 3142 3545 3193 in

1982 3234 2097 3288 sole
2140 3233 2363 3302 pr0prie
2410 3232 2516 3287 dici
2572 3246 2730 3302 posse
2774 3240 2975 3303 negant
3024 3232 3168 3302 (cum
3201 3232 3330 3286 solis
3359 3233 3544 3286 lumen

1983 3325 2134 3377 nullo
2172 3331 2419 3392 tempore
2447 3322 2719 3391 deficiat),
2750 3324 3041 3393 caliginem
3072 3334 3254 3377 autem
3307 3331 3361 3377 et
3390 3324 3547 3378 obte-

1983 3413 2361 3468 nebrationem
2401 3411 2856 3483 admittunt,que
2883 3423 2996 3468 tum
3028 3414 3247 3469 demum
3284 3415 3523 3483 pereipia

1984 3514 2095 3567 tur,
2128 3520 2253 3559 cum
2283 3504 2339 3558 in
2376 3504 2644 3574 eciipticis
2688 3507 3174 3575 conjunctionibus
3209 3508 3340 3562 luna
3374 3508 3450 3561 iiii
3476 3508 3547 3562 ad

1982 3595 2438 3667 perpendiculum
2471 3598 2718 3666 Opposita
2741 3598 2905 3652 fuerit
2940 3614 2953 3651 :
2996 3609 3125 3653 tunc
3170 3601 3316 3654 enim
3366 3601 3552 3655 oculos

1985 3698 2224 3751 nostros,
2260 3688 2354 3757 qui
2386 3687 2741 3742 sublunarem
2785 3688 3063 3759 regionem
3115 3690 3426 3754 incolimus,
3473 3702 3553 3747 tc-

1984 3779 2331 3833 nebrieosum
2362 3778 2494 3833 solis
2516 3778 2702 3833 lumen
2724 3779 3036 3834 obumbrat.
3066 3782 3379 3837 Astronomi
3412 3800 3553 3854 pra:-

1984 3877 2129 3923 terea
2164 3869 2351 3938 digitis
2397 3868 2690 3923 duodecim
2740 3870 2883 3923 lunae
2937 3887 3139 3940 corpus
3171 3873 3545 3936 dimetientes.

1981 3960 2119 4014 alias
2146 3958 2370 4027 quidem
2406 3958 2503 4013 tori
2531 3960 2704 4028 ipsius
2732 3961 2948 4029 corpori
2980 3962 3114 4017 solis
3144 3964 3327 4018 radios
3354 3965 3551 4020 adver-

1981 4063 2093 4113 sos,
2124 4049 2259 4103 alias
2296 4063 2427 4103 vero
2460 4049 2627 4103 etiam
2677 4048 3030 4117 paucioribus
3072 4050 3364 4106 duodecim
3402 4052 3547 4122 obji-

1982 4141 2155 4193 ciunt.
2188 4138 2322 4194 Cum
2353 4140 2501 4194 enim
2536 4141 2662 4193 luna
2698 4140 3018 4195 sublimiore
3066 4142 3201 4196 orbo
3243 4144 3545 4199 circumve~

1983 4229 2157 4292 hitur,
2188 4244 2255 4283 eo
2281 4229 2495 4283 scilicet
2520 4228 2612 4297 qui
2642 4230 2744 4282 soli
2778 4229 3141 4300 propinquior
3191 4241 3311 4299 est,
3350 4250 3539 4303 parum

1984 4319 2160 4383 abest,
2196 4319 2329 4389 quin
2359 4318 2614 4373 tenebras
2648 4319 2726 4373 illi
2762 4320 3051 4376 ofl‘undere
3079 4323 3329 4377 videatur
3369 4342 3382 4377 :
3417 4341 3541 4379 cum

1983 4418 2164 4464 autem
2193 4410 2355 4478 pleno
2381 4409 2536 4475 orbe,
2564 4410 2818 4478 justaque
2849 4412 2933 4464 sui
2983 4413 3359 4482 magnitudine
3409 4430 3543 4469 con-

1907 4490 2137 4557 Dstans
2172 4500 2431 4555 inferiora
2480 4511 2745 4569 permeat,
2774 4512 2905 4557 tunc
2955 4503 3162 4559 scilicet
3212 4508 3402 4560 oculos
3454 4509 3541 4563 illa

1981 4604 2198 4648 nostros
2229 4593 2517 4661 splendore
2548 4607 2649 4646 suo
2676 4594 3016 4666 perstringit,
3073 4605 3128 4650 et
3179 4596 3391 4668 integro
3441 4602 3539 4653 soli

1983 4683 2304 4752 opponitur.
2340 4682 2510 4737 Iidem
2549 4684 2766 4753 objeetu
2800 4696 2967 4755 atque
2994 4686 3306 4742 interventu
3344 4691 3544 4746 umbrae

1984 4786 2146 4831 terra:
2176 4776 2360 4830 lunam
2400 4776 2637 4832 deficere
2668 4776 2947 4832 dixerunt.
2979 4778 3113 4833 Nam
3152 4789 3293 4836 terra
3336 4783 3541 4839 lumine

1986 4872 2118 4928 solis
2157 4871 2429 4925 illustrata
2461 4870 2711 4925 umbram
2742 4884 2849 4923 non
2875 4884 2993 4924 eam
3022 4871 3243 4941 quidem
3286 4876 3543 4945 cylindri-

1989 4980 2131 5029 cam,
2161 4978 2256 5019 seu
2297 4964 2609 5027 rotundam,
2657 4963 2836 5031 qualis
2873 4972 2958 5017 est
3001 4963 3270 5020 columnae
3331 4967 3498 5039 figura
3524 5008 3540 5033 ,

1982 5057 2079 5113 sed
2110 5055 2398 5111 conoidem
2427 5070 2521 5110 seu
2557 5054 2890 5110 turbinatam
2925 5055 3074 5110 facit.
3128 5058 3318 5120 Κῶνος
3370 5061 3541 5124 enim,

1984 5150 2078 5221 qui
2107 5158 2165 5204 et
2193 5146 2494 5215 στρόϐιλος,
2522 5145 2577 5202 id
2608 5157 2692 5202 est
2723 5146 2906 5213 turbo,
2941 5146 3164 5214 dicitur,
3194 5163 3261 5203 ex
3290 5151 3396 5207 lata
3430 5153 3545 5222 pia-

1985 5243 2123 5299 nitie
2173 5241 2227 5294 in
2283 5254 2605 5295 mucronem
2660 5241 2969 5295 exacuitur.
3014 5241 3223 5297 Umbra
3277 5251 3436 5298 terra:
3472 5246 3544 5300 ita

1988 5332 2355 5405 proculdubio
2398 5347 2456 5387 se
2508 5332 2709 5395 habet,
2741 5332 2899 5403 cujus
2931 5332 3008 5386 rei
3044 5347 3207 5387 causa
3263 5336 3548 5404 perspicua

1993 5432 2097 5480 est.
2129 5424 2356 5489 Quoties
2393 5423 2540 5477 enim
2567 5437 2770 5493 corpus
2803 5423 3024 5492 aliquod
3054 5424 3122 5478 ab
3150 5426 3396 5496 ejusdem
3426 5442 3552 5484 cor-

1993 5516 2145 5587 poris
2180 5514 2553 5583 magnitudine
2578 5515 2762 5568 iumen
2793 5515 3008 5585 accipit,
3036 5516 3334 5587 cylindrica
3371 5537 3384 5573 :
3410 5536 3553 5590 quo.

1996 5608 2099 5663 ties
2118 5621 2249 5662 vero
2275 5622 2304 5661 a
2329 5607 2579 5673 minoris,
2605 5607 2863 5664 conoides
2889 5608 3102 5678 umbra,
3128 5625 3223 5667 seu
3253 5612 3555 5679 turbinata,
