4302 6370
220 413 358 479 1113

1504 390 1901 455 THESAURI
1936 392 2085 453 LIB.
2131 393 2182 451 ῐ.

3311 374 3446 441 IIII

209 522 526 579 earumdem
553 517 633 576 sic
671 517 906 573 habent:
944 512 1085 570 Solis
1124 509 1299 566 Aries.
1340 507 1507 561 Luna:
1540 506 1775 560 Taurus.
1808 505 1851 562 Α
1881 504 2212 576 dispertiens
2264 518 2331 557 ex
2385 502 2514 557 solis
2555 498 2782 555 orientis
2830 495 3013 551 medio
3061 491 3445 555 constituitur;

209 614 358 669 Jovis
379 611 607 666 Cancer.
638 604 890 662 Mercurii
922 604 1105 672 Virgo.
1136 595 1357 655 Saturni
1381 595 1567 649 Libra.
1596 593 1783 648 Martis

211 703 601 774 Capricornus.
627 697 854 753 Veneris
876 694 1083 750 Pisces.

829 830 982 886 CAP.
1024 827 1166 883 XVI.

658 922 735 977 De
767 922 907 975 (una
937 920 1122 989 ﬁguris
1151 915 1345 968 decem.

289 1042 455 1097 Luna:
504 1050 726 1109 quoque
762 1034 962 1104 figuras
993 1032 1073 1086 sic
1118 1028 1341 1083 habeto.
1393 1019 1647 1093 Synodus
1693 1033 1786 1073 seu

220 1132 536 1205 conjunctio
567 1138 672 1196 est,
707 1143 832 1182 cum
880 1125 934 1178 in
976 1137 1040 1177 ea
1085 1130 1240 1191 parte
1268 1116 1455 1180 fuerit,
1496 1127 1659 1183 quam
1709 1110 1788 1164 sol

224 1202 496 1293 occupat:
558 1217 859 1286 Couceptio
927 1228 1053 1269 cum
1112 1228 1143 1267 a
1200 1210 1314 1265 sole
1367 1206 1434 1262 ad
1474 1202 1790 1275 quindecim

224 1323 407 1382 partes
429 1309 763 1374 abscesserit
793 1324 806 1360 :
849 1305 1036 1367 Ortus,
1078 1316 1204 1357 cum
1236 1296 1547 1369 μηνοειδής.
1582 1295 1687 1365 hoc
1712 1299 1796 1345 est

223 1380 443 1468 falcata,
492 1404 749 1456 lunatave
792 1396 1035 1454 secundo
1070 1390 1404 1461 apparuerit,
1439 1388 1524 1441 vel
1573 1398 1697 1441 cum
1729 1380 1796 1434 ad

231 1511 323 1550 sex
377 1502 656 1563 septemve
700 1499 884 1561 partes
929 1484 1289 1548 abscesserit;
1335 1480 1622 1550 Διχότομοι
1653 1474 1796 1531 duae.

227 1585 329 1638 hoc
368 1592 452 1638 est
493 1582 750 1644 dividua,
797 1595 920 1633 cum
960 1578 1027 1631 ad
1077 1576 1367 1645 nonaginta
1404 1588 1419 1625 ε
1466 1567 1801 1639 ἀμφίκυρτοι

227 1678 367 1741 duae,
404 1675 509 1730 hoc
533 1684 618 1730 est
645 1672 899 1742 utrinque
931 1670 1192 1740 gibbosaz,
1232 1680 1355 1720 cum
1397 1661 1463 1716 ad
1498 1657 1684 1730 viginti
1713 1671 1805 1710 su-

220 1781 325 1836 pra
358 1775 576 1821 centum
614 1782 627 1819 :
661 1765 989 1832 πλησιφαεῖς
1022 1762 1125 1815 hoc
1176 1766 1260 1812 est
1301 1753 1669 1825 plenilunares
1707 1764 1802 1803 seu

1882 598 2032 667 justa
2085 597 2349 666 temperie
2386 593 2673 663 praeditum
2723 598 2827 655 est,
2886 586 3208 656 sanguinem
3266 589 3448 649 auget,

1885 687 2046 741 calidi
2071 696 2127 742 et
2146 686 2359 741 humidi
2389 685 2693 754 particeps;
2734 680 2902 735 hiemi
2935 676 3176 745 denique
3204 682 3260 727 et
3278 667 3450 727 aestati

1888 777 2128 830 medium
2181 776 2470 845 interjacet
2508 791 2520 827 :
2560 773 2651 826 illa
2704 771 2925 839 quidem
2959 765 3194 822 calidius
3241 771 3297 816 et
3349 761 3456 814 sic-

1888 867 2027 931 cius,
2058 867 2160 921 hac
2185 882 2314 920 vero
2360 864 2632 933 frigidius.
2672 862 2746 916 Ea
2782 875 2947 929 porro
2993 856 3120 910 anni
3161 869 3287 923 pars
3319 867 3348 905 a
3374 850 3456 904 vi-

1888 957 2093 1012 cesimo
2135 956 2313 1025 primo
2343 956 2429 1009 die
2463 954 2640 1009 Martii
2672 953 2737 1006 ad
2772 950 2918 1007 Junii
2943 947 3262 1001 vicesimum
3292 956 3455 1012 quar-

1893 1056 2027 1103 tum.
2059 1045 2266 1101 Deinde
2298 1044 2430 1100 solis
2457 1052 2580 1096 ortu
2622 1042 2845 1112 paulum
2886 1037 3146 1098 exaltato,
3194 1034 3264 1086 ita
3313 1038 3371 1083 ut
3399 1030 3456 1082 in

1893 1137 2376 1207 septentrionalem
2431 1135 2644 1204 plagam
2692 1139 2903 1200 vergat,
2949 1126 3193 1195 tropicus
3236 1120 3459 1176 aestivus

1898 1228 2163 1291 succedit,
2214 1244 2311 1281 ver
2362 1236 2417 1282 et
2452 1233 2777 1280 autumnum
2830 1219 3044 1274 medius
3094 1217 3458 1272 intersecans,

1897 1328 1951 1373 et
1998 1319 2064 1372 ab
2119 1319 2213 1373 illo
2268 1319 2530 1379 calorem,
2562 1315 2630 1369 ab
2677 1314 2784 1367 lioc
2826 1311 2998 1378 frigus
3038 1304 3290 1376 percipit,
3333 1315 3460 1354 nam

1900 1410 2108 1465 calidus
2150 1420 2206 1464 et
2252 1410 2437 1463 siccus
2488 1417 2592 1473 est,
2632 1406 2825 1460 ﬂavam
2886 1401 3046 1455 bilem
3100 1405 3281 1466 auget.
3332 1392 3463 1461 Ejus

1901 1516 2063 1571 porro
2091 1501 2361 1554 maximus
2393 1499 2511 1554 dies
2540 1498 2692 1553 horis
2724 1492 3061 1564 quindecim,
3095 1504 3201 1542 nox
3229 1485 3461 1539 minima

1903 1605 2098 1645 novem
2140 1580 2396 1644 horarum
2422 1587 2736 1643 interstitiis
2765 1582 3089 1640 absolvitur.
3118 1579 3240 1647 Ipse
3278 1582 3462 1627 autem

1907 1696 1935 1733 a
1983 1678 2130 1734 Junii
2178 1678 2435 1732 vicesima
2493 1686 2687 1745 quarta
2742 1674 2809 1728 ad
2852 1670 3166 1725 vicesimam
3218 1665 3464 1734 quintam

1910 1770 2247 1839 Septembris
2272 1766 2548 1836 procedit:
2584 1778 2694 1820 tum
2717 1762 2913 1818 deinde
2938 1761 3039 1816 sub
3072 1745 3309 1811 medium
3335 1752 3467 1805 solis

232 1858 623 1923 perluminosae
661 1856 810 1919 duae,
848 1869 975 1909 cum
1004 1852 1070 1906 ad
1101 1859 1322 1905 centum
1353 1842 1747 1916 quinquaginta
1782 1842 1798 1890 ἱ
1836 1845 1878 1899 Β
1907 1876 1931 1914 a

1782 1842 1798 1890 δ
1836 1845 1878 1899 Β
1907 1861 1975 1915 ad
2008 1875 2105 1914 nos
2131 1860 2412 1914 redeuntis
2438 1866 2618 1912 ortum
2654 1856 2895 1924 tropicus
2926 1847 3258 1906 autumnalis
3291 1844 3466 1897 vicem

235 1947 569 2017 πανσέληνος
591 1961 685 2000 seu
709 1944 1068 2015 plenilunium
1094 1942 1411 2008 integraque
1445 1936 1587 1990 luna:
1614 1932 1802 1993 facies,

231 2052 357 2092 cum
396 2037 462 2091 ad
495 2048 713 2091 centum
749 2034 1023 2103 octoginta
1055 2041 1237 2103 partes
1279 2026 1631 2084 abscesserit.
1662 2024 1805 2077 Duas

236 2138 419 2182 autem
454 2128 714 2190 diximus,
744 2127 849 2181 hoc
870 2134 955 2185 est
975 2138 1138 2177 unam
1167 2137 1285 2191 quae
1312 2126 1543 2181 crescat,
1574 2116 1801 2169 alteram

236 2236 359 2291 qua:
390 2220 628 2275 deficiat.
683 2219 927 2272 Duorum
980 2229 1144 2287 porro
1185 2214 1400 2266 dierum
1457 2218 1512 2264 et
1561 2207 1805 2262 semissis

233 2312 416 2382 spatio
444 2312 725 2382 signorum
760 2308 1189 2379 unumquodque
1215 2306 1357 2359 luna:
1387 2301 1679 2372 percurrit.

831 2445 985 2502 CAP.
1035 2441 1202 2497 XVII.

244 2537 320 2592 De
347 2546 540 2605 septem
572 2537 909 2604 planetarum
935 2532 1074 2605 sonis
1109 2539 1155 2583 et
1193 2545 1365 2592 cursu,
1394 2543 1501 2605 una
1541 2543 1657 2580 cum
1706 2529 1804 2579 loci

311 2599 548 2662 Dauidici
572 2599 778 2659 'Psalm.
820 2603 996 2657 vm‘:
1036 2601 1243 2655 Lunam
1280 2608 1336 2653 et
1380 2599 1563 2652 stellas
1596 2611 1717 2665 quae
1750 2606 1803 2650 tu

312 2678 571 2741 fundasti,
596 2676 962 2746 explicatione.

312 2789 391 2843 Ex
414 2788 529 2857 ipsa
562 2787 867 2842 caelestium
893 2785 1179 2855 globorum
1213 2780 1569 2836 universitate
1596 2788 1803 2849 septem

242 2879 490 2949 planetas
520 2893 639 2932 esse
684 2877 884 2931 aiunt:
930 2874 1020 2944 qui
1055 2884 1207 2928 motu
1255 2890 1285 2928 a
1340 2874 1545 2927 caelesti
1586 2873 1805 2925 diverso

243 2977 573 3025 moventur:
610 2983 716 3038 qua
750 2968 961 3022 ratione
996 2968 1334 3036 planetarum
1359 2979 1577 3034 quoque
1608 2978 1804 3016 nomen

243 3060 429 3129 adepti
466 3071 616 3114 sunt.
645 3058 780 3112 Nam
816 3073 938 3112 cum
966 3057 1164 3111 malum
1190 3055 1256 3109 ab
1276 3054 1499 3109 Oriente
1536 3053 1601 3106 ad
1644 3051 1803 3107 Occi-

1904 1952 2113 2014 atstivo,
2141 1960 2348 2006 retenta
2385 1950 2618 2020 quadam
2667 1946 2848 2016 frigidi
2893 1953 2949 1999 et
3006 1941 3190 2004 calidi,
3229 1938 3469 2004 itemque

1907 2044 2037 2098 sicci
2086 2054 2144 2099 et
2205 2043 2419 2097 humidi
2485 2039 2882 2098 moderatione,
2937 2030 3242 2102 rependit:
3304 2037 3469 2093 atque

1904 2135 2091 2190 aestivo
2120 2134 2344 2205 quidem
2367 2133 2711 2199 hihernoque
2750 2125 2976 2196 tropicis
3002 2118 3362 2182 intermediis,
3402 2116 3471 2171 ab

1908 2227 2002 2282 illo
2035 2229 2295 2290 calorem,
2329 2226 2397 2279 ab
2444 2226 2548 2279 hoc
2590 2221 2939 2291 frigiditatem
2970 2225 3252 2271 mutuatur
3285 2230 3297 2266 :
3345 2226 3468 2265 nam

1904 2317 2136 2388 frigidus
2162 2328 2219 2370 et
2241 2318 2419 2371 siccus
2448 2323 2554 2376 est,
2599 2322 2883 2379 atramque
2929 2307 3097 2361 bilem
3145 2310 3327 2371 auget.
3371 2300 3472 2353 Hic

1905 2410 2041 2463 alter
2093 2407 2493 2479 aequinoctialis
2548 2404 2795 2472 trepicus
2843 2399 3056 2454 diurnis
3118 2394 3271 2448 horis
3330 2391 3474 2445 duo-

1907 2503 2111 2567 decim,
2163 2499 2501 2565 totidemque
2566 2491 2850 2548 nocturnis
2910 2495 3146 2546 constat,
3223 2491 3387 2541 atque
3442 2493 3473 2531 τι

1907 2590 2250 2662 Septembris
2280 2588 2537 2643 vicesima
2569 2585 2764 2654 quinta
2814 2580 2879 2634 ad
2918 2574 3240 2633 Decembris
3280 2569 3477 2627 vicesi-

1907 2703 2050 2740 mam
2082 2686 2329 2755 quintam
2369 2680 2732 2752 protrahitur.
2765 2676 2901 2731 Cum
2926 2686 3058 2727 vero
3089 2669 3168 2724 sol
3199 2666 3262 2721 ad
3298 2663 3465 2719 mini-

1906 2794 2054 2832 mum
2098 2778 2451 2845 intlmumque
2483 2773 2587 2827 hoc
2611 2780 2695 2826 est
2734 2767 3098 2823 meridianum
3126 2769 3307 2816 ortum
3342 2771 3475 2828 pro-

1908 2872 2095 2940 lapsus
2147 2878 2252 2931 est,
2311 2866 2525 2922 tandem
2588 2862 2831 2932 tropicus
2898 2858 3168 2912 hibernus
3219 2848 3474 2919 emergit,

1908 2938 2137 3032 frigidus
2161 2959 2381 3030 quidem
2418 2958 2507 3012 ille
2534 2966 2589 3011 et
2619 2952 2898 3015 humidus,
2922 2948 3128 3018 quique
3160 2938 3468 3002 autumnali

1908 3066 1963 3109 et
1994 3068 2164 3108 verno
2203 3050 2415 3107 medius
2466 3047 2773 3116 interiacet,
2813 3042 2960 3099 illius
2991 3040 3209 3111 quidem
3268 3034 3479 3103 frigidi-

244 3152 465 3204 dentem
520 3158 803 3203 moveatur
835 3166 847 3201 :
898 3148 974 3202 illi
1035 3156 1222 3201 contra
1274 3147 1342 3199 ab
1387 3144 1685 3201 Occidente
1748 3146 1801 3200 in
1833 3176 1875 3235 ο
1913 3155 2101 3208 tatem,
2135 3142 2298 3212 hujus
2324 3155 2456 3193 vero
2488 3136 2724 3192 calorem
2753 3149 2820 3188 ex
2842 3146 3000 3201 aquo
3038 3127 3299 3182 referens.
3336 3123 3476 3175 Tro-

248 3242 527 3296 Orientem
558 3240 881 3309 rapiuntur;
910 3241 1219 3308 ccelumque
1250 3239 1387 3293 adeo
1427 3240 1602 3307 ipsum
1647 3238 1809 3306 rapi-

248 3332 479 3388 dissimo
538 3349 636 3387 suo
678 3343 828 3386 motu
880 3340 1087 3400 septem
1127 3331 1372 3400 planetas
1420 3329 1807 3392 circumvehit,

248 3439 371 3493 qua:
400 3424 486 3478 his
528 3424 691 3492 vulgo
742 3423 1055 3477 nominibus
1108 3430 1398 3475 censentur
1434 3438 1449 3476 :
1486 3421 1600 3485 Sol,
1636 3419 1810 3485 Luna,

249 3514 487 3582 Jupiter,
521 3512 843 3575 Mercurius,
874 3512 1034 3573 Mars,
1060 3511 1262 3572 Venus,
1290 3512 1578 3565 Saturnus.
1612 3510 1669 3563 In
1701 3510 1811 3563 sin-

251 3606 394 3676 gulis
432 3615 612 3660 autem
656 3604 777 3660 caeli
808 3605 961 3657 zonis
988 3618 1130 3657 unus
1164 3602 1362 3671 aliquis
1401 3617 1432 3656 e
1458 3612 1661 3670 septem
1694 3599 1814 3669 pla-

252 3698 398 3753 netis
423 3697 658 3750 volvitur
693 3714 705 3751 :
738 3696 791 3749 in
821 3696 993 3764 prima
1025 3694 1270 3763 quidem,
1305 3708 1424 3761 qum
1453 3700 1509 3746 et
1539 3707 1813 3760 suprema,

254 3789 564 3844 Saturnus:
600 3789 653 3841 in
683 3786 942 3845 secunda,
967 3785 1221 3854 Jupiter:
1258 3785 1308 3838 in
1336 3787 1514 3852 tertia,
1548 3784 1726 3837 Mars:
1762 3783 1816 3836 in

259 3894 476 3951 quarta,
509 3880 588 3934 sol
627 3898 638 3932 :
674 3879 727 3932 in
777 3879 988 3947 quinta,
1018 3878 1199 3932 Venus
1235 3894 1248 3929 :
1300 3877 1354 3929 in
1404 3885 1574 3936 sexta,
1607 3874 1819 3927 Mercu-

261 3975 413 4028 rius:
448 3974 501 4026 in
536 3970 787 4039 septima,
819 3983 938 4038 quae
972 3969 1216 4022 omnium
1250 3982 1468 4037 quoque
1503 3966 1687 4020 infima
1714 3976 1817 4031 est,

259 4066 408 4119 luna.
449 4062 749 4131 lrrequieto
796 4062 979 4129 itaque
1024 4070 1080 4114 et
1139 4060 1465 4113 indesinenti
1518 4074 1683 4112 cursu
1728 4058 1823 4113 de-

260 4165 514 4216 currunt,
537 4170 602 4208 eo
628 4153 907 4216 nimirum,
939 4167 1100 4221 quem
1131 4153 1208 4205 eis
1238 4152 1425 4205 mundi
1464 4151 1651 4220 Opifex
1683 4166 1822 4219 pra:-

265 4247 461 4309 finivit,
496 4256 552 4300 et
580 4252 742 4315 prout
772 4244 894 4298 illos
940 4242 1207 4306 fundavit,
1253 4251 1312 4295 ut
1354 4242 1572 4296 divinus
1600 4241 1690 4295 ille
1722 4243 1824 4295 Da-

264 4338 416 4393 vides
449 4337 734 4400 exclamat,
761 4334 969 4387 Lunam
993 4342 1041 4387 et
1066 4333 1271 4397 stellas,
1301 4350 1415 4403 qua:
1432 4343 1485 4386 tu
1513 4334 1781 4402 fundasti“
1806 4352 1819 4388 :

267 4444 335 4482 eo
366 4428 510 4482 enim
558 4427 703 4494 quod
755 4425 994 4496 fundasti
1043 4424 1199 4488 dixit,
1255 4423 1582 4478 soliditatem
1634 4426 1824 4492 utique

1915 3237 2021 3307 pici
2072 3238 2235 3306 hujus
2282 3233 2401 3288 dies
2432 3231 2658 3285 minima
2689 3240 2886 3283 novem
2938 3224 3220 3279 horarum,
3260 3227 3477 3283 noxque

1913 3329 2145 3383 maxima
2168 3325 2479 3396 quindecim
2510 3321 2685 3392 spatio
2702 3315 2980 3375 decurrit:
3013 3313 3261 3382 pituitam
3293 3314 3477 3374 auget,

1912 3438 1941 3475 a
1972 3418 2397 3486 Decembrisque
2436 3414 2694 3470 vicesima
2731 3410 2921 3479 quinta
2958 3405 3023 3458 ad
3058 3400 3243 3457 Martii
3274 3397 3478 3453 vicesio

1918 3528 2061 3566 mam
2098 3511 2329 3581 primam
2362 3507 2696 3563 extenditur.
2734 3502 3020 3571 Sapienter
3054 3496 3198 3550 enim
3250 3492 3316 3546 ab
3356 3493 3476 3559 ipso

1914 3604 2104 3660 mundi
2154 3603 2357 3672 Opifice
2400 3599 2678 3671 provisum
2710 3603 2828 3660 est,
2876 3607 2945 3646 ne
2995 3589 3063 3642 ab
3096 3595 3341 3641 extremo
3390 3581 3475 3636 vel

1916 3697 2097 3752 calore
2144 3695 2228 3748 vel
2282 3694 2504 3761 frigore,
2554 3690 2645 3745 .vel
2682 3688 2951 3748 siccitate,
2990 3683 3075 3737 vel
3126 3680 3473 3741 liumiditate,

1919 3786 1971 3839 in
1996 3792 2290 3839 extremam
2323 3780 2723 3837 contrariarum
2755 3774 3076 3844 qualitatum
3111 3771 3346 3837 aliquam
3379 3768 3477 3821 de-

1918 3877 2033 3941 lati,
2089 3878 2143 3930 in
2195 3876 2468 3945 graviores
2529 3873 2737 3941 aliquot
2780 3868 3003 3923 morbos
3049 3866 3471 3919 incurreremus.

1922 3970 2053 4024 Nam
2102 3967 2401 4037 repentina:
2445 3964 2776 4019 mutationes
2810 3958 3129 4031 periculosae
3164 3964 3219 4009 et
3249 3952 3477 4006 lubricae

1920 4060 2083 4129 vulgo
2108 4059 2378 4114 feruntur.
2431 4048 2542 4110 IIoc
2585 4056 2769 4123 itaque
2820 4061 2980 4121 pacto
3015 4048 3092 4102 sol
3126 4045 3384 4113 tropiros,
3422 4051 3477 4097 et

1923 4167 2018 4220 per
2043 4166 2137 4205 eos
2170 4166 2393 4213 annum,
2432 4148 2549 4202 dies
2595 4145 2836 4212 denique
2892 4148 3193 4207 noctesque
3237 4134 3477 4204 digerit;

1926 4243 2046 4297 illos
2068 4240 2287 4312 quidem
2323 4250 2445 4293 ortu
2480 4252 2578 4293 suo
2608 4250 2881 4303 supraque
2915 4242 3115 4286 terram
3144 4238 3354 4289 vectus,
3383 4223 3481 4276 has

1926 4351 2056 4390 vero
2083 4349 2209 4390 eum
2236 4333 2593 4386 subterranea
2623 4330 2738 4383 loca
2772 4332 3032 4396 permeat,
3065 4322 3293 4389 aliisque
3319 4315 3482 4371 lumi-

1927 4424 2176 4488 naribus,
2231 4424 2393 4488 lunae,
2447 4423 2690 4490 inquam,
2722 4428 2778 4473 et
2830 4417 3023 4480 stellis,
3070 4414 3337 4486 fulgorem
3381 4410 3483 4463 im-

266 4516 403 4571 nulli
468 4515 762 4569 obnoxiam
817 4513 1126 4575 mutationi,
1157 4511 1404 4566 ordinem
1459 4521 1743 4581 praeterea,
1769 4522 1823 4567 et
1854 4517 1900 4573 ι)
1926 4517 2109 4585 pertit.

266 4608 459 4677 εἱρμὸν
483 4622 581 4661 seu
616 4605 1062 4660 consecutionem
1102 4603 1250 4656 illam
1283 4603 1574 4673 significat,
1610 4619 1771 4673 quam
1797 4619 1827 4657 a

267 4701 380 4754 Deo
412 4707 759 4767 acceperunt.
806 4697 933 4771 Illas
972 4696 1121 4751 enim
1167 4696 1224 4750 in
1255 4709 1517 4765 tempora,
1567 4698 1622 4751 in
1652 4697 1826 4767 signa,

267 4801 325 4847 et
353 4792 410 4846 in
432 4804 604 4844 annos
628 4788 917 4857 disposuit.

857 4921 1006 4975 CAP.
1047 4918 1233 4975 XVIII.

550 5038 630 5093 De
660 5047 886 5109 quatuor
909 5036 1122 5105 tropicis
1149 5036 1254 5089 sive
1285 5036 1549 5090 solstitiis.

2539 4644 2692 4699 CAP.
2732 4642 2875 4699 XIX.

2248 4755 2432 4825 Signa,
2467 4772 2661 4810 menses
2690 4764 2738 4808 et
2765 4752 3164 4825 προγνωστικά.

1993 4869 2245 4925 leestia
2296 4884 2461 4938 porro
2487 4868 2636 4938 signa
2670 4883 2737 4922 ex
2780 4865 2950 4920 stellis
2994 4872 3049 4918 et
3097 4865 3213 4933 ipsa
3254 4860 3486 4917 conflata

1925 4977 2066 5027 esse,
2103 4970 2363 5029 motuque
2394 4959 2517 5025 soli,
2556 4960 2719 5022 lunze,
2757 4966 2814 5012 et
2839 4956 3069 5025 reliquis
3098 4955 3343 5024 quinque
3372 4954 3489 5022 pla-

1934 5054 2076 5109 netis
2117 5053 2396 5109 contrario
2443 5051 2649 5105 moveri
2700 5052 2871 5113 ajunt,
2905 5056 3091 5116 utpote
3125 5062 3245 5116 quae
3276 5054 3485 5113 septem

1938 5145 2037 5213 ipsi
2074 5144 2300 5211 planetae
2330 5149 2679 5211 percurrant.
2716 5140 2902 5207 Itaque
2948 5137 3028 5191 sol
3062 5136 3117 5190 in
3157 5149 3486 5203 unoquoque

1930 5238 2085 5305 signo
2123 5250 2364 5289 mensem
2399 5235 2673 5304 integrum
2712 5233 3059 5292 immoratur,
3091 5228 3487 5292 duodecimque

1932 5326 2212 5381 mensibus
2243 5327 2395 5396 signa
2423 5325 2645 5379 totidem
2674 5322 2973 5393 percurrit,
3004 5334 3234 5388 quarunt
3264 5317 3485 5385 quidem

1929 5428 2092 5488 atque
2118 5419 2387 5473 mensium
2411 5417 2517 5471 illis
2542 5415 2896 5485 peculiarium
2932 5414 3045 5466 hinc
3069 5412 3289 5465 nomina
3311 5416 3438 5462 sunt
3468 5425 3484 5463 :

1928 5510 2085 5564 Aries
2108 5509 2280 5563 Martii
2312 5507 2515 5563 mensis
2542 5506 2815 5561 vicesima.
2838 5504 2943 5567 die,
2994 5502 3205 5556 Taurus
3229 5499 3483 5552 vicesima

1934 5604 2090 5660 tertia
2124 5602 2340 5673 Aprilis,
2367 5602 2581 5657 Gemini
2621 5599 2877 5655 vicesima
2914 5596 3074 5653 tertia
3099 5594 3248 5657 ‘tllaii,
3279 5590 3487 5647 Cancer

344 5154 795 5224 Quandoquidem
833 5151 1064 5207 solstitia
1096 5158 1332 5219 quatuor
1363 5164 1461 5218 per
1492 5148 1660 5203 solem
1692 5163 1828 5202 con-

273 5248 599 5310 stituuntur,
632 5246 870 5315 primum
897 5241 1121 5311 quidem
1161 5256 1411 5304 vernum,
1453 5240 1506 5293 in
1542 5255 1651 5309 quo
1690 5240 1833 5294 Deus

277 5337 534 5391 universa
590 5336 814 5400 ereavit,
876 5335 1033 5405 cujus
1076 5331 1297 5401 quidem
1342 5332 1419 5385 rei
1465 5331 1628 5384 flores
1667 5330 1721 5386 in
1766 5345 1833 5384 eo

276 5427 579 5482 etiamnum
613 5432 955 5493 emergentes
979 5432 1035 5477 et
1065 5422 1396 5491 pullulantes
1434 5428 1586 5473 certo
1628 5420 1832 5474 indicio

286 5527 412 5572 sunt
436 5554 451 5578 ,
491 5518 600 5571 alio
630 5516 851 5570 nomine
885 5515 1181 5569 solstitium
1205 5513 1583 5582 :equinoctiale
1608 5512 1829 5573 dicitur,

286 5607 429 5677 quod
463 5616 612 5661 certe
644 5607 751 5662 diei
780 5606 1037 5677 noctique
1067 5604 1357 5661 duodecim
1388 5603 1551 5660 horas
1585 5619 1649 5661 ex
1674 5618 1832 5674 aequo

372 5789 390 5818 ⁸
416 5788 563 5841 Vera.
607 5788 658 5840 5.
