4302 6370
858 375 990 434 1115
2104 386 2404 445 κιιιετλῑ
2440 388 2557 446 ΕΗ(

2385 387 2404 444 ἰ
2440 388 2854 450 (ΣΗΟΝΙΑΤΕ
3934 390 4084 453 Ηίῧ

856 486 1112 538 κίαεεὶιιιςι
1149 500 1345 555 quarta
1376 490 1545 555 Junii,
1580 491 1689 545 [.30
1728 493 1984 547 vicesima
2017 498 2205 563 quinta
2258 496 2410 557 Julii,
2441 501 2490 558 Α
2537 516 2555 550 ς

2396 538 2410 557 ,
2441 501 2490 558 Α
2537 500 2720 564 vidua,
2752 514 2806 554 et
2834 502 3180 570 ἀμφῖκυρτος
3206 502 3462 572 utrinque
3493 503 3717 571 gilibosa
3750 516 3803 557 et
3836 509 4088 572 repanda

854 579 1018 647 Virgo
1062 580 1321 641 vicesima
1374 584 1569 650 quinta
1638 587 1892 655 Augusti,
1943 588 2104 640 Libra
2150 590 2411 643 vicesima
2490 580 2616 644 .est.
2649 590 2782 645 Nam
2815 594 2896 646 vel
2922 593 3147 646 dimidia
3174 595 3373 655 minus,
3409 595 3492 648 vel
3524 595 3769 657 dimidia,
3802 596 3882 650 vel
3907 596 4086 650 etiam

850 670 1043 736 quinta
1114 670 1491 739 Septembris,
1556 676 1819 746 Scorpius
1892 678 2149 733 vicesima
2221 681 2413 748 quinta

850 760 1119 824 Octobris,
1152 760 1477 831 Sagittarius
1526 767 1783 819 vicesima
1822 770 2016 836 quinta
2060 771 2409 833 Novembris.

859 851 1230 919 Capricornus
1262 855 1517 909 vicesima
1550 858 1739 924 quinta
1778 858 2113 923 Decembris,
2140 862 2415 930 Aquarius

852 944 1106 997 vicesima
1135 945 1422 1010 'Januarii,
1488 948 1671 1001 Pisces
1713 948 1950 1020 denique
2005 953 2262 1006 vicesima
2312 954 2416 1007 Fe-

850 1035 1057 1088 bruarii
1094 1038 1264 1090 solem
1296 1040 1600 1106 excipiunt.
1643 1040 1887 1111 Singulis
1912 1054 2093 1097 autem
2131 1045 2415 1099 mensibus

848 1125 973 1177 luna
1020 1126 1308 1179 duodecim
1366 1128 1583 1183 Zodiaci
1641 1132 1792 1200 signa
1842 1135 2134 1201 percurrit,
2186 1144 2249 1189 ut
2290 1152 2413 1205 qua:

848 1217 1006 1283 longe
1038 1218 1144 1270 illis
1178 1218 1405 1271 inferior
1456 1230 1512 1273 et
1550 1222 1874 1276 citatissimo
1925 1224 2041 1293 ipsa
2074 1241 2241 1280 cursu
2278 1244 2415 1296 prae-

853 1308 1188 1361 tervehatur.
1244 1310 1715 1374 Quemadmodum
1770 1314 1919 1367 enim
1972 1316 2018 1370 si
2064 1318 2273 1371 circulo
2301 1319 2414 1373 cir-

856 1398 1029 1449 :uluui
1086 1398 1313 1461 inseras,
1374 1400 1603 1454 interior
1652 1402 1929 1456 exteriore
1983 1405 2164 1457 minor
2216 1404 2413 1474 depre-

851 1490 1127 1556 uenditur,
1174 1493 1245 1545 ita
1276 1500 1331 1545 et
1360 1493 1525 1556 lunae,
1562 1502 1820 1561 tanquam
1870 1496 2168 1561 inferioris,
2220 1514 2415 1554 rursus

852 1580 1025 1633 multo
1059 1582 1392 1635 contractior
1415 1592 1519 1646 est,
1555 1586 1883 1653 citatiusque
1907 1586 2079 1639 multo
2097 1588 2408 1642 conﬁcitur.

853 1668 960 1722 lam
1000 1687 1064 1724 ex
1096 1680 1370 1727 astrorum
1409 1675 1722 1745 hujusmodi
1764 1686 1887 1730 ortu
1932 1686 1988 1731 et
2045 1694 2269 1741 occasu,
2310 1694 2405 1735 ac-

848 1759 1092 1814 cessibus
1114 1771 1169 1815 et
1195 1766 1523 1828 recessibus,
1558 1768 1667 1821 imo
1712 1769 1877 1822 etiam
1928 1769 2413 1837 progressionibus

848 1861 899 1905 et
931 1854 1365 1921 regressionibus
1408 1856 1791 1912 Chaldaorum
1846 1870 1901 1914 et
1946 1839 2414 1924 Graecorum,‘in-

848 1960 1010 2012 super
1038 1955 1096 1999 et
1140 1946 1428 2015 impiorum
1479 1950 1877 2020 astrologorum
1931 1953 2010 2022 (Ξ)
2064 1954 2154 2007 alii
2186 1954 2409 2024 quidem

852 2052 941 2089 res
992 2037 1259 2092 humanas
1312 2041 1422 2107 regi
1472 2053 1526 2093 et
1557 2044 1872 2110 gubernari,
1905 2045 1995 2097 alii
2030 2061 2180 2108 vero,
2217 2047 2313 2114 qui
2350 2056 2410 2101 et

847 2124 1231 2188 modestiores,
1277 2127 1686 2184 Christianismi
1746 2124 1956 2187 scilicet
2014 2145 2284 2204 prretextu
2339 2152 2409 2191 ex

847 2216 1038 2270 iisdem
1076 2218 1383 2273 futurorum
1414 2224 1565 2291 signa
1596 2225 1718 2277 elici
1740 2224 2027 2280 alllrutant.
2058 2228 2212 2283 Unde
2241 2230 2408 2283 etiam

848 2309 1243 2373 Arietinorum,
1276 2313 1663 2378 Taurinorum,
1692 2327 1748 2371 et
1782 2328 2105 2372 caelerorum
2143 2321 2195 2373 id
2232 2336 2409 2391 genus

846 2402 1063 2453 nomina
1094 2403 1293 2471 priscis
1322 2407 1664 2473 temporibus
1707 2411 1919 2463 ratione
1953 2416 2221 2479 cujusque
2267 2413 2407 2481 signi

768 2516 769 2519 η
846 2489 1051 2551 habita,
1080 2507 1189 2558 quo
1215 2493 1447 2562 quisque
1497 2497 1773 2565 perruptis
1828 2499 1930 2552 alvi
1973 2511 2232 2557 materna:
2258 2503 2411 2557 clau—

842 2580 970 2634 su'is
996 2580 1165 2634 solem
1189 2582 1461 2653 objecmm
1498 2585 1745 2649 haberet,
1771 2588 2133 2646 inoleveruut.

1465 2719 1617 2775 CAP.
1662 2722 1781 2776 XX.

1060 2829 1133 2882 De
1158 2831 1433 2885 stellarum
1465 2843 1629 2888 metu.
1676 2834 1915 2907 Itemque
1950 2841 2013 2892 de
2044 2841 2193 2895 luna.

918 2940 1145 3006 Quidam
1172 2944 1622 3013 philosophorum
1655 2949 1768 3004 haec
1784 2966 2000 3019 quoque
2022 2953 2086 3006 de
2105 2954 2274 3008 stellis
2297 2965 2409 3009 tra-

845 3029 1125 3083 diderunt.
1160 3035 1336 3102 Atque
1380 3037 1685 3092 inerrantes
1717 3041 1938 3107 quidem
1971 3044 2157 3098 stellas
2200 3046 2410 3099 Aristo-

2515 682 2639 750 plus
2672 699 2834 751 quam
2869 684 3089 738 dimidia
3117 686 3203 738 sui
3237 696 3389 753 parte
3431 686 3790 740 illuminatur.

3124 820 3276 875 CAP.
3315 821 3457 875 XXl.

3162 932 3233 986 De
3261 950 3441 989 ructo.

2587 1043 3042 1114 Phil050phorum
3076 1059 3332 1115 praeterea
3367 1049 3616 1101 nonnulli
3640 1063 3873 1102 vacuum
3898 1049 4087 1117 quod-

2515 1135 2639 1190 dam
2671 1140 2836 1191 etiam
2889 1138 3334 1203 introduxerunt,
3376 1138 3543 1207 idque
3574 1155 3803 1208 corpore
3842 1153 4085 1205 prorsus

2517 1226 2861 1291 destitutum,
2910 1230 3064 1298 quasi
3108 1229 3383 1299 quoddam
3432 1231 3600 1285 chaos
3650 1230 3929 1283 inﬁnitum
3986 1230 4091 1283 de—

2517 1327 2845 1380 monstrant,
2884 1320 3138 1388 idemque
3178 1330 3302 1375 ante
3332 1320 3596 1375 mundum
3631 1319 3797 1374 fuisse
3840 1330 4091 1374 contenv

2515 1409 2653 1463 dunt
2687 1428 2700 1463 :
2732 1411 2931 1465 creatis
2982 1411 3176 1466 deinde
3213 1413 3499 1467 elementis
3547 1412 3801 1466 universa
3842 1426 4089 1479 corpora

2515 1502 2723 1556 ambitu
2759 1512 2815 1556 et
2848 1504 3311 1558 circumvectione
3335 1504 3459 1559 (τίεΙί
3493 1504 3906 1563 concluserunt,
3941 1503 4089 1555 nihil

2516 1591 2752 1647 interius
2791 1595 2949 1647 vacui
2988 1596 3382 1665 relinquentes.
3428 1595 3582 1663 Quod
3613 1605 3793 1649 autem
3830 1595 4093 1647 exterius

2512 1692 2617 1745 est,
2647 1695 2811 1752 atque
2836 1685 2971 1739 adeo
2998 1694 3150 1739 extra
3183 1686 3351 1755 ipsam
3378 1685 3498 1739 celi
3530 1684 4089 1745 circumvectionem,

2516 1775 2569 1828 id
2600 1776 2817 1829 demum
2850 1792 3009 1831 omne
3038 1793 3267 1831 vacuum
3297 1792 3438 1839 esse,
3462 1786 3518 1831 et
3560 1777 3859 1841 inﬁnitum,
3895 1791 4090 1846 quan-

2516 1877 2630 1921 tum
2662 1869 2787 1937 quis
2813 1868 2867 1922 in
2900 1868 3113 1923 inﬁnito
3140 1870 3263 1924 loco
3298 1867 3580 1938 imaginari
3608 1868 3799 1938 possit.

3098 2002 3249 2058 CAP.
3293 2003 3458 2057 XXII.

2723 2113 2939 2184 Ecquod
2973 2115 3289 2169 elementum
3319 2119 3488 2186 primo
3520 2116 3858 2183 productum.

2582 2228 2661 2281 Ad
2716 2228 2833 2283 haec
2882 2227 3057 2282 Moses
3089 2230 3328 2297 quidem,
3359 2229 3447 2283 cui
3490 2244 3547 2283 se
3592 2226 3734 2283 Deus
3774 2229 4089 2282 videndum

2510 2321 2768 2390 praebuit,
2800 2322 2852 2374 in
2880 2331 3005 2373 ortu
3042 2321 3226 2375 mundi
3254 2321 3394 2376 coelo
3427 2332 3482 2376 et
3507 2330 3665 2376 terra:
3695 2321 3908 2391 primas
3936 2323 4085 2376 assi—

2514 2421 2663 2481 gnat.
2698 2410 3013 2466 Gmcorum
3042 2427 3171 2465 vero
3205 2413 3479 2480 sapientes
3505 2413 3607 2465 alia
3634 2412 3686 2464 in
3727 2412 3927 2465 haeresi
3965 2413 4089 2466 fue-

2512 2510 2689 2555 runt:
2748 2516 2985 2571 quorum
3035 2501 3126 2555 alii
3173 2512 3371 2555 terram
3417 2503 3590 2570 primo
3631 2502 3773 2564 loco,
3804 2511 4086 2569 tanquam

2511 2594 2750 2647 caelestis
2770 2594 2921 2646 orbis
2946 2602 3196 2646 centrum
3223 2602 3490 2645 statuunt.
3525 2591 3998 2660 Quandoquidem
4033 2593 4091 2647 in

2513 2685 2690 2738 solido
2719 2684 2927 2738 circulo
2962 2692 3209 2737 centrum
3240 2683 3393 2751 prius
3415 2693 3468 2734 et
3499 2684 3785 2751 antiquius
3817 2696 3931 2738 est.
3977 2686 4089 2738 Alii

2518 2788 2653 2827 vero
2683 2772 2871 2826 mundi
2910 2772 3319 2826 universitatem
3351 2774 3405 2826 in
3443 2784 3681 2841 quatuor
3709 2774 3998 2828 elementa
4034 2787 4093 2830 ct

2511 2866 2764 2935 quintum
2810 2848 3010 2933 corpus
3048 2865 3266 2919 caeleste
3306 2865 3556 2919 dividunt
3592 2883 3604 2915 :
3639 2866 4092 2919 elementorum-

2512 2974 2620 3027 que
2649 2959 2934 3021 tetradem,
2970 2974 3066 3013 seu
3112 2961 3549 3027 quaternionem,
3596 2962 3666 3015 ab
3696 2963 3819 3030 ipso
3868 2962 4093 3017 athere

2514 3050 2721 3104 moveri
2780 3060 3084 3103 autumant.
3128 3050 3369 3104 diti-eris
3417 3067 3582 3119 porro
3630 3052 4088 3121 pulcherrimam

848 3125 983 3177 teles
1012 3140 1245 3193 eumque
1278 3129 1472 3190 secuti,
1504 3130 1645 3183 caelo
1679 3130 1866 3185 allian
1892 3148 2034 3194 esse.
2079 3145 2135 3188 et
2183 3137 2255 3189 ita
2282 3154 2406 3191 cum
2436 3168 2479 3226 ο
2514 3148 2725 3208 partem
2782 3139 2980 3193 ccelum
3028 3154 3172 3201 esse,
3229 3139 3374 3205 quod
3411 3140 3586 3204 primo
3636 3141 3799 3191 etiam
3855 3140 3989 3192 loco
4034 3140 4093 3193 in

848 3217 938 3269 ilio
991 3218 1326 3272 circumvehi
1381 3233 1659 3286 asserunt,
1722 3232 1781 3277 ut
1828 3224 1897 3277 ab
1952 3227 2045 3280 illo
2083 3228 2270 3283 divelli
2315 3247 2412 3285 ne-

845 3318 1065 3374 queant.
1090 3310 1277 3379 Itaque
1304 3327 1428 3365 cum
1453 3314 1653 3367 caelum
1683 3316 1752 3368 ab
1781 3325 1902 3370 ortu
1940 3319 2005 3371 ad
2049 3334 2302 3375 occasum
2335 3321 2413 3375 τεο-

849 3413 1021 3464 ratur,
1054 3401 1246 3453 eodem
1284 3403 1448 3455 etiam
1485 3404 1604 3458 illas
1631 3420 1755 3459 cum
1781 3408 1991 3462 cmlesti
2026 3424 2256 3479 corpore
2296 3427 2412 3466 mo-

845 3496 957 3545 veri
984 3512 997 3547 :
1027 3504 1275 3548 errantes
1303 3511 1433 3550 vero
1462 3497 1646 3550 divina
1681 3499 2042 3556 moderatrice
2068 3504 2409 3568 providentia

848 3588 1126 3638 contrario
1168 3597 1340 3653 motu,
1395 3591 1622 3659 parique
1663 3593 1813 3647 velut
1867 3594 2194 3650 libramento
2240 3597 2410 3652 obﬁr-

850 3687 1021 3732 malas
1071 3690 1259 3732 contra
1304 3682 1445 3733 niti:
1493 3697 1562 3735 ne
1590 3682 1728 3737 forte
1776 3685 2329 3743 circuinvectionibus
2352 3703 2410 3745 et

844 3767 1431 3823 circumvolutionibus
1458 3770 1692 3825 assiduis
1721 3773 2160 3844 confringantur,
2202 3780 2407 3849 proprii

846 3860 1215 3928 naturalisque
1265 3869 1445 3915 motus
1491 3863 1723 3928 ratione,
1755 3880 1864 3933 quo
1908 3866 1977 3919 ab
2025 3866 2324 3925 Occidente
2354 3873 2409 3925 in

842 3952 1119 4006 Orientem
1158 3952 1466 4021 rapiuntur,
1506 3969 1805 4025 rursusque
1830 3958 1899 4011 ab
1920 3958 2144 4014 Oriente
2173 3964 2225 4015 in
2250 3962 2409 4018 Occi-

844 4045 1062 4097 dentem
1092 4060 1195 4096 una
1232 4059 1356 4096 cum
1408 4046 1549 4099 cmlo
1596 4049 1957 4105 revehuntur.
2006 4050 2082 4105 Ex
2127 4070 2237 4122 quo
2268 4054 2408 4121 ﬁeri,

849 4144 907 4190 ut
935 4136 1012 4189 sol
1046 4143 1194 4189 motu
1238 4137 1459 4205 proprio
1489 4154 1635 4194 nunc
1670 4140 1734 4194 ad
1772 4140 2234 4211 Septentrionem.
2261 4163 2408 4202 nunc

843 4230 908 4282 ad
953 4230 1231 4283 Meridiem
1267 4244 1493 4301 vergens
1540 4244 1776 4302 quatuor
1806 4240 1933 4291 anni
1977 4248 2222 4310 tempora
2257 4258 2409 4296 com-

846 4324 987 4389 pleat
1015 4342 1026 4374 :
1057 4324 1147 4391 qui
1183 4323 1324 4377 idem
1358 4342 1481 4379 eum
1505 4328 1643 4381 malo
1676 4329 1744 4382 ab
1777 4328 2000 4385 Oriente
2058 4333 2111 4385 in
2143 4333 2412 4389 Occiden-

847 4424 951 4465 tum
992 4414 1205 4467 delatus
1240 4415 1452 4467 dierum
1501 4426 1555 4469 et
1596 4421 1838 4487 noctium
1887 4420 2201 4479 discrimina
2243 4427 2405 4493 parit.

2514 3246 2700 3284 rerum
2733 3238 2981 3283 naturam
3004 3230 3327 3300 productum
3355 3230 3711 3283 arbitrantur.
3741 3230 4093 3299 Quicunque

2512 3330 2693 3376 autem
2726 3321 3026 3391 ingenitum
3071 3335 3192 3375 esse
3220 3319 3482 3374 mundum
3515 3330 3895 3382 asseruerunt,
3935 3322 4090 3375 idem

2511 3428 2736 3483 quoque
2761 3428 2826 3468 ex
2856 3413 3242 3482 consequentia
3269 3412 3336 3465 de
3359 3414 3472 3481 ipsa
3500 3412 3861 3466 universitate
3890 3428 4093 3466 sense-

2512 3517 2663 3563 runt.
2690 3508 2876 3562 Potior
2899 3522 3029 3560 vero
3054 3506 3322 3561 sententia
3352 3505 3485 3559 mihi
3511 3505 3748 3569 videtur,
3779 3516 3841 3558 ut
3866 3509 4080 3561 cmlurn

2512 3609 2770 3668 tanquam
2805 3613 3008 3667 corpus
3031 3598 3377 3667 praestantius
3413 3606 3470 3649 et
3513 3596 3777 3656 nobilius.
3812 3600 4089 3667 Quodque

2511 3689 2720 3743 ambitu
2772 3703 2870 3742 suo
2915 3698 3107 3741 caetera
3155 3687 3570 3756 complectatur,
3620 3688 3801 3757 primo
3852 3705 4089 3760 quoque

2510 3780 2630 3834 loco
2659 3780 2981 3850 productum
3011 3778 3196 3833 fuerit.

3101 3913 3252 3968 CAP.
3293 3912 3484 3969 XXIII.

2512 4027 2588 4083 De
2617 4027 2849 4092 cometis,
2872 4033 2921 4079 et
2944 4023 3229 4148 fulgoribzs
3254 4024 3382 4148 illis,
3407 4026 3495 4094 qui
3514 4025 3823 4096 διᾴττοντες
3846 4029 4089 4098 ἀστέρες

3201 4111 3314 4148 tcun
3345 4113 3426 4148 ur.

3201 4111 3426 4150 tamtur.

2582 4235 2648 4292 Ut
2677 4246 2857 4288 autem
2892 4232 3167 4302 perceptis
3195 4230 3303 4285 illis
3343 4244 3560 4298 quoque
3586 4229 3951 4299 passionibus
3986 4248 4089 4286 seu

2510 4329 2909 4390 affectionibus,
2946 4326 3142 4396 quibus
3182 4324 3377 4378 cadum
3423 4321 3559 4376 allici
3609 4322 4088 4393 philosophorum

2512 4429 2860 4475 monumenta
2893 4418 3131 4478 tradunt,
3170 4415 3460 4468 multarum
3503 4412 3625 4465 inde
3668 4429 3861 4466 rerum
3914 4432 4089 4483 expia-

845 4506 1204 4559 lucrranlium
1241 4522 1407 4575 porro
1446 4510 1729 4563 stellarum
1774 4513 1979 4566 nullam
2010 4530 2152 4581 esse,
2200 4518 2404 4571 nullam
2438 4495 2481 4545 θ
2512 4510 2779 4569 rienliam.
2811 4519 2972 4576 ιιιιμιθ
2994 4521 3182 4558 eorum
3214 4505 3374 4558 “iam
3398 4518 3516 4571 (Ιυτθ
3540 4510 3666 4555 sum
3691 4505 4086 4571 εθὲηίίῖοηθπη

841 4613 1058 4665 quoque
1105 4599 1429 4660 errantium,
1481 4601 1607 4654 luna
1670 4603 1933 4657 duntaxat
1982 4616 2233 4675 excepta,
2288 4624 2408 4677 qua:

842 4691 1023 4740 lumen
1078 4704 1107 4740 a
1159 4688 1271 4740 sole
1320 4699 1642 4743 mutuetur:
1700 4704 2037 4761 quapmpter
2080 4696 2244 4749 etiam
2280 4712 2408 4764 pars

840 4779 958 4845 ejus
1028 4779 1294 4831 illustrata
1360 4780 1529 4834 solem
1590 4797 1806 4851 semper
1862 4784 2149 4837 adversum
2219 4787 2404 4841 habet.

841 4869 1024 4937 Neque
1054 4884 1183 4922 vero
1222 4886 1457 4939 unquam
1502 4873 1631 4926 luna
1678 4890 1905 4943 prorsus
1948 4877 2171 4931 luminis
2210 4893 2407 4946 expers

842 4972 943 5025 cst,
979 4962 1072 5015 sed
1121 4964 1438 5017 semiluuari
1486 4965 1691 5019 lumine.
1729 4982 1946 5035 semper
1990 4968 2201 5022 illucet.
2238 4969 2403 5039 Igitur

840 5053 892 5105 in
935 5052 1175 5121 synodis,
1221 5070 1316 5107 seu
1362 5056 1847 5124 conjunctionibus
1895 5056 2096 5126 gibbus
2150 5059 2267 5127 ejus
2310 5059 2399 5111 ille

842 5142 1001 5197 nobis
1046 5143 1292 5212 objectus
1339 5144 1545 5200 lumine
1592 5157 1741 5200 caret
1784 5157 2015 5201 :vertcx
2064 5164 2195 5201 vero
2241 5164 2396 5219 supe-

842 5236 1286 5291 riorluminosus
1338 5247 1446 5291 est.
1500 5238 1559 5292 ln
1618 5240 1938 5307 pleniluniis
1985 5248 2167 5294 autem
2224 5251 2396 5293 totum

838 5329 1079 5396 ejusdem
1106 5330 1251 5398 quod
1278 5331 1329 5384 in
1358 5346 1460 5384 nos
1476 5331 1650 5401 vergit
1674 5331 2123 5401 hemisphterium
2147 5332 2403 5392 collucet,

841 5433 941 5471 nec
986 5421 1238 5488 superius
1295 5422 1436 5475 lucis
1484 5437 1673 5475 exsors
1697 5435 1802 5476 est.
1856 5422 1954 5476 lllo
1984 5439 2115 5476 vero
2160 5433 2405 5492 tempore

839 5509 983 5575 quod
1014 5511 1449 5580 conjunctionem
1475 5521 1531 5566 et
1557 5512 1918 5581 pleuilun‘um
1948 5514 2250 5582 interjacet,
2280 5528 2407 5580 pro-

846 5610 902 5653 nt
946 5616 973 5654 a
1028 5604 1142 5657 sole
1199 5602 1383 5668 distat,
1432 5602 1721 5674 μηκτκιδὴς
1768 5606 1973 5668 lunata,
2006 5604 2287 5673 διχότνιμος
2328 5603 2406 5655 (ιὶ-

2506 4602 2605 4655 tibi
2640 4614 2942 4667 compares,
2972 4606 3209 4651 cometas
3239 4594 3353 4647 ﬁeri
3392 4594 3566 4651 aiunt.
3597 4608 3723 4647 cum
3758 4597 4086 4649 exhalatio-

2504 4695 2590 4745 nis
2625 4707 2751 4760 pars
2782 4691 2963 4758 aliqua
2994 4688 3376 4740 inﬂammatur.
3410 4685 3542 4738 Nam
3578 4684 3619 4736 si
3649 4688 3948 4737 concretio
3994 4690 4085 4740 illa

2502 4783 2721 4838 tenuior
2748 4782 2839 4843 sit,
2861 4779 3003 4848 quod
3032 4791 3315 4829 accensum
3342 4784 3425 4829 est
3447 4775 3606 4827 celeri
3633 4790 3801 4827 cursu
3835 4780 4081 4843 rapitur,

2499 4875 2655 4940 isque
2692 4869 2875 4923 evadit
2916 4867 3007 4937 qui
3038 4867 3196 4933 vulgo
3226 4865 3455 4933 διᾴττων
3483 4864 3657 4930 ἀπτὴρ
3692 4862 3937 4927 dicitur,
3979 4868 4084 4918 hoc

2497 4972 2581 5016 est
2633 4960 2787 5014 stella
2840 4956 3115 5027 trajicieus
3187 4970 3305 5022 qua:
3356 4953 3491 5005 nihil
3542 4953 3687 5005 aliud
3741 4964 3853 5015 est,
3908 4970 4081 5022 quam

2512 5053 2649 5122 ignis
2674 5052 2939 5121 trajectio,
2970 5064 3064 5103 seu
3097 5047 3271 5115 fulgor
3293 5044 3527 5098 cmlestis
3555 5044 3803 5096 emicans
3829 5063 3842 5096 :
3866 5045 3912 5096 si
3946 5061 4084 5099 vero

2510 5144 2747 5200 crassior
2778 5142 3004 5197 materia
3044 5138 3369 5200 subsederit,
3403 5136 3471 5189 ibi
3520 5135 3731 5188 scilicet
3776 5135 4085 5189 candentis

2502 5238 2645 5307 ignis
2679 5237 2886 5291 semina
2919 5235 3194 5292 leventur,
3232 5237 3611 5295 cometamque
3657 5241 3754 5278 seu
3803 5229 4077 5280 crinitam

2501 5329 2715 5383 stellam
2743 5328 3052 5381 eli'ormant.
3082 5322 3423 5376 Cometarum
3459 5331 3619 5386 porro
3660 5314 3856 5385 ﬁgurte
3881 5334 4076 5377 var-ue.

2506 5435 2604 5490 pro
2641 5419 2791 5472 varia
2827 5416 3065 5470 materitc
3103 5409 3546 5470 inﬂammatione,
3593 5408 3878 5461 feruntur.
3933 5410 4073 5462 Nam

2507 5512 2587 5563 vel
2626 5512 2737 5563 sola
2784 5510 2865 5562 sui
2904 5505 3238 5576 longitudine
3286 5500 3505 5553 materia
3546 5498 3885 5559 exardescit,
3922 5500 4073 5551 unde

2507 5608 2717 5654 cometa
2748 5598 3010 5667 gignitur,
3042 5610 3201 5663 quem
3228 5593 3387 5658 vulgo
3416 5588 3619 5646 δοκῖαιι,
3661 5589 3766 5640 hoc
3819 5598 3908 5640 est
3960 5600 4071 5640 tra-

922 5784 1420 5852 (2_il':l/lltltplll01llt5
1452 5796 1604 5841 \ocul
1635 5784 1772 5840 infra
1809 5785 1898 5839 lib.
1937 5799 2008 5847 ιγ,
2052 5798 2097 5833 ι’.
2134 5781 2219 5842 42.
2264 5780 2636 5847 ἶιὶΐιέῑλι-ὶεηυθ
2669 5786 2935 5830 (Nec-“'3”-
