4302 6370
248 390 382 454 111Ἰ

1513 378 1898 441 TIIESAURI
1946 380 2095 438 ΜΒ.
2140 378 2189 437 Ι.

3348 370 3483 429 1118

245 503 366 553 bent
400 498 611 567 igneam
636 503 867 550 vocant:
899 497 986 549 vel
1027 492 1370 563 longitudine
1415 501 1577 561 atque
1619 491 1805 543 latitu-
1838 493 1879 547 Α
1911 499 2018 544 tem
2051 495 2305 541 revocet:
2333 483 2790 555 quemadmodum
2829 480 2941 550 ipse
2970 491 3186 547 quoque
3254 475 3484 528 Davidcs

242 592 393 653 dine,
421 598 477 643 et
507 600 637 642 tunc
672 591 750 651 lit,
781 587 874 656 qui
919 587 1139 655 proprie
1189 598 1399 640 cometa
1448 584 1650 637 dicitur
1679 602 1690 635 :
1725 581 1807 634 vel

245 683 315 736 ab
345 681 589 735 inferiori
624 689 774 748 parte
803 678 1047 746 quaedam
1080 678 1227 731 velut
1258 677 1521 729 micantes
1562 674 1813 727 scintilla:

247 781 600 842 promuntur,
653 780 891 838 tuncque
935 769 1154 822 demum
1211 769 1524 829 πωγωνίας,
1576 767 1680 819 hoc
1729 771 1814 817 est

253 864 513 916 barbatus
564 870 810 915 cometes
860 860 1187 929 appellatur.
1231 859 1407 927 Atque
1466 860 1533 911 de
1582 855 1813 911 cometis

251 955 536 1007 hactenus.
1760 949 1765 953 ‘

840 1088 989 1143 CAP.
1027 1086 1214 1141 XXIV.

259 1203 333 1256 De
360 1204 561 1272 pluvia,
594 1205 728 1268 nive,
760 1204 1045 1274 grandine,
1091 1212 1138 1255 et
1170 1216 1286 1271 qua:
1327 1216 1389 1252 ex
1441 1213 1630 1267 vapore
1655 1196 1809 1265 fiunt.

326 1316 501 1383 Vapor
527 1324 736 1377 autem,
772 1329 897 1368 cum
941 1315 1012 1368 sit
1063 1313 1275 1367 humidi
1322 1312 1595 1379 calidique
1642 1309 1813 1379 parti-

254 1419 405 1472 ceps,
435 1404 764 1470 simulatque
809 1404 1094 1472 superiora
1133 1402 1291 1471 petit,
1342 1411 1603 1464 mutatur,
1653 1409 1708 1453 et
1760 1399 1814 1451 in

251 1510 447 1563 aquam
485 1494 869 1561 colliquescit:
907 1504 961 1547 et
1008 1494 1278 1561 siquidem
1330 1492 1605 1560 copiosior
1658 1490 1818 1558 paulo

252 1586 587 1654 densiorque
619 1584 915 1645 deferatur,
947 1585 1211 1653 pluviam,
1256 1584 1299 1637 si
1331 1598 1458 1635 vero
1487 1582 1680 1641 rarior,
1705 1580 1820 1633 stil-

257 1677 362 1728 lam
398 1685 652 1743 procreat
680 1692 693 1728 :
718 1674 861 1744 quod
896 1674 940 1728 si
969 1681 1306 1734 concresrat,
1332 1674 1384 1726 in
1424 1674 1630 1734 nivem,
1677 1671 1760 1723 sin
1788 1686 1817 1722 a

259 1767 558 1821 mutatione
587 1769 769 1821 statim
804 1768 1087 1820 concretio
1116 1765 1230 1829 fiat,
1262 1766 1315 1819 in
1347 1765 1665 1835 grandinem
1693 1778 1817 1817 eva-

258 1858 358 1910 dit.
391 1858 564 1928 Atque
592 1859 705 1912 hac
731 1860 952 1928 quidem
989 1867 1137 1919 sunt.
1170 1873 1291 1926 quae
1341 1873 1508 1925 vapor
1556 1857 1610 1909 in
1653 1869 1817 1923 supe-

260 1949 406 2003 riore
426 1950 570 2004 aeris
601 1951 817 2019 regione
845 1948 1287 2020 Ievigatuseﬂicit
1310 1966 1325 2002 :
1351 1948 1508 2017 quisi
1541 1947 1817 2009 deorsum,

258 2057 353 2094 seu
406 2041 457 2094 in
508 2040 693 2094 infima
746 2051 1013 2111 terraique
1058 2041 1300 2109 proxima
1332 2049 1486 2109 parte
1538 2039 1681 2092 aeris
1714 2051 1823 2103 prze

259 2132 625 2186 crassitudine
671 2148 767 2187 seu
816 2132 1085 2187 densitate
1136 2132 1373 2193 restitet,
1406 2140 1500 2184 aut
1538 2132 1591 2183 in
1640 2144 1818 2181 ron-in

262 2232 527 2286 mutatur,
554 2236 648 2277 aut
678 2224 729 2277 in
775 2224 902 2294 gelu
948 2223 1272 2277 concrescit.
1321 2221 1585 2277 Ctelerum
1641 2236 1730 2271 ros
1759 2234 1825 2271 eo

262 2313 607 2383 potissimum
641 2324 907 2383 tempore,
930 2328 1040 2383 quo
1088 2314 1284 2367 coelum
1334 2324 1588 2365 serenum
1637 2318 1691 2360 et
1736 2300 1827 2359 su-

261 2404 393 2459 dum
426 2414 530 2468 est,
558 2415 721 2472 atque
756 2406 809 2457 in
835 2403 968 2458 locis
1002 2404 1233 2456 maxime
1259 2400 1605 2470 tepentibus:
1633 2398 1823 2466 pruina

264 2512 397 2551 vero
439 2496 492 2549 in
526 2496 902 2564 frigidioribus
937 2496 1218 2558 coalescit,
1254 2502 1418 2561 atque
1463 2508 1552 2546 ros
1602 2490 1822 2561 quidem

266 2603 390 2642 cum
438 2586 873 2641 meridionalium
923 2582 1467 2652 ventorumzpruina
1516 2597 1665 2643 vero,
1702 2596 1823 2633 eum

271 2677 779 2747 septentrionalium
838 2678 998 2729 ﬂatus
1050 2676 1323 2745 przcvalct.
1376 2674 1591 2727 Grande
1641 2681 1823 2724 autem

268 2769 513 2837 partibus
547 2768 673 2822 anni
722 2767 1099 2829 calidioribus,
1143 2782 1271 2819 vere
1320 2765 1578 2818 nimirum
1629 2772 1683 2815 et
1729 2779 1828 2816 au-

269 2871 479 2920 tumno,
517 2874 658 2926 saepe
690 2860 854 2913 etiam
878 2865 1064 2912 aestate
1102 2856 1505 2911 condensatur:
1540 2864 1826 2922 propterea

267 2951 412 3020 quod
454 2952 688 3003 calidum
735 2961 789 3003 et
840 2949 1095 3020 frigidum
1136 2949 1208 3002 ita
1269 2956 1462 3000 natura
1517 2952 1826 3014 comparata

267 3052 415 3099 sunt.
449 3052 503 3094 ut
530 3057 585 3094 sc
620 3051 808 3092 mutuo
839 3039 1204 3106 comprimunt
1246 3046 1300 3089 et
1326 3044 1653 3089 coerceant:
1693 3034 1828 3087 adeo

271 3138 330 3179 ut
365 3129 405 3178 si
442 3127 710 3179 exteriora
747 3127 895 3179 calor
925 3134 1173 3193 occupet,
1201 3126 1254 3178 in
1281 3125 1634 3178 interioribus
1656 3124 1827 3191 frigus

269 3218 576 3278 delitescat,
608 3228 893 3271 etcoutra.
934 3217 1118 3284 Itaque
1154 3217 1205 3269 in
1249 3216 1495 3285 partibus
1541 3214 1665 3268 anni
1698 3213 1833 3267 cali-

272 3308 522 3361 dioribus
552 3307 724 3376 frigus
755 3307 934 3361 calido
982 3305 1329 3361 extrinsecus
1355 3306 1630 3375 objcctutn
1673 3319 1836 3374 gran-

272 3398 454 3451 dinem
485 3396 725 3463 conﬂata

889 3534 1039 3589 CAP.
1070 3531 1231 3586 λΧν.

529 3650 602 3703 De
632 3648 781 3712 iride,
808 3649 1018 3711 halone,
1048 3647 1282 3717 pareliis,
1316 3656 1364 3699 et
1391 3645 1624 3714 virgulis.

347 3761 501 3828 Quod
538 3761 602 3814 ad
632 3760 735 3813 irin
767 3760 1021 3828 pertinet,
1059 3760 1151 3828 qui
1186 3776 1215 3813 a
1251 3759 1438 3813 multis
1464 3774 1626 3812 arcus
1653 3758 1839 3827 appel-

281 3854 444 3916 latur,
481 3851 712 3904 naturali
740 3850 959 3919 quidem
990 3849 1293 3904 substantia
1336 3849 1559 3917 praedita
1592 3863 1699 3901 non
1731 3858 1837 3910 est,

282 3945 395 4013 qui;
417 3958 483 4013 pe
500 3958 620 4011 quae
636 3942 986 3995 simulacrum
1005 3941 1275 4010 quoddam
1289 3941 1465 4004 inane,
1491 3939 1840 4008 phantasma-

282 4049 389 4103 que
422 4035 509 4096 sit,
541 4032 685 4100 quod
718 4030 1018 4085 videntium
1052 4029 1227 4083 oculis
1259 4037 1387 4083 tunc
1413 4028 1691 4096 objicitur,
1714 4041 1838 4080 cum

282 4124 411 4177 solis
445 4123 578 4175 radii
600 4122 754 4190 quasi
789 4119 1550 4189 prociduntetreﬂectuntur,
1573 4133 1839 4184 arcusque

281 4211 417 4264 adeo
448 4199 686 4277 speciem
729 4224 839 4278 pra:
885 4223 944 4261 se
991 4207 1200 4262 ferunt.
1249 4207 1418 4263 Porro
1454 4209 1709 4277 quaelibet
1740 4208 1839 4261 iris

284 4302 481 4374 triplici
510 4301 692 4358 colore
720 4300 976 4357 distincta
1019 4311 1123 4358 est.
1157 4300 1284 4370 Ejus
1318 4302 1464 4354 enim
1513 4316 1647 4353 zona
1696 4300 1837 4353 inte-

286 4398 416 4458 rior,
454 4395 722 4464 punicea:
756 4392 1018 4451 secunda,
1052 4390 1280 4444 viridis:
1312 4390 1471 4443 tertia
1514 4390 1744 4443 ca:rulca
1785 4396 1841 4441 et

1914 582 2063 636 canit
2089 600 2100 633 :
2126 579 2228 644 Qui
2266 578 2479 647 despicit
2512 577 2564 627 in
2602 586 2820 636 terram,
2848 582 2896 625 et
2925 570 3153 623 concutit
3178 585 3311 621 eam.
3353 564 3480 617 Phi-

1916 672 2130 739 losolthi
2157 686 2284 724 vero
2324 682 2543 721 causam
2582 667 2795 717 illorum
2829 680 2858 715 a
2889 661 3067 714 ventis
3101 666 3377 725 repetunt,
3434 654 3479 705 si

1915 762 2054 816 forte
2085 774 2264 813 cume
2308 768 2452 811 terra
2504 768 2720 809 sursum
2774 750 3043 811 feruntur,
3090 745 3388 813 contingat,
3422 748 3483 793 ut

1915 853 2074 907 ﬂatus
2113 849 2310 918 aliquis
2343 848 2490 901 velut
2524 845 2828 899 extrinscca
2887 839 3133 894 outedam
3181 834 3478 893 exhalatio,

1916 944 2294 999 subterraneis
2337 939 2534 993 reﬂans
2570 952 2690 991 sese
2742 934 3014 989 meatibus
3064 917 3343 985 insinuet:
3374 941 3480 994 qua

1916 1036 2078 1089 etiam
2112 1034 2178 1087 de
2213 1047 2374 1087 causa
2402 1044 2593 1084 serena
2631 1034 2951 1094 tempestate
2980 1031 3145 1075 terrae
3176 1029 3355 1071 motus
3384 1034 3481 1071 ac-

1919 1125 2125 1184 cidere,
2161 1137 2332 1190 eaque
2367 1119 2505 1173 adeo
2556 1115 2901 1184 frequentius
2935 1114 3051 1166 loca
3091 1110 3349 1164 infestare
3393 1122 3483 1159 so-

1918 1216 2052 1279 lent,
2110 1213 2163 1266 in
2226 1211 2430 1281 quibus
2490 1223 2637 1262 mare
2700 1203 2945 1273 rapidius
3010 1200 3149 1261 ﬂuit,
3216 1198 3484 1264 tellusque

1919 1308 2095 1360 mollis
2165 1315 2221 1359 et
2292 1304 2411 1356 laxa
2483 1298 2736 1354 cavernis
2815 1305 2871 1349 et
2941 1291 3212 1347 cuniculis
3284 1296 3483 1341 sratet.

1919 1402 2086 1455 Porro
2116 1398 2287 1451 solem
2320 1395 2496 1461 ipsum
2544 1396 2888 1444 terraemotus
2942 1395 3187 1449 tempore
3239 1379 3483 1432 tenebri-

1919 1504 2108 1545 cosum
2158 1496 2212 1539 et
2266 1484 2561 1537 obscurum
2619 1494 2739 1534 esse
2795 1476 3107 1529 affirmant:
3145 1470 3273 1539 quia
3325 1468 3485 1520 nimi-

1919 1595 2038 1633 rum
2101 1586 2391 1630 ventorum
2452 1581 2583 1624 tunc
2653 1570 2705 1621 in
2768 1576 2965 1620 terram
3027 1576 3273 1616 remeare
3327 1559 3489 1611 ﬂatus

1920 1671 2132 1739 incipit,
2174 1684 2203 1721 a
2250 1682 2360 1737 quo
2411 1663 2668 1734 liquidior
2718 1676 2813 1713 aer
2860 1655 3081 1711 interim
3133 1660 3191 1706 et
3241 1650 3491 1704 serenior

1923 1763 2175 1819 eﬂicitur.
3320 1742 3326 1749 “

2509 1890 2658 1944 CAP.
2692 1886 2785 1941 XX
2795 1885 2909 1940 V'll.

2568 2000 2644 2053 De
2668 2002 2849 2053 ventis.

1992 2119 2481 2177 Verumenimvero
2511 2113 2577 2165 de
2608 2110 2786 2163 ventis
2819 2106 2962 2159 idem
2993 2114 3213 2172 quoque
3256 2097 3492 2153 Davides

1928 2216 1998 2269 ita
2020 2213 2167 2267 canit
2195 2228 2206 2260 :
2234 2208 2333 2272 Qui
2363 2204 2535 2257 educit
2561 2208 2738 2254 ventos
2766 2198 2828 2248 de
2857 2193 3119 2247 thesauris
3154 2191 3283 2243 suis.
3319 2187 3491 2241 Prisci

1925 2322 2054 2360 vero
2083 2300 2391 2372 philosophi
2422 2304 2613 2348 ventos
2645 2293 2697 2344 in
2744 2288 3063 2341 universum
3095 2292 3337 2352 quatuor
3372 2292 3494 2331 esse

1925 2369 2216 2458 affirmant,
2242 2391 2633 2447 Subsolanum,
2664 2382 2997 2452 Zephyrum,
3028 2376 3252 2435 Notum,
3287 2379 3342 2425 et
3392 2369 3494 2423 Bo-

1927 2507 2097 2551 ream,
2128 2501 2361 2556 quorum
2411 2481 2751 2535 Subsolanus
2809 2484 2865 2529 ct
2914 2470 3201 2538 Zephyrus
3263 2479 3370 2517 non
3422 2462 3495 2514 ita

1928 2584 2284 2636 vehementes
2311 2576 2440 2633 sint,
2474 2572 2644 2625 Notus
2683 2583 2814 2621 vero
2840 2575 2896 2619 et
2953 2565 3151 2617 Boreas
3196 2553 3493 2613 infestissi-

1930 2688 2068 2725 mam
2103 2666 2444 2739 tyrannidem
2479 2668 2793 2715 exerceant.
2822 2657 2954 2721 Quae
2984 2669 3083 2708 cur
3113 2650 3266 2707 fiant.
3290 2646 3377 2700 his
3410 2660 3498 2698 ra-

1932 2762 2170 2817 tionibus
2202 2759 2537 2811 innituntur.
2583 2751 2729 2819 quod
2776 2749 2855 2802 sol
2918 2760 3018 2798 nec
3069 2740 3342 2795 australes
3396 2750 3500 2788 nec

1931 2848 2385 2920 septentrionales
2419 2847 2601 2913 plagas
2625 2838 2944 2894 calefaciat:
2982 2833 3108 2903 quia
3145 2846 3244 2884 nec
3279 2830 3333 2882 in
3378 2841 3501 2879 arc-

1934 2946 2039 2997 tico
2075 2958 2173 2995 nec
2201 2941 2252 2993 in
2288 2935 2587 2990 antarctico
2625 2932 2745 2999 polo
2771 2942 2986 2994 semper
3046 2930 3295 2975 versatur
3332 2915 3501 2981 (unde

1937 3035 2015 3096 lit,
2055 3042 2112 3084 ιιι
2150 3028 2356 3097 frigida:
2395 3042 2457 3079 cx
2482 3039 2638 3091 :equo
2665 3031 2720 3074 ct
2752 3017 2989 3071 humidae
3028 3015 3160 3074 sint,
3204 3008 3499 3074 multisque

1860 3153 1903 3212 ρ
1934 3126 2072 3179 adeo
2131 3121 2398 3175 imbribus
2458 3116 2698 3169 indidem
2750 3110 2976 3170 exortis,
3031 3105 3234 3158 multus
3280 3112 3503 3168 quoque

1938 3233 2122 3285 vapor,
2172 3214 2324 3280 isque
2365 3211 2610 3262 fumosus
2666 3210 3032 3269 consequatur
3072 3216 3087 3251 :
3122 3210 3241 3263 qua:
3288 3206 3377 3244 res
3447 3192 3498 3258 in

1937 3323 2097 3363 causa
2132 3314 2236 3367 cst,
2266 3316 2324 3355 ut
2351 3301 2552 3354 Boreas
2578 3304 2632 3350 et
2662 3295 2835 3349 Notus
2877 3302 2982 3345 tam
3035 3284 3358 3355 impctuosis
3406 3279 3503 3334 ﬂa-

1948 3400 2094 3451 tibus
2125 3392 2413 3459 ferantur).
2451 3389 2652 3443 Contra
2709 3401 2837 3437 vero
2884 3397 3007 3434 cum
3056 3380 3111 3431 in
3161 3371 3500 3444 regionibus.

1937 3504 2056 3556 qu:e
2085 3486 2167 3538 vel
2204 3485 2255 3537 in
2284 3482 2563 3537 Orientem
2616 3476 2701 3530 vel
2756 3475 2810 3528 in
2848 3470 3199 3527 Occidentem
3247 3467 3501 3531 vergunt,

1939 3579 2015 3631 sol
2048 3576 2257 3629 crebris
2286 3572 2624 3626 anfractibus
2651 3573 2957 3628 moveatur,
2976 3560 3206 3614 multum
3235 3555 3307 3610 ibi
3338 3553 3505 3622 frigo-

1942 3667 2015 3721 ris
2042 3662 2281 3720 suboriri
2322 3676 2429 3714 non
2475 3660 2627 3712 sinit.

2495 3785 2649 3841 CAP.
2701 3779 2940 3837 XXVIII.

2083 3907 2155 3959 De
2186 3903 2426 3975 fulmine,
2458 3900 2679 3959 turbine,
2725 3897 2943 3954 tonitru,
2974 3888 3228 3958 procella,
3265 3894 3364 3940 etc.

2017 4017 2243 4072 Fulmen
2276 4027 2437 4083 porro
2472 4009 2672 4063 nullam
2704 4007 2757 4059 in
2786 4019 2842 4059 se
2884 3998 3369 4055 inﬂammationem
3410 3993 3508 4047 ha-

1940 4112 2051 4177 bet,
2088 4109 2288 4179 quippe
2320 4103 2463 4174 quod
2514 4115 2694 4155 acrem
2746 4094 2986 4165 ingenita
3044 4090 3147 4145 sibi
3188 4086 3409 4141 levitate
3452 4091 3510 4136 et

1943 4177 2205 4256 tenuitate
2245 4197 2463 4250 referat.
2503 4192 2657 4247 Unde
2685 4188 2736 4242 id
2763 4186 2930 4241 etiam
2978 4180 3216 4237 nominis
3250 4177 3505 4231 sortitum

1941 4301 2043 4353 est,
2073 4300 2132 4344 ut
2156 4291 2225 4342 sit
2247 4285 2530 4355 κεραυνὸς,
2551 4280 2707 4349 quasi
2744 4275 3003 4344 εὑκραὴς,
3029 4276 3155 4340 quia
3187 4282 3297 4337 pne
3322 4268 3507 4319 levore

1943 4396 2041 4436 suo
2073 4378 2292 4432 minimc
2322 4374 2537 4427 adurat.
2568 4372 2784 4423 Prester
2810 4378 2958 4424 vero,
2990 4362 3094 4413 hoc
3122 4366 3202 4411 est
3237 4354 3395 4409 turbo
3420 4368 3509 4405 ae-

284 4486 439 4553 quasi
468 4499 738 4554 purpurea
773 4493 875 4537 est.
906 4483 1200 4551 Consurgit
1228 4490 1407 4535 autem
1443 4496 1511 4534 ex
1560 4481 1835 4548 imequali—
1866 4469 1908 4523 D
1938 4483 2280 4528 ceusus.cum
2300 4464 2522 4519 exnube
2539 4457 2897 4513 substantiam
2920 4450 3144 4504 materia
3167 4443 3506 4499 crassissima

2906 4548 2916 4554 .
3086 4540 3099 4554 ι
3142 4547 3154 4554 -
3223 4546 3263 4554 ,Α
3298 4533 3475 4554 ε-η,--

286 4591 395 4632 tate
426 4589 479 4633 et
507 4575 967 4632 dissimulitudine
1004 4574 1251 4629 nubium.
1278 4576 1347 4627 At
1377 4572 1598 4626 halones
1627 4587 1719 4625 seu
1747 4586 1837 4623 co.

286 4685 434 4723 ronae
463 4666 960 4735 quarumvrotunda
994 4680 1211 4733 semper
1248 4665 1441 4733 figura,
1494 4678 1594 4716 nec
1640 4662 1841 4714 iridutn

285 4761 419 4815 orbe
450 4762 628 4813 minor
655 4766 903 4827 apparet,
945 4758 1088 4811 circa
1117 4757 1299 4809 lunam
1331 4770 1471 4824 smpe
1497 4763 1682 4819 noctu,
1705 4769 1845 4820 srepe

283 4854 452 4907 etiam
486 4851 721 4905 interdiu
765 4850 1202 4918 conspiciuntur.
1251 4847 1473 4901 Addunt
1522 4846 1843 4915 physiologi,

285 4944 493 5013 quique
532 4952 747 4996 naturae
779 4956 975 4995 arcana
1005 4948 1340 5001 scrutantur,
1374 4948 1426 4993 et
1461 4938 1714 5007 parelios,
1749 4952 1844 4991 seu

290 5036 422 5090 solis
454 5034 738 5104 imagines,
766 5041 820 5087 et
845 5032 1094 5101 ῥάϐδους,
1124 5032 1227 5085 hoc
1262 5039 1347 5084 est
1381 5031 1653 5099 virgulas:
1685 5039 1848 5098 atque

294 5128 392 5181 bas
410 5128 633 5195 quidem
674 5142 739 5179 ex
785 5125 1011 5178 nubium
1054 5123 1424 5192 inaequalitate
1459 5123 1595 5185 fieri,
1631 5122 1849 5175 trieolo-

296 5234 514 5286 resque,
547 5226 606 5270 ut
636 5225 691 5271 et
724 5216 910 5276 iridas,
944 5229 1065 5269 esse
1104 5230 1119 5274 :
1163 5215 1400 5283 parelios
1443 5224 1625 5269 autem
1675 5214 1850 5278 albos,

298 5316 358 5361 ut
387 5314 442 5360 et
476 5305 723 5367 halonas,
755 5309 1028 5358 asserunt.

890 5438 1041 5494 CAP.
1076 5435 1242 5492 XXVI

408 5551 704 5606 Christiana
745 5560 793 5604 et
827 5550 1183 5620 philosophica
1217 5555 1541 5602 terrwmotus
1572 5563 1752 5599 causa.

366 5667 633 5721 Caeterum
668 5674 1007 5720 terraamotus
1030 5678 1057 5717 a
1081 5663 1192 5717 Deo
1223 5663 1345 5717 ideo
1370 5661 1484 5715 ﬂeri
1515 5660 1770 5724 dicimus,
1798 5666 1858 5711 ut

300 5756 615 5811 hominibus
650 5766 913 5812 terrorcm
943 5753 1191 5820 incutiat,
1226 5762 1280 5809 et
1311 5753 1377 5809 ad
1406 5753 1675 5808 saniorem
1710 5766 1861 5805 mett-

1945 4568 2277 4619 coustantem
2343 4554 2558 4612 habeat,
2614 4562 2841 4615 eamque
2905 4540 3159 4597 incendat
3212 4546 3269 4589 et
3297 4533 3511 4586 inﬂam-

1945 4663 2075 4717 met,
2104 4652 2225 4704 inde
2262 4649 2339 4707 lit,
2374 4656 2431 4697 ut
2465 4640 2731 4696 incendiis
2754 4649 2809 4691 et
2839 4627 3359 4700 conﬂagrationibus
3391 4623 3509 4676 ido-

1946 4759 2079 4798 ncus
2093 4740 2306 4796 evadat.
2322 4737 2622 4789 Prestcrem
2641 4742 2821 4781 autem
2839 4734 3031 4778 ventus
3048 4720 3209 4772 etiam
3229 4711 3504 4782 praecedit,

1946 4835 2101 4902 cujus
2136 4830 2211 4883 rei
2239 4834 2388 4881 certo
2428 4823 2481 4876 id
2516 4820 2718 4873 indicio
2771 4825 2871 4876 cst,
2911 4811 3056 4882 quod
3096 4807 3319 4861 fulmine
3359 4803 3503 4871 jam-

1942 4928 2053 4997 jam
2081 4918 2404 4988 tangendum
2440 4922 2542 4975 est,
2575 4911 2701 4979 quia
2744 4907 2896 4975 prius
2943 4909 3106 4954 vento
3161 4892 3500 4949 concutitur.

1950 5014 2218 5073 Presteris
2245 5010 2388 5064 enim
2421 5013 2618 5058 ventus
2652 4999 2836 5059 ferire,
2879 4993 3005 5062 quia
3051 4988 3403 5056 sulphureas,
3448 4988 3504 5032 et

1953 5114 2242 5164 concutere
2269 5101 2424 5155 solet.
2452 5097 2637 5164 Neque
2654 5105 2785 5145 vero
2808 5094 3005 5141 ventus
3034 5083 3120 5134 ille
3151 5086 3392 5147 prestera
3417 5086 3505 5124 so-

1954 5196 2229 5256 lummodo
2264 5190 2537 5263 praecedit,
2582 5186 2673 5240 sed
2705 5183 2867 5237 etiam
2898 5176 3187 5230 comitatur
3227 5178 3281 5223 et
3311 5167 3504 5220 subse-

1954 5294 2163 5363 quitur,
2187 5256 2575 5355 dispersusque
2608 5286 2662 5331 et
2691 5274 2743 5330 in
2772 5268 3075 5328 levissimos
3093 5262 3249 5318 ﬂatus
3274 5256 3505 5309 diﬂ‘usus

1956 5347 2191 5441 tonitrus
2220 5389 2272 5434 et
2302 5347 2562 5447 fulgetras
2591 5370 2792 5425 excitat
2818 5386 2829 5416 :
2861 5374 2935 5427 et,
2973 5363 3017 5416 si
3048 5358 3265 5428 quidem
3297 5347 3506 5405 inﬂam-

1958 5486 2155 5535 metur,
2184 5472 2269 5526 vel
2318 5470 2543 5529 fulmen,
2593 5464 2676 5517 vel
2730 5462 2930 5529 fulgur,
2976 5453 3060 5507 vel
3111 5442 3506 5521 presterazsin

1958 5584 2134 5630 secus,
2170 5564 2423 5631 ὲκνεφίαν
2466 5569 2519 5612 et
2563 5555 2802 5623 τυφῶνα,
2852 5554 2954 5604 hoc
2992 5554 3075 5600 est
3128 5539 3417 5612 procellam
3452 5542 3508 5586 et

1960 5658 2218 5715 vorticem
2242 5655 2367 5707 ciet.
2399 5652 2565 5704 Porro
2590 5648 2703 5701 haec
2733 5644 2912 5699 omnia
2942 5640 3006 5696 ad
3034 5630 3511 5695 inﬂammationem

1964 5758 2018 5803 ct
2058 5745 2399 5803 adustioncm
2432 5740 2757 5796 refcrantur.
