  <div class='ocr_page' id='page_1' title='image "/cluster/home/n/w/nwhite01/storage/ocr_20150623/139/nnc1.0046979840/577.png"; bbox 0 0 4302 6370; ppageno 0'>
   <div class='ocr_carea' id='block_1_1' title="bbox 879 365 1019 432">
    <p class='ocr_par' dir='ltr' id='par_1_1' title="bbox 879 365 1019 432">
     <span class='ocr_line' id='line_1_1' title="bbox 879 365 1019 432; baseline 0.029 -4"><span class='ocrx_word' id='word_1_1' title='bbox 879 365 1019 432; x_wconf 83' lang='grc'><strong>1119</strong></span> 
     </span>
    </p>
   </div>
   <div class='ocr_carea' id='block_1_2' title="bbox 1469 485 1851 541">
    <p class='ocr_par' dir='ltr' id='par_1_2' title="bbox 1469 485 1851 541">
     <span class='ocr_line' id='line_1_2' title="bbox 1469 485 1851 541; baseline -0.003 0"><span class='ocrx_word' id='word_1_2' title='bbox 1469 485 1618 541; x_wconf 81' lang='lat' dir='ltr'><strong>CAP.</strong></span> <span class='ocrx_word' id='word_1_3' title='bbox 1659 485 1851 540; x_wconf 84' lang='lat' dir='ltr'><strong>XXIX.</strong></span> 
     </span>
    </p>
   </div>
   <div class='ocr_carea' id='block_1_3' title="bbox 979 594 2331 667">
    <p class='ocr_par' dir='ltr' id='par_1_3' title="bbox 979 594 2331 667">
     <span class='ocr_line' id='line_1_3' title="bbox 979 594 2331 667; baseline 0.004 -17"><span class='ocrx_word' id='word_1_4' title='bbox 979 594 1055 651; x_wconf 80' lang='lat' dir='ltr'><strong>De</strong></span> <span class='ocrx_word' id='word_1_5' title='bbox 1108 612 1385 667; x_wconf 84' lang='lat' dir='ltr'><strong>corporum</strong></span> <span class='ocrx_word' id='word_1_6' title='bbox 1462 603 1843 654; x_wconf 73' lang='lat' dir='ltr'><strong>resurrectione</strong></span> <span class='ocrx_word' id='word_1_7' title='bbox 1910 611 1959 655; x_wconf 85' lang='lat' dir='ltr'><strong>et</strong></span> <span class='ocrx_word' id='word_1_8' title='bbox 2030 619 2331 657; x_wconf 72' lang='lat' dir='ltr'><strong>animorum</strong></span> 
     </span>
    </p>
   </div>
   <div class='ocr_carea' id='block_1_4' title="bbox 1444 670 1865 723">
    <p class='ocr_par' dir='ltr' id='par_1_4' title="bbox 1444 670 1865 723">
     <span class='ocr_line' id='line_1_4' title="bbox 1444 670 1865 723; baseline 0.007 -3"><span class='ocrx_word' id='word_1_9' title='bbox 1444 670 1865 723; x_wconf 71' lang='lat' dir='ltr'><strong>immortalitate.</strong></span> 
     </span>
    </p>
   </div>
   <div class='ocr_carea' id='block_1_5' title="bbox 941 779 2438 859">
    <p class='ocr_par' dir='ltr' id='par_1_5' title="bbox 941 779 2438 859">
     <span class='ocr_line' id='line_1_5' title="bbox 941 779 2438 859; baseline 0.007 -27"><span class='ocrx_word' id='word_1_10' title='bbox 941 779 1018 833; x_wconf 89' lang='lat' dir='ltr'><strong>De</strong></span> <span class='ocrx_word' id='word_1_11' title='bbox 1045 794 1334 847; x_wconf 88' lang='lat' dir='ltr'><strong>corporum</strong></span> <span class='ocrx_word' id='word_1_12' title='bbox 1363 784 1764 837; x_wconf 72' lang='lat' dir='ltr'><strong>resurrectione</strong></span> <span class='ocrx_word' id='word_1_13' title='bbox 1799 786 1943 840; x_wconf 89' lang='lat' dir='ltr'><strong>nulla</strong></span> <span class='ocrx_word' id='word_1_14' title='bbox 1976 788 2289 843; x_wconf 67' lang='lat' dir='ltr'><strong>Graecorum</strong></span> <span class='ocrx_word' id='word_1_15' title='bbox 2316 789 2438 859; x_wconf 80' lang='lat' dir='ltr'><strong>pla-</strong></span> 
     </span>
    </p>
   </div>
   <div class='ocr_carea' id='block_1_6' title="bbox 871 868 2431 946">
    <p class='ocr_par' dir='ltr' id='par_1_6' title="bbox 871 868 2431 946">
     <span class='ocr_line' id='line_1_6' title="bbox 871 868 2431 946; baseline 0.01 -27"><span class='ocrx_word' id='word_1_16' title='bbox 871 868 999 927; x_wconf 80' lang='lat' dir='ltr'><strong>cita.</strong></span> <span class='ocrx_word' id='word_1_17' title='bbox 1031 868 1098 923; x_wconf 87' lang='lat' dir='ltr'><strong>de</strong></span> <span class='ocrx_word' id='word_1_18' title='bbox 1126 870 1297 925; x_wconf 89' lang='lat' dir='ltr'><strong>animi</strong></span> <span class='ocrx_word' id='word_1_19' title='bbox 1326 871 1734 928; x_wconf 90' lang='lat' dir='ltr'><strong>immortalitate</strong></span> <span class='ocrx_word' id='word_1_20' title='bbox 1763 878 2031 944; x_wconf 89' lang='lat' dir='ltr'><strong>permulta</strong></span> <span class='ocrx_word' id='word_1_21' title='bbox 2062 879 2431 946; x_wconf 89' lang='lat' dir='ltr'><strong>reperiuntur.</strong></span> 
     </span>
    </p>
   </div>
   <div class='ocr_carea' id='block_1_7' title="bbox 872 956 2437 1032">
    <p class='ocr_par' dir='ltr' id='par_1_7' title="bbox 872 956 2437 1032">
     <span class='ocr_line' id='line_1_7' title="bbox 872 956 2437 1032; baseline 0.007 -24"><span class='ocrx_word' id='word_1_22' title='bbox 872 956 949 1008; x_wconf 88' lang='lat' dir='ltr'><strong>Illi</strong></span> <span class='ocrx_word' id='word_1_23' title='bbox 982 956 1128 1011; x_wconf 88' lang='lat' dir='ltr'><strong>enim</strong></span> <span class='ocrx_word' id='word_1_24' title='bbox 1161 969 1217 1011; x_wconf 91' lang='lat' dir='ltr'><strong>et</strong></span> <span class='ocrx_word' id='word_1_25' title='bbox 1245 974 1436 1027; x_wconf 79' lang='lat' dir='ltr'><strong>pcenas</strong></span> <span class='ocrx_word' id='word_1_26' title='bbox 1465 960 1609 1029; x_wconf 84' lang='lat' dir='ltr'><strong>apud</strong></span> <span class='ocrx_word' id='word_1_27' title='bbox 1648 961 1852 1016; x_wconf 80' lang='lat' dir='ltr'><strong>inferos</strong></span> <span class='ocrx_word' id='word_1_28' title='bbox 1878 979 1976 1031; x_wconf 90' lang='lat' dir='ltr'><strong>pro</strong></span> <span class='ocrx_word' id='word_1_29' title='bbox 2002 964 2069 1017; x_wconf 86' lang='lat' dir='ltr'><strong>iis</strong></span> <span class='ocrx_word' id='word_1_30' title='bbox 2101 979 2219 1032; x_wconf 70' lang='lat' dir='ltr'><strong>quae</strong></span> <span class='ocrx_word' id='word_1_31' title='bbox 2248 965 2301 1018; x_wconf 93' lang='lat' dir='ltr'><strong>in</strong></span> <span class='ocrx_word' id='word_1_32' title='bbox 2324 965 2437 1019; x_wconf 87' lang='lat' dir='ltr'><strong>vita</strong></span> 
     </span>
    </p>
   </div>
   <div class='ocr_carea' id='block_1_8' title="bbox 871 1045 2438 1122">
    <p class='ocr_par' dir='ltr' id='par_1_8' title="bbox 871 1045 2438 1122">
     <span class='ocr_line' id='line_1_8' title="bbox 871 1045 2438 1122; baseline 0.01 -25"><span class='ocrx_word' id='word_1_33' title='bbox 871 1045 1013 1099; x_wconf 91' lang='lat' dir='ltr'><strong>male</strong></span> <span class='ocrx_word' id='word_1_34' title='bbox 1042 1046 1165 1115; x_wconf 84' lang='lat' dir='ltr'><strong>quis</strong></span> <span class='ocrx_word' id='word_1_35' title='bbox 1193 1049 1441 1116; x_wconf 89' lang='lat' dir='ltr'><strong>gesserit,</strong></span> <span class='ocrx_word' id='word_1_36' title='bbox 1464 1061 1521 1105; x_wconf 89' lang='lat' dir='ltr'><strong>et</strong></span> <span class='ocrx_word' id='word_1_37' title='bbox 1552 1051 1824 1120; x_wconf 75' lang='grc' dir='ltr'><strong>λειμῶνας</strong></span> <span class='ocrx_word' id='word_1_38' title='bbox 1847 1054 2197 1122; x_wconf 56' lang='lat' dir='ltr'><strong>eaeaeae-3;,</strong></span> <span class='ocrx_word' id='word_1_39' title='bbox 2223 1056 2328 1110; x_wconf 86' lang='lat' dir='ltr'><strong>hoc</strong></span> <span class='ocrx_word' id='word_1_40' title='bbox 2354 1065 2438 1111; x_wconf 85' lang='lat' dir='ltr'><strong>est</strong></span> 
     </span>
    </p>
   </div>
   <div class='ocr_carea' id='block_1_9' title="bbox 872 1137 2439 1216">
    <p class='ocr_par' dir='ltr' id='par_1_9' title="bbox 872 1137 2439 1216">
     <span class='ocr_line' id='line_1_9' title="bbox 872 1137 2439 1216; baseline 0.011 -28"><span class='ocrx_word' id='word_1_41' title='bbox 872 1144 1024 1203; x_wconf 84' lang='lat' dir='ltr'><strong>prata</strong></span> <span class='ocrx_word' id='word_1_42' title='bbox 1072 1137 1371 1206; x_wconf 90' lang='lat' dir='ltr'><strong>asphodelo</strong></span> <span class='ocrx_word' id='word_1_43' title='bbox 1415 1143 1669 1205; x_wconf 89' lang='lat' dir='ltr'><strong>virentia,</strong></span> <span class='ocrx_word' id='word_1_44' title='bbox 1715 1154 1770 1198; x_wconf 91' lang='lat' dir='ltr'><strong>et</strong></span> <span class='ocrx_word' id='word_1_45' title='bbox 1819 1146 2028 1216; x_wconf 81' lang='lat' dir='ltr'><strong>Elysios</strong></span> <span class='ocrx_word' id='word_1_46' title='bbox 2067 1162 2292 1216; x_wconf 86' lang='lat' dir='ltr'><strong>campos</strong></span> <span class='ocrx_word' id='word_1_47' title='bbox 2336 1150 2439 1204; x_wconf 83' lang='lat' dir='ltr'><strong>ﬁn-</strong></span> 
     </span>
    </p>
   </div>
   <div class='ocr_carea' id='block_1_10' title="bbox 871 1227 2440 1306">
    <p class='ocr_par' dir='ltr' id='par_1_10' title="bbox 871 1227 2440 1306">
     <span class='ocr_line' id='line_1_10' title="bbox 871 1227 2440 1306; baseline 0.01 -29"><span class='ocrx_word' id='word_1_48' title='bbox 871 1234 1036 1292; x_wconf 89' lang='lat' dir='ltr'><strong>gunt:</strong></span> <span class='ocrx_word' id='word_1_49' title='bbox 1061 1227 1263 1294; x_wconf 87' lang='lat' dir='ltr'><strong>quibus</strong></span> <span class='ocrx_word' id='word_1_50' title='bbox 1298 1228 1375 1282; x_wconf 91' lang='lat' dir='ltr'><strong>illi</strong></span> <span class='ocrx_word' id='word_1_51' title='bbox 1412 1240 1535 1297; x_wconf 89' lang='lat' dir='ltr'><strong>post</strong></span> <span class='ocrx_word' id='word_1_52' title='bbox 1578 1245 1805 1287; x_wconf 90' lang='lat' dir='ltr'><strong>mortem</strong></span> <span class='ocrx_word' id='word_1_53' title='bbox 1839 1234 2137 1299; x_wconf 89' lang='lat' dir='ltr'><strong>donentur,</strong></span> <span class='ocrx_word' id='word_1_54' title='bbox 2167 1238 2262 1306; x_wconf 87' lang='lat' dir='ltr'><strong>qui</strong></span> <span class='ocrx_word' id='word_1_55' title='bbox 2295 1254 2440 1306; x_wconf 76' lang='lat' dir='ltr'><strong>pra:-</strong></span> 
     </span>
    </p>
   </div>
   <div class='ocr_carea' id='block_1_11' title="bbox 869 1314 2436 1394">
    <p class='ocr_par' dir='ltr' id='par_1_11' title="bbox 869 1314 2436 1394">
     <span class='ocr_line' id='line_1_11' title="bbox 869 1314 2436 1394; baseline 0.011 -29"><span class='ocrx_word' id='word_1_56' title='bbox 869 1314 1017 1368; x_wconf 91' lang='lat' dir='ltr'><strong>clare</strong></span> <span class='ocrx_word' id='word_1_57' title='bbox 1053 1330 1111 1370; x_wconf 89' lang='lat' dir='ltr'><strong>se</strong></span> <span class='ocrx_word' id='word_1_58' title='bbox 1146 1315 1199 1369; x_wconf 93' lang='lat' dir='ltr'><strong>in</strong></span> <span class='ocrx_word' id='word_1_59' title='bbox 1250 1317 1353 1372; x_wconf 90' lang='lat' dir='ltr'><strong>hac</strong></span> <span class='ocrx_word' id='word_1_60' title='bbox 1403 1320 1511 1373; x_wconf 85' lang='lat' dir='ltr'><strong>vita</strong></span> <span class='ocrx_word' id='word_1_61' title='bbox 1558 1322 1850 1390; x_wconf 80' lang='lat' dir='ltr'><strong>gesserint.</strong></span> <span class='ocrx_word' id='word_1_62' title='bbox 1905 1325 2080 1394; x_wconf 89' lang='lat' dir='ltr'><strong>Atque</strong></span> <span class='ocrx_word' id='word_1_63' title='bbox 2123 1326 2436 1382; x_wconf 60' lang='lat' dir='ltr'><strong>Graecorum</strong></span> 
     </span>
    </p>
   </div>
   <div class='ocr_carea' id='block_1_12' title="bbox 870 1406 2433 1487">
    <p class='ocr_par' dir='ltr' id='par_1_12' title="bbox 870 1406 2433 1487">
     <span class='ocr_line' id='line_1_12' title="bbox 870 1406 2433 1487; baseline 0.012 -29"><span class='ocrx_word' id='word_1_64' title='bbox 870 1406 1092 1473; x_wconf 86' lang='lat' dir='ltr'><strong>quidem</strong></span> <span class='ocrx_word' id='word_1_65' title='bbox 1118 1407 1183 1463; x_wconf 90' lang='lat' dir='ltr'><strong>de</strong></span> <span class='ocrx_word' id='word_1_66' title='bbox 1211 1409 1278 1463; x_wconf 91' lang='lat' dir='ltr'><strong>iis</strong></span> <span class='ocrx_word' id='word_1_67' title='bbox 1308 1426 1428 1479; x_wconf 77' lang='lat' dir='ltr'><strong>qua:</strong></span> <span class='ocrx_word' id='word_1_68' title='bbox 1457 1422 1583 1467; x_wconf 83' lang='lat' dir='ltr'><strong>sunt</strong></span> <span class='ocrx_word' id='word_1_69' title='bbox 1618 1414 1669 1467; x_wconf 91' lang='lat' dir='ltr'><strong>in</strong></span> <span class='ocrx_word' id='word_1_70' title='bbox 1698 1431 1880 1470; x_wconf 83' lang='lat' dir='ltr'><strong>rerum</strong></span> <span class='ocrx_word' id='word_1_71' title='bbox 1903 1428 2099 1472; x_wconf 86' lang='lat' dir='ltr'><strong>natura</strong></span> <span class='ocrx_word' id='word_1_72' title='bbox 2126 1423 2433 1487; x_wconf 69' lang='lat' dir='ltr'><strong>sententiae,</strong></span> 
     </span>
    </p>
   </div>
   <div class='ocr_carea' id='block_1_13' title="bbox 869 1499 2434 1580">
    <p class='ocr_par' dir='ltr' id='par_1_13' title="bbox 869 1499 2434 1580">
     <span class='ocr_line' id='line_1_13' title="bbox 869 1499 2434 1580; baseline 0.013 -33"><span class='ocrx_word' id='word_1_73' title='bbox 869 1499 1050 1565; x_wconf 86' lang='lat' dir='ltr'><strong>quoad</strong></span> <span class='ocrx_word' id='word_1_74' title='bbox 1087 1515 1151 1553; x_wconf 87' lang='lat' dir='ltr'><strong>ex</strong></span> <span class='ocrx_word' id='word_1_75' title='bbox 1179 1502 1367 1557; x_wconf 89' lang='lat' dir='ltr'><strong>multis</strong></span> <span class='ocrx_word' id='word_1_76' title='bbox 1382 1510 1590 1572; x_wconf 84' lang='lat' dir='ltr'><strong>paucas</strong></span> <span class='ocrx_word' id='word_1_77' title='bbox 1608 1522 1861 1564; x_wconf 86' lang='lat' dir='ltr'><strong><em>sermone</em></strong></span> <span class='ocrx_word' id='word_1_78' title='bbox 1899 1525 2227 1580; x_wconf 84' lang='lat' dir='ltr'><strong>percurrere</strong></span> <span class='ocrx_word' id='word_1_79' title='bbox 2256 1514 2434 1580; x_wconf 87' lang='lat' dir='ltr'><strong>licuit,</strong></span> 
     </span>
    </p>
   </div>
   <div class='ocr_carea' id='block_1_14' title="bbox 873 1588 1296 1645">
    <p class='ocr_par' dir='ltr' id='par_1_14' title="bbox 873 1588 1296 1645">
     <span class='ocr_line' id='line_1_14' title="bbox 873 1588 1296 1645; baseline 0.019 -8"><span class='ocrx_word' id='word_1_80' title='bbox 873 1598 944 1641; x_wconf 78' lang='lat' dir='ltr'><strong>tta</strong></span> <span class='ocrx_word' id='word_1_81' title='bbox 979 1602 1039 1643; x_wconf 88' lang='lat' dir='ltr'><strong>se</strong></span> <span class='ocrx_word' id='word_1_82' title='bbox 1071 1588 1296 1645; x_wconf 81' lang='lat' dir='ltr'><strong>habent.</strong></span> 
     </span>
    </p>
   </div>
   <div class='ocr_carea' id='block_1_15' title="bbox 1466 1707 1833 1766">
    <p class='ocr_par' dir='ltr' id='par_1_15' title="bbox 1466 1707 1833 1766">
     <span class='ocr_line' id='line_1_15' title="bbox 1466 1707 1833 1766; baseline 0.011 -4"><span class='ocrx_word' id='word_1_83' title='bbox 1466 1707 1618 1764; x_wconf 86' lang='lat' dir='ltr'><strong>CAP.</strong></span> <span class='ocrx_word' id='word_1_84' title='bbox 1665 1711 1833 1766; x_wconf 88' lang='lat' dir='ltr'><strong>XXX.</strong></span> 
     </span>
    </p>
   </div>
   <div class='ocr_carea' id='block_1_16' title="bbox 1297 1817 2017 1882">
    <p class='ocr_par' dir='ltr' id='par_1_16' title="bbox 1297 1817 2017 1882">
     <span class='ocr_line' id='line_1_16' title="bbox 1297 1817 2017 1882; baseline 0.018 -13"><span class='ocrx_word' id='word_1_85' title='bbox 1297 1817 1375 1871; x_wconf 84' lang='lat' dir='ltr'><strong>De</strong></span> <span class='ocrx_word' id='word_1_86' title='bbox 1395 1818 1661 1875; x_wconf 85' lang='lat' dir='ltr'><strong>Judaismi</strong></span> <span class='ocrx_word' id='word_1_87' title='bbox 1698 1829 2017 1882; x_wconf 76' lang='lat' dir='ltr'><strong>auctoribus.</strong></span> 
     </span>
    </p>
   </div>
   <div class='ocr_carea' id='block_1_17' title="bbox 938 1926 2436 2010">
    <p class='ocr_par' dir='ltr' id='par_1_17' title="bbox 938 1926 2436 2010">
     <span class='ocr_line' id='line_1_17' title="bbox 938 1926 2436 2010; baseline 0.015 -32"><span class='ocrx_word' id='word_1_88' title='bbox 938 1926 1253 1982; x_wconf 75' lang='lat' dir='ltr'><strong>Judaismus</strong></span> <span class='ocrx_word' id='word_1_89' title='bbox 1273 1942 1453 1987; x_wconf 86' lang='lat' dir='ltr'><strong>autem</strong></span> <span class='ocrx_word' id='word_1_90' title='bbox 1474 1933 1541 1987; x_wconf 90' lang='lat' dir='ltr'><strong>ab</strong></span> <span class='ocrx_word' id='word_1_91' title='bbox 1560 1936 1871 1992; x_wconf 86' lang='lat' dir='ltr'><strong>Abraltamo</strong></span> <span class='ocrx_word' id='word_1_92' title='bbox 1894 1941 2181 2010; x_wconf 88' lang='lat' dir='ltr'><strong>originem,</strong></span> <span class='ocrx_word' id='word_1_93' title='bbox 2201 1945 2436 2000; x_wconf 85' lang='lat' dir='ltr'><strong>circum-</strong></span> 
     </span>
    </p>
   </div>
   <div class='ocr_carea' id='block_1_18' title="bbox 869 2016 2432 2104">
    <p class='ocr_par' dir='ltr' id='par_1_18' title="bbox 869 2016 2432 2104">
     <span class='ocr_line' id='line_1_18' title="bbox 869 2016 2432 2104; baseline 0.015 -36"><span class='ocrx_word' id='word_1_94' title='bbox 869 2016 1095 2072; x_wconf 89' lang='lat' dir='ltr'><strong>cisionis</strong></span> <span class='ocrx_word' id='word_1_95' title='bbox 1129 2019 1462 2087; x_wconf 89' lang='lat' dir='ltr'><strong>interventu,</strong></span> <span class='ocrx_word' id='word_1_96' title='bbox 1497 2025 1672 2080; x_wconf 86' lang='lat' dir='ltr'><strong>duxit.</strong></span> <span class='ocrx_word' id='word_1_97' title='bbox 1715 2030 1881 2084; x_wconf 84' lang='lat' dir='ltr'><strong>Auxit</strong></span> <span class='ocrx_word' id='word_1_98' title='bbox 1929 2033 2184 2088; x_wconf 83' lang='lat' dir='ltr'><strong>eumdem</strong></span> <span class='ocrx_word' id='word_1_99' title='bbox 2235 2036 2432 2104; x_wconf 78' lang='lat' dir='ltr'><strong>Moses,</strong></span> 
     </span>
    </p>
   </div>
   <div class='ocr_carea' id='block_1_19' title="bbox 870 2107 2433 2195">
    <p class='ocr_par' dir='ltr' id='par_1_19' title="bbox 870 2107 2433 2195">
     <span class='ocr_line' id='line_1_19' title="bbox 870 2107 2433 2195; baseline 0.016 -37"><span class='ocrx_word' id='word_1_100' title='bbox 870 2107 964 2176; x_wconf 87' lang='lat' dir='ltr'><strong>qui</strong></span> <span class='ocrx_word' id='word_1_101' title='bbox 995 2110 1260 2178; x_wconf 87' lang='lat' dir='ltr'><strong>septimus</strong></span> <span class='ocrx_word' id='word_1_102' title='bbox 1294 2115 1363 2167; x_wconf 87' lang='lat' dir='ltr'><strong>ab</strong></span> <span class='ocrx_word' id='word_1_103' title='bbox 1391 2116 1702 2171; x_wconf 88' lang='lat' dir='ltr'><strong>Abrahamo</strong></span> <span class='ocrx_word' id='word_1_104' title='bbox 1731 2119 1973 2177; x_wconf 84' lang='lat' dir='ltr'><strong>Judaicis</strong></span> <span class='ocrx_word' id='word_1_105' title='bbox 2004 2124 2171 2179; x_wconf 86' lang='lat' dir='ltr'><strong>rebus</strong></span> <span class='ocrx_word' id='word_1_106' title='bbox 2196 2129 2433 2195; x_wconf 58' lang='lat' dir='ltr'><strong>praefuit,</strong></span> 
     </span>
    </p>
   </div>
   <div class='ocr_carea' id='block_1_20' title="bbox 868 2198 2425 2277">
    <p class='ocr_par' dir='ltr' id='par_1_20' title="bbox 868 2198 2425 2277">
     <span class='ocr_line' id='line_1_20' title="bbox 868 2198 2425 2277; baseline 0.015 -26"><span class='ocrx_word' id='word_1_107' title='bbox 868 2198 1005 2268; x_wconf 72' lang='lat' dir='ltr'><strong>legis</strong></span> <span class='ocrx_word' id='word_1_108' title='bbox 1034 2200 1320 2268; x_wconf 81' lang='lat' dir='ltr'><strong>beneﬁcio,</strong></span> <span class='ocrx_word' id='word_1_109' title='bbox 1354 2222 1517 2276; x_wconf 90' lang='lat' dir='ltr'><strong>quam</strong></span> <span class='ocrx_word' id='word_1_110' title='bbox 1559 2224 1587 2263; x_wconf 91' lang='lat' dir='ltr'><strong>a</strong></span> <span class='ocrx_word' id='word_1_111' title='bbox 1615 2210 1727 2265; x_wconf 89' lang='lat' dir='ltr'><strong>Deo</strong></span> <span class='ocrx_word' id='word_1_112' title='bbox 1774 2213 1827 2267; x_wconf 94' lang='lat' dir='ltr'><strong>in</strong></span> <span class='ocrx_word' id='word_1_113' title='bbox 1882 2214 2010 2269; x_wconf 91' lang='lat' dir='ltr'><strong>Sina</strong></span> <span class='ocrx_word' id='word_1_114' title='bbox 2056 2228 2243 2272; x_wconf 87' lang='lat' dir='ltr'><strong>monte</strong></span> <span class='ocrx_word' id='word_1_115' title='bbox 2278 2236 2425 2277; x_wconf 82' lang='lat' dir='ltr'><strong>acce-</strong></span> 
     </span>
    </p>
   </div>
   <div class='ocr_carea' id='block_1_21' title="bbox 868 2291 2435 2379">
    <p class='ocr_par' dir='ltr' id='par_1_21' title="bbox 868 2291 2435 2379">
     <span class='ocr_line' id='line_1_21' title="bbox 868 2291 2435 2379; baseline 0.016 -38"><span class='ocrx_word' id='word_1_116' title='bbox 868 2299 1045 2358; x_wconf 84' lang='lat' dir='ltr'><strong>perat.</strong></span> <span class='ocrx_word' id='word_1_117' title='bbox 1080 2291 1307 2350; x_wconf 89' lang='lat' dir='ltr'><strong>Ornavit</strong></span> <span class='ocrx_word' id='word_1_118' title='bbox 1347 2308 1535 2366; x_wconf 87' lang='lat' dir='ltr'><strong>postea</strong></span> <span class='ocrx_word' id='word_1_119' title='bbox 1567 2301 1799 2359; x_wconf 86' lang='lat' dir='ltr'><strong>Davides</strong></span> <span class='ocrx_word' id='word_1_120' title='bbox 1831 2321 1895 2359; x_wconf 84' lang='lat' dir='ltr'><strong>ex</strong></span> <span class='ocrx_word' id='word_1_121' title='bbox 1935 2308 2082 2361; x_wconf 91' lang='lat' dir='ltr'><strong>tribu</strong></span> <span class='ocrx_word' id='word_1_122' title='bbox 2129 2309 2435 2379; x_wconf 86' lang='lat' dir='ltr'><strong>Benjamin,</strong></span> 
     </span>
    </p>
   </div>
   <div class='ocr_carea' id='block_1_22' title="bbox 871 2377 2435 2468">
    <p class='ocr_par' dir='ltr' id='par_1_22' title="bbox 871 2377 2435 2468">
     <span class='ocr_line' id='line_1_22' title="bbox 871 2377 2435 2468; baseline 0.02 -41"><span class='ocrx_word' id='word_1_123' title='bbox 871 2377 961 2430; x_wconf 86' lang='lat' dir='ltr'><strong>ubi</strong></span> <span class='ocrx_word' id='word_1_124' title='bbox 992 2381 1232 2447; x_wconf 89' lang='lat' dir='ltr'><strong>primum</strong></span> <span class='ocrx_word' id='word_1_125' title='bbox 1271 2385 1416 2440; x_wconf 84' lang='lat' dir='ltr'><strong>Sauli</strong></span> <span class='ocrx_word' id='word_1_126' title='bbox 1450 2393 1739 2457; x_wconf 87' lang='lat' dir='ltr'><strong>successit,</strong></span> <span class='ocrx_word' id='word_1_127' title='bbox 1768 2409 2007 2465; x_wconf 86' lang='lat' dir='ltr'><strong>cumque</strong></span> <span class='ocrx_word' id='word_1_128' title='bbox 2045 2399 2157 2466; x_wconf 87' lang='lat' dir='ltr'><strong>jam</strong></span> <span class='ocrx_word' id='word_1_129' title='bbox 2191 2377 2435 2468; x_wconf 82' lang='lat' dir='ltr'><strong>quadra-</strong></span> 
     </span>
    </p>
   </div>
   <div class='ocr_carea' id='block_1_23' title="bbox 868 2468 2438 2549">
    <p class='ocr_par' dir='ltr' id='par_1_23' title="bbox 868 2468 2438 2549">
     <span class='ocr_line' id='line_1_23' title="bbox 868 2468 2438 2549; baseline 0.018 -31"><span class='ocrx_word' id='word_1_130' title='bbox 868 2468 1022 2534; x_wconf 82' lang='lat' dir='ltr'><strong>ginta</strong></span> <span class='ocrx_word' id='word_1_131' title='bbox 1046 2484 1222 2527; x_wconf 79' lang='lat' dir='ltr'><strong>annos</strong></span> <span class='ocrx_word' id='word_1_132' title='bbox 1247 2472 1451 2530; x_wconf 69' lang='lat' dir='ltr'><strong>Iudaeis</strong></span> <span class='ocrx_word' id='word_1_133' title='bbox 1480 2478 1829 2549; x_wconf 78' lang='lat' dir='ltr'><strong>imperasset,</strong></span> <span class='ocrx_word' id='word_1_134' title='bbox 1868 2487 2077 2542; x_wconf 89' lang='lat' dir='ltr'><strong>virtute</strong></span> <span class='ocrx_word' id='word_1_135' title='bbox 2127 2491 2339 2546; x_wconf 83' lang='lat' dir='ltr'><strong>scilicet</strong></span> <span class='ocrx_word' id='word_1_136' title='bbox 2382 2503 2438 2547; x_wconf 87' lang='lat' dir='ltr'><strong>et</strong></span> 
     </span>
    </p>
   </div>
   <div class='ocr_carea' id='block_1_24' title="bbox 868 2560 2435 2644">
    <p class='ocr_par' dir='ltr' id='par_1_24' title="bbox 868 2560 2435 2644">
     <span class='ocr_line' id='line_1_24' title="bbox 868 2560 2435 2644; baseline 0.017 -33"><span class='ocrx_word' id='word_1_137' title='bbox 868 2560 1134 2627; x_wconf 78' lang='lat' dir='ltr'><strong>sapientia</strong></span> <span class='ocrx_word' id='word_1_138' title='bbox 1166 2566 1511 2634; x_wconf 66' lang='lat' dir='ltr'><strong>praecellens,</strong></span> <span class='ocrx_word' id='word_1_139' title='bbox 1534 2573 1738 2642; x_wconf 86' lang='lat' dir='ltr'><strong>quippe</strong></span> <span class='ocrx_word' id='word_1_140' title='bbox 1771 2576 1861 2644; x_wconf 88' lang='lat' dir='ltr'><strong>qui</strong></span> <span class='ocrx_word' id='word_1_141' title='bbox 1895 2578 2117 2633; x_wconf 90' lang='lat' dir='ltr'><strong>numine</strong></span> <span class='ocrx_word' id='word_1_142' title='bbox 2146 2581 2334 2635; x_wconf 88' lang='lat' dir='ltr'><strong>divino</strong></span> <span class='ocrx_word' id='word_1_143' title='bbox 2357 2585 2435 2637; x_wconf 82' lang='lat' dir='ltr'><strong>af-</strong></span> 
     </span>
    </p>
   </div>
   <div class='ocr_carea' id='block_1_25' title="bbox 868 2649 2433 2740">
    <p class='ocr_par' dir='ltr' id='par_1_25' title="bbox 868 2649 2433 2740">
     <span class='ocr_line' id='line_1_25' title="bbox 868 2649 2433 2740; baseline 0.017 -39"><span class='ocrx_word' id='word_1_144' title='bbox 868 2649 1029 2704; x_wconf 82' lang='lat' dir='ltr'><strong>ﬂatus</strong></span> <span class='ocrx_word' id='word_1_145' title='bbox 1056 2664 1218 2717; x_wconf 80' lang='lat' dir='ltr'><strong>esset,</strong></span> <span class='ocrx_word' id='word_1_146' title='bbox 1251 2672 1473 2712; x_wconf 89' lang='lat' dir='ltr'><strong>suorum</strong></span> <span class='ocrx_word' id='word_1_147' title='bbox 1504 2664 1764 2718; x_wconf 91' lang='lat' dir='ltr'><strong>terminos</strong></span> <span class='ocrx_word' id='word_1_148' title='bbox 1790 2666 2057 2723; x_wconf 71' lang='lat' dir='ltr'><strong>dilatavit.</strong></span> <span class='ocrx_word' id='word_1_149' title='bbox 2101 2670 2231 2740; x_wconf 85' lang='lat' dir='ltr'><strong>Ejus</strong></span> <span class='ocrx_word' id='word_1_150' title='bbox 2286 2674 2433 2728; x_wconf 91' lang='lat' dir='ltr'><strong>enim</strong></span> 
     </span>
    </p>
   </div>
   <div class='ocr_carea' id='block_1_26' title="bbox 868 2746 2435 2822">
    <p class='ocr_par' dir='ltr' id='par_1_26' title="bbox 868 2746 2435 2822">
     <span class='ocr_line' id='line_1_26' title="bbox 868 2746 2435 2822; baseline 0.017 -29"><span class='ocrx_word' id='word_1_151' title='bbox 868 2757 1090 2799; x_wconf 89' lang='lat' dir='ltr'><strong>manum</strong></span> <span class='ocrx_word' id='word_1_152' title='bbox 1124 2746 1268 2803; x_wconf 88' lang='lat' dir='ltr'><strong>Deus</strong></span> <span class='ocrx_word' id='word_1_153' title='bbox 1302 2748 1355 2804; x_wconf 92' lang='lat' dir='ltr'><strong>in</strong></span> <span class='ocrx_word' id='word_1_154' title='bbox 1388 2754 1523 2807; x_wconf 91' lang='lat' dir='ltr'><strong>mari</strong></span> <span class='ocrx_word' id='word_1_155' title='bbox 1554 2757 1823 2822; x_wconf 74' lang='lat' dir='ltr'><strong>extendit,</strong></span> <span class='ocrx_word' id='word_1_156' title='bbox 1852 2769 1909 2813; x_wconf 90' lang='lat' dir='ltr'><strong>et</strong></span> <span class='ocrx_word' id='word_1_157' title='bbox 1941 2759 1995 2813; x_wconf 92' lang='lat' dir='ltr'><strong>in</strong></span> <span class='ocrx_word' id='word_1_158' title='bbox 2030 2760 2199 2818; x_wconf 81' lang='lat' dir='ltr'><strong>ﬂuvio</strong></span> <span class='ocrx_word' id='word_1_159' title='bbox 2241 2764 2435 2820; x_wconf 88' lang='lat' dir='ltr'><strong>dexte-</strong></span> 
     </span>
    </p>
   </div>
   <div class='ocr_carea' id='block_1_27' title="bbox 866 2848 1155 2907">
    <p class='ocr_par' dir='ltr' id='par_1_27' title="bbox 866 2848 1155 2907">
     <span class='ocr_line' id='line_1_27' title="bbox 866 2848 1155 2907; baseline 0.017 -20"><span class='ocrx_word' id='word_1_160' title='bbox 866 2848 982 2889; x_wconf 80' lang='lat' dir='ltr'><strong>ram</strong></span> <span class='ocrx_word' id='word_1_161' title='bbox 1017 2848 1155 2907; x_wconf 83' lang='lat' dir='ltr'><strong>ejus.</strong></span> 
     </span>
    </p>
   </div>
   <div class='ocr_carea' id='block_1_28' title="bbox 1456 2957 1835 3015">
    <p class='ocr_par' dir='ltr' id='par_1_28' title="bbox 1456 2957 1835 3015">
     <span class='ocr_line' id='line_1_28' title="bbox 1456 2957 1835 3015; baseline 0.008 -3"><span class='ocrx_word' id='word_1_162' title='bbox 1456 2957 1609 3013; x_wconf 78' lang='lat' dir='ltr'><strong>CAP.</strong></span> <span class='ocrx_word' id='word_1_163' title='bbox 1643 2960 1835 3015; x_wconf 80' lang='lat' dir='ltr'><strong>XXXI.</strong></span> 
     </span>
    </p>
   </div>
   <div class='ocr_carea' id='block_1_29' title="bbox 1009 3063 2287 3153">
    <p class='ocr_par' dir='ltr' id='par_1_29' title="bbox 1009 3063 2287 3153">
     <span class='ocr_line' id='line_1_29' title="bbox 1009 3063 2287 3153; baseline 0.017 -38"><span class='ocrx_word' id='word_1_164' title='bbox 1009 3063 1289 3119; x_wconf 71' lang='lat' dir='ltr'><strong>Ilarreseou</strong></span> <span class='ocrx_word' id='word_1_165' title='bbox 1319 3076 1367 3120; x_wconf 86' lang='lat' dir='ltr'><strong>et</strong></span> <span class='ocrx_word' id='word_1_166' title='bbox 1396 3071 1711 3125; x_wconf 80' lang='lat' dir='ltr'><strong>seditionum</strong></span> <span class='ocrx_word' id='word_1_167' title='bbox 1740 3074 2088 3132; x_wconf 72' lang='lat' dir='ltr'><strong>Iudaicarum</strong></span> <span class='ocrx_word' id='word_1_168' title='bbox 2119 3083 2287 3153; x_wconf 83' lang='lat' dir='ltr'><strong>origo.</strong></span> 
     </span>
    </p>
   </div>
   <div class='ocr_carea' id='block_1_30' title="bbox 937 3174 2434 3259">
    <p class='ocr_par' dir='ltr' id='par_1_30' title="bbox 937 3174 2434 3259">
     <span class='ocr_line' id='line_1_30' title="bbox 937 3174 2434 3259; baseline 0.015 -30"><span class='ocrx_word' id='word_1_169' title='bbox 937 3174 1074 3229; x_wconf 91' lang='lat' dir='ltr'><strong>Cum</strong></span> <span class='ocrx_word' id='word_1_170' title='bbox 1104 3193 1235 3247; x_wconf 87' lang='lat' dir='ltr'><strong>ergo</strong></span> <span class='ocrx_word' id='word_1_171' title='bbox 1267 3194 1334 3233; x_wconf 91' lang='lat' dir='ltr'><strong>eo</strong></span> <span class='ocrx_word' id='word_1_172' title='bbox 1379 3180 1648 3237; x_wconf 73' lang='lat' dir='ltr'><strong>claritatis</strong></span> <span class='ocrx_word' id='word_1_173' title='bbox 1692 3186 1979 3242; x_wconf 83' lang='lat' dir='ltr'><strong>Judaicum</strong></span> <span class='ocrx_word' id='word_1_174' title='bbox 2019 3207 2192 3259; x_wconf 89' lang='lat' dir='ltr'><strong>genus</strong></span> <span class='ocrx_word' id='word_1_175' title='bbox 2236 3211 2434 3252; x_wconf 83' lang='lat' dir='ltr'><strong>excre-</strong></span> 
     </span>
    </p>
   </div>
   <div class='ocr_carea' id='block_1_31' title="bbox 866 3264 2432 3345">
    <p class='ocr_par' dir='ltr' id='par_1_31' title="bbox 866 3264 2432 3345">
     <span class='ocr_line' id='line_1_31' title="bbox 866 3264 2432 3345; baseline 0.019 -30"><span class='ocrx_word' id='word_1_176' title='bbox 866 3264 1056 3329; x_wconf 88' lang='lat' dir='ltr'><strong>visset,</strong></span> <span class='ocrx_word' id='word_1_177' title='bbox 1091 3266 1635 3341; x_wconf 85' lang='lat' dir='ltr'><strong>Hierosolymamque</strong></span> <span class='ocrx_word' id='word_1_178' title='bbox 1666 3276 1898 3334; x_wconf 81' lang='lat' dir='ltr'><strong>Davides</strong></span> <span class='ocrx_word' id='word_1_179' title='bbox 1926 3294 1981 3334; x_wconf 89' lang='lat' dir='ltr'><strong>et</strong></span> <span class='ocrx_word' id='word_1_180' title='bbox 2005 3284 2262 3341; x_wconf 90' lang='lat' dir='ltr'><strong>Salomon</strong></span> <span class='ocrx_word' id='word_1_181' title='bbox 2294 3305 2432 3345; x_wconf 75' lang='lat' dir='ltr'><strong>mte-</strong></span> 
     </span>
    </p>
   </div>
   <div class='ocr_carea' id='block_1_32' title="bbox 867 3354 2433 3442">
    <p class='ocr_par' dir='ltr' id='par_1_32' title="bbox 867 3354 2433 3442">
     <span class='ocr_line' id='line_1_32' title="bbox 867 3354 2433 3442; baseline 0.019 -37"><span class='ocrx_word' id='word_1_182' title='bbox 867 3354 1033 3408; x_wconf 89' lang='lat' dir='ltr'><strong>nibus</strong></span> <span class='ocrx_word' id='word_1_183' title='bbox 1057 3356 1379 3425; x_wconf 82' lang='lat' dir='ltr'><strong>cinxissent,</strong></span> <span class='ocrx_word' id='word_1_184' title='bbox 1415 3369 1580 3431; x_wconf 88' lang='lat' dir='ltr'><strong>atque</strong></span> <span class='ocrx_word' id='word_1_185' title='bbox 1610 3369 1899 3436; x_wconf 78' lang='lat' dir='ltr'><strong>aggeribus</strong></span> <span class='ocrx_word' id='word_1_186' title='bbox 1939 3373 2054 3442; x_wconf 87' lang='lat' dir='ltr'><strong>ipsa</strong></span> <span class='ocrx_word' id='word_1_187' title='bbox 2088 3380 2286 3433; x_wconf 71' lang='lat' dir='ltr'><strong>moenia</strong></span> <span class='ocrx_word' id='word_1_188' title='bbox 2322 3381 2433 3435; x_wconf 80' lang='lat' dir='ltr'><strong>cir-</strong></span> 
     </span>
    </p>
   </div>
   <div class='ocr_carea' id='block_1_33' title="bbox 869 3448 2433 3538">
    <p class='ocr_par' dir='ltr' id='par_1_33' title="bbox 869 3448 2433 3538">
     <span class='ocr_line' id='line_1_33' title="bbox 869 3448 2433 3538; baseline 0.019 -41"><span class='ocrx_word' id='word_1_189' title='bbox 869 3448 1336 3515; x_wconf 78' lang='lat' dir='ltr'><strong>cumvallassent,</strong></span> <span class='ocrx_word' id='word_1_190' title='bbox 1382 3456 1644 3525; x_wconf 90' lang='lat' dir='ltr'><strong>templum</strong></span> <span class='ocrx_word' id='word_1_191' title='bbox 1688 3458 1927 3528; x_wconf 89' lang='lat' dir='ltr'><strong>denique</strong></span> <span class='ocrx_word' id='word_1_192' title='bbox 1968 3466 2146 3521; x_wconf 85' lang='lat' dir='ltr'><strong>ubivis</strong></span> <span class='ocrx_word' id='word_1_193' title='bbox 2189 3472 2433 3538; x_wconf 88' lang='lat' dir='ltr'><strong>gentium</strong></span> 
     </span>
    </p>
   </div>
   <div class='ocr_carea' id='block_1_34' title="bbox 870 3539 2434 3619">
    <p class='ocr_par' dir='ltr' id='par_1_34' title="bbox 870 3539 2434 3619">
     <span class='ocr_line' id='line_1_34' title="bbox 870 3539 2434 3619; baseline 0.016 -30"><span class='ocrx_word' id='word_1_194' title='bbox 870 3539 1185 3605; x_wconf 88' lang='lat' dir='ltr'><strong>percelebre</strong></span> <span class='ocrx_word' id='word_1_195' title='bbox 1217 3540 1477 3597; x_wconf 89' lang='lat' dir='ltr'><strong>Salomon</strong></span> <span class='ocrx_word' id='word_1_196' title='bbox 1511 3544 1855 3611; x_wconf 63' lang='lat' dir='ltr'><strong>mdificasset,</strong></span> <span class='ocrx_word' id='word_1_197' title='bbox 1884 3552 2105 3619; x_wconf 88' lang='lat' dir='ltr'><strong>quidam</strong></span> <span class='ocrx_word' id='word_1_198' title='bbox 2140 3571 2236 3610; x_wconf 90' lang='lat' dir='ltr'><strong>sua</strong></span> <span class='ocrx_word' id='word_1_199' title='bbox 2269 3556 2434 3614; x_wconf 85' lang='lat' dir='ltr'><strong>Sione</strong></span> 
     </span>
    </p>
   </div>
   <div class='ocr_carea' id='block_1_35' title="bbox 871 3628 2433 3717">
    <p class='ocr_par' dir='ltr' id='par_1_35' title="bbox 871 3628 2433 3717">
     <span class='ocr_line' id='line_1_35' title="bbox 871 3628 2433 3717; baseline 0.016 -36"><span class='ocrx_word' id='word_1_200' title='bbox 871 3628 1096 3685; x_wconf 86' lang='lat' dir='ltr'><strong>minime</strong></span> <span class='ocrx_word' id='word_1_201' title='bbox 1135 3635 1401 3701; x_wconf 88' lang='lat' dir='ltr'><strong>contenti,</strong></span> <span class='ocrx_word' id='word_1_202' title='bbox 1447 3635 1777 3693; x_wconf 87' lang='lat' dir='ltr'><strong>Hebraicum</strong></span> <span class='ocrx_word' id='word_1_203' title='bbox 1815 3642 2105 3710; x_wconf 82' lang='lat' dir='ltr'><strong>imperium</strong></span> <span class='ocrx_word' id='word_1_204' title='bbox 2148 3651 2433 3717; x_wconf 88' lang='lat' dir='ltr'><strong>propala</strong></span> 
     </span>
    </p>
   </div>
   <div class='ocr_carea' id='block_1_36' title="bbox 871 3720 2433 3806">
    <p class='ocr_par' dir='ltr' id='par_1_36' title="bbox 871 3720 2433 3806">
     <span class='ocr_line' id='line_1_36' title="bbox 871 3720 2433 3806; baseline 0.015 -33"><span class='ocrx_word' id='word_1_205' title='bbox 871 3720 1236 3777; x_wconf 87' lang='lat' dir='ltr'><strong>seditionibus</strong></span> <span class='ocrx_word' id='word_1_206' title='bbox 1263 3726 1377 3781; x_wconf 90' lang='lat' dir='ltr'><strong>suis</strong></span> <span class='ocrx_word' id='word_1_207' title='bbox 1401 3728 1784 3786; x_wconf 89' lang='lat' dir='ltr'><strong>adulterarunt</strong></span> <span class='ocrx_word' id='word_1_208' title='bbox 1805 3751 1819 3787; x_wconf 88' lang='lat'><strong>:</strong></span> <span class='ocrx_word' id='word_1_209' title='bbox 1841 3744 1901 3787; x_wconf 92' lang='lat' dir='ltr'><strong>ut</strong></span> <span class='ocrx_word' id='word_1_210' title='bbox 1927 3737 2099 3806; x_wconf 82' lang='lat' dir='ltr'><strong>major</strong></span> <span class='ocrx_word' id='word_1_211' title='bbox 2130 3738 2185 3792; x_wconf 91' lang='lat' dir='ltr'><strong>in</strong></span> <span class='ocrx_word' id='word_1_212' title='bbox 2216 3740 2433 3798; x_wconf 91' lang='lat' dir='ltr'><strong>illorum</strong></span> 
     </span>
    </p>
   </div>
   <div class='ocr_carea' id='block_1_37' title="bbox 872 3818 2433 3899">
    <p class='ocr_par' dir='ltr' id='par_1_37' title="bbox 872 3818 2433 3899">
     <span class='ocr_line' id='line_1_37' title="bbox 872 3818 2433 3899; baseline 0.016 -34"><span class='ocrx_word' id='word_1_213' title='bbox 872 3828 986 3881; x_wconf 88' lang='lat' dir='ltr'><strong>rep.</strong></span> <span class='ocrx_word' id='word_1_214' title='bbox 1020 3818 1363 3883; x_wconf 86' lang='lat' dir='ltr'><strong>perturbatio</strong></span> <span class='ocrx_word' id='word_1_215' title='bbox 1383 3820 1577 3888; x_wconf 81' lang='lat' dir='ltr'><strong>primis</strong></span> <span class='ocrx_word' id='word_1_216' title='bbox 1608 3823 1717 3877; x_wconf 91' lang='lat' dir='ltr'><strong>illis</strong></span> <span class='ocrx_word' id='word_1_217' title='bbox 1746 3828 2086 3894; x_wconf 75' lang='lat' dir='ltr'><strong>temporibus</strong></span> <span class='ocrx_word' id='word_1_218' title='bbox 2111 3845 2217 3884; x_wconf 92' lang='lat' dir='ltr'><strong>non</strong></span> <span class='ocrx_word' id='word_1_219' title='bbox 2245 3833 2433 3899; x_wconf 76' lang='lat' dir='ltr'><strong>fuerit,</strong></span> 
     </span>
    </p>
   </div>
   <div class='ocr_carea' id='block_1_38' title="bbox 871 3904 2438 3997">
    <p class='ocr_par' dir='ltr' id='par_1_38' title="bbox 871 3904 2438 3997">
     <span class='ocr_line' id='line_1_38' title="bbox 871 3904 2438 3997; baseline 0.017 -40"><span class='ocrx_word' id='word_1_220' title='bbox 871 3904 1072 3973; x_wconf 90' lang='lat' dir='ltr'><strong>quibus</strong></span> <span class='ocrx_word' id='word_1_221' title='bbox 1109 3907 1371 3963; x_wconf 88' lang='lat' dir='ltr'><strong>nimirum</strong></span> <span class='ocrx_word' id='word_1_222' title='bbox 1398 3912 1625 3969; x_wconf 86' lang='lat' dir='ltr'><strong>Judices</strong></span> <span class='ocrx_word' id='word_1_223' title='bbox 1657 3916 1909 3974; x_wconf 90' lang='lat' dir='ltr'><strong>tribubus</strong></span> <span class='ocrx_word' id='word_1_224' title='bbox 1942 3920 2188 3979; x_wconf 85' lang='lat' dir='ltr'><strong>Judaicis</strong></span> <span class='ocrx_word' id='word_1_225' title='bbox 2205 3924 2328 3997; x_wconf 88' lang='lat' dir='ltr'><strong>jura</strong></span> <span class='ocrx_word' id='word_1_226' title='bbox 2355 3927 2438 3984; x_wconf 79' lang='lat' dir='ltr'><strong>di-</strong></span> 
     </span>
    </p>
   </div>
   <div class='ocr_carea' id='block_1_39' title="bbox 872 3996 1091 4052">
    <p class='ocr_par' dir='ltr' id='par_1_39' title="bbox 872 3996 1091 4052">
     <span class='ocr_line' id='line_1_39' title="bbox 872 3996 1091 4052; baseline 0.005 -2"><span class='ocrx_word' id='word_1_227' title='bbox 872 3996 1091 4052; x_wconf 86' lang='lat' dir='ltr'><strong>cebant.</strong></span> 
     </span>
    </p>
   </div>
   <div class='ocr_carea' id='block_1_40' title="bbox 1452 4116 1856 4176">
    <p class='ocr_par' dir='ltr' id='par_1_40' title="bbox 1452 4116 1856 4176">
     <span class='ocr_line' id='line_1_40' title="bbox 1452 4116 1856 4176; baseline 0.01 -4"><span class='ocrx_word' id='word_1_228' title='bbox 1452 4116 1600 4173; x_wconf 88' lang='lat' dir='ltr'><strong>CAP.</strong></span> <span class='ocrx_word' id='word_1_229' title='bbox 1639 4119 1856 4176; x_wconf 86' lang='lat' dir='ltr'><strong>XXXII.</strong></span> 
     </span>
    </p>
   </div>
   <div class='ocr_carea' id='block_1_41' title="bbox 904 4197 2400 4329">
    <p class='ocr_par' dir='ltr' id='par_1_41' title="bbox 904 4197 2400 4329">
     <span class='ocr_line' id='line_1_41' title="bbox 904 4197 2400 4329; baseline 0.015 -78"><span class='ocrx_word' id='word_1_230' title='bbox 904 4197 1190 4254; x_wconf 85' lang='lat' dir='ltr'><strong>Duodecim</strong></span> <span class='ocrx_word' id='word_1_231' title='bbox 1232 4203 1460 4258; x_wconf 86' lang='lat' dir='ltr'><strong>tribuum</strong></span> <span class='ocrx_word' id='word_1_232' title='bbox 1500 4208 1713 4329; x_wconf 66' lang='lat' dir='ltr'><strong>indduos</strong></span> <span class='ocrx_word' id='word_1_233' title='bbox 1753 4212 1976 4266; x_wconf 83' lang='lat' dir='ltr'><strong>ducatus</strong></span> <span class='ocrx_word' id='word_1_234' title='bbox 2013 4215 2105 4268; x_wconf 82' lang='lat' dir='ltr'><strong>sub</strong></span> <span class='ocrx_word' id='word_1_235' title='bbox 2133 4215 2400 4273; x_wconf 82' lang='lat' dir='ltr'><strong>Roboamo</strong></span> 
     </span>
     <span class='ocr_line' id='line_1_42' title="bbox 1590 4294 1754 4329; baseline 0 0"><span class='ocrx_word' id='word_1_236' title='bbox 1590 4294 1754 4329; x_wconf 69' lang='lat' dir='ltr'><strong>nium.</strong></span> 
     </span>
    </p>
   </div>
   <div class='ocr_carea' id='block_1_42' title="bbox 1590 4294 1754 4335">
    <p class='ocr_par' dir='ltr' id='par_1_42' title="bbox 1590 4294 1754 4335">
     <span class='ocr_line' id='line_1_43' title="bbox 1590 4294 1754 4335; baseline 0.03 -5"><span class='ocrx_word' id='word_1_237' title='bbox 1590 4294 1754 4335; x_wconf 71' lang='grc' dir='ltr'><strong>ιυιιιο.</strong></span> 
     </span>
    </p>
   </div>
   <div class='ocr_carea' id='block_1_43' title="bbox 943 4381 2434 4471">
    <p class='ocr_par' dir='ltr' id='par_1_43' title="bbox 943 4381 2434 4471">
     <span class='ocr_line' id='line_1_44' title="bbox 943 4381 2434 4471; baseline 0.015 -36"><span class='ocrx_word' id='word_1_238' title='bbox 943 4381 1158 4437; x_wconf 75' lang='lat' dir='ltr'><strong>Mortuo</strong></span> <span class='ocrx_word' id='word_1_239' title='bbox 1186 4383 1368 4455; x_wconf 85' lang='lat' dir='ltr'><strong>itaque</strong></span> <span class='ocrx_word' id='word_1_240' title='bbox 1413 4386 1704 4444; x_wconf 87' lang='lat' dir='ltr'><strong>Salomone</strong></span> <span class='ocrx_word' id='word_1_241' title='bbox 1750 4392 2039 4449; x_wconf 87' lang='lat' dir='ltr'><strong>duodecim</strong></span> <span class='ocrx_word' id='word_1_242' title='bbox 2082 4399 2279 4464; x_wconf 89' lang='lat' dir='ltr'><strong>tribus,</strong></span> <span class='ocrx_word' id='word_1_243' title='bbox 2312 4417 2434 4471; x_wconf 72' lang='lat' dir='ltr'><strong>qua:</strong></span> 
     </span>
    </p>
   </div>
   <div class='ocr_carea' id='block_1_44' title="bbox 875 4461 2511 4550">
    <p class='ocr_par' dir='ltr' id='par_1_44' title="bbox 875 4461 2511 4550">
     <span class='ocr_line' id='line_1_45' title="bbox 875 4461 2511 4550; baseline 0.013 -23"><span class='ocrx_word' id='word_1_244' title='bbox 875 4473 1038 4528; x_wconf 87' lang='lat' dir='ltr'><strong>unius</strong></span> <span class='ocrx_word' id='word_1_245' title='bbox 1066 4485 1225 4529; x_wconf 90' lang='lat' dir='ltr'><strong>antea</strong></span> <span class='ocrx_word' id='word_1_246' title='bbox 1257 4477 1488 4546; x_wconf 85' lang='lat' dir='ltr'><strong>imperio</strong></span> <span class='ocrx_word' id='word_1_247' title='bbox 1540 4480 1892 4550; x_wconf 86' lang='lat' dir='ltr'><strong>regebantur,</strong></span> <span class='ocrx_word' id='word_1_248' title='bbox 1924 4486 1977 4538; x_wconf 91' lang='lat' dir='ltr'><strong>in</strong></span> <span class='ocrx_word' id='word_1_249' title='bbox 2027 4487 2167 4542; x_wconf 89' lang='lat' dir='ltr'><strong>duos</strong></span> <span class='ocrx_word' id='word_1_250' title='bbox 2200 4490 2435 4548; x_wconf 88' lang='lat' dir='ltr'><strong>ducatus</strong></span> <span class='ocrx_word' id='word_1_251' title='bbox 2466 4461 2511 4517; x_wconf 73' lang='lat' dir='ltr'><strong>D</strong></span> 
     </span>
    </p>
   </div>
   <div class='ocr_carea' id='block_1_45' title="bbox 873 4568 2437 4637">
    <p class='ocr_par' dir='ltr' id='par_1_45' title="bbox 873 4568 2437 4637">
     <span class='ocr_line' id='line_1_46' title="bbox 873 4568 2437 4637; baseline 0.012 -18"><span class='ocrx_word' id='word_1_252' title='bbox 873 4568 1061 4621; x_wconf 72' lang='lat' dir='ltr'><strong>divisa:</strong></span> <span class='ocrx_word' id='word_1_253' title='bbox 1086 4577 1235 4622; x_wconf 90' lang='lat' dir='ltr'><strong>sunt.</strong></span> <span class='ocrx_word' id='word_1_254' title='bbox 1267 4569 1403 4623; x_wconf 88' lang='lat' dir='ltr'><strong>Cum</strong></span> <span class='ocrx_word' id='word_1_255' title='bbox 1433 4571 1577 4624; x_wconf 90' lang='lat' dir='ltr'><strong>enim</strong></span> <span class='ocrx_word' id='word_1_256' title='bbox 1610 4572 1918 4629; x_wconf 88' lang='lat' dir='ltr'><strong>Salomonis</strong></span> <span class='ocrx_word' id='word_1_257' title='bbox 1948 4576 2091 4630; x_wconf 85' lang='lat' dir='ltr'><strong>ﬁlius</strong></span> <span class='ocrx_word' id='word_1_258' title='bbox 2120 4580 2437 4637; x_wconf 80' lang='lat' dir='ltr'><strong>Roboamus</strong></span> 
     </span>
    </p>
   </div>
   <div class='ocr_carea' id='block_1_46' title="bbox 874 4661 2439 4742">
    <p class='ocr_par' dir='ltr' id='par_1_46' title="bbox 874 4661 2439 4742">
     <span class='ocr_line' id='line_1_47' title="bbox 874 4661 2439 4742; baseline 0.011 -29"><span class='ocrx_word' id='word_1_259' title='bbox 874 4672 1090 4714; x_wconf 88' lang='lat' dir='ltr'><strong>mortuo</strong></span> <span class='ocrx_word' id='word_1_260' title='bbox 1108 4661 1248 4729; x_wconf 87' lang='lat' dir='ltr'><strong>patri</strong></span> <span class='ocrx_word' id='word_1_261' title='bbox 1278 4662 1332 4715; x_wconf 91' lang='lat' dir='ltr'><strong>in</strong></span> <span class='ocrx_word' id='word_1_262' title='bbox 1364 4664 1655 4732; x_wconf 86' lang='lat' dir='ltr'><strong>imperium</strong></span> <span class='ocrx_word' id='word_1_263' title='bbox 1688 4668 2041 4723; x_wconf 84' lang='lat' dir='ltr'><strong>successisset</strong></span> <span class='ocrx_word' id='word_1_264' title='bbox 2074 4670 2321 4742; x_wconf 90' lang='lat' dir='ltr'><strong>duraque</strong></span> <span class='ocrx_word' id='word_1_265' title='bbox 2352 4690 2439 4730; x_wconf 87' lang='lat' dir='ltr'><strong>se-</strong></span> 
     </span>
    </p>
   </div>
   <div class='ocr_carea' id='block_1_47' title="bbox 874 4754 2434 4831">
    <p class='ocr_par' dir='ltr' id='par_1_47' title="bbox 874 4754 2434 4831">
     <span class='ocr_line' id='line_1_48' title="bbox 874 4754 2434 4831; baseline 0.008 -24"><span class='ocrx_word' id='word_1_266' title='bbox 874 4754 1124 4808; x_wconf 88' lang='lat' dir='ltr'><strong>nioribus</strong></span> <span class='ocrx_word' id='word_1_267' title='bbox 1153 4764 1208 4807; x_wconf 90' lang='lat' dir='ltr'><strong>et</strong></span> <span class='ocrx_word' id='word_1_268' title='bbox 1235 4770 1449 4809; x_wconf 87' lang='lat' dir='ltr'><strong>morosa</strong></span> <span class='ocrx_word' id='word_1_269' title='bbox 1485 4772 1744 4825; x_wconf 89' lang='lat' dir='ltr'><strong>responsa</strong></span> <span class='ocrx_word' id='word_1_270' title='bbox 1780 4758 1958 4823; x_wconf 87' lang='lat' dir='ltr'><strong>daret,</strong></span> <span class='ocrx_word' id='word_1_271' title='bbox 1987 4762 2079 4829; x_wconf 89' lang='lat' dir='ltr'><strong>qui</strong></span> <span class='ocrx_word' id='word_1_272' title='bbox 2118 4764 2305 4831; x_wconf 87' lang='lat' dir='ltr'><strong>populi</strong></span> <span class='ocrx_word' id='word_1_273' title='bbox 2334 4781 2434 4820; x_wconf 83' lang='lat' dir='ltr'><strong>no-</strong></span> 
     </span>
    </p>
   </div>
   <div class='ocr_carea' id='block_1_48' title="bbox 874 4846 2437 4918">
    <p class='ocr_par' dir='ltr' id='par_1_48' title="bbox 874 4846 2437 4918">
     <span class='ocr_line' id='line_1_49' title="bbox 874 4846 2437 4918; baseline 0.008 -21"><span class='ocrx_word' id='word_1_274' title='bbox 874 4846 1020 4898; x_wconf 91' lang='lat' dir='ltr'><strong>mine</strong></span> <span class='ocrx_word' id='word_1_275' title='bbox 1051 4846 1327 4914; x_wconf 89' lang='lat' dir='ltr'><strong>supplices</strong></span> <span class='ocrx_word' id='word_1_276' title='bbox 1374 4847 1439 4900; x_wconf 87' lang='lat' dir='ltr'><strong>ad</strong></span> <span class='ocrx_word' id='word_1_277' title='bbox 1477 4848 1629 4901; x_wconf 90' lang='lat' dir='ltr'><strong>illum</strong></span> <span class='ocrx_word' id='word_1_278' title='bbox 1666 4850 2047 4918; x_wconf 78' lang='lat' dir='ltr'><strong>confugerant,</strong></span> <span class='ocrx_word' id='word_1_279' title='bbox 2079 4853 2270 4907; x_wconf 81' lang='lat' dir='ltr'><strong>divisae.</strong></span> <span class='ocrx_word' id='word_1_280' title='bbox 2309 4865 2437 4910; x_wconf 91' lang='lat' dir='ltr'><strong>sunt</strong></span> 
     </span>
    </p>
   </div>
   <div class='ocr_carea' id='block_1_49' title="bbox 876 4935 2438 5013">
    <p class='ocr_par' dir='ltr' id='par_1_49' title="bbox 876 4935 2438 5013">
     <span class='ocr_line' id='line_1_50' title="bbox 876 4935 2438 5013; baseline 0.008 -25"><span class='ocrx_word' id='word_1_281' title='bbox 876 4935 1070 4989; x_wconf 89' lang='lat' dir='ltr'><strong>tribus.</strong></span> <span class='ocrx_word' id='word_1_282' title='bbox 1096 4935 1273 5005; x_wconf 83' lang='lat' dir='ltr'><strong>Atque</strong></span> <span class='ocrx_word' id='word_1_283' title='bbox 1303 4938 1405 4991; x_wconf 85' lang='lat' dir='ltr'><strong>sub</strong></span> <span class='ocrx_word' id='word_1_284' title='bbox 1439 4940 1558 5007; x_wconf 88' lang='lat' dir='ltr'><strong>ejus</strong></span> <span class='ocrx_word' id='word_1_285' title='bbox 1593 4939 1825 5007; x_wconf 88' lang='lat' dir='ltr'><strong>imperio</strong></span> <span class='ocrx_word' id='word_1_286' title='bbox 1854 4942 2048 4996; x_wconf 90' lang='lat' dir='ltr'><strong>ultima</strong></span> <span class='ocrx_word' id='word_1_287' title='bbox 2080 4946 2304 5013; x_wconf 89' lang='lat' dir='ltr'><strong>quidem</strong></span> <span class='ocrx_word' id='word_1_288' title='bbox 2339 4947 2438 5001; x_wconf 88' lang='lat' dir='ltr'><strong>tri-</strong></span> 
     </span>
    </p>
   </div>
   <div class='ocr_carea' id='block_1_50' title="bbox 874 5029 2436 5108">
    <p class='ocr_par' dir='ltr' id='par_1_50' title="bbox 874 5029 2436 5108">
     <span class='ocr_line' id='line_1_51' title="bbox 874 5029 2436 5108; baseline 0.01 -27"><span class='ocrx_word' id='word_1_289' title='bbox 874 5029 976 5083; x_wconf 91' lang='lat' dir='ltr'><strong>bus</strong></span> <span class='ocrx_word' id='word_1_290' title='bbox 1008 5032 1399 5099; x_wconf 87' lang='lat' dir='ltr'><strong>perseveravit.</strong></span> <span class='ocrx_word' id='word_1_291' title='bbox 1434 5033 1699 5089; x_wconf 89' lang='lat' dir='ltr'><strong>Undecim</strong></span> <span class='ocrx_word' id='word_1_292' title='bbox 1726 5051 1858 5089; x_wconf 84' lang='lat' dir='ltr'><strong>vero</strong></span> <span class='ocrx_word' id='word_1_293' title='bbox 1884 5037 2107 5108; x_wconf 64' lang='lat' dir='ltr'><strong>reliquae</strong></span> <span class='ocrx_word' id='word_1_294' title='bbox 2136 5048 2436 5108; x_wconf 88' lang='lat' dir='ltr'><strong>apostatam</strong></span> 
     </span>
    </p>
   </div>
   <div class='ocr_carea' id='block_1_51' title="bbox 872 5120 2437 5198">
    <p class='ocr_par' dir='ltr' id='par_1_51' title="bbox 872 5120 2437 5198">
     <span class='ocr_line' id='line_1_52' title="bbox 872 5120 2437 5198; baseline 0.006 -25"><span class='ocrx_word' id='word_1_295' title='bbox 872 5120 1283 5187; x_wconf 82' lang='lat' dir='ltr'><strong>Jeroboamum,</strong></span> <span class='ocrx_word' id='word_1_296' title='bbox 1316 5122 1409 5192; x_wconf 88' lang='lat' dir='ltr'><strong>qui</strong></span> <span class='ocrx_word' id='word_1_297' title='bbox 1449 5140 1479 5179; x_wconf 88' lang='lat' dir='ltr'><strong>e</strong></span> <span class='ocrx_word' id='word_1_298' title='bbox 1509 5126 1754 5179; x_wconf 85' lang='lat' dir='ltr'><strong>Samaria</strong></span> <span class='ocrx_word' id='word_1_299' title='bbox 1782 5130 1836 5181; x_wconf 93' lang='lat' dir='ltr'><strong>in</strong></span> <span class='ocrx_word' id='word_1_300' title='bbox 1866 5127 2108 5183; x_wconf 65' lang='lat' dir='ltr'><strong>Iudaeam</strong></span> <span class='ocrx_word' id='word_1_301' title='bbox 2141 5131 2437 5198; x_wconf 84' lang='lat' dir='ltr'><strong>invaserat,</strong></span> 
     </span>
    </p>
   </div>
   <div class='ocr_carea' id='block_1_52' title="bbox 873 5213 2439 5288">
    <p class='ocr_par' dir='ltr' id='par_1_52' title="bbox 873 5213 2439 5288">
     <span class='ocr_line' id='line_1_53' title="bbox 873 5213 2439 5288; baseline 0.01 -26"><span class='ocrx_word' id='word_1_302' title='bbox 873 5219 1075 5264; x_wconf 75' lang='lat' dir='ltr'><strong>secutae</strong></span> <span class='ocrx_word' id='word_1_303' title='bbox 1113 5222 1262 5267; x_wconf 85' lang='lat' dir='ltr'><strong>sum.</strong></span> <span class='ocrx_word' id='word_1_304' title='bbox 1286 5213 1463 5282; x_wconf 84' lang='lat' dir='ltr'><strong>Atque</strong></span> <span class='ocrx_word' id='word_1_305' title='bbox 1494 5217 1570 5269; x_wconf 92' lang='lat' dir='ltr'><strong>illi</strong></span> <span class='ocrx_word' id='word_1_306' title='bbox 1601 5219 1820 5285; x_wconf 90' lang='lat' dir='ltr'><strong>quidem</strong></span> <span class='ocrx_word' id='word_1_307' title='bbox 1866 5220 1958 5288; x_wconf 82' lang='lat' dir='ltr'><strong>qui</strong></span> <span class='ocrx_word' id='word_1_308' title='bbox 1988 5220 2298 5275; x_wconf 89' lang='lat' dir='ltr'><strong>Salomonis</strong></span> <span class='ocrx_word' id='word_1_309' title='bbox 2328 5221 2439 5277; x_wconf 79' lang='lat' dir='ltr'><strong>lilio</strong></span> 
     </span>
    </p>
   </div>
   <div class='ocr_carea' id='block_1_53' title="bbox 876 5309 2438 5380">
    <p class='ocr_par' dir='ltr' id='par_1_53' title="bbox 876 5309 2438 5380">
     <span class='ocr_line' id='line_1_54' title="bbox 876 5309 2438 5380; baseline 0.01 -27"><span class='ocrx_word' id='word_1_310' title='bbox 876 5318 1080 5357; x_wconf 90' lang='lat' dir='ltr'><strong>morem</strong></span> <span class='ocrx_word' id='word_1_311' title='bbox 1108 5319 1300 5373; x_wconf 79' lang='lat' dir='ltr'><strong>gerere</strong></span> <span class='ocrx_word' id='word_1_312' title='bbox 1334 5318 1718 5373; x_wconf 75' lang='lat' dir='ltr'><strong>perrexerunt,</strong></span> <span class='ocrx_word' id='word_1_313' title='bbox 1756 5309 1911 5364; x_wconf 77' lang='lat' dir='ltr'><strong>Judae</strong></span> <span class='ocrx_word' id='word_1_314' title='bbox 1937 5328 1952 5366; x_wconf 89' lang='lat'><strong>:</strong></span> <span class='ocrx_word' id='word_1_315' title='bbox 1982 5312 2074 5380; x_wconf 89' lang='lat' dir='ltr'><strong>qui</strong></span> <span class='ocrx_word' id='word_1_316' title='bbox 2106 5327 2238 5366; x_wconf 86' lang='lat' dir='ltr'><strong>vero</strong></span> <span class='ocrx_word' id='word_1_317' title='bbox 2279 5313 2438 5368; x_wconf 83' lang='lat' dir='ltr'><strong>Jero-</strong></span> 
     </span>
    </p>
   </div>
   <div class='ocr_carea' id='block_1_54' title="bbox 876 5392 2437 5471">
    <p class='ocr_par' dir='ltr' id='par_1_54' title="bbox 876 5392 2437 5471">
     <span class='ocr_line' id='line_1_55' title="bbox 876 5392 2437 5471; baseline 0.008 -25"><span class='ocrx_word' id='word_1_318' title='bbox 876 5392 1131 5447; x_wconf 88' lang='lat' dir='ltr'><strong>boamum</strong></span> <span class='ocrx_word' id='word_1_319' title='bbox 1190 5396 1379 5450; x_wconf 87' lang='lat' dir='ltr'><strong>Nabati</strong></span> <span class='ocrx_word' id='word_1_320' title='bbox 1441 5398 1611 5451; x_wconf 85' lang='lat' dir='ltr'><strong>tilium</strong></span> <span class='ocrx_word' id='word_1_321' title='bbox 1675 5416 1858 5471; x_wconf 87' lang='lat' dir='ltr'><strong>regem</strong></span> <span class='ocrx_word' id='word_1_322' title='bbox 1914 5403 2019 5456; x_wconf 85' lang='lat' dir='ltr'><strong>sibi</strong></span> <span class='ocrx_word' id='word_1_323' title='bbox 2078 5415 2437 5471; x_wconf 87' lang='lat' dir='ltr'><strong>creaverunt,</strong></span> 
     </span>
    </p>
   </div>
   <div class='ocr_carea' id='block_1_55' title="bbox 874 5481 2439 5550">
    <p class='ocr_par' dir='ltr' id='par_1_55' title="bbox 874 5481 2439 5550">
     <span class='ocr_line' id='line_1_56' title="bbox 874 5481 2439 5550; baseline 0.008 -14"><span class='ocrx_word' id='word_1_324' title='bbox 874 5481 1095 5539; x_wconf 82' lang='lat' dir='ltr'><strong>lsraclis</strong></span> <span class='ocrx_word' id='word_1_325' title='bbox 1132 5488 1351 5542; x_wconf 88' lang='lat' dir='ltr'><strong>nomine</strong></span> <span class='ocrx_word' id='word_1_326' title='bbox 1397 5488 1528 5542; x_wconf 89' lang='lat' dir='ltr'><strong>dicti</strong></span> <span class='ocrx_word' id='word_1_327' title='bbox 1593 5499 1739 5544; x_wconf 88' lang='lat' dir='ltr'><strong>sunt.</strong></span> <span class='ocrx_word' id='word_1_328' title='bbox 1798 5494 2071 5547; x_wconf 69' lang='lat' dir='ltr'><strong>Caeterum</strong></span> <span class='ocrx_word' id='word_1_329' title='bbox 2122 5495 2439 5550; x_wconf 81' lang='lat' dir='ltr'><strong>Roboamus</strong></span> 
     </span>
    </p>
   </div>
   <div class='ocr_carea' id='block_1_56' title="bbox 879 5578 2442 5657">
    <p class='ocr_par' dir='ltr' id='par_1_56' title="bbox 879 5578 2442 5657">
     <span class='ocr_line' id='line_1_57' title="bbox 879 5578 2442 5657; baseline 0.01 -30"><span class='ocrx_word' id='word_1_330' title='bbox 879 5578 1267 5645; x_wconf 83' lang='lat' dir='ltr'><strong>septemdecim</strong></span> <span class='ocrx_word' id='word_1_331' title='bbox 1300 5582 1457 5634; x_wconf 87' lang='lat' dir='ltr'><strong>annis</strong></span> <span class='ocrx_word' id='word_1_332' title='bbox 1487 5581 1673 5635; x_wconf 90' lang='lat' dir='ltr'><strong>lsraeli</strong></span> <span class='ocrx_word' id='word_1_333' title='bbox 1709 5584 1943 5652; x_wconf 59' lang='lat' dir='ltr'><strong>praefuit,</strong></span> <span class='ocrx_word' id='word_1_334' title='bbox 1970 5586 2230 5641; x_wconf 87' lang='lat' dir='ltr'><strong>nimirum</strong></span> <span class='ocrx_word' id='word_1_335' title='bbox 2268 5603 2442 5657; x_wconf 88' lang='lat' dir='ltr'><strong>usque</strong></span> 
     </span>
    </p>
   </div>
   <div class='ocr_carea' id='block_1_57' title="bbox 881 5666 2441 5746">
    <p class='ocr_par' dir='ltr' id='par_1_57' title="bbox 881 5666 2441 5746">
     <span class='ocr_line' id='line_1_58' title="bbox 881 5666 2441 5746; baseline 0.008 -29"><span class='ocrx_word' id='word_1_336' title='bbox 881 5666 946 5719; x_wconf 83' lang='lat' dir='ltr'><strong>ad</strong></span> <span class='ocrx_word' id='word_1_337' title='bbox 976 5667 1252 5723; x_wconf 72' lang='lat' dir='ltr'><strong>Jechoniae</strong></span> <span class='ocrx_word' id='word_1_338' title='bbox 1294 5678 1556 5739; x_wconf 87' lang='lat' dir='ltr'><strong>tempora,</strong></span> <span class='ocrx_word' id='word_1_339' title='bbox 1598 5672 1691 5741; x_wconf 92' lang='lat' dir='ltr'><strong>qui</strong></span> <span class='ocrx_word' id='word_1_340' title='bbox 1736 5687 1790 5726; x_wconf 88' lang='lat' dir='ltr'><strong>et</strong></span> <span class='ocrx_word' id='word_1_341' title='bbox 1837 5674 2089 5729; x_wconf 83' lang='lat' dir='ltr'><strong>Sedeeias</strong></span> <span class='ocrx_word' id='word_1_342' title='bbox 2139 5678 2441 5746; x_wconf 83' lang='lat' dir='ltr'><strong>appellatus</strong></span> 
     </span>
    </p>
   </div>
   <div class='ocr_carea' id='block_1_58' title="bbox 879 5760 2440 5832">
    <p class='ocr_par' dir='ltr' id='par_1_58' title="bbox 879 5760 2440 5832">
     <span class='ocr_line' id='line_1_59' title="bbox 879 5760 2440 5832; baseline 0.009 -22"><span class='ocrx_word' id='word_1_343' title='bbox 879 5767 981 5814; x_wconf 82' lang='lat' dir='ltr'><strong>est.</strong></span> <span class='ocrx_word' id='word_1_344' title='bbox 1011 5760 1377 5831; x_wconf 87' lang='lat' dir='ltr'><strong>Temporibus</strong></span> <span class='ocrx_word' id='word_1_345' title='bbox 1421 5774 1601 5818; x_wconf 85' lang='lat' dir='ltr'><strong>autem</strong></span> <span class='ocrx_word' id='word_1_346' title='bbox 1634 5765 1738 5818; x_wconf 79' lang='lat' dir='ltr'><strong>illis</strong></span> <span class='ocrx_word' id='word_1_347' title='bbox 1790 5767 1880 5822; x_wconf 81' lang='lat' dir='ltr'><strong>uni</strong></span> <span class='ocrx_word' id='word_1_348' title='bbox 1930 5783 2106 5832; x_wconf 69' lang='lat' dir='ltr'><strong>regem</strong></span> <span class='ocrx_word' id='word_1_349' title='bbox 2147 5778 2440 5827; x_wconf 77' lang='lat' dir='ltr'><strong>utrumque</strong></span> 
     </span>
    </p>
   </div>
   <div class='ocr_carea' id='block_1_59' title="bbox 2133 372 2881 438">
    <p class='ocr_par' dir='ltr' id='par_1_59' title="bbox 2133 372 2881 438">
     <span class='ocr_line' id='line_1_60' title="bbox 2133 372 2881 438; baseline 0.005 -4"><span class='ocrx_word' id='word_1_350' title='bbox 2133 372 2433 434; x_wconf 65' lang='lat' dir='ltr'><strong>NICETAE</strong></span> <span class='ocrx_word' id='word_1_351' title='bbox 2475 373 2881 438; x_wconf 71' lang='grc' dir='ltr'><strong>ΕΗΟΝΙᾹΤΕ</strong></span> 
     </span>
    </p>
   </div>
   <div class='ocr_carea' id='block_1_60' title="bbox 2467 486 4118 559">
    <p class='ocr_par' dir='ltr' id='par_1_60' title="bbox 2467 486 4118 559">
     <span class='ocr_line' id='line_1_61' title="bbox 2467 486 4118 559; baseline 0.011 -18"><span class='ocrx_word' id='word_1_352' title='bbox 2467 486 2511 541; x_wconf 91' lang='lat' dir='ltr'><strong>A</strong></span> <span class='ocrx_word' id='word_1_353' title='bbox 2543 486 2985 552; x_wconf 85' lang='lat' dir='ltr'><strong>interﬂuxerunt,</strong></span> <span class='ocrx_word' id='word_1_354' title='bbox 3014 505 3042 544; x_wconf 85' lang='lat' dir='ltr'><strong>a</strong></span> <span class='ocrx_word' id='word_1_355' title='bbox 3074 508 3205 549; x_wconf 85' lang='lat' dir='ltr'><strong>vero</strong></span> <span class='ocrx_word' id='word_1_356' title='bbox 3246 495 3342 550; x_wconf 85' lang='lat' dir='ltr'><strong>Dei</strong></span> <span class='ocrx_word' id='word_1_357' title='bbox 3387 496 3539 551; x_wconf 79' lang='lat' dir='ltr'><strong>cultu</strong></span> <span class='ocrx_word' id='word_1_358' title='bbox 3585 499 3905 556; x_wconf 84' lang='lat' dir='ltr'><strong>aberrantes</strong></span> <span class='ocrx_word' id='word_1_359' title='bbox 3935 502 4118 559; x_wconf 81' lang='lat' dir='ltr'><strong>Israe-</strong></span> 
     </span>
    </p>
   </div>
   <div class='ocr_carea' id='block_1_61' title="bbox 3971 385 4117 454">
    <p class='ocr_par' dir='ltr' id='par_1_61' title="bbox 3971 385 4117 454">
     <span class='ocr_line' id='line_1_62' title="bbox 3971 385 4117 454; baseline 0.027 -6"><span class='ocrx_word' id='word_1_360' title='bbox 3971 385 4117 454; x_wconf 71' lang='lat'><strong>1120</strong></span> 
     </span>
    </p>
   </div>
   <div class='ocr_carea' id='block_1_62' title="bbox 2542 578 4116 659">
    <p class='ocr_par' dir='ltr' id='par_1_62' title="bbox 2542 578 4116 659">
     <span class='ocr_line' id='line_1_63' title="bbox 2542 578 4116 659; baseline 0.012 -28"><span class='ocrx_word' id='word_1_361' title='bbox 2542 578 2651 633; x_wconf 74' lang='lat' dir='ltr'><strong>litae</strong></span> <span class='ocrx_word' id='word_1_362' title='bbox 2684 578 2792 634; x_wconf 83' lang='lat' dir='ltr'><strong>diis</strong></span> <span class='ocrx_word' id='word_1_363' title='bbox 2826 581 3022 637; x_wconf 88' lang='lat' dir='ltr'><strong>alienis</strong></span> <span class='ocrx_word' id='word_1_364' title='bbox 3053 598 3205 638; x_wconf 88' lang='lat' dir='ltr'><strong>sacra</strong></span> <span class='ocrx_word' id='word_1_365' title='bbox 3236 586 3508 641; x_wconf 80' lang='lat' dir='ltr'><strong>fecerunt.</strong></span> <span class='ocrx_word' id='word_1_366' title='bbox 3529 588 3664 643; x_wconf 89' lang='lat' dir='ltr'><strong>Cum</strong></span> <span class='ocrx_word' id='word_1_367' title='bbox 3693 592 3931 659; x_wconf 88' lang='lat' dir='ltr'><strong>primum</strong></span> <span class='ocrx_word' id='word_1_368' title='bbox 3956 597 4116 650; x_wconf 87' lang='lat' dir='ltr'><strong>enim</strong></span> 
     </span>
    </p>
   </div>
   <div class='ocr_carea' id='block_1_63' title="bbox 2539 668 4114 747">
    <p class='ocr_par' dir='ltr' id='par_1_63' title="bbox 2539 668 4114 747">
     <span class='ocr_line' id='line_1_64' title="bbox 2539 668 4114 747; baseline 0.011 -26"><span class='ocrx_word' id='word_1_369' title='bbox 2539 668 2847 726; x_wconf 83' lang='lat' dir='ltr'><strong>conﬂatiles</strong></span> <span class='ocrx_word' id='word_1_370' title='bbox 2877 688 3017 727; x_wconf 85' lang='lat' dir='ltr'><strong>auro</strong></span> <span class='ocrx_word' id='word_1_371' title='bbox 3058 689 3252 731; x_wconf 85' lang='lat' dir='ltr'><strong>vaccas</strong></span> <span class='ocrx_word' id='word_1_372' title='bbox 3288 679 3499 747; x_wconf 78' lang='lat' dir='ltr'><strong>ignavis</strong></span> <span class='ocrx_word' id='word_1_373' title='bbox 3538 688 3595 735; x_wconf 91' lang='lat' dir='ltr'><strong>et</strong></span> <span class='ocrx_word' id='word_1_374' title='bbox 3638 680 3934 737; x_wconf 81' lang='lat' dir='ltr'><strong>hebetibus</strong></span> <span class='ocrx_word' id='word_1_375' title='bbox 3968 684 4114 739; x_wconf 87' lang='lat' dir='ltr'><strong>ado-</strong></span> 
     </span>
    </p>
   </div>
   <div class='ocr_carea' id='block_1_64' title="bbox 2540 758 4115 835">
    <p class='ocr_par' dir='ltr' id='par_1_64' title="bbox 2540 758 4115 835">
     <span class='ocr_line' id='line_1_65' title="bbox 2540 758 4115 835; baseline 0.014 -26"><span class='ocrx_word' id='word_1_376' title='bbox 2540 758 2742 812; x_wconf 88' lang='lat' dir='ltr'><strong>randas</strong></span> <span class='ocrx_word' id='word_1_377' title='bbox 2764 758 3130 819; x_wconf 77' lang='lat' dir='ltr'><strong>Jeroboamus</strong></span> <span class='ocrx_word' id='word_1_378' title='bbox 3164 770 3475 835; x_wconf 81' lang='lat' dir='ltr'><strong>proposuit,</strong></span> <span class='ocrx_word' id='word_1_379' title='bbox 3518 784 3643 824; x_wconf 91' lang='lat' dir='ltr'><strong>mox</strong></span> <span class='ocrx_word' id='word_1_380' title='bbox 3693 774 3857 827; x_wconf 87' lang='lat' dir='ltr'><strong>etiam</strong></span> <span class='ocrx_word' id='word_1_381' title='bbox 3901 774 3958 829; x_wconf 91' lang='lat' dir='ltr'><strong>in</strong></span> <span class='ocrx_word' id='word_1_382' title='bbox 4005 777 4115 831; x_wconf 79' lang='lat' dir='ltr'><strong>ob-</strong></span> 
     </span>
    </p>
   </div>
   <div class='ocr_carea' id='block_1_65' title="bbox 2540 850 4112 933">
    <p class='ocr_par' dir='ltr' id='par_1_65' title="bbox 2540 850 4112 933">
     <span class='ocr_line' id='line_1_66' title="bbox 2540 850 4112 933; baseline 0.011 -31"><span class='ocrx_word' id='word_1_383' title='bbox 2540 850 2720 904; x_wconf 87' lang='lat' dir='ltr'><strong>scuris</strong></span> <span class='ocrx_word' id='word_1_384' title='bbox 2754 850 2889 906; x_wconf 90' lang='lat' dir='ltr'><strong>locis</strong></span> <span class='ocrx_word' id='word_1_385' title='bbox 2934 862 2991 907; x_wconf 89' lang='lat' dir='ltr'><strong>ct</strong></span> <span class='ocrx_word' id='word_1_386' title='bbox 3039 855 3180 909; x_wconf 90' lang='lat' dir='ltr'><strong>lucis</strong></span> <span class='ocrx_word' id='word_1_387' title='bbox 3216 857 3468 914; x_wconf 90' lang='lat' dir='ltr'><strong>victimas</strong></span> <span class='ocrx_word' id='word_1_388' title='bbox 3509 862 3708 917; x_wconf 89' lang='lat' dir='ltr'><strong>multas</strong></span> <span class='ocrx_word' id='word_1_389' title='bbox 3758 866 4112 933; x_wconf 89' lang='lat' dir='ltr'><strong>obtulerunt,</strong></span> 
     </span>
    </p>
   </div>
   <div class='ocr_carea' id='block_1_66' title="bbox 2540 937 3927 1026">
    <p class='ocr_par' dir='ltr' id='par_1_66' title="bbox 2540 937 3927 1026">
     <span class='ocr_line' id='line_1_67' title="bbox 2540 937 3927 1026; baseline 0.015 -35"><span class='ocrx_word' id='word_1_390' title='bbox 2540 937 2866 1011; x_wconf 80' lang='lat' dir='ltr'><strong>Baalamque</strong></span> <span class='ocrx_word' id='word_1_391' title='bbox 2904 952 3163 1016; x_wconf 88' lang='lat' dir='ltr'><strong>tanquam</strong></span> <span class='ocrx_word' id='word_1_392' title='bbox 3196 948 3367 1003; x_wconf 89' lang='lat' dir='ltr'><strong>Deum</strong></span> <span class='ocrx_word' id='word_1_393' title='bbox 3398 952 3581 1007; x_wconf 89' lang='lat' dir='ltr'><strong>colere</strong></span> <span class='ocrx_word' id='word_1_394' title='bbox 3614 969 3927 1026; x_wconf 67' lang='lat' dir='ltr'><strong>coeperunt.</strong></span> 
     </span>
    </p>
   </div>
   <div class='ocr_carea' id='block_1_67' title="bbox 3099 1057 3542 1118">
    <p class='ocr_par' dir='ltr' id='par_1_67' title="bbox 3099 1057 3542 1118">
     <span class='ocr_line' id='line_1_68' title="bbox 3099 1057 3542 1118; baseline 0.011 -5"><span class='ocrx_word' id='word_1_395' title='bbox 3099 1057 3252 1115; x_wconf 80' lang='lat' dir='ltr'><strong>CAP.</strong></span> <span class='ocrx_word' id='word_1_396' title='bbox 3298 1061 3542 1118; x_wconf 83' lang='lat' dir='ltr'><strong>XXXIII.</strong></span> 
     </span>
    </p>
   </div>
   <div class='ocr_carea' id='block_1_68' title="bbox 2540 1142 4115 1218">
    <p class='ocr_par' dir='ltr' id='par_1_68' title="bbox 2540 1142 4115 1218">
     <span class='ocr_line' id='line_1_69' title="bbox 2540 1142 4115 1218; baseline 0.014 -21"><span class='ocrx_word' id='word_1_397' title='bbox 2540 1142 2850 1214; x_wconf 83' lang='lat' dir='ltr'><strong>Captivitas.</strong></span> <span class='ocrx_word' id='word_1_398' title='bbox 2880 1147 3084 1204; x_wconf 84' lang='lat' dir='ltr'><strong>Esdras</strong></span> <span class='ocrx_word' id='word_1_399' title='bbox 3110 1150 3375 1218; x_wconf 78' lang='lat' dir='ltr'><strong>Babylone</strong></span> <span class='ocrx_word' id='word_1_400' title='bbox 3403 1156 3456 1207; x_wconf 85' lang='lat' dir='ltr'><strong>in</strong></span> <span class='ocrx_word' id='word_1_401' title='bbox 3474 1154 3778 1211; x_wconf 86' lang='lat' dir='ltr'><strong>Samariam</strong></span> <span class='ocrx_word' id='word_1_402' title='bbox 3808 1161 4115 1218; x_wconf 71' lang='lat' dir='ltr'><strong>idololatria</strong></span> 
     </span>
    </p>
   </div>
   <div class='ocr_carea' id='block_1_69' title="bbox 2985 1221 3661 1280">
    <p class='ocr_par' dir='ltr' id='par_1_69' title="bbox 2985 1221 3661 1280">
     <span class='ocr_line' id='line_1_70' title="bbox 2985 1221 3661 1280; baseline 0.01 -7"><span class='ocrx_word' id='word_1_403' title='bbox 2985 1221 3377 1276; x_wconf 81' lang='lat' dir='ltr'><strong>iuhabitabilcm</strong></span> <span class='ocrx_word' id='word_1_404' title='bbox 3414 1227 3661 1280; x_wconf 85' lang='lat' dir='ltr'><strong>mittitur.</strong></span> 
     </span>
    </p>
   </div>
   <div class='ocr_carea' id='block_1_70' title="bbox 2616 1324 4117 1416">
    <p class='ocr_par' dir='ltr' id='par_1_70' title="bbox 2616 1324 4117 1416">
     <span class='ocr_line' id='line_1_71' title="bbox 2616 1324 4117 1416; baseline 0.017 -38"><span class='ocrx_word' id='word_1_405' title='bbox 2616 1324 2815 1382; x_wconf 86' lang='lat' dir='ltr'><strong>Verum</strong></span> <span class='ocrx_word' id='word_1_406' title='bbox 2841 1330 3126 1387; x_wconf 84' lang='lat' dir='ltr'><strong>enimvero</strong></span> <span class='ocrx_word' id='word_1_407' title='bbox 3168 1348 3290 1387; x_wconf 92' lang='lat' dir='ltr'><strong>cum</strong></span> <span class='ocrx_word' id='word_1_408' title='bbox 3324 1336 3716 1411; x_wconf 83' lang='lat' dir='ltr'><strong>Hierosolymis</strong></span> <span class='ocrx_word' id='word_1_409' title='bbox 3758 1350 4117 1416; x_wconf 77' lang='lat' dir='ltr'><strong>expugnatis,</strong></span> 
     </span>
    </p>
   </div>
   <div class='ocr_carea' id='block_1_71' title="bbox 2542 1418 4119 1509">
    <p class='ocr_par' dir='ltr' id='par_1_71' title="bbox 2542 1418 4119 1509">
     <span class='ocr_line' id='line_1_72' title="bbox 2542 1418 4119 1509; baseline 0.016 -40"><span class='ocrx_word' id='word_1_410' title='bbox 2542 1418 2855 1487; x_wconf 87' lang='lat' dir='ltr'><strong>temploque</strong></span> <span class='ocrx_word' id='word_1_411' title='bbox 2887 1420 3116 1476; x_wconf 80' lang='lat' dir='ltr'><strong>incenso</strong></span> <span class='ocrx_word' id='word_1_412' title='bbox 3152 1423 3658 1486; x_wconf 83' lang='lat' dir='ltr'><strong>Nabuchodonosor</strong></span> <span class='ocrx_word' id='word_1_413' title='bbox 3708 1434 3885 1489; x_wconf 87' lang='lat' dir='ltr'><strong>victor</strong></span> <span class='ocrx_word' id='word_1_414' title='bbox 3927 1455 4119 1509; x_wconf 78' lang='lat' dir='ltr'><strong>popu-</strong></span> 
     </span>
    </p>
   </div>
   <div class='ocr_carea' id='block_1_72' title="bbox 2538 1506 4119 1591">
    <p class='ocr_par' dir='ltr' id='par_1_72' title="bbox 2538 1506 4119 1591">
     <span class='ocr_line' id='line_1_73' title="bbox 2538 1506 4119 1591; baseline 0.018 -33"><span class='ocrx_word' id='word_1_415' title='bbox 2538 1506 2673 1571; x_wconf 89' lang='lat' dir='ltr'><strong>lum,</strong></span> <span class='ocrx_word' id='word_1_416' title='bbox 2704 1520 2967 1579; x_wconf 89' lang='lat' dir='ltr'><strong>regnante</strong></span> <span class='ocrx_word' id='word_1_417' title='bbox 2998 1522 3128 1568; x_wconf 89' lang='lat' dir='ltr'><strong>tunc</strong></span> <span class='ocrx_word' id='word_1_418' title='bbox 3161 1515 3445 1587; x_wconf 81' lang='lat' dir='ltr'><strong>Jechonia,</strong></span> <span class='ocrx_word' id='word_1_419' title='bbox 3492 1523 3767 1591; x_wconf 86' lang='lat' dir='ltr'><strong>captivum</strong></span> <span class='ocrx_word' id='word_1_420' title='bbox 3813 1506 4119 1585; x_wconf 17' lang='lat' dir='ltr'><strong>sibiimian-</strong></span> 
     </span>
    </p>
   </div>
   <div class='ocr_carea' id='block_1_73' title="bbox 2539 1597 4121 1691">
    <p class='ocr_par' dir='ltr' id='par_1_73' title="bbox 2539 1597 4121 1691">
     <span class='ocr_line' id='line_1_74' title="bbox 2539 1597 4121 1691; baseline 0.016 -40"><span class='ocrx_word' id='word_1_421' title='bbox 2539 1597 2801 1667; x_wconf 88' lang='lat' dir='ltr'><strong>cipasset,</strong></span> <span class='ocrx_word' id='word_1_422' title='bbox 2829 1601 2999 1656; x_wconf 72' lang='lat' dir='ltr'><strong>Judaei</strong></span> <span class='ocrx_word' id='word_1_423' title='bbox 3038 1619 3138 1671; x_wconf 89' lang='lat' dir='ltr'><strong>per</strong></span> <span class='ocrx_word' id='word_1_424' title='bbox 3192 1606 3397 1676; x_wconf 76' lang='lat' dir='ltr'><strong>legatos</strong></span> <span class='ocrx_word' id='word_1_425' title='bbox 3439 1626 3468 1664; x_wconf 91' lang='lat' dir='ltr'><strong>a</strong></span> <span class='ocrx_word' id='word_1_426' title='bbox 3503 1611 3929 1684; x_wconf 78' lang='lat' dir='ltr'><strong>Babyloniorum</strong></span> <span class='ocrx_word' id='word_1_427' title='bbox 3988 1637 4121 1691; x_wconf 77' lang='lat' dir='ltr'><strong>rege</strong></span> 
     </span>
    </p>
   </div>
   <div class='ocr_carea' id='block_1_74' title="bbox 2539 1697 4121 1768">
    <p class='ocr_par' dir='ltr' id='par_1_74' title="bbox 2539 1697 4121 1768">
     <span class='ocr_line' id='line_1_75' title="bbox 2539 1697 4121 1768; baseline 0.017 -28"><span class='ocrx_word' id='word_1_428' title='bbox 2539 1700 2857 1755; x_wconf 88' lang='lat' dir='ltr'><strong>exorarunt,</strong></span> <span class='ocrx_word' id='word_1_429' title='bbox 2899 1701 2958 1746; x_wconf 90' lang='lat' dir='ltr'><strong>ut</strong></span> <span class='ocrx_word' id='word_1_430' title='bbox 2992 1709 3058 1747; x_wconf 80' lang='lat' dir='ltr'><strong>ex</strong></span> <span class='ocrx_word' id='word_1_431' title='bbox 3113 1697 3229 1750; x_wconf 77' lang='lat' dir='ltr'><strong>suis</strong></span> <span class='ocrx_word' id='word_1_432' title='bbox 3274 1699 3485 1768; x_wconf 89' lang='lat' dir='ltr'><strong>aliquot</strong></span> <span class='ocrx_word' id='word_1_433' title='bbox 3529 1703 3585 1757; x_wconf 92' lang='lat' dir='ltr'><strong>in</strong></span> <span class='ocrx_word' id='word_1_434' title='bbox 3631 1705 3995 1764; x_wconf 86' lang='lat' dir='ltr'><strong>Israeliticam</strong></span> <span class='ocrx_word' id='word_1_435' title='bbox 4030 1728 4121 1768; x_wconf 83' lang='lat' dir='ltr'><strong>re-</strong></span> 
     </span>
    </p>
   </div>
   <div class='ocr_carea' id='block_1_75' title="bbox 2469 1782 4123 1861">
    <p class='ocr_par' dir='ltr' id='par_1_75' title="bbox 2469 1782 4123 1861">
     <span class='ocr_line' id='line_1_76' title="bbox 2469 1782 4123 1861; baseline 0.016 -28"><span class='ocrx_word' id='word_1_436' title='bbox 2469 1805 2513 1861; x_wconf 71' lang='grc' dir='ltr'><strong>Β</strong></span> <span class='ocrx_word' id='word_1_437' title='bbox 2543 1782 2759 1850; x_wconf 87' lang='lat' dir='ltr'><strong>gionem</strong></span> <span class='ocrx_word' id='word_1_438' title='bbox 2802 1783 3067 1849; x_wconf 85' lang='lat' dir='ltr'><strong>mitteret,</strong></span> <span class='ocrx_word' id='word_1_439' title='bbox 3099 1804 3168 1842; x_wconf 92' lang='lat' dir='ltr'><strong>ne</strong></span> <span class='ocrx_word' id='word_1_440' title='bbox 3200 1789 3339 1845; x_wconf 81' lang='lat' dir='ltr'><strong>forte</strong></span> <span class='ocrx_word' id='word_1_441' title='bbox 3389 1792 3597 1849; x_wconf 87' lang='lat' dir='ltr'><strong>diutius</strong></span> <span class='ocrx_word' id='word_1_442' title='bbox 3654 1797 3870 1855; x_wconf 89' lang='lat' dir='ltr'><strong>deserta</strong></span> <span class='ocrx_word' id='word_1_443' title='bbox 3916 1811 3977 1855; x_wconf 89' lang='lat' dir='ltr'><strong>et</strong></span> <span class='ocrx_word' id='word_1_444' title='bbox 4021 1818 4123 1858; x_wconf 86' lang='lat' dir='ltr'><strong>ne-</strong></span> 
     </span>
    </p>
   </div>
   <div class='ocr_carea' id='block_1_76' title="bbox 2540 1874 4122 1965">
    <p class='ocr_par' dir='ltr' id='par_1_76' title="bbox 2540 1874 4122 1965">
     <span class='ocr_line' id='line_1_77' title="bbox 2540 1874 4122 1965; baseline 0.016 -39"><span class='ocrx_word' id='word_1_445' title='bbox 2540 1874 2713 1942; x_wconf 85' lang='lat' dir='ltr'><strong>glecta</strong></span> <span class='ocrx_word' id='word_1_446' title='bbox 2741 1875 3083 1944; x_wconf 89' lang='lat' dir='ltr'><strong>silvescerct,</strong></span> <span class='ocrx_word' id='word_1_447' title='bbox 3111 1891 3273 1951; x_wconf 87' lang='lat' dir='ltr'><strong>atque</strong></span> <span class='ocrx_word' id='word_1_448' title='bbox 3305 1883 3437 1939; x_wconf 77' lang='lat' dir='ltr'><strong>feris</strong></span> <span class='ocrx_word' id='word_1_449' title='bbox 3471 1896 3679 1942; x_wconf 90' lang='lat' dir='ltr'><strong>tantum</strong></span> <span class='ocrx_word' id='word_1_450' title='bbox 3711 1892 3943 1948; x_wconf 81' lang='lat' dir='ltr'><strong>latibula</strong></span> <span class='ocrx_word' id='word_1_451' title='bbox 3977 1912 4122 1965; x_wconf 70' lang='lat' dir='ltr'><strong>prae-</strong></span> 
     </span>
    </p>
   </div>
   <div class='ocr_carea' id='block_1_77' title="bbox 2542 1964 4117 2054">
    <p class='ocr_par' dir='ltr' id='par_1_77' title="bbox 2542 1964 4117 2054">
     <span class='ocr_line' id='line_1_78' title="bbox 2542 1964 4117 2054; baseline 0.016 -37"><span class='ocrx_word' id='word_1_452' title='bbox 2542 1964 2717 2020; x_wconf 88' lang='lat' dir='ltr'><strong>beret.</strong></span> <span class='ocrx_word' id='word_1_453' title='bbox 2748 1968 2841 2023; x_wconf 90' lang='lat' dir='ltr'><strong>Ille</strong></span> <span class='ocrx_word' id='word_1_454' title='bbox 2873 1969 3057 2039; x_wconf 87' lang='lat' dir='ltr'><strong>itaque</strong></span> <span class='ocrx_word' id='word_1_455' title='bbox 3084 1973 3329 2047; x_wconf 74' lang='lat' dir='ltr'><strong>gentium</strong></span> <span class='ocrx_word' id='word_1_456' title='bbox 3348 1976 3453 2030; x_wconf 91' lang='lat' dir='ltr'><strong>sibi</strong></span> <span class='ocrx_word' id='word_1_457' title='bbox 3479 1978 3823 2037; x_wconf 89' lang='lat' dir='ltr'><strong>subditarum</strong></span> <span class='ocrx_word' id='word_1_458' title='bbox 3849 1964 4117 2054; x_wconf 82' lang='lat' dir='ltr'><strong>quatuor,</strong></span> 
     </span>
    </p>
   </div>
   <div class='ocr_carea' id='block_1_78' title="bbox 2538 2055 4119 2140">
    <p class='ocr_par' dir='ltr' id='par_1_78' title="bbox 2538 2055 4119 2140">
     <span class='ocr_line' id='line_1_79' title="bbox 2538 2055 4119 2140; baseline 0.014 -31"><span class='ocrx_word' id='word_1_459' title='bbox 2538 2055 2800 2111; x_wconf 88' lang='lat' dir='ltr'><strong>nimirum</strong></span> <span class='ocrx_word' id='word_1_460' title='bbox 2862 2058 3150 2127; x_wconf 75' lang='lat' dir='ltr'><strong>Cuthtcos,</strong></span> <span class='ocrx_word' id='word_1_461' title='bbox 3205 2063 3495 2131; x_wconf 70' lang='lat' dir='ltr'><strong>Cuddaeos,</strong></span> <span class='ocrx_word' id='word_1_462' title='bbox 3552 2067 4005 2140; x_wconf 71' lang='lat' dir='ltr'><strong>Sepharverteos,</strong></span> <span class='ocrx_word' id='word_1_463' title='bbox 4062 2087 4119 2130; x_wconf 91' lang='lat' dir='ltr'><strong>et</strong></span> 
     </span>
    </p>
   </div>
   <div class='ocr_carea' id='block_1_79' title="bbox 2537 2145 4114 2231">
    <p class='ocr_par' dir='ltr' id='par_1_79' title="bbox 2537 2145 4114 2231">
     <span class='ocr_line' id='line_1_80' title="bbox 2537 2145 4114 2231; baseline 0.014 -32"><span class='ocrx_word' id='word_1_464' title='bbox 2537 2145 2944 2216; x_wconf 70' lang='lat' dir='ltr'><strong>Anegoganaeos</strong></span> <span class='ocrx_word' id='word_1_465' title='bbox 2970 2165 3036 2204; x_wconf 89' lang='lat' dir='ltr'><strong>eo</strong></span> <span class='ocrx_word' id='word_1_466' title='bbox 3055 2152 3277 2207; x_wconf 89' lang='lat' dir='ltr'><strong>colonos</strong></span> <span class='ocrx_word' id='word_1_467' title='bbox 3298 2154 3468 2210; x_wconf 86' lang='lat' dir='ltr'><strong>misit.</strong></span> <span class='ocrx_word' id='word_1_468' title='bbox 3491 2156 3593 2223; x_wconf 82' lang='lat' dir='ltr'><strong>Qui</strong></span> <span class='ocrx_word' id='word_1_469' title='bbox 3620 2159 3963 2231; x_wconf 82' lang='lat' dir='ltr'><strong>simulatque</strong></span> <span class='ocrx_word' id='word_1_470' title='bbox 3991 2181 4114 2220; x_wconf 89' lang='lat' dir='ltr'><strong>cum</strong></span> 
     </span>
    </p>
   </div>
   <div class='ocr_carea' id='block_1_80' title="bbox 2539 2237 4120 2321">
    <p class='ocr_par' dir='ltr' id='par_1_80' title="bbox 2539 2237 4120 2321">
     <span class='ocr_line' id='line_1_81' title="bbox 2539 2237 4120 2321; baseline 0.015 -33"><span class='ocrx_word' id='word_1_471' title='bbox 2539 2237 2867 2293; x_wconf 85' lang='lat' dir='ltr'><strong>tutelaribus</strong></span> <span class='ocrx_word' id='word_1_472' title='bbox 2910 2239 3072 2295; x_wconf 84' lang='lat' dir='ltr'><strong>idolis</strong></span> <span class='ocrx_word' id='word_1_473' title='bbox 3116 2243 3167 2296; x_wconf 94' lang='lat' dir='ltr'><strong>in</strong></span> <span class='ocrx_word' id='word_1_474' title='bbox 3223 2242 3524 2302; x_wconf 87' lang='lat' dir='ltr'><strong>Samariam</strong></span> <span class='ocrx_word' id='word_1_475' title='bbox 3572 2266 3972 2321; x_wconf 85' lang='lat' dir='ltr'><strong>pervenerunt,</strong></span> <span class='ocrx_word' id='word_1_476' title='bbox 4012 2258 4120 2312; x_wconf 81' lang='lat' dir='ltr'><strong>ibi-</strong></span> 
     </span>
    </p>
   </div>
   <div class='ocr_carea' id='block_1_81' title="bbox 2538 2326 4113 2418">
    <p class='ocr_par' dir='ltr' id='par_1_81' title="bbox 2538 2326 4113 2418">
     <span class='ocr_line' id='line_1_82' title="bbox 2538 2326 4113 2418; baseline 0.015 -38"><span class='ocrx_word' id='word_1_477' title='bbox 2538 2326 2775 2396; x_wconf 87' lang='lat' dir='ltr'><strong>demque</strong></span> <span class='ocrx_word' id='word_1_478' title='bbox 2816 2329 2917 2382; x_wconf 90' lang='lat' dir='ltr'><strong>sibi</strong></span> <span class='ocrx_word' id='word_1_479' title='bbox 2947 2330 3139 2385; x_wconf 88' lang='lat' dir='ltr'><strong>domos</strong></span> <span class='ocrx_word' id='word_1_480' title='bbox 3160 2345 3570 2404; x_wconf 88' lang='lat' dir='ltr'><strong>exstruxerunt,</strong></span> <span class='ocrx_word' id='word_1_481' title='bbox 3605 2357 3634 2395; x_wconf 91' lang='lat' dir='ltr'><strong>a</strong></span> <span class='ocrx_word' id='word_1_482' title='bbox 3668 2341 3801 2399; x_wconf 79' lang='lat' dir='ltr'><strong>feris</strong></span> <span class='ocrx_word' id='word_1_483' title='bbox 3829 2346 4113 2418; x_wconf 88' lang='lat' dir='ltr'><strong>absumpti</strong></span> 
     </span>
    </p>
   </div>
   <div class='ocr_carea' id='block_1_82' title="bbox 2536 2420 4115 2511">
    <p class='ocr_par' dir='ltr' id='par_1_82' title="bbox 2536 2420 4115 2511">
     <span class='ocr_line' id='line_1_83' title="bbox 2536 2420 4115 2511; baseline 0.015 -38"><span class='ocrx_word' id='word_1_484' title='bbox 2536 2432 2684 2473; x_wconf 89' lang='lat' dir='ltr'><strong>sunt.</strong></span> <span class='ocrx_word' id='word_1_485' title='bbox 2719 2420 2983 2485; x_wconf 83' lang='lat' dir='ltr'><strong>Quocirca</strong></span> <span class='ocrx_word' id='word_1_486' title='bbox 3014 2438 3112 2492; x_wconf 91' lang='lat' dir='ltr'><strong>per</strong></span> <span class='ocrx_word' id='word_1_487' title='bbox 3138 2426 3348 2496; x_wconf 88' lang='lat' dir='ltr'><strong>legatos</strong></span> <span class='ocrx_word' id='word_1_488' title='bbox 3377 2429 3446 2484; x_wconf 92' lang='lat' dir='ltr'><strong>ab</strong></span> <span class='ocrx_word' id='word_1_489' title='bbox 3476 2434 3822 2504; x_wconf 86' lang='lat' dir='ltr'><strong>Assyriorum</strong></span> <span class='ocrx_word' id='word_1_490' title='bbox 3853 2454 3987 2508; x_wconf 80' lang='lat' dir='ltr'><strong>rege</strong></span> <span class='ocrx_word' id='word_1_491' title='bbox 4019 2456 4115 2511; x_wconf 88' lang='lat' dir='ltr'><strong>pe-</strong></span> 
     </span>
    </p>
   </div>
   <div class='ocr_carea' id='block_1_83' title="bbox 2539 2509 4113 2585">
    <p class='ocr_par' dir='ltr' id='par_1_83' title="bbox 2539 2509 4113 2585">
     <span class='ocr_line' id='line_1_84' title="bbox 2539 2509 4113 2585; baseline 0.015 -24"><span class='ocrx_word' id='word_1_492' title='bbox 2539 2509 2764 2570; x_wconf 88' lang='lat' dir='ltr'><strong>tierunt.</strong></span> <span class='ocrx_word' id='word_1_493' title='bbox 2801 2521 2896 2565; x_wconf 89' lang='lat' dir='ltr'><strong>aut</strong></span> <span class='ocrx_word' id='word_1_494' title='bbox 2942 2513 3008 2566; x_wconf 90' lang='lat' dir='ltr'><strong>ad</strong></span> <span class='ocrx_word' id='word_1_495' title='bbox 3061 2515 3301 2571; x_wconf 76' lang='lat' dir='ltr'><strong>ferarum</strong></span> <span class='ocrx_word' id='word_1_496' title='bbox 3355 2520 3789 2579; x_wconf 86' lang='lat' dir='ltr'><strong>internecionem</strong></span> <span class='ocrx_word' id='word_1_497' title='bbox 3837 2509 4113 2585; x_wconf 81' lang='lat' dir='ltr'><strong>auxilium</strong></span> 
     </span>
    </p>
   </div>
   <div class='ocr_carea' id='block_1_84' title="bbox 2540 2602 4119 2691">
    <p class='ocr_par' dir='ltr' id='par_1_84' title="bbox 2540 2602 4119 2691">
     <span class='ocr_line' id='line_1_85' title="bbox 2540 2602 4119 2691; baseline 0.014 -36"><span class='ocrx_word' id='word_1_498' title='bbox 2540 2602 2804 2663; x_wconf 87' lang='lat' dir='ltr'><strong>mitteret.</strong></span> <span class='ocrx_word' id='word_1_499' title='bbox 2831 2614 2923 2658; x_wconf 91' lang='lat' dir='ltr'><strong>aut</strong></span> <span class='ocrx_word' id='word_1_500' title='bbox 2953 2608 3165 2661; x_wconf 88' lang='lat' dir='ltr'><strong>colonia</strong></span> <span class='ocrx_word' id='word_1_501' title='bbox 3199 2612 3469 2666; x_wconf 82' lang='lat' dir='ltr'><strong>excedere</strong></span> <span class='ocrx_word' id='word_1_502' title='bbox 3500 2614 3607 2668; x_wconf 87' lang='lat' dir='ltr'><strong>sibi</strong></span> <span class='ocrx_word' id='word_1_503' title='bbox 3638 2632 3763 2670; x_wconf 93' lang='lat' dir='ltr'><strong>cum</strong></span> <span class='ocrx_word' id='word_1_504' title='bbox 3805 2617 3954 2673; x_wconf 89' lang='lat' dir='ltr'><strong>bona</strong></span> <span class='ocrx_word' id='word_1_505' title='bbox 3995 2624 4119 2691; x_wconf 87' lang='lat' dir='ltr'><strong>ejus</strong></span> 
     </span>
    </p>
   </div>
   <div class='ocr_carea' id='block_1_85' title="bbox 2538 2691 4117 2765">
    <p class='ocr_par' dir='ltr' id='par_1_85' title="bbox 2538 2691 4117 2765">
     <span class='ocr_line' id='line_1_86' title="bbox 2538 2691 4117 2765; baseline 0.014 -22"><span class='ocrx_word' id='word_1_506' title='bbox 2538 2691 2698 2745; x_wconf 88' lang='lat' dir='ltr'><strong>venia</strong></span> <span class='ocrx_word' id='word_1_507' title='bbox 2734 2696 3183 2761; x_wconf 87' lang='lat' dir='ltr'><strong>permitteretur;</strong></span> <span class='ocrx_word' id='word_1_508' title='bbox 3217 2698 3582 2757; x_wconf 75' lang='lat' dir='ltr'><strong>admiratione</strong></span> <span class='ocrx_word' id='word_1_509' title='bbox 3633 2705 3854 2759; x_wconf 87' lang='lat' dir='ltr'><strong>interim</strong></span> <span class='ocrx_word' id='word_1_510' title='bbox 3894 2723 4117 2765; x_wconf 87' lang='lat' dir='ltr'><strong>summa</strong></span> 
     </span>
    </p>
   </div>
   <div class='ocr_carea' id='block_1_86' title="bbox 2537 2782 4119 2867">
    <p class='ocr_par' dir='ltr' id='par_1_86' title="bbox 2537 2782 4119 2867">
     <span class='ocr_line' id='line_1_87' title="bbox 2537 2782 4119 2867; baseline 0.015 -31"><span class='ocrx_word' id='word_1_511' title='bbox 2537 2783 2712 2848; x_wconf 88' lang='lat' dir='ltr'><strong>ducti,</strong></span> <span class='ocrx_word' id='word_1_512' title='bbox 2753 2787 2848 2855; x_wconf 89' lang='lat' dir='ltr'><strong>qui</strong></span> <span class='ocrx_word' id='word_1_513' title='bbox 2900 2782 3017 2841; x_wconf 79' lang='lat' dir='ltr'><strong>ﬁeri</strong></span> <span class='ocrx_word' id='word_1_514' title='bbox 3072 2792 3316 2858; x_wconf 89' lang='lat' dir='ltr'><strong>potuerit</strong></span> <span class='ocrx_word' id='word_1_515' title='bbox 3362 2805 3423 2848; x_wconf 91' lang='lat' dir='ltr'><strong>ut</strong></span> <span class='ocrx_word' id='word_1_516' title='bbox 3475 2795 3765 2867; x_wconf 89' lang='lat' dir='ltr'><strong>quisquam</strong></span> <span class='ocrx_word' id='word_1_517' title='bbox 3820 2805 4119 2859; x_wconf 81' lang='lat' dir='ltr'><strong>retroactis</strong></span> 
     </span>
    </p>
   </div>
   <div class='ocr_carea' id='block_1_87' title="bbox 2538 2877 4117 2961">
    <p class='ocr_par' dir='ltr' id='par_1_87' title="bbox 2538 2877 4117 2961">
     <span class='ocr_line' id='line_1_88' title="bbox 2538 2877 4117 2961; baseline 0.015 -32"><span class='ocrx_word' id='word_1_518' title='bbox 2538 2877 2881 2946; x_wconf 90' lang='lat' dir='ltr'><strong>temporibus</strong></span> <span class='ocrx_word' id='word_1_519' title='bbox 2908 2878 3209 2937; x_wconf 84' lang='lat' dir='ltr'><strong>Samariam</strong></span> <span class='ocrx_word' id='word_1_520' title='bbox 3234 2885 3518 2941; x_wconf 89' lang='lat' dir='ltr'><strong>incoleret.</strong></span> <span class='ocrx_word' id='word_1_521' title='bbox 3557 2888 3669 2942; x_wconf 82' lang='lat' dir='ltr'><strong>Rex</strong></span> <span class='ocrx_word' id='word_1_522' title='bbox 3692 2907 3823 2961; x_wconf 84' lang='lat' dir='ltr'><strong>ergo</strong></span> <span class='ocrx_word' id='word_1_523' title='bbox 3855 2894 3924 2947; x_wconf 89' lang='lat' dir='ltr'><strong>iis</strong></span> <span class='ocrx_word' id='word_1_524' title='bbox 3961 2895 4032 2949; x_wconf 91' lang='lat' dir='ltr'><strong>ad</strong></span> <span class='ocrx_word' id='word_1_525' title='bbox 4059 2913 4117 2952; x_wconf 86' lang='lat' dir='ltr'><strong>se</strong></span> 
     </span>
    </p>
   </div>
   <div class='ocr_carea' id='block_1_88' title="bbox 2536 2973 4117 3042">
    <p class='ocr_par' dir='ltr' id='par_1_88' title="bbox 2536 2973 4117 3042">
     <span class='ocr_line' id='line_1_89' title="bbox 2536 2973 4117 3042; baseline 0.009 -16"><span class='ocrx_word' id='word_1_526' title='bbox 2536 2973 2841 3037; x_wconf 90' lang='lat' dir='ltr'><strong>accersitis,</strong></span> <span class='ocrx_word' id='word_1_527' title='bbox 2883 2973 2979 3042; x_wconf 91' lang='lat' dir='ltr'><strong>qui</strong></span> <span class='ocrx_word' id='word_1_528' title='bbox 3027 2975 3173 3028; x_wconf 86' lang='lat' dir='ltr'><strong>inter</strong></span> <span class='ocrx_word' id='word_1_529' title='bbox 3224 2974 3481 3031; x_wconf 64' lang='lat' dir='ltr'><strong>Hebrmns</strong></span> <span class='ocrx_word' id='word_1_530' title='bbox 3523 2980 3794 3035; x_wconf 85' lang='lat' dir='ltr'><strong>excellere</strong></span> <span class='ocrx_word' id='word_1_531' title='bbox 3842 2984 4117 3039; x_wconf 79' lang='lat' dir='ltr'><strong>videban-</strong></span> 
     </span>
    </p>
   </div>
   <div class='ocr_carea' id='block_1_89' title="bbox 2539 3062 4115 3141">
    <p class='ocr_par' dir='ltr' id='par_1_89' title="bbox 2539 3062 4115 3141">
     <span class='ocr_line' id='line_1_90' title="bbox 2539 3062 4115 3141; baseline 0.011 -28"><span class='ocrx_word' id='word_1_532' title='bbox 2539 3069 2652 3121; x_wconf 88' lang='lat' dir='ltr'><strong>tur,</strong></span> <span class='ocrx_word' id='word_1_533' title='bbox 2691 3062 3054 3133; x_wconf 80' lang='lat' dir='ltr'><strong>interrogavit</strong></span> <span class='ocrx_word' id='word_1_534' title='bbox 3091 3066 3223 3134; x_wconf 91' lang='lat' dir='ltr'><strong>quid</strong></span> <span class='ocrx_word' id='word_1_535' title='bbox 3275 3083 3457 3122; x_wconf 63' lang='lat' dir='ltr'><strong>causa:</strong></span> <span class='ocrx_word' id='word_1_536' title='bbox 3498 3080 3666 3135; x_wconf 87' lang='lat' dir='ltr'><strong>esset,</strong></span> <span class='ocrx_word' id='word_1_537' title='bbox 3712 3074 3858 3141; x_wconf 90' lang='lat' dir='ltr'><strong>quod</strong></span> <span class='ocrx_word' id='word_1_538' title='bbox 3918 3075 4115 3130; x_wconf 84' lang='lat' dir='ltr'><strong>Sama-</strong></span> 
     </span>
    </p>
   </div>
   <div class='ocr_carea' id='block_1_90' title="bbox 2461 3138 4116 3236">
    <p class='ocr_par' dir='ltr' id='par_1_90' title="bbox 2461 3138 4116 3236">
     <span class='ocr_line' id='line_1_91' title="bbox 2461 3138 4116 3236; baseline 0.011 -32"><span class='ocrx_word' id='word_1_539' title='bbox 2461 3138 2503 3195; x_wconf 83' lang='lat' dir='ltr'><strong>C</strong></span> <span class='ocrx_word' id='word_1_540' title='bbox 2539 3152 2616 3205; x_wconf 90' lang='lat' dir='ltr'><strong>ria</strong></span> <span class='ocrx_word' id='word_1_541' title='bbox 2652 3162 2729 3207; x_wconf 91' lang='lat' dir='ltr'><strong>tot</strong></span> <span class='ocrx_word' id='word_1_542' title='bbox 2757 3168 2784 3206; x_wconf 92' lang='lat' dir='ltr'><strong>a</strong></span> <span class='ocrx_word' id='word_1_543' title='bbox 2816 3153 2948 3208; x_wconf 81' lang='lat' dir='ltr'><strong>feris</strong></span> <span class='ocrx_word' id='word_1_544' title='bbox 2977 3155 3355 3220; x_wconf 77' lang='lat' dir='ltr'><strong>int‘estaretur,</strong></span> <span class='ocrx_word' id='word_1_545' title='bbox 3381 3168 3545 3228; x_wconf 84' lang='lat' dir='ltr'><strong>atque</strong></span> <span class='ocrx_word' id='word_1_546' title='bbox 3572 3161 3711 3216; x_wconf 85' lang='lat' dir='ltr'><strong>adeo</strong></span> <span class='ocrx_word' id='word_1_547' title='bbox 3730 3138 4116 3236; x_wconf 39' lang='lat' dir='ltr'><strong>—eo|oui.‘quos</strong></span> 
     </span>
    </p>
   </div>
   <div class='ocr_carea' id='block_1_91' title="bbox 2538 3244 4112 3324">
    <p class='ocr_par' dir='ltr' id='par_1_91' title="bbox 2538 3244 4112 3324">
     <span class='ocr_line' id='line_1_92' title="bbox 2538 3244 4112 3324; baseline 0.012 -28"><span class='ocrx_word' id='word_1_548' title='bbox 2538 3244 2632 3297; x_wconf 91' lang='lat' dir='ltr'><strong>illo</strong></span> <span class='ocrx_word' id='word_1_549' title='bbox 2668 3245 2913 3313; x_wconf 88' lang='lat' dir='ltr'><strong>miserat,</strong></span> <span class='ocrx_word' id='word_1_550' title='bbox 2951 3256 3056 3301; x_wconf 91' lang='lat' dir='ltr'><strong>tam</strong></span> <span class='ocrx_word' id='word_1_551' title='bbox 3108 3249 3307 3303; x_wconf 88' lang='lat' dir='ltr'><strong>misere</strong></span> <span class='ocrx_word' id='word_1_552' title='bbox 3362 3252 3626 3319; x_wconf 90' lang='lat' dir='ltr'><strong>perirent.</strong></span> <span class='ocrx_word' id='word_1_553' title='bbox 3678 3255 4112 3324; x_wconf 81' lang='lat' dir='ltr'><strong>Responderunt</strong></span> 
     </span>
    </p>
   </div>
   <div class='ocr_carea' id='block_1_92' title="bbox 2536 3335 4112 3410">
    <p class='ocr_par' dir='ltr' id='par_1_92' title="bbox 2536 3335 4112 3410">
     <span class='ocr_line' id='line_1_93' title="bbox 2536 3335 4112 3410; baseline 0.011 -21"><span class='ocrx_word' id='word_1_554' title='bbox 2536 3335 2749 3390; x_wconf 73' lang='lat' dir='ltr'><strong>Hebraei</strong></span> <span class='ocrx_word' id='word_1_555' title='bbox 2774 3337 2852 3391; x_wconf 81' lang='lat' dir='ltr'><strong>fas</strong></span> <span class='ocrx_word' id='word_1_556' title='bbox 2879 3354 2987 3392; x_wconf 93' lang='lat' dir='ltr'><strong>non</strong></span> <span class='ocrx_word' id='word_1_557' title='bbox 3013 3354 3166 3401; x_wconf 89' lang='lat' dir='ltr'><strong>esse,</strong></span> <span class='ocrx_word' id='word_1_558' title='bbox 3189 3350 3246 3395; x_wconf 92' lang='lat' dir='ltr'><strong>ut</strong></span> <span class='ocrx_word' id='word_1_559' title='bbox 3277 3344 3430 3410; x_wconf 86' lang='lat' dir='ltr'><strong>regio</strong></span> <span class='ocrx_word' id='word_1_560' title='bbox 3464 3344 3552 3396; x_wconf 90' lang='lat' dir='ltr'><strong>illa</strong></span> <span class='ocrx_word' id='word_1_561' title='bbox 3584 3344 3896 3401; x_wconf 87' lang='lat' dir='ltr'><strong>idololatris</strong></span> <span class='ocrx_word' id='word_1_562' title='bbox 3945 3353 4112 3407; x_wconf 85' lang='lat' dir='ltr'><strong>cede-</strong></span> 
     </span>
    </p>
   </div>
   <div class='ocr_carea' id='block_1_93' title="bbox 2535 3430 4101 3510">
    <p class='ocr_par' dir='ltr' id='par_1_93' title="bbox 2535 3430 4101 3510">
     <span class='ocr_line' id='line_1_94' title="bbox 2535 3430 4101 3510; baseline 0.013 -31"><span class='ocrx_word' id='word_1_563' title='bbox 2535 3437 2640 3491; x_wconf 76' lang='lat' dir='ltr'><strong>ret,</strong></span> <span class='ocrx_word' id='word_1_564' title='bbox 2668 3430 2827 3497; x_wconf 90' lang='lat' dir='ltr'><strong>cujus</strong></span> <span class='ocrx_word' id='word_1_565' title='bbox 2857 3430 3047 3485; x_wconf 63' lang='lat' dir='ltr'><strong>incolae</strong></span> <span class='ocrx_word' id='word_1_566' title='bbox 3080 3433 3296 3501; x_wconf 85' lang='lat' dir='ltr'><strong>pristini</strong></span> <span class='ocrx_word' id='word_1_567' title='bbox 3346 3434 3634 3491; x_wconf 80' lang='lat' dir='ltr'><strong>Mosaieam</strong></span> <span class='ocrx_word' id='word_1_568' title='bbox 3686 3440 3864 3510; x_wconf 82' lang='lat' dir='ltr'><strong>legem</strong></span> <span class='ocrx_word' id='word_1_569' title='bbox 3915 3445 4101 3499; x_wconf 84' lang='lat' dir='ltr'><strong>obser-</strong></span> 
     </span>
    </p>
   </div>
   <div class='ocr_carea' id='block_1_94' title="bbox 2546 3518 4103 3596">
    <p class='ocr_par' dir='ltr' id='par_1_94' title="bbox 2546 3518 4103 3596">
     <span class='ocr_line' id='line_1_95' title="bbox 2546 3518 4103 3596; baseline 0.013 -26"><span class='ocrx_word' id='word_1_570' title='bbox 2546 3518 2815 3572; x_wconf 90' lang='lat' dir='ltr'><strong>vaverint.</strong></span> <span class='ocrx_word' id='word_1_571' title='bbox 2866 3520 2977 3573; x_wconf 85' lang='lat' dir='ltr'><strong>illis</strong></span> <span class='ocrx_word' id='word_1_572' title='bbox 3034 3521 3220 3591; x_wconf 86' lang='lat' dir='ltr'><strong>itaque</strong></span> <span class='ocrx_word' id='word_1_573' title='bbox 3262 3539 3358 3578; x_wconf 88' lang='lat' dir='ltr'><strong>rex</strong></span> <span class='ocrx_word' id='word_1_574' title='bbox 3402 3526 3673 3596; x_wconf 85' lang='lat' dir='ltr'><strong>integrum</strong></span> <span class='ocrx_word' id='word_1_575' title='bbox 3726 3531 3879 3593; x_wconf 76' lang='lat' dir='ltr'><strong>fecit.</strong></span> <span class='ocrx_word' id='word_1_576' title='bbox 3912 3544 3973 3587; x_wconf 89' lang='lat' dir='ltr'><strong>ut</strong></span> <span class='ocrx_word' id='word_1_577' title='bbox 4010 3537 4103 3589; x_wconf 87' lang='lat' dir='ltr'><strong>ali-</strong></span> 
     </span>
    </p>
   </div>
   <div class='ocr_carea' id='block_1_95' title="bbox 2536 3609 4102 3693">
    <p class='ocr_par' dir='ltr' id='par_1_95' title="bbox 2536 3609 4102 3693">
     <span class='ocr_line' id='line_1_96' title="bbox 2536 3609 4102 3693; baseline 0.011 -32"><span class='ocrx_word' id='word_1_578' title='bbox 2536 3623 2699 3676; x_wconf 91' lang='lat' dir='ltr'><strong>quem</strong></span> <span class='ocrx_word' id='word_1_579' title='bbox 2729 3609 2782 3662; x_wconf 91' lang='lat' dir='ltr'><strong>in</strong></span> <span class='ocrx_word' id='word_1_580' title='bbox 2816 3610 3115 3664; x_wconf 88' lang='lat' dir='ltr'><strong>Samariam</strong></span> <span class='ocrx_word' id='word_1_581' title='bbox 3147 3613 3459 3680; x_wconf 86' lang='lat' dir='ltr'><strong>mitterent,</strong></span> <span class='ocrx_word' id='word_1_582' title='bbox 3488 3618 3579 3686; x_wconf 93' lang='lat' dir='ltr'><strong>qui</strong></span> <span class='ocrx_word' id='word_1_583' title='bbox 3605 3618 3767 3674; x_wconf 73' lang='lat' dir='ltr'><strong>Mos-is</strong></span> <span class='ocrx_word' id='word_1_584' title='bbox 3804 3622 3878 3675; x_wconf 92' lang='lat' dir='ltr'><strong>ibi</strong></span> <span class='ocrx_word' id='word_1_585' title='bbox 3928 3625 4102 3693; x_wconf 81' lang='lat' dir='ltr'><strong>legent</strong></span> 
     </span>
    </p>
   </div>
   <div class='ocr_carea' id='block_1_96' title="bbox 2536 3704 4106 3780">
    <p class='ocr_par' dir='ltr' id='par_1_96' title="bbox 2536 3704 4106 3780">
     <span class='ocr_line' id='line_1_97' title="bbox 2536 3704 4106 3780; baseline 0.011 -23"><span class='ocrx_word' id='word_1_586' title='bbox 2536 3704 2911 3773; x_wconf 79' lang='lat' dir='ltr'><strong>proﬁteretur.</strong></span> <span class='ocrx_word' id='word_1_587' title='bbox 2955 3707 3089 3761; x_wconf 90' lang='lat' dir='ltr'><strong>Illuc</strong></span> <span class='ocrx_word' id='word_1_588' title='bbox 3124 3724 3254 3779; x_wconf 89' lang='lat' dir='ltr'><strong>ergo</strong></span> <span class='ocrx_word' id='word_1_589' title='bbox 3306 3712 3528 3779; x_wconf 90' lang='lat' dir='ltr'><strong>quidam</strong></span> <span class='ocrx_word' id='word_1_590' title='bbox 3565 3717 3848 3780; x_wconf 86' lang='lat' dir='ltr'><strong>sacerdos,</strong></span> <span class='ocrx_word' id='word_1_591' title='bbox 3898 3720 4106 3775; x_wconf 77' lang='lat' dir='ltr'><strong>Esdras</strong></span> 
     </span>
    </p>
   </div>
   <div class='ocr_carea' id='block_1_97' title="bbox 2538 3794 4108 3873">
    <p class='ocr_par' dir='ltr' id='par_1_97' title="bbox 2538 3794 4108 3873">
     <span class='ocr_line' id='line_1_98' title="bbox 2538 3794 4108 3873; baseline 0.011 -26"><span class='ocrx_word' id='word_1_592' title='bbox 2538 3794 2782 3859; x_wconf 88' lang='lat' dir='ltr'><strong>nomine,</strong></span> <span class='ocrx_word' id='word_1_593' title='bbox 2817 3810 3004 3848; x_wconf 91' lang='lat' dir='ltr'><strong>secum</strong></span> <span class='ocrx_word' id='word_1_594' title='bbox 3048 3797 3184 3866; x_wconf 89' lang='lat' dir='ltr'><strong>legis</strong></span> <span class='ocrx_word' id='word_1_595' title='bbox 3230 3801 3509 3869; x_wconf 86' lang='lat' dir='ltr'><strong>exemplar</strong></span> <span class='ocrx_word' id='word_1_596' title='bbox 3560 3805 3899 3873; x_wconf 81' lang='lat' dir='ltr'><strong>exscriptum</strong></span> <span class='ocrx_word' id='word_1_597' title='bbox 3949 3808 4108 3864; x_wconf 85' lang='lat' dir='ltr'><strong>dele-</strong></span> 
     </span>
    </p>
   </div>
   <div class='ocr_carea' id='block_1_98' title="bbox 2538 3886 4109 3965">
    <p class='ocr_par' dir='ltr' id='par_1_98' title="bbox 2538 3886 4109 3965">
     <span class='ocr_line' id='line_1_99' title="bbox 2538 3886 4109 3965; baseline 0.011 -27"><span class='ocrx_word' id='word_1_598' title='bbox 2538 3900 2686 3950; x_wconf 83' lang='lat' dir='ltr'><strong>rens,</strong></span> <span class='ocrx_word' id='word_1_599' title='bbox 2716 3886 2939 3942; x_wconf 85' lang='lat' dir='ltr'><strong>circiter</strong></span> <span class='ocrx_word' id='word_1_600' title='bbox 2968 3902 3175 3942; x_wconf 88' lang='lat' dir='ltr'><strong>annum</strong></span> <span class='ocrx_word' id='word_1_601' title='bbox 3210 3905 3241 3946; x_wconf 89' lang='lat' dir='ltr'><strong>a</strong></span> <span class='ocrx_word' id='word_1_602' title='bbox 3274 3891 3592 3961; x_wconf 85' lang='lat' dir='ltr'><strong>captivitate</strong></span> <span class='ocrx_word' id='word_1_603' title='bbox 3638 3895 4016 3965; x_wconf 85' lang='lat' dir='ltr'><strong>tricesimum,</strong></span> <span class='ocrx_word' id='word_1_604' title='bbox 4052 3917 4109 3956; x_wconf 84' lang='lat' dir='ltr'><strong>se</strong></span> 
     </span>
    </p>
   </div>
   <div class='ocr_carea' id='block_1_99' title="bbox 2538 3979 2791 4032">
    <p class='ocr_par' dir='ltr' id='par_1_99' title="bbox 2538 3979 2791 4032">
     <span class='ocr_line' id='line_1_100' title="bbox 2538 3979 2791 4032; baseline 0.008 -2"><span class='ocrx_word' id='word_1_605' title='bbox 2538 3979 2791 4032; x_wconf 90' lang='lat' dir='ltr'><strong>contulit.</strong></span> 
     </span>
    </p>
   </div>
   <div class='ocr_carea' id='block_1_100' title="bbox 3098 4096 3539 4157">
    <p class='ocr_par' dir='ltr' id='par_1_100' title="bbox 3098 4096 3539 4157">
     <span class='ocr_line' id='line_1_101' title="bbox 3098 4096 3539 4157; baseline 0.014 -7"><span class='ocrx_word' id='word_1_606' title='bbox 3098 4096 3248 4152; x_wconf 81' lang='lat' dir='ltr'><strong>CAP.</strong></span> <span class='ocrx_word' id='word_1_607' title='bbox 3299 4098 3539 4157; x_wconf 85' lang='lat' dir='ltr'><strong>XXXIV.</strong></span> 
     </span>
    </p>
   </div>
   <div class='ocr_carea' id='block_1_101' title="bbox 2966 4187 3689 4247">
    <p class='ocr_par' dir='ltr' id='par_1_101' title="bbox 2966 4187 3689 4247">
     <span class='ocr_line' id='line_1_102' title="bbox 2966 4187 3689 4247; baseline 0.006 -5"><span class='ocrx_word' id='word_1_608' title='bbox 2966 4187 3431 4243; x_wconf 86' lang='lat' dir='ltr'><strong>Samaritanorum</strong></span> <span class='ocrx_word' id='word_1_609' title='bbox 3462 4193 3689 4247; x_wconf 81' lang='lat' dir='ltr'><strong>lurresis.</strong></span> 
     </span>
    </p>
   </div>
   <div class='ocr_carea' id='block_1_102' title="bbox 2611 4299 4105 4374">
    <p class='ocr_par' dir='ltr' id='par_1_102' title="bbox 2611 4299 4105 4374">
     <span class='ocr_line' id='line_1_103' title="bbox 2611 4299 4105 4374; baseline 0.009 -20"><span class='ocrx_word' id='word_1_610' title='bbox 2611 4299 2783 4355; x_wconf 87' lang='lat' dir='ltr'><strong>Porro</strong></span> <span class='ocrx_word' id='word_1_611' title='bbox 2814 4301 3161 4363; x_wconf 88' lang='lat' dir='ltr'><strong>Samaritani,</strong></span> <span class='ocrx_word' id='word_1_612' title='bbox 3219 4303 3264 4357; x_wconf 88' lang='lat' dir='ltr'><strong>si</strong></span> <span class='ocrx_word' id='word_1_613' title='bbox 3313 4305 3439 4372; x_wconf 87' lang='lat' dir='ltr'><strong>quis</strong></span> <span class='ocrx_word' id='word_1_614' title='bbox 3488 4308 3905 4374; x_wconf 83' lang='lat' dir='ltr'><strong>interpretetur,</strong></span> <span class='ocrx_word' id='word_1_615' title='bbox 3960 4313 4105 4367; x_wconf 86' lang='lat' dir='ltr'><strong>idem</strong></span> 
     </span>
    </p>
   </div>
   <div class='ocr_carea' id='block_1_103' title="bbox 2542 4390 4109 4467">
    <p class='ocr_par' dir='ltr' id='par_1_103' title="bbox 2542 4390 4109 4467">
     <span class='ocr_line' id='line_1_104' title="bbox 2542 4390 4109 4467; baseline 0.01 -25"><span class='ocrx_word' id='word_1_616' title='bbox 2542 4390 2687 4459; x_wconf 92' lang='lat' dir='ltr'><strong>quod</strong></span> <span class='ocrx_word' id='word_1_617' title='bbox 2723 4392 2978 4446; x_wconf 89' lang='lat' dir='ltr'><strong>custodes</strong></span> <span class='ocrx_word' id='word_1_618' title='bbox 3010 4392 3337 4460; x_wconf 83' lang='lat' dir='ltr'><strong>signiﬁcant.</strong></span> <span class='ocrx_word' id='word_1_619' title='bbox 3360 4394 3535 4463; x_wconf 89' lang='lat' dir='ltr'><strong>Hique</strong></span> <span class='ocrx_word' id='word_1_620' title='bbox 3567 4398 3704 4451; x_wconf 91' lang='lat' dir='ltr'><strong>adeo</strong></span> <span class='ocrx_word' id='word_1_621' title='bbox 3734 4400 3895 4467; x_wconf 86' lang='lat' dir='ltr'><strong>primi</strong></span> <span class='ocrx_word' id='word_1_622' title='bbox 3928 4408 4109 4459; x_wconf 89' lang='lat' dir='ltr'><strong>exorti</strong></span> 
     </span>
    </p>
   </div>
   <div class='ocr_carea' id='block_1_104' title="bbox 2544 4481 4107 4559">
    <p class='ocr_par' dir='ltr' id='par_1_104' title="bbox 2544 4481 4107 4559">
     <span class='ocr_line' id='line_1_105' title="bbox 2544 4481 4107 4559; baseline 0.007 -23"><span class='ocrx_word' id='word_1_623' title='bbox 2544 4490 2694 4545; x_wconf 88' lang='lat' dir='ltr'><strong>sunt,</strong></span> <span class='ocrx_word' id='word_1_624' title='bbox 2718 4482 2812 4549; x_wconf 91' lang='lat' dir='ltr'><strong>qui</strong></span> <span class='ocrx_word' id='word_1_625' title='bbox 2838 4481 3041 4536; x_wconf 73' lang='lat' dir='ltr'><strong>Iudaeis</strong></span> <span class='ocrx_word' id='word_1_626' title='bbox 3076 4487 3430 4539; x_wconf 85' lang='lat' dir='ltr'><strong>consentanei</strong></span> <span class='ocrx_word' id='word_1_627' title='bbox 3462 4496 3641 4540; x_wconf 86' lang='lat' dir='ltr'><strong>essent</strong></span> <span class='ocrx_word' id='word_1_628' title='bbox 3668 4489 3719 4540; x_wconf 93' lang='lat' dir='ltr'><strong>in</strong></span> <span class='ocrx_word' id='word_1_629' title='bbox 3755 4489 3844 4549; x_wconf 88' lang='lat' dir='ltr'><strong>iis,</strong></span> <span class='ocrx_word' id='word_1_630' title='bbox 3872 4507 3997 4559; x_wconf 71' lang='lat' dir='ltr'><strong>qua:</strong></span> <span class='ocrx_word' id='word_1_631' title='bbox 4046 4497 4107 4547; x_wconf 76' lang='lat' dir='ltr'><strong>rte</strong></span> 
     </span>
    </p>
   </div>
   <div class='ocr_carea' id='block_1_105' title="bbox 2541 4570 4104 4639">
    <p class='ocr_par' dir='ltr' id='par_1_105' title="bbox 2541 4570 4104 4639">
     <span class='ocr_line' id='line_1_106' title="bbox 2541 4570 4104 4639; baseline 0.009 -16"><span class='ocrx_word' id='word_1_632' title='bbox 2541 4571 2651 4624; x_wconf 87' lang='lat' dir='ltr'><strong>Deo</strong></span> <span class='ocrx_word' id='word_1_633' title='bbox 2680 4570 2822 4639; x_wconf 89' lang='lat' dir='ltr'><strong>apud</strong></span> <span class='ocrx_word' id='word_1_634' title='bbox 2856 4570 2978 4625; x_wconf 91' lang='lat' dir='ltr'><strong>illos</strong></span> <span class='ocrx_word' id='word_1_635' title='bbox 3004 4573 3488 4629; x_wconf 81' lang='lat' dir='ltr'><strong>circumferuntur.</strong></span> <span class='ocrx_word' id='word_1_636' title='bbox 3534 4576 3719 4631; x_wconf 89' lang='lat' dir='ltr'><strong>Solum</strong></span> <span class='ocrx_word' id='word_1_637' title='bbox 3750 4590 3935 4634; x_wconf 88' lang='lat' dir='ltr'><strong>autem</strong></span> <span class='ocrx_word' id='word_1_638' title='bbox 3970 4582 4104 4637; x_wconf 81' lang='lat' dir='ltr'><strong>Pen-</strong></span> 
     </span>
    </p>
   </div>
   <div class='ocr_carea' id='block_1_106' title="bbox 2540 4664 4098 4727">
    <p class='ocr_par' dir='ltr' id='par_1_106' title="bbox 2540 4664 4098 4727">
     <span class='ocr_line' id='line_1_107' title="bbox 2540 4664 4098 4727; baseline 0.008 -12"><span class='ocrx_word' id='word_1_639' title='bbox 2540 4664 2858 4716; x_wconf 87' lang='lat' dir='ltr'><strong>tatcucbum</strong></span> <span class='ocrx_word' id='word_1_640' title='bbox 2893 4664 3212 4719; x_wconf 88' lang='lat' dir='ltr'><strong>admittunt.</strong></span> <span class='ocrx_word' id='word_1_641' title='bbox 3259 4667 3597 4722; x_wconf 85' lang='lat' dir='ltr'><strong>Mortuorum</strong></span> <span class='ocrx_word' id='word_1_642' title='bbox 3640 4674 4098 4727; x_wconf 83' lang='lat' dir='ltr'><strong>resurrectionem</strong></span> 
     </span>
    </p>
   </div>
   <div class='ocr_carea' id='block_1_107' title="bbox 2541 4756 4101 4825">
    <p class='ocr_par' dir='ltr' id='par_1_107' title="bbox 2541 4756 4101 4825">
     <span class='ocr_line' id='line_1_108' title="bbox 2541 4756 4101 4825; baseline 0.008 -18"><span class='ocrx_word' id='word_1_643' title='bbox 2541 4756 2873 4823; x_wconf 77' lang='lat' dir='ltr'><strong>improbant.</strong></span> <span class='ocrx_word' id='word_1_644' title='bbox 2904 4756 3170 4825; x_wconf 90' lang='lat' dir='ltr'><strong>Spiritum</strong></span> <span class='ocrx_word' id='word_1_645' title='bbox 3220 4768 3467 4812; x_wconf 85' lang='lat' dir='ltr'><strong>sanctum</strong></span> <span class='ocrx_word' id='word_1_646' title='bbox 3516 4761 3727 4813; x_wconf 89' lang='lat' dir='ltr'><strong>nullum</strong></span> <span class='ocrx_word' id='word_1_647' title='bbox 3777 4764 4101 4819; x_wconf 86' lang='lat' dir='ltr'><strong>admittunt.</strong></span> 
     </span>
    </p>
   </div>
   <div class='ocr_carea' id='block_1_108' title="bbox 2539 4845 4102 4915">
    <p class='ocr_par' dir='ltr' id='par_1_108' title="bbox 2539 4845 4102 4915">
     <span class='ocr_line' id='line_1_109' title="bbox 2539 4845 4102 4915; baseline 0.006 -16"><span class='ocrx_word' id='word_1_648' title='bbox 2539 4845 2607 4899; x_wconf 88' lang='lat' dir='ltr'><strong>Et</strong></span> <span class='ocrx_word' id='word_1_649' title='bbox 2632 4846 2881 4915; x_wconf 88' lang='lat' dir='ltr'><strong>quamvis</strong></span> <span class='ocrx_word' id='word_1_650' title='bbox 2916 4846 3214 4902; x_wconf 61' lang='lat' dir='ltr'><strong>idololatria</strong></span> <span class='ocrx_word' id='word_1_651' title='bbox 3258 4864 3315 4902; x_wconf 92' lang='lat' dir='ltr'><strong>re</strong></span> <span class='ocrx_word' id='word_1_652' title='bbox 3342 4864 3469 4903; x_wconf 80' lang='lat' dir='ltr'><strong>vera</strong></span> <span class='ocrx_word' id='word_1_653' title='bbox 3492 4849 3621 4912; x_wconf 90' lang='lat' dir='ltr'><strong>sint,</strong></span> <span class='ocrx_word' id='word_1_654' title='bbox 3667 4866 3881 4906; x_wconf 87' lang='lat' dir='ltr'><strong>summa</strong></span> <span class='ocrx_word' id='word_1_655' title='bbox 3924 4866 4102 4909; x_wconf 85' lang='lat' dir='ltr'><strong>tamen</strong></span> 
     </span>
    </p>
   </div>
   <div class='ocr_carea' id='block_1_109' title="bbox 2539 4938 4103 5015">
    <p class='ocr_par' dir='ltr' id='par_1_109' title="bbox 2539 4938 4103 5015">
     <span class='ocr_line' id='line_1_110' title="bbox 2539 4938 4103 5015; baseline 0.005 -23"><span class='ocrx_word' id='word_1_656' title='bbox 2539 4938 2669 5002; x_wconf 91' lang='lat' dir='ltr'><strong>illis,</strong></span> <span class='ocrx_word' id='word_1_657' title='bbox 2716 4954 2785 4992; x_wconf 84' lang='lat' dir='ltr'><strong>ne</strong></span> <span class='ocrx_word' id='word_1_658' title='bbox 2829 4941 2962 4995; x_wconf 89' lang='lat' dir='ltr'><strong>tales</strong></span> <span class='ocrx_word' id='word_1_659' title='bbox 2990 4940 3300 5002; x_wconf 87' lang='lat' dir='ltr'><strong>videantur,</strong></span> <span class='ocrx_word' id='word_1_660' title='bbox 3345 4942 3526 4995; x_wconf 77' lang='lat' dir='ltr'><strong>cautio</strong></span> <span class='ocrx_word' id='word_1_661' title='bbox 3573 4952 3681 4996; x_wconf 90' lang='lat' dir='ltr'><strong>est.</strong></span> <span class='ocrx_word' id='word_1_662' title='bbox 3717 4942 4103 5015; x_wconf 73' lang='lat' dir='ltr'><strong>Hierosolymis</strong></span> 
     </span>
    </p>
   </div>
   <div class='ocr_carea' id='block_1_110' title="bbox 2538 5031 4099 5105">
    <p class='ocr_par' dir='ltr' id='par_1_110' title="bbox 2538 5031 4099 5105">
     <span class='ocr_line' id='line_1_111' title="bbox 2538 5031 4099 5105; baseline 0.004 -21"><span class='ocrx_word' id='word_1_663' title='bbox 2538 5032 2685 5084; x_wconf 90' lang='lat' dir='ltr'><strong>enim</strong></span> <span class='ocrx_word' id='word_1_664' title='bbox 2717 5046 2823 5084; x_wconf 83' lang='lat' dir='ltr'><strong>una</strong></span> <span class='ocrx_word' id='word_1_665' title='bbox 2857 5046 2979 5085; x_wconf 90' lang='lat' dir='ltr'><strong>cum</strong></span> <span class='ocrx_word' id='word_1_666' title='bbox 3008 5032 3218 5086; x_wconf 60' lang='lat' dir='ltr'><strong>ceteris</strong></span> <span class='ocrx_word' id='word_1_667' title='bbox 3261 5031 3499 5086; x_wconf 70' lang='lat' dir='ltr'><strong>Ilebrazis</strong></span> <span class='ocrx_word' id='word_1_668' title='bbox 3529 5033 3756 5086; x_wconf 89' lang='lat' dir='ltr'><strong>adorare</strong></span> <span class='ocrx_word' id='word_1_669' title='bbox 3800 5034 4099 5105; x_wconf 81' lang='lat' dir='ltr'><strong>dedignati,</strong></span> 
     </span>
    </p>
   </div>
   <div class='ocr_carea' id='block_1_111' title="bbox 2540 5119 4100 5182">
    <p class='ocr_par' dir='ltr' id='par_1_111' title="bbox 2540 5119 4100 5182">
     <span class='ocr_line' id='line_1_112' title="bbox 2540 5119 4100 5182; baseline 0.004 -9"><span class='ocrx_word' id='word_1_670' title='bbox 2540 5120 2595 5173; x_wconf 92' lang='lat' dir='ltr'><strong>in</strong></span> <span class='ocrx_word' id='word_1_671' title='bbox 2628 5129 2813 5174; x_wconf 90' lang='lat' dir='ltr'><strong>monte</strong></span> <span class='ocrx_word' id='word_1_672' title='bbox 2842 5119 3058 5174; x_wconf 86' lang='lat' dir='ltr'><strong>Garizin</strong></span> <span class='ocrx_word' id='word_1_673' title='bbox 3094 5132 3149 5174; x_wconf 88' lang='lat' dir='ltr'><strong>et</strong></span> <span class='ocrx_word' id='word_1_674' title='bbox 3182 5137 3335 5175; x_wconf 85' lang='lat' dir='ltr'><strong>sacra</strong></span> <span class='ocrx_word' id='word_1_675' title='bbox 3370 5121 3598 5182; x_wconf 79' lang='lat' dir='ltr'><strong>faciunt,</strong></span> <span class='ocrx_word' id='word_1_676' title='bbox 3630 5132 3687 5175; x_wconf 89' lang='lat' dir='ltr'><strong>et</strong></span> <span class='ocrx_word' id='word_1_677' title='bbox 3718 5134 3901 5177; x_wconf 88' lang='lat' dir='ltr'><strong>orant.</strong></span> <span class='ocrx_word' id='word_1_678' title='bbox 3938 5126 4017 5179; x_wconf 82' lang='lat' dir='ltr'><strong>Eo</strong></span> <span class='ocrx_word' id='word_1_679' title='bbox 4050 5128 4100 5180; x_wconf 85' lang='lat' dir='ltr'><strong>in</strong></span> 
     </span>
    </p>
   </div>
   <div class='ocr_carea' id='block_1_112' title="bbox 2538 5211 4099 5280">
    <p class='ocr_par' dir='ltr' id='par_1_112' title="bbox 2538 5211 4099 5280">
     <span class='ocr_line' id='line_1_113' title="bbox 2538 5211 4099 5280; baseline 0.004 -16"><span class='ocrx_word' id='word_1_680' title='bbox 2538 5211 2660 5265; x_wconf 92' lang='lat' dir='ltr'><strong>loco</strong></span> <span class='ocrx_word' id='word_1_681' title='bbox 2694 5220 2932 5279; x_wconf 86' lang='lat' dir='ltr'><strong>quatuor</strong></span> <span class='ocrx_word' id='word_1_682' title='bbox 2965 5213 3267 5274; x_wconf 88' lang='lat' dir='ltr'><strong>nationum,</strong></span> <span class='ocrx_word' id='word_1_683' title='bbox 3314 5226 3435 5279; x_wconf 72' lang='lat' dir='ltr'><strong>qua:</strong></span> <span class='ocrx_word' id='word_1_684' title='bbox 3485 5212 3567 5278; x_wconf 81' lang='lat' dir='ltr'><strong>(ut</strong></span> <span class='ocrx_word' id='word_1_685' title='bbox 3606 5214 3715 5280; x_wconf 87' lang='lat' dir='ltr'><strong>jam</strong></span> <span class='ocrx_word' id='word_1_686' title='bbox 3768 5216 4099 5277; x_wconf 79' lang='lat' dir='ltr'><strong>monuimus)</strong></span> 
     </span>
    </p>
   </div>
   <div class='ocr_carea' id='block_1_113' title="bbox 2541 5303 4101 5375">
    <p class='ocr_par' dir='ltr' id='par_1_113' title="bbox 2541 5303 4101 5375">
     <span class='ocr_line' id='line_1_114' title="bbox 2541 5303 4101 5375; baseline 0.002 -19"><span class='ocrx_word' id='word_1_687' title='bbox 2541 5303 2634 5357; x_wconf 92' lang='lat' dir='ltr'><strong>illo</strong></span> <span class='ocrx_word' id='word_1_688' title='bbox 2674 5306 2941 5358; x_wconf 83' lang='lat' dir='ltr'><strong>coloniam</strong></span> <span class='ocrx_word' id='word_1_689' title='bbox 2983 5321 3049 5359; x_wconf 83' lang='lat' dir='ltr'><strong>ex</strong></span> <span class='ocrx_word' id='word_1_690' title='bbox 3094 5306 3311 5375; x_wconf 78' lang='lat' dir='ltr'><strong>Assyria</strong></span> <span class='ocrx_word' id='word_1_691' title='bbox 3362 5303 3725 5364; x_wconf 79' lang='lat' dir='ltr'><strong>deduxerant.</strong></span> <span class='ocrx_word' id='word_1_692' title='bbox 3777 5305 3921 5359; x_wconf 81' lang='lat' dir='ltr'><strong>idola</strong></span> <span class='ocrx_word' id='word_1_693' title='bbox 3972 5309 4101 5363; x_wconf 63' lang='lat' dir='ltr'><strong>deli-</strong></span> 
     </span>
    </p>
   </div>
   <div class='ocr_carea' id='block_1_114' title="bbox 2542 5396 2995 5451">
    <p class='ocr_par' dir='ltr' id='par_1_114' title="bbox 2542 5396 2995 5451">
     <span class='ocr_line' id='line_1_115' title="bbox 2542 5396 2995 5451; baseline 0.007 -2"><span class='ocrx_word' id='word_1_694' title='bbox 2542 5406 2752 5450; x_wconf 89' lang='lat' dir='ltr'><strong>tescere</strong></span> <span class='ocrx_word' id='word_1_695' title='bbox 2791 5396 2995 5451; x_wconf 84' lang='lat' dir='ltr'><strong>ferunt.</strong></span> 
     </span>
    </p>
   </div>
   <div class='ocr_carea' id='block_1_115' title="bbox 3137 5488 3529 5543">
    <p class='ocr_par' dir='ltr' id='par_1_115' title="bbox 3137 5488 3529 5543">
     <span class='ocr_line' id='line_1_116' title="bbox 3137 5488 3529 5543; baseline -0.008 0"><span class='ocrx_word' id='word_1_696' title='bbox 3137 5488 3286 5543; x_wconf 86' lang='lat' dir='ltr'><strong>CAP.</strong></span> <span class='ocrx_word' id='word_1_697' title='bbox 3315 5488 3529 5542; x_wconf 77' lang='lat' dir='ltr'><strong>XXXV.</strong></span> 
     </span>
    </p>
   </div>
   <div class='ocr_carea' id='block_1_116' title="bbox 2544 5579 4094 5651">
    <p class='ocr_par' dir='ltr' id='par_1_116' title="bbox 2544 5579 4094 5651">
     <span class='ocr_line' id='line_1_117' title="bbox 2544 5579 4094 5651; baseline 0.001 -17"><span class='ocrx_word' id='word_1_698' title='bbox 2544 5579 2604 5634; x_wconf 86' lang='lat' dir='ltr'><strong>In</strong></span> <span class='ocrx_word' id='word_1_699' title='bbox 2629 5582 2814 5649; x_wconf 82' lang='lat' dir='ltr'><strong>quibus</strong></span> <span class='ocrx_word' id='word_1_700' title='bbox 2840 5590 3069 5651; x_wconf 83' lang='lat' dir='ltr'><strong>quatuor</strong></span> <span class='ocrx_word' id='word_1_701' title='bbox 3100 5580 3561 5633; x_wconf 85' lang='lat' dir='ltr'><strong>Samaritanorum</strong></span> <span class='ocrx_word' id='word_1_702' title='bbox 3580 5589 3732 5632; x_wconf 70' lang='lat' dir='ltr'><strong>secta:</strong></span> <span class='ocrx_word' id='word_1_703' title='bbox 3762 5586 4094 5645; x_wconf 81' lang='lat' dir='ltr'><strong>conrcniant,</strong></span> 
     </span>
    </p>
   </div>
   <div class='ocr_carea' id='block_1_117' title="bbox 3115 5651 3537 5719">
    <p class='ocr_par' dir='ltr' id='par_1_117' title="bbox 3115 5651 3537 5719">
     <span class='ocr_line' id='line_1_118' title="bbox 3115 5651 3537 5719; baseline -0.009 -13"><span class='ocrx_word' id='word_1_704' title='bbox 3115 5652 3168 5706; x_wconf 82' lang='lat' dir='ltr'><strong>iu</strong></span> <span class='ocrx_word' id='word_1_705' title='bbox 3200 5651 3383 5719; x_wconf 81' lang='lat' dir='ltr'><strong>quibus</strong></span> <span class='ocrx_word' id='word_1_706' title='bbox 3416 5666 3537 5703; x_wconf 84' lang='lat' dir='ltr'><strong>non.</strong></span> 
     </span>
    </p>
   </div>
   <div class='ocr_carea' id='block_1_118' title="bbox 2614 5764 4104 5830">
    <p class='ocr_par' dir='ltr' id='par_1_118' title="bbox 2614 5764 4104 5830">
     <span class='ocr_line' id='line_1_119' title="bbox 2614 5764 4104 5830; baseline -0.001 -9"><span class='ocrx_word' id='word_1_707' title='bbox 2614 5767 2691 5821; x_wconf 79' lang='lat' dir='ltr'><strong>Ex</strong></span> <span class='ocrx_word' id='word_1_708' title='bbox 2728 5767 2811 5822; x_wconf 84' lang='lat' dir='ltr'><strong>his</strong></span> <span class='ocrx_word' id='word_1_709' title='bbox 2843 5776 3023 5822; x_wconf 81' lang='lat' dir='ltr'><strong>autem</strong></span> <span class='ocrx_word' id='word_1_710' title='bbox 3055 5764 3265 5826; x_wconf 79' lang='lat' dir='ltr'><strong>Esscni,</strong></span> <span class='ocrx_word' id='word_1_711' title='bbox 3300 5764 3533 5829; x_wconf 70' lang='lat' dir='ltr'><strong>Sebuaci,</strong></span> <span class='ocrx_word' id='word_1_712' title='bbox 3561 5764 3879 5830; x_wconf 77' lang='lat' dir='ltr'><strong>Soretheni,</strong></span> <span class='ocrx_word' id='word_1_713' title='bbox 3916 5774 3968 5822; x_wconf 83' lang='lat' dir='ltr'><strong>et</strong></span> <span class='ocrx_word' id='word_1_714' title='bbox 4002 5765 4104 5821; x_wconf 85' lang='lat' dir='ltr'><strong>Do-</strong></span> 
     </span>
    </p>
   </div>
  </div>
