4302 6370
250 424 381 494 1121

1508 423 1903 484 THESAURI
1945 383 2101 487 LIB.
2138 427 2186 489 Ι.

3344 434 3482 499 1122

244 540 410 595 sithei
460 540 514 592 in
553 538 878 609 quibusdam
910 532 1179 610 dogmatis
1206 539 1585 601 consentanei,
1614 540 1665 592 in
1691 555 1813 608 qui-
1849 552 1888 602 Α
1921 547 2165 592 mentum
2213 540 2329 608 ipso
2357 540 2595 609 pcrjurio‘
2625 541 2869 598 deterius
2912 543 3315 609 existimabant,
3351 548 3481 602 Om-

246 631 475 683 busdam
539 638 727 683 contra
783 630 1117 684 dissentanei
1174 638 1564 698 provenerunt.
1621 630 1811 683 Esseni

244 722 392 774 enim
427 723 671 790 Augusto
707 736 895 775 mense
929 720 1127 798 Acynia
1156 721 1233 789 (in
1266 736 1375 789 quo
1408 736 1531 774 cum
1568 721 1813 774 Sabumis

244 812 624 881 conveniunt),
658 811 1029 881 Scenopegian
1055 826 1208 875 vero,
1231 826 1354 866 cum
1400 812 1596 880 Azyma
1617 811 1812 873 Judaei,

247 901 608 955 Pentecosten
639 903 880 971 denique
910 902 966 954 in
994 911 1262 956 autumno
1291 902 1588 955 celebrant.
1617 904 1687 956 At
1714 904 1813 956 Se-

248 991 387 1045 bucei
413 996 603 1047 eodem
630 994 734 1047 ritu
777 1009 887 1062 quo
915 993 1105 1047 Esseni
1141 1001 1196 1047 et
1227 993 1520 1048 Sorotheni
1566 994 1684 1047 dies
1730 996 1812 1049 fe-

248 1096 365 1139 stos
395 1086 599 1150 colunt,
637 1101 667 1138 a
717 1085 992 1139 Dositheis
1043 1093 1226 1139 autem
1260 1086 1613 1140 dissentiunt.
1645 1088 1814 1141 Soro-

249 1179 400 1231 theni
436 1187 493 1231 ut
530 1178 583 1231 in
610 1179 823 1233 caeteris
861 1193 983 1231 cum
1016 1178 1238 1233 Essenis
1262 1188 1315 1233 et
1340 1178 1585 1232 Scbnaais
1614 1196 1816 1233 conve-

248 1272 421 1332 niant,
454 1270 708 1323 eumdem
765 1277 915 1323 certe
960 1269 1125 1322 ritum
1171 1271 1224 1323 in
1264 1270 1418 1323 festis
1470 1271 1816 1324 celebrandis
1858 1269 1867 1277 ’

248 1376 410 1428 quem
464 1360 709 1414 Dosithei
762 1359 1077 1412 observant.
1142 1360 1427 1413 Festorum
1480 1360 1624 1414 enim
1674 1362 1816 1414 erle—

250 1450 585 1504 brandorum
619 1451 726 1504 illis
757 1450 1188 1518 Sorothenisque
1220 1461 1275 1503 et
1309 1451 1582 1507 Dositlieis
1619 1453 1812 1506 eadem

251 1558 371 1610 quae
398 1542 610 1595 caeteris
641 1541 846 1595 Iudaeis
891 1543 1032 1594 ratio
1087 1549 1191 1596 est.
1236 1540 1480 1596 Dosithei
1532 1552 1704 1606 certe,
1760 1554 1817 1597 ut

252 1630 1026 1694 resurrectionemfateantur,
1046 1639 1101 1683 et
1128 1628 1466 1683 infestorum
1494 1631 1815 1686 celebritate

254 1722 577 1777 Sorothenis
606 1722 963 1776 consentanei
994 1724 1122 1783 sint,
1160 1722 1416 1791 privatim
1466 1733 1619 1778 certe
1672 1725 1815 1793 apud

252 1812 375 1865 illos
402 1812 647 1880 plerique
676 1812 745 1864 ab
773 1812 1138 1865 animatorum
1176 1829 1293 1874 esu,
1327 1828 1426 1867 nec
1473 1814 1756 1881 pauciores
1785 1830 1814 1868 a

254 1904 462 1972 nuptiis
492 1914 613 1973 post
644 1905 848 1957 liberos
872 1905 1042 1958 semel
1076 1914 1364 1973 susceptos
1387 1905 1686 1965 abstinent.
1714 1922 1815 1961 nec

256 2002 448 2049 desunt
476 1997 569 2063 qui
611 1996 976 2061 virginitatem
1015 1996 1393 2065 profiteantur.
1439 1998 1608 2068 Hujus
1652 2009 1814 2053 secta:

256 2085 543 2139 Dosithcus
560 2096 748 2139 auctor
773 2086 938 2139 fuisse
957 2085 1296 2153 perhibetur,
1321 2088 1411 2155 qui
1436 2088 1697 2141 llebraus
1719 2105 1813 2156 ge-

257 2190 409 2239 nere,
440 2176 816 2244 singularique
841 2175 1099 2243 praeditus
1120 2176 1429 2228 eruditione
1453 2191 1577 2229 cum
1612 2177 1813 2229 frustra

255 2266 643 2331 contendisset,
693 2276 750 2319 ut
803 2266 858 2319 in
915 2267 979 2318 iis
1018 2281 1154 2334 quas
1192 2266 1549 2334 δευτερώσεις
1604 2266 1679 2319 illi
1717 2282 1814 2319 vo-

254 2368 396 2419 cant,
428 2359 634 2425 primas
681 2366 1134 2425 consequeretur,
1179 2356 1247 2409 ad
1304 2356 1676 2410 Samaritanos
1721 2358 1814 2410 dc-

252 2450 432 2512 scivit,
466 2460 631 2519 atque
662 2449 824 2519 hujus
855 2450 1126 2503 bam-scus
1164 2460 1357 2503 auctor
1402 2450 1523 2502 fuit.
1555 2450 1814 2504 Verume-

254 2544 500 2596 nimvero
529 2558 653 2595 cum
686 2542 856 2594 nimio
885 2540 1249 2610 philosophiae
1282 2556 1468 2593 amore
1504 2549 1812 2602 teneretur,

254 2637 307 2688 in
347 2646 563 2689 antrum
593 2634 867 2703 quoddam
897 2632 1150 2694 secessit,
1191 2633 1281 2685 ubi
1312 2632 1442 2684 dum
1467 2633 1692 2701 jejuniis
1738 2642 1816 2685 te-

254 2742 405 2781 mere
434 2727 577 2779 vires
608 2735 854 2779 attenuat
900 2734 954 2777 et
1004 2724 1264 2786 infirmat,
1304 2718 1521 2777 tandem
1574 2724 1731 2791 panis
1760 2733 1815 2776 et

254 2835 409 2889 aquae
438 2818 668 2888 penuria
702 2819 953 2870 moritur.
989 2814 1189 2868 Omnes
1217 2814 1398 2885 itaque
1430 2815 1811 2882 hujuscemodi

251 2915 422 2969 vitam
452 2929 605 2967 suam
638 2913 709 2965 ita
744 2912 1122 2976 instituerunt,
1151 2916 1210 2962 ut
1252 2909 1398 2963 circa
1446 2924 1534 2963 res
1578 2909 1815 2978 agendas

252 3005 417 3075 paulo
454 3004 770 3060 solertiores
800 3011 1004 3057 essent.

819 3134 970 3190 CAP.
1016 3134 1254 3188 XXXVI.

709 3246 786 3300 De
824 3247 1035 3301 Essenis
1074 3250 1128 3300 in
1169 3249 1354 3317 specie.

323 3358 516 3415 Esseni
566 3358 792 3428 insuper
832 3374 1017 3413 amore
1051 3360 1270 3414 virtutis
1306 3374 1335 3412 a
1364 3358 1593 3429 nuptiis,
1637 3360 1708 3412 ita
1759 3370 1817 3413 ut

253 3453 349 3523 qui
385 3452 647 3515 maxime,
678 3452 1054 3514 abstinebant,
1087 3452 1304 3505 divitias
1345 3467 1442 3520 pro
1485 3452 1655 3505 nihilo
1710 3454 1811 3506 du-

256 3547 474 3610 cebant,
528 3560 634 3598 una
688 3544 924 3613 denique
972 3544 1350 3597 vescebantur.
1405 3544 1620 3597 Privata
1671 3546 1815 3598 enim

256 3636 507 3705 publicos
534 3635 585 3688 in
619 3649 749 3688 usus
787 3634 1220 3700 comportabant,
1260 3641 1416 3702 turpe
1462 3634 1564 3687 rati
1600 3633 1643 3686 si
1694 3635 1816 3702 quis

256 3727 506 3796 privatim
553 3726 682 3795 quid
736 3725 1049 3781 divitiarum
1102 3725 1442 3792 possideret,
1488 3725 1630 3793 apud
1679 3741 1816 3793 quos

257 3818 466 3872 scilicet
497 3817 847 3871 fraternitatis
874 3815 1094 3869 nomine
1126 3817 1263 3869 bona
1297 3816 1813 3883 commiscebantur,

255 3920 310 3964 et
364 3924 681 3963 connnuncs
724 3909 776 3960 in
812 3922 940 3961 usus
977 3907 1459 3975 depromebantur.
1500 3908 1655 3976 Apud
1690 3924 1814 3962 eos-

256 4002 379 4053 dem
422 4000 689 4068 squaloris
736 4000 918 4053 studio
954 4012 1081 4051 usus
1124 3998 1228 4052 olei
1274 3998 1458 4051 nullus
1489 4008 1648 4052 erat:
1684 4015 1817 4053 can-

257 4094 418 4146 didus
473 4093 579 4145 illis
625 4092 773 4145 color
824 4091 1099 4144 arridebat
1153 4108 1167 4144 :
1220 4100 1423 4143 vestem
1467 4098 1561 4143 aut
1607 4090 1817 4145 calceos

261 4194 508 4237 recentes
574 4198 682 4236 non
726 4183 857 4236 nisi
907 4182 1183 4249 prioribus
1232 4181 1443 4235 detritis
1496 4181 1813 4235 induebant.

258 4280 433 4334 Unum
484 4287 577 4331 aut
614 4278 777 4333 etiam
821 4278 1048 4331 alterum
1088 4278 1141 4331 in
1176 4292 1463 4332 commune
1502 4287 1821 4346 procurato-

256 4384 371 4422 rem
417 4369 707 4421 habebant.
750 4367 942 4419 Nullus
973 4368 1113 4420 inter
1144 4366 1266 4419 illos
1311 4367 1598 4434 emptioni,
1640 4364 1821 4419 nullus

255 4459 557 4513 venditioni
591 4460 764 4521 locus,
798 4459 891 4511 sed
920 4458 1180 4526 expositis
1215 4460 1393 4526 egenti
1421 4458 1534 4510 suis
1565 4456 1819 4509 omnibus

1847 1878 2159 1951 Btortores
2231 1899 2377 1967 ipsos
2444 1900 2743 1957 irridebant

1916 646 2013 684 nes
2051 630 2363 699 Scripturas
2395 634 2758 693 evolvebant.
2812 650 2906 690 eas
2961 652 3090 690 vero
3141 639 3373 694 maxime
3414 657 3480 694 cx

1914 722 2112 789 quibus
2150 732 2414 791 princepta
2467 724 2532 776 ad
2568 721 2776 778 animos
2812 727 2983 781 bonis-
3020 728 3264 788 moribus
3311 730 3480 784 infor-

1916 811 2145 863 mandos
2188 813 2337 865 utilia
2372 814 2728 867 elicerentur.
2769 815 2847 868 Ad
2877 832 2934 869 se
2980 820 3244 874 adeuntes
3282 823 3483 890 proba-

1916 901 2085 965 bant,
2142 916 2345 971 eosque
2397 905 2609 959 tandem
2668 905 3012 961 fortitudinis
3061 896 3115 963 dt
3156 906 3484 987 ‘constantize

1914 991 2213 1058 sizecimine
2278 993 2522 1047 celebres
2596 996 2649 1049 in
2717 998 3052 1051 consortium
3110 985 3272 1055 ultro'
3318 985 3478 1055 suum

1916 1083 2278 1136 ascisccbanl.
2312 1084 2369 1136 In
2397 1085 2619 1154 judieiis
2647 1088 2974 1142 exactissimi
3005 1090 3158 1158 juxta
3199 1102 3255 1145 et
3293 1091 3483 1161 justis-

1917 1172 2057 1226 simi.
2091 1173 2146 1226 In
2178 1177 2558 1242 congressibus
2582 1185 2637 1230 et
2670 1181 2954 1248 colloquiis
2984 1185 3187 1237 mutuis
3217 1198 3483 1253 exspuere

1919 1263 2026 1317 illis
2062 1264 2247 1332 religio
2283 1276 2420 1319 erat.
2472 1268 2526 1321 In
2561 1270 2747 1337 primis
2780 1282 2958 1324 autem
3013 1276 3151 1327 mala
3194 1276 3481 1330 obfirmato

1918 1354 2098 1405 animo
2130 1354 2284 1407 nihili
2319 1354 2626 1420 faciebant,
2675 1368 2838 1427 atque
2870 1361 3090 1415 dolores
3116 1364 3334 1430 quidem
3366 1381 3481 1418 mc-

1916 1443 2277 1497 ditationibus
2305 1447 2658 1514 superabant.
2702 1450 2845 1503 Mors
2881 1452 2988 1505 illis
3017 1468 3137 1521 quae
3165 1469 3287 1507 cum
3321 1455 3483 1509 laude
3554 1438 3559 1439 γ

1916 1543 1971 1588 et
2004 1536 2175 1604 gloria
2203 1538 2478 1603 obiretur,
2530 1540 2937 1597 immortalitate
2980 1546 3095 1612 ipsa
3127 1547 3311 1615 potior
3340 1559 3479 1601 erat.

1918 1630 2097 1688 Quare
2137 1626 2293 1679 multi
2342 1628 2385 1681 si
2420 1630 2641 1696 quando
2689 1644 2913 1700 propter
2946 1634 3118 1702 legem
3163 1637 3346 1706 ﬂagris
3375 1657 3482 1693 ca)-

1918 1714 2180 1768 dercntur
2221 1733 2235 1769 :
2273 1733 2447 1786 neque
2484 1719 2695 1788 lorariis
2739 1722 3273 1789 adblandiebantur,
3305 1744 3483 1797 neque

1918 1806 2360 1876 Iacrymabantur
2391 1827 2404 1863 ε
2447 1810 2557 1863 imo
2595 1826 2722 1865 vero
2765 1823 2820 1867 et
2856 1816 3082 1869 verbera
3115 1818 3391 1881 ridebant,
3430 1832 3485 1874 et

2799 1922 2813 1958 :
2864 1921 3076 1961 animas
3156 1910 3484 1977 profundere

1916 1990 2113 2056 parati,
2144 2005 2206 2044 ac
2241 1991 2285 2044 si
2319 1993 2499 2045 denuo
2527 1995 2746 2048 easdem
2790 1999 3063 2066 recepturi
3094 2008 3294 2053 essent.
3327 2000 3482 2068 Apud

1919 2081 2063 2149 ipsos
2103 2083 2249 2136 enim
2288 2084 2575 2138 obfirmata
2610 2088 2723 2139 haec
2761 2090 2948 2156 opinio
2984 2090 3322 2154 invaluerat,
3364 2108 3485 2145 cor-

1917 2186 2047 2238 pora
2080 2174 2301 2240 quidem
2330 2176 2668 2246 eorruptioni
2705 2178 2938 2233 obnoxia
2967 2194 3085 2234 esse
3105 2219 3118 2243 ,
3152 2183 3485 2250 perituram-

1914 2279 2021 2332 que
2072 2266 2513 2337 materiam'qua
2561 2279 2813 2323 constant
2856 2288 2871 2324 :
2921 2272 3133 2325 animas
3180 2284 3362 2329 autem
3427 2277 3480 2327 in

1914 2373 2089 2410 a-vum
2123 2360 2518 2427 sempiternum
2566 2378 2885 2429 permanere
2912 2404 2928 2428 ,
2957 2382 3078 2434 qua:
3115 2379 3264 2421 certe
3297 2369 3482 2421 nescio

1915 2462 2025 2516 quo
2091 2458 2300 2503 natura:
2354 2452 2665 2515 lenocinio,
2731 2454 3001 2521 quibusve
3069 2458 3339 2512 illecebris
3411 2462 3482 2513 ab

1914 2539 2118 2593 aethere
2165 2542 2455 2608 purissimo
2495 2543 2741 2611 divulsus,
2790 2555 2954 2614 atque
2999 2548 3052 2601 in
3102 2564 3330 2619 corpora
3384 2552 3484 2605 de-

1918 2633 2131 2696 missae,
2182 2634 2290 2687 illis
2356 2624 2611 2704 tanquam
2683 2641 2997 2694 carceribus
3051 2652 3479 2705 coercerentur,

1918 2722 2134 2776 tandem
2183 2739 2312 2777 vero
2346 2729 2560 2779 carneis
2616 2728 2764 2781 hisce
2811 2730 3045 2785 vinculis
3080 2733 3377 2798 exsoluta,
3427 2744 3485 2788 et

1916 2815 2070 2881 quasi
2126 2815 2385 2869 diuturna
2452 2803 2715 2872 servitute
2764 2821 3048 2884 liberatae,
3114 2834 3243 2878 tunc
3293 2828 3484 2895 utique

1916 2904 2238 2970 gauderent,
2272 2917 2327 2961 et
2352 2908 2406 2960 in
2433 2908 2665 2962 sublime
2696 2910 2993 2965 ferrentur.
3019 2916 3195 2982 Atque
3224 2925 3283 2968 ut
3311 2915 3483 2969 bono-

1919 3011 2037 3048 rum
2087 2996 2307 3064 quidem
2335 2998 2531 3053 animze
2561 3002 2688 3068 (qua
2717 3002 2769 3054 in
2801 3019 2857 3057 re
2886 3002 3086 3059 Graecis
3109 3007 3480 3075 consentiunt)

1917 3101 2129 3139 alumna
2162 3087 2409 3154 quaedam
2458 3090 2576 3143 loca
2625 3106 2789 3159 supra
2833 3093 3109 3149 Oceanum
3160 3097 3482 3162 incolerent,

1922 3192 2041 3245 qua:
2073 3193 2249 3246 neque
2280 3172 2565 3245 imbribus,
2597 3197 2772 3250 neque
2801 3183 3041 3248 nivibus,
3070 3202 3246 3254 neque
3284 3190 3485 3241 calori-

1921 3267 2024 3321 bus
2076 3268 2487 3334 infestarentur,
2539 3273 2631 3327 sed
2689 3274 2885 3342 quibus
2955 3277 3023 3330 ab
3071 3276 3287 3333 Oceano
3347 3280 3483 3333 levis

1917 3374 2047 3412 aura
2078 3359 2296 3429 zephyri
2325 3362 2592 3429 aspiraret
2630 3380 2645 3416 :
2675 3365 2941 3419 malorum
2976 3382 3103 3420 vero
3150 3368 3218 3422 ad
3251 3371 3487 3424 tenebri-

1917 3466 2041 3505 cosa
2073 3462 2128 3505 et
2153 3452 2637 3523 hyberno-l‘rigore
2687 3458 2916 3526 rigentia
2943 3498 2958 3522 ,
2996 3458 3238 3529 denique
3282 3464 3484 3531 suppli-

1916 3543 2016 3597 ciis
2055 3559 2217 3598 omne
2243 3560 2415 3613 genus
2437 3563 2715 3616 nunquam
2764 3549 3023 3603 desituris
3054 3554 3318 3606 scatentia
3365 3555 3482 3608 loca

1912 3636 2395 3704 protruderentur.
2459 3638 2527 3691 Et
2576 3640 2710 3693 mihi
2766 3642 2985 3709 quidem
3056 3643 3227 3697 Graeci
3285 3646 3476 3700 eodem

1916 3729 2145 3781 consilio
2192 3730 2425 3783 fortibus
2490 3732 2621 3784 viris
2657 3734 2843 3801 (quos
2888 3736 3082 3789 heroas
3122 3746 3178 3791 et
3211 3739 3482 3794 semideos

1916 3816 1995 3869 illi
2054 3827 2286 3889 vocant)
2342 3819 2762 3877 Fortunatorum
2824 3822 3032 3885 insulas
3105 3840 3476 3896 consecrasse,

1916 3905 2208 3975 impiorum
2255 3923 2444 3966 contra
2482 3917 2692 3969 animas
2719 3916 2861 3971 Orco
2895 3922 3055 3987 (qua
3085 3922 3473 3977 sceleratorum

1916 3998 2074 4052 sedes
2099 4002 2219 4069 est)
2251 4003 2521 4059 addixisse
2549 4008 2821 4073 videntur,
2857 4011 2946 4062 ubi
2987 4012 3150 4065 etiam
3188 4015 3470 4084 Sisyphos,

1918 4087 2190 4155 'l‘antalos,
2225 4091 2457 4156 lxionas,
2488 4104 2542 4148 et
2578 4096 2763 4166 Tityos
2797 4100 3058 4166 quosdam
3090 4106 3300 4158 meritis
3336 4106 3473 4159 allici

1917 4180 2094 4246 poenis
2133 4181 2187 4233 in
2213 4181 2408 4237 fabulis
2436 4195 2537 4239 est.
2568 4188 2808 4242 Primum
2837 4192 3019 4259 itaque
3059 4208 3328 4261 perennes
3356 4198 3476 4250 ani-

1920 4284 2035 4323 mas
2062 4285 2179 4326 esse
2202 4288 2545 4342 supponunt,
2578 4279 2775 4334 deinde
2813 4283 2881 4335 ad
2924 4287 3184 4339 virtutum
3214 4302 3472 4355 persecu-

1923 4361 2123 4414 tionem
2175 4364 2539 4434 vitiorumque
2588 4368 2763 4438 fugam
2816 4372 3129 4428 hominibus
3186 4391 3474 4432 concessas

1921 4450 2221 4516 aﬂirmant,
2262 4467 2544 4523 prepterca
2600 4460 2743 4528 quod
2776 4461 2876 4514 viri
2929 4463 3080 4527 boni,
3124 4467 3364 4533 quandiu
3396 4468 3475 4520 vi—

255 4551 489 4621 quilibet
526 4549 579 4602 id
629 4549 698 4603 ab
735 4548 828 4602 illo
866 4548 1107 4602 vicissim
1156 4549 1489 4616 recipiebat,
1520 4548 1663 4616 quod
1712 4547 1816 4601 sibi
1846 4568 1896 4626 ι)
1922 4549 2053 4591 vum
2079 4580 2093 4604 ,
2126 4542 2377 4596 meliores
2409 4547 2686 4610 evadunt,
2717 4558 2862 4601 certa
2910 4564 3005 4618 spe
3038 4551 3257 4605 adducti
3286 4591 3302 4614 ,
3351 4552 3470 4607 fore

254 4644 479 4706 deerat,
517 4642 626 4693 imo
660 4656 791 4693 vero
814 4641 1008 4693 alienis
1037 4640 1111 4692 uti
1149 4640 1353 4706 absque
1393 4648 1580 4692 mutua
1616 4638 1820 4709 gratifi-

255 4735 471 4787 catioue
523 4738 794 4801 poterant.
849 4730 989 4784 Ante
1037 4730 1168 4783 solis
1216 4739 1398 4783 ortum
1454 4745 1665 4783 summa
1712 4730 1820 4783 illis

255 4825 440 4878 cautio
469 4832 607 4886 erat,
656 4836 723 4875 ne
755 4820 967 4890 profani
998 4821 1130 4889 quid
1167 4819 1467 4873 effntirent.
1505 4820 1585 4873 Ad
1628 4822 1818 4875 horam

258 4932 428 4986 usque
479 4916 724 4985 quintam
804 4915 1191 4981 aper-abantur.
1249 4913 1455 4966 Deinde
1526 4914 1582 4967 in
1649 4929 1819 4968 unum

256 5012 675 5073 conveniebant,
730 5007 961 5075 lotisque
1014 5006 1204 5076 frigida
1254 5008 1507 5060 manibus
1554 5006 1607 5059 in
1640 5020 1821 5059 coena-

256 5103 381 5157 cqu
407 5100 859 5157 convivabantur.
898 5098 1125 5151 Promus
1151 5112 1337 5167 panes,
1367 5112 1574 5166 coquus
1612 5112 1677 5150 ex
1712 5111 1819 5151 uno

256 5204 313 5249 et
344 5193 535 5248 eodem
577 5191 764 5245 edulio
792 5190 1082 5255 ferculum,
1129 5204 1404 5260 praeeunte
1452 5189 1707 5259 precibus
1736 5204 1819 5243 sa-

257 5284 515 5346 cerdote,
547 5282 784 5352 ‘singulis
834 5281 1161 5349 apponebat.
1196 5280 1313 5333 Nan
1365 5280 1603 5334 clamore
1634 5279 1778 5332 aedes
1801 5317 1815 5342 ,

258 5393 367 5431 non
422 5378 657 5429 tumultu
717 5373 1214 5429 confundebantur.
1264 5373 1502 5426 Alternis
1567 5373 1710 5426 inter
1737 5387 1818 5439 _sc

260 5483 464 5538 perque
497 5467 643 5521 vices
669 5466 1143 5535 colloquebantur.
1175 5466 1283 5519 Sua
1310 5480 1439 5519 vero
1464 5466 1667 5535 absque
1691 5480 1819 5534 pro-

255 5569 571 5615 curatorum
603 5574 828 5613 assensu
858 5569 913 5613 et
939 5559 1224 5628 praesentia
1256 5558 1463 5612 nemini
1494 5558 1815 5629 erogabant.

255 5650 352 5703 Ira:
384 5659 443 5702 ut
471 5648 668 5718 promi,
703 5648 775 5701 ita
805 5650 1276 5702 excandescentia
1303 5647 1463 5702 condi
1496 5647 1814 5717 aquissimi.

254 5738 407 5794 Fidei
430 5740 701 5793 doctores.
748 5738 905 5793 Pacis
945 5738 1201 5792 ministri.
1248 5738 1522 5807 Quidquid
1568 5738 1818 5793 dixerant

256 5832 479 5902 majoris
522 5846 684 5901 quam
738 5830 1119 5901 jusjurandum
1164 5830 1421 5899 ponderis
1475 5840 1610 5887 erat.
1660 5831 1818 5886 Jura-

1923 4640 1982 4684 ut
2013 4643 2133 4699 post
2161 4634 2367 4689 obitum
2400 4638 2454 4690 in
2485 4638 2687 4693 honore
2723 4642 3023 4697 habeantur
3044 4685 3058 4711 ,
3085 4646 3472 4700 sceleratorum

1920 4735 2110 4779 contra
2138 4725 2369 4783 allectus
2399 4728 2471 4783 ita
2504 4741 2654 4785 metu
2682 4734 3086 4802 praepediantur
3106 4775 3120 4799 ,
3145 4747 3202 4791 ut
3260 4738 3475 4792 etiamsi

1920 4812 1974 4865 in
2010 4816 2118 4869 vita
2161 4816 2396 4884 lateant,
2445 4830 2568 4889 post
2599 4832 2830 4879 mortem
2879 4831 3060 4881 tamen
3116 4836 3325 4883 certum
3370 4829 3477 4883 sibi

1919 4906 2144 4962 exitium
2168 4923 2500 4980 exspectent.

2471 5093 2623 5150 CAP.
2663 5095 2925 5153 XXXVII.

2181 5230 2484 5286 Iudaeorum
2512 5234 2566 5287 in
2604 5243 2799 5302 septem
2823 5242 2987 5288 sectas
3015 5236 3217 5290 divisio.

1987 5364 2064 5417 Ex
2111 5364 2423 5433 hujusmodi
2466 5365 2795 5419 Essenorum
2825 5365 3038 5421 vivendi
3090 5377 3230 5431 ritu,
3270 5366 3325 5420 ni
3359 5382 3479 5421 mea

1920 5470 2004 5508 me
2030 5456 2168 5509 fallit
2209 5456 2433 5524 opinio,
2469 5465 2742 5510 nostrates
2790 5456 3028 5511 Νηίδτωὶ
3076 5459 3334 5526 pleraque
3384 5473 3481 5512 sua

1920 5548 2168 5602 instituta
2207 5550 2695 5618 deprompserunt,
2734 5552 2979 5618 quamvis
3013 5558 3067 5603 et
3104 5551 3191 5604 illa
3236 5560 3479 5617 tempore

1920 5640 2316 5696 intercidet-int.
2353 5642 2621 5694 Caeterum
2673 5642 2887 5695 tandem
2922 5639 3236 5695 Judaismus
3282 5641 3336 5693 in
3381 5640 3481 5693 Sa-

1919 5735 2153 5799 duemos,
2207 5734 2460 5799 Scribas,
2545 5736 2881 5799 Pharisazos,
2947 5734 3479 5801 Hcmerobaptistas,

1918 5828 2225 5893 Natat-mos,
2253 5827 2480 5897 Esszeos,
2512 5838 2566 5884 et
2597 5828 2935 5884 Hcrodianos
2968 5826 3175 5883 divisus
3203 5835 3307 5882 est.
