4302 6370
888 378 1022 441 “‘23

1424 489 1579 545 CAP.
1623 488 1909 546 XXXVIII.

1460 603 1537 657 De
1581 603 1870 658 Saducwis.

951 718 1019 771 Et
1070 716 1452 771 Dositheorum
1506 728 1656 773 certe
1718 719 1869 773 velut
1940 719 2149 774 avulsio
2203 718 2450 788 qumdam

880 811 1313 878 fragmentumve
1349 809 1595 864 Saducmi
1624 819 1769 863 sunt.
1805 809 2049 864 Saduczei
2082 820 2263 863 autem
2296 810 2448 877 quasi

871 899 1002 967 justi
1039 900 1321 953 dicuntur.
1356 901 1534 955 Sadoc
1575 902 1721 954 enim
1754 900 1997 955 Hebraeis
2028 902 2211 971 justus
2248 911 2353 954 est.
2385 900 2448 953 Hi

874 1004 1040 1058 porro
1074 1000 1415 1043 mortuorum
1463 991 1925 1045 resurrectionem
1960 991 2295 1061 improbant,
2347 1008 2449 1045 an-

873 1082 1020 1149 gelos
1064 1097 1171 1135 non
1205 1083 1522 1145 admittunt,
1558 1081 1824 1151 Spiritum
1871 1092 2117 1135 sanctum
2170 1083 2443 1151 ignorant,

873 1172 930 1224 In
961 1173 1173 1228 caeteris
1199 1173 1455 1228 omnibus
1489 1189 1613 1227 cum
1648 1174 1925 1227 Dositheis
1948 1174 2302 1228 conveniunt.

1431 1285 1584 1341 CAP.
1627 1284 1867 1339 XXXIX.

1488 1395 1565 1447 De
1609 1393 1821 1449 Scribis.

939 1504 1145 1561 Scriba
1181 1516 1365 1561 autem
1414 1508 1550 1577 legis
1600 1509 1957 1577 δευτερωταὶ,
1987 1509 2092 1564 hoc
2124 1517 2205 1563 est
2240 1523 2443 1564 secun-

866 1600 1007 1652 darii
1035 1600 1484 1666 denominantur,
1517 1603 1631 1655 sive
1657 1602 1733 1655 illi
1776 1603 1867 1671 qui
1904 1603 2227 1656 traditiones
2263 1611 2319 1656 ct
2347 1619 2445 1657 ca:-

868 1692 1138 1745 remonias
1165 1692 1232 1745 ad
1265 1694 1436 1763 legem
1464 1694 1820 1763 adjiciebant.
1850 1693 2130 1762 Siquidem
2164 1694 2441 1748 seniorum

864 1783 1194 1838 traditiones
1255 1785 1612 1855 δευτερώσεις
1664 1785 2098 1854 appellabantur.
2152 1785 2239 1849 Ili,
2271 1795 2330 1838 ut
2381 1786 2436 1838 in

863 1876 1080 1929 caeteris
1114 1891 1235 1928 cum
1282 1875 1595 1930 Iudaeorum
1627 1877 1790 1944 vulgo
1820 1876 2182 1929 convenirent
2203 1916 2216 1940 ,
2249 1890 2436 1944 super-

861 1966 987 2023 ﬂuis
1027 1977 1206 2021 tamen
1252 1968 1437 2021 nescio
1467 1969 1669 2036 quibus
1703 1968 2182 2021 observationibus
2214 1968 2435 2033 addicti,

864 2072 1080 2120 urceos,
1105 2058 1322 2126 pocula,
1354 2060 1570 2127 patinas
1593 2099 1606 2123 ,
1642 2068 1698 2113 ct
1728 2069 1924 2113 caetera
1974 2060 2024 2113 id
2070 2075 2242 2129 genus
2290 2076 2441 2115 men-

862 2149 995 2203 salia
1045 2165 1194 2213 vasa,
1244 2164 1537 2218 pugnoque
1586 2148 1732 2203 facto
1772 2166 1899 2204 suas
1948 2152 2190 2219 ipsorum
2242 2167 2440 2207 manus

861 2239 1162 2292 curiosiore
1189 2241 1577 2308 superstitione
1604 2242 1919 2295 abluebant.
1947 2241 2175 2295 Vascula
2215 2242 2436 2313 insuper

862 2338 987 2382 ante
1020 2331 1449 2401 perpurgabant,
1498 2347 1659 2400 quam
1701 2332 1855 2385 cibos
1901 2348 1967 2385 ex
2004 2333 2110 2386 illis
2158 2342 2437 2403 caperent.

866 2425 1182 2480 Dalmaticia
1209 2466 1222 2491 ,
1256 2443 1377 2496 qua:
1411 2443 1557 2481 nunc
1596 2428 1811 2481 colobia
1841 2427 2133 2490 dicuntur,
2168 2444 2439 2498 purpura-

861 2530 969 2583 quc
998 2527 1390 2584 praetexuntur,
1430 2518 1643 2583 ittduti,
1690 2519 2027 2589 phylactcria
2058 2535 2156 2574 sua
2196 2531 2437 2598 ostenta-

862 2607 1013 2671 bant,
1066 2608 1258 2662 brevcs
1294 2611 1553 2663 nimirum
1605 2612 1879 2675 cartulas,
1926 2612 2129 2680 quibus
2174 2612 2434 2683 inscripta

859 2697 947 2750 lex
986 2709 1134 2761 erat,
1165 2714 1302 2766 quas
1334 2700 1408 2752 illi
1448 2700 1705 2768 pretiosis
1753 2700 1939 2754 fasciis
1978 2710 2201 2755 ornatas
2225 2744 2238 2768 ,
2276 2719 2436 2757 auro-

860 2801 967 2854 que
992 2787 1302 2850 distinctas,
1334 2797 1589 2858 tanquam
1627 2790 1940 2844 Iudaeorum
1965 2792 2213 2861 magistri
2241 2836 2255 2858 ,
2288 2794 2435 2847 deie-

861 2878 1078 2931 rebant.
1137 2878 1393 2933 Fimbriae
1437 2890 1696 2949 prteterea
1764 2881 1832 2936 ab
1899 2882 2116 2935 illorum
2192 2884 2433 2939 vestibus

859 2970 1360 3037 promittebantur,
1388 2982 1734 3040 quatuorque
1781 2972 1934 3025 stolae
1975 2974 2291 3027 eorumdem
2331 2976 2432 3029 alis

859 3060 1011 3112 aurei
1061 3061 1329 3130 corymbi,
1375 3061 1644 3114 malorum
1694 3062 2018 3131 puuicorum
2052 3065 2429 3127 similitudine,

856 3151 995 3204 allixi
1026 3162 1201 3216 erant,
1238 3168 1347 3220 quo
1393 3162 1636 3220 tempore
1682 3154 1898 3207 illorum
1935 3156 2207 3226 qniSpiam
2256 3160 2431 3213 conti-
2461 3166 2503 3228 ρ

859 3242 1064 3306 nebat,
1099 3250 1194 3295 aut
1229 3244 1596 3314 virginitatem
1630 3245 1941 3299 exercebat.

1488 3359 1641 3413 CAP.
1687 3359 1799 3414 XL.

1441 3476 1518 3529 De
1547 3476 1850 3531 Pltariswis.

926 3588 995 3640 At
1043 3587 1301 3641 Pharisaei
1352 3589 1501 3641 cultu
1547 3589 1825 3657 religionis
1870 3594 2145 3648 exteriore
2200 3595 2425 3651 Seribas

854 3678 1014 3746 longe
1066 3681 1438 3747 superabant,
1472 3696 1703 3748 quorum
1755 3682 1846 3735 alii
1900 3684 2113 3738 tabulas
2159 3686 2262 3740 sibi
2310 3689 2429 3741 lati-

858 3766 1045 3819 tudine.
1071 3766 1395 3835 bipalmares
1449 3768 1807 3838 subjiciebant
1832 3809 1847 3833 ,
1881 3781 1941 3825 ut
1979 3773 2024 3826 si
2064 3776 2283 3841 quando
2325 3778 2427 3832 sub

861 3863 1076 3908 noctem
1110 3872 1301 3911 somno
1323 3858 1454 3912 victi
1490 3858 1543 3917 in
1571 3860 1945 3928 pavimentum
1980 3868 2423 3931 procumberent,

862 3945 1150 3999 confestim
1195 3950 1559 4017 expergefaeti
1617 3951 1829 4005 Numen
1894 3968 2271 4023 precarentur.
2323 3962 2427 4015 Alii

857 4037 1101 4091 calculos
1130 4047 1226 4091 aut
1260 4039 1446 4107 spinas
1479 4040 1583 4094 sibi
1612 4041 2056 4109 subsit-ruebant,
2083 4046 2174 4099 alii
2204 4048 2270 4101 ad
2299 4065 2429 4118 prae-

857 4128 1067 4181 ﬁnitum
1113 4138 1327 4197 tempus
1366 4131 1419 4183 in
1459 4130 1770 4199 virginitate
1804 4132 2111 4202 degebant,
2141 4146 2306 4206 atque
2353 4144 2426 4195 ita

854 4219 943 4271 alii
981 4219 1047 4272 ad
1088 4220 1384 4285 decimum,
1415 4222 1506 4275 alii
1535 4222 1602 4276 ad
1646 4233 1921 4288 octavum,
1950 4226 2039 4278 alii
2066 4226 2133 4279 ad
2169 4238 2426 4297 quartum

853 4324 1030 4377 usque
1075 4325 1278 4364 annum
1315 4313 1743 4380 perseverabant
1772 4354 1785 4379 ,
1820 4316 1995 4369 donec
2028 4318 2081 4370 in
2114 4321 2324 4374 somnis
2359 4322 2425 4375 ad

856 4401 1081 4455 Veneris
1128 4402 1271 4455 furta
1323 4404 1759 4458 stimularentur.
1809 4405 1898 4459 Bis
1945 4408 1998 4459 in
2038 4408 2310 4476 Sabbato,
2344 4428 2428 4465 se-

848 4486 1030 4539 cunda
1061 4487 1318 4541 nimirutn
1346 4499 1403 4543 et
1440 4492 1628 4558 quinta
1665 4492 1797 4545 feria
1819 4531 1833 4557 ,
1863 4494 2204 4563 jejunabant.
2255 4499 2423 4553 Porro
2458 4504 2500 4558 D

852 4577 1254 4631 Pharisaeorum
1284 4595 1483 4634 nomen
1520 4582 1727 4651 indepti
1771 4595 1933 4650 sunt,
1978 4595 2035 4638 ut
2058 4588 2149 4655 qui
2180 4590 2246 4641 ab
2278 4591 2418 4656 aliis,

805 4684 964 4737 -pr:e
1034 4670 1409 4738 hujuscemodi
1478 4672 1837 4743 philosophia:
1898 4678 2117 4743 studio,
2186 4682 2420 4750 seiuncti

848 4767 1055 4811 essent.
1087 4758 1221 4812 Nam
1262 4759 1469 4814 Phares
1498 4760 1744 4816 Hebraeis
1771 4763 1917 4817 idem
1949 4774 2032 4818 est
2052 4803 2067 4827 ,
2100 4766 2191 4834 qui
2223 4765 2422 4822 Graecis

851 4849 1249 4917 ἀφωρισμένος,
1297 4858 1353 4903 et
1396 4850 1603 4906 Latinis
1649 4864 1987 4924 segregatus.
2026 4856 2106 4909 Illi
2161 4867 2422 4926 prmterea

851 4947 1193 4992 mortuorqu
1238 4942 1734 5007 resurrectionem,
1781 4947 2003 5015 angelos
2058 4958 2112 5000 ct
2157 4948 2420 5016 Spiritum

853 5042 1128 5098 sanctum,
1154 5044 1341 5089 contra
1370 5035 1756 5091 Saduczeorum
1777 5040 2424 5109 dogma,conﬁtebantur.

857 5124 1021 5177 Iidem
1056 5124 1166 5178 lato
1192 5136 1248 5180 et
1274 5130 1620 5183 astronomiae
1651 5129 1847 5185 intenti
1895 5146 1925 5184 a
1960 5133 2195 5200 gravidis
2231 5134 2425 5203 conju-

852 5214 1010 5282 gibus
1056 5217 1433 5281 abstinebant,
1475 5236 1585 5289 quo
1641 5220 1785 5275 facto
1823 5237 1879 5275 se
1923 5237 2033 5275 non
2074 5222 2422 5277 fruendarum

854 5305 1215 5372 voluptatum,
1256 5309 1350 5362 sed
1393 5309 1689 5364 liberorum
1730 5312 2204 5379 suscipiendorum
2251 5316 2424 5384 gratia

857 5410 1054 5448 uxores
1108 5398 1325 5453 duxisse
1378 5402 1773 5469 signiﬁcabant.
1832 5403 2029 5457 Balnea
2093 5406 2235 5472 apud
2303 5405 2427 5459 illos

855 5484 1070 5539 fetninis
1140 5488 1367 5553 velatis,
1417 5492 1876 5559 quemadmodum
1910 5503 1966 5548 et
2011 5496 2143 5548 viris
2165 5495 2424 5565 subligari

857 5577 1199 5642 prmcinctis,
1255 5581 1735 5647 permittebantur.
1798 5585 1867 5639 Ut
1924 5586 2121 5639 animis
2171 5587 2428 5640 onmibus

926 5748 943 5778 ⁷
968 5747 1079 5803 Cen
1127 5770 1267 5819 max,
1304 5756 1387 5809 illi.

2138 381 2432 441 NICETE
2470 382 2878 443 CIIONIAT£

2489 506 2529 555 Α
2565 493 3029 547 immortalitatem
3065 493 3392 559 tribuerent,
3430 494 3692 550 bonorum
3730 503 3877 551 certe
3917 506 4131 552 tantum

4005 380 4143 447 112‘s

2555 584 2766 638 animas
2818 586 2872 639 in
2920 586 3025 640 alia
3086 588 3317 642 transire
3363 603 3624 657 corpora.
3678 590 3947 644 malorum
3998 607 4132 646 vero

2555 677 2774 731 a-tcrnis
2799 677 2976 733 addici
3020 679 3305 749 suppliciis
3336 681 3628 738 docebant.

3084 798 3087 801 ’
3169 813 3499 871 CAP.XLL

3025 905 3099 959 De
3145 907 3636 981 llemerobaptistis.

2623 1019 3111 1089 llemerobaptistze
3142 1023 3197 1077 in
3238 1024 3341 1079 hoc
3373 1025 3640 1103 duntaxat
3667 1044 3695 1082 a
3726 1029 4017 1086 Pharisaeis
4070 1046 4127 1087 et

2550 1106 2760 1163 Scribis
2792 1109 3138 1176 differebant,
3170 1115 3316 1182 quod
3348 1115 3463 1169 ﬁeri
3493 1132 3601 1170 non
3648 1133 3806 1187 posse
3850 1120 4126 1185 dicerent,

2550 1207 2609 1249 ιιι
2654 1200 2943 1269 quisquam
3009 1205 3193 1259 salvus
3239 1209 3537 1271 evaderet,
3592 1211 3695 1265 nisi
3747 1214 3839 1281 qui
3889 1214 4126 1284 singulis

2549 1286 2748 1341 diebus
2786 1305 2939 1345 sacro
2973 1291 3299 1362 baptismate
3329 1297 3651 1366 tingeretur.

3159 1426 3311 1487 CAP.
3350 1430 3510 1487 XLII.

3114 1520 3192 1576 De
3239 1523 3536 1580 Nasarwis.

2616 1628 2856 1685 Nazaraai
2885 1673 2900 1697 ,
2939 1635 3032 1703 qui
3098 1637 3179 1707 (si
3227 1638 3478 1692 vocabuli
3530 1640 3636 1694 vim
3693 1641 4124 1713 interpreteris)

2547 1719 2709 1774 iidem
2742 1734 2870 1777 sunt
2895 1725 2987 1793 qui
3014 1735 3070 1780 et
3100 1729 3461 1794 ἁφηνιασταὶ,
3494 1729 3547 1784 id
3576 1744 3681 1795 est,
3733 1735 3991 1799 rebelles,
4028 1753 4123 1805 pa-

2471 1842 2514 1899 Β
2547 1813 2812 1869 triarchas
2842 1832 3054 1881 omnes,
3091 1834 3325 1888 quorum
3361 1822 3414 1874 in
3451 1822 3642 1877 Bibliis
3676 1823 3930 1880 Mosaicis
3964 1842 4115 1880 men-

2545 1902 2619 1955 tio
2655 1904 2755 1968 ﬁt,
2807 1905 3121 1978 Blosemqne
3162 1911 3299 1965 adeo
3336 1912 3514 1981 ipsum
3565 1914 3859 1984 recipiunt.
3914 1915 4119 1970 Penta-

2543 1996 2803 2050 teuchum
2833 2014 2965 2053 vero
2998 2002 3345 2071 improbant,
3376 2016 3541 2074 atque
3584 2006 3743 2059 aliam
3776 2006 3912 2061 Mosi
3936 2007 4116 2076 legem

2539 2085 2719 2139 datam
2765 2087 2933 2144 fuisse
2975 2094 3348 2156 contendunt,
3386 2111 3495 2164 quo
3541 2096 3599 2150 lit
3649 2104 3712 2151 ut
3753 2098 3822 2151 ab
3855 2099 4118 2152 animatis

2538 2175 2794 2230 omnibus
2843 2178 3189 2243 abstineant,
3240 2184 3515 2253 nullisque
3573 2185 3820 2240 cruentis
3870 2188 4116 2242 victimis

2540 2263 2594 2317 in
2627 2267 2915 2323 sacriﬁciis
2950 2280 3197 2325 utantur.

3129 2382 3285 2438 CAP.
3340 2384 3521 2440 XLIII.

2538 2467 2613 2522 Dc
2652 2468 2877 2552 Eissazis,
2914 2481 2962 2525 et
3001 2473 3160 2528 Elxai
3185 2479 3638 2552 pseudoproplteta
3661 2526 3675 2547 ,
3706 2494 3756 2536 et
3790 2485 3908 2552 ejus
3942 2485 4111 2552 fratre

2678 2540 2846 2594 Ieswo
2878 2560 2994 2595 cum
3024 2540 3290 2600 sororibus
3321 2540 3535 2602 Martha
3574 2560 3620 2604 et
3656 2540 3969 2606 Manliana:

2608 2651 2770 2705 Essaai
2821 2664 3015 2709 cuncta
3068 2670 3133 2710 ex
3189 2657 3324 2726 legis
3354 2662 3672 2731 praescripto
3720 2676 4001 2734 gerentes,
4058 2681 4113 2721 nt

2535 2757 2698 2812 supra
2733 2744 2867 2809 dixi,
2900 2747 3020 2801 aliis
3049 2765 3269 2819 quoque
3316 2764 3513 2819 praeter
3540 2755 3711 2824 legem
3742 2757 3970 2827 scriptis
3996 2771 4114 2814 ute-

2536 2834 2753 2888 bantur.
2807 2838 3220 2905 Abjectissimos
3289 2843 3343 2896 id
3415 2847 3654 2901 nominis
3700 2858 3754 2901 et
3813 2850 4113 2905 vilissimas

2534 2926 2821 2995 signiticat.
2887 2929 2998 2984 Illis
3075 2933 3226 2987 ΕΙκηὶ
3290 2934 3512 3003 quidam
3586 2940 4110 3010 pseudopropheta,

2536 3027 2828 3082 rerumque
2854 3016 3207 3072 laudabilium
3241 3034 3552 3092 corruptor,
3580 3025 3797 3096 Trajani
3825 3030 4112 3085 Romano-

2536 3118 2656 3155 rum
2716 3106 3060 3174 impcratoris
3110 3116 3450 3181 temporibus
3510 3132 3568 3171 se
3633 3122 3955 3190 COujunxit,
4014 3126 4109 3194 qui

2535 3196 2734 3251 Christi
2760 3199 2811 3253 in
2837 3216 2999 3256 carne
3020 3203 3311 3260 adventum
3340 3209 3591 3276 negabat,
3621 3213 4107 3287 virginitatemque

2531 3298 2585 3340 et
2628 3292 3021 3345 continentiam
3057 3294 3361 3352 detestatus
3391 3299 3457 3353 ad
3504 3302 3723 3370 nuptias
3768 3304 4105 3360 exhortaba-

2535 3388 2641 3433 tur.
2688 3380 2837 3435 Elxai
2881 3383 3005 3438 huic
3055 3386 3279 3441 fratrem
3322 3389 3486 3445 fuisse
3532 3394 3704 3456 aiunt,
3754 3396 3845 3464 qui
3902 3396 4104 3451 Iezarus

2531 3467 2848 3536 diceretur,
2887 3484 3224 3544 posteaque,
3277 3481 3454 3547 magni
3502 3483 3707 3536 scilicet
3752 3483 4101 3539 Constantini

2534 3562 2891 3629 temporibus.
2928 3581 3032 3618 una
3063 3582 3187 3620 cum
3214 3568 3426 3624 duabus
3460 3574 3744 3627 sororibus
3776 3575 4098 3639 innotuerit,

2530 3666 2651 3718 qua:
2684 3653 2879 3707 eodem
2933 3672 3043 3725 quo
3090 3658 3180 3711 ille
3226 3675 3424 3729 genere
3476 3672 3750 3733 prognata:
3801 3664 4099 3728 ferrentur,

2530 3740 2744 3796 Martho
2794 3746 3006 3800 scilicet
3055 3759 3109 3801 et
3154 3749 3459 3817 Marthana,
3490 3754 3694 3822 quibus
3726 3769 3918 3811 errore
3962 3757 4101 3811 deli-

2530 3833 2647 3887 buti
2701 3834 2990 3903 homines,
3035 3847 3290 3909 tanquam
3335 3841 3543 3897 deabus
3596 3859 3626 3896 a
3680 3844 3871 3899 divino
3933 3847 4092 3901 Elxai

2529 3929 2736 3982 semine
2788 3931 3106 3999 prognatis,
3165 3933 3411 3987 divinum
3473 3935 3680 3989 cultum
3741 3936 4092 3994 exhiberem.

2529 4019 2797 4075 Cancrum
2844 4022 2995 4075 ΕΙχαί
3049 4026 3347 4091 potentiam
3401 4027 3671 4080 occultam
3726 4036 3783 4080 et
3840 4044 4096 4083 arcanam

2528 4110 2817 4180 signiﬁcat.
2852 4113 2914 4166 El
2957 4117 3104 4165 enim
3142 4113 3381 4170 Ilebrazis
3415 4116 3654 4185 putentia
3680 4156 3695 4180 ,
3740 4117 3841 4170 Xai
3878 4122 4092 4173 occulta

2529 4202 2753 4258 dicitur.

3112 4297 3265 4351 CAP.
3319 4298 3499 4354 XLIV.

3084 4385 3159 4439 De
3196 4386 3539 4443 Herodianis.

2601 4489 2891 4545 llerodiani
2924 4492 2990 4546 ab
3030 4491 3242 4548 Herode
3276 4494 3551 4565 Antipatri
3606 4496 3717 4553 ﬁlio
3750 4516 3953 4558 nomen
4002 4520 4095 4559 ac-

2522 4592 2806 4652 ceperunt.
2870 4586 3157 4653 Antipater
3216 4588 3364 4641 enim
3428 4590 3768 4647 Ascalonites
3805 4608 3835 4647 a
3888 4595 4094 4650 Judxis

2524 4683 2715 4741 captus
2760 4685 2815 4728 et
2856 4675 3125 4731 abductus
3167 4677 3436 4734 Herodem
3473 4680 3626 4735 illum
3666 4686 3947 4754 suscepit,
4001 4690 4091 4756 qui

2525 4765 2730 4819 Christi
2763 4768 3099 4835 temporibus
3128 4785 3327 4838 pueros
3371 4772 3662 4830 interfecit.
3697 4777 3943 4832 Tandem
3992 4782 4091 4834 De-

2529 4857 2727 4909 metrio
2770 4855 3192 4915 familiarissime
3232 4864 3591 4933 conjunctus,
3640 4866 3905 4936 Judaeque
3970 4886 4088 4939 pro-

2528 4954 2749 4997 curator
2777 4945 3027 5013 eﬂ‘ectus,
3057 4950 3293 5018 seipsum
3323 4969 3445 5007 cum
3478 4953 3689 5011 Herode
3715 4957 3828 5012 lilio
3857 4960 4087 5013 circum-

2532 5034 2822 5090 cidendum
2861 5040 3092 5095 curavit.
3147 5041 3243 5095 Hie
3272 5042 3513 5100 Herodes
3544 5055 3730 5115 postea
3777 5066 3903 5104 cum
3953 5051 4087 5105 Julic

2530 5124 2723 5179 Caesari
2746 5168 2761 5193 ,
2798 5129 3067 5197 Antonio,
3101 5140 3155 5187 et
3183 5135 3426 5205 Augusto
3468 5139 3830 5207 innotuisset,
3874 5142 4083 5197 Judazo-

2530 5233 2649 5273 rum
2681 5237 2845 5289 regno
2871 5224 3158 5291 praefectus
3199 5238 3304 5282 est.
3327 5212 3582 5283 Nonnulli
3612 5247 3742 5300 ergo
3784 5233 3941 5287 illum
3974 5250 4089 5289 esse

2523 5311 2799 5365 Christum
2848 5314 3289 5381 arbitrabantur,
3338 5320 3522 5375 Jacvbi
3570 5323 3781 5377 scilicet
3836 5326 4088 5381 vaticinia

2524 5403 2782 5469 adducti,
2833 5407 2980 5474 quod
3038 5409 3108 5463 ita
3142 5412 3325 5464 canit:
3359 5410 3475 5465 Non
3518 5415 3717 5481 deﬁciet
3758 5418 3867 5469 dua:
3933 5435 4088 5486 neque

2525 5500 2763 5567 princeps
2799 5500 2861 5551 de
2897 5499 3094 5567 femore
3118 5504 3253 5568 eius,
3284 5504 3446 5557 donec
3479 5508 3649 5560 veniat
3682 5511 3763 5561 cui
3809 5514 4086 5579 repositum

2528 5595 2601 5638 est
2624 5587 2668 5652 ",
2698 5587 2904 5643 idcirco
2944 5591 3234 5648 Herodiaui
3263 5596 3635 5651 nominantur.
