4302 6370
242 432 386 499 1125

838 536 990 592 CAP.
1039 529 1199 588 XLV.

694 674 841 731 Libri
886 673 1043 743 primi
1092 668 1367 740 Epilogus.

316 813 493 882 Atque
524 808 606 865 hat
630 806 852 878 quidem
903 811 1031 857 sunt
1071 801 1309 855 luereses
1356 810 1479 866 qua!
1520 795 1722 851 Christi
1758 795 1811 848 in

243 917 413 956 carne
448 900 739 955 adventum
780 899 1213 963 praecesserunt,
1260 902 1363 941 nec
1396 894 1573 939 tamen
1622 898 1815 937 omnes

244 993 563 1062 tmprobata:
598 996 746 1049 sunt,
783 995 866 1040 ast
898 984 1002 1037 illa:
1035 989 1268 1040 tantum,
1295 993 1415 1048 quae
1448 976 1611 1031 Mosis
1640 976 1815 1040 legem

243 1080 854 1153 antiquabantcjusque
886 1074 1103 1145 placitis
1144 1072 1597 1126 adversabantur.
1646 1068 1815 1122 Porro

246 1176 651 1231 Pharisaeorum
706 1182 761 1225 et
810 1169 1125 1223 Scribarum
1174 1166 1532 1227 traditiones,
1581 1162 1626 1217 si
1690 1176 1813 1215 cum

244 1265 381 1332 legis
415 1263 653 1317 oraculis
699 1260 1141 1317 observarentur.
1190 1256 1330 1311 nihil
1379 1253 1680 1324 praejudicii
1726 1268 1817 1322 pa-

246 1356 481 1409 riebant.
517 1352 651 1405 Nam
681 1348 813 1418 quid
844 1346 1046 1416 alioqui
1076 1343 1392 1399 detrimenti
1431 1357 1497 1396 ex
1525 1354 1814 1396 urccorum

248 1440 554 1513 baptismis,
588 1456 845 1495 manuum
870 1437 1279 1501 ablutionibus,
1318 1434 1813 1491 tintinnabulorum

243 1534 475 1597 sonitu,
533 1532 917 1603 corymhorum
972 1543 1262 1582 aureorum
1340 1522 1813 1597 appensionibus,

247 1623 558 1692 tabu-lisqne
607 1618 1000 1690 bipalmaribus
1062 1616 1129 1671 ad
1178 1629 1432 1671 somnum
1493 1611 1816 1682 capiendum

243 1714 578 1776 substratis,
644 1708 976 1779 ejuscemodi
1047 1706 1497 1761 Observationum
1574 1703 1818 1759 studioso

243 1804 471 1859 conﬂari
538 1802 844 1871 potuisset?
899 1800 1051 1853 Idem
1096 1797 1165 1852 de
1212 1796 1420 1867 jejunio
1463 1794 1817 1865 judicandum

1508 407 1905 473 TllESAURl
1947 406 2021 464 LI
2037 404 2099 468 Β.
2140 403 2217 463 ΙΙ.

1842 528 1883 584 Α
1918 532 2107 590 preces
2138 512 2338 568 mediis
2369 511 2422 565 in
2452 509 2647 583 plateis
2669 510 2801 564 fuste
2823 548 2838 573 ,
2869 508 3213 579 privatorum
3249 503 3487 574 denique

3363 385 3496 453 1196

1912 607 2295 663 mandatorum
2342 616 2457 672 pra:
2507 600 2708 655 divinis
2758 595 3114 659 observatio,
3155 603 3321 663 atque
3352 593 3489 647 adeo

1914 696 2392 755 accuratissimum
2448 692 2763 763 dogmatum
2799 702 3023 743 suorum
3064 701 3178 757 pm
3213 685 3308 740 Dei
3353 700 3492 755 pra:-

1915 786 2091 857 ccptis
2123 784 2385 847 studium,
2413 791 2715 837 extremam
2744 776 3110 847 proculdubio
3137 774 3339 829 animis
3387 774 3491 827 hu-

1916 879 2121 931 minum
2166 874 2466 945 perniciem
2516 870 2856 938 exitiumque
2916 866 3154 921 aﬂ'erunt
3198 883 3212 920 :
3252 875 3312 919 ut
3361 865 3495 919 satis

1917 970 2030 1023 hzec
2063 978 2339 1035 superque
2369 959 2744 1028 Theanthropi
2768 958 2934 1013 verba
2970 956 3244 1011 indicant:
3284 956 3374 1011 γω
3401 971 3492 1009 vo—

1915 1062 2010 1125 bis,
2060 1054 2323 1110 Phariswi
2360 1053 2643 1122 hypocrita
2670 1092 2685 1115 ,
2740 1052 2867 1120 quia
2916 1048 3183 1102 mundatis
3229 1048 3491 1100 exteriora

1915 1151 2094 1205 salicis
2145 1155 2195 1201 et
2251 1144 2546 1217 paropsidis
2575 1184 2589 1208 ,
2632 1144 2887 1195 interiora
2937 1146 3118 1194 autem
3168 1137 3325 1208 plena
3373 1146 3494 1189 sunt

1919 1241 2110 1308 rapina
2144 1248 2190 1292 et
2218 1238 2505 1309 injustitia.
2542 1235 2701 1297 Item,
2734 1231 2823 1285 Vn:
2850 1232 3013 1294 vobis,
3041 1229 3236 1284 Scriba
3270 1236 3321 1281 et
3360 1226 3498 1280 Pha-

1919 1332 2056 1384 riswi
2084 1331 2385 1399 hypocrita,
2414 1327 2541 1397 quia
2578 1324 2853 1377 decimatis
2896 1321 3185 1385 mentitam,
3218 1319 3494 1376 anethum.

1919 1432 1969 1479 et
2007 1425 2272 1493 cyminum
2305 1435 2322 1473 :
2354 1428 2401 1472 et
2446 1418 2730 1487 reliquistis
2758 1429 2877 1485 qua
2906 1414 3157 1484 graviora
3192 1420 3315 1464 sunt
3345 1409 3496 1477 legis,

1912 1516 2193 1584 judicium,
2232 1520 2282 1564 et
2310 1510 2761 1572 misericordiam,
2800 1516 2849 1561 et
2892 1506 3071 1570 ﬁdem.
3116 1504 3238 1557 Hau:
3267 1501 3497 1572 oportuit

1920 1606 2113 1674 facere,
2154 1609 2203 1654 et
2264 1600 2361 1653 illa
2404 1616 2507 1652 non
2567 1600 2812 1652 omittere
2842 1597 2881 1650 °.
2930 1596 3110 1663 Atque
3158 1592 3274 1645 haec
3328 1598 3496 1651 sunt,

1920 1698 2163 1763 inquam,
2195 1692 2251 1745 in
2294 1690 2497 1761 quibus
2528 1699 2654 1742 ante
2683 1685 2888 1742 Christi
2922 1686 2977 1739 in
3006 1697 3171 1738 carne
3200 1680 3497 1735 adventum

1921 1802 1952 1839 a
1980 1785 2096 1854 lege
2124 1783 2310 1837 divina
2340 1782 2652 1834 aberratum
2686 1785 2789 1841 est,
2850 1784 3109 1830 czcterum
3143 1765 3497 1841 posteaquam

246 1907 329 1950 est
357 1934 371 1958 ,
418 1904 472 1948 et
516 1860 726 1948 caeteris
777 1892 979 1961 quibus
1033 1889 1341 1944 Pharisteus
1381 1860 1770 1955 designabatur
1798 1922 1813 1948 ,
1850 1860 1891 1917 Β
1920 1879 2011 1933 ille
2041 1892 2240 1946 corpus
2285 1875 2583 1928 humanum
2631 1869 2965 1938 assumpsit,
3018 1880 3049 1920 a
3100 1863 3335 1918 mortuis
3378 1876 3498 1916 sur—

247 1994 414 2053 atque
443 1984 631 2038 Scriba
675 1983 758 2034 vel
792 1980 982 2050 procul
1031 1988 1359 2049 conspectus
1404 1974 1777 2030 innotescebat
1803 2013 1816 2037 ,

246 2072 448 2140 quibus
485 2072 750 2124 hactenus
790 2071 1009 2141 ignotus
1059 2068 1273 2123 fuisset.
1322 2067 1477 2134 Quod
1528 2075 1816 2132 superest,

247 2178 378 2215 Vera
409 2176 527 2214 esse
557 2176 677 2230 quae
702 2162 847 2224 dico,
883 2160 1137 2215 Christus
1167 2159 1281 2229 ipse
1303 2198 1318 2221 ,
1351 2158 1441 2228 qui
1475 2158 1676 2211 veritas
1704 2156 1816 2225 ipsa

245 2265 351 2315 est,
388 2253 472 2306 his
502 2254 686 2307 verbis
726 2253 883 2321 plane
914 2253 1092 2322 arguit
1124 2269 1138 2306 :
1173 2251 1301 2305 Dico
1331 2250 1471 2302 enim
1506 2249 1677 2311 vobis,
1718 2248 1819 2301 nisi

256 2348 762 2412 superobundaverit
798 2346 1012 2415 justitia
1073 2352 1246 2398 vestra
1296 2342 1413 2411 plus
1471 2358 1626 2411 quam
1672 2338 1817 2394 Scri-

249 2436 435 2486 barum
482 2443 530 2485 et
572 2433 997 2497 Pharisworum,
1041 2449 1145 2485 non
1184 2431 1443 2484 intrabitis
1491 2430 1545 2481 in
1599 2443 1817 2497 regnum

247 2524 496 2577 rwlorum
529 2523 594 2578 ".
631 2525 1011 2595 Hypocriticus
1038 2537 1200 2591 porro
1230 2521 1581 2575 traditionum
1612 2519 1810 2583 cultus,

249 2614 553 2682 primorum
583 2617 937 2670 accubituum
967 2629 1136 2677 amor,
1165 2613 1351 2683 prima:
1379 2612 1524 2667 sedis
1565 2609 1813 2674 ambitio,

321 2730 365 2761 ⁸⁵
392 2731 582 2785 Matth.
613 2748 662 2797 v,
690 2732 780 2785 20.
857 2732 876 2763 ⁸
898 2732 1088 2786 Matth.
1116 2747 1269 2797 xxttt,
1304 2731 1387 2784 l3.

264 2880 348 2897 ρ..

978 2883 1189 2897 Μ

1918 1968 2077 2032 rexit,
2112 1970 2165 2021 in
2207 1966 2374 2020 coclus
2408 1962 2697 2025 ascendit,
2730 1957 2962 2029 apostoli
2996 1955 3235 2024 denique
3273 1968 3371 2023 per
3400 1951 3494 2005 ho-

1919 2061 2128 2114 minum
2155 2058 2408 2112 nationes
2432 2054 2665 2123 dispersi
2695 2063 2844 2116 sunt,
2877 2051 3182 2104 innumerae
3206 2045 3497 2115 opiniones

1919 2154 1986 2207 ab
2015 2150 2335 2205 orthodoxa:
2368 2146 2492 2201 lidei
2526 2144 2709 2215 regula
2740 2143 2970 2198 diversae
2990 2182 3004 2205 ,
3034 2137 3219 2194 studio
3249 2138 3368 2207 ejus
3405 2132 3498 2203 qui

1920 2241 2127 2296 zizania
2184 2238 2547 2293 dissemiuare
2605 2236 2778 2299 solet,
2835 2241 3038 2288 exorta:
3088 2237 3239 2284 sunt.
3306 2226 3497 2296 Operm

1924 2342 2105 2388 autem
2131 2331 2363 2400 pretium
2403 2344 2491 2383 me
2519 2327 2794 2382 facturum
2837 2325 3093 2380 existimo
3114 2365 3127 2386 ,
3157 2320 3203 2375 si
3257 2320 3496 2389 primum

1924 2424 1991 2479 de
2024 2432 2213 2478 sancta
2250 2421 2517 2475 Trinitate
2545 2420 2833 2481 disseram,
2882 2425 2998 2471 tum
3030 2411 3229 2468 deinde
3267 2410 3494 2463 haereses

1923 2516 2069 2586 ipsas
2096 2523 2353 2575 attexam,
2386 2527 2493 2566 una
2524 2526 2648 2566 cum
2678 2504 2745 2564 iis
2768 2524 2889 2580 qua:
2920 2507 3184 2563 adversus
3212 2502 3332 2558 illas
3352 2517 3381 2557 a
3410 2514 3493 2554 me

1927 2606 2237 2677 conscripta
2274 2617 2422 2660 sunt.

936 3054 1684 3207 NICETfE
1797 3048 2825 3206 ΟΗΟΝΙᾹΤᾹΞ

752 3336 1465 3449 THESAURI
1574 3330 2503 3446 ORTHODOX/E
2611 3334 2995 3447 FIDEI

1339 3568 1691 3658 LIBER
1766 3568 2415 3661 SECUNDUS.

1078 3766 1171 3824 De
1215 3769 1430 3824 sancta
1462 3762 1799 3836 Trinitate,
1834 3762 2104 3840 Angelis
2150 3771 2213 3824 et
2252 3760 2653 3824 hominibus.

899 4083 1051 4140 CAP.
1110 4084 1153 4140 l.
1842 4090 1886 4149 α
1922 4084 2277 4149 verebantur,
2314 4084 2450 4138 alias
2498 4087 2564 4155 τῇ

1842 4090 1886 4149 c
1922 4084 2277 4149 verebantur,
2314 4084 2450 4138 alias
2498 4087 2564 4155 τῇ
2608 4085 2913 4157 μοναρχίᾳ,
2941 4086 3045 4142 hoc
3091 4096 3176 4142 est
3208 4089 3371 4145 unius
3402 4092 3477 4146 De

329 4181 473 4250 Quod
512 4179 764 4234 divinitas
800 4176 1319 4257 lrishypaslalarsit,
1350 4178 1443 4229 hoc
1472 4185 1547 4230 est
1587 4177 1750 4231 tribus

795 4254 1031 4317 personis
1060 4254 1277 4300 constet.
1312 4263 1317 4271 '

324 4367 455 4421 Inde
504 4375 651 4420 certe
702 4362 917 4416 dicendi
955 4361 1279 4430 praeludium
1323 4360 1625 4423 faciemus,
1670 4363 1816 4417 unde

253 4456 610 4511 dubitationis
637 4451 977 4506 occasionem
1008 4450 1286 4518 plerisque
1321 4452 1598 4506 subortam
1631 4452 1810 4515 video,

258 4547 515 4600 nimirum
553 4542 679 4611 quid
721 4539 1032 4601 obstiterit,
1069 4539 1364 4606 quominus
1402 4555 1460 4594 se
1496 4550 1692 4595 natura
1728 4542 1817 4595 illa

255 4650 437 4688 rerum
489 4632 734 4686 omnium
775 4630 1091 4685 fabricatrix
1120 4630 1187 4684 ab
1214 4629 1370 4684 initio
1404 4630 1599 4685 trinam
1632 4642 1818 4686 osten-

253 4725 433 4787 derit,
484 4722 579 4776 sed
625 4731 736 4775 tum
765 4722 1007 4785 demum,
1042 4720 1261 4790 quando
1286 4736 1316 4775 a
1347 4721 1526 4777 Verbo
1555 4731 1682 4776 caro
1731 4738 1817 4777 as-

254 4820 469 4879 sumpta
501 4820 617 4875 est,
663 4810 899 4878 idipsum
930 4809 1035 4862 sibi
1083 4811 1297 4878 placere
1338 4811 1686 4880 perspicuum
1733 4811 1839 4867 l'e-.

257 4903 413 4957 cerit.
468 4900 883 4970 Respondemus
936 4900 1119 4968 itaque
1168 4903 1512 4969 perapposite
1594 4903 1646 4956 id
1717 4916 1817 4972 pro

255 4994 453 5047 divina:
495 4991 911 5062 magniﬁcentia:
952 4990 1212 5061 dignitate
1261 4992 1465 5046 factum
1496 4994 1570 5047 ita
1625 4994 1811 5050 fuisse.

255 5086 348 5139 Illa
378 5085 523 5139 enim
555 5099 677 5137 cum
707 5085 957 5138 homines
983 5100 1010 5137 a
1040 5084 1376 5149 monarchia,
1406 5099 1501 5139 seu
1532 5086 1624 5139 Dei
1655 5085 1818 5140 unius

258 5177 407 5229 cultu
434 5176 639 5229 alienos
660 5184 715 5228 ct
744 5175 812 5228 ad
848 5175 1075 5230 deorum
1100 5176 1465 5245 pluralitatem
1492 5191 1814 5245 prepensos,

257 5275 630 5320 creaturarum
657 5268 838 5335 potius
863 5254 1321 5335 quam‘Creatoris
1358 5267 1529 5321 cultui
1569 5267 1818 5322 addictos

258 5371 377 5410 esse
410 5357 655 5420 videret,
686 5366 815 5410 tunc
856 5358 1115 5425 temporis
1162 5374 1219 5413 se
1252 5357 1413 5427 vulgo
1439 5358 1668 5423 celavit,
1714 5374 1817 5413 nec

1921 4174 2115 4237 cultui,
2138 4174 2366 4229 deorum
2399 4176 2770 4245 pluralitatem
2812 4177 3191 4245 praeferebant.
3219 4179 3482 4236 Caeterum

1922 4264 2066 4332 apud
2112 4265 2223 4320 Deo
2248 4267 2597 4322 charissimos
2634 4268 2822 4322 Patres
2854 4269 3058 4324 unitate
3108 4285 3206 4324 sua
3249 4271 3480 4328 Trinitas

1920 4370 2030 4409 non
2090 4355 2303 4417 caruit,
2360 4356 2470 4408 imo
2516 4372 2647 4409 vero
2694 4357 3039 4415 Abrahamus
3082 4374 3192 4429 quo
3246 4370 3480 4430 temporc

1920 4447 2143 4516 angelos
2190 4445 2427 4515 hospitio
2468 4448 2705 4515 excepit,
2751 4449 3042 4504 obscurius
3079 4450 3229 4504 illam
3292 4453 3478 4505 tacitus

1920 4553 2105 4593 secum
2146 4538 2449 4607 reputavit,
2482 4540 2792 4608 expressius
2818 4552 2998 4595 autem
3030 4542 3305 4610 specimen
3338 4543 3480 4597 illius

1918 4630 2110 4695 edidit,
2148 4645 2271 4683 cum
2332 4629 2505 4683 lilium
2553 4630 2798 4685 lsaacum
2838 4633 3123 4702 supposito
3160 4634 3329 4687 ariete
3354 4673 3369 4698 ,
3406 4649 3457 4687 vt

1919 4731 2137 4775 ventem
2175 4737 2205 4775 e
2228 4722 2497 4776 sacriﬁcio
2535 4724 2763 4791 recepit.
2800 4725 2879 4777 Ex
2924 4725 2994 4778 iis
3025 4725 3172 4779 enim
3203 4740 3324 4794 qua:
3353 4735 3479 4779 tunc

1918 4810 2078 4876 vidit,
2104 4808 2267 4864 Verbi
2296 4810 2727 4865 incarnationem
2766 4813 3032 4867 ariolatus
3059 4822 3175 4878 est,
3209 4814 3478 4868 futurum-

1919 4916 2025 4970 que
2055 4902 2212 4965 adeo,
2256 4912 2315 4956 ut
2341 4900 2599 4955 divinitas
2626 4904 2847 4957 minime
2874 4913 3150 4972 pateretur
3176 4944 3191 4966 ,
3227 4904 3323 4958 sed
3357 4921 3479 4961 cars

1918 4993 2054 5051 sola.
2103 5008 2268 5062 quam
2319 4994 2373 5045 in
2422 4993 2611 5046 mundi
2655 4995 2825 5047 totius
2863 4992 3230 5061 expiationem
3277 5009 3476 5048 assum-

1918 5093 2114 5153 pturus
2134 5093 2298 5138 esset.
2328 5084 2497 5137 Porro
2523 5083 2677 5147 Mosi,
2700 5083 2830 5137 dum
2859 5083 2913 5137 in
2938 5092 3121 5137 monte
3145 5084 3475 5150 obambulat,

1918 5190 2058 5229 nova
2092 5174 2185 5227 illa
2215 5175 2352 5228 visio
2388 5174 2598 5243 objecta
2633 5182 2737 5229 est.
2785 5175 2849 5228 Et
2894 5174 3129 5229 Jacobus
3159 5174 3475 5228 ﬁliisbene-

1919 5268 2108 5321 dicens
2138 5267 2467 5321 vaticinatus
2504 5275 2587 5319 est
2620 5266 2898 5328 futurum,
2929 5275 2990 5318 ut
3028 5266 3074 5319 is
3102 5266 3325 5334 quicum
3373 5268 3458 5320 col

1919 5356 2158 5409 luctatus
2202 5364 2360 5409 nocte
2400 5354 2615 5421 luerat,
2670 5355 2985 5409 hominibus
3035 5356 3483 5423 conjungeretur,

260 5447 521 5500 unitatem
568 5448 713 5500 illam
765 5464 886 5517 quae
926 5449 1182 5502 Trinitati
1230 5465 1589 5519 personarum
1633 5450 1814 5516 inest,
1848 5431 1892 5486 θ
1923 5456 1978 5504 et
2007 5448 2176 5501 veluti
2223 5448 2435 5502 catulus
2464 5447 2636 5501 leonis
2681 5464 2709 5502 a
2740 5462 2929 5502 somno
2968 5457 3299 5518 resurgeret.
3329 5446 3479 5512 ρυὶεο

257 5537 434 5592 cuivis
490 5540 831 5606 perspicuam
882 5549 938 5593 et
982 5540 1326 5608 explanatam
1369 5555 1489 5595 esse
1535 5541 1708 5595 voluit
1760 5554 1817 5596 ut

260 5627 545 5681 imbecilla:
594 5644 971 5697 perversurum
1022 5632 1320 5701 cognitioni
1384 5642 1673 5702 parceret,
1724 5634 1819 5703 qui

257 5732 387 5772 sane
432 5721 512 5772 vel
563 5722 726 5774 nullis
778 5722 1153 5791 hujuscemodi
1206 5724 1502 5794 propositis
1529 5725 1814 5793 exetnplis,

262 5810 395 5865 alias
426 5810 711 5881 ἀναρχίαν,
744 5814 843 5870 hoc
868 5827 948 5871 est
980 5818 1189 5869 nullum
1227 5831 1451 5882 prorsus
1483 5817 1651 5872 Deum
1673 5859 1686 5884 ,
1736 5833 1821 5872 re-

1915 5540 2040 5610 quis
2068 5539 2304 5611 denique
2349 5539 2535 5593 divino
2561 5539 2662 5593 fuit
2687 5539 2900 5593 alllatus
2924 5538 3173 5603 numine,
3216 5548 3478 5608 quantum

1917 5633 2020 5687 hoc
2053 5632 2137 5687 vel
2170 5634 2261 5686 illo
2280 5641 2439 5701 pacto
2464 5633 2663 5686 mentis
2694 5633 2883 5686 oculos
2913 5632 3244 5687 contendere
3303 5629 3479 5699 potuit

1918 5725 2204 5778 Trinitatis
2257 5725 2621 5795 cognitionem
2684 5733 2941 5794 tanquam
2980 5724 3035 5778 in
3079 5724 3300 5792 speculo
3344 5738 3467 5776 con-

1924 5817 2213 5885 templatus
2244 5824 2345 5871 est.
2375 5816 2589 5884 Alioqui
2622 5815 2703 5871 vel
2754 5815 2869 5885 ipsa
2909 5814 2974 5870 de
3005 5814 3115 5869 Deo
3150 5812 3309 5867 Patre
3353 5825 3477 5865 con-
