4302 6370
836 392 968 456 112⁸1

2056 385 2354 444 NlCET/E
2394 383 2806 444 CHONIAT/E

3931 395 4080 458 1128

826 519 985 580 cepta
1037 507 1187 562 notio
1214 545 1230 570 ,
1272 503 1390 559 Filii
1442 515 1661 571 quoque
1709 511 1765 554 et
1806 499 2046 569 Spiritus
2101 498 2394 553 essentiam
2423 500 2475 558 Α
2504 511 2702 568 potest,
2739 514 2847 569 qua
2882 514 2969 553 res
2999 501 3354 570 expetendas,
3401 511 3456 555 et
3478 517 3606 558 suos
3637 504 3866 559 eﬂectus
3901 520 4082 560 causa

825 606 1220 653 commonstrat
1271 602 1327 647 et
1374 591 1682 645 confirmat.
1725 590 1858 644 Nam
1916 589 2037 642 Filii
2097 588 2260 642 Pater
2313 598 2396 641 est

829 701 888 744 et
914 691 1086 744 Patris
1115 686 1307 747 Filius,
1332 697 1536 751 eosque
1576 695 1679 734 una
1707 688 1764 734 et
1793 683 1981 732 eadem
2014 687 2208 731 natura
2233 678 2396 730 eﬂor-

832 790 965 835 mat.
1011 777 1249 846 Spiritus
1293 775 1481 827 itidem
1526 771 1754 825 alterius
1809 768 2113 838 cuiuspiam
2169 770 2398 836 Spiritus

831 883 915 928 est
939 914 952 933 ,
983 871 1102 939 eius
1131 868 1389 921 nimirum
1426 865 1581 932 cuius
1628 870 1683 915 et
1720 861 1943 914 dicitur.
1998 859 2066 912 lis
2113 860 2294 927 itaque
2329 862 2397 914 de

830 965 1012 1020 causis
1069 960 1520 1028 Trishypostata,
1579 955 1684 1007 hoc
1731 962 1853 1016 est,
1918 952 2089 1004 tribus
2141 958 2398 1003 constans

831 1053 1082 1123 personis
1112 1051 1376 1105 Divinitas
1423 1048 1606 1100 animo
1650 1060 1714 1098 ex
1759 1045 2019 1113 symbolis
2051 1044 2285 1112 primum
2331 1041 2398 1094 ab

832 1146 941 1198 illis
963 1152 1224 1210 concepta
1245 1149 1348 1200 est,
1377 1138 1471 1205 qui
1501 1152 1682 1190 rerum
1717 1135 2028 1187 divinarum
2059 1131 2396 1202 pmscientia

831 1237 1148 1289 claruerunt
1188 1246 1199 1279 :
1237 1231 1410 1298 palam
1445 1242 1574 1281 vero
1609 1237 1663 1280 et
1693 1225 1982 1294 perspicue
2017 1235 2131 1276 tum
2157 1223 2398 1286 demum,

832 1340 956 1377 cum
991 1338 1057 1375 ex
1088 1321 1375 1375 Trinitatis
1419 1301 1670 1388 personis
1701 1331 1806 1370 una
1842 1315 2124 1370 nobiscum
2152 1314 2205 1365 in
2236 1327 2400 1366 carne

830 1423 1044 1469 versata
1087 1422 1192 1467 εει.

1486 1522 1637 1577 CAP.
1685 1521 1751 1575 11.

836 1642 941 1694 Ct-r
989 1643 1262 1696 Trinitatis
1310 1641 1616 1710 mysterium
1692 1635 1984 1710 ministerio
2037 1631 2184 1710 Verbi
2236 1633 2402 1698 potius

1079 1729 1238 1780 quam
1279 1712 1498 1762 hominis
1528 1707 1822 1775 cujuspiam
1849 1707 2154 1756 innotuerit.

909 1823 1178 1874 Caeterum
1230 1821 1406 1873 Verbo
1465 1816 1708 1870 muneris
1781 1815 1832 1867 id
1885 1813 2271 1874 conveniebat,
2342 1821 2400 1863 ut
2438 1836 2474 1888 Β

839 1913 1119 1966 Trinitatis
1143 1912 1465 1982 mysterium
1500 1907 1704 1961 mundo
1736 1905 2088 1975 patefaceret,
2119 1912 2178 1957 ut
2221 1903 2401 1955 homi-

838 2021 937 2058 nes
964 2022 991 2058 a
1032 2007 1141 2059 Deo
1171 2021 1235 2058 ea
1294 2019 1416 2072 qua:
1447 2000 1540 2055 Dei
1570 2011 1697 2054 sunt
1749 1997 1952 2059 edocti,
2003 1995 2148 2049 haud
2181 1994 2402 2048 dubiam

839 2098 906 2149 de
940 2097 1007 2149 iis
1027 2098 1341 2164 opinionem
1369 2094 1743 2160 conciperent.
1773 2089 1906 2142 Nam
1934 2087 1978 2140 si
2018 2102 2047 2139 a
2083 2084 2396 2138 mortalium

841 2189 1026 2256 aliquo
1095 2188 1354 2240 traditum
1413 2185 1628 2245 fuisset,
1699 2195 1981 2247 nunquam
2033 2178 2083 2229 id
2149 2174 2408 2244 ponderis

842 2279 984 2346 apud
1037 2293 1220 2332 rerum
1277 2275 1590 2328 divinarum
1658 2271 1939 2324 studiosos
1993 2267 2294 2326 habuisset,
2349 2273 2408 2316 ut

844 2373 1005 2427 facile
1073 2371 1484 2441 suspiciendum
1546 2367 1870 2420 videretur:
1941 2359 2405 2432 quemadmodum

843 2467 992 2519 verbi
1042 2466 1232 2534 gratia,
1282 2463 1532 2517 Mosaicis
1583 2459 1801 2525 scriptis
1868 2455 2188 2510 usuvenisse
2249 2467 2407 2522 syco-

846 2559 1060 2627 phanta:
1091 2557 1361 2609 affirmare
1422 2553 1536 2606 ausi
1567 2563 1697 2605 sunt
1751 2552 1849 2618 (3),
1879 2563 2117 2617 quorum
2143 2546 2249 2600 alia
2291 2545 2410 2613 qui-

844 2653 967 2701 dem
1004 2662 1033 2698 a
1055 2647 1164 2699 Deo
1191 2643 1524 2713 legislature,
1569 2640 1674 2692 alia
1707 2654 1838 2692 vero
1879 2654 1908 2690 a
1935 2638 2082 2690 Mose
2113 2635 2410 2703 populique

845 2737 1156 2792 senioribus
1187 2733 1527 2804 promulgata
1556 2732 1833 2784 dixerunt.
1864 2732 2042 2797 Atque
2093 2727 2258 2795 huius
2310 2740 2408 2793 po-

848 2830 1100 2886 sterioris
1130 2828 1407 2896 Opinionis
1439 2841 1590 2894 ergo,
1670 2839 1738 2877 ne
1770 2823 1906 2891 legis
1962 2822 2184 2890 quidem
2216 2819 2414 2872 divinae

851 2925 1058 2977 cultum
1094 2918 1406 2989 huiusmodi
1468 2916 1686 2984 scriptis
1739 2914 2128 2967 exhibuerunt.
2181 2912 2316 2963 Nam
2368 2912 2413 2962 si

849 3023 1202 3084 posteaquam
1253 3013 1367 3078 ipse
1419 3009 1672 3062 Christus
1732 3004 2058 3073 theologiam
2113 3003 2258 3055 illam
2287 3015 2415 3069 pro-

848 3106 1031 3160 fessus
1092 3113 1196 3164 est,
1233 3116 1354 3169 qua:
1409 3110 1464 3152 et
1514 3100 1566 3151 in
1597 3097 1806 3150 unitate
1865 3095 2196 3156 Divinitatis,
2250 3099 2306 3146 et
2355 3092 2407 3144 in

854 3197 1093 3251 trinitate
1151 3205 1505 3262 personarum
1571 3188 1851 3253 eluccscit,
1933 3187 2205 3249 nonnulli,
2269 3185 2416 3236 velut

851 3289 1168 3340 adulterina:
1196 3284 1443 3352 quaedam
1473 3281 1734 3336 daemonis
1772 3287 2025 3342 monetae,
2056 3279 2233 3330 exorti
2265 3287 2412 3339 sunt,

851 3380 944 3448 qui
985 3379 1079 3431 Dei
1129 3378 1464 3445 maiestatem
1534 3373 1684 3424 nullo
1745 3369 1905 3422 modo
1952 3368 2193 3429 reveriti,
2243 3381 2272 3420 a
2313 3367 2418 3419 ﬁde

853 3468 1180 3523 diverticula
1239 3463 1774 3520 subintroducereut,
1835 3475 1864 3512 a
1917 3459 2135 3526 quibus,
2199 3470 2416 3524 quaeso,

853 3557 1039 3610 verbis
1071 3556 1173 3607 sibi
1211 3561 1607 3621 temperassent
1636 3550 1909 3609 homines,
1949 3548 1993 3600 si
2042 3547 2418 3600 abstrusarum

857 3664 1062 3712 rerum,
1091 3647 1323 3700 necdum
1357 3659 1386 3697 a
1431 3657 1704 3712 quoquam
1753 3648 2106 3693 traCtatarum
2167 3639 2422 3691 doctores

862 3739 1091 3792 fuissent
1114 3737 1136 3788 Τ

1486 3845 1637 3899 CAP.
1703 3843 1794 3898 111.

864 3959 1172 4014 Incarnatio
1199 3958 1389 4012 Christi
1414 3958 1753 4008 certissimum
1786 3956 1976 4008 divina:
2031 3970 2157 4023 erga
2191 3970 2282 4007 nos
2305 3969 2425 4024 pro-

1318 4029 1554 4079 uidentiw
1579 4036 1966 4094 argumentum.

934 4142 1030 4197 Dei
1075 4157 1240 4212 porro
1315 4139 1616 4209 maiestatis
1680 4137 2198 4192 excellentissimum
2265 4153 2424 4205 Opus,

867 4235 1225 4306 eiusdemque
1294 4233 1652 4301 providentia:
1710 4247 1837 4301 erga
1894 4247 1992 4284 nos
2046 4241 2428 4300 argumentum

863 4326 1298 4380 eﬁicacissimum
1357 4322 1479 4376 inde
1511 4321 1769 4384 innotuit,
1825 4323 1967 4389 quod
1999 4321 2168 4374 Filius
2199 4336 2421 4375 carnem

867 4415 1240 4484 assumpserit,
1308 4422 1363 4465 et
1410 4427 1581 4480 usque
1641 4411 1708 4464 ad
1769 4421 1999 4464 mortem
2063 4413 2244 4464 crucis
2311 4426 2430 4464 sese

2499 590 2778 656 pracedit,
2815 590 2907 658 qui
2933 599 3120 643 tamen
3157 592 3391 645 diversa:
3440 601 3666 655 naturae,
3701 594 4080 662 posteriores-

2497 695 2604 748 que
2636 690 2880 750 tempore
2907 697 3014 735 non
3053 681 3182 745 sint,
3215 682 3310 736 sed
3344 693 3546 737 eterna
3585 685 3773 751 potius
3831 695 4079 738 coaeter—

2498 784 2694 822 norutn
2752 770 3047 825 eﬂ‘ectuum
3100 787 3263 826 causa
3305 773 3400 838 sit,
3430 773 3677 843 eiusdem
3719 774 4079 836 substantise,

2501 860 2616 914 sola
2710 863 3047 929 prOprietate
3131 864 3371 930 dempta,
3463 865 3762 933 particeps.
3850 864 4082 917 Primus

2499 953 2648 1006 enim
2710 963 2884 1021 pater,
2917 954 3192 1008 secundus
3252 955 3522 1022 genitura,
3560 958 3753 1010 tertius
3788 958 4081 1025 processio

2501 1043 2724 1098 dicitur.

3150 1136 3302 1192 CAP.
3333 1137 3420 1192 IV.

2503 1242 2942 1316 Cum‘Divinitas
2993 1246 3272 1314 ineﬁabilis
3293 1250 3359 1299 sit
3410 1258 3458 1300 et
3507 1251 4075 1316 incomprehensibilis.

2571 1312 2659 1380 qui
2701 1315 2882 1386 ﬁttut
2929 1333 2960 1366 a
3001 1312 3207 1386 Christo
3251 1320 3304 1368 in
3340 1316 3579 1383 Patrem,
3616 1312 3816 1371 Filium
3849 1329 3898 1370 et
3951 1318 4082 1386 Spi-

2577 1386 2736 1433 ritum
2771 1384 3036 1434 dividatur
3063 1385 3087 1434 .’

2577 1494 2734 1559 Quod
2798 1495 2841 1549 si
2880 1510 2994 1548 rem
3030 1496 3201 1565 ipsam
3259 1498 3424 1552 altius
3463 1508 3627 1568 atque
3681 1503 4086 1554 convenienter

2504 1585 2618 1637 Deo
2666 1585 3058 1654 disquiramus,
3125 1598 3318 1640 natura
3377 1591 3560 1643 divina
3605 1592 3753 1644 omni
3804 1608 3869 1645 ex
3921 1602 4083 1658 parte

2507 1673 2802 1728 ineﬂ‘abilis
2857 1687 2963 1740 est,
2995 1687 3050 1731 et
3094 1678 3686 1747 incomprehensibilis,
3709 1696 3810 1735 nec
3837 1680 3887 1732 id
3927 1682 4084 1748 quod

2510 1780 2566 1818 re
2598 1766 2712 1834 ipsa
2754 1775 2840 1819 est
2890 1778 2986 1821 aut
3025 1769 3261 1821 humana
3309 1771 3430 1839 capi
3468 1772 3677 1825 ratione
3708 1787 3768 1826 ac
3820 1774 4087 1833 revelari,

2505 1869 2598 1909 aut
2622 1859 2869 1911 oratione
2925 1859 3030 1910 ulla
3066 1860 3301 1928 exprimi
3338 1871 3538 1928 potest.
3574 1861 3641 1914 Et
3668 1864 3927 1929 quamvis
3961 1861 4087 1914 Tri-

2506 1950 2755 2016 nitatem,
2815 1953 3067 2020 quamvis
3128 1955 3421 2019 unitatem,
3467 1957 3718 2022 quamvis
3768 1954 3991 2007 Patrem
4031 1964 4087 2007 et

2509 2043 2727 2102 Filium,
2757 2050 2812 2094 et
2843 2043 3130 2111 Spiritum,
3161 2046 3412 2113 quamvis
3434 2045 3672 2114 denique
3715 2045 4080 2097 Diviuitatem

2510 2133 2652 2185 illam
2685 2131 3316 2200 incomprehensibilem,
3354 2146 3407 2190 et
3445 2147 3695 2189 naturam
3736 2139 4079 2190 ineffabilem

2510 2223 2593 2277 vel
2623 2224 2804 2277 animo
2834 2226 3236 2293 concipiamus,
3271 2229 3356 2282 vel
3384 2229 3596 2282 ratione
3627 2231 4083 2296 pronuntiemus,

2512 2315 2601 2367 illa
2633 2331 2743 2368 non
2787 2317 2852 2370 iis
2873 2318 3056 2379 rebus,
3097 2318 3191 2370 sed
3223 2333 3387 2386 snpra
3417 2335 3510 2373 eas
3551 2321 3822 2373 consistit.
3865 2319 3950 2372 Ex
3972 2337 4087 2388 quo

2513 2408 2594 2468 lit,
2628 2417 2686 2459 ut
2733 2408 2935 2462 divina:
2998 2420 3209 2462 natura:
3258 2425 3438 2477 neque
3499 2412 3651 2479 prior
3689 2412 3846 2464 locus
3901 2427 4089 2480 neque

2514 2499 2787 2567 posterior
2834 2502 3242 2554 accommodari
3279 2503 3562 2556 commode
3602 2503 3795 2570 possit,
3828 2503 3927 2557 sed
3968 2519 4091 2556 om-

2515 2593 2665 2644 niutn
2731 2607 3019 2660 supremus
3097 2593 3380 2654 duntaxat,
3441 2605 3627 2662 utpote
3681 2610 3801 2662 qua:
3859 2610 4087 2649 omnem

2515 2698 2804 2736 numerum
2851 2692 2902 2736 et
2937 2687 3204 2737 unitatum
3233 2684 3686 2752 excogitationem
3738 2687 3981 2748 excedit,
4043 2691 4088 2740 si

2515 2775 2706 2827 saltem
2739 2789 3004 2827 numerus
3033 2785 3087 2827 et
3113 2777 3292 2828 unitas
3315 2780 3456 2828 circa
3482 2777 3822 2829 substantias
3858 2793 4091 2831 versen-

2519 2874 2629 2929 tur,
2659 2865 2802 2919 Deus
2844 2874 3025 2918 autem
3067 2883 3229 2933 supra
3275 2867 3635 2920 substantiam
3687 2869 3780 2920 sit.
3823 2868 4090 2923 Servator

2520 2967 2698 3009 tamen
2729 2967 2934 3020 noster,
2972 2966 3030 3010 ut
3079 2957 3396 3011 nominibus
3429 2968 3485 3010 et
3525 2959 3688 3011 rebus
3714 2960 3871 3013 nobis
3925 2961 4088 3016 fami-

2518 3049 2747 3102 liaribus
2787 3051 2850 3101 ad
2873 3064 2935 3101 ea
2963 3064 3063 3102 nos
3088 3051 3410 3112 deduceret,
3464 3068 3586 3120 qua:
3620 3068 3782 3120 supra
3830 3063 4087 3107 naturam

2445 3154 2489 3214 (ς
2524 3141 2700 3208 posita
2740 3149 2887 3203 sunt,
2939 3139 3253 3208 ditinisque
3301 3139 3440 3194 adeo
3491 3144 3766 3210 mysteriis
3812 3144 4090 3209 initiaret,

2519 3231 2767 3283 oratione
2815 3245 2910 3283 sua
2946 3231 3088 3283 Patri
3131 3233 3392 3300 primum,
3442 3233 3579 3286 Filio
3630 3236 3885 3296 alterum,
3960 3235 4087 3303 Spi-

2523 3323 2766 3389 ritttique
2791 3334 2981 3374 sancto
3021 3324 3243 3376 tertium
3304 3326 3481 3376 locum
3515 3325 3786 3388 attribuit,
3849 3341 3978 3378 cum
4011 3330 4087 3380 sic

2521 3414 2826 3481 discipulos
2893 3429 3023 3467 suos
3070 3415 3414 3482 alloquitur:
3471 3416 3665 3468 Euntes
3698 3417 3873 3468 docete
3909 3433 4089 3468 omnes

2521 3514 2719 3573 gentes,
2754 3504 3078 3573 baptizantes
3098 3522 3186 3559 eos
3223 3509 3278 3558 in
3318 3509 3528 3560 nomine
3555 3507 3756 3571 Patris,
3786 3517 3833 3560 et
3869 3505 4021 3570 Filii,
4044 3519 4088 3560 et

2520 3594 2746 3665 Spiritus
2774 3599 2942 3650 sancti
2972 3597 3010 3649 ’.

3184 3688 3333 3741 CAP.
3376 3689 3441 3741 V.

2523 3799 2941 3853 Consentaneum
2969 3799 3147 3866 fuisse,
3179 3808 3235 3850 ut
3263 3800 3355 3850 Dei
3392 3797 3559 3850 Filius
3607 3799 3832 3851 hominis
3877 3815 4087 3866 quoque

2599 3871 2760 3922 filius
2812 3870 3093 3928 diceretur,
3138 3869 3356 3936 ﬁerique
3402 3885 3502 3919 non
3543 3871 3767 3936 potuisse
3821 3878 3876 3920 ut
3925 3873 4008 3920 rei
4035 3871 4094 3919 ab

2595 3943 2802 3992 nomine
2839 3943 3089 4001 humano,
3115 3937 3191 3989 vel
3213 3944 3274 3989 ab
3314 3939 3501 4006 angelo
3530 3949 3847 3989 servaretur.

2599 4053 2714 4105 Hoc
2751 4063 2934 4105 autem
2964 4066 3140 4118 neque
3165 4051 3313 4103 Patri
3355 4066 3383 4103 a
3414 4061 3607 4102 natura
3645 4051 4094 4120 insitum,neque

2528 4144 2716 4197 divino
2780 4145 2910 4196 item
2977 4142 3206 4212 Spiritui
3254 4153 3686 4196 consentaneum
3732 4154 3872 4206 erat,
3928 4154 3992 4196 ut
4041 4145 4094 4196 in

2533 4235 3044 4297 tcrra.videretur,
3103 4244 3158 4286 et
3223 4234 3508 4287 nobiscum
3573 4234 3938 4287 coalesceret.
3996 4234 4094 4298 Qui

2531 4326 2680 4380 enim
2733 4325 2848 4378 ﬁeri
2903 4335 3107 4393 posset.
3163 4333 3223 4376 ttt
3291 4326 3387 4393 qui
3455 4326 3626 4378 nullis
3703 4340 3812 4377 non
3881 4327 4094 4378 saeculis

2535 4419 2754 4470 insitam
2839 4400 2942 4468 sibi
3026 4417 3410 4482 paternitatetn
3484 4417 3838 4484 praedicabat,
3930 4417 4095 4470 Filius

867 4504 1254 4561 exinaniverit.
1283 4503 1418 4557 Cum
1442 4504 1586 4555 enim
1634 4501 1721 4553 ille
1749 4501 1844 4554 Dei
1875 4501 2050 4568 imago
2076 4501 2432 4554 immutabilis
2467 4473 2506 4526 θ
2538 4507 2781 4561 hominis
2804 4473 3057 4559 audiret'?
3090 4506 3173 4558 vel
3205 4506 3367 4558 etiam
3403 4473 3649 4572 Spiritus
3691 4506 3777 4558 ille
3813 4505 4091 4572 coadiutoi

869 4610 926 4653 et
948 4598 1212 4651 naturalis
1249 4605 1414 4659 esset,
1449 4609 1657 4662 nosque
1712 4591 1966 4661 imaginis
2015 4591 2163 4644 illius
2217 4591 2434 4656 divinze,

873 4691 940 4744 ad
977 4705 1139 4760 quam
1175 4687 1445 4741 en'ormati
1500 4686 1781 4739 fueramus
1839 4686 2210 4737 characterem
2247 4699 2439 4737 corru-

874 4785 1167 4852 pissemus,
1189 4779 1331 4832 idem
1355 4779 1444 4831 ille
1461 4779 1553 4846 qui
1585 4788 1644 4831 ut
1666 4778 1721 4830 in
1741 4791 1925 4830 rerum
1957 4785 2151 4828 natura
2173 4791 2436 4838 essemus,

874 4875 1154 4937 effecerat,
1179 4880 1444 4924 creaturae
1471 4886 1581 4924 sua:
1625 4870 2080 4922 restaurationem
2115 4867 2168 4920 in
2200 4881 2256 4919 se
2288 4881 2441 4920 recc-

875 4966 976 5037 pit,
1007 4973 1168 5032 atque
1200 4961 1335 5014 adeo
1365 4961 1725 5013 ὲνυπὸστατον
1785 4959 1942 5023 illud,
1981 4959 2085 5012 hoc
2117 4969 2222 5023 est,
2256 4975 2351 5028 per
2381 4973 2440 5013 se

877 5057 1184 5114 subsistens
1243 5053 1338 5107 Dei
1378 5054 1640 5117 Verbum,
1687 5054 1844 5108 Patre
1880 5053 2153 5121 propriam
2213 5053 2439 5122 gloriam

879 5165 987 5203 non
1045 5155 1302 5213 exuente,
1369 5147 1710 5202 incarnatutn
1736 5145 1790 5197 in
1839 5146 2001 5198 terris
2049 5146 2320 5214 apparuit,
2383 5155 2434 5198 et

880 5256 976 5294 eos
1015 5241 1106 5309 qui
1141 5256 1171 5293 a
1203 5241 1413 5292 ratione
1442 5228 1798 5300 deﬂexerant,
1828 5237 1894 5290 ad
1917 5238 2243 5305 brutamque
2269 5238 2436 5291 vitam

882 5333 1239 5396 diverterant,
1301 5331 1482 5384 denuo
1527 5329 1594 5381 ad
1627 5329 1858 5382 rationis
1891 5338 1946 5382 et
2007 5329 2320 5383 intellectus
2353 5329 2437 5381 di-

881 5429 1140 5493 gnitatem
1176 5421 1469 5476 revocavit.
1497 5421 1655 5474 Pater
1677 5431 1856 5474 autem
1876 5420 2074 5474 ordine
2103 5421 2317 5485 Filium,
2352 5420 2440 5473 Fi-

889 5517 1109 5584 liusque
1167 5513 1431 5583 Spiritum
1483 5513 1794 5582 praecedere
1835 5513 2025 5567 eadem
2077 5515 2290 5569 ratione
2331 5515 2438 5568 dici

948 5653 965 5681 ⁷
1008 5651 1197 5706 Matth.
1231 5667 1416 5717 xxvtn,
1453 5654 1538 5707 19.
1611 5653 1631 5684 ⁸
1662 5651 1820 5708 Joan.
1854 5669 1961 5716 xiv,
1987 5655 2078 5708 26.

956 5781 1031 5832 (Si
1065 5782 1389 5840 Ptolemaeus
1424 5785 1475 5839 in
1505 5787 1694 5843 primis
1719 5788 1847 5843 infr.
1883 5788 1978 5843 lib.
2012 5807 2062 5844 iv
2112 5807 2159 5847 c.
2197 5792 2249 5846 5.

2535 4607 2591 4650 et
2639 4597 2935 4665 perfector,
2992 4610 3298 4663 eorumque
3359 4598 3732 4656 contirmator,
3768 4608 3891 4661 quae
3933 4595 4098 4646 Filius

2537 4702 2604 4739 ex
2649 4687 2823 4739 nihilo
2863 4686 2929 4738 ad
2984 4685 3036 4738 id
3069 4690 3212 4754 qttod
3245 4694 3330 4738 est
3366 4685 3420 4737 in
3477 4700 3670 4737 rerum
3709 4694 3909 4736 natura
3975 4699 4097 4752 pro-

2539 4781 2716 4843 duxit,
2782 4789 2946 4848 prout
3003 4779 3250 4848 plerique
3285 4767 3504 4845 scriptis
3553 4781 3667 4832 suis
3722 4787 4094 4835 asseruerunt.

2539 4871 2648 4925 imo
2686 4872 2770 4925 vel
2804 4871 2917 4940 ipsc
2943 4871 3205 4926 Servator
3235 4870 3288 4922 in
3317 4870 3648 4939 Evangeliis,
3683 4868 3738 4920 in
3784 4868 3991 4936 quibus
4035 4867 4096 4919 dc

2537 4963 2743 5032 Spiritu
2769 4973 2955 5016 sancto
2985 4962 3265 5016 disserens
3285 4961 3587 5028 discipulos
3619 4961 3703 5014 his
3751 4959 3941 5012 verbis
3965 4959 4095 5010 alto-

2537 5057 2764 5123 quitur:
2794 5053 3103 5108 Paracletus
3157 5064 3336 5106 autem
3380 5051 3608 5120 Spiritus
3659 5062 3895 5113 sanctus,
3951 5064 4096 5116 quem

2539 5151 2706 5200 mittet
2749 5147 2908 5200 Pater
2939 5147 2993 5198 in
3020 5147 3223 5198 nomine
3253 5159 3384 5208 meo,
3418 5143 3509 5196 ille
3538 5159 3623 5195 vos
3657 5142 3852 5194 docebit
3902 5141 4096 5199 omnia,

2539 5251 2588 5296 et
2617 5248 2855 5310 suggeret
2893 5240 3029 5292 vobis
3067 5253 3384 5307 quaecunque
3413 5238 3523 5289 dixi
3555 5235 3694 5289 vobis
3716 5236 3760 5286 '.
3791 5235 3946 5294 Item,
3976 5230 4097 5284 Cum

2543 5343 2721 5388 autem
2751 5335 2944 5386 venerit
2975 5331 3306 5395 Paracletus,
3339 5345 3492 5398 quem
3556 5343 3646 5396 ego
3681 5327 3886 5377 mittam
3942 5325 4095 5378 vobis,

2539 5426 2769 5495 Spiritus
2820 5425 3078 5486 veritatis,
3137 5425 3225 5490 qui
3264 5439 3296 5474 a
3336 5419 3496 5474 Patre
3546 5417 3802 5487 procedit,
3840 5415 3931 5467 ille
3964 5415 4096 5465 testi-

2541 5519 2769 5572 monium
2805 5517 2932 5572 feret
2979 5517 3040 5568 de
3080 5531 3160 5568 me
3185 5517 3228 5568 '.
3263 5511 3366 5568 Sed
3403 5513 3506 5566 hoc
3544 5524 3573 5562 a
3631 5509 3838 5563 ratione
3871 5519 3979 5558 non
4013 5505 4098 5555 ab-

2154 5658 2174 5687 ’
2198 5657 2352 5712 Joan.
2382 5673 2474 5724 xv,
2515 5659 2604 5714 9.6.
