4302 6370
218 398 355 463 I129

212 506 495 564 horrebat,
533 508 593 554 ut
616 496 709 567 qui
744 493 838 549 Dci
880 486 1048 545 Filius
1075 492 1242 547 esset,
1283 479 1524 533 hominis
1553 486 1771 543 quoque
1802 477 1845 530 Α

211 602 382 657 Filius
416 565 707 651 evaderet;
737 596 792 640 et
838 575 1294 650 quemadmodum
1323 571 1493 624 vitam
1536 565 1774 619 homini-

215 694 323 747 bus
377 687 609 755 largitus
659 687 797 739 erat,
828 675 901 729 ita
956 669 1115 725 nobis
1141 677 1360 734 quoque
1399 674 1508 714 non
1566 667 1775 712 tantum

212 784 400 842 vitam,
454 744 548 830 sed
581 775 779 826 bonam
820 764 984 818 ctiam
1019 761 1187 812 vitam
1224 751 1466 805 adventu
1521 760 1625 801 suo
1660 744 1773 797 lar—

214 874 450 942 giretur,
485 865 651 921 salvis
678 858 941 913 ambabus
976 847 1188 905 naturis
1218 863 1230 897 :
1288 842 1495 905 divina,
1535 838 1777 904 inquam,

219 935 341 1033 qua:
370 959 556 1013 eadem
586 953 761 1023 prima
812 958 919 1007 est,
979 950 1035 996 et
1074 936 1313 993 hominis
1365 938 1583 999 captum
1628 935 1778 978 tran-

218 1016 478 1112 ;cenilit;
518 1058 732 1099 necnon
768 1041 1026 1098 humana,
1083 1041 1246 1099 quam
1302 1029 1525 1091 propter
1571 1031 1670 1071 nos
1715 1016 1781 1068 ad

221 1105 718 1210 tempus'speciali
760 1126 992 1196 quadam
1055 1116 1391 1189 preprietate
1466 1105 1781 1175 assumpsit.

219 1200 543 1287 Praesertim-
580 1222 708 1292 quia
741 1216 980 1273 hominis
1013 1211 1174 1277 culpa
1232 1206 1437 1259 factum
1472 1200 1673 1260 fuerat,
1727 1203 1786 1247 ut

221 1326 388 1377 homo
419 1318 593 1373 salute
629 1309 1038 1366 excluderetur,
1095 1299 1184 1352 cui
1217 1291 1617 1361 consequentia:
1648 1285 1783 1341 nihil

222 1411 461 1467 Mosaica
512 1407 619 1469 lex,
652 1401 790 1455 nihil
842 1391 1179 1465 prophetica:
1218 1384 1607 1459 praedictiones
1660 1392 1788 1447 pro—

219 1503 381 1555 desse
430 1501 745 1567 potuerant,
793 1486 928 1540 nihil
968 1483 1204 1550 denique
1255 1475 1574 1544 angelorum
1637 1469 1786 1539 quis-

218 1594 363 1660 piam
418 1561 576 1639 nobis
614 1582 719 1634 hac
771 1578 827 1630 in
852 1590 910 1629 re
962 1571 1213 1642 proferre
1255 1578 1415 1635 posse
1461 1561 1785 1616 videretur:

222 1648 439 1733 iametsi
495 1674 600 1727 hoc
650 1671 761 1723 Deo
803 1678 967 1733 supra
1014 1659 1237 1713 modum
1288 1653 1586 1715 arrisisset,
1641 1648 1786 1719 quod

223 1764 395 1817 rebus
423 1760 712 1815 hominum
762 1747 1060 1819 deploratis
1116 1757 1359 1814 praesens
1405 1738 1704 1795 remedium
1735 1747 1789 1789 et

225 1854 293 1907 ad
324 1847 753 1921 recuperandam
788 1844 1023 1896 salutem
1050 1834 1483 1891 efﬁcacissimum
1540 1829 1784 1884 afferret.

226 1945 330 2011 Qui
360 1944 505 1997 enim
546 1936 665 1990 ﬁeri
718 1931 1011 2003 potuisset,
1046 1935 1106 1981 ut
1157 1925 1387 1992 simplex
1440 1923 1629 1983 homo,
1686 1930 1791 1970 nec

226 2006 394 2088 ullius
423 2025 729 2084 divinitatis
778 2021 1073 2092 particeps.
1121 2030 1285 2071 unam
1325 2011 1683 2092 eamdemque
1733 2006 1790 2058 in

230 2126 393 2179 ﬁdem
468 2131 658 2191 gentes
710 2085 1089 2183 congregaret,
1154 2108 1370 2174 illisque
1439 2085 1794 2155 'caeremoniis

237 2220 398 2269 tinem
453 2187 782 2279 imponeret,
838 2204 1042 2273 quibus
1097 2200 1183 2253 lex
1224 2192 1494 2251 obnoxios
1546 2204 1647 2244 nos
1678 2187 1792 2242 effi—

231 2302 462 2359 ciebat?
500 2302 582 2354 vel
622 2299 787 2351 etiam
816 2293 1008 2349 eadem
1054 2294 1324 2357 potestate
1382 2283 1459 2337 uti
1482 2280 1791 2349 Epotuisset,

231 2408 338 2459 qua
354 2390 606 2445 Christus
621 2387 813 2446 utitur,
836 2383 921 2434 his
938 2377 1119 2433 verbis
1143 2394 1164 2428 ι
1188 2374 1293 2426 Lex
1317 2371 1528 2441 quidem
1550 2370 1647 2432 ait,
1674 2365 1796 2418 Non

232 2458 564 2536 nime/iuberis
582 2492 599 2527 :
616 2492 707 2543 ego
733 2481 927 2533 autem,
952 2466 1028 2519 Ne
1048 2466 1313 2519 mulierem
1333 2462 1537 2531 quidem
1558 2458 1795 2525 aspicies,

235 2576 303 2629 ad
337 2566 801 2639 concupiscendam
832 2577 949 2615 eam
978 2560 1045 2622 ‘°,
1099 2567 1156 2611 et
1186 2568 1307 2623 quas
1356 2561 1685 2619 sequuntur,
1732 2562 1798 2601 eo

234 2660 454 2730 quidem
482 2672 645 2711 sensu
674 2650 1015 2719 accipienda,
1050 2654 1111 2698 ut
1140 2643 1205 2697 ad
1228 2644 1362 2711 legis
1385 2640 1797 2711 perfectionem,

236 2729 344 2805 non
375 2759 557 2802 autem
594 2746 660 2799 ad
710 2739 1141 2796 destructionem
1174 2734 1321 2787 dicta
1377 2741 1434 2786 et
1475 2730 1671 2784 tradita
1716 2729 1799 2781 in-

238 2840 576 2907 telligantur.
637 2831 745 2886 Sed
796 2844 865 2883 ne
902 2827 1172 2880 malorum
1225 2820 1447 2890 quidem
1504 2818 1798 2886 spirituum

237 2931 385 2984 vires
415 2928 693 2982 infirmare
738 2921 1006 2993 potuisset
1035 2916 1279 2985 angelus,
1334 2911 1635 2981 praesertim
1673 2923 1798 2963 cum

245 3023 532 3091 Scriptura
590 3032 689 3071 nos
736 3020 975 3074 moneat,
1037 3007 1354 3061 Michaelem
1415 3000 1798 3070 archangelum

1472 362 1862 430 TIIESAURI
1906 359 2049 418 LlIl.
2094 357 2183 415 Il.

3299 338 3428 403 1130

1878 468 2143 521 unitatem
2214 460 2649 530 supr-rnaturalis
2686 459 2805 529 ejus
2841 448 3315 523 impartibilitatis,
3350 464 3437 500 ra-

1881 558 2031 612 tione
2084 559 2242 627 cujus
2299 562 2556 619 tanquam
2589 551 2803 602 unifiea:
2856 543 3134 616 petentia‘,
3191 539 3434 596 nitimur.

1879 650 2228 716 dividuisque
2285 643 2460 697 nostri
2516 639 2946 701 diversitatibus,
3001 647 3167 701 supra
3248 629 3438 683 mundi

1880 740 2044 807 hujus
2096 734 2491 796 conditionem,
2561 728 2922 795 complicatis,
2998 724 3051 776 in
3108 719 3440 775 Deiformcm

1881 826 2192 887 monadem,
2234 837 2463 890 eamque
2522 818 2794 872 unitatem
2827 814 3156 882 colligimur,
3200 824 3323 879 qua:
3350 808 3439 860 di-

1881 920 2067 971 vinam
2109 915 2255 967 illam
2295 913 2540 966 imitetur
2574 928 2586 963 :
2623 908 2818 978 partim
2850 920 3000 969 vero,
3028 904 3156 971 quia
3193 902 3437 955 Trinitas

1884 1008 1975 1069 sit,
2013 1006 2177 1059 trium
2231 1003 2445 1056 illarum
2516 1011 2877 1069 personarum
2939 993 3176 1056 ratione,
3217 1006 3337 1059 qua:
3371 1005 3437 1043 ex

1885 1095 2222 1151 fecunditate
2271 1088 2786 1161 supersubstantiali
2835 1087 3175 1147 elueescunt,
3227 1098 3295 1139 ex
3342 1098 3448 1151 qua

1886 1188 2123 1243 caelestis
2156 1185 2336 1240 omnis
2360 1182 2561 1237 familia
2592 1190 2648 1236 et
2668 1188 2816 1235 estet
2845 1178 3256 1233 denominatur.
3285 1175 3445 1235 Item,

1888 1279 2157 1332 Divinitas
2182 1277 2294 1339 illa,
2326 1288 2446 1343 quae
2476 1287 2661 1326 rerum
2695 1269 2941 1325 omnium
2976 1279 3197 1335 praeses,
3236 1274 3293 1318 ct
3325 1263 3449 1315 uni-

1891 1377 1971 1423 tas
1999 1375 2052 1421 et
2086 1365 2326 1420 Trinitas
2361 1361 2563 1415 celebri
2601 1360 2823 1414 nomine
2849 1358 3078 1419 dicitur,
3122 1368 3232 1407 non
3270 1368 3335 1406 ea
3370 1361 3455 1405 est

1889 1460 2069 1513 unitas
2096 1466 2150 1510 et
2176 1453 2437 1516 Trinitas,
2472 1466 2591 1520 quae
2620 1451 2705 1504 vel
2732 1448 2913 1514 nobis,
2947 1448 3032 1501 vel
3075 1445 3166 1500 alii
3199 1443 3451 1513 cuiquam

1888 1564 2079 1606 eorum
2118 1562 2238 1615 qua:
2286 1553 2416 1599 sunt
2454 1543 2782 1606 innotescat,
2841 1538 2937 1593 sed
2978 1547 3036 1591 ut
3078 1537 3248 1605 ipsius
3278 1537 3457 1588 unita-

1892 1653 1999 1695 tem
2033 1638 2243 1692 unitate
2282 1633 2429 1690 omni
2489 1633 2852 1701 superiorem,
2912 1628 3319 1696 Deigenamque
3375 1624 3427 1677 fc

1894 1730 2232 1785 cunditatem
2290 1741 2419 1781 vere
2472 1724 2780 1785 laudemus,
2833 1720 2981 1773 illam
3030 1718 3175 1772 trina
3234 1706 3456 1768 et'una

1825 1794 2205 1875 nDivinitatis
2263 1816 2630 1887 appellatione
2692 1811 3149 1867 denominamus:
3209 1820 3333 1860 cum
3383 1813 3462 1857 ta-

1893 1928 2015 1967 men
2066 1911 2248 1966 omnia
2293 1909 2514 1963 nomina
2572 1904 2946 1967 transcendat,
2986 1912 3042 1956 et
3093 1914 3283 1954 eorum
3341 1912 3463 1965 qua:

1893 2010 2021 2058 sunt
2062 2000 2355 2055 essentiam
2430 2005 2740 2065 exsuperet.
2790 1994 2948 2049 Nulla
3010 2006 3180 2061 porro
3256 1990 3460 2048 unitas,

1896 2100 1991 2146 aut
2048 2090 2314 2155 Trinitas,
2361 2098 2455 2143 aut
2486 2087 2666 2142 nullus
2697 2100 2959 2139 numerus
2982 2090 3079 2136 aut
3125 2082 3330 2143 unitas,
3369 2090 3465 2133 aut

1895 2182 2223 2246 fecunditas,
2251 2180 2463 2235 nullum
2493 2178 2731 2246 denique
2764 2176 2911 2230 aliud
2955 2190 3021 2228 cx
3050 2175 3117 2229 iis
3145 2189 3266 2243 quae
3311 2182 3462 2235 sunt,

1895 2274 2043 2343 quod
2082 2272 2304 2341 quidem
2333 2268 2630 2338 cognitioni
2670 2267 3021 2333 scientiaeque
3067 2273 3271 2334 pateat,
3304 2278 3463 2317 arca-

1898 2380 2029 2418 num
2058 2363 2190 2417 illud
2220 2362 2370 2417 nulla
2420 2362 2672 2415 oratione
2720 2359 2981 2428 nulloque
3041 2356 3324 2411 intellectu
3367 2370 3465 2409 ex-

1900 2456 2174 2527 plicabile,
2211 2464 2457 2524 relegere
2518 2460 2719 2521 potest,
2748 2450 2896 2520 quod
2930 2450 2985 2502 in
3023 2464 3086 2503 ea
3115 2462 3280 2517 super
3317 2447 3465 2500 Divi-

1900 2548 2071 2601 nitate
2108 2547 2271 2609 inest,
2306 2559 2425 2614 qua:
2474 2541 2779 2596 substantia
2822 2555 2919 2593 sua
2961 2540 3163 2593 nullam
3193 2553 3302 2592 non
3333 2538 3464 2591 sub-

1900 2637 2154 2692 stantiam
2182 2635 2369 2689 multis
2432 2634 2744 2704 parasangis
2797 2639 3113 2700 exsuperat.
3163 2630 3283 2697 Ipsa
3338 2645 3471 2683 vero

1900 2744 2077 2798 neque
2131 2728 2243 2781 ullo
2276 2727 2519 2791 nomine,
2573 2739 2754 2793 neque
2797 2724 2907 2777 ulla
2948 2722 3182 2785 ratione,
3220 2730 3315 2775 aut
3346 2736 3471 2775 ora-

1902 2823 2049 2876 tione
2098 2820 2328 2888 exprimi
2372 2829 2570 2888 potest,
2594 2818 2688 2873 sed
2722 2818 2776 2871 in
2808 2817 2940 2886 ipsis
2988 2816 3273 2886 adytorum
3308 2829 3475 2885 pene—

1903 2912 2152 2977 tralibus,
2178 2910 2335 2982 quasi
2360 2911 2426 2965 de
2444 2910 2624 2964 medio
2651 2909 2861 2964 sublata
2893 2906 3183 2961 delitescit.

2537 3021 2688 3077 CAP.
2720 3021 2834 3076 VII.

242 3129 369 3168 cum
419 3109 640 3165 diabolo
693 3105 914 3176 quidem
971 3113 1136 3166 super
1188 3095 1354 3149 Musis
1386 3106 1619 3161 corpore
1672 3105 1877 3187 conoc
1908 3111 2095 3181 Magn,-
2135 3110 2320 3187 Ban-m
2361 3126 2439 3187 ex.
2469 3108 2693 3187 ερίδιοφ
2752 3109 2819 3160 ad
2868 3109 3177 3187 angor-5E",
3228 3107 3470 3187 “atram,

242 3204 504 3262 tendisse,
540 3215 606 3252 eo
638 3208 817 3251 tamen
868 3192 1110 3247 audaciae
1149 3198 1495 3255 nequaquam
1540 3182 1799 3243 evasisse,

243 3304 303 3347 ut
335 3296 484 3346 illum
516 3300 775 3357 tanquam
824 3284 1201 3351 blasphemum
1254 3277 1663 3335 condemnaret.
1708 3273 1802 3327 sed

244 3385 334 3437 his
366 3382 629 3436 duntaxat
684 3376 865 3429 verbis
911 3389 1069 3427 usum
1120 3385 1239 3426 esse
1275 3386 1290 3425 :
1321 3372 1555 3435 Increpet
1596 3376 1643 3417 te
1698 3364 1803 3417 Do-

240 3475 436 3522 minus.
476 3468 617 3532 Quin
648 3477 702 3520 et
740 3463 915 3533 angeli
943 3465 996 3515 in
1025 3461 1246 3529 angelos
1274 3460 1584 3525 insurgunt,
1615 3471 1804 3523 quein-

244 3558 542 3613 admodum
600 3558 684 3608 vir
733 3556 824 3605 ille
854 3552 1253 3605 desideriorum
1318 3560 1371 3600 et
1415 3547 1801 3614 prophetarum

240 3645 752 3717 perspicacissimus
826 3642 1013 3695 Daniel
1078 3644 1193 3693 suis
1245 3638 1469 3705 scriptis
1547 3635 1802 3704 explicat.

239 3739 506 3804 Quocirca
541 3744 703 3804 prout
753 3733 1063 3801 Oportebat,
1091 3732 1166 3784 ita
1229 3730 1391 3783 etiam
1438 3738 1619 3781 creata
1676 3735 1806 3779 sunt

238 3833 445 3893 omnia,
473 3841 652 3886 creata
685 3846 814 3882 vero
850 3839 905 3881 et
944 3828 1084 3880 facta
1134 3833 1262 3877 sunt
1310 3825 1382 3876 ita
1422 3832 1480 3876 ut
1516 3831 1570 3876 et
1601 3822 1805 3875 mundo

240 3923 545 3986 salutifera,
615 3935 716 3975 nec
778 3918 888 3973 Deo
942 3916 1163 3984 indigna
1213 3922 1415 3968 essent.
1471 3915 1649 3981 Atque
1688 3914 1804 3967 haec

241 4016 526 4075 hactenus,
575 4010 789 4066 etiamsi
820 4010 955 4062 citra
1008 4021 1225 4061 omnem
1257 4006 1521 4058 orationis
1552 4014 1806 4058 ornatum

244 4106 391 4159 dicta
415 4105 544 4156 sint.
569 4102 685 4155 Jam
712 4101 959 4167 quaedam
1017 4096 1238 4163 scriptis
1284 4094 1591 4147 mandanda
1621 4110 1810 4164 super-

244 4205 394 4257 sunt,
429 4209 497 4247 ex
523 4192 725 4260 quibus
750 4187 1082 4244 sanctissimi
1119 4186 1313 4239 Patres
1357 4192 1413 4236 et
1443 4184 1683 4254 theologi
1710 4201 1809 4239 nos

245 4289 575 4347 docuerunt,
603 4282 863 4350 quidnam
896 4281 964 4334 de
980 4274 1493 4347 supersubstautiali
1536 4274 1810 4330 Trinitate

244 4375 593 4433 sentiendum
623 4374 713 4428 sit.

891 4507 1040 4562 CAP.
1073 4507 1163 4562 Vl.

244 4623 309 4675 Β.
342 4621 570 4689 Dionysii
585 4620 622 4672 Α
634 4622 935 4688 reopagita',
956 4635 1151 4689 e.ricap.
1174 4618 1231 4681 2,
1251 4619 1320 4670 De
1332 4620 1477 4671 unita
1502 4627 1548 4670 et
1568 4617 1809 4689 distincta

318 4686 597 4757 theologia,
621 4689 682 4741 de
722 4686 899 4750 Patre,
920 4701 966 4739 et
989 4688 1122 4743 Filio
1144 4698 1190 4739 et
1208 4689 1405 4755 Spiritu
1436 4697 1616 4740 sancta
1644 4686 1741 4756 (4).

324 4804 539 4857 Patrem
593 4802 811 4870 quidem
845 4802 1048 4855 fontem
1093 4799 1398 4853 divinitatis
1422 4816 1567 4864 esse,
1619 4800 1809 4855 Filium

254 4907 448 4949 autem
492 4906 546 4949 et
595 4895 856 4964 Spiritum
908 4895 1161 4964 Deigeme
1190 4893 1497 4946 divinitatis
1543 4891 1810 4961 germina,

250 4995 310 5036 ut
343 4985 415 5036 ita
441 4984 639 5043 dicam,
670 4984 935 5036 divinitus
970 4983 1294 5051 pullulantia
1320 4992 1376 5035 et
1427 4982 1581 5049 quasi
1621 4981 1801 5043 flores,

248 5073 907 5141 supersubstantialiaque
962 5075 1193 5137 lumina,
1252 5074 1421 5126 sacris
1464 5088 1529 5126 ex
1575 5070 1810 5125 oraculis

246 5162 596 5229 accepimus;
632 5172 687 5213 at
716 5176 953 5228 quonam
991 5162 1043 5215 id
1098 5163 1313 5216 tandem
1352 5170 1510 5230 pacto
1566 5161 1681 5225 fiat,
1709 5176 1811 5215 nec

251 5252 504 5305 oratione
540 5253 855 5319 quisquam,
894 5267 995 5305 nec
1019 5254 1297 5307 intellectu
1327 5254 1585 5321 consequi
1611 5263 1807 5323 potest.

254 5342 410 5401 Item,
446 5342 675 5409 proinde
701 5344 753 5394 in
780 5344 926 5395 omni
960 5343 1076 5395 fere
1102 5344 1405 5413 theologica
1438 5345 1808 5412 disputatione

254 5446 482 5485 summa)
518 5432 823 5486 Divinitatis
857 5449 1036 5486 sacras
1061 5433 1249 5487 Iaudes
1282 5436 1573 5497 intuemur,
1616 5435 1812 5502 partim

254 5522 500 5592 quidem,
539 5523 663 5591 quia
728 5524 911 5577 unitas
961 5526 1027 5578 sit
1059 5538 1279 5595 promer
1314 5527 1713 5596 simplicitatem
1761 5535 1814 5579 ct

326 5636 369 5665 ¹⁰
396 5634 586 5689 Matth.
620 5650 649 5686 v
673 5634 762 5699 28,
787 5634 878 5687 29.

326 5726 402 5796 (4)
448 5727 578 5781 Vide
606 5724 925 5794 Patrologiw
959 5724 1151 5780 (ἔναυε-(ε
1194 5734 1323 5781 tom.
1361 5726 1448 5791 111,
1480 5725 1583 5780 col.
1615 5724 1736 5779 G71.

504 5818 771 5877 I‘nnuL.
810 5820 924 5876 (in.
988 5816 1303 5875 (LXXXIX.

1977 3178 2096 3250 qua:
2136 3184 2197 3234 de
2251 3178 2503 3235 essentne
2537 3188 2584 3232 et
2646 3181 2980 3248 hypostaseos
3026 3178 3320 3248 differentia
3386 3178 3471 3228 in-

1974 3253 2226 3306 scribitur
2247 3254 2346 3319 (5).

1976 3344 2300 3411 Quicunque
2340 3343 2394 3396 in
2445 3348 2631 3396 sancta
2665 3340 2934 3393 Trinitate
2997 3340 3212 3394 Patrem
3262 3338 3474 3393 intelle-

1906 3442 1995 3487 ctu
2032 3432 2364 3501 assequitur,
2402 3445 2507 3484 una
2552 3430 2742 3484 eadem
2774 3444 2938 3499 epera
2974 3438 3031 3483 et
3081 3429 3255 3498 ipsum
3289 3445 3385 3497 per
3417 3444 3474 3482 se

1908 3525 2125 3577 Patrem
2165 3522 2441 3591 intelligit,
2472 3531 2528 3576 et
2580 3520 2777 3574 Filium
2843 3521 3173 3590 cogitatione
3223 3536 3458 3588 compre-

1908 3612 2118 3666 hcndit.
2147 3610 2248 3676 Qui
2280 3621 2459 3664 autem
2508 3610 2701 3663 FiIIUIII
2735 3618 2902 3673 tenet,
2944 3608 3203 3677 Spiritum
3256 3623 3476 3677 quoque

1910 3700 2316 3768 complectitur,
2354 3706 2409 3751 et
2460 3708 2860 3766 consequenter
2902 3696 3121 3764 quidem
3173 3695 3476 3749 secundum

1908 3791 2181 3854 ordinem,
2256 3791 2544 3859 conjuncte
2614 3802 2745 3842 vero
2815 3787 3115 3841 secundum
3202 3795 3476 3851 naturam,

1912 3882 2072 3933 trium
2131 3882 2184 3933 in
2223 3881 2401 3949 seipse
2446 3878 2727 3933 confusam
2798 3886 2851 3932 ct
2915 3878 3258 3932 co‘mmistam
3314 3876 3473 3931 fidem

1908 3973 2196 4041 expressit.
2282 3971 2548 4040 Spiritum
2651 3971 2778 4024 item
2856 3971 3030 4024 solum
3128 3973 3221 4039 qui
3303 3972 3476 4034 dixit,

1913 4062 2223 4133 hujusmodi
2281 4061 2625 4116 confessione
2690 4076 2817 4114 eum
2889 4077 3128 4130 quoque,
3195 4062 3351 4131 cujus
3423 4073 3477 4115 et

1913 4154 2149 4222 Spiritus
2179 4161 2281 4217 est,
2311 4166 2507 4221 nempe
2557 4150 2859 4213 Christum,
2889 4163 2944 4207 et
2967 4167 3092 4206 eum
3118 4167 3183 4206 ex
3215 4168 3324 4222 quo
3351 4168 3479 4222 pro-

1913 4244 2078 4307 cedit,
2111 4259 2306 4312 nempe
2340 4242 2533 4305 Deum,
2571 4250 2627 4295 ut
2660 4243 2959 4311 Apostolus
3003 4243 3099 4305 ait,
3159 4244 3476 4313 complexus

1911 4343 2014 4388 est.
2056 4332 2526 4398 Quemadmodum
2554 4342 2736 4386 autem
2766 4333 2818 4386 in
2844 4333 3179 4401 eatena,-qui
3211 4336 3475 4388 annulum

1847 4439 2088 4501 bunum
2160 4423 2396 4492 attingit,
2454 4424 2800 4476 simuletiam
2859 4423 3093 4477 alterum
3159 4437 3468 4479 extremum

1916 4516 2160 4577 attrahit,
2194 4516 2266 4568 ita
2295 4518 2609 4584 quicunque
2644 4515 2907 4584 Spiritum
2942 4515 3129 4579 traxit,
3168 4525 3229 4568 ut
3284 4530 3476 4572 auetor

1915 4622 1998 4667 est
2028 4612 2312 4680 propheta,
2378 4611 2421 4664 is
2466 4625 2596 4663 vero
2620 4625 2717 4678 per
2752 4610 2929 4678 ipsum
2992 4609 3115 4663 Filii
3165 4626 3387 4681 quoque
3422 4626 3476 4667 rt

1919 4702 2095 4756 Patris
2122 4716 2348 4769 compos
2384 4700 2558 4754 factus
2588 4709 2691 4754 est.
2722 4700 2876 4764 Quod
2913 4700 2957 4753 si
2990 4700 3112 4769 quis
3167 4704 3480 4770 apprehen-

1919 4794 2034 4858 dat,
2068 4794 2134 4846 ab
2166 4802 2400 4860 utroque
2431 4794 2674 4861 ejusdem
2702 4792 2890 4853 latere,
2922 4791 3024 4844 hoc
3070 4792 3290 4859 quidem
3337 4795 3481 4864 ejus-

1917 4885 2041 4938 dem
2072 4884 2307 4945 Patrcm,
2345 4883 2437 4936 illo
2471 4897 2598 4936 vero
2628 4881 2910 4949 proprimn
2935 4882 3179 4951 ejusdem
3214 4882 3479 4952 Spiritum

1915 4976 2103 5030 eadem
2134 4974 2233 5027 hac
2259 4973 2577 5027 inductione
2609 4971 2714 5024 sibi
2747 4971 3148 5027 conciliaverit.
3189 4974 3302 5027 Nec
3333 4974 3478 5027 enim

1919 5067 2034 5120 fieri
2070 5066 2289 5134 poterit,
2320 5072 2378 5115 ut
2415 5064 2459 5116 is
2488 5078 2518 5114 a
2575 5063 2733 5115 Patre
2771 5073 3079 5131 separetur,
3135 5063 3227 5131 qui
3261 5079 3480 5132 semper

1921 5158 1974 5211 in
2016 5160 2174 5211 Patre
2235 5164 2437 5220 manet,
2484 5165 2577 5207 aut
2625 5170 2655 5207 a
2686 5169 2907 5223 proprio
2973 5171 3213 5224 unquam
3269 5156 3477 5224 Spiritu

1920 5248 2279 5316 disjungatur,
2314 5244 2408 5312 qui
2437 5245 2621 5297 omnia
2650 5244 2705 5295 in
2739 5244 2855 5311 ipso
2888 5244 3018 5311 agit.
3054 5244 3289 5299 Proinde
3324 5246 3468 5298 nulla

1919 5351 2139 5406 prorsus
2182 5337 2353 5388 sectio
2403 5342 2498 5387 aut
2548 5334 2744 5387 divisio
2788 5335 3081 5403 excogitari
3125 5345 3325 5404 potest,
3372 5351 3477 5403 qua

1917 5429 1999 5479 vel
2031 5428 2186 5479 Pater
2223 5426 2341 5477 sine
2376 5424 2531 5484 Filio,
2575 5424 2658 5478 vel
2699 5422 2868 5478 Filius
2898 5424 3019 5478 sine
3070 5425 3279 5493 Spiritu
3318 5426 3475 5477 intel-

1920 5522 2139 5589 ligatur.
2173 5517 2285 5570 Imo
2324 5530 2456 5569 vero
2504 5531 2567 5569 ea
2607 5515 2661 5569 in
2692 5515 2756 5568 iis
2804 5517 3124 5585 conjunctio
3185 5525 3241 5570 ct
3280 5515 3478 5570 divisio

1997 5719 2071 5788 (εί)
2097 5715 2230 5770 Vide
2270 5724 2398 5771 tom.
2433 5716 2649 5785 XXXII,
2676 5721 2776 5775 enl.
2805 5723 2926 5777 551.

3092 5813 3164 5874 36
