4302 6370
895 308 1021 369 Μ.ῖέ

880 796 1156 842 souarum,
1212 788 1364 851 quasi
1418 790 1671 845 fatiscens
1727 804 1781 846 cl.
1828 798 2100 861 perﬂuens
2149 808 2440 860 etl’uzrlat:

887 872 960 922 ita
1001 883 1057 924 ut
1091 877 1323 929 Iniiabiii
1364 884 1592 946 quadam
1624 886 1836 941 ratione
1865 889 1919 942 in
1955 892 2037 945 llis
2069 905 2122 946 ct
2147 900 2437 966 conjuncta

879 965 1180 1026 distinctio,
1230 979 1283 1019 et
1315 970 1574 1025 distincta
1614 979 1931 1046 coniunctio
1964 965 2338 1050 dignoscatur.
2369 991 2437 1044 [ι

871 1063 1052 1105 autem
1087 1056 1246 1125 hujus
1273 1060 1347 1111 rei
1384 1062 1702 1118 obscuritati
1761 1070 1985 1122 luminis
2011 1074 2217 1142 aliquid
2277 1094 2434 1133 acce-

871 1144 983 1206 dat,
1042 1156 1137 1198 aut
1195 1150 1375 1214 potius
1421 1155 1617 1207 veritas
1674 1156 2049 1221 adumbretur,
2124 1165 2435 1221 multicolor

868 1234 957 1286 ille
1006 1238 1243 1291 eteiestis
1314 1260 1492 1303 arcus,
1535 1261 1694 1312 quen
1744 1250 1939 1317 vulgus
2008 1253 2117 1306 Irin
2160 1260 2421 1325 appellat,

866 1329 1099 1393 exeiupli
1125 1332 1293 1397 gratia
1324 1346 1680 1401 proponatur.
1707 1338 1957 1396 Omnium
1996 1346 2141 1398 enim
2179 1351 2424 1404 culorum

865 1417 981 1482 ejus
1012 1420 1331 1483 splendores
1354 1434 1408 1475 et
1441 1426 1682 1481 distincti
1710 1430 1983 1494 videntur,
2020 1437 2147 1502 quia
2203 1441 2422 1495 eminus

864 1516 1066 1570 lucent,
1159 1522 1211 1563 et
1264 1516 1559 1583 conjuncti,
1615 1521 1740 1586 quia
1797 1525 2109 1578 mistionum
2164 1532 2427 1587 terminos

863 1611 967 1649 non
1024 1599 1291 1663 videmus,
1334 1608 1534 1672 quibus
1594 1611 1838 1665 colorum
1886 1617 2177 1673 varietates
2234 1622 2426 1676 distiu-

859 1698 1102 1753 guuntur
1130 1708 1142 1744 :
1182 1705 1235 1745 ut
1271 1695 1584 1753 discernere
1614 1704 1838 1757 onmino
1878 1722 2117 1775 nequeas
2148 1722 2420 1779 quatenus

859 1782 1247 1844 eatvmlautur,
1281 1796 1375 1838 aut
1417 1790 1559 1840 unde
1593 1790 1807 1845 initium
1847 1796 2031 1855 ducat,
2080 1800 2163 1851 vel
2203 1803 2417 1864 rutilus,
2454 1779 2496 1834 Β

855 1867 939 1917 vel
997 1872 1400 1934 smaragdinus,
1455 1879 1533 1926 vel
1569 1880 1793 1943 glaucus
1854 1881 2079 1936 luminis
2140 1888 2419 1954 splendor.

853 1958 968 2021 Quo
992 1961 1208 2026 qui-leua
1238 1973 1442 2017 natura:
1475 1971 1727 2036 exemplo
1754 1988 1852 2024 nos
1897 1976 2035 2028 ratio
2076 1991 2284 2039 monet,
2350 1997 2419 2036 ne

854 2051 1109 2102 novitatis
1148 2054 1277 2105 vitia
1320 2056 1630 2111 hilominus
1667 2062 1743 2128 (li)
1793 2063 1844 2115 in
1881 2064 2194 2133 dugiuatum
2253 2072 2420 2125 ratio-

854 2138 1015 2188 nlbus
1048 2144 1422 2209 exquiruuds,
1476 2148 1519 2198 si
1577 2151 1797 2215 quando
1844 2154 2117 2209 ditliciletn
2178 2160 2415 2227 aliquem

852 2236 1053 2287 nodum
1090 2238 1172 2291 dis
1197 2241 1446 2306 gnit‘endo
1483 2246 1649 2307 nat-ti,
1680 2245 1732 2298 in
1764 2260 1939 2301 utraan
1985 2253 2143 2305 nobis
2199 2266 2410 2322 partem

863 2327 1237 2381 inclinandum
1347 2332 1463 2396 sit,
1549 2335 1955 2391 addubitamus.
2053 2343 2417 2405 Quemadmo-

849 2415 978 2466 dum
1038 2420 1180 2470 enim
1215 2435 1279 2471 ea
1321 2438 1440 2489 quae
1474 2426 1575 2477 sub
1622 2439 1900 2493 aSpectum
1961 2432 2167 2483 cadunt
2220 2438 2405 2501 qualia

851 2506 963 2556 sint
1024 2508 1285 2573 tXptl‘il‘i,
1357 2525 1519 2577 quam
1617 2514 1683 2569 iis
1741 2524 1943 2569 temere
2019 2522 2404 2578 contradicere

846 2605 1095 2660 priestat,
1166 2600 1237 2651 ita
1307 2603 1469 2653 etiam
1529 2603 1581 2655 in
1638 2604 1907 2673 dogmatis
1968 2608 2096 2673 iilis,
2166 2626 2287 2679 qua:
2342 2615 2409 2669 de

850 2686 1013 2739 rebus
1039 2690 1224 2741 arduis
1269 2690 1651 2756 instituuntur,
1703 2696 1777 2747 iiii
1810 2697 2130 2764 cognitioni.
2173 2715 2293 2768 qua:
2326 2719 2412 2757 ra-

850 2776 1294 2833 tiocinationibus
1314 2792 1678 2850 comparatur,
1705 2786 1839 2839 tides
1858 2788 2140 2841 antecellat
2170 2803 2406 2859 oportet.

1450 2896 1599 2949 CAP.
1646 2898 1787 2953 Vill.

836 3006 1017 3075 Magni
1061 3007 1295 3075 Gregorii
1332 3009 1571 3084 Theologi
1614 3013 1676 3084 de
1708 3012 1887 3084 llatre,
1918 3026 1964 3066 et
2013 3014 2167 3078 Filio,
2192 3027 2238 3068 et
2284 3016 2405 3084 Spi-

918 3086 1019 3127 ritu
1061 3090 1261 3138 sum'to,
1298 3081 1540 3131 distincta
1590 3082 1746 3133 simul
1792 3092 1838 3133 et
1891 3086 2189 3163 conjuncti
2206 3081 2403 3139 Divini-
2429 3103 2475 3163 ς

905 3150 1026 3198 tatis
1060 3151 1218 3200 ratio.
1270 3147 1351 3199 Ex
1382 3152 1619 3202 oratione
1664 3154 1837 3217 prima
1879 3154 1941 3204 de
1968 3147 2108 3205 Filio
2138 3155 2235 3223 t7).

908 3258 1019 3314 Nos
1096 3269 1278 3311 autem
1345 3260 1507 3312 unius
1566 3260 1659 3312 Dei
1730 3263 2091 3331 principatum
2143 3268 2394 3321 colimus.

834 3351 1232 3418 Principatum,
1264 3352 1626 3419 iuquam,non
1656 3367 1761 3404 una
1781 3353 2253 3424 circumscriptum
2276 3373 2397 3426 per-

831 3458 965 3494 sona
999 3442 1137 3509 (lieri
1172 3442 1315 3495 enim
1350 3451 1548 3510 potest,
1572 3456 1625 3494 ut
1651 3458 1816 3494 unum
1846 3459 1872 3495 a
1905 3447 2084 3513 seipso
2111 3447 2391 3511 dissideat,

834 3541 883 3585 ct
927 3533 978 3585 in
1018 3533 1188 3585 multa
1224 3533 1438 3599 evadat)
1468 3534 1561 3600 qui
1593 3534 1785 3600 aequali
1840 3544 2051 3587 naturae
2104 3536 2391 3605 dignitate.

827 3623 1019 3677 eodem
1061 3623 1228 3675 animi
1268 3638 1562 3678 consensu.
1623 3622 1813 3675 eadem
1872 3626 2134 3688 motione,
2185 3636 2237 3680 et
2274 3644 2393 3679 om-

828 3715 1115 3783 nium'quze
1147 3714 1216 3765 ab
1242 3729 1351 3765 uno
1378 3712 1575 3775 ﬂuunt,
1610 3711 1664 3763 in
1698 3728 1861 3764 unum
1886 3729 2005 3767 cont
2028 3731 2156 3768 ursu
2183 3717 2389 3769 consti-

826 3816 1016 3860 tuatur
1060 3805 1226 3873 (quod
1288 3804 1506 3872 quidem
1549 3806 1603 3857 in
1670 3816 1863 3857 natura
1931 3814 2213 3873 procreata
2269 3806 2385 3860 ﬁeri

826 3896 978 3947 nullo
1014 3909 1235 3963 prorsus
1265 3894 1427 3947 modo
1468 3897 1665 3965 potest)
1707 3897 1780 3949 ita
1813 3905 1871 3949 ut
1899 3897 2111 3949 etiamsi
2159 3912 2389 3951 numero

824 3986 1067 4045 dillerat,
1124 3985 1377 4038 essentize
1442 3994 1619 4037 tamen
1683 3986 1889 4039 ratione
1936 4001 2041 4038 non
2086 3985 2382 4039 dividatur.

826 4078 1033 4130 ldcirco
1085 4077 1265 4129 unitas
1322 4074 1389 4128 ab
1425 4075 1583 4129 initio
1638 4076 1689 4127 in
1745 4076 2017 4129 binarium
2064 4092 2387 4131 excrescens

822 4168 876 4219 in
911 4170 1153 4220 ternario
1197 4168 1551 4234 conquiescit.
1597 4166 1663 4220 Et
1706 4168 1815 4221 lioc
1840 4166 2002 4220 nobis
2052 4178 2136 4220 est
2191 4168 2374 4229 Pater,

820 4271 875 4312 et
909 4260 1095 4319 Filius,
1131 4268 1184 4311 et
1242 4257 1481 4327 Spiritus
1507 4269 1750 4311 sanctus.
1797 4260 1888 4313 Ille
1917 4258 2138 4328 quidem
2172 4260 2385 4329 genitor

818 4364 874 4400 et
924 4350 1155 4401 eluissor
1206 4349 1370 4416 (quod
1403 4350 1537 4401 citra
1566 4350 1840 4413 alit-ctum,
1878 4358 2113 4419 tempus,
2158 4360 2214 4404 et
2261 4366 2384 4404 cor-

820 4456 920 4509 pus
949 4440 1238 4506 intelligo),
1281 4441 1473 4493 horum
1512 4457 1640 4494 vero
1662 4443 1891 4495 alterum
1940 4442 2212 4510 genitura,
2245 4442 2382 4494 alte-

826 4546 946 4583 rum
1006 4540 1187 4581 autem
1235 4530 1457 4583 emissio
1491 4530 1715 4583 dicitur.
1777 4531 1992 4599 Alioqui
2036 4533 2222 4585 nescio
2273 4546 2384 4599 quo

818 4622 906 4673 illa
963 4620 1183 4672 nomine
1249 4620 1477 4671 dicenda
1534 4622 1659 4682 sint,
1724 4636 1846 4674 cum
1893 4622 2052 4674 abiis
2096 4637 2215 4692 qua:
2280 4622 2380 4675 sub

816 4720 1094 4778 aspectum
1127 4710 1330 4763 cadunt
1357 4710 1629 4764 abstracta
1660 4712 1885 4766 fuerint.
1924 4714 1990 4766 Et
2031 4715 2189 4782 paulo
2219 4723 2376 4782 post:

819 4803 1089 4867 Quocirca
1132 4802 1339 4855 nostris
1374 4818 1473 4856 nos
1501 4804 1552 4854 in
1587 4803 1787 4857 linibus
1808 4806 2177 4867 continentes,
2208 4822 2374 4858 unum

816 4894 1143 4959 ingenitum,
1181 4894 1413 4946 alterum
1460 4897 1727 4963 genitura,
1782 4897 2001 4948 tertium
2054 4912 2082 4948 a
2126 4896 2285 4948 Patre
2324 4905 2379 4947 et

815 4984 952 5037 Filio
1040 4984 1348 5052 provedens
1430 4984 1852 5049 introducimus,
1919 4985 2377 5053 quemadmodum

814 5075 924 5140 ipse
978 5074 1122 5127 Deus
1169 5084 1224 5127 et
1274 5075 1509 5127 Veibum
1569 5086 1798 5128 testatur
1844 5077 2068 5128 alicubi.
2144 5075 2377 5140 Quando

812 5165 999 5235 igitur,
1036 5165 1256 5235 objiciat
1297 5166 1589 5233 quispiam,
1624 5166 1823 5219 lii.esse
1847 5176 2134 5233 coeperunt
2162 5166 2381 5219 ?Nimi-

810 5273 931 5309 rum
962 5266 1251 5323 antequam
1289 5256 1394 5308 ulla
1434 5259 1697 5324 temporis
1728 5257 2039 5309 observatio
2095 5258 2273 5319 lieret,
2320 5267 2374 5310 et

805 5349 852 5402 si
892 5347 1021 5415 quid
1053 5348 1367 5416 juveniliter
1407 5348 1805 5400 enuntiandum
1841 5356 1947 5407 est,
1972 5348 2189 5415 quando
2212 5349 2374 5401 Pater

809 5444 948 5507 ipSc.
978 5438 1207 5503 Quando
1253 5448 1434 5490 autem
1468 5437 1628 5491 Pater
1665 5454 1771 5491 non
1822 5438 1965 5491 fuit?
1991 5438 2219 5502 Quando
2270 5454 2370 5492 nec

879 5552 956 5616 (6)
985 5552 1061 5619 μὴ
1108 5553 1484 5605 καινοπαθεῖν.
1544 5552 1823 5619 luterpres
1872 5553 2153 5623 Eutliymii
2204 5554 2372 5607 liabet

807 5635 873 5675 ne
901 5628 1096 5679 {rustra
1131 5624 1449 5687 laboremus,
1481 5635 1539 5677 ut
1566 5626 1762 5692 legisse
1796 5624 2044 5678 videatur
2083 5623 2160 5694 μὴ
2217 5641 2371 5677 κενο-

807 5693 1017 5742 ταθεῖν.

2141 334 2436 398 NICETIS
2472 341 2878 410 CHONIA'LE

884 432 991 479 est.
1025 437 1145 487 qtuc
1176 428 1319 478 uult:
1349 431 1596 485 oratione
1646 436 1931 501 explicari,
1974 444 2236 513 nulloque
2289 448 2450 503 intel-
2480 464 2498 513 Α

882 508 1028 559 it't‘ttt
1057 519 1444 580 (ὐΙΙΙμιΨΙιυΗῖίί
1508 532 1670 586 (μμ-ιιι
1711 542 1722 574 2
1755 540 1879 579 cum
1938 534 2237 597 praesertim
2270 552 2449 607 neque

886 598 1247 663 II}IHlSLiS{‘UII
1280 606 1585 660 dtii‘ct'cntttt
1627 614 2046 669 eoiitinuitatem
2088 632 2296 679 natura:
2327 628 2444 681 dis-

887 689 1086 750 trabat,
1140 706 1239 743 nec
1274 698 1525 749 e5senti;e
1555 703 1867 770 conjunctio
1899 710 2283 775 proprietatem
2322 733 2446 784 per-

2551 645 2610 688 ut
2641 652 2854 691 rursum
2899 659 3116 714 quoque
3143 648 3239 702 tibi
3267 658 3649 723 respondeam.
3680 622 3915 730 Quando
3941 629 4128 731 Filius.

2548 730 2765 794 genitus
2799 734 2922 785 est?
2963 737 3231 794 Nimirum
3268 749 3489 811 quando
3527 752 3686 808 Pater
3731 765 3954 825 genitus
4008 785 4124 821 noii

2554 830 2662 871 est.
2706 824 2936 884 Quando
2977 826 3222 897 denique
3258 834 3494 902 Spiritus
3525 824 3838 910 processit?
3874 855 4122 917 Quando

2544 904 2802 961 nimirum
2875 912 3042 967 Filius
3090 934 3193 971 non
3251 904 3539 990 processit:
3590 936 3694 988 Sed
3756 904 3975 1007 genit‘Us
4034 958 4123 999 est

2542 994 2694 1049 nullo
2723 1007 2985 1069 tempore,
3010 1023 3281 1078 supraque
3311 1032 3473 1084 quam
3499 1023 3624 1089 quis
3651 1031 3865 1083 ratione
3897 1049 4111 1088 eiunc-

2540 1087 2631 1151 qui
2660 1092 2852 1153 possit.
2880 1094 2943 1147 iit
2967 1097 3011 1148 si
3046 1114 3208 1168 supra
3244 1112 3457 1174 tempus
3498 1087 3631 1167 nihil
3664 1122 3967 1188 quidquam
4000 1139 4117 1179 sta-

2543 1186 2693 1243 tuere
2728 1196 3037 1249 possumus,
3070 1196 3369 1257 quamlibet
3404 1208 3757 1270 temporalem
3818 1186 4117 1281 signiﬁca-

2540 1266 2743 1322 tionem
2794 1275 3261 1346 subterfugiamus
3312 1294 3456 1355 (nam
3500 1308 3658 1351 voces
3694 1300 3795 1364 lia},
3857 1315 4111 1373 quando,

2536 1364 2717 1418 antea,
2760 1370 2941 1425 postea
2996 1374 3049 1417 ct
3088 1369 3150 1419 ab
3180 1373 3348 1437 initio,
3395 1384 3654 1447 temporis
3698 1364 3959 1457 expertes
3995 1364 4110 1450 non

2535 1446 2686 1509 sunt)
2752 1449 2963 1504 etiamsi
3024 1457 3102 1508 vel
3184 1465 3417 1519 maxime
3474 1470 3804 1540 adnitamur,
3876 1488 4111 1553 vimque

2535 1534 2709 1553 ..ηιμ
2823 1542 2842 1553 ,
3165 1551 3171 1553 _

2532 1534 2715 1588 verbis
2744 1542 3081 1609 auferamus,
3124 1551 3224 1603 nisi
3290 1557 3417 1621 quia
3463 1566 3699 1627 spatium
3732 1569 3894 1633 illud,
3950 1534 4107 1640 qdod

2531 1624 2721 1678 eadem
2775 1644 2898 1683 cum
2956 1641 3307 1706 sempiternis
3370 1648 3658 1708 duratione
3709 1665 4103 1730 protenditur,

2530 1716 2789 1785 nulloque
2824 1734 2969 1777 mqu
3003 1739 3094 1780 aut
3124 1735 3257 1786 solis
3284 1752 3445 1792 cursu
3470 1743 3751 1810 dividitur,
3784 1765 3880 1805 aut
3910 1774 4040 1811 men
4074 1788 4101 1798 ο

2525 1808 2767 1860 surabile
2798 1820 3054 1882 temporis
3083 1822 3249 1875 instar
3285 1839 3385 1889 est,
3413 1836 3669 1889 szeculum
3691 1844 4043 1907 appellamus
4084 1864 4100 1899 :

2520 1893 2636 1947 Jam
2664 1898 2709 1948 si
2746 1908 3003 1963 coarterni
3039 1913 3168 1975 sint,
3200 1914 3434 1983 inquies‘,
3472 1928 3559 1989 qui
3618 1931 3696 1991 lit,
3739 1941 3793 1983 ut
3831 1936 4100 2002 principii

2519 1988 2682 2040 etiam
2720 2006 2823 2044 una
2861 2010 2983 2047 cum
3027 2000 3186 2055 Patre
3212 2022 3319 2059 non
3351 2012 3459 2064 sint
3494 2022 3793 2081 expertes?
3831 2023 3977 2085 Quia
4016 2028 4102 2078 ni-

2520 2079 2717 2132 mirum
2759 2098 2824 2135 ex
2865 2085 2957 2137 illo
2986 2102 3136 2152 sunt,
3168 2102 3415 2161 quamvis
3451 2116 3571 2167 post
3602 2108 3753 2161 illum
3786 2129 3895 2166 non
3953 2121 4092 2171 sint.

2521 2169 2678 2229 (Quod
2710 2175 2854 2224 enim
2891 2179 3161 2247 principio
3186 2196 3354 2248 caret,
3386 2188 3527 2241 idem
3572 2204 3628 2244 et
3660 2208 3935 2253 a-ternum
3983 2216 4095 2263 est.

2516 2259 2661 2324 quod
2727 2277 2855 2316 vero
2910 2279 3174 2324 :eternum
3206 2285 3308 2338 est,
3370 2294 3479 2332 non
3528 2285 3752 2340 omnino
3806 2293 4097 2361 principio

2514 2356 2683 2407 caret,
2725 2354 2966 2417 quandiu
3004 2359 3195 2412 saltem
3256 2364 3322 2416 ad
3372 2370 3699 2437 principium
3755 2354 3947 2435 sulm.
3978 2384 4087 2435 llOC

2513 2445 2598 2487 est
2631 2435 2873 2503 Patrem,
2915 2446 3204 2499 referatur.
3260 2451 3434 2508 Filius
3464 2474 3591 2526 ergo
3640 2475 3691 2514 et
3745 2464 4019 2532 Spiritus,
4046 2471 4093 2524 si

2511 2524 2577 2576 ad
2606 2542 2827 2581 causam
2863 2534 2946 2585 sui
2973 2548 3326 2601 revocentur,
3361 2546 3615 2614 principii
3646 2567 3909 2619 expertes
3968 2576 4085 2612 non

2512 2625 2639 2667 sunt
2660 2658 2673 2680 ,
2704 2622 2939 2686 (constat
2971 2635 3148 2679 tamen
3180 2646 3396 2685 causam
3434 2652 3543 2688 non
3584 2644 3809 2693 omnino
3845 2646 3913 2697 iis
3943 2652 4093 2702 anti-

2510 2706 2759 2772 quiorem
2790 2727 2927 2771 esse,
2964 2730 3200 2780 quorum
3223 2737 3385 2775 causa
3411 2736 3513 2779 est.
3548 2729 3654 2782 Nec
3693 2734 3846 2785 enim
3901 2741 4087 2790 lecm

2510 2795 2632 2850 luce
2676 2802 3046 2867 antiquiorem
3096 2808 3341 2864 dixeris:
3383 2818 3489 2875 )ac
3543 2822 3588 2869 si
3639 2825 3917 2888 temporis
3982 2828 4086 2879 lia-

2508 2886 2705 2941 beatur
2743 2894 2905 2957 ratio,
2950 2897 3070 2948 sine
3116 2900 3387 2969 principio
3418 2916 3593 2958 sunt:
3656 2886 3971 2977 quamlibet
4027 2931 4085 2970 lu

2506 2978 2904 3049 sitnpliciorum
2931 2988 3143 3040 animos
3168 2996 3456 3061 praestigiis
3486 2996 3592 3049 tuis
3624 3005 4082 3065 perterrelaeias.

2508 3070 2619 3124 Nec
2640 3074 2787 3125 enim
2831 3078 3059 3143 tempori
3114 3082 3562 3150 subjiciuntur,a
3606 3092 3805 3156 quibus
3854 3104 4085 3165 tempus

2506 3160 2683 3229 ipsum
2714 3163 3009 3232 dependet.

3143 3282 3291 3335 CAP.
3328 3284 3417 3336 IX.

2625 3365 2895 3432 Ejusdem,
2940 3384 3002 3421 ex
3045 3372 3282 3449 oratione
3326 3373 3395 3422 Dc
3441 3375 3678 3449 dognnate
3716 3390 3764 3431 et
3806 3392 3958 3436 stam

3051 3448 3402 3506 (pisce/torum
3429 3448 3520 3510 ιδ).

2570 3545 2645 3597 Ita
2694 3546 2857 3613 igitur
2913 3548 3146 3606 Patrem.
3178 3560 3233 3603 et
3293 3552 3509 3610 Filium.
3545 3568 3596 3607 et
3646 3556 3917 3625 Spiritum
3946 3579 4079 3618 san-

2496 3640 2642 3685 ctum
2695 3636 3003 3697 adora~i.us,
3051 3641 3321 3692 utdivisis
3371 3644 3795 3708 proprietatibus
3849 3651 4075 3706 Divini-

2496 3732 2663 3777 tatem
2723 3726 2890 3793 ipsam
2940 3731 3348 3798 conjungamus,
3416 3732 3522 3786 Nec
3564 3751 3690 3788 vero
3758 3740 3813 3791 in
3890 3759 4074 3796 unum

2498 3814 2601 3866 tria
2634 3818 3024 3880 contrahimus,
3066 3835 3131 3871 ne
3176 3820 3392 3874 Sabellii
3429 3828 3618 3877 morbo
3663 3830 4069 3897 corripiantur,

2494 3916 2594 3955 nec
2621 3914 2809 3956 contra
2867 3920 3035 3957 unum
3066 3907 3118 3958 in
3168 3909 3287 3969 tria,
3350 3909 3563 3962 diversa
3620 3916 3841 3978 quidem
3884 3920 3980 3969 illa
4016 3931 4073 3971 et

2492 3994 2666 4047 aliena
2717 3994 3044 4058 diducimus,
3095 4010 3162 4050 ne
3214 4013 3335 4050 cum
3375 4001 3503 4052 Ario
3556 4003 3912 4058 insaniam-is.
3955 4008 4074 4062 Cur

2489 4084 2656 4143 enim,
2690 4099 2891 4151 quaeso,
2943 4087 3138 4151 planta:
3191 4088 3243 4137 in
3278 4087 3499 4140 alteram
3553 4100 3758 4157 partem
3809 4104 4066 4163 ναῖε-εαξηξὶ

2488 4184 2544 4226 et
2588 4189 2812 4241 prorsus
2867 4175 3157 4226 incurvata:
3222 4178 3445 4239 similes,
3505 4181 3553 4229 vi
3610 4185 3957 4237 contrariam
4011 4194 4065 4241 in

2490 4274 2696 4332 partem
2756 4264 3211 4333 distorqueamus,
3266 4278 3321 4320 et
3372 4274 3778 4335 perversitatem
3834 4289 4067 4340 perver-

2494 4353 2648 4407 sitate
2708 4353 3079 4423 corrigamus,
3151 4370 3212 4408 ac
3266 4372 3372 4408 non
3436 4360 3614 4423 potius
3675 4360 3740 4411 ad
3807 4366 4062 4419 medium

2492 4449 2808 4513 aspirantes,
2844 4447 2984 4497 intra
3014 4447 3206 4498 divinae
3236 4448 3452 4511 pietatis
3478 4449 3610 4500 lines
3633 4452 4065 4508 consistamus?

2490 4535 2878 4587 Mediocritatis
2910 4549 3072 4601 porro
3115 4535 3336 4587 nomine
3368 4536 3646 4589 veritatem
3686 4540 3859 4604 ipsam
3896 4543 4065 4597 iutil-

2485 4624 2614 4693 ligo,
2648 4624 2713 4677 ad
2745 4639 2904 4691 quam
2951 4625 2995 4676 si
3048 4624 3433 4691 spectabimus,
3486 4640 3591 4677 non
3623 4628 4017 4687 aberrabimus
4046 4659 4059 4688 ;

2486 4715 2541 4769 id
2575 4723 2759 4767 autem
2808 4712 2919 4778 ﬁet,
2975 4714 3019 4765 si
3069 4727 3167 4765 nec
3224 4715 3484 4779 improba:
3540 4715 3617 4766 illi
3657 4724 4056 4786 conti-actioni,

2485 4822 2587 4862 nec
2636 4823 2700 4859 ea
2742 4806 2896 4872 longe
2947 4803 3254 4857 absurdiori
3308 4803 3559 4856 divisioni
3606 4805 4056 4867 subscribanius.

2480 4898 2557 4950 Ita
2590 4906 2650 4950 ut
2678 4909 2853 4962 neque
2910 4894 3127 4946 nomina
3183 4892 3363 4945 verbis
3419 4895 3470 4944 in
3534 4909 3695 4945 unam
3760 4911 4059 4954 conitracta

2480 5003 2767 5057 personam
2809 4985 3126 5051 multiplicis
3174 4984 3471 5036 divinitatis
3507 4994 3675 5046 metu,
3711 4986 3861 5038 nuda
3897 4994 4059 5044 nobis

2480 5079 2874 5145 relinquamus,
2916 5077 3044 5127 dum
3103 5074 3354 5126 eumdem
3412 5074 3621 5126 Patrem
3652 5086 3707 5127 et
3742 5075 3954 5130 Frlium
4005 5094 4059 5134 et

2481 5168 2743 5236 Spiritum
2797 5175 3046 5221 sanctum
3109 5166 3523 5225 existimamus,
3583 5179 3681 5217 nec
3749 5170 3945 5233 potius
4008 5174 4059 5223 iu

2482 5275 2649 5312 unum
2692 5262 2870 5311 omnia
2903 5256 3148 5320 conﬂari,
3183 5270 3343 5323 quam
3384 5268 3569 5307 eorum
3607 5260 4060 5327 umtanUodque

2479 5352 2686 5404 nullum
2745 5366 2966 5419 prorsus
3021 5363 3139 5402 esse
3193 5346 3483 5399 deﬁnimus
3535 5347 3854 5415 (designant
3902 5356 4057 5403 enin

2478 5443 2622 5510 quod
2684 5452 2845 5506 sunt,
2907 5440 2951 5492 si
3008 5439 3232 5492 alternis
3288 5437 3388 5490 sibi
3444 5438 3664 5500 c:-dant,
3718 5440 3947 5509 alaque
4006 5444 4061 5497 in

2551 5558 2623 5625 (7)
2657 5559 2815 5632 Iunt.
2852 5553 3216 5632 XXX_§'_|_.__c_til.
3364 5620 3451 5632 Ηλ-

2550 5620 2624 5696 (ti)
2657 5629 2784 5681 Vide
2822 5638 2954 5681 toni.
2987 5623 3193 5685 XXXV,
3222 5624 3322 5674 col.
3363 5620 3508 5671 ltt'i'l.
