4302 6370
247 425 382 490 11ῗ.3

1493 401 1888 467 TlIESAUltI
1931 400 2076 460 LIB.
2125 397 2183 456 ll

3335 384 3470 448 1131

239 541 474 593 aliorum
532 533 712 588 locum
770 524 1093 595 transeant),
1131 538 1308 592 neque
1350 529 1538 573 contra
1593 518 1647 569 in
1697 507 2151 572 tresAdoctoris
2200 518 2329 557 voce
2380 502 2679 564 institutus,
2731 497 3036 567 discipulus
3081 494 3318 548 inﬁdelis
3350 511 3474 549 eva-

242 641 463 683 natnras
519 627 604 679 vel
664 621 1000 693 peregrinas,
1059 616 1394 672 dissimiles,
1443 619 1498 664 et
1560 610 1701 661 inter
1748 620 1805 658 se

240 717 524 771 dissectas.
557 728 676 765 eam
726 724 886 779 quam
938 708 1060 776 jure
1101 705 1307 772 Optimo
1365 699 1631 752 insaniam
1672 695 1805 754 dixi,

241 806 532 876 amplexati
564 822 576 858 :
624 802 707 854 vel
741 799 1007 868 principio
1037 806 1091 849 et
1118 794 1312 847 ordine
1350 798 1617 848 carentes,
1649 795 1810 850 atque

244 906 303 949 ut
334 874 424 948 Vita
457 895 653 951 dicam,
708 887 982 943 divinitati
1035 883 1358 938 contrarias.
1401 881 1479 934 Eo
1509 874 1652 945 quod
1687 874 1812 926 hinc

249 990 303 1042 in
360 986 601 1042 Judaiea:
651 982 943 1052 paucitatis
989 975 1268 1045 angustias
1309 969 1709 1028 contrahimur,
1765 963 1809 1016 si

244 1079 345 1132 soli
381 1076 626 1146 Ingenito
682 1072 1028 1127 divinitatem
1070 1066 1407 1119 ascribamus
1459 1077 1471 1112 :
1528 1057 1652 1111 inde
1683 1068 1816 1107 vero

245 1170 300 1221 in
334 1145 670 1220 contrarium
726 1161 970 1230 quidem,
1021 1156 1112 1210 sed
1157 1167 1310 1218 aeque
1365 1149 1587 1209 malum,
1619 1145 1815 1197 vitium

247 1259 602 1317 incurrimus,
638 1257 680 1310 si
714 1255 814 1306 tria
835 1250 1124 1320 principia,
1159 1257 1337 1298 tresve
1367 1243 1497 1296 deos
1525 1252 1814 1308 ponamus,

247 1351 393 1420 quod
421 1350 640 1418 quidem
664 1343 937 1414 przedictis
964 1343 1120 1407 longe
1144 1334 1439 1390 absurdius
1461 1341 1564 1384 est.
1593 1330 1818 1382 Praestat

247 1444 393 1495 enim
428 1441 472 1493 si
510 1453 685 1505 neque
739 1437 953 1489 Patrem
987 1427 1206 1496 quidam
1255 1426 1326 1476 ita
1360 1420 1816 1488 complectantur,

250 1543 310 1585 ut
342 1546 465 1582 eum
515 1529 596 1580 vel
639 1527 813 1580 Patris
843 1521 1062 1575 nomine
1093 1514 1437 1573 defraudem,
1484 1513 1629 1578 (nam
1665 1510 1820 1577 cujus

250 1622 470 1675 tandem
525 1622 682 1673 Pater
736 1615 842 1668 dici
878 1619 1062 1681 queat,
1109 1608 1154 1659 si
1183 1606 1411 1658 diversae
1459 1609 1671 1655 natura:
1697 1614 1823 1651 cen-

251 1721 454 1773 seatur,
506 1719 562 1763 et
609 1707 872 1761 creaturis
923 1707 1276 1755 accenseatur
1298 1697 1341 1764 ?)
1431 1707 1608 1760 neque
1669 1689 1824 1744 Chri-

252 1813 396 1857 stum
418 1809 697 1868 tantopere
719 1805 920 1850 ament.
941 1803 999 1845 ut
1024 1807 1144 1845 eum
1170 1789 1289 1843 Filii
1323 1785 1542 1840 nomine
1560 1783 1818 1850 spolient,

253 1895 432 1962 (cujus
456 1893 623 1952 enim,
658 1902 865 1958 quaeso,
893 1883 1063 1937 Filius
1086 1881 1292 1941 audiat,
1335 1877 1442 1930 nisi
1475 1876 1543 1929 ad
1573 1890 1817 1937 causam,

253 1988 465 2040 scilicet
521 1983 737 2035 Patrem
794 1974 1131 2040 referatur?)
1169 1986 1345 2039 neque
1391 1969 1446 2021 in
1485 1968 1640 2020 Patre
1672 1967 1823 2035 prin-

253 2077 380 2144 cipii
425 2072 747 2141 dignitatem
802 2069 1094 2127 minuant,
1126 2076 1232 2131 qua
1269 2059 1521 2112 nimirum
1567 2067 1718 2126 pater
1769 2062 1825 2107 et

255 2165 466 2234 genitor
522 2161 804 2214 asseritur.
877 2158 1081 2210 Rerum
1161 2151 1307 2205 enim
1368 2150 1518 2217 parvi
1563 2146 1821 2200 momenti

255 2271 358 2310 nec
380 2271 438 2309 se
465 2255 773 2322 dignarum,
808 2247 1136 2317 principium
1170 2243 1351 2305 fuerit,
1393 2241 1493 2294 nisi
1525 2237 1827 2293 divinitatis

254 2349 396 2416 ejus,
450 2361 569 2414 qua:
628 2344 682 2394 in
732 2341 868 2394 Filio
925 2346 983 2392 et
1047 2337 1251 2405 Spiritu
1309 2336 1575 2393 cernitur,
1639 2335 1829 2382 auctor

256 2439 498 2491 exsistat.
528 2431 976 2500 Quandoquidem
1029 2439 1084 2481 et
1114 2441 1280 2479 unum
1325 2425 1491 2477 Deum
1541 2420 1742 2482 colere,
1775 2427 1830 2470 et

260 2537 370 2581 tres
397 2529 730 2596 liypostases,
766 2538 859 2576 seu
891 2535 1169 2589 personas,
1205 2525 1367 2583 atque
1402 2513 1614 2565 illarum
1637 2524 1829 2578 quam-

258 2618 391 2671 libet
413 2633 508 2670 sua
535 2617 859 2685 proprietate
885 2611 1164 2682 praeditam
1194 2604 1437 2659 contiteri
1474 2609 1706 2670 Oportet.

920 2721 1072 2774 CAP.
1101 2718 1167 2771 Χ.

267 2838 546 2906 Ejusdem,
595 2852 658 2889 ex
680 2836 951 2906 ’oratione
1004 2833 1063 2906 iit
1111 2830 1362 2906 Arianos,
1406 2836 1454 2878 et
1504 2841 1596 2905 pro
1642 2823 1829 2900 seipse.

333 2893 620 2979 jiPalre'm,
671 2904 881 2966 Filium,
932 2911 979 2954 et
1029 2901 1284 2968 Spiritum
1335 2893 1595 2979 communi
1627 2893 1835 2970 nomine

342 2963 508 3029 Deum
544 2963 666 3035 disi,
733 2963 956 3042 quorum
999 2963 1239 3037 expressa
1289 2963 1672 3042 comprehensio
1712 2977 1834 3013 vera

340 3047 569 3109 demum,
602 3046 694 3096 hoc
713 3035 786 3095 est
810 3043 1026 3094 caelestis
1051 3035 1277 3107 [elicitos
1296 3039 1360 3087 sit
1387 3035 1512 3103 ΨΜ

337 3156 406 3208 At
452 3170 582 3208 vero
639 3169 736 3207 nos
785 3153 1018 3212 Patrem,
1069 3159 1125 3202 et
1177 3146 1398 3208 Filium,
1459 3153 1514 3197 et
1568 3140 1901 3229 Spiritumc

265 3258 511 3301 sanctum
544 3246 854 3304 adoramus,
902 3251 1062 3309 atque
1117 3240 1327 3292 Patrem
1383 3237 1574 3295 Deum,
1633 3231 1829 3285 Filium

267 3340 460 3399 Deum,
490 3337 753 3404 Spiritum
809 3343 1054 3387 sanctum
1087 3331 1320 3396 denique
1356 3327 1550 3384 Deum,
1582 3324 1686 3376 nisi
1720 3337 1834 3374 mo—

264 3428 400 3480 leste
454 3427 616 3486 feras,
650 3440 808 3477 unam
857 3424 1062 3476 scilicet
1094 3419 1449 3478 eamdemque
1484 3424 1732 3468 naturam
1778 3412 1832 3463 in

268 3516 444 3568 tribus
471 3513 911 3583 proprietatibus,
945 3525 1066 3578 quae
1107 3509 1382 3561 intellectu
1432 3505 1831 3573 percipiuntur,

267 3605 517 3675 perfectae
547 3611 696 3665 sunt,
741 3617 838 3670 per
874 3601 1078 3665 seipsas
1137 3597 1460 3656 consistunt,
1493 3603 1548 3648 et
1605 3606 1834 3645 numero

265 3711 374 3748 non
427 3696 707 3746 divinitate
756 3689 1096 3742 dividuntur.
1159 3687 1252 3739 llis
1305 3686 1439 3738 mihi
1491 3683 1719 3736 vocibus
1756 3681 1835 3734 uti

266 3798 364 3852 per
405 3793 455 3836 te
484 3782 664 3842 liceat,
697 3781 1010 3849 quicunque
1038 3776 1203 3828 minis
1233 3791 1332 3828 nos
1363 3774 1526 3827 hodie
1563 3775 1782 3826 territas
1808 3789 1822 3822 :

268 3884 494 3926 caeteras
549 3887 678 3926 vero
743 3876 1099 3937 persequatur
1152 3868 1244 3934 qui
1301 3867 1465 3918 volet.
1524 3864 1663 3918 Fieri
1726 3877 1832 3914 non

271 3972 559 4031 potest,.ut
588 3963 745 4014 Pater
779 3960 1059 4021 subsistat,
1111 3958 1156 4011 si
1191 3956 1310 4009 Filii
1336 3957 1600 4025 jacturam
1629 3953 1788 4007 faciat
1817 3969 1833 4018 ;

270 4067 373 4105 nec
401 4050 567 4104 Filius
588 4091 602 4115 ,
632 4051 674 4103 si
706 4050 912 4118 Spiritu
940 4056 1129 4102 sancto
1159 4045 1421 4113 privetur.
1457 4043 1710 4098 Privatur
1733 4058 1833 4095 au-

275 4152 404 4203 tem,
430 4143 473 4194 si
499 4141 790 4208 aliquando
824 4153 943 4190 esse
991 4137 1241 4203 coeperit,
1276 4135 1431 4202 sique
1461 4147 1714 4187 creatura
1741 4133 1836 4188 sit.

270 4232 532 4288 Creatura
576 4229 720 4282 enim
775 4228 918 4280 Deus
968 4241 1076 4278 non
1123 4234 1227 4289 est,
1281 4225 1610 4292 baptismum
1671 4239 1837 4293 porro

275 4322 523 4375 imminui
573 4335 673 4373 nec
723 4333 822 4387 ego
880 4317 1100 4385 quidem
1155 4315 1320 4368 fero:
1359 4313 1504 4369 Unus
1564 4317 1835 4383 Dominus,

272 4429 381 4464 una
416 4412 599 4477 ﬁdes;
636 4427 799 4462 unum
836 4411 1095 4477 baptisma
1132 4409 1191 4459 “.
1238 4407 1391 4472 Quod
1437 4409 1569 4461 mihi
1610 4409 1654 4461 si
1709 4425 1841 4462 con-

1912 602 2056 654 dam.
2096 597 2388 651 Veritatem
2458 595 2740 648 confessus
2776 609 2920 656 sum,
2973 605 3083 644 non
3129 585 3471 641 mendacium

1913 708 2020 744 non
2085 688 2460 748 committam,
2517 696 2575 738 ut
2628 685 2720 752 qui
2782 684 3048 752 baptismo
3106 676 3478 749 perﬁciendus

1911 781 2179 840 venerim,
2238 777 2604 846 imperfectior
2665 776 2853 829 abeam
2889 792 2906 832 :
2948 774 3040 842 qui
3109 781 3169 827 ut
3234 772 3475 824 viverem

1914 871 2221 938 baptizatus
2259 885 2414 930 sum,
2456 869 2507 920 in
2553 883 2692 936 aqua
2752 867 2978 926 moriar,
3020 861 3476 932 quemadmodum

1916 963 2028 1025 illa,
2082 977 2201 1029 quan
2257 961 2309 1012 in
2361 959 2479 1026 ipso
2514 969 2672 1026 partu
2703 965 2955 1025 pereunt,
2997 963 3337 1022 mortemque
3371 968 3476 1006 una

1915 1067 2039 1106 cum
2068 1061 2188 1106 ortu
2222 1049 2600 1116 experiuntur.
2645 1046 2758 1098 Cur
2788 1062 2892 1106 me,
2929 1059 3138 1113 quaeso,
3175 1044 3392 1096 beatum
3419 1050 3476 1095 et

1917 1145 2197 1204 miserum,
2226 1154 2417 1194 recens
2452 1138 2816 1190 illuminatmn
2839 1146 2894 1189 et
2922 1134 3144 1189 luminis
3175 1142 3478 1202 expertem,

1917 1233 2163 1286 divinum
2218 1241 2273 1285 et
2319 1229 2582 1298 impium,
2635 1226 2825 1279 eodem
2886 1225 3146 1294 temporis
3198 1230 3481 1278 momento

1921 1325 2094 1379 facis?
2131 1324 2400 1378 Numnam
2435 1331 2491 1374 ut
2520 1321 2626 1374 hoc
2656 1317 2961 1386 naufragio,
3019 1317 3105 1370 vel
3171 1331 3266 1382 spe
3301 1314 3481 1368 retor-

1920 1414 2178 1469 mationis
2214 1410 2483 1464 excidam?
2530 1408 2596 1464 Ut
2634 1422 2749 1460 rem
2785 1405 2973 1474 paucis
3025 1403 3321 1463 absolvam,
3350 1399 3481 1468 quid

1922 1508 2206 1561 confessus
2225 1502 2320 1567 sis,
2345 1498 2734 1554 reminiscitor.
2763 1499 2818 1549 ln
2850 1511 3010 1565 quem
3043 1494 3352 1563 baptizatus
3382 1492 3484 1546 es?

1924 1597 1981 1650 ln
2041 1597 2275 1648 Patrem.
2338 1592 2503 1644 Recte
2570 1589 2676 1641 hoc
2731 1587 2972 1654 quidem,
3027 1586 3122 1640 sed
3175 1584 3480 1638 Judaicum.

1926 1689 2130 1744 Deinde
2180 1687 2234 1741 in
2286 1685 2505 1739 Filium.
2541 1683 2706 1736 Recte
2738 1691 2791 1734 et
2843 1679 2967 1742 hoc,
3001 1687 3057 1730 at
3096 1678 3346 1745 quamvis
3386 1677 3484 1730 .lu-

1927 1782 2142 1835 daicum
2192 1794 2300 1832 non
2369 1778 2460 1841 sit,
2513 1775 2756 1828 nondum
2797 1781 2978 1825 tamen
3029 1768 3333 1839 perfectum
3378 1776 3484 1820 est.

1925 1875 1989 1927 Et
2020 1874 2072 1926 in
2121 1870 2384 1939 Spiritum
2429 1876 2696 1921 sanctum.
2745 1861 2959 1931 Optime
2996 1860 3100 1913 hoc
3149 1869 3320 1916 certe.
3363 1872 3486 1910 nam

1924 1967 2222 2034 perfectum
2258 1969 2360 2014 est.
2396 1959 2506 2027 Age
2556 1971 2706 2017 vero,
2769 1967 3027 2006 numnam
3082 1951 3406 2018 simpliciter
3431 1949 3487 2002 in

1925 2052 2236 2124 liujusmodi
2271 2050 2491 2103 nomine
2545 2046 2852 2113 baptizatus
2903 2057 2986 2107 es,
3025 2057 3094 2094 an
3126 2041 3289 2094 etiam
3337 2055 3492 2092 com-

1927 2159 2093 2199 mune
2156 2140 2374 2209 aliquod
2433 2140 2628 2192 horum
2691 2150 2886 2189 nomen
2943 2132 3133 2187 nosti?
3188 2131 3489 2186 Commune

1927 2246 2074 2293 certe
2118 2235 2264 2289 novi.
2297 2230 2644 2300 Ecquodnam
2671 2228 2796 2282 est?
2831 2226 3097 2280 Nimirum
3130 2225 3222 2279 Dei
3268 2239 3488 2279 nomen.

1929 2332 1987 2385 In
2019 2329 2120 2382 hoc
2155 2338 2442 2380 commune
2477 2335 2678 2374 nomen
2729 2317 2958 2381 credito,
2996 2331 3216 2385 gressus
3250 2315 3490 2383 dirigito,

1927 2433 1982 2476 et
2009 2427 2250 2490 regnato.
2306 2416 2423 2470 Jam
2477 2428 2542 2466 ex
2586 2412 2690 2464 hoc
2736 2411 2940 2463 mundo
2990 2411 3054 2463 ad
3101 2408 3490 2462 beatitudinem

1930 2513 2076 2567 illam
2134 2507 2410 2562 caelestem
2444 2502 2860 2571 transmigrasti.
2898 2501 2993 2554 illa
3043 2515 3232 2569 porro,
3280 2508 3337 2552 ut
3368 2514 3488 2552 mea

1930 2605 2036 2658 fert
2063 2599 2270 2670 Opinio,
2300 2598 2435 2651 nihil
2469 2595 2612 2649 aliud
2649 2603 2749 2658 est,
2780 2609 2941 2663 quam
2975 2593 3284 2660 expressior
3310 2592 3494 2663 [quin-

1931 2694 2093 2767 dam]
2149 2695 2339 2748 horum
2404 2687 2841 2758 comprehensio.

2577 2800 2728 2856 CAP.
2769 2801 2860 2855 XI.

1937 2929 1999 2982 D.
2043 2927 2280 2984 Maximi.
2334 2923 2405 2975 De
2444 2920 2602 2974 Patre
2645 2929 2691 2971 et
2719 2916 2878 2976 Filio,
2936 2924 2982 2967 et
3034 2914 3233 2982 Spiritu
3291 2927 3494 2978 sancto,

2004 2999 2249 3049 distincta
2319 2992 2476 3045 simul
2532 3000 2578 3042 et
2642 2989 2923 3056 tonjuncta
2986 2986 3288 3056 Diviititatis
3338 2989 3484 3038 ratio.

2009 3067 2025 3136 [
2052 3066 2226 3119 Patris
2266 3073 2312 3114 et
2367 3060 2570 3136 Filii_et
2597 3055 2819 3126 Spiritus
2862 3055 3096 3136 eumdem
3120 3055 3493 3117 substantiam,

2005 3124 2316 3204 potentiam,
2344 3139 2391 3182 et
2416 3124 2673 3181 actionem
2707 3142 2833 3178 esse.
2862 3124 2881 3195 ]

2010 3247 2060 3299 l.
2098 3245 2242 3298 Deus
2270 3254 2411 3295 unus
2435 3246 2537 3303 est,
2577 3239 2704 3306 quia
2741 3236 3001 3291 divinitas
3058 3253 3188 3300 una,
3241 3237 3495 3305 principii

1934 3353 2148 3406 expers.
2178 3334 2428 3402 simplex,
2479 3330 3039 3401 supersubstantialis,
3070 3329 3417 3398 impartibilis
3441 3339 3496 3382 et

1937 3423 2307 3480 indivisibilis.
2363 3420 2565 3474 Eadem
2619 3419 2798 3472 unitas
2853 3429 2904 3472 et
2959 3418 3241 3472 Trinitas:
3302 3417 3494 3472 eadem

1934 3525 2044 3570 tota
2078 3515 2278 3574 unitas,
2306 3521 2360 3565 et
2394 3520 2502 3563 tota
2535 3510 2776 3562 Trinitas
2809 3526 2819 3558 :
2850 3508 3038 3561 eadem
3074 3517 3182 3561 tota
3212 3510 3412 3571 unitas,
3449 3510 3491 3560 si

1934 3604 2206 3668 essentiac,
2232 3601 2421 3656 eadem
2466 3608 2577 3654 tota
2609 3598 2864 3662 Trinitas,
2893 3599 2938 3652 si
2966 3613 3322 3667 personarum
3359 3599 3494 3652 ratio

1937 3699 2220 3751 habeatur.
2272 3694 2431 3746 Pater
2463 3700 2517 3745 et
2545 3691 2714 3744 Filius
2765 3700 2818 3744 et
2850 3690 3084 3758 Spiritus
3117 3699 3358 3752 sanctus,
3405 3692 3497 3745 Di-

1935 3791 2132 3842 vinitas
2188 3784 2399 3842 eadem.
2453 3783 2692 3850 Quasque
2730 3782 2872 3834 Patri
2906 3788 2962 3835 et
2987 3781 3122 3834 Filio
3174 3791 3229 3833 et
3260 3780 3491 3849 Spiritui

1935 3889 2122 3935 sancto
2156 3876 2412 3930 divinitas
2445 3875 2605 3934 inest,
2664 3873 2853 3926 eadem
2907 3881 3013 3925 tota
3063 3875 3116 3925 in
3149 3873 3307 3926 Patre
3355 3882 3490 3938 toto,

1936 3981 2096 4038 atque
2131 3969 2367 4022 vicissim
2389 3965 2565 4018 eidem
2592 3963 2688 4017 toti
2721 3964 2879 4017 Pater
2912 3973 3056 4017 totus
3088 3964 3246 4018 inest.
3282 3963 3485 4019 Eadem.

1939 4071 2048 4114 tota
2081 4062 2132 4112 in
2168 4068 2280 4112 toto
2302 4057 2458 4120 Filio,
2484 4065 2644 4124 atque
2681 4063 2824 4108 totus
2857 4055 2910 4108 iu
2935 4054 3124 4108 eadem
3163 4064 3272 4108 tota
3305 4055 3495 4109 Filius.

1937 4151 2137 4205 Eadem
2178 4157 2285 4202 tota
2335 4149 2386 4201 in
2419 4156 2532 4200 toto
2562 4145 2766 4213 Spiritu
2807 4155 3017 4209 sancto,
3070 4154 3233 4213 atque
3262 4155 3408 4198 totus
3443 4147 3499 4198 in

1939 4242 2126 4296 eadem
2160 4249 2274 4294 tota
2330 4238 2566 4306 Spiritus
2631 4245 2876 4288 sanctus.
2940 4236 3126 4303 Neque
3153 4250 3219 4288 ex
3249 4244 3404 4303 parte
3443 4234 3497 4287 in

1940 4336 2095 4389 Patre
2129 4332 2389 4386 Divinitas
2425 4338 2533 4393 est,
2580 4329 2667 4381 vel
2712 4343 2776 4380 et
2813 4339 2965 4395 parte
3021 4327 3180 4380 Pater
3225 4327 3369 4380 Deus
3392 4336 3496 4385 est,

1945 4438 2119 4492 neque
2159 4438 2225 4476 ex
2257 4431 2408 4490 parte
2443 4420 2710 4473 Divinitas
2743 4420 2878 4471 Filio
2904 4418 3068 4478 inest,
3106 4419 3191 4471 vel
3222 4434 3287 4471 cx
3337 4428 3490 4486 parte

273 4505 482 4558 feratur
516 4504 756 4564 irritum,
801 4502 918 4564 ubi,
959 4514 1163 4569 qumso,
1214 4501 1444 4552 alterum
1508 4500 2112 4568 nanciscar‘imeus
2161 4512 2301 4565 Deus
2354 4518 2462 4572 est,
2511 4523 2689 4578 neque
2746 4523 2812 4560 ex
2865 4516 3017 4575 parte
3070 4507 3213 4562 inest
3264 4506 3498 4575 Spiritui

272 4597 427 4659 Quod
463 4595 680 4647 dicitis?
708 4593 851 4644 Heus
885 4606 980 4643 vos
1010 4591 1102 4657 qui
1135 4591 1464 4656 baptismum
1495 4590 1834 4656 pervertitis,

275 4699 371 4738 seu
407 4681 796 4750 rebaptizatis!
830 4681 1016 4732 tierine
1062 4688 1260 4747 patest,
1292 4687 1350 4730 ut
1378 4679 1499 4744 quis
1544 4679 1841 4746 spiritualis

275 4777 391 4828 sine
423 4773 632 4840 Spiritu
691 4770 944 4824 dicatur?
988 4769 1070 4821 An
1109 4783 1237 4821 vero
1277 4768 1513 4835 Spiritus
1565 4772 1840 4837 particeps

277 4865 365 4914 ille
397 4863 487 4922 sit,
515 4861 608 4928 qui
643 4860 903 4924 Spiritum
941 4873 1049 4910 non
1099 4859 1435 4910 veneratur?
1497 4859 1617 4911 lsne
1678 4874 1840 4925 porro

279 4951 541 5019 Spiritum
592 4958 902 5011 veneratur,
952 4947 1046 5015 qui
1078 4947 1132 4998 in
1166 4958 1434 5001 creaturae
1481 4952 1839 5018 conservique

277 5045 498 5098 nomine
527 5041 830 5109 baptizatus
857 5039 984 5092 est?
1026 5039 1310 5107 Nunquam
1336 5051 1505 5102 certe,
1541 5041 1842 5110 quamlibet

281 5136 450 5187 multa
479 5134 655 5193 dicas,
678 5146 954 5199 nunquam
988 5129 1039 5182 id
1072 5129 1443 5197 persuadebis.
1490 5131 1604 5184 Non
1643 5140 1693 5184 te
1742 5131 1844 5184 t'al-

281 5222 411 5284 lam,
469 5219 779 5289 aprincipii
844 5233 1042 5286 expers
1093 5220 1273 5273 Pater.
1326 5220 1443 5273 Non
1480 5230 1529 5273 te
1577 5221 1841 5285 fallam,o

281 5312 624 5379 unigenitum
682 5309 939 5363 Verbum.
995 5311 1114 5364 Non
1172 5320 1222 5364 te
1278 5310 1480 5373 fallam,
1516 5328 1548 5365 ο
1605 5313 1844 5381 Spiritus

282 5414 486 5456 sancte.
514 5403 637 5456 Scio
663 5401 795 5469 quid
826 5401 1106 5455 confessus
1129 5404 1254 5464 sim,
1287 5417 1315 5454 a
1349 5419 1456 5471 quo
1490 5403 1840 5467 desciverim,

285 5508 447 5559 quem
485 5500 705 5545 secutus
731 5493 854 5546 sim.
906 5491 1024 5546 Non
1055 5495 1385 5549 committam
1427 5505 1485 5548 ut
1511 5497 1630 5549 viva
1667 5497 1841 5555 ﬁdelis

356 5629 392 5656 ¹¹
456 5627 699 5696 Eph.tv,
758 5632 809 5685 5,

355 5775 428 5840 (9)
462 5773 616 5829 Τοιιι.
646 5773 877 5839 XXXVI,
905 5777 1010 5829 col.
1043 5775 1162 5827 256.

1940 4612 2127 4656 sancto
2185 4602 2466 4662 Divinitas,
2525 4600 2608 4654 vel
2659 4615 2723 4652 ex
2780 4608 2928 4664 parte
2979 4598 3219 4666 Spiritus
3276 4605 3499 4650 sanctus

1940 4693 2084 4745 Deus
2109 4699 2212 4743 est.
2252 4690 2365 4743 Nec
2413 4689 2556 4742 enim
2617 4686 2900 4755 partitioni
2955 4685 3220 4740 Divinitas
3264 4686 3498 4740 obnoxia

1940 4790 2043 4833 est.
2075 4779 2264 4847 Neque
2320 4780 2476 4832 Pater
2506 4785 2599 4830 aut
2642 4777 2832 4840 Filius,
2867 4784 2961 4829 aut
3007 4776 3242 4844 Spiritus
3275 4786 3498 4830 sanctus

1947 4869 2087 4921 Deus
2139 4877 2224 4920 est
2272 4868 2641 4934 imperfectus.
2679 4866 2782 4920 Sed
2850 4875 2957 4919 tota
3015 4867 3205 4920 eadem
3261 4867 3499 4936 perfecta

1937 4959 2207 5012 'Uerfecte
2262 4958 2406 5012 Patri
2468 4959 2758 5027 perfecto:
2817 4967 2926 5011 tota
2975 4959 3210 5026 perfecta
3266 4959 3502 5026 perfecte

1943 5051 2079 5104 Filio
2103 5049 2376 5116 perfecto:
2429 5059 2537 5101 tota
2566 5048 2802 5118 denique
2857 5049 3092 5118 perfecta
3133 5051 3392 5118 perfecte,
3446 5059 3502 5102 et

1940 5139 2131 5194 eadem
2177 5138 2403 5206 Spiritui
2459 5146 2647 5190 sancto
2678 5137 2918 5206 perfecto
2956 5139 3114 5190 inest.
3153 5137 3323 5192 Totus
3352 5138 3500 5191 enim

1943 5233 2040 5286 toti
2095 5232 2231 5285 Filio
2274 5241 2330 5284 et
2383 5229 2606 5298 Spiritui
2635 5240 2822 5283 sancto
2853 5231 3090 5297 perfer-te
3130 5230 3289 5284 Pater
3338 5232 3499 5283 inest.

1946 5324 2078 5378 item
2112 5330 2258 5376 totus
2304 5322 2396 5375 toti
2431 5321 2574 5374 Patri
2628 5329 2683 5378 et
2727 5321 2954 5389 Spiritui
3012 5332 3203 5375 sancto
3262 5319 3501 5388 perfecte

1948 5413 2116 5466 Filius
2143 5413 2300 5465 inest.
2330 5410 2499 5464 Totus
2524 5411 2760 5478 denique
2815 5412 2910 5464 toti
2944 5412 3087 5466 Patri
3134 5422 3188 5465 et
3219 5411 3355 5466 Filio
3382 5425 3502 5478 per-

1948 5505 2086 5559 fecte
2115 5503 2349 5573 Spiritus
2399 5515 2616 5559 sanctus
2675 5505 2835 5560 inest.
2866 5505 2978 5559 Una
3033 5506 3175 5560 enim
3224 5515 3278 5561 et
3310 5506 3498 5560 eadem
