4302 6370
848 369 983 431 1135

839 586 895 626 et
927 579 1070 632 actio
1117 590 1219 636 est.
1268 584 1375 636 Nec
1409 599 1601 637 eorum
1637 585 1922 653 quisquam
1976 587 2180 657 absque
2234 592 2410 647 altero

841 687 963 723 esse
997 682 1091 726 aut
1125 675 1349 744 intelligi
1380 688 1580 746 potest.

906 762 959 815 Ξ.
989 764 1258 831 L‘jusdcnt.
1308 768 1402 821 llla
1428 772 1661 825 universi
1685 773 1861 841 opifex
1888 785 2089 831 sancta:
2121 779 2405 834 Trinitatis

836 850 1068 902 essentia
1101 852 1215 906 Sola
1242 854 1488 925 simplex,
1524 861 1832 925 uniformis,
1866 866 2013 918 nttlla
2040 883 2097 920 re
2130 884 2317 936 egens,
2350 879 2405 925 ct

836 941 1196 999 immutabilis
1239 957 1339 1001 est.
1378 948 1567 1005 Omnis
1608 964 1788 1008 autem
1822 968 2074 1011 creatura
2107 962 2404 1029 composita

834 1043 935 1094 est,
976 1051 1095 1103 qua:
1128 1039 1381 1091 nimirum
1431 1057 1495 1095 ex
1539 1044 1840 1099 substantia
1887 1056 1941 1100 et
1970 1050 2251 1105 accidente
2275 1068 2408 1107 con-

839 1133 987 1188 stet,
1049 1128 1247 1182 divinae
1296 1132 1656 1198 providentiae
1718 1138 1919 1191 auxilio
1974 1155 2188 1210 semper
2224 1156 2400 1213 egeat,

832 1215 1249 1286 haudquaquam
1283 1226 1599 1278 mutationis
1621 1241 1833 1293 expers.
1867 1228 2102 1285 Proinde
2152 1247 2253 1287 nec
2309 1249 2402 1289 ac-

832 1307 1018 1361 ridens
1051 1309 1182 1375 Deo,
1229 1328 1331 1367 nec
1363 1315 1593 1383 qualitas
1645 1317 2011 1373 attribuenda.
2075 1320 2199 1376 Haec
2254 1324 2404 1379 enim

834 1399 999 1452 rebus
1042 1405 1371 1471 compositis
1430 1418 1483 1460 et
1550 1409 1840 1463 mutationi
1882 1412 2133 1467 obnoxiis
2180 1415 2402 1471 attribui

834 1493 1031 1545 solent.
1094 1496 1445 1566 Quaecunque
1505 1510 1689 1554 autem
1764 1502 1877 1556 Deo
1932 1505 2158 1572 insunt,
2213 1517 2405 1563 natura

831 1582 1040 1637 insunt.
1100 1599 1209 1638 non
1246 1595 1503 1655 tanquam
1540 1590 1805 1659 acquisita
1830 1602 1884 1646 et
1920 1593 2239 1650 adventitia.

899 1673 953 1725 3.
984 1672 1259 1741 Ejusdem.
1298 1676 1375 1731 Ne
1416 1678 1636 1733 habitus
1678 1692 1732 1735 et
1786 1684 2118 1750 aptitudines
2171 1686 2227 1739 in
2275 1687 2406 1741 sim-

827 1764 953 1833 plici
1005 1776 1061 1819 et
1106 1766 1318 1822 infinita
1372 1781 1570 1824 sanctze
1599 1771 1886 1826 Trinitatis
1918 1775 2158 1828 essentia
2198 1778 2398 1843 quaesi-

828 1857 1021 1910 veris:
1074 1874 1140 1911 ne
1179 1859 1321 1913 forte
1372 1861 1727 1930 compositam
1785 1864 1930 1917 illam
1983 1865 2314 1935 proﬁtearis,
2343 1880 2399 1926 e:
2436 1867 2477 1927 Β

825 1950 985 2001 rebus
1008 1951 1206 2004 creatis
1243 1966 1553 2007 accenseas.

892 2040 946 2091 4.
989 2040 1266 2108 Ejusdem.
1298 2043 1372 2096 Ex
1410 2046 1475 2097 iis
1514 2062 1633 2115 qum
1689 2058 1835 2111 sunt,
1895 2066 2085 2105 eorum
2119 2068 2240 2122 quae
2270 2064 2396 2109 sunt

822 2145 1040 2183 rausam
1112 2133 1481 2202 dignoscimus
1562 2138 1861 2209 [nimirum
1941 2143 2242 2215 Patrem],
2329 2161 2394 2199 ex

822 2237 1008 2275 eorum
1047 2235 1227 2277 autem
1271 2241 1392 2294 qua:
1426 2238 1555 2283 sunt
1587 2230 1899 2285 diﬂ‘erentia
1927 2274 1941 2295 ,
2008 2234 2100 2287 illa
2155 2237 2396 2307 cnhypo-

820 2325 979 2379 stata,
1022 2315 1122 2369 hoc
1177 2327 1279 2381 est,
1330 2333 1427 2385 per
1466 2335 1523 2374 se
1577 2323 1905 2388 consistens,
1944 2327 2065 2395 ejus
2110 2327 2257 2395 quod
2310 2336 2394 2383 est

820 2406 1103 2471 sapientia,
1125 2421 1318 2474 nentpe
1351 2408 1541 2471 Filius,
1570 2412 1727 2463 nobis
1763 2413 2085 2467 innotescit.
2114 2415 2193 2468 Ex
2231 2424 2393 2468 natu-

824 2496 918 2549 rali
951 2496 1188 2564 denique
1222 2513 1409 2551 eorum
1437 2514 1557 2568 quae
1600 2512 1725 2554 sunt
1752 2512 1924 2567 motu,
1975 2505 2391 2575 enhypostalam

822 2602 1041 2655 quoque
1070 2604 1162 2641 seu
1196 2603 1291 2656 per
1314 2604 1371 2643 se
1417 2592 1807 2646 consistentem
1866 2611 2057 2649 eorum
2090 2614 2212 2665 quae
2262 2610 2392 2653 sunt

823 2680 1012 2741 vitam,
1062 2688 1116 2731 et
1150 2680 1417 2733 viviﬁcam
1459 2696 1645 2735 eorum
1707 2700 1827 2751 qua:
1876 2696 2008 2739 sunt
2063 2689 2389 2756 potentiam,

818 2786 1013 2838 netttpe
1042 2771 1304 2840 Spiritum
1339 2784 1585 2828 sanctum
1616 2776 1988 2846 intelligimus.

892 2863 945 2914 5.
975 2863 1250 2933 Ejusdem.
1280 2865 1334 2919 Si
1367 2866 1596 2919 Verbum
1628 2881 1820 2920 eorum
1853 2884 1974 2936 quae
2013 2879 2140 2924 sunt
2167 2886 2393 2940 genera-

821 2954 953 3007 tinni
1003 2966 1220 3026 prwest,
1266 2957 1475 3009 nullum
1512 2973 1752 3026 unquam
1799 2959 1902 3012 hoc
1939 2958 2114 3013 Verbo
2161 2963 2389 3016 verbum

821 3050 1101 3117 antiquius
1148 3049 1270 3108 fuit.
1305 3049 1618 3104 futurumve
1651 3060 1753 3104 est.
1788 3050 2029 3106 Verbum
2068 3063 2252 3107 autem
2286 3071 2389 3111 nec

823 3143 1021 3195 mentis
1073 3157 1280 3205 exsors,
1318 3157 1419 3196 nec
1466 3142 1590 3196 vita:
1626 3149 1730 3209 est,
1770 3142 1864 3196 sed
1927 3146 2123 3201 mentis
2168 3155 2222 3200 et
2251 3148 2381 3202 vita:

818 3237 1107 3303 particeps.
1134 3234 1495 3288 Generantcm
1542 3234 1690 3289 enim
1756 3247 1993 3289 mentem
2027 3237 2211 3302 habet,
2243 3254 2391 3307 quae-

816 3343 922 3394 que
954 3328 1035 3378 sui
1062 3327 1294 3379 essentia
1319 3325 1601 3389 consistat,
1639 3327 1895 3381 nimirum
1930 3326 2143 3381 Patrem
2176 3345 2187 3378 :
2231 3329 2393 3381 habet

814 3429 869 3471 et
896 3419 1060 3472 vitam
1094 3416 1424 3471 suiessentia
1446 3416 1863 3474 consistentem.
1887 3418 2096 3473 scilicet
2123 3417 2389 3487 Spiritum

817 3519 1086 3562 sanctum.

1454 3597 1603 3653 CAP.
1638 3597 1752 3651 ΧΙῙ.

817 3689 1158 3751 Damasceni,
1196 3707 1258 3744 ea:
1299 3691 1557 3768 oratione
1613 3687 1691 3768 De
1728 3687 1897 3768 Patre.
1921 3694 1971 3739 et
2011 3685 2150 3768 Filio
2186 3684 2389 3768 etLSpi-

884 3764 991 3814 ritu
1013 3771 1216 3825 sancto,
1236 3762 1497 3814 distincta»
1513 3758 1673 3811 simul
1700 3767 1747 3811 et
1779 3758 2060 3826 conjuncta
2083 3756 2388 3810 Divinilatis

885 3836 1023 3885 ratio
1079 3833 1212 3902 (l0).

882 3947 1027 4000 Deus
1059 3956 1116 4000 el.
1168 3946 1332 4000 Pater
1383 3953 1487 4009 est,
1539 3942 1631 4012 qui
1688 3956 1911 4011 semper
1946 3940 2224 4010 ingenitus
2283 3946 2386 4003 est,

812 4041 1013 4109 quippe
1081 4039 1172 4107 qtti
1224 4053 1254 4091 a
1310 4036 1460 4091 nullo
1534 4035 1752 4105 genitus
1801 4044 2132 4088 ceteternum
2190 4030 2387 4084 Filium

812 4130 1078 4200 genuerit.
1118 4129 1260 4182 Deus
1296 4136 1351 4181 et
1394 4126 1564 4179 Fiiius
1614 4131 1717 4189 est,
1763 4124 1855 4192 qui
1887 4122 2212 4220 cum-Patre
2244 4133 2389 4220 sem-

802 4238 910 4290 per
935 4230 1039 4283 est,
1070 4220 1136 4271 ab
1167 4220 1368 4286 illoque
1429 4216 1547 4270 sine
1586 4224 1831 4285 tempore
1865 4213 2223 4281 sempiterne,
2261 4213 2385 4265 sine

812 4316 958 4366 ﬂuxu
1014 4309 1429 4379 imperturbate,
1491 4317 1547 4362 et
1576 4308 1693 4361 sine
1753 4305 2095 4375 seiunctione
2143 4302 2210 4355 ab
2246 4302 2385 4401 ipso,

811 4403 1048 4471 genitus.
1108 4402 1250 4453 Deus
1298 4397 1543 4465 denique
1607 4394 1846 4464 Spiritus
1901 4401 2150 4455 sanctus,
2210 4394 2387 4442 virtus

2114 387 2412 448 ΝΠΙΙΞΤᾸΞ
2455 393 2865 460 (ἹΠΟΝΙΛΤΕ

840 486 1017 540 patris
1050 497 1104 542 et
1138 491 1255 547 Filii
1286 504 1338 549 ct
1376 497 1611 561 Spiritus
1645 497 1816 550 sanrti
1852 501 2108 562 essentia,
2143 506 2405 568 potentia,
2443 516 2479 566 Α
2513 546 2645 585 γεω

2691 539 2964 595 internum
3000 559 3219 616 quoque
3282 553 3499 608 dicitur.
3561 558 3807 617 Tertium
3842 564 4088 637 denique

2519 628 2809 692 profertur.
2866 636 3102 703 Spiritus
3132 642 3295 696 etiam
3338 648 3621 718 multiplex
3657 664 3743 708 est
3802 628 4080 729 acceptio.

2515 715 2647 769 Nam
2680 732 2732 772 et
2782 723 3017 791 Spiritus
3066 742 3285 788 sanctus
3314 748 3436 806 est;
3470 715 3524 797 et
3562 746 3872 813 spirituales
3903 715 4085 807 facul-

2514 816 2652 864 tates
2699 813 2987 881 spirituum
3037 826 3255 879 nomine
3302 829 3678 901 designantur.
3729 840 3967 907 Spiritus
3994 846 4085 899 in-

2511 915 2678 969 super
2698 922 2794 974 pro
2824 911 3015 978 angelo
3042 913 3208 983 bono,
3237 918 3365 973 item
3387 934 3441 977 et
3464 939 3563 993 pro
3579 928 3824 986 diemone
3838 934 4083 1002 rapitur.

2512 990 2749 1061 Spiritus
2795 999 2923 1054 item
2969 1004 3147 1061 anima
3180 1021 3282 1065 est.
3317 990 3625 1084 Aliquando
3657 1024 3820 1077 etiam
3857 990 4084 1082 intelle-

2511 1091 2650 1146 ctus,
2680 1098 2893 1156 ventus,
2923 1104 3105 1159 aer,et
3129 1111 3326 1158 caetera
3352 1106 3405 1161 id
3432 1122 3600 1177 genus
3632 1114 3860 1182 Spiritus
3887 1119 4088 1189 appel-

2509 1175 2713 1230 lantur.

3125 1281 3276 1339 CAP.
3311 1286 3455 1347 XIII.

2510 1357 2966 1461 Eadeqr‘r-t‘hr‘toe-‘re,
3148 1382 3309 1461 variis
3364 1381 3661 1461 Patrium.
3695 1388 3976 1461 [Perfecta
4022 1401 4082 1450 in

2652 1434 2907 1491 Trinitate
2931 1434 3187 1510 persona,
3218 1450 3339 1503 iure
3364 1454 3589 1508 vicissim
3620 1434 3871 1528 αἰνιξιυῖὦῖ
3885 1464 3903 1535 ]

2580 1542 2631 1596 1.
2655 1543 2969 1643 Εχ-ᾱυεώυε
2985 1554 3239 1621 perfectis
3263 1560 3663 1635 hypostasibus,
3687 1586 3782 1626 seu
3801 1580 4093 1643 personis,

2508 1638 2829 1706 compositio
2882 1642 3000 1697 fieri
3028 1662 3138 1701 non
3171 1662 3372 1719 potest.
3407 1657 3641 1716 Proinde
3700 1638 3940 1734 speciem
3975 1687 4081 1725 ne-

2506 1742 2781 1798 quaquam
2815 1748 2881 1786 ex
2909 1739 3183 1805 personis,
3214 1744 3309 1796 sed
3336 1746 3389 1798 in
3423 1753 3672 1815 personis
3701 1755 3963 1814 dicimus.
4000 1760 4079 1812 Ex

2509 1832 2617 1886 quo
2652 1819 2733 1885 fit,
2765 1832 2825 1876 ut
2881 1828 3147 1893 perfectas
3193 1836 3414 1901 quidem
3452 1851 3640 1895 sancta
3695 1846 3749 1898 in
3806 1846 4079 1904 Trinitate

2505 1924 2767 1977 personas
2804 1913 3071 1983 dicamus,
3118 1938 3186 1976 ne
3235 1931 3563 1995 compesitio
3597 1933 3651 1986 in
3687 1934 3795 1989 illis
3829 1939 3936 1991 ulla
3975 1957 4076 1994 co-

2500 2001 2721 2069 gitetur.
2760 2003 2865 2061 llas
2909 2019 3090 2065 autem
3146 2014 3199 2067 in
3233 2032 3291 2070 se
3341 2019 3583 2076 vicissim
3634 2028 3898 2095 singulas,
3941 2046 4079 2099 pro-

2498 2102 2620 2160 pter
2647 2107 2896 2152 mutuum
2938 2116 3127 2156 carum
3160 2107 3409 2162 habitum
3460 2114 3601 2167 inter
3642 2132 3700 2170 se
3734 2128 3896 2187 atque
3935 2124 4079 2177 rela-

2498 2184 2698 2238 tionem
2749 2192 3068 2248 asserimus.
3118 2196 3253 2262 Quia
3295 2202 3461 2255 etiam
3506 2220 3607 2258 nec
3660 2208 4071 2277 circumscribi,

2496 2290 2597 2330 nec
2624 2278 2743 2332 loco
2772 2284 3041 2339 contineri
3073 2300 3321 2356 possunt,
3372 2293 3501 2361 quia
3532 2295 3767 2367 denique
3827 2318 3938 2359 una
3970 2321 4069 2361 eo-

2496 2383 2617 2421 rum
2641 2371 2942 2443 eademque
2971 2374 3239 2436 Divinitas
3272 2392 3374 2437 est.

2565 2460 2619 2513 2.
2654 2462 2711 2516 ln
2739 2466 2993 2521 omnibus
3018 2469 3188 2524 rebus
3207 2476 3424 2543 creatis,
3460 2495 3818 2550 personarum
3866 2486 4073 2542 divisio

2496 2564 2554 2603 re
2604 2552 2717 2620 ipsa
2766 2555 3219 2624 deprehenditur.
3271 2566 3405 2620 Nam
3454 2586 3512 2624 re
3562 2575 3677 2642 ipsa
3738 2576 3972 2631 Michael
4038 2596 4067 2633 a

2493 2639 2768 2710 Gabricle,
2806 2647 3000 2704 Petrus
3038 2667 3067 2705 a
3105 2652 3272 2708 Paulo
3316 2639 3598 2729 sejunctus
3637 2675 3743 2727 est,
3778 2678 3833 2718 ct
3864 2681 4069 2723 cetera

2492 2734 2685 2789 eodem
2732 2739 2917 2793 modo.
2944 2741 3098 2806 Quod
3126 2762 3257 2801 vero
3292 2764 3581 2807 commune
3614 2756 3667 2808 in
3699 2758 3783 2809 his
3809 2768 3863 2811 et
3895 2776 4069 2813 unum

2492 2833 2599 2888 cst,
2622 2826 2671 2880 id
2692 2831 3019 2897 cogitatione
3042 2834 3401 2904 dignoscitur.
3422 2842 3545 2896 Sola
3559 2850 3701 2900 enim
3729 2852 4070 2915 cogitatione

2493 2918 2866 2986 angelitatem,
2894 2925 3047 2979 verbi
3071 2930 3268 2995 gratia,
3290 2944 3345 2986 et
3376 2934 3791 3004 humanitatem,
3822 2945 3927 2997 hoc
3957 2958 4064 3009 est,

2492 3024 2841 3067 communem
2884 3018 3201 3084 angelorum
3246 3032 3301 3075 et
3349 3023 3629 3081 hominum
3665 3032 3943 3086 notionem
3977 3050 4069 3087 co—

2491 3103 2826 3170 gnoscimus.
2874 3107 2944 3159 At
3002 3108 3055 3159 in
3108 3110 3289 3165 divina
3346 3113 3610 3171 Trinitate
3669 3135 3831 3175 secus
3870 3139 3930 3176 se
3980 3141 4072 3179 res

2416 3201 2458 3257 ο
2492 3193 2677 3247 habet.
2721 3195 2875 3259 Quod
2925 3198 3071 3251 enim
3111 3199 3164 3253 in
3206 3216 3267 3254 ea
3308 3220 3597 3261 commune
3638 3220 3693 3263 et
3736 3228 3906 3267 unum
3961 3230 4068 3279 εει,

2496 3284 2550 3337 id
2613 3300 2670 3338 re
2719 3286 2835 3354 ipsa
2879 3291 3231 3357 perspicitur.
3268 3294 3401 3348 Nam
3451 3312 3509 3351 re
3547 3301 3661 3367 ipsa
3726 3312 3840 3357 tres
3888 3322 4065 3360 unum

2502 3372 2697 3437 Deum,
2751 3390 2913 3428 unam
2963 3386 3018 3431 et
3068 3381 3315 3434 eamdem
3376 3386 3429 3437 in
3478 3389 3651 3441 tribus
3710 3404 3964 3448 naturam
4013 3408 4069 3450 et

2491 3464 2785 3527 actionem,
2840 3481 3002 3519 unam
3057 3467 3295 3537 denique
3346 3485 3402 3525 et
3428 3479 3671 3531 eamdem
3723 3485 4067 3539 voluntatem

2491 3571 2609 3610 esse
2640 3567 2791 3610 certo
2822 3558 3044 3612 scimus.
3080 3560 3442 3617 Personarum
3478 3578 3659 3621 autem
3701 3572 3903 3629 divisio
3932 3581 4069 3629 sini-

2492 3646 2620 3714 plici
2670 3656 2726 3701 et;
2765 3649 2911 3703 nuda
2949 3651 3277 3719 cogitatione
3342 3656 3682 3725 intelligitur.
3740 3664 3854 3717 Nec
3914 3669 4069 3720 enim

2488 3753 2613 3792 eam
2678 3738 3289 3809 circumscriptionem,
3349 3761 3455 3812 qua
3520 3764 3763 3816 personae
3817 3758 4069 3809 circuiu-

2489 3831 2655 3885 scribi
2688 3832 2885 3897 solent,
2920 3848 3099 3900 neque
3159 3834 3523 3903 intervallum,
3558 3857 3667 3909 quo
3699 3844 3852 3896 locus
3885 3862 3915 3898 a
3944 3849 4069 3901 loco

2488 3920 2839 3990 disjungitur,
2874 3935 2974 3974 nec
3006 3920 3167 3975 aliam
3201 3923 3364 3975 ullam
3398 3926 3558 3979 exiis
3606 3932 4067 3997 proprietatibus,

2491 4016 2697 4083 quibus
2739 4015 2953 4083 singula
2988 4017 3103 4068 suis
3126 4018 3278 4084 quasi
3317 4017 3518 4071 linibus
3550 4022 3935 4083 continentur,
3978 4028 4069 4079 hic

2481 4106 2792 4175 intelligere
2841 4116 2936 4159 aut
2963 4106 3204 4175 cogitare
3264 4108 3549 4163 audemus.
3615 4112 3817 4165 Pricter
3878 4125 4060 4179 pater.

2487 4200 2734 4263 nitatem,
2781 4198 3127 4261 ﬁliationettt,
3200 4209 3255 4252 et
3307 4204 3750 4267 processionem,
3807 4219 3905 4258 seu
3966 4224 4068 4260 no-

2490 4292 2668 4347 tiones
2713 4306 2825 4353 eas,
2862 4290 3063 4359 quibus
3112 4291 3274 4345 Pater
3303 4292 3539 4361 genitor,
3591 4296 3762 4349 Filius
3815 4299 4062 4366 genitus.

2486 4392 2542 4433 et
2608 4380 2850 4449 Spiritus
2918 4381 3221 4449 procedens
3290 4383 3637 4452 intelligitur.
3696 4392 3877 4455 Atque
3947 4393 4065 4445 lucc

812 4470 1178 4551 sanctiticans,
1211 4504 1330 4558 qua:
1361 4503 1457 4556 per
1485 4502 1541 4541 se
1568 4486 1835 4546 subsistit,
1884 4499 1915 4537 a
1947 4485 2107 4580 Patre.
2148 4490 2205 4534 et
2240 4479 2379 4532 Filio
2407 4522 2458 4580 Β

2416 4471 2705 4580 unidem
2759 4470 3133 4539 hujuscemodi
3191 4474 3399 4525 ratione
3431 4473 3587 4529 fiunt.
3625 4490 3745 4542 quas
3798 4488 4060 4529 naturam

2523 4572 2534 4580 .
2593 4559 2880 4580 ---ηηηω
2920 4573 3291 4580 _._-_M..__,___-
3346 4560 3386 4580 ρ,
3644 4579 3651 4580 ,
3732 4575 3742 4580 -
3819 4565 3857 4580 ι.
3936 4567 3945 4576 ο
4017 4566 4025 4580 .

816 4582 1083 4651 procedit,
1129 4588 1182 4632 et
1234 4579 1286 4631 in
1337 4576 1477 4630 Filio
1520 4573 1882 4642 conquiescit,
1947 4570 2191 4641 ejusdem
2253 4583 2377 4621 cum

792 4672 970 4725 Patre
1029 4670 1276 4737 Filioque
1346 4666 1685 4721 substantiae.
1751 4663 1990 4718 Verbum
2055 4669 2171 4723 est,
2231 4656 2377 4727 quod

815 4762 1250 4819 substantialitcr
1290 4760 1430 4812 l’atri
1482 4773 1697 4826 semper
1737 4757 1910 4809 adest.
1961 4752 2199 4807 Verbum
2257 4752 2384 4803 item

818 4867 923 4920 est,
982 4853 1249 4908 naturalis
1305 4860 1506 4911 motus,
1560 4863 1670 4918 quo
1732 4846 1948 4899 animus
2007 4845 2121 4912 ipse
2190 4857 2383 4895 move-

813 4960 933 5007 tur,
985 4944 1275 5013 intelligit,
1330 4950 1383 4995 et
1446 4938 1682 5007 cogitat,
1713 4934 1842 5003 quia
1896 4933 2155 4986 nimirum
2206 4931 2380 4999 ipsius

814 5037 967 5109 quasi
1011 5038 1097 5089 lex
1148 5042 1202 5087 ct
1260 5030 1517 5102 Splendor
1565 5028 1797 5082 exsistit.
1840 5024 2072 5079 Verbum
2120 5033 2379 5091 prieterea

812 5140 917 5193 est,
945 5128 1221 5181 interan
1240 5138 1457 5192 quoque
1476 5121 1630 5183 illud,
1652 5117 1795 5187 quod
1815 5118 1866 5170 in
1888 5116 2053 5169 corde
2077 5113 2375 5183 loquimur.

813 5221 1036 5282 AtlhtDC,
1068 5216 1295 5271 verbum
1325 5224 1430 5280 est,
1473 5211 1640 5266 animi
1666 5208 1912 5270 nuntius,
1942 5207 2178 5260 Verbum
2212 5206 2380 5273 igitur

814 5311 957 5363 Deus
998 5307 1233 5362 essentia
1287 5319 1382 5355 sua
1435 5314 1489 5354 et
1526 5298 1799 5369 hypostasi
1833 5294 2056 5365 prepria
2100 5294 2375 5347 consistit.

811 5402 1020 5457 Caetera
1104 5399 1206 5450 tria
1270 5394 1437 5447 verba
1493 5390 1777 5443 facultates
1830 5386 1997 5440 animi
2046 5396 2195 5448 sunt,
2255 5399 2377 5451 quae

811 5490 1033 5560 propria
1084 5488 1137 5539 in
1169 5483 1445 5555 haypostasi
1477 5480 1897 5547 haudquaquam
1934 5476 2374 5529 considerantur.

813 5586 1054 5646 Quorum
1092 5579 1327 5647 primum
1361 5574 1526 5627 animi
1553 5572 1799 5624 naturale
1836 5582 2056 5638 germen
2098 5574 2201 5626 est,
2228 5564 2372 5631 quod

820 5684 1031 5736 semper
1086 5667 1153 5720 ab
1207 5666 1328 5733 ipso
1386 5660 1708 5715 naturaliter
1772 5660 2009 5729 proﬂuat.
2060 5655 2373 5712 Secundum

894 5782 1007 5855 (l0)
1040 5780 1197 5836 Tom.
1223 5777 1407 5845 XCIV,
1438 5776 1547 5832 col.
1585 5773 1707 5828 8256.

2483 4572 2539 4613 et
2587 4559 2883 4613 essentiam
2916 4573 3296 4627 quamcunque
3343 4560 3499 4613 facile
3530 4575 3767 4629 supcrat.
3819 4565 4062 4617 Proinde

2484 4649 2653 4702 Deum
2677 4663 2845 4700 unutn
2874 4660 2968 4699 eos
2999 4661 3121 4699 esse
3147 4646 3402 4708 dicimus,
3432 4662 3554 4699 cum
3585 4650 3697 4700 lieri
3726 4665 3833 4703 non
3863 4666 4059 4719 ιιοεεξι.

2487 4750 2545 4792 ut
2572 4739 2812 4806 perfecte
2854 4748 3019 4805 atque
3052 4752 3109 4790 re
3165 4736 3277 4803 ipsa
3311 4752 3499 4788 eorum
3554 4753 3815 4804 personas
3846 4743 4062 4796 divida-

2486 4846 2627 4894 mus,
2669 4846 2789 4897 qua:
2817 4830 2936 4881 sine
2965 4827 3232 4880 divisione
3284 4827 3629 4890 dividuntur,
3658 4840 3715 4880 et
3768 4831 3891 4884 sine
3928 4848 4060 4886 con-

2480 4923 2770 4994 junctione
2842 4920 3284 4989 conjunguntur,
3363 4928 3587 4987 propter
3655 4919 3949 4975 divisionis
4006 4939 4058 4977 et

2487 5014 2887 5083 conjunctionis
2914 5027 3105 5066 eorum
3138 5012 3427 5072 rationein,
3462 5027 3584 5077 qu.e
3630 5027 3689 5063 ea
3723 5028 3828 5075 est,
3862 5027 3917 5066 ut
3967 5033 4062 5067 ua-

2488 5118 2609 5161 tura
2627 5117 2948 5174 quacunque
2983 5110 3036 5155 et
3058 5102 3293 5156 essentia
3321 5101 3478 5169 longe
3503 5104 3854 5168 praestantior
3888 5106 3982 5156 sit.

2555 5199 2607 5251 5.
2644 5196 3063 5265 Distinguuutur
3120 5194 3461 5261 hypostases,
3490 5208 3596 5245 non
3650 5196 3908 5248 essentia:
3975 5213 4060 5249 ta—

2487 5292 2654 5349 tione,
2698 5288 2791 5342 sed
2840 5284 3407 5339 characteristicarum
3468 5283 3891 5350 proprietatum,
3952 5288 4056 5339 hoc

2486 5392 2570 5435 est
2599 5390 2875 5439 notarum,
2912 5392 3032 5446 quae
3086 5376 3333 5444 personis
3384 5374 3585 5426 insunt.
3620 5374 3694 5426 Ex
3732 5390 3845 5442 quo
3881 5376 3963 5439 lit,
4004 5390 4061 5430 ut

2483 5489 2546 5527 ex
2583 5473 2748 5525 rebus
2784 5470 3004 5531 creatis,
3036 5482 3155 5535 qua:
3180 5467 3249 5519 sit
3282 5466 3459 5518 Patris
3491 5476 3539 5517 ct
3573 5465 3693 5517 Filii
3730 5476 3784 5518 et
3815 5466 4062 5534 Spiritus

2483 5567 2678 5629 sancti,
2724 5579 2816 5617 seu
2866 5561 3205 5631 prepriarum
3241 5570 3511 5619 notarum,
3545 5557 3854 5611 dttl‘crentia
3892 5562 4064 5613 resci-

2482 5670 2718 5714 scatnus.
2754 5665 3074 5707 naturarum
3119 5665 3250 5704 vero
3276 5663 3381 5701 non
3421 5647 3569 5700 item.
