4302 6370
273 357 410 419 ῙΙῖΠ

879 471 1027 528 CAP.
1064 476 1198 530 XIV.

269 606 540 680 Essentiw,
568 614 796 668 natura},
825 610 1050 676 generis,
1106 615 1309 677 speciei.
1352 622 1404 664 et
1447 616 1667 680 fomite;
1705 618 1828 668 item

336 677 693 797 gypost’aseos,
715 695 976 747 penance,
1013 682 1350 749 characteris,
1382 695 1427 737 et
1447 677 1702 741 individui
1725 692 1830 738 ἰσο-

369 763 591 797 uvana.

369 763 591 814 υναμεα.

341 880 396 936 4.
430 879 702 943 Essentia,
733 892 950 948 natura,
1004 901 1195 955 genus,
1247 887 1481 956 species,
1535 898 1591 942 et
1636 888 1830 954 forma,

274 969 365 1024 ubi
403 972 466 1025 de
498 973 607 1026 Deo
629 973 830 1042 agitur,
863 976 1007 1028 idem
1040 976 1372 1044 significant,
1414 986 1473 1030 ut
1497 980 1702 1032 sanctis
1731 979 1835 1031 Pa-

274 1061 451 1116 tribus
500 1063 696 1129 placet.
731 1065 859 1118 Item
920 1065 1247 1135 hypostasis,
1284 1083 1583 1136 prosopon,
1622 1069 1724 1121 hoc
1750 1077 1834 1121 est

274 1165 526 1218 persona,
557 1154 839 1208 character
890 1170 985 1209 seu
1013 1165 1159 1221 nota,
1197 1159 1525 1226 proprietas,
1553 1168 1608 1212 et
1637 1158 1836 1212 indivi-

274 1243 440 1294 duum
477 1258 576 1310 pro
613 1245 805 1298 eodem
862 1257 1176 1301 sumuntur.
1212 1249 1387 1317 Atque
1423 1250 1660 1303 essentia
1716 1250 1839 1318 qui-

275 1332 398 1386 dem
424 1345 476 1386 et
499 1343 692 1388 natura
716 1334 784 1390 de
811 1338 1067 1391 omnibus
1092 1354 1157 1392 ex
1180 1355 1337 1406 aequo
1368 1340 1632 1408 subjectis
1663 1355 1839 1394 enun-

279 1424 508 1476 tiantur.
526 1424 680 1479 Unde
700 1425 777 1489 ﬁt,
797 1435 852 1479 ut
871 1443 1061 1482 omnes
1078 1431 1240 1484 unius
1256 1432 1509 1484 essentia;
1523 1439 1842 1500 naturaque

278 1514 410 1566 sint.
443 1512 756 1583 Hypostasis
787 1526 968 1569 autem
999 1533 1252 1586 persona,
1285 1528 1340 1572 et
1388 1519 1752 1584 individuum,
1791 1520 1842 1574 id

275 1612 390 1666 est,
422 1603 567 1671 quod
595 1606 813 1673 proprie
844 1621 940 1675 per
972 1623 1139 1675 seque
1162 1609 1440 1673 subsistit,
1471 1625 1572 1665 nec
1607 1611 1847 1665 divisio-

277 1709 401 1746 nem
431 1695 566 1748 citra
593 1695 820 1765 subjecti
864 1700 1276 1766 corruptionem
1317 1701 1606 1756 admittere
1645 1711 1843 1771 potest.

357 1785 412 1839 5.
465 1784 692 1853 Species
757 1796 812 1842 et
864 1788 1035 1842 forma
1091 1791 1143 1843 in
1201 1801 1387 1845 sancta
1457 1792 1726 1847 Trinitate
1752 1808 1848 1861 pro

277 1873 470 1927 eodem
512 1875 821 1944 capiuntur,
879 1885 936 1931 et
972 1880 1144 1932 ambae
1198 1880 1463 1934 denotant
1519 1882 1840 1936 essentiam.

281 1966 369 2017 Ait
391 1964 558 2030 enim,
586 1967 687 2031 Qui
722 1968 852 2021 videt
897 1985 996 2034 me,
1037 1971 1171 2023 videt
1195 1979 1243 2023 et
1274 1970 1491 2025 Patrem
1537 1973 1616 2026 ’ἐ
1651 1988 1759 2040 quo
1792 1973 1847 2026 in

281 2056 402 2109 loco
443 2057 594 2112 visus
621 2058 964 2127 przescientia
985 2069 1040 2114 et
1070 2062 1378 2130 cognitione
1413 2064 1754 2134 intelligitur.

353 2145 406 2200 6.
426 2146 677 2202 Essentia
697 2149 918 2218 quidem
959 2167 1315 2220 personarum
1347 2155 1849 2224 conjungendarum

282 2239 391 2292 vim
425 2238 611 2294 habet.
637 2241 961 2310 Hypostases
982 2251 1164 2296 autem
1196 2245 1245 2296 vi
1277 2244 1849 2300 characteristicarum

285 2333 704 2399 proprietatum,
737 2348 832 2388 seu
879 2343 1130 2388 notarum
1160 2350 1378 2390 suarum
1417 2338 1713 2392 essentiam
1761 2338 1848 2392 di-

289 2420 598 2489 stinguunt.

360 2510 410 2563 7.
435 2511 679 2566 Essentia
708 2513 929 2583 quidem
959 2530 1238 2585 nunquam
1274 2516 1343 2570 de
1402 2515 1571 2570 rebus
1623 2515 1849 2579 dicitur,

289 2616 411 2666 qua:
441 2617 548 2656 non
611 2613 843 2670 exstant,
873 2617 927 2660 at
970 2619 1164 2662 natura
1222 2608 1541 2676 saepissime.
1601 2608 1726 2662 Haec
1773 2616 1857 2661 est

289 2690 460 2756 enim,
511 2692 687 2761 inquit
742 2695 854 2758 ille,
888 2697 1154 2753 mendacii
1191 2708 1407 2754 natura.
1436 2698 1592 2762 Item,
1647 2699 1855 2752 Ductus

294 2795 470 2849 aquae,
530 2783 729 2852 inquit,
785 2786 989 2841 fontem
1043 2784 1282 2843 Ostendit
1330 2805 1529 2844 suum:
1588 2789 1858 2844 sermonis

292 2882 472 2928 autem
503 2885 693 2930 natura
724 2891 838 2941 cor,
872 2893 900 2932 a
932 2893 1040 2948 quo
1072 2882 1358 2947 processit,
1389 2882 1618 2938 indicat.

364 2964 416 3018 8.
437 2967 492 3021 Si
519 2981 637 3034 qua:
673 2969 981 3023 communia
1004 2978 1059 3024 et
1119 2971 1374 3027 universa
1432 2983 1580 3039 sunt,
1633 2991 1694 3030 ea
1746 2985 1858 3030 tota

291 3063 350 3109 et
376 3056 585 3124 integre
620 3057 688 3110 de
729 3058 960 3127 singulis
1015 3059 1118 3113 sibi
1166 3062 1429 3132 subjectis
1479 3067 1856 3133 enuntiantur,

297 3155 446 3199 certe
476 3146 784 3201 Divinitatis
811 3164 1029 3218 quoque
1062 3160 1256 3205 natura
1285 3161 1398 3206 tota
1423 3163 1478 3207 et
1535 3155 1745 3225 integra
1791 3157 1858 3212 de
1887 3180 1929 3239 ο

295 3238 666 3307 singularibus
720 3242 833 3295 suis
885 3242 1139 3311 personis
1183 3245 1520 3299 enuntiatur.
1577 3246 1858 3316 Siquidem

296 3345 587 3386 commune
635 3333 763 3401 quid
791 3344 848 3387 et
889 3335 1227 3396 universum,
1269 3346 1464 3391 natura
1515 3346 1570 3392 et
1623 3341 1862 3394 essentia

298 3430 401 3483 est,
434 3423 708 3491 singulare
735 3434 914 3478 autem
945 3425 1251 3494 hypostasis
1285 3436 1339 3480 et
1365 3442 1638 3496 persona:
1674 3431 1861 3499 singu-

298 3514 433 3574 lare,
459 3513 700 3582 inquam,
721 3529 828 3567 non
855 3514 998 3582 quod
1023 3526 1227 3569 natura:
1256 3527 1463 3585 partem
1490 3517 1707 3582 habeat,
1741 3536 1865 3588 par-

307 3613 414 3656 tem
447 3619 576 3657 vero
599 3621 705 3658 non
731 3606 949 3670 habeat,
981 3607 1073 3660 sed
1097 3609 1224 3676 quia
1259 3609 1599 3663 individuum
1631 3613 1721 3664 sit.

371 3694 424 3749 9.
449 3697 620 3764 Atque
649 3699 881 3750 essentia
905 3696 1122 3766 quidem
1145 3713 1433 3753 commune
1456 3701 1586 3768 quid
1611 3709 1713 3767 est,
1740 3703 1866 3769 quia

303 3785 370 3840 de
394 3788 638 3855 pluribus
669 3790 1027 3843 enuntiatur:
1061 3789 1406 3844 individuum
1457 3801 1636 3845 autem
1682 3793 1868 3864 singu-

305 3880 440 3945 lare,
481 3881 606 3950 quia
645 3880 903 3934 nimirum
934 3879 1000 3935 de
1031 3897 1140 3936 uno
1176 3881 1291 3936 solo
1329 3882 1673 3953 praedicatur.

940 4015 1090 4072 CAP.
1122 4016 1238 4071 XV.

309 4126 529 4202 Natura:
553 4136 600 4180 et
625 4130 983 4202 hypostaseos
1008 4130 1346 4202 differentia,
1370 4147 1432 4184 ea:
1481 4131 1699 4202 Cyrillo,
1743 4132 1872 4186 Dio-

381 4197 550 4272 ysiis
603 4199 858 4267 Areopag.
901 4208 949 4252 et
982 4198 1386 4268 Atexandrino.,
1425 4197 1579 4272 Grég.
1631 4202 1766 4256 Nae.
1826 4211 1873 4256 et

384 4265 716 4320 Theodoreto.

385 4401 471 4455 l0.
514 4401 715 4456 Natura
736 4410 791 4457 et
815 4403 1145 4473 hypostasis,
1174 4421 1242 4460 ex
1264 4405 1522 4461 Ecclesiae
1555 4405 1874 4462 definitione

315 4501 371 4546 et
425 4493 561 4561 lege,
612 4508 720 4547 non
785 4494 929 4549 idem
965 4496 1313 4566 significant:
1356 4511 1466 4565 quo
1511 4497 1658 4551 enim
1710 4497 1874 4552 modo

1526 372 1912 431 'I'IIESAURI
1961 373 2109 432 LIB.
2156 367 2244 431 II.

1855 485 1902 541 Α
1933 478 2264 533 incommodi
2288 484 2371 543 (ut
2397 474 2578 546 Cyrilli
2614 473 2796 530 verbis
2848 472 3016 540 utar),
3049 487 3171 525 cum
3195 487 3280 527 res
3341 475 3499 528 aliter

3364 359 3498 421 11Άῖ

1931 588 1987 627 se
2022 573 2278 626 habeant.
2327 570 2722 640 Ilierophantes
2774 583 3015 638 quoque,
3067 581 3162 620 seu
3218 581 3496 620 sacrarum

1931 678 2110 718 rerum
2143 663 2563 723 demonstrator,
2598 660 2886 728 Dionysius
2910 669 3102 713 auctor
3151 666 3254 720 est,
3309 655 3504 710 rationi

1931 756 2334 809 dissentaneuni
2358 754 2462 807 hoc
2496 767 2636 815 esse,
2659 759 2822 818 atque
2845 750 2980 803 adeo
3002 749 3318 819 praeposteri
3353 749 3413 816 ju
3431 747 3506 799 li-

1933 845 2000 900 cii
2036 853 2438 913 argumentum,
2468 843 2512 896 si
2544 843 2664 910 quis
2687 843 2736 895 vi
2761 849 3001 909 etsc0po
3060 857 3243 894 rerum
3283 846 3507 907 postpo-

1935 934 2075 998 sitis,
2107 949 2137 986 a
2167 935 2458 987 verborum
2492 931 2884 999 signiﬁcatione
2935 930 3259 996 dependeat.
3309 929 3510 998 Diony-

1939 1026 2052 1079 sius
2080 1040 2295 1094 quoque
2343 1023 2741 1077 Alexandrinus
2784 1022 2871 1076 ille
2924 1022 3110 1074 rhetor
3169 1021 3220 1073 in
3279 1019 3505 1081 scholis,

1938 1132 2060 1185 qua:
2110 1117 2162 1169 in
2219 1115 2322 1169 sibi
2360 1113 2736 1182 cognominem
2757 1111 3119 1180 Areopagiten
3148 1109 3347 1171 edidit,
3409 1109 3508 1167 ait,

1943 1205 2240 1274 ingenitum
2269 1204 2410 1272 apud
2439 1212 2695 1257 externos
2720 1218 2816 1256 seu
2869 1201 3123 1271 profanos
3157 1199 3512 1268 phil050phos

1942 1311 2157 1350 omnem
2205 1305 2454 1348 naturam
2511 1294 2833 1364 signiﬁcare,
2903 1308 3023 1360 quae
3082 1292 3184 1344 sub
3233 1300 3511 1357 aspectum

1942 1405 2049 1442 non
2083 1388 2249 1442 cadit.
2282 1386 2482 1440 Adhaec
2515 1385 2780 1439 essentias
2819 1398 3037 1451 quoque
3085 1381 3228 1450 apud
3291 1380 3513 1434 eosdem

1946 1495 2044 1548 pro
2097 1478 2482 1548 hypostasibus
2536 1475 2820 1543 usurpari:
2872 1482 2926 1527 et
2967 1473 3128 1527 infra.
3191 1471 3513 1542 IIujusmodi

1947 1583 2095 1627 certe
2135 1587 2298 1625 voces
2349 1571 2492 1640 apud
2557 1569 2958 1636 Areopagitam,
3017 1567 3238 1620 Nazian.
3296 1581 3517 1634 quoque

1950 1663 2172 1715 abusive
2201 1670 2488 1730 usurpatas
2510 1657 3513 1738 deprehendamus.Cregorinsetiam

1953 1753 2260 1821 Theologus
2290 1753 2362 1806 ita
2407 1750 2593 1805 scribit
2629 1770 2643 1804 :
2680 1750 2866 1819 Neque
2892 1765 3022 1804 vero
3075 1752 3167 1817 qui
3215 1749 3282 1802 de
3341 1747 3522 1802 verbis

1883 1837 1921 1890 Β
1952 1844 2341 1912 digladiantur,
2372 1843 2424 1896 id
2461 1843 2591 1897 vitio
2615 1844 2774 1898 nobis
2807 1854 3043 1909 vertant,
3076 1845 3230 1913 quasi
3261 1845 3520 1911 pietatem

1955 1935 2292 1999 nominibus,
2312 1944 2492 1988 atnon
2524 1936 2690 1990 rebus
2749 1937 3106 1990 ascribamus.
3142 1938 3298 1997 ltem,
3321 1935 3524 1987 veritas

1957 2027 2117 2080 nobis
2149 2043 2259 2081 non
2319 2027 2654 2088 nominibus,
2707 2035 2761 2080 at
2829 2027 2992 2081 rebus
3054 2027 3234 2081 inesse
3286 2025 3525 2080 videtur.

1957 2118 2192 2173 Proinde
2222 2131 2344 2187 quae
2370 2118 2596 2172 abusive
2619 2117 2898 2180 dicuntur,
2957 2133 3020 2171 ea
3079 2133 3258 2186 neque
3307 2116 3530 2184 proprie

1957 2211 2011 2266 id
2041 2222 2188 2278 sunt,
2222 2211 2367 2280 quod
2403 2211 2684 2274 dicuntur,
2709 2211 2836 2279 quia
2867 2211 3128 2264 nimirum
3186 2224 3253 2264 ne
3306 2206 3532 2276 proprie

1958 2304 2179 2373 quidem
2217 2304 2266 2357 id
2298 2302 2560 2358 dicuntur
2605 2303 2752 2370 Quod
2802 2311 2967 2356 sunt:
3024 2316 3202 2369 neque
3233 2317 3262 2354 c
3314 2300 3532 2353 diverso

1963 2397 2087 2450 talia
2113 2395 2514 2465 intelliguntur,
2539 2395 2717 2463 qualia
2751 2411 2856 2447 vox
2904 2395 3016 2463 ipsa
3049 2393 3316 2464 designat.

2029 2489 2146 2542 Iam
2180 2503 2310 2542 vero
2338 2503 2461 2542 cum
2501 2487 2735 2558 Cyrillus
2776 2487 3159 2556 hypostaseon,
3190 2481 3532 2554 conjunctio-

1963 2580 2069 2640 nis,
2114 2579 2455 2642 differentiae,
2523 2589 2578 2632 et
2603 2578 2952 2646 pr0prietatis
3011 2577 3344 2629 mentionem
3380 2573 3532 2638 facit,

1964 2679 2094 2723 tunc
2117 2669 2478 2738 hypostaseon
2505 2682 2701 2720 nomen
2734 2682 2835 2735 pro
2876 2666 3402 2733 essentiis-usurpat,
3438 2665 3536 2716 hac

1966 2775 2096 2814 voce
2119 2762 2437 2830 conjunctas
2459 2768 2680 2813 naturas
2713 2773 2809 2828 per
2841 2773 2899 2812 se
2943 2758 3244 2812 subsistere
3308 2755 3534 2808 demon-

1964 2860 2159 2913 strans,
2240 2859 2401 2917 atque
2481 2849 2684 2902 docens
2757 2847 3020 2917 ejusmodi
3097 2844 3534 2913 conjunctionem

1966 2941 2385 3009 haudquaquam
2443 2938 2860 2994 similitudinum
2904 2937 3261 3006 quarumdam
3332 2935 3535 2988 forma-

1965 3048 2196 3100 ruinque
2226 3047 2325 3101 per
2359 3046 2416 3086 se
2465 3031 2690 3084 minime
2747 3030 3159 3085 consistentiuni
3233 3027 3372 3088 ﬁeri,
3439 3025 3534 3080 sed

1967 3139 2157 3178 earum
2201 3137 2382 3178 rerum
2411 3138 2529 3192 qua:
2547 3121 2870 3176 subsistunt.
2893 3120 3046 3185 Quod
3080 3129 3136 3173 ut
3162 3119 3234 3172 ita
3253 3135 3310 3172 se
3332 3117 3539 3172 habere

1963 3226 2192 3282 constet,
2222 3217 2360 3271 idem
2419 3217 2612 3285 ipsein
2664 3217 2836 3284 prima
2869 3215 3128 3283 Apologia
3187 3212 3349 3282 primi
3403 3227 3535 3264 ana-

1962 3307 2287 3361 thematismi
2341 3306 2599 3359 adversus
2651 3305 2977 3358 Theoloreti
3061 3301 3532 3371 reprehensiones.

1963 3401 2042 3453 sic
2071 3400 2180 3453 ait:
2216 3399 2394 3452 Discat
2430 3413 2562 3450 vero
2625 3397 2822 3459 obiter,
2857 3396 3000 3463 quod
3059 3397 3102 3448 si
3164 3396 3289 3448 sola:
3335 3408 3429 3461 per
3481 3407 3538 3444 se

1966 3489 2110 3558 ipsas
2143 3489 2208 3542 ab
2258 3487 2640 3557 hypostasibus
2690 3487 2946 3554 sejuncta:
2973 3485 3157 3538 forma:
3205 3481 3537 3538 oeconomica

1967 3581 2055 3634 illa
2081 3579 2260 3633 carnis
2295 3590 2582 3646 assumpta:
2608 3577 2989 3646 conjunctione
3024 3575 3165 3627 inter
3201 3589 3258 3627 se
3287 3571 3536 3634 coierint,

1967 3683 2114 3726 certe
2143 3686 2322 3724 rerum
2359 3683 2574 3737 quoque
2594 3669 2853 3739 ipsarum.
2885 3667 2928 3721 si
2963 3666 3182 3734 quidem
3207 3675 3262 3716 et
3293 3665 3543 3732 hyposta-

1969 3778 2121 3825 seon,
2157 3775 2481 3815 concursum
2516 3759 2719 3812 factum
2748 3772 2884 3812 esse.
2909 3756 3172 3810 Caeterum
3231 3753 3332 3806 sibi
3360 3752 3544 3831 diver-

1971 3869 2084 3908 sam
2107 3867 2326 3922 quoque
2352 3865 2561 3904 natura:
2597 3860 2652 3903 et
2679 3849 3031 3917 hypostaseos
3090 3844 3544 3914 signiﬁcationem

1969 3960 2079 3998 non
2113 3944 2439 4014 incognitam
2499 3943 2685 4005 fuisse,
2737 3940 2877 3994 idem
2935 3939 3046 4006 ipse
3107 3937 3157 3989 in
3198 3935 3433 3990 secunda
3480 3932 3547 3984 ad

1971 4038 2282 4092 Nestorium
2304 4036 2532 4105 epistola
2556 4035 2641 4087 his
2675 4033 2854 4086 verbis
2889 4037 3212 4083 attestatur:
3262 4025 3547 4093 Evangeli-

1975 4146 2065 4184 cas
2096 4128 2403 4187 Servatoris
2428 4126 2600 4180 nostri
2628 4140 2810 4184 voces,
2841 4138 3020 4190 neque
3054 4120 3266 4174 duabus
3296 4119 3552 4188 hyposta-

1976 4220 2146 4281 sibus,
2203 4233 2378 4285 neque
2404 4227 2551 4271 certe
2601 4216 2844 4286 personis
2914 4211 3259 4267 ascribimus.
3304 4210 3436 4263 ltem
3497 4209 3549 4260 in

1976 4311 2207 4380 epistola
2250 4309 2317 4362 ad
2366 4308 2669 4363 Orientales
2701 4322 2714 4360 :
2749 4305 3220 4375 Evangelicarum,
3263 4301 3464 4368 inquit,
3496 4307 3552 4350 et

1978 4401 2400 4471 apostolicarum
2420 4399 2488 4454 de
2530 4399 2759 4453 Domino
2805 4411 3000 4451 vocum
3031 4394 3320 4449 nonnullas
3347 4406 3377 4445 a
3399 4391 3553 4444 theo-

1979 4493 2118 4562 logis
2173 4493 2307 4546 viris
2359 4493 2433 4546 ita
2489 4489 2852 4546 communiter
2903 4487 3075 4555 accipi
3116 4486 3391 4547 novimus,
3434 4491 3555 4535 tan-

316 4596 604 4637 commune
626 4585 911 4652 aproprio,
937 4563 1250 4640 universum
1272 4601 1308 4638 a
1328 4563 1562 4656 singulo,
1593 4587 1871 4642 inﬁnitum
1907 4563 1952 4619 π
1982 4599 2144 4653 quam
2176 4583 2243 4637 de
2269 4598 2374 4638 una
2406 4598 2636 4652 persona
2686 4580 2910 4649 prolatae
2926 4581 3067 4632 sint:
3102 4576 3393 4631 nonnullas
3422 4574 3553 4628 item

316 4673 552 4741 denique
576 4688 606 4726 a
633 4673 880 4739 definito,
920 4676 1114 4729 eodem
1151 4690 1368 4745 quoque
1389 4686 1582 4731 natura
1604 4677 1672 4731 ab
1708 4679 1879 4748 hypo-

318 4765 448 4820 stasi
483 4764 684 4818 diﬂert.
709 4766 933 4820 Beatum
954 4774 1134 4821 tamen
1155 4766 1414 4838 Cyrillum
1440 4777 1495 4822 et
1523 4768 1657 4824 alios
1691 4770 1879 4825 Patres

319 4862 552 4924 utroque
579 4855 796 4909 nomine
813 4856 880 4910 ad
905 4856 1142 4910 divinam
1172 4859 1318 4912 illam
1344 4860 1523 4914 carnis
1551 4861 1879 4928 assumptio-

319 4961 444 5000 nem
508 4947 943 5017 signiﬁcandam,
973 4949 1110 5002 citra
1132 4951 1301 5004 ullum
1355 4952 1670 5014 discrimen,
1727 4966 1877 5018 usos,

322 5036 742 5107 haudquaquam
803 5040 1148 5108 ambigimus.
1213 5041 1450 5096 Ahusive
1535 5044 1681 5096 enim
1744 5043 1878 5097 alias

321 5127 636 5198 hypostasin
669 5145 772 5197 pro
793 5133 1052 5192 essentia,
1083 5132 1215 5186 alias
1257 5133 1384 5186 item
1437 5135 1729 5187 essentiam
1784 5148 1882 5201 pro

323 5221 600 5288 hypostasi
655 5231 1022 5288 usurparunt:
1068 5237 1176 5275 non
1229 5223 1375 5290 quod
1425 5224 1563 5277 idem
1614 5239 1706 5276 eas
1764 5238 1884 5277 esse

323 5309 719 5372 existimarent,
752 5325 939 5362 verum
995 5310 1120 5377 quia
1178 5326 1284 5363 non
1327 5311 1622 5379 Scriptura:
1670 5319 1880 5364 tantum

327 5413 513 5457 sacrae,
580 5399 674 5451 sed
732 5397 1224 5452 ecelesiasticorum
1277 5399 1563 5452 doctorum
1631 5415 1746 5451 mos
1797 5400 1886 5453 hic

325 5489 436 5555 jam
478 5488 607 5541 olim
633 5488 879 5552 inolevit,
912 5490 1181 5543 utmultis
1204 5491 1256 5542 in
1290 5491 1454 5543 rebus
1498 5491 1631 5543 citra
1689 5489 1887 5542 discri-

333 5594 457 5631 men
491 5579 814 5647 quibusdam
843 5580 1178 5636 dictionibus
1213 5591 1471 5635 utantur:
1502 5597 1637 5650 quas
1662 5581 1888 5636 abusive

332 5671 621 5740 aliquando
661 5684 944 5741 usurpant,
993 5676 1228 5731 scientes
1285 5676 1444 5729 verba
1497 5675 1631 5729 nihil
1693 5674 1888 5730 afferre

417 5783 458 5814 η
486 5783 643 5840 Joan.
689 5802 795 5851 xw,
836 5787 887 5842 9.

1985 4674 2175 4739 dividi,
2211 4684 2468 4742 tanquam
2522 4673 2588 4727 de
2649 4672 2863 4727 duabus
2924 4671 3135 4724 naturis
3190 4668 3553 4738 pronuntiata:

1986 4765 2211 4820 fuerint.
2243 4765 2389 4818 Idem
2415 4765 2545 4818 alibi
2575 4764 2654 4818 sic
2681 4765 2790 4818 ait:
2822 4763 3031 4831 Duplex
3087 4777 3194 4814 non
3224 4767 3308 4813 est
3327 4773 3466 4812 unus
3500 4767 3556 4810 et

1986 4858 2135 4910 solus
2205 4856 2479 4919 Christus,
2560 4856 2762 4924 quibus
2843 4854 3029 4910 verbis
3075 4870 3205 4908 usus
3257 4863 3340 4907 est
3391 4851 3556 4904 unius

1987 4947 2339 5018 hypostaseos
2369 4948 2595 5001 ratione.
2622 4947 2756 5000 Nam
2786 4947 2831 4999 si
2853 4953 3175 4999 naturarum
3199 4945 3336 4997 ratio
3362 4943 3556 4996 habea-

1989 5050 2097 5102 tur,
2129 5038 2326 5106 duplex
2343 5053 2559 5108 quoque
2592 5038 2700 5092 dici
2722 5046 2919 5107 potest.

2057 5129 2216 5184 Certe
2237 5145 2360 5183 cum
2401 5130 2719 5198 simpliciter
2752 5139 2808 5184 et
2846 5131 2980 5183 citra
3015 5129 3378 5182 differentiam
3431 5144 3557 5196 pro-

1990 5220 2134 5273 cedit
2156 5221 2353 5282 oratio,
2378 5237 2485 5273 non
2522 5221 2697 5274 solum
2729 5221 2936 5281 Patres,
2967 5220 3320 5273 seddivinam
3340 5234 3558 5287 quoque

1990 5311 2346 5379 Scripturam,
2426 5312 2598 5364 libere
2652 5312 2932 5364 vocabulis
2977 5322 3030 5364 et
3117 5313 3437 5378 simpliciter
3481 5313 3558 5364 uti

1990 5399 2471 5468 deprehendimus.
2512 5399 2707 5454 Beatus
2751 5401 2898 5453 enim
2944 5402 3234 5469 Apostolus
3297 5402 3560 5456 interiora

1993 5493 2254 5549 hominis.
2283 5494 2592 5556 hominem,
2637 5495 2991 5562 ejusdemque
3032 5495 3324 5558 exteriora,
3382 5495 3562 5546 Immi-

1996 5597 2117 5636 nem
2197 5597 2387 5635 rursus
2462 5583 2731 5649 appellat:
2785 5585 3030 5648 partibus
3075 5587 3332 5638 nimirum
3392 5587 3560 5636 luliu-‘t

1993 5673 2408 5744 appellationem
2445 5654 2705 5729 tribuens.
2773 5677 3054 5746 Propheta:
3115 5689 3292 5731 autem
3347 5688 3557 5743 contra,
