4274 6382
767 411 903 471 ΗἨ

1998 416 2294 475 ΝΜΣΕΤᾸΞ
2334 418 2738 477 (ΖΗΟΝΙᾹΊᾈΕ

3852 414 4007 478 ΗΜ)

759 532 904 571 nunc
934 518 1137 581 carnis,
1176 534 1319 573 nunc
1352 518 1545 571 anima:
1575 522 1793 574 nomine
1818 521 2090 577 hominem
2128 524 2331 579 intelli-
2357 532 2401 587 Α
2431 528 2755 591 Masacliem,
2792 528 2897 582 hoc
2933 537 3012 583 est
3059 540 3219 589 onus,
3274 523 3495 578 dicitur.
3529 522 3660 577 Item
3688 537 3789 593 pro
3846 526 4007 587 c:bo,

756 621 891 673 gunt
919 627 935 662 :
968 612 1202 679 partium
1249 612 1668 678 appellationem
1706 614 1802 666 toti
1831 614 2157 670 tribuentes.
2183 616 2321 672 Cum

756 716 887 753 vero
911 710 1124 769 tempus
1159 702 1209 753 id
1245 703 1503 769 postulat,
1529 704 1764 772 prOpriis
1796 716 2024 760 utuntur
2079 710 2325 778 appella-

759 790 1021 844 tionibus.
1055 790 1131 843 Eo
1152 806 1283 844 vero
1334 808 1496 846 sensu
1551 810 1711 862 quem
1762 797 1985 864 praedixi
2020 799 2329 870 Theologus

759 881 847 931 itte
892 895 1107 947 quoque
1148 880 1384 935 Joannes
1428 884 1547 937 ait:
1594 884 1658 937 Et
1695 887 1912 940 Verbum
1958 906 2081 942 caro
2130 892 2329 959 factum

755 978 828 1020 est
850 970 911 1025 ”.
940 986 1060 1038 pro,
1098 972 1262 1026 homo
1287 973 1485 1027 factum
1514 987 1619 1029 est.
1644 978 1729 1030 Nil
1764 987 1943 1033 tamen
1976 980 2077 1035 hac
2140 982 2209 1035 de
2269 998 2326 1036 re

758 1059 1138 1128 digladiamur.
1174 1061 1285 1116 Hoc
1345 1064 1512 1127 enim,
1556 1074 1615 1119 ut
1670 1081 1893 1136 magnus
1952 1070 2040 1123 ille
2095 1080 2326 1124 testatur

762 1149 1065 1217 Dionysius,
1104 1165 1294 1205 eorum
1337 1162 1420 1207 est
1473 1156 1768 1223 proprium,
1823 1172 1928 1212 non
1962 1161 2053 1227 qui
2080 1160 2146 1213 ad
2186 1161 2322 1214 divi-

758 1255 947 1292 narum
975 1256 1155 1295 rerum
1176 1244 1544 1311 cognitionem
1578 1248 1837 1315 aspirant,
1876 1250 1971 1303 sed
2023 1252 2116 1320 qui
2161 1265 2327 1306 sonos

759 1330 1035 1397 simplices
1055 1344 1417 1401 aucupantur,
1469 1336 1877 1407 impensiusque
1929 1341 2166 1408 gaudent
2209 1343 2323 1395 ele-

761 1419 981 1483 mentis,
1004 1420 1241 1487 syllabis.
1271 1434 1326 1476 et
1356 1422 1689 1479 dictionibus
1727 1426 2040 1496 incognitis,
2091 1444 2211 1496 qua:
2258 1426 2335 1482 ad

756 1507 925 1559 animi
983 1509 1064 1562 sui
1098 1521 1326 1577 partem,
1356 1514 1444 1566 cui
1469 1515 1550 1568 vis
1594 1517 1926 1585 intelligendi
1969 1519 2130 1580 inest,
2153 1518 2327 1571 haud-

757 1612 1029 1664 quaquam
1055 1610 1361 1668 penetrant,
1396 1602 1490 1655 sed
1514 1605 1855 1659 extrinsecus
1887 1606 2117 1659 summis
2131 1621 2323 1659 eorum

757 1688 925 1742 labris
949 1699 1003 1742 et
1033 1692 1265 1744 summis
1322 1694 1547 1747 auribus
1579 1695 1847 1749 inhaerent
1884 1703 1939 1748 ct
1974 1695 2324 1750 circumstre-

760 1786 912 1842 punt.
943 1778 1259 1847 IIypostasis
1310 1780 1505 1850 duplex
1560 1793 1690 1837 est:
1733 1785 1869 1838 alias
1921 1786 2067 1838 enim
2122 1784 2324 1837 dicitur

758 1874 1087 1941 hy,mstasis,
1124 1874 1175 1927 id
1201 1876 1344 1943 quod
1391 1876 1609 1944 quidem
1665 1878 1801 1930 citra
1851 1877 2322 1931 characteristicas

760 1959 1138 2033 proprietates,
1181 1982 1276 2021 seu
1307 1977 1483 2027 notas.
1521 1969 1902 2022 consideratur
1941 1987 1952 2020 :
1984 1969 2117 2023 alias
2139 1983 2324 2038 perso-

758 2072 850 2125 na,
880 2073 996 2125 quze
1022 2074 1119 2126 per
1141 2073 1219 2120 se,
1276 2060 1356 2111 \eI
1412 2074 1535 2111 cum
1574 2060 1844 2127 przedictis
1901 2059 2324 2127 proprietatibus

759 2146 1029 2201 subsistit.
1088 2147 1218 2213 Quae
1259 2148 1705 2203 enimindividua
1739 2151 2079 2219 Peripatetici
2129 2163 2322 2202 vocare

760 2237 953 2300 solent,
984 2238 1036 2291 in
1062 2254 1182 2308 qua:
1214 2239 1429 2308 generis
1460 2249 1511 2293 et
1545 2241 1742 2308 speciei
1790 2240 1985 2293 divisio
2018 2238 2239 2299 desinit,
2266 2243 2325 2289 ut

760 2343 881 2395 qua:
908 2341 1167 2397 praterea
1198 2328 1368 2383 dividi
1403 2327 1521 2384 non
1556 2332 1763 2398 possint
1791 2332 1938 2388 (nam
1997 2330 2237 2383 hominis
2268 2329 2321 2382 in

760 2419 995 2472 animam
1023 2429 1076 2473 et
1108 2434 1310 2490 corpus
1332 2420 1531 2475 divisio
1576 2422 1858 2475 interitum
1905 2420 2099 2475 aﬁ'errc
2142 2421 2322 2486 solet),

761 2523 823 2562 ea
857 2509 1177 2565 doctoribus
1209 2513 1594 2566 ecclesiasticis
1624 2528 1881 2581 personas
1904 2522 1955 2566 et
2007 2511 2326 2582 liypostases

760 2600 1030 2668 appellare
1088 2602 1313 2670 placuit.
1367 2601 1694 2671 Hypostases
1743 2616 1905 2671 porro
1967 2601 2123 2655 dicta:
2175 2608 2323 2663 sunt,

761 2691 889 2758 quia
926 2692 978 2744 in
1004 2691 1069 2745 iis
1096 2707 1297 2761 genera
1325 2704 1379 2748 et
1410 2694 1643 2763 species,
1696 2709 1817 2762 quae
1878 2692 2187 2746 communia
2222 2705 2325 2744 nec

758 2784 1167 2852 circumscripta
1198 2792 1345 2849 sunt,
1368 2786 1524 2855 quasi
1550 2785 1742 2854 pedem
1780 2785 1950 2853 ﬁgunt
1999 2792 2056 2837 et
2092 2784 2328 2837 circum-

762 2873 1096 2927 scribuntur.
1115 2874 1372 2940 Quamvis
1383 2876 1528 2929 enim
1542 2874 1758 2928 animali
1778 2882 1832 2928 et
1852 2873 2059 2927 homini
2078 2872 2327 2927 essentia:

764 2964 901 3017 ratio
918 2966 1134 3034 propria
1151 2968 1243 3031 sit,
1262 2982 1494 3037 quorum
1520 2966 1653 3020 illud
1677 2981 1868 3035 genus,
1895 2964 1982 3018 hic
1995 2964 2202 3033 species
2225 2973 2326 3023 est,

763 3054 1120 3110 nihilominus
1136 3067 1313 3111 tamen
1333 3057 1386 3110 in
1404 3057 1619 3120 atomis,
1643 3066 1771 3125 puta
1794 3057 1957 3111 Petro
1974 3064 2028 3109 et
2048 3055 2213 3109 Paulo
2236 3054 2331 3124 hy-

2430 620 2545 674 sive
2608 634 2861 672 annona:
2896 631 2955 673 ut
3033 618 3086 671 in
3129 618 3269 669 libro
3328 614 3582 670 .Iudicum
3634 613 3702 667 de
3752 613 3958 667 ludatis
3988 632 4006 667 :

2429 725 2687 780 quoniam
2714 710 3019 764 Madianitaa
3048 708 3397 763 diripuerunt
3436 709 3646 759 [ructus
3697 715 3880 763 terras.
3943 715 4013 758 et

2430 803 2786 857 substantiam
2820 817 3031 857 eorum.
3084 799 3350 855 IIebraice
3405 798 3551 851 enim
3604 807 3685 850 est
3731 796 4005 858 Macheia,

2430 910 2539 963 quo
2570 896 2790 948 nomine
2818 894 2974 947 cibus
2995 894 3329 963 designatur.
3360 891 3492 944 Item
3538 903 3635 955 pro
3688 902 3802 954 spe,
3852 887 4008 941 unde

2431 985 2482 1037 in
2516 985 2657 1038 libro
2687 984 2828 1038 Ruth
2853 984 2933 1037 Itis
2955 984 3136 1037 verbis
3171 985 3345 1037 utitur
3367 978 3557 1036 Noemi
3592 997 3603 1030 :
3630 977 3745 1030 Non
3768 985 3842 1030 est
3869 978 4007 1029 mihi

2427 1077 2571 1143 ﬁlius
2600 1087 2690 1131 aut
2718 1079 2917 1145 spes".
2951 1076 3213 1129 IIebraice
3255 1076 3401 1129 enim
3453 1072 3720 1127 Thicouia
3773 1071 4003 1138 legitur,

2429 1172 2533 1224 hoc
2558 1179 2639 1224 εει
2670 1184 2793 1237 spes
2818 1168 3023 1222 sobolis
3072 1166 3450 1235 prOpagandae.
3497 1165 3630 1218 Item
3666 1178 3767 1231 pro
3819 1164 4005 1229 pretio

2427 1265 2541 1316 sive
2568 1261 2839 1323 mercede,
2870 1262 3123 1329 utprimo
3170 1257 3401 1326 Regum,
3439 1258 3505 1310 de
3552 1252 3802 1307 mercede
3855 1251 4003 1305 fabri

2426 1354 2628 1408 aerarii.
2678 1352 2754 1405 Ad
2808 1353 3041 1405 securim
3078 1350 3315 1418 :inqui',
3369 1358 3425 1401 et
3489 1360 3608 1414 qua:
3666 1354 4001 1409 sequuntur,

2427 1458 2635 1497 merces
2656 1443 2770 1496 haec
2800 1452 2937 1495 erat.
2972 1441 3105 1495 Nam
3130 1439 3391 1493 llebraice
3416 1435 3666 1488 Ardaban
3688 1433 3950 1487 scribitur
3978 1472 3995 1494 ,

2428 1532 2532 1585 ltoe
2562 1540 2645 1585 est
2699 1546 2926 1584 merces.
2963 1531 3097 1583 Item
3153 1542 3250 1596 pro
3306 1527 3521 1586 castris,
3578 1531 3638 1574 ut
3692 1524 3742 1575 in
3800 1523 4002 1574 eodem

2425 1622 2569 1676 libro
2588 1622 2849 1677 Jonathas
2877 1621 3145 1688 armigero
3177 1633 3276 1671 suo
3300 1617 3370 1668 ita
3395 1617 3570 1683 inquit
3594 1633 3609 1674 :
3644 1615 3787 1677 Veni,
3813 1630 4005 1666 ascen—

2426 1714 2612 1765 damus
2652 1715 2706 1765 in
2757 1720 2932 1765 castra
2967 1705 3454 1763 Pala'stinorum".
3486 1705 3785 1758 IIebraicus
3846 1702 4001 1753 enim

2428 1802 2595 1856 codex
2618 1802 2826 1856 Mataan
2854 1801 3019 1854 habet
3038 1839 3051 1860 ,
3091 1815 3200 1868 quo
3224 1800 3444 1852 nomine
3491 1805 3667 1848 castra
3686 1793 4004 1859 signiﬁcan-

2429 1901 2533 1945 tur.
2572 1893 2703 1947 Item
2728 1907 2826 1961 pro
2856 1892 2985 1945 latee
3017 1890 3127 1954 illa,
3160 1904 3281 1957 qua:
3324 1889 3378 1941 in
3405 1887 3569 1941 rebus
3612 1883 3836 1953 liquidis
3866 1882 4001 1935 Stib-

2423 1985 2587 2047 sistit,
2619 1994 2677 2036 ut
2718 1999 2840 2038 cum
2896 1983 3068 2036 urinae
3131 1979 3487 2034 substantiam
3538 1978 3792 2031 dicimus.
3858 1973 4000 2027 Item

2424 2088 2524 2141 pro
2558 2073 2833 2134 facultate,
2861 2082 2918 2124 ut
2956 2071 3108 2130 illud,
3142 2070 3212 2121 Et
3253 2068 3547 2121 substantia
3594 2082 3709 2117 mea
3742 2075 4002 2128 tanquam

2424 2164 2641 2217 nihilum
2662 2180 2838 2216 coram
2868 2163 3016 2215 te"'.
3039 2160 3170 2214 Item
3195 2175 3292 2228 pro
3321 2158 3695 2215 fundamento,
3727 2163 3786 2207 ut
3821 2154 3953 2206 illud
3983 2172 3996 2206 :

2426 2253 2581 2307 Fixus
2604 2270 2722 2305 sum
2746 2254 2797 2305 in
2816 2253 2939 2305 limo
2961 2251 3225 2320 profundi,
3250 2258 3297 2301 et
3328 2265 3428 2300 non
3452 2258 3526 2300 est
3550 2248 3674 2299 mihi
3712 2246 4003 2298 subsisten-

2426 2348 2499 2399 tia
2526 2348 2591 2399 ".
2618 2345 2752 2399 Item
2776 2359 2877 2413 pro
2897 2342 3136 2411 negotio,
3162 2339 3305 2394 unde
3322 2339 3619 2393 .Ieremias:
3649 2338 4001 2406 Congregarit

2426 2439 2743 2491 extrinsecus
2781 2435 3174 2488 subsistentiam
3218 2448 3394 2484 suam.
3430 2430 3494 2482 Et
3541 2444 3641 2498 pro
3681 2443 3906 2488 arcano,
3942 2436 3998 2480 ut

2425 2528 2567 2595 apud
2596 2526 2850 2580 eumdem
2878 2526 2945 2578 de
2971 2520 3461 2593 pseudoprophetis
3492 2537 3506 2573 :
3540 2521 3609 2573 Et
3654 2521 3699 2571 si
3732 2520 4001 2571 stetissent

2426 2622 2479 2673 in
2500 2619 2791 2672 substantia
2821 2633 2956 2677 mea,
2990 2618 3102 2668 sive
3126 2616 3178 2667 in
3202 2630 3398 2666 arcano
3429 2627 3537 2664 meo
3561 2611 3603 2641 ¹⁸
3642 2651 3653 2662 .
3689 2610 3821 2661 Item
3882 2625 3997 2675 pro

2430 2715 2799 2777 fundamento,
2837 2722 2895 2764 ιιι
2924 2708 3066 2779 apud
3086 2707 3424 2761 Ezechielem
3459 2705 3524 2757 de
3550 2704 3733 2770 templi
3761 2701 4003 2754 aediﬁca-

2431 2806 2595 2866 tione,
2628 2803 2946 2857 describens
2972 2801 3266 2854 domumet
3296 2806 3489 2850 caetera
3522 2808 3640 2861 quae
3662 2801 3999 2859 sequuntur.

2433 2899 2484 2951 in
2510 2896 2708 2965 quibus
2736 2894 3069 2963 hypostasim
3100 2905 3198 2959 pro
3225 2887 3579 2941 fundamento
3632 2882 3804 2951 ponit.
3862 2881 3999 2933 Item

2430 3003 2530 3056 pro
2560 2985 2741 3047 laude,
2773 2991 2833 3036 ut
2870 2981 3012 3049 apud
3041 2977 3391 3047 Apostolum,
3440 2970 3589 3035 Quod
3638 2968 3839 3032 loquor,
3892 2984 3999 3017 non

2430 3076 2714 3129 secundum
2738 3073 3035 3133 Dominum,
3061 3070 3150 3122 sed
3176 3078 3429 3135 tanquam
3456 3078 3510 3114 tn
3561 3059 3788 3112 stultitia
3819 3059 3869 3111 in
3900 3059 4001 3110 hac

762 3147 999 3213 postasin
1022 3147 1244 3203 habent.
1278 3162 1372 3201 seu
1397 3150 1722 3212 subsistunt,
1747 3151 1883 3201 citra
1906 3162 2042 3210 quos
2069 3147 2330 3200 subsistc-
2359 3176 2400 3233 ς
2429 3167 2720 3221 substantia
2738 3163 3065 3234 glow-auom,
3084 3161 3126 3192 η
3145 3198 3161 3213 ο

766 3250 823 3287 re
841 3250 945 3288 non
969 3244 1215 3304 possunt.
1246 3236 1354 3292 Sed
1377 3237 1443 3291 de
1460 3238 1731 3309 hypostasi
1750 3236 1973 3306 quidem
2000 3236 2284 3289 hactenus.

829 3346 1079 3401 Vicissim
1098 3364 1315 3418 quoque
1350 3350 1853 3413 ὲνυπόπατον,εειι
1884 3350 1936 3404 id
1972 3348 2120 3418 quod
2144 3348 2194 3402 vi
2226 3363 2323 3402 sua

764 3438 1032 3504 subsistit,
1052 3439 1247 3509 duplex
1269 3447 1351 3494 est
1371 3457 1383 3493 :
1406 3440 1842 3509 signiﬁcat-enim
1863 3439 1913 3493 id
1935 3439 2077 3509 quod
2121 3439 2327 3507 simpli-

764 3532 901 3587 citer
930 3541 1034 3595 est,
1092 3548 1202 3601 quo
1246 3534 1551 3604 signiﬁcatu
1612 3551 1722 3589 non
1777 3537 1951 3589 solum
2004 3537 2322 3598 essentiam,

763 3639 924 3692 quam
951 3623 1337 3693 αὺθὺπαρκτον
1363 3633 1419 3680 ει
1476 3626 1903 3690 αὐτυπόστατον,
1954 3628 2058 3680 1ιοε
2115 3636 2195 3681 εει
2230 3643 2325 3695 per

765 3730 823 3769 se
856 3715 1018 3783 vique
1049 3730 1143 3770 sua
1176 3717 1581 3781 subsistentem,
1614 3732 1794 3770 rerum
1821 3717 2132 3784 huiusmodi
2166 3717 2321 3786 periti

767 3807 980 3874 dicunt,
1004 3822 1105 3861 nos
1134 3824 1352 3877 quoque
1381 3811 1738 3861 ὲνυπὸστατον
1769 3808 2023 3871 dicimus,
2062 3810 2187 3877 quia
2245 3810 2326 3861 ni-

767 3900 963 3952 mirum
989 3898 1308 3964 simpliciter
1338 3900 1406 3953 sit
1432 3909 1487 3953 et
1532 3900 1837 3963 subsistat;
1878 3900 1971 3953 sed
2022 3900 2321 3953 accidentia

766 3990 929 4044 etiam
958 3991 1317 4054 ὲνυπὸστατα,
1337 3991 1441 4045 hoc
1466 4000 1569 4052 est,
1596 3991 1645 4044 vi
1665 4007 1761 4044 sua
1788 3992 2136 4046 subsistentia
2160 3992 2327 4045 deno-

769 4082 1057 4142 tninatnus,
1094 4083 1218 4149 quia
1252 4080 1304 4133 in
1330 4080 1457 4145 alio,
1514 4080 1771 4135 nimirum
1827 4083 1882 4136 in
1926 4082 2184 4144 essentia,
2218 4098 2324 4134 nun

770 4180 948 4225 autem
988 4172 1040 4226 in
1077 4188 1134 4227 se
1168 4173 1319 4241 ipsis,
1353 4174 1463 4227 sint
1490 4182 1549 4227 ct
1587 4174 1916 4228 subsistant:
1969 4189 2089 4244 qum
2147 4184 2324 4228 tamen

768 4264 971 4317 rectius
1001 4264 1454 4333 ἑτεροῡπόστατα,
1487 4264 1590 4318 hoc
1616 4273 1697 4319 cst
1722 4266 1773 4318 in
1819 4267 1925 4319 alio
1973 4266 2327 4320 subsistentia

770 4364 1174 4422 nuncupantur.
1208 4353 1487 4424 Significat
1508 4356 1670 4408 etiam
1698 4356 1747 4409 id
1774 4356 1921 4425 quod
1963 4372 2062 4425 per
2086 4359 2325 4426 seipsum

769 4456 872 4511 est,
894 4457 950 4498 et
1014 4446 1373 4498 ιδιοσύστατον
1392 4462 1487 4515 per
1510 4462 1569 4501 se
1625 4451 1842 4515 proprie
1899 4449 2147 4502 consistit
2173 4465 2185 4500 :
2217 4462 2326 4516 quo

775 4538 825 4588 in
857 4535 1161 4605 signiﬁcatu
1186 4536 1463 4591 individua
1485 4552 1699 4607 quoque
1717 4538 2056 4591 ὲνυπὸπατα
2073 4539 2325 4603 dicimus,

771 4644 891 4695 quae
920 4631 1141 4699 praprie
1178 4630 1496 4700 hypostases
1524 4632 1705 4700 potius
1729 4641 1784 4685 et
1837 4640 1963 4686 sunt
2001 4642 2056 4686 et
2110 4632 2332 4702 dignos-

769 4729 989 4776 cuntur.
1020 4720 1127 4776 Sed
1148 4722 1215 4776 de
1238 4723 1597 4793 enhypostato
1622 4723 1841 4791 quidem
1870 4723 1983 4778 haec
2022 4739 2083 4777 ευ
2096 4724 2321 4778 lliciant.

841 4810 959 4867 Non
981 4813 1215 4869 absimili
1266 4814 1474 4869 ratione
1524 4815 1940 4884 anhypostatum
1981 4832 2197 4885 quoque
2227 4816 2331 4869 du-

771 4908 894 4975 plex
955 4915 1060 4961 est.
1101 4905 1212 4960 Nec
1258 4907 1404 4960 enim
1478 4907 1895 4977 anliypostatum
1956 4907 2219 4962 duntaxat
2279 4907 2331 4960 id

772 5000 997 5063 dicitur,
1033 5000 1179 5069 quod
1207 5000 1356 5054 nullo
1390 5015 1616 5070 usquam
1652 5001 1809 5055 modo
1833 5000 1923 5063 sit,
1964 5001 2056 5055 sed
2079 5001 2132 5054 id
2166 5003 2331 5055 etiam

772 5089 917 5157 quod
965 5088 1071 5144 alio
1120 5088 1387 5152 subsistit,
1428 5090 1607 5160 qualia
1651 5099 1777 5145 sunt
1823 5090 2155 5145 accidentia:
2215 5107 2335 5160 quae

775 5182 888 5248 ipsa
920 5195 1017 5248 per
1045 5194 1103 5235 se
1132 5179 1433 5235 subsistere
1464 5196 1571 5235 non
1592 5189 1837 5249 possunt.

842 5294 946 5358 Qui
987 5292 1242 5349 subtilius
1262 5292 1377 5349 baac
1404 5294 1587 5347 rimari
1623 5296 1878 5360 voluerit,
1931 5295 2191 5364 pleraque
2227 5294 2333 5348 alia

777 5388 1126 5456 liypostaseos
1150 5384 1448 5456 signiﬁcata
1502 5384 1892 5453 deprehendet.
1939 5385 2070 5438 Na’m
2138 5393 2332 5454 printer

775 5492 858 5537 i-a,
914 5489 1035 5543 qua:
1066 5490 1226 5542 supra
1263 5474 1407 5528 dicta
1456 5484 1604 5539 sunt,
1663 5475 1967 5545 hypostasis
2007 5475 2168 5529 etiam
2232 5491 2331 5544 pro

775 5580 940 5618 onere
960 5566 1199 5634 capitur:
1221 5574 1275 5619 ul
1307 5564 1360 5618 in
1388 5565 1808 5619 Deuteronotnio
1833 5584 1844 5617 :
1868 5565 2134 5629 Quomodo
2154 5576 2330 5635 potero

777 5672 868 5724 rgo
893 5656 1033 5711 solus
1070 5673 1200 5711 onus
1238 5668 1457 5711 vestrum
1481 5658 1835 5709 sustinere”?
1870 5658 2135 5713 Ilebtaice
2185 5660 2327 5713 enim

850 5748 891 5818 [³
930 5747 1082 5803 Joan.
1115 5765 1150 5813 t,
1183 5750 1265 5801 Η.
1323 5750 1365 5781 ⁸⁸
1394 5752 1546 5802 Deut.
1582 5766 1617 5810 ι,
1658 5751 1738 5803 I0.
1845 5753 1886 5783 "
1914 5752 2078 5809 Ruth.
2116 5754 2222 5818 1.6.

780 5818 821 5849 "'
847 5815 1043 5873 Icrem.
1081 5836 1230 5881 χχιιι,
1272 5820 1323 5873 5.
1400 5820 1441 5851 ¹⁹
1474 5820 1517 5876 ιι
1545 5820 1670 5875 Cor.
1710 5836 1782 5885 xi,
1809 5820 1888 5875 t7.

2304 5753 2383 5807 "I
2410 5753 2537 5825 Reg.
2567 5770 2675 5820 xtv,
2708 5758 2751 5812 Ι.

3048 3249 3197 3303 CAP.
3220 3247 3357 3301 XVI.

2424 3347 2642 3404 Itchi.
2669 3344 2899 3413 Dionysii
2923 3342 3249 3408 Areopagitm
3273 3340 3496 3413 Debeo.
3528 3340 3738 3409 [Omnia
3780 3338 3841 3389 de
3892 3334 3997 3388 Deo

2494 3428 2541 3471 et
2564 3412 2913 3484 aﬁirmautur.
2940 3412 3453 3484 tanquam-omnium
3480 3427 3641 3484 causa
3670 3425 3685 3463 :
3710 3418 3754 3461 et
3783 3422 3994 3475 negan-

2497 3478 2752 3550 tur,"quia
2786 3484 3022 3535 omnibus
3044 3479 3384 3534 excellentior
3402 3481 3489 3531 sit.
3519 3478 3537 3548 ]

2495 3577 2635 3630 Deus
2654 3589 2827 3642 neque
2855 3574 2944 3625 lux
2961 3580 3063 3632 est,
3087 3584 3261 3637 neque
3292 3567 3565 3622 tenebrae:
3600 3581 3779 3635 neque.
3806 3564 3998 3632 cogni-

2426 3669 2521 3730 tio,
2548 3682 2723 3734 neque
2751 3664 3014 3734 ignoratio
3042 3680 3053 3715 :
3094 3675 3271 3728 neque
3300 3659 3521 3723 veritas,
3554 3673 3731 3724 neque
3765 3656 3997 3709 menda-

2425 3760 2568 3811 cium
2591 3776 2601 3809 :
2622 3768 2695 3819 et,
2719 3768 2772 3808 ut
2795 3756 2982 3825 paucis
2999 3753 3341 3815 concludam,
3363 3753 3498 3806 nihil
3523 3762 3602 3806 est
3625 3750 3715 3803 ubi
3735 3758 3972 3816 ponatur

2427 3860 2519 3904 aut
2541 3849 2683 3903 unde
2714 3851 3010 3901 auferatur.
3039 3844 3306 3900 Omnibus
3354 3844 3498 3898 enim
3529 3844 3778 3912 superior
3802 3850 3907 3904 est,
3941 3849 3997 3893 et

2427 3958 2547 4011 qua:
2578 3958 2603 3993 a
2628 3940 2783 3992 nubis
2811 3980 2824 3999 ,
2858 3949 2912 3991 et
2944 3953 3062 4005 qua:
3092 3936 3159 3989 alt
3192 3937 3257 3989 iis
3318 3952 3439 4003 qum
3490 3950 3652 4001 supra
3713 3949 3813 3986 nos
3862 3942 3998 3985 sunt

2427 4033 2753 4100 cogitantur.
2787 4026 3236 4096 Quandoquidem
3264 4028 3446 4088 Pater,
3474 4038 3529 4080 et
3556 4026 3745 4085 Filius,
3791 4035 3846 4077 et
3869 4024 3995 4092 Spi-

2429 4125 2566 4177 ritus
2589 4129 2831 4183 sanctus,
2863 4136 2971 4173 non
3006 4121 3050 4173 is
3072 4129 3177 4181 est,
3216 4123 3395 4186 quem
3430 4119 3752 4185 cogitamus,
3785 4117 3868 4169 vel
3902 4118 3995 4184 qui

2427 4229 2589 4282 supra
2618 4228 2715 4266 nos
2757 4220 2904 4272 sunt,
2942 4210 3034 4265 sed
3067 4210 3112 4263 is
3135 4219 3218 4263 est
3251 4210 3340 4278 qui
3376 4209 3522 4262 nulla
3556 4208 3762 4260 ratione
3796 4208 4000 4260 intelli-

2428 4306 2502 4375 gi,
2533 4314 2627 4358 aut
2663 4312 2913 4358 oratione
2962 4302 3191 4370 exprimi
3246 4312 3429 4369 queat.
3501 4300 3805 4353 Positiones
3844 4301 3994 4352 enirn

2430 4406 2486 4451 et
2518 4396 2838 4456 ablationes.
2870 4404 2925 4449 et
2948 4394 3186 4457 habitus,
3213 4405 3267 4446 et
3295 4393 3625 4460 privationes
3675 4391 3741 4445 iis
3801 4407 3999 4446 accen-

2359 4500 2404 4557 ι)
2429 4496 2638 4545 sentur,
2672 4502 2791 4553 quae
2843 4495 2964 4554 post
2988 4486 3156 4539 Deum
3195 4495 3342 4539 sunt.

2502 4574 2555 4626 2.
2586 4572 2858 4641 Ejusdem.
2894 4573 3039 4627 Deus
3082 4583 3167 4627 est
3195 4588 3387 4626 eorum
3418 4588 3539 4640 quae
3562 4582 3686 4627 sunt
3734 4575 3995 4635 essentia,

2433 4664 2633 4732 quippe
2654 4664 2746 4731 qui
2780 4678 2969 4717 earum
3007 4664 3335 4732 principium
3368 4673 3423 4717 et
3468 4679 3630 4717 causa
3690 4664 3778 4717 sit.
3815 4664 3997 4718 Saecu-

2435 4755 2547 4809 lum
2572 4764 2756 4806 autem
2779 4754 3121 4818 surculorum,
3156 4762 3214 4807 ut
3252 4754 3344 4822 qui
3401 4754 3572 4822 magis
3624 4754 3843 4821 proprie
3904 4756 3994 4818 sit,

2434 4858 2595 4911 quam
2630 4844 2843 4897 saecula.
2872 4844 3109 4913 Tempus
3137 4858 3288 4903 vero.
3311 4845 3436 4911 quia
3492 4845 3561 4897 sit
3607 4859 3820 4901 eorum.
3876 4862 3998 4913 quae

2437 4945 2874 5000 suntmensura;
2906 4951 3030 4988 nam
3064 4934 3376 4989 earumdem
3412 4936 3678 4987 terminus
3700 4935 3866 4988 etiam
3886 4946 3993 4999 est,

2430 5038 2491 5081 ut
2514 5026 2708 5095 quieis
2742 5028 2957 5080 modum
2983 5036 3038 5081 et
3104 5027 3265 5080 ﬁnem
3331 5027 3593 5094 imponat.
3643 5026 4000 5095 Quandoqui-

2432 5116 2553 5169 dem
2593 5131 2657 5168 ea
2677 5115 2840 5169 etiam
2868 5131 2987 5184 qua:
3014 5116 3342 5183 sempiterna
3365 5126 3512 5176 sunt,
3567 5116 3791 5183 ipsaque
3822 5130 3999 5169 saecu-

2430 5204 2606 5258 lorum
2636 5206 2804 5259 series
2847 5206 3053 5258 inlinita
3086 5205 3232 5258 illius
3279 5205 3547 5257 inﬁnitate
3608 5204 3996 5265 terminantur,

2433 5297 2523 5364 qui
2559 5296 2875 5367 [inﬁnitus]
2930 5296 3192 5349 inﬁnities
3258 5296 3468 5350 inﬁnite
3500 5296 3614 5364 ipsa
3673 5297 3998 5362 complecti-

2436 5398 2544 5441 tur.
2573 5387 2862 5442 Gcneratio
2889 5397 3089 5451 autem,
3117 5398 3168 5440 ut
3200 5387 3290 5456 qui
3317 5402 3380 5440 ea
3435 5402 3554 5455 quae
3581 5402 3801 5455 quoquo
3836 5387 4000 5440 modo

2437 5478 2573 5533 ﬁunt
2608 5481 2659 5532 in
2683 5496 2864 5533 rerum
2900 5490 3147 5533 naturam
3190 5478 3472 5547 producat.
3501 5478 3698 5537 Locus.
3723 5479 3848 5545 quia
3882 5493 4003 5531 om-

2435 5571 2523 5624 nia
2557 5572 2848 5626 contineat.
2869 5570 3060 5626 Omnia
3114 5571 3351 5639 denique
3417 5579 3518 5635 est,
3563 5570 3689 5639 quia
3742 5571 4001 5624 omnibus

2437 5662 2706 5729 superior.

2832 5758 2891 5788 "’
2921 5756 3060 5811 Psal.
3090 5770 3310 5820 xxxvnt,
3354 5754 3403 5808 6.
3483 5755 3523 5784 ¹⁷
3549 5750 3689 5807 Psal.
3721 5766 3907 5817 uvnt,
3944 5755 3997 5806 5-
