4274 6382
290 409 420 473 illi

388 521 659 574 l’rivan:ia
678 526 943 578 contrario
970 526 1118 577 modo
1149 524 1211 577 de
1242 523 1350 578 Deo
1375 522 1736 576 enuntientur.

347 633 401 686 5.
433 633 703 698 Ejusdem.
737 636 879 690 Deus
897 645 1158 692 eteorum
1191 654 1310 705 quae
1332 638 1739 692 suntterminus
1784 646 1840 691 et

278 722 746 781 lnﬁuitasdicitur.
768 727 1057 782 Terminus
1092 730 1332 796 quidem,
1363 730 1454 799 qui
1478 746 1537 784 ea
1561 730 1836 783 terminet.

277 813 521 870 Inﬁnitas
559 833 708 881 vero,
748 821 841 887 qui
867 835 1028 887 supra
1055 836 1117 874 ea
1136 822 1509 890 protendatur.
1533 821 1662 888 Ejus
1691 822 1837 874 enim

283 906 540 973 inﬁnitas,
562 925 680 978 quae
708 921 902 966 cuncta
923 914 1193 975 terminat,
1220 915 1445 968 inﬁnitis
1472 915 1648 968 modis
1671 923 1836 984 patet.

347 1001 398 1054 ι.
434 1000 1053 1073 Ejusdem.Etmagnum
1077 1014 1130 1058 et
1181 1021 1404 1075 parvum
1439 1007 1506 1060 de
1565 1006 1692 1070 Deo,
1745 1007 1838 1075 qui

281 1107 459 1144 rerum
479 1093 720 1145 omnium
772 1110 931 1148 causa
988 1104 1088 1161 est,
1137 1099 1425 1151 contrariis
1484 1097 1658 1152 modis
1702 1099 1836 1154 eﬁ‘c-

279 1191 494 1233 runtur.
530 1182 778 1251 Magnum
819 1186 1059 1253 quidem,
1123 1188 1394 1257 plerisque
1441 1190 1736 1260 Scriptura:
1783 1193 1838 1246 in

277 1270 432 1324 locis.
461 1272 688 1326 Parvum
716 1284 896 1329 autem
933 1277 1016 1331 his
1045 1295 1111 1332 ex
1142 1282 1340 1345 verbis,
1365 1302 1368 1308 ι
1399 1282 1466 1335 In
1494 1301 1628 1338 aura
1676 1288 1836 1350 tenui,

277 1360 564 1428 colligitur.
599 1363 818 1433 Magnus
841 1376 988 1422 certe
1019 1370 1237 1433 dicitur,
1265 1373 1464 1440 quippe
1484 1375 1576 1442 qui
1627 1375 1840 1444 magni-

281 1451 517 1504 tudinem
561 1454 726 1508 rebus
775 1457 997 1520 tribuat,
1044 1461 1198 1529 cujus
1256 1462 1463 1516 inﬁnita
1525 1464 1838 1532 magnitudo

280 1539 372 1598 sit.
405 1542 496 1607 qui
519 1543 752 1610 denique
777 1547 1201 1615 magnitudinem
1255 1567 1470 1606 omnem
1529 1561 1836 1621 exsuperet,

280 1628 434 1694 cujus
471 1633 1138 1701 magnitudoquantitatis,
1181 1655 1466 1705 mensurae,
1515 1644 1839 1713 terminique

279 1733 501 1784 prorsus
525 1736 716 1789 expers
741 1726 980 1780 exsistat.
1014 1729 1244 1783 Parvum
1269 1741 1447 1784 autem
1481 1735 1594 1787 sive
1654 1743 1836 1796 tenue,

280 1807 406 1858 idin
438 1809 544 1863 Deo
602 1814 948 1879 pnedicatur,
1002 1820 1144 1887 quod
1194 1821 1245 1873 in
1297 1823 1503 1876 nullum
1572 1834 1837 1878 tumutem
1871 1835 1916 1892 Β

280 1900 546 1954 molemve
611 1907 900 1970 excrescit,
941 1911 1082 1976 quod
1132 1913 1279 1966 nullo
1336 1917 1508 1981 spatio
1564 1917 1845 1980 delinitur,

279 1989 422 2054 qUod
455 1990 624 2046 libere
661 2010 755 2060 per
780 2000 957 2050 omnia
996 2011 1262 2068 penetrat,
1299 2015 1354 2057 et
1391 2022 1559 2074 usque
1596 2009 1661 2059 ad
1706 2008 1848 2060 divi-

278 2082 488 2133 sionem
543 2085 735 2138 animm
756 2097 809 2140 et
858 2091 1112 2158 SplI‘llUS'
1149 2094 1426 2164 pertingit,
1477 2105 1637 2164 atque
1685 2099 1845 2150 etiam

282 2173 665 2240 conceptiones
687 2185 735 2229 et
769 2180 1120 2247 cogitationes
1148 2185 1345 2246 cordis,
1369 2184 1476 2238 imo
1501 2201 1561 2238 ea
1588 2201 1706 2254 qua:
1723 2195 1850 2239 stmt

283 2262 464 2315 omnia
497 2263 778 2330 discernit,
799 2271 943 2323 nulla
962 2273 1103 2325 enim
1151 2290 1239 2328 res
1273 2286 1547 2344 procreata
1575 2279 1625 2331 ei
1650 2279 1851 2332 obscu—

285 2365 342 2402 ra
373 2359 476 2404 est.
506 2353 572 2406 Et
601 2371 823 2423 parvum
855 2361 1077 2428 quidem
1143 2364 1246 2418 hoc
1292 2368 1608 2434 quantitatis
1637 2385 1850 2439 expers.

281 2441 603 2497 immensum
632 2455 686 2499 et
724 2439 992 2502 inﬁnitum
1025 2462 1109 2506 est
1134 2473 1144 2505 :
1172 2465 1332 2523 atque
1359 2457 1484 2510 licet
1515 2460 1663 2512 nullo
1698 2475 1850 2514 com-

282 2532 546 2598 prehendi
579 2537 739 2592 modo
765 2551 945 2607 queat,
991 2545 1171 2599 omnia
1202 2555 1378 2600 tamen
1415 2551 1846 2617 comprehendit.

355 2644 408 2696 5.
434 2645 578 2699 Idem
617 2647 838 2716 insuper
868 2662 923 2704 et
954 2653 1231 2708 diversum
1258 2659 1322 2712 de
1370 2660 1477 2713 Deo
1501 2664 1848 2728 prmdicatur.

285 2734 419 2786 Illud
454 2737 672 2803 quidem
690 2754 757 2791 eo
785 2741 835 2793 in
864 2742 1007 2805 loco,
1045 2745 1114 2797 Tu
1137 2757 1308 2800 autem
1341 2751 1478 2802 idem
1505 2754 1608 2818 ipse
1635 2769 1709 2815 es,
1752 2755 1853 2809 hoc

286 2833 467 2878 autem
503 2828 554 2879 in
581 2829 692 2892 illo,
730 2831 969 2896 Domine,
994 2835 1230 2901 Domine,
1262 2842 1377 2909 quis
1421 2843 1606 2896 similis
1652 2846 1742 2899 tibi
1765 2848 1854 2899 ".9

287 2914 431 2968 Idem
456 2932 584 2984 ergo
613 2919 831 2984 dicitur,
873 2926 997 2993 quia
1025 2943 1129 2980 non
1157 2929 1491 2991 immatatur,
1554 2936 1660 2988 imo
1711 2952 1852 2991 sem-

288 3020 378 3074 per
407 3009 593 3060 eodem
623 3027 679 3065 se
749 3015 908 3069 modo
967 3029 1022 3072 et
1072 3020 1428 3076 consimiliter
1483 3027 1662 3090 habet,
1725 3031 1862 3084 item-

286 3098 414 3164 quia
462 3115 569 3153 non
623 3104 898 3168 miscetur,
961 3125 1066 3162 nou
1124 3123 1264 3181 eget,
1325 3133 1429 3168 non
1472 3121 1688 3182 crescit,
1745 3140 1848 3176 non

293 3186 654 3255 imminuitur,
681 3196 808 3261 quia
845 3197 1078 3268 denique
1110 3203 1175 3255 iis
1205 3221 1323 3273 qua:
1351 3220 1477 3261 sunt
1513 3212 1724 3274 tribuit,
1795 3224 1853 3268 ut

288 3278 477 3332 eadem
530 3283 797 3339 dicantur.
852 3290 1132 3346 Diversum
1197 3311 1343 3352 vero.
1396 3302 1520 3368 quia
1570 3318 1679 3370 pro:
1760 3307 1852 3360 illo

294 3371 440 3423 nulla
467 3387 553 3426 res
583 3375 671 3428 sit.
691 3376 882 3431 Omnia
937 3382 1082 3435 enim
1131 3399 1251 3452 quae
1289 3399 1434 3452 sunt,
1495 3393 1560 3444 ab
1609 3409 1694 3455 eo,
1760 3397 1851 3463 qui

293 3475 478 3514 revera
512 3473 611 3525 est,
645 3477 824 3520 creata
856 3483 1017 3525 sunt:
1052 3476 1238 3542 etipse
1294 3482 1545 3548 superior
1596 3486 1854 3541 omnibus

292 3559 396 3611 est,
433 3561 487 3605 et
517 3553 583 3606 ab
613 3557 866 3611 omnibus
916 3559 986 3614 ita
1040 3562 1310 3626 diversus.
1373 3581 1432 3622 ut
1481 3573 1612 3624 nulli
1664 3589 1852 3628 eorum

293 3641 469 3694 ord.ni
498 3649 769 3699 accenseri
793 3662 977 3715 queat,
1003 3663 1260 3716 praeterea
1291 3675 1438 3725 vero,
1463 3665 1586 3730 quia
1616 3680 1678 3719 ea
1703 3682 1854 3720 crea-

295 3734 453 3794 verit,
483 3750 601 3802 qum.
628 3735 837 3792 diversa
871 3752 924 3795 et
946 3743 1254 3801 differentia
1307 3762 1452 3804 sunt.

365 3847 415 3899 6.
446 3848 652 3904 Dicitur
671 3855 832 3914 etiam
858 3854 1068 3910 similis.
1129 3859 1218 3912 Ait
1265 3863 1430 3922 enim.
1485 3865 1596 3933 Ego
1638 3870 1854 3921 visiones

297 3936 658 4005 multiplicavi,
687 3952 733 3993 et
759 3945 809 3996 in
854 3949 1089 4000 manibus
1117 3952 1490 4018 prophetarum
1542 3961 1854 4014 assimilatas

295 4027 642 4095 sum",quia
674 4032 932 4086 nimirum
992 4042 1289 4104 apparebat
1341 4045 1421 4096 eis
1479 4044 1581 4097 bac
1626 4048 1707 4100 vel
1768 4050 1854 4101 illa

299 4115 490 4179 forma,
528 4119 800 4190 rebusque
833 4123 1034 4180 similis
1092 4128 1254 4184 ﬁebat
1298 4147 1417 4199 qua:
1464 4137 1566 4188 sub
1620 4140 1854 4205 Speciem

298 4207 516 4270 cadunt,
584 4210 649 4262 ad
719 4214 829 4266 luce
882 4217 1065 4281 etiam,
1128 4221 1254 4287 quia
1301 4224 1407 4275 vim
1469 4227 1610 4278 illam
1641 4229 1850 4291 tribuit,

298 4310 403 4362 qua
439 4296 734 4351 similitudo
762 4300 936 4356 inesse
973 4305 1206 4360 videtur.
1252 4309 1340 4363 Ait
1367 4313 1534 4373 enim,
1572 4313 1856 4369 Faciamus

300 4387 555 4439 hominem
580 4390 647 4440 ad
670 4391 949 4459 imaginem
996 4404 1043 4447 et
1098 4398 1488 4455 similitudinem
1529 4411 1852 4460 nostram".

300 4478 593 4531 Sciendum
626 4495 786 4548 porro
808 4485 996 4538 eadem
1031 4487 1139 4542 Deo
1169 4499 1224 4542 et
1285 4493 1478 4547 similia
1496 4504 1549 4548 et
1575 4497 1856 4552 dissimilia

300 4570 428 4624 diei.
461 4573 667 4628 Similia
688 4578 929 4644 quidem,
963 4584 1091 4650 quia
1124 4588 1300 4652 quoad
1334 4591 1453 4659 ejus
1479 4592 1597 4646 fieri
1654 4606 1855 4663 potest,

301 4680 425 4716 eum
463 4667 766 4731 imitantur,
799 4671 890 4738 qui
915 4683 998 4724 est
1022 4675 1376 4734 inimitabilia.
1421 4683 1714 4739 Dissimilia
1731 4704 1860 4742 vero

301 4754 426 4820 quia
454 4755 677 4810 eﬁ'ectus
714 4774 742 4811 a
769 4761 881 4813 suis
910 4765 1088 4818 causis
1115 4768 1346 4822 multum
1400 4771 1626 4839 distant,
1649 4786 1703 4831 et
1753 4779 1858 4831 im-

304 4845 506 4897 mensis
558 4847 855 4904 intervallis
883 4853 1287 4924 disjunguntur.

375 4955 422 5005 7.
450 4954 614 5020 Quies
645 4959 864 5029 insuper
897 4973 951 5016 et
972 4974 1150 5020 motus
1175 4968 1227 5021 in
1255 4968 1365 5023 Deo
1391 4971 1666 5029 dicuntur.
1694 4977 1858 5041 Quies

303 5044 690 5115 quidem,quia
726 5051 778 5103 in
807 5054 987 5120 seipso
1021 5056 1166 5110 Deus
1233 5069 1434 5122 manet,
1495 5063 1859 5134 immotusque

306 5144 526 5200 perstat,
560 5137 687 5224 quia
710 5140 868 5192 etiam
904 5158 931 5193 a
963 5145 1141 5212 seipso
1175 5149 1446 5203 transferri
1475 5152 1579 5206 alio
1624 5170 1731 5207 non
1765 5172 1860 5224 po-

307 5230 427 5283 test,
470 5236 596 5290 qua
621 5223 852 5294 denique
881 5230 1044 5284 rebus
1095 5236 1348 5290 omnibus
1393 5239 1538 5292 velut
1592 5223 1862 5308 expansus

307 5313 542 5366 incubat.
577 5313 749 5369 Motus
783 5329 984 5384 autem,
1017 5338 1122 5377 non
1156 5341 1222 5379 eo
1250 5329 1487 5395 quidem,
1526 5332 1668 5399 quod
1691 5336 1863 5388 motui

306 5404 522 5466 mentis,
546 5418 638 5458 aut
685 5408 894 5471 animae,
927 5421 1017 5464 aut
1043 5425 1268 5478 naturae,
1294 5426 1385 5469 aut
1452 5419 1575 5478 loci,
1629 5434 1723 5475 aut
1765 5425 1858 5477 ulli

307 5491 538 5559 denique
622 5507 862 5551 motuum
927 5502 1158 5565 illorum,
1216 5506 1306 5571 qui
1358 5508 1516 5575 vulgo
1577 5509 1854 5573 dicuntur,

379 5692 423 5722 '°
453 5694 592 5749 Psal.
658 5713 910 5761 Lxxxvtu,
947 5704 998 5755 9.

1105 5704 1144 5733 ‘”
1183 5705 1306 5759 Osc.
1336 5723 1428 5770 xu,
1469 5707 1546 5762 IO.

310 5774 396 5823 xv,
431 5764 481 5815 4.

1534 409 1921 472 Τιιεέλυιιι
1974 409 2118 467 LIB.
2168 410 2245 468 II.

1866 519 1915 573 Α
1941 517 2208 572 obnoxius
2233 525 2334 584 est,
2365 517 2456 572 sed
2483 515 2990 587 comprehensionis
3029 515 3176 571 illius
3199 528 3349 583 ergo,
3381 529 3502 580 qua:

1661 5711 1701 5739 "
1732 5710 1929 5766 Cenes.
1971 5727 2004 5774 ι,
2035 5711 2120 5762 9.6.

3411 400 3509 466 lii

1942 611 2172 663 detineri
2197 618 2291 663 aut
2361 609 2602 664 coerceri
2677 610 2826 663 nullo
2894 608 3057 662 modo
3118 615 3327 674 potest:
3371 604 3499 657 item

1943 702 2543 756 immobiliumillorum
2598 716 2982 770 progressuum
3028 699 3260 760 ratione,
3307 695 3508 765 quibus

1942 793 2086 847 Deus
2114 792 2452 862 providentia
2473 808 2568 845 sua
2596 792 2661 844 iis
2697 806 2814 860 quas
2841 799 2968 844 sunt
3004 788 3333 848 infunditur,
3390 787 3509 840 illa-

1945 898 2065 936 rum
2089 883 2322 950 denique
2375 883 2649 934 actionum
2723 881 2959 945 ratione,
3015 895 3134 948 qua:
3183 878 3349 933 nullis
3397 893 3508 930 non

1943 973 2248 1026 actionibus
2295 971 2707 1025 excellentiores
2725 981 2872 1024 sunt.

2015 1063 2066 1117 8.
2095 1063 2371 1133 Ejusdem.
2427 1061 2898 1127 Quemadmodum
2931 1061 3105 1115 sancti
3135 1061 3385 1114 homines
3413 1060 3513 1114 do-

1943 1170 2064 1208 mus
2088 1155 2178 1208 Dei
2215 1154 2508 1206 dicuntur:
2544 1153 2620 1204 ait
2684 1151 2851 1213 enim,
2913 1150 3177 1204 Habitabo
3220 1153 3274 1204 in
3325 1151 3416 1211 eis,
3463 1158 3512 1201 et

1941 1245 2380 1301 inanibulabo":
2413 1245 2484 1297 ita
2507 1244 2671 1298 etiam
2717 1251 3031 1296 sanctorum
3090 1243 3370 1295 hominum
3411 1241 3514 1294 do-

1941 1353 2064 1391 mus
2097 1339 2239 1390 Deus
2269 1343 2372 1388 est.
2403 1336 2633 1388 Davides
2653 1335 2798 1388 enim
2829 1335 2924 1397 ait,
2960 1332 3084 1386 Esto
3111 1334 3236 1384 mihi
3258 1334 3314 1383 in
3335 1332 3507 1384 Deum

1942 1437 2300 1497 protectorem.
2359 1433 2406 1476 et
2448 1426 2498 1476 in
2529 1425 2735 1476 domum
2761 1424 2964 1493 refuqii,
3011 1431 3070 1474 ut
3098 1423 3303 1475 salvum
3328 1438 3405 1474 me
3435 1422 3515 1486 fa-

1940 1523 2048 1574 cias
2065 1521 2109 1551 ”
2134 1556 2147 1571 .
2170 1519 2345 1584 Atque
2370 1516 2536 1586 ipsius
2557 1513 2774 1583 quidem
2801 1513 3010 1567 Domini
3035 1519 3148 1568 haec
3171 1513 3330 1567 verba
3362 1523 3510 1575 sunt,

1949 1611 2049 1664 Vos
2074 1612 2128 1663 in
2158 1626 2238 1662 me
2264 1610 2405 1671 estis,
2435 1615 2482 1659 et
2524 1621 2615 1674 ego
2663 1606 2717 1657 in
2761 1604 2900 1656 vobis
2921 1605 2966 1635 "
2990 1643 3005 1658 .
3037 1603 3101 1655 Et
3161 1604 3514 1672 quemadmo-

1943 1700 2068 1753 dum
2105 1699 2245 1752 itain
2281 1697 2388 1750 illis
2417 1697 2558 1748 Deus
2586 1704 2688 1757 est,
2722 1702 2980 1762 utneque
3008 1694 3297 1755 contineri,
3330 1709 3513 1761 neque

1946 1787 2315 1842 circumscribi
2350 1793 2551 1853 queat:
2577 1785 2655 1838 sic
2685 1784 2846 1837 etiam
2877 1783 2975 1852 ipsi
3011 1785 3082 1838 ita
3132 1783 3184 1835 in
3213 1784 3323 1837 Deo
3357 1793 3507 1847 sunt,

1952 1889 2149 1934 utcum
2177 1879 2293 1946 ejus
2328 1873 2565 1928 essentia
2619 1889 2964 1944 nequaquam
3019 1874 3376 1939 misceantur,
3422 1882 3518 1928 aut

1948 1965 2370 2023 confundantur.

2019 2060 2071 2113 9.
2093 2057 2367 2126 Ejusdem.
2389 2057 2706 2126 Quanquam
2733 2055 3015 2124 qualitatis
3059 2056 3238 2109 omnis
3290 2057 3516 2123 quanti—

1951 2151 2187 2218 talisque
2219 2151 2358 2202 Deus
2400 2164 2595 2217 expers
2633 2157 2738 2210 est,
2773 2147 2864 2202 Dei
2891 2157 3071 2202 tamen
3137 2148 3369 2201 latitudo
3429 2149 3517 2199 in-

1952 2240 2212 2308 telligitur
2249 2242 2356 2292 lata
2395 2240 2482 2293 illa
2509 2239 2816 2308 progressio
2896 2254 3000 2308 qua
3034 2239 3196 2293 rebus
3262 2239 3520 2293 omnibus

1951 2333 2222 2401 providet,
2250 2331 2534 2400 longitudo
2580 2339 2785 2395 autem,
2843 2331 2926 2384 vis
2989 2331 3078 2384 illa
3137 2330 3342 2391 divina.
3398 2347 3519 2398 qua:

1952 2441 2114 2492 supra
2171 2425 2354 2478 omnia
2416 2422 2926 2490 superextenditur:
2981 2422 3324 2490 profunditas
3367 2422 3521 2476 deni-

1951 2532 2078 2586 que,
2111 2514 2530 2576 occultatioilla,
2562 2529 2669 2582 qua
2722 2514 2799 2576 Iit,
2851 2525 2911 2568 ut
2944 2515 3034 2567 ille
3055 2515 3122 2568 ab
3151 2529 3341 2569 eorum
3398 2530 3519 2584 quae

1953 2621 2080 2663 sunt
2121 2610 2268 2661 nullo
2303 2609 2506 2676 percipi
2543 2608 2863 2676 eognoscive
2885 2617 3066 2675 queat.

2025 2701 2110 2753 IO.
2143 2699 2417 2768 Ejusdem.
2449 2699 2595 2751 Deus
2629 2699 2681 2749 in
2745 2697 2912 2751 sacris
2951 2697 3297 2768 mysticarum
3349 2697 3519 2751 visio-

1951 2808 2079 2846 nqu
2112 2790 2203 2844 Dei
2237 2788 2670 2857 apparitionibus
2700 2803 2866 2842 canus
2895 2797 2950 2842 et
2994 2790 3215 2858 juvenis
3272 2789 3514 2858 ﬁngitur.

1952 2893 2006 2937 et
2036 2895 2205 2935 canus
2238 2880 2479 2948 quidem,
2545 2879 2870 2946 antiquum:
2904 2880 3120 2947 juvenis
3175 2895 3303 2934 vero
3363 2879 3516 2933 senio

1952 2974 2175 3027 minime
2223 2969 2518 3023 obnoxium
2582 2970 2891 3038 significat:
2933 2971 3014 3024 vel
3082 2970 3298 3040 juvenis
3348 2972 3512 3025 etiam

1955 3066 2162 3117 ratione.
2219 3063 2560 3118 arithmetica
2609 3060 2986 3128 antiquitatem
3050 3060 3288 3118 divinam
3339 3059 3514 3112 deno-

1883 3157 1924 3215 C
1960 3167 2053 3210 tat.
2089 3157 2279 3211 Uuitas
2300 3157 2468 3218 enim,
2509 3167 2563 3210 et
2607 3171 2726 3223 qua:
2774 3160 2899 3206 sunt
2962 3151 3156 3205 unitati
3236 3150 3511 3218 adjuncta,

1955 3248 2262 3315 antiquiora
2295 3257 2422 3300 sunt
2451 3247 2538 3311 iis,
2570 3261 2687 3314 qua:
2720 3244 2810 3298 illa
2834 3258 3062 3297 numero
3083 3243 3240 3310 longe
3269 3240 3515 3294 diﬁ‘usio-

1956 3352 2012 3389 re
2059 3347 2338 3403 superant.

2026 3428 2110 3480 ll.
2138 3428 2280 3480 Deus
2300 3426 2516 3495 quidem
2565 3425 2818 3480 omnibus
2869 3425 3055 3478 adest:
3085 3439 3187 3477 nec
3233 3424 3375 3478 enim
3417 3423 3509 3476 uni

1957 3518 2166 3570 locoita
2193 3527 2275 3570 est
2309 3518 2581 3577 addictus,
2614 3525 2672 3570 ut
2698 3516 2765 3568 ab
2805 3516 2912 3568 alio
2938 3514 3106 3567 absit:
3131 3514 3223 3568 sed
3258 3515 3509 3567 universa

1956 3610 2368 3676 complectitur:
2395 3619 2446 3661 at
2472 3623 2577 3661 non
2602 3608 2782 3660 omnia
2809 3607 2881 3660 illi
2939 3607 3167 3660 adsunt:
3224 3605 3317 3659 sed
3367 3621 3514 3672 quae-

1957 3701 2349 3768 cunquedigna
2403 3709 2548 3763 sunt,
2607 3715 2727 3766 qua;
2777 3702 2842 3752 ad
2894 3700 3239 3753 Divinitatem
3293 3701 3515 3767 propius

1958 3793 2237 3846 accedant.
2280 3793 2390 3847 Nos
2451 3802 2631 3845 autem
2671 3791 2747 3844 illi
2788 3801 2898 3843 tum
2957 3790 3173 3843 demum
3233 3789 3511 3850 adsumus,

1956 3900 2077 3936 cum
2137 3885 2285 3937 illum
2337 3887 2658 3938 castissimis
2710 3885 2849 3935 votis
2894 3884 3232 3941 invocamus,
3291 3880 3395 3932 hoc
3432 3889 3515 3931 est

1958 3983 2136 4027 mente
2163 3975 2324 4028 nullis
2371 3975 2622 4029 sordibus
2658 3975 2958 4043 inquinata,
3002 3982 3162 4040 atque
3226 3972 3297 4024 ita
3335 3980 3393 4023 ut
3420 3970 3515 4037 qui

1956 4069 2020 4119 ad
2047 4068 2213 4121 Demu
2234 4067 2576 4130 accedamus,
2615 4067 2793 4120 idonei
2839 4081 3176 4119 eenseamur.
3243 4062 3517 4129 Quemad-

1959 4161 2177 4212 modum
2212 4170 2417 4226 autem,
2454 4161 2496 4213 si
2521 4170 2708 4213 eatena
2751 4159 2934 4211 multis
2984 4166 3238 4210 contexta
3291 4155 3511 4207 lumini-

1960 4250 2078 4312 bus,
2101 4250 2291 4303 etcmli
2325 4249 2527 4303 vertice
2558 4264 2820 4316 suspensa
2857 4247 2920 4300 ad
2949 4263 3045 4300 nos
3097 4261 3265 4314 usque
3299 4245 3507 4314 pertin-

1959 4350 2064 4409 gat,
2148 4357 2248 4394 nos
2309 4341 2533 4394 alternis
2598 4355 2716 4393 eam
2799 4339 3050 4392 manibus
3125 4337 3521 4405 apprehensam

1959 4434 2210 4486 deorsum
2244 4431 2464 4499 quidem
2513 4431 2727 4483 trahere
2785 4429 3054 4492 videmur,
3095 4443 3154 4482 re
3187 4437 3364 4481 autem
3392 4443 3523 4481 vera

1959 4525 2214 4577 deorsum
2239 4538 2357 4574 eam
2415 4537 2523 4574 non
2580 4520 2861 4580 trahimus,
2924 4533 3048 4570 cum
3100 4519 3291 4572 eadem
3353 4533 3518 4584 supra

1959 4615 2204 4682 infraque
2234 4612 2582 4681 propendeat,
2614 4612 2720 4663 imo
2746 4614 2926 4679 potius
2960 4626 3058 4664 nos
3093 4611 3160 4663 ab
3192 4610 3281 4663 illa
3301 4625 3519 4662 sursum

1958 4708 2022 4757 ad
2058 4705 2405 4758 sublimiores
2443 4704 2562 4771 ejus
2590 4701 2772 4755 radios
2798 4703 3093 4755 trahimur:
3123 4701 3230 4763 vel,
3260 4701 3522 4770 quemad-

1959 4796 2177 4848 modum
2223 4796 2266 4847 si
2325 4808 2518 4846 navem
2578 4793 3030 4856 conscendamus,
3083 4803 3138 4846 et
3192 4792 3520 4845 rudentibus

1961 4881 2278 4940 innitamur,
2309 4879 2401 4947 qui
2420 4880 2580 4933 nobis
2598 4880 2820 4947 aliquoe
2843 4880 3066 4948 scopulo
3098 4883 3515 4949 protenduntur,

1959 4970 2112 5039 quasi
2146 4985 2211 5023 ex
2258 4969 2501 5036 professo
2543 4970 2917 5038 porriguntur,
2952 4979 3011 5024 ut
3035 4986 3130 5024 eos
3161 4972 3522 5038 comprehen-

1960 5061 2169 5123 damus,
2197 5060 2478 5128 scopulum
2501 5075 2840 5129 nequaquam
2863 5062 2926 5113 ad
2956 5077 3072 5124 nos,
3101 5062 3194 5115 sed
3220 5077 3318 5115 nos
3343 5064 3524 5128 potius

1961 5154 2105 5221 ipsos
2134 5166 2239 5204 una
2262 5167 2385 5205 cum
2404 5152 2525 5204 navi
2548 5153 2769 5220 propius
2813 5153 2879 5204 ad
2937 5155 3216 5220 scopulum
3271 5154 3525 5207 admove-

1962 5243 2174 5295 bimus:
2224 5243 2298 5295 ita
2352 5242 2608 5310 precibus
2663 5258 2882 5310 quoque
2933 5244 3132 5298 nostris
3180 5260 3520 5313 nequaquam

1965 5333 2132 5385 Deum
2220 5330 2287 5383 ad
2344 5347 2442 5384 nos
2505 5332 2850 5396 attrahimus,
2915 5333 3008 5401 qui
3081 5334 3282 5402 ubique
3336 5335 3515 5398 adest,

1967 5422 2060 5474 sed
2105 5420 2371 5489 nosipsos
2387 5420 2453 5474 ad
2487 5421 2634 5474 illum
2696 5423 2875 5477 divina
2905 5424 3023 5491 ejus
3050 5425 3523 5478 commemoratio-

1968 5527 2033 5565 ne
2064 5520 2119 5565 et
2147 5511 2487 5566 invocatione
2513 5513 2859 5567 sublevamus
2890 5515 3260 5569 etevehimus.

2201 5712 2245 5741 ³³
2277 5709 2317 5763 II
2351 5709 2473 5764 Cor.
2514 5727 2586 5777 v1,
2623 5711 2702 5763 16.
2781 5712 2823 5740 ²“⁶
2856 5713 2994 5766 Psal.
3023 5727 3143 5776 xxx,
3168 5711 3217 5765 5.
3295 5712 3337 5741 ’³
3362 5712 3517 5766 Joan.
