4274 6382
723 446 736 465 .
788 407 918 470 “53

1374 516 1522 570 CAP.
1576 516 1732 571 .\'\'ll.

782 607 843 660 Ii.
876 607 1120 668 Maximi,
1159 608 1220 658 de
1282 607 1387 659 Ileo
1426 612 1787 662 communiter.
1826 609 2115 679 [Cenninus
2163 611 2331 663 nomi-

986 693 1109 728 num
1133 692 1334 740 sensus,
1366 680 1548 746 quibus
1576 679 1709 731 Deus
1744 678 2120 750 appellamus.]

847 788 969 841 ll;ec
998 786 1213 839 nomina
1245 785 1375 851 Ens,
1407 786 1606 852 Bonus,
1650 788 1812 852 Deus,
1846 791 2093 853 Creator.
2126 793 2332 863 Super-

775 878 1163 940 substantialis,
1201 878 1525 940 Innnensus,
1558 878 1902 943 Immortalis,
1964 892 2019 936 et
2052 894 2245 938 caetera
2276 885 2328 939 id

772 985 964 1035 genus,
998 970 1049 1021 in
1095 970 1204 1023 Deo
1237 970 1580 1023 diﬁcrentias
1624 970 2011 1027 substantiales
2045 975 2330 1043 haudqua-

770 1075 928 1128 quam
944 1059 1193 1123 dciznus,
1209 1074 1277 1113 ne
1302 1061 1659 1130 compositum
1682 1075 1807 1117 eum
1831 1064 2011 1118 verbis
2025 1064 2332 1133 hujusmodi

779 1152 1131 1218 prolitcamur
1159 1166 1171 1202 :
1205 1150 1300 1205 sed
1325 1152 1735 1220 appellationes,
1763 1153 1961 1221 quibus
1978 1168 2168 1207 eorum
2196 1169 2331 1207 non-

776 1242 918 1293 nulla
970 1242 1339 1306 innotescunt,
1367 1244 1643 1311 qumcirca
1668 1246 1843 1312 ipsum
1888 1245 2325 1312 considerantur,

772 1328 842 1380 ita
882 1338 1082 1392 tamen,
1124 1336 1185 1381 ut
1248 1343 1435 1383 eorum
1471 1346 1589 1399 quae
1643 1332 1707 1385 ad
1760 1333 1881 1401 ejus
1928 1337 2220 1389 essentiam
2276 1345 2332 1391 et

770 1425 1016 1470 naturam
1048 1420 1343 1488 pertinent,
1372 1420 1503 1472 nihil
1554 1436 1743 1475 eorum
1785 1423 2118 1491 signiﬁcent.
2183 1427 2329 1491 Quo-

771 1510 1015 1560 rumdam
1042 1511 1187 1563 enim
1246 1510 1445 1565 divinae
1484 1521 1694 1566 natura:
1754 1514 2200 1569 convenientium
2250 1518 2330 1571 si-

768 1601 1171 1668 gnificationem
1202 1602 1429 1669 habent,
1465 1605 1843 1672 ipsiusautem
1893 1615 2103 1660 natura:
2173 1608 2327 1662 nullo

770 1694 952 1753 modo,
981 1694 1125 1763 quod
1156 1695 1373 1758 quidem
1406 1695 1858 1752 substantialibus
1898 1713 1996 1753 seu
2031 1700 2327 1755 essentiam

768 1786 1230 1840 constituentibus
1262 1788 1545 1856 proprium
1578 1799 1681 1844 est.

836 1877 890 1929 2.
912 1875 1189 1945 Ejusdem.
1213 1875 1546 1933 lndivisibile
1568 1881 1784 1946 quidem
1808 1881 2019 1936 Numen
2054 1894 2162 1945 est,
2199 1882 2326 1951 quia
2361 1858 2402 1912 Β

769 1967 1091 2034 quantitatis
1122 1982 1318 2036 expers
1344 1992 1355 2025 :
1389 1969 1709 2037 quantitatis
1737 1982 1917 2026 autem
1950 1986 2167 2041 expers,
2197 1973 2325 2042 quia

769 2057 1109 2123 vtqualitatis
1132 2074 1143 2110 :
1167 2058 1445 2125 qualitatis
1463 2074 1612 2123 vero,
1633 2060 1759 2128 quia
1788 2061 2018 2130 simplex
2048 2062 2325 2130 :simplex,

768 2149 895 2216 quia
942 2149 1389 2204 interminatam:
1432 2152 1864 2215 interminatum,
1910 2152 2037 2221 quia
2099 2154 2329 2207 immen-

769 2256 886 2295 sum
922 2258 934 2294 :
982 2241 1328 2304 immensum,
1372 2243 1494 2311 quia
1541 2242 1853 2304 immobile;
1890 2243 2168 2296 immobile
2199 2243 2326 2311 quia

770 2333 1039 2403 principio
1073 2340 1224 2388 caret
1281 2332 1649 2402 (nequeenim
1676 2334 1975 2402 quidquam
2004 2342 2130 2387 ante
2178 2348 2323 2399 eum,

769 2442 901 2479 vove
921 2426 1092 2494 majus
1123 2435 1223 2490 est,
1271 2441 1446 2492 neque
1499 2426 1795 2494 quidquam
1849 2439 1973 2478 cum
2029 2440 2116 2488 eo,
2165 2425 2326 2494 eique

768 2519 998 2587 aequale,
1031 2516 1529 2585 nequeﬁquidquam
1555 2525 1675 2584 post
1712 2515 1859 2577 eum)
1891 2532 1904 2578 ;
1941 2514 2209 2585 principio
2230 2530 2326 2569 au-

772 2621 877 2662 tem
905 2619 1069 2672 caret,
1099 2608 1225 2676 quia
1261 2607 1561 2674 ingenitum
1629 2617 1713 2660 est
1747 2624 1761 2659 :
1826 2606 2127 2674 ingenitum
2173 2621 2325 2669 vero,

773 2702 897 2765 quia
933 2715 1099 2752 unum
1128 2706 1185 2752 et
1239 2697 1470 2750 maxime
1520 2695 1792 2766 singulare
1828 2714 1839 2748 :
1874 2711 2041 2748 unum
2091 2696 2328 2764 denique

774 2793 1114 2860 maximeque
1150 2788 1441 2857 singulare,
1464 2788 1590 2858 quia
1643 2787 1790 2841 (mini
1857 2802 2081 2856 prorsus
2137 2787 2325 2841 habitu

777 2890 950 2945 caret,
979 2896 1153 2949 caque
1177 2881 1243 2934 de
1294 2894 1455 2933 causa
1491 2879 1642 2932 nullo
1702 2892 1928 2946 prorsus
1994 2877 2156 2930 modo
2219 2876 2326 2930 dici

777 2973 1098 3041 cngnoscive
1121 2979 1317 3040 potest,
1345 2979 1403 3024 ut
1428 2973 1514 3025 cui
1545 2970 1702 3024 unica
1765 2970 1853 3023 illa
1874 2984 1999 3023 vera
2050 2968 2178 3022 insit
2207 2983 2329 3037 _co-

782 3064 972 3133 gnitio,
1003 3064 1145 3131 quod
1175 3078 1281 3117 non
1305 3071 1684 3132 cognoscatur.

846 3160 899 3212 3.
933 3156 1203 3222 Ejusdem.
1231 3156 1560 3208 Immensum
1603 3154 1812 3208 Numen
1849 3161 1952 3216 est,
1997 3166 2107 3205 non
2151 3150 2325 3206 solum

2004 410 2300 473 NICETrE
2337 411 2739 487 CIIONIATJE

2361 517 2412 576 Α
2444 532 2562 570 rum
2595 534 2717 586 qua:
2740 526 3028 571 moventur
3074 528 3226 571 ortus
3280 525 3383 572 est.
3435 517 3813 573 Generationis
3861 536 3993 574 vero

3858 416 3997 474 ιιυ.

2434 622 2647 672 eorum,
2679 624 2799 677 quae
2822 619 3079 679 generata
3106 618 3257 669 sunt,
3290 608 3618 676 principium
3680 610 3821 663 Deds
3878 620 3984 675 est,

2437 706 2692 768 tanquam
2726 700 3094 768 generationis
3115 708 3326 753 auctor.
3360 699 3534 753 Motus
3556 717 3722 770 porro
3765 710 3991 755 natura-

2432 790 2501 843 lis
2544 805 2735 844 eorum
2768 806 2887 859 quas
2909 803 3172 861 generata
3206 801 3333 846 sunt
3360 792 3503 853 ﬁnis,
3530 800 3704 845 status
3760 792 3850 845 ille
3881 801 3992 856 cst,

2434 882 2525 951 qui
2559 898 2587 935 a
2629 884 2856 937 transitu
2890 899 3077 938 eorum
3107 901 3226 953 quae
3260 887 3592 939 transierunt
3625 884 3691 936 ab
3726 884 3812 937 illa
3870 882 3994 936 inﬁ-

2436 971 2604 1023 nitate
2637 970 2716 1035 ﬁt,
2745 970 2796 1023 in
2833 987 2939 1040 qua
2970 972 3095 1040 quia
3120 973 3329 1026 nullum
3358 981 3440 1025 est
3464 971 3841 1031 interstitium,
3870 985 3989 1025 om-

2437 1059 2523 1113 nis
2554 1068 2736 1112 motus
2754 1075 2942 1114 eorum
2962 1076 3082 1129 qua:
3111 1060 3433 1115 naturaliter
3456 1070 3761 1124 moventur,
3792 1068 3990 1113 cessat.

2434 1147 2563 1202 Inde
2592 1148 2670 1212 ﬁt,
2720 1159 2779 1203 ut
2807 1148 2985 1203 omnis
3018 1150 3402 1218 generationis,
3430 1159 3485 1203 et
3515 1159 3695 1203 motus
3725 1159 3787 1203 et
3816 1157 3992 1202 status

2433 1254 2619 1293 eorum
2656 1255 2776 1308 quas
2837 1249 2965 1295 sunt
3024 1241 3371 1309 principium,
3426 1240 3665 1294 medium
3728 1250 3785 1293 et
3847 1239 3992 1301 ﬁnis,

2412 1328 2549 1402 _ipse
2585 1329 2727 1383 Deus
2761 1328 2850 1393 sit,
2887 1336 3142 1398 tanquam
3171 1344 3361 1382 eorum
3420 1343 3541 1397 qua:
3588 1341 3653 1380 ex
3701 1325 3820 1393 ipso
3869 1334 3991 1377 orta

2434 1419 2562 1485 sint,
2596 1434 2716 1488 qua:
2746 1433 2843 1488 per
2868 1418 3044 1487 ipsum
3068 1426 3409 1481 moveantur,
3467 1432 3592 1486 quae
3643 1415 3877 1484 denique
3937 1415 3995 1466 in

2434 1509 2552 1577 ipso
2585 1511 2946 1578 conquietura
2998 1508 3126 1572 sint,
3182 1518 3239 1561 ut
3295 1509 3387 1578 qui
3428 1508 3513 1562 vel
3541 1522 3759 1561 omnem
3814 1513 3997 1559 motus

2435 1603 2713 1657 deﬁnitam
2740 1603 3063 1657 inﬁnitatem
3095 1601 3320 1656 deﬁniat
3348 1612 3403 1656 et
3429 1600 3781 1656 determinet.

2504 1693 2557 1746 5.
2586 1692 2842 1762 Ejusdem
2887 1692 3029 1746 Deus
3077 1707 3253 1766 neque
3317 1692 3641 1761 intelligere,
3697 1703 3875 1758 neque
3915 1688 4000 1740 in-

2437 1784 2601 1854 telligi
2639 1786 2857 1854 pmprie
2883 1784 3110 1847 dicitur,
3142 1799 3208 1838 ne
3253 1784 3392 1837 forte
3426 1782 3761 1851 compositus
3802 1779 3997 1833 existi-

2434 1883 2631 1926 metur.
2665 1872 2723 1925 Id
2781 1871 2928 1926 enim
3001 1872 3144 1941 quod
3206 1872 3481 1941 intelligit,
3537 1885 3600 1923 ea
3652 1867 3996 1934 intelligendi

2434 1963 2693 2017 facultate
2717 1963 3006 2030 praeditum
3038 1973 3141 2023 est,
3173 1978 3295 2031 qua:
3322 1977 3429 2015 una
3465 1976 3588 2015 cum
3646 1960 3765 2028 ipso
3791 1957 3997 2011 intelli-

2432 2062 2542 2122 gat.
2578 2052 2723 2121 quod
2750 2059 2932 2106 autem
2967 2053 3308 2121 intelligitur,
3373 2067 3436 2105 ea
3498 2052 3549 2104 vi
3604 2066 3709 2120 qua
3764 2047 3998 2117 intelligi

2432 2143 2628 2213 possit.
2660 2141 2771 2197 Nec
2819 2152 2999 2197 tamen
3034 2143 3392 2213 intelligentia
3420 2142 3640 2196 dicitur.
3680 2140 3999 2207 Intelligen-

2433 2236 2520 2290 tia:
2547 2234 2692 2289 enim
2728 2235 3049 2288 naturaliter
3080 2235 3162 2288 vis
3185 2236 3303 2304 ejus
3324 2232 3628 2301 suscepliva
3668 2229 3993 2298 subjicitur.

2432 2324 2693 2393 Superest
2716 2340 2847 2395 ergo
2889 2341 3053 2394 super
3083 2325 3201 2378 haec
3227 2324 3429 2387 onmia,
3460 2331 3518 2376 ut
3549 2323 3592 2377 si
3627 2322 3802 2390 ipsutn
3834 2319 3999 2372 intel-

2431 2418 2711 2488 ligentiam
2745 2418 2927 2472 dicere
2954 2434 3308 2487 nequeamus.
3337 2417 3662 2470 eamsaltcm
3689 2413 4000 2482 intelligen-

2432 2512 2558 2564 tiam
2595 2525 2714 2564 esse
2744 2510 3009 2573 dicamus,
3034 2526 3154 2580 quae
3207 2511 3440 2565 essentia
3485 2508 3617 2576 ipsa,
3650 2516 3705 2559 et
3730 2506 3999 2558 duntaxat

2433 2600 2788 2671 intelligentia
2850 2604 2940 2668 sit,
2991 2618 3163 2673 eaque
3201 2603 3338 2657 adeo
3394 2618 3514 2671 qua:
3574 2598 3995 2668 intelligentiam

2432 2707 2647 2747 omnem
2679 2701 2986 2762 exsuperet.

3017 2807 3166 2860 CAP.
3207 2805 3392 2859 XVIII.

2431 2897 2494 2953 Β.
2520 2898 2754 2967 Gregorii
2783 2899 3046 2967 Theologi,
3078 2914 3138 2950 ea:
3157 2913 3349 2965 magna
3369 2896 3604 2967 oratione
3630 2890 3995 2967 Apologetirq.

2501 2959 2699 3039 [Quam
2724 2968 2925 3038 di/ﬁcile
2974 2959 3063 3031 sit»,
3090 2976 3161 3039 rut
3194 2959 3261 3039 a6
3295 2966 3509 3039 homine
3534 2973 3738 3039 terreno
3770 2959 4000 3011 caslcstia

2868 3037 3375 3105 comprehendantur
3409 3034 3452 3102 (l
3473 3032 3566 3102 l).]

2508 3147 2691 3202 Altum
2716 3158 2801 3203 cst
2828 3148 3050 3210 coelum,
3089 3155 3232 3200 terra
3261 3159 3390 3199 vero
3422 3144 3676 3211 depressa
3713 3156 3767 3195 et
3810 3140 4001 3193 Immi-

777 3251 902 3318 quia
926 3248 1194 3317 principio
1220 3255 1271 3300 et
1301 3246 1405 3300 ﬁne
1427 3258 1594 3306 caret,
1620 3246 1713 3299 sed
1743 3246 1869 3314 quia
1896 3259 1959 3298 ea
1991 3253 2075 3298 est
2095 3245 2214 3312 ejus
2238 3258 2328 3297 es-
2358 3225 2399 3282 ε
2433 3238 2500 3293 lis
2531 3258 2543 3294 :
2577 3240 2767 3309 ecquis
2818 3240 3089 3301 ascendet,
3122 3252 3309 3291 eorum
3376 3235 3428 3287 in
3454 3234 3665 3302 primis,
3722 3232 3814 3299 qui
3882 3247 4003 3299 pec-

779 3341 972 3403 sentia,
1001 3355 1063 3393 ea
1093 3344 1287 3401 virtus,
1318 3353 1381 3392 ea
1403 3338 1674 3406 Operatio.
1702 3337 1949 3390 Essentia
1972 3335 2190 3403 quidem
2225 3334 2331 3388 tale

777 3441 881 3491 est.
923 3441 980 3484 ut
1006 3432 1125 3497 ejus
1151 3445 1315 3499 capax
1347 3428 1484 3482 nihil
1535 3443 1658 3482 esse
1685 3434 1869 3495 queat.
1930 3426 2145 3480 Virtute
2177 3439 2329 3488 vero,

776 3536 832 3576 et
857 3522 1173 3591 operatione
1205 3521 1328 3583 tale,
1358 3530 1418 3573 ut
1455 3519 1606 3572 nullo
1654 3517 1852 3570 mentis
1882 3516 2044 3569 ullius
2083 3514 2332 3569 acumine

778 3613 1167 3683 comprehendi
1190 3611 1375 3678 possit,
1402 3617 1587 3677 atque,
1626 3614 1685 3660 ut
1715 3607 1899 3659 verius
1950 3604 2095 3672 quod
2126 3618 2211 3657 res
2251 3612 2335 3657 est

776 3708 979 3769 dicam,
1032 3704 1182 3758 omni
1212 3712 1268 3757 et
1300 3702 1508 3755 ratione
1561 3707 1617 3753 et
1655 3697 1857 3760 modo;
1908 3696 2180 3748 inﬁnitum
2231 3694 2333 3748 hoc

779 3800 923 3851 enim
953 3796 1173 3865 proprie
1196 3805 1301 3858 est,
1333 3791 1478 3861 quod
1500 3792 1818 3844 immensum
1846 3787 2101 3843 dicimus.
2130 3786 2333 3852 Quem-

779 3888 1070 3944 admodum
1128 3886 1273 3939 enim
1333 3884 1515 3938 unitas
1544 3894 1719 3948 neque.
1746 3892 2008 3932 numerus
2062 3885 2165 3938 est,
2232 3888 2331 3927 ne-

777 3996 884 4048 que
916 3978 1019 4034 sub
1046 3990 1333 4030 numerum
1367 3972 1531 4033 cadit,
1560 3986 1737 4041 neque
1792 3979 1963 4024 totum
1991 3976 2094 4031 est,
2153 3980 2333 4035 neque

780 4086 925 4138 pars,
958 4083 1136 4137 neque
1157 4067 1379 4121 habitus
1412 4080 1426 4117 :
1453 4063 1548 4118 sed
1571 4061 1900 4131 principium
1955 4060 2178 4129 quidem
2227 4068 2332 4120 est,

780 4170 1053 4231 quatenus
1082 4159 1327 4213 omnium
1391 4168 1748 4210 numerorum
1804 4166 2008 4206 causa:
2063 4150 2335 4220 principio

781 4262 963 4307 autem
995 4258 1165 4313 caret,
1192 4249 1393 4317 quippe
1446 4262 1567 4315 qum
1597 4245 1807 4298 nullum
1856 4240 2224 4310 antiquiorem
2275 4255 2335 4295 se

783 4357 1074 4397 numerum
1102 4340 1321 4400 habeat,
1371 4338 1574 4406 quique
1599 4334 1828 4389 unitatis
1857 4333 1928 4387 sit
1957 4349 1969 4384 :
2032 4331 2114 4384 sic
2171 4330 2334 4383 etiam

784 4436 947 4494 Deus,
987 4441 1047 4485 ut
1069 4432 1163 4493 ita,
1190 4444 1356 4499 parva
1373 4428 1519 4482 velut
1545 4426 1780 4494 imagine
1816 4422 2111 4495 proposita,
2137 4421 2336 4481 dicam,

783 4522 1143 4594 quantitatem
1173 4532 1413 4581 onmem,
1476 4516 1923 4583 qualitatemque,
1976 4521 2032 4565 et
2092 4510 2337 4565 habitum

2438 3338 2560 3385 cato
2586 3330 2711 3384 inde
2746 3331 2940 3400 dejeeti
2983 3338 3110 3383 sunt
3140 3326 3318 3392 ?Quis
3366 3326 3466 3377 bac
3497 3333 3709 3377 terrena
3741 3322 3997 3386 caligine,

2438 3420 2726 3488 carnisque
2786 3419 3030 3473 crassitie
3086 3418 3266 3470 adhuc
3315 3416 3603 3476 obductus,
3676 3420 3786 3464 tota
3817 3418 4001 3462 mente

2440 3528 2576 3581 pure
2605 3512 2835 3571 obtueri,
2884 3521 3044 3578 atque
3076 3509 3143 3561 iis
3178 3506 3397 3559 misceri
3429 3506 3645 3572 poterit,
3681 3516 3799 3569 qua:
3830 3500 4003 3552 obﬁr-

2443 3611 2583 3657 mata
2615 3612 2835 3655 manent
2860 3600 3260 3666 invisibiliaque
3288 3606 3434 3656 sunt,
3454 3592 3692 3662 quandiu
3720 3592 3834 3657 ipse
3857 3590 4001 3641 inter

2439 3694 2529 3747 illa
2552 3692 2960 3760 manebithua:
2988 3690 3200 3743 inﬁrma
3229 3685 3607 3742 suntetoculis
3626 3681 4001 3749 objiciuntur?

2440 3782 2538 3836 Vix
2570 3784 2738 3844 enim,
2770 3797 2834 3836 ac
2864 3798 2931 3835 ne
2964 3781 3051 3834 vix
3081 3779 3322 3848 quidem,
3354 3789 3545 3829 corunt
3575 3772 3866 3840 quispiam,
3905 3770 3999 3836 qui

2441 3873 2531 3927 hic
2565 3882 2891 3942 perpurgato
2920 3881 2973 3926 et
3001 3871 3260 3925 deixcato
3290 3869 3472 3921 animo
3521 3872 3670 3923 sunt,
3712 3862 3793 3914 vel
3821 3861 4002 3913 solum

2440 3965 2567 4019 boni
2601 3965 2805 4019 idolum
2834 3973 3024 4018 contra
3060 3960 3274 4015 obtueri
3321 3966 3502 4027 queat,
3536 3950 4001 4025 quemadmodum

2441 4056 2479 4109 ii
2501 4055 2594 4123 qui
2620 4055 2790 4109 solem
2832 4055 2884 4107 in
2915 4054 3071 4122 aquis
3101 4049 3563 4118 contemplantur.
3597 4043 3733 4108 Quis
3798 4056 4001 4108 aquam

2442 4165 2604 4202 manu
2623 4149 2901 4202 dimensus
2918 4156 3024 4209 est,
3046 4155 3102 4199 et
3130 4146 3326 4198 caelum
3358 4141 3556 4210 palmo,
3575 4147 3629 4192 et
3649 4145 3850 4190 terram
3876 4133 4005 4185 uni-

2442 4255 2658 4295 versam
2687 4239 2926 4309 pugillo}?
2943 4238 3066 4305 quis
3080 4245 3292 4288 montes
3314 4234 3489 4292 lance,
3508 4230 3777 4295 vallesque
3798 4233 4005 4277 statera

2445 4329 2705 4399 appendit
2736 4329 2757 4381 Τ
2798 4329 2921 4396 quis
2958 4326 3054 4379 ille
3082 4326 3236 4377 locus
3266 4323 3392 4382 erit,
3420 4320 3474 4373 in
3501 4333 3609 4386 quo
3639 4316 3955 4381 requiescet
3983 4312 4009 4362 2

2445 4419 2647 4487 cuique
2676 4418 2812 4471 adeo
2845 4417 2899 4470 in
2935 4416 3040 4468 hac
3070 4427 3251 4468 rerum
3280 4409 3636 4463 universitate
3672 4403 3867 4458 similis
3918 4399 4008 4451 di-

2446 4518 2603 4563 cetur
2625 4510 2648 4561 ?
2672 4507 2805 4573 Quis
2836 4506 3016 4558 omnia
3040 4502 3206 4555 verbo
3238 4500 3462 4559 ereavit,
3499 4494 3764 4563 sapientia
3818 4493 4007 4543 homi-

786 4579 1094 4682 exsuperat,
1124 4620 1183 4665 ut
1213 4608 1308 4678 qui
1362 4607 1612 4675 simplex,
1675 4605 1793 4659 sine
1842 4600 2130 4672 principio,
2180 4608 2341 4668 atque
2375 4575 2418 4631 θ
2446 4616 2570 4655 nem
2593 4598 2866 4661 formavit,
2886 4597 2940 4649 in
2967 4610 3134 4648 unum
3156 4608 3219 4647 ea
3233 4590 3634 4657 quwdisjnncta
3658 4585 4003 4652 priuserant,

784 4708 950 4763 etiam
982 4719 1171 4759 eorum
1195 4716 1317 4770 quae
1346 4709 1474 4754 sunt
1500 4697 1832 4768 principium
1860 4694 2110 4750 exsistat.

858 4798 914 4850 4.
942 4796 1220 4863 Ejusdem.
1244 4792 1391 4846 Nihil
1421 4804 1611 4845 eorum
1638 4804 1760 4857 quae
1783 4794 1911 4841 sunt
1936 4801 2031 4855 per
2057 4799 2115 4839 se
2141 4782 2345 4836 factum
2372 4802 2375 4805 ·

789 4899 892 4947 est.
925 4885 1069 4955 quod
1093 4892 1275 4938 autem
1322 4898 1419 4951 per
1475 4895 1533 4934 se
1563 4880 1763 4934 factum
1788 4892 1895 4931 non
1919 4885 2022 4939 est,
2066 4889 2134 4927 ne
2184 4888 2347 4926 causa

788 4975 1007 5044 quidem
1042 4981 1208 5034 caret,
1239 4969 1384 5039 quod
1406 4978 1588 5022 autem
1624 4982 1791 5020 causa
1822 4980 1928 5019 non
1955 4972 2124 5026 caret,
2154 4961 2343 5015 immo-

792 5068 898 5121 bile
929 5080 1037 5118 non
1061 5072 1167 5125 εει,
1191 5062 1345 5130 quod
1385 5074 1515 5113 vero
1547 5056 1822 5112 immobile
1861 5070 1970 5108 non
2005 5062 2108 5115 est,
2163 5066 2346 5105 move—

794 5169 881 5211 tur
946 5171 1009 5209 ea
1054 5168 1283 5223 prorsus
1340 5167 1525 5213 causa;
1579 5164 1698 5217 quae
1751 5157 1901 5199 motu
1935 5142 2168 5198 naturali
2238 5140 2348 5194 ﬁta

791 5262 954 5301 (ausa
1042 5252 1266 5312 propter
1335 5255 1517 5309 quam,
1577 5249 1633 5291 et
1705 5235 1769 5289 ad
1856 5249 2016 5302 quam
2102 5238 2354 5283 movetur

796 5336 1090 5405 (siquidem
1162 5348 1352 5387 eorum
1405 5344 1524 5397 qum
1582 5334 1868 5380 moventur
1938 5323 2072 5375 nihil
2130 5320 2353 5374 omnino

795 5429 867 5479 ita
931 5435 1301 5493 comparatum
1358 5431 1462 5479 est.
1527 5427 1585 5472 ut
1637 5419 1751 5472 sine
1808 5431 1970 5471 causa
2023 5410 2347 5478 moveatur).

796 5516 981 5571 Omnis
1062 5524 1240 5569 autem
1294 5512 1559 5567 naturalis
1610 5520 1789 5563 motus
1844 5504 2201 5576 principium,
2257 5518 2351 5556 eo-

871 5651 936 5680 ”‘
982 5652 1124 5705 Eccl.
1164 5665 1257 5701 vlt.
1344 5647 1388 5676 ’⁸
1430 5644 1573 5698 Evcl.
1612 5659 1645 5694 ι.

873 5792 982 5861 ιιι)
1014 5790 1143 5845 Vide
1176 5785 1654 5841 Pait'uiwli't'.lum.
1697 5776 1903 5841 XXXV,
1942 5774 2043 5827 col.
2079 5771 2200 5825 ibi.

2447 4688 2689 4752 adduxit,
2716 4687 2903 4739 limum
2938 4682 3174 4752 Spiritui,
3203 4694 3297 4733 seu
3330 4679 3469 4731 caelo
3528 4685 3725 4727 terram
3772 4671 4004 4723 commi-

2444 4780 2613 4839 scuit,
2639 4774 2839 4829 animal
2872 4774 3107 4841 denique
3132 4767 3344 4822 visibile
3366 4773 3420 4817 et
3452 4760 3741 4820 invisibile,
3774 4757 4007 4809 mortale

2445 4878 2500 4925 et
2532 4866 2856 4926 immortale,
2922 4872 3199 4916 terrenum
3255 4866 3310 4910 et
3365 4856 3588 4908 etelcste
3652 4846 4006 4915 composuit?

2449 4958 2705 5028 quodque
2733 4955 2869 5007 adeo
2887 4954 3057 5006 Deum
3087 4950 3402 5017 attingeret,
3430 4958 3529 4997 nec
3553 4940 4001 5008 amplecteretur,

2452 5027 2785 5117 propiusque
2817 5045 2884 5097 ad
2910 5057 3034 5096 eum
3086 5037 3392 5097 accederet,
3448 5032 3637 5102 procul
3699 5040 3877 5080 tamen
3936 5027 4003 5077 ab

2459 5139 2650 5192 eodem
2667 5132 3082 5204 sejungeretur?
3108 5128 3222 5183 Dixi
3247 5146 3260 5180 :
3288 5125 3506 5193 Sapiens
3543 5121 3783 5177 evadant,
3826 5117 4005 5182 inquit

2453 5230 2730 5289 Salomon,
2764 5236 2810 5277 et
2851 5227 2961 5308 ipsa
2985 5221 3164 5291 procul
3196 5238 3224 5271 a
3246 5234 3323 5270 me
3353 5215 3577 5275 recessit,
3631 5222 3788 5278 atque
3844 5211 4004 5259 etiam

2460 5319 2664 5385 longius
2697 5332 2854 5384 quant
2893 5299 3045 5365 unica
3075 5312 3164 5363 "'.
3188 5308 3399 5373 Quibus
3434 5304 3614 5356 verbis
3682 5299 4004 5366 sapientum

2454 5410 2729 5477 intelligit.
2771 5408 2927 5474 Isque
2962 5421 3017 5457 re
3060 5419 3207 5461 vera.
3242 5402 3329 5469 qui
3355 5398 3627 5450 scientiam
3673 5393 3877 5459 adjicit,
3916 5391 4010 5440 ud-

2451 5501 2562 5569 jicit
2599 5509 2644 5551 et
2672 5498 2987 5551 dolorem".
3025 5495 3101 5549 Ita
3126 5503 3185 5549 ut
3213 5507 3322 5547 non
3364 5488 3533 5557 magis
3563 5485 3889 5545 obluctetur,
3912 5479 4005 5550 qui
