4274 6382
310 320 449 385 1145

1556 318 1945 381 THESAURI
1993 322 2141 383 LIB.
2184 321 2269 382 ll.

3393 324 3489 382 lit

300 449 424 489 eam
462 431 683 502 delegit,
716 446 879 502 quam
916 432 1304 503 contristetur,
1372 435 1467 505 qui
1506 436 1872 505 praetermisit.
1900 434 1948 493 Α
1976 437 2044 490 Et
2074 436 2347 504 Seraphth
2375 437 2588 490 stabant
2629 438 2681 489 in
2708 436 2925 489 circuitu
2958 439 3093 503 ejus.
3128 450 3218 489 sea:
3245 435 3344 489 ala
3413 441 3525 499 uni,

297 526 459 592 Quod
486 525 705 594 quidem
759 526 825 579 iis
882 526 1177 580 usuveuire
1229 526 1387 590 solet,
1418 527 1622 595 quibus
1680 527 1861 582 adhuc

300 619 619 673 sitientibus
652 618 891 688 scyphus
919 632 949 671 e
968 619 1223 673 manibus
1246 626 1493 673 extortus
1515 627 1600 673 est
1624 634 1637 670 :
1666 619 1749 672 vel
1770 619 1858 680 iis.

300 713 397 780 qui
433 712 681 781 quamvis
714 711 997 769 continere
1052 711 1183 780 quid
1212 720 1507 780 nequeant,
1572 725 1632 764 se
1678 718 1859 764 tamen

301 802 510 856 habere
558 802 935 856 arbitrantur:
993 814 1089 855 aut
1131 816 1271 870 quos
1329 800 1572 871 fulgetra:
1601 800 1859 869 splendor

296 892 561 956 deseruit,
593 908 715 947 cum
744 893 978 961 primum
1010 891 1234 947 aﬂulsit.
1265 891 1389 947 Haac
1412 906 1499 945 me
1530 891 1855 959 cogitantem

300 985 443 1038 ratio
478 984 708 1047 dimisit,
747 983 1215 1053 abjectioremque
1243 982 1499 1047 reddidit,
1541 992 1702 1052 atque
1726 984 1858 1036 ell'e-

299 1075 397 1135 cit.
439 1082 499 1126 ut
532 1073 662 1125 mihi
693 1072 1098 1141 persuaderem,
1164 1089 1372 1129 trecum
1432 1074 1627 1127 melius
1675 1082 1853 1127 actum

297 1162 390 1222 iri,
426 1161 467 1215 si
494 1175 677 1215 vocem
709 1161 1041 1214 laudationis
1077 1162 1315 1226 audiam,
1373 1178 1535 1231 quam
1571 1164 1616 1217 si
1664 1179 1853 1217 eorum

294 1267 384 1306 me
414 1252 693 1306 doctorem
722 1252 999 1320 proﬁtear,
1023 1267 1143 1321 qua:
1161 1254 1305 1307 vires
1330 1268 1480 1307 meas
1505 1262 1852 1321 exsuperant.

292 1343 567 1412 Maiestas,
602 1342 852 1406 altitudo,
880 1342 1135 1411 dignitas,
1201 1358 1350 1411 pura:
1399 1342 1633 1411 denique
1694 1346 1857 1397 coele-

292 1444 519 1503 stesque
552 1442 759 1488 natura:
781 1434 869 1486 vix
903 1432 1242 1487 claritudinis
1270 1433 1360 1486 Dei
1413 1448 1639 1502 capaces
1703 1443 1851 1499 sunt,

290 1529 386 1596 qui
448 1528 642 1597 abysso
694 1526 1023 1595 contegitur,
1082 1524 1542 1592 tenebrarumque
1609 1524 1852 1579 latibulis

287 1618 561 1673 delitescit
590 1655 605 1678 .
634 1631 757 1669 cum
805 1615 1158 1683 purissimum
1200 1613 1269 1666 sit
1296 1615 1503 1677 lumen,
1552 1615 1851 1683 majorique

288 1709 571 1763 hominum
600 1706 1120 1775 partiinaecessum.
1149 1704 1425 1772 Siquidem
1448 1713 1504 1759 et
1534 1706 1656 1758 huic
1671 1720 1846 1757 rerum

285 1798 644 1852 universitate
664 1797 830 1859 inest.
852 1805 906 1848 et
935 1804 1089 1849 extra
1103 1810 1287 1848 rerum
1322 1795 1733 1848 universitatem
1749 1810 1844 1847 ex-

283 1891 593 1956 currit.Qui
619 1888 835 1943 bonitas
850 1895 935 1941 est
967 1886 1246 1950 universa,
1268 1885 1375 1940 imo
1396 1887 1599 1939 nullam
1623 1902 1729 1938 non
1749 1887 1845 1939 bo-

283 1986 510 2039 nitatem
532 1992 838 2049 exsuperat.
871 1979 974 2045 Qui
1006 1978 1173 2030 menti
1205 1978 1385 2030 lumen
1417 1980 1816 2044 suggerit.men

288 2076 469 2143 tisque
511 2074 848 2127 velocitatem
876 2080 931 2124 et
961 2069 1349 2124 sublimitatem
1387 2068 1596 2137 eﬂ'ugit,
1632 2077 1840 2124 tantum

283 2180 500 2234 semper
533 2163 815 2225 secedens,
866 2169 1125 2230 quantum
1146 2158 1649 2229 comprehenditur,
1681 2170 1842 2228 atque

286 2268 581 2316 amatorem
605 2255 675 2312 ad
702 2256 995 2325 superiora.
1032 2253 1288 2323 fugiendo
1318 2252 1628 2314 sublevans,
1676 2266 1842 2322 seque

283 2353 462 2423 ipsum
487 2351 638 2421 quasi
664 2349 849 2404 furtim
876 2345 1230 2401 subducendo
1266 2343 1752 2412 comprehendens.

912 2459 1061 2513 CAP.
1080 2456 1219 2511 XIX.

284 2558 654 2628 Chrysostomi.
698 2569 760 2607 ea:
781 2553 949 2628 ‘libr‘o,
983 2549 1055 2602 De
1085 2564 1143 2600 eo
1181 2548 1705 2628 quodromprehendi
1735 2567 1838 2628 non

355 2618 536 2695 potest.
573 2625 657 2693 [Si
676 2618 1337 2695 sapientiaicompt'eltendi
1392 2627 1636 2687 nequeat,
1670 2619 1837 2673 multo

352 2690 523 2749 minus
555 2690 752 2748 natura
793 2690 1029 2763 poterit.]

354 2807 632 2867 Mirabilis,
673 2804 867 2874 inquit,
926 2806 1065 2874 facta
1107 2813 1181 2858 est
1201 2806 1416 2858 scientia
1470 2814 1560 2856 tua
1627 2818 1689 2855 ex
1734 2818 1833 2865 me,

282 2899 519 2955 exaltata
554 2908 648 2958 est,
676 2904 724 2949 et
760 2912 861 2948 non
892 2907 1071 2966 potero
1099 2895 1167 2949 ad
1204 2913 1318 2948 eam
1354 2896 1420 2945 ⁸⁷.
1495 2896 1567 2947 Ea
1628 2904 1711 2947 est
1758 2909 1837 2947 sa-

284 2992 501 3060 pientiae
528 2988 725 3042 divinae.
780 2986 1140 3055 profunditas,
1210 2993 1268 3037 ut
1301 2986 1351 3037 in
1386 3000 1448 3038 ea
1484 2984 1834 3053 exprimenda

1878 1767 1921 1821 Β

280 3082 553 3150 Propheta
578 3078 844 3147 vertigine
864 3076 1096 3145 quadam
1119 3076 1369 3129 laborare
1389 3074 1659 3129 videatur.
1704 3073 1836 3139 Quis
1862 3107 1905 3165 ο

280 3188 368 3233 eo,
402 3168 949 3240 quaeso.temeritatis
1010 3167 1300 3236 prolapsus
1346 3175 1450 3229 est,
1483 3175 1542 3219 ut
1586 3175 1834 3219 naturam

284 3263 375 3316 Dei
416 3262 519 3315 sibi
581 3259 848 3329 cognitam
897 3268 954 3313 et
998 3266 1336 3325 perspectam
1394 3257 1573 3310 dicere
1617 3256 1836 3321 audeat,

280 3352 515 3408 dicentis
555 3369 568 3404 :
611 3351 816 3405 Incerta
851 3357 901 3401 et
924 3348 1123 3401 occulta
1168 3347 1439 3414 sapientia:
1487 3357 1591 3400 tua:
1617 3346 1840 3412 manife-

277 3444 426 3497 διαδιί
461 3442 584 3494 mihi
609 3440 723 3492 ’νγ
757 3440 1058 3493 clamantis.
1106 3436 1389 3505 Sapientia:
1440 3439 1552 3507 ejus
1605 3454 1709 3490 non
1763 3446 1837 3489 est

282 3549 526 3587 numerus
558 3532 628 3595 ",
658 3546 753 3585 seu
788 3527 1253 3599 comprehensio?
1283 3536 1335 3581 et
1359 3529 1412 3582 in
1458 3536 1663 3580 tantam
1713 3528 1838 3595 quis

280 3623 564 3677 audaciam
606 3627 940 3688 prorumpat,
970 3627 1030 3670 ut
1061 3619 1129 3672 de
1177 3624 1394 3679 natura,
1450 3633 1570 3685 qua:
1605 3633 1635 3670 a
1685 3617 1835 3669 nullo

284 3711 669 3780 comprehendi
721 3717 919 3778 potest,
951 3708 1244 3777 quidquam
1292 3707 1558 3761 allii-mare
1602 3706 1837 3759 audeat?

276 3801 415 3868 Quid
450 3799 573 3854 ais?
604 3798 815 3853 Fieriue
841 3799 1062 3865 poterit,
1117 3803 1177 3848 ut
1228 3808 1350 3848 cum
1416 3793 1511 3846 Dei
1565 3793 1834 3861 sapientia

282 3887 669 3959 comprehendi
700 3902 807 3942 non
838 3884 1027 3955 possit,
1080 3882 1323 3952 ejusdem
1354 3890 1550 3937 natura
1586 3897 1835 3953 compre-

279 3982 595 4037 hendatur?
632 3980 878 4049 Maiestas
905 3979 1022 4047 ejus
1051 3976 1264 4030 inﬁnita
1299 3986 1401 4040 est,
1429 3985 1486 4029 et
1542 3976 1832 4030 essentiam

280 4076 397 4143 ejus
425 4071 841 4127 circumscribes
867 4070 889 4123 ’ἒ
916 4070 1020 4123 hoc
1048 4078 1196 4122 certe
1254 4066 1397 4122 l‘acto
1433 4076 1637 4122 certam
1690 4067 1835 4121 insa-

281 4165 422 4219 niam
444 4172 590 4217 tuam
610 4160 817 4230 prodis.

344 4254 398 4307 2.
452 4251 730 4320 Ejusdem.
784 4248 976 4317 Angeli
1041 4254 1251 4302 tantum
1320 4247 1645 4318 gloriﬁcant.
1712 4247 1827 4314 alii,

278 4342 454 4397 Gloria
487 4343 541 4394 in
582 4338 796 4394 excelsis
832 4338 939 4390 Deo
954 4339 1021 4404 ",
1071 4336 1354 4393 dicentes:
1403 4339 1517 4403 alii,
1555 4339 1831 4394 Benedicta

1966 542 2013 585 et
2032 548 2123 585 sea:
2154 531 2256 584 ala'
2288 530 2466 585 alteri.
2504 530 2741 594 Quarum
2782 530 2979 582 duabus
3017 530 3176 597 facies
3211 528 3335 582 suas
3393 539 3529 597 tege-

1958 623 2105 686 bant,
2130 632 2177 675 et
2198 623 2397 675 duabus
2420 624 2571 691 pedes
2606 639 2623 674 .'
2642 620 2843 674 duabus
2866 622 3087 688 denique
3144 621 3419 679 volabant.
3477 628 3527 673 et

1956 712 2094 764 inter
2132 729 2187 765 se
2213 712 2537 773 clamabant.
2568 692 2810 774 Sanctus,
2853 708 3101 769 Sanctus.
3142 710 3395 772 Sanctus,
3422 711 3529 763 Do-

1958 803 2127 854 minus
2151 801 2381 856 Sabaoth
2413 801 2479 854 ³¹.
2504 801 2789 868 Seraphim
2823 800 3014 852 oculos
3052 808 3323 861 avertunt,
3346 810 3400 854 et
3425 801 3525 855 du-

1957 892 2115 961 plicis
2152 892 2295 946 muri
2332 892 2454 946 loco
2506 892 2619 946 alas
2662 893 3006 961 pratendunt
3038 907 3052 945 :
3081 892 3209 960 quia
3261 893 3518 947 nimirum

1956 981 2301 1049 splendorem
2323 982 2475 1035 illum
2508 981 2654 1035 ferre
2682 996 2787 1034 non
2816 990 3065 1049 possunt,
3120 981 3214 1049 qui
3263 996 3331 1035 ex
3395 981 3517 1035 solii

1955 1071 2145 1139 gloria,
2187 1071 2269 1123 vel
2297 1071 2361 1123 ad
2393 1081 2658 1124 terrorem
2693 1085 2887 1138 usque,
2911 1071 3168 1126 diradiat.
3212 1073 3386 1139 Atque
3424 1086 3520 1139 pe-

1955 1163 2050 1217 des
2100 1164 2385 1233 obtegunt.
2441 1179 2551 1231 pra:
2611 1173 2856 1231 stupore.
2903 1163 2978 1216 Ita
3024 1166 3169 1217 enim
3203 1173 3395 1218 natura
3420 1181 3520 1219 nos

1951 1270 2166 1325 quoque
2194 1257 2491 1324 comparati
2524 1271 2731 1315 sumus,
2765 1258 2809 1310 si
2843 1257 3061 1325 quando
3110 1272 3211 1311 nos
3240 1260 3519 1313 maximus

1952 1348 2153 1416 aliquis
2179 1356 2391 1416 stupor,
2422 1359 2521 1402 aut
2572 1348 2866 1403 admiratio
2916 1349 3159 1413 invadat,
3212 1358 3271 1401 ut
3318 1364 3519 1418 corpus

1953 1439 2197 1508 undique
2221 1440 2633 1494 contrahamus.
2665 1440 2784 1505 Quo
2811 1441 3033 1510 quidem
3098 1442 3361 1509 temporis
3402 1457 3520 1495 mo-

1954 1541 2142 1584 mento
2179 1530 2359 1584 anima
2388 1532 2609 1598 quoque
2640 1530 2788 1591 idem
2838 1547 3118 1599 perpessa,
3158 1542 3213 1586 et
3271 1533 3339 1586 ab
3394 1534 3518 1588 aliis

1950 1637 2071 1688 qua:
2115 1621 2459 1675 extrinsecus
2487 1629 2543 1675 et
2570 1620 2622 1674 in
2660 1628 2784 1675 cute
2815 1630 3078 1689 apparent
3103 1623 3340 1676 actiones
3388 1638 3515 1677 suas

1951 1712 2302 1777 contrahens,
2337 1712 2402 1766 ad
2428 1712 2689 1766 interiora
2718 1713 2988 1781 confugit.
3016 1714 3245 1783 ipsoque
3286 1726 3514 1779 corpore

1953 1820 2061 1857 non
2086 1819 2247 1859 secus
2284 1814 2449 1874 atque
2507 1805 2917 1874 prOpugnaculo
2974 1807 3212 1874 quodam
3272 1806 3513 1860 circum-

1951 1895 2217 1949 munitur.
2247 1895 2365 1949 lam
2397 1904 2635 1967 quax-um
2663 1896 2878 1951 alarurn
2908 1910 3064 1949 usum
3103 1895 3268 1957 nosti.
3301 1907 3513 1949 czeterte

1949 1986 2080 2053 quid
2099 1986 2212 2042 sibi
2232 1989 2418 2053 velint,
2442 1991 2626 2056 accipe
2667 2006 2680 2042 :
2718 1988 2954 2046 Duabus,
3010 1987 3208 2053 inquit,
3242 1986 3511 2039 volabant.

1948 2078 2064 2134 lloc
2095 2081 2297 2135 iudicio
2318 2081 2384 2135 ad
2416 2081 2671 2135 sublimia
2706 2095 2923 2148 semper
2949 2078 3217 2148 a'Spirare,
3241 2093 3343 2133 nec
3411 2095 3514 2133 un-

1949 2188 2112 2241 quam
2145 2173 2398 2227 deorsum
2427 2174 2613 2227 oculos
2639 2173 2931 2226 deﬂectere
2988 2180 3221 2225 constat.
3288 2171 3511 2226 Alarum

1947 2266 2094 2321 enim
2131 2266 2415 2319 involucro
2438 2266 2698 2335 angelica:
2729 2272 2941 2318 natura:
2968 2263 3277 2318 sublimitas
3299 2273 3354 2318 et
3418 2278 3511 2317 ve-

1946 2355 2142 2410 locitas
2172 2355 2557 2425 designantur.
2586 2354 2684 2407 Est
2743 2354 3007 2407 veroalia
3068 2368 3288 2421 quoque
3346 2355 3505 2406 ratio.

1946 2445 2104 2510 Quod
2142 2446 2288 2499 enim
2319 2444 2421 2497 alis
2440 2443 2652 2497 duabus
2671 2450 2856 2510 caput,
2888 2442 3203 2509 duabusque
3218 2441 3381 2508 pedes
3412 2440 3510 2494 ob-

1947 2537 2321 2605 tegebant._eo
2352 2534 2684 2603 principium
2741 2542 2796 2586 et
2857 2533 3019 2585 linem
3078 2532 3282 2585 nullius
3332 2531 3507 2585 oculis

1947 2636 2155 2697 patere.
2187 2625 2444 2692 nullaque
2474 2623 2856 2691 disquisitione
2888 2622 3127 2689 indagari
3155 2636 3312 2689 posse
3334 2621 3505 2689 signi-

1945 2718 2199 2771 ﬁcabant.
2231 2714 2401 2768 Media
2414 2730 2533 2766 rum
2557 2728 2719 2783 porro
2745 2713 2950 2765 alarum
2977 2711 3204 2778 remigio
3227 2710 3505 2776 volabant,

1945 2812 2121 2865 uthoc
2159 2809 2361 2863 iudicio
2395 2808 2461 2861 de
2485 2807 2648 2861 rebus
2674 2806 2868 2860 mediis
2892 2800 3317 2873 disputationem
3344 2804 3503 2858 theo-

1944 2902 2172 2970 logicum
2239 2899 2680 2953 ineundamesse
2744 2896 3311 2958 docerent,nimirum
3355 2894 3501 2961 quod

1943 2992 2087 3046 Deus
2111 2993 2203 3053 sit,
2234 2990 2383 3059 quod
2411 2990 2647 3055 sapiens,
2682 2988 2824 3054 quod
2857 2987 3226 3053 omnipotens,
3289 2995 3345 3037 et
3393 3000 3500 3038 caa-

1942 3092 2055 3136 tera
2086 3082 2136 3135 id
2162 3097 2350 3147 genus.
2385 3081 2450 3134 Et
2486 3078 2788 3132 clamabant
2818 3078 2953 3129 inter
2971 3093 3061 3129 se:
3092 3077 3339 3137 Sanctus,
3360 3075 3501 3129 San-

1939 3182 2071 3233 ctus.
2103 3172 2353 3232 Sanctus,
2385 3171 2631 3223 Dominus
2655 3168 2905 3221 Sabaoth.
2942 3166 3055 3220 Hoc
3082 3167 3267 3233 utique
3325 3165 3499 3218 admi-

1939 3265 2170 3317 rationis
2222 3263 2526 3332 symbolum
2590 3269 2712 3319 est.
2774 3257 3077 3326 praesertim
3143 3272 3268 3309 cum
3321 3271 3497 3324 neque

1940 3356 2123 3407 lumen
2181 3354 2380 3421 ipsum,
2443 3365 2620 3418 neque
2685 3348 2957 3402 divinam"
3014 3355 3265 3399 naturam
3320 3346 3497 3398 intue-

1938 3454 2148 3496 rentur.
2210 3440 2314 3493 Sed
2375 3454 2440 3492 eo
2495 3439 2584 3492 illa
2632 3451 2752 3505 qua:
2813 3434 3161 3497 videbantur,
3205 3448 3263 3487 se
3302 3433 3497 3486 demit-

1939 3535 2164 3587 tebant:
2198 3547 2297 3584 nec
2328 3540 2508 3583 tamen
2546 3530 2761 3581 illorum
2794 3542 2917 3595 qua:
2948 3540 3015 3579 eo
3048 3540 3104 3579 se
3135 3525 3498 3578 demittebant

1932 3625 2159 3691 gloriam
2188 3622 2329 3676 ferre
2356 3629 2631 3689 poterant.
2687 3619 2764 3671 Eo
2818 3617 3045 3671 euimse
3111 3616 3494 3677 demittebant.

1934 3714 2079 3782 quod
2112 3714 2164 3765 in
2201 3728 2295 3765 sua
2337 3720 2533 3764 natura
2563 3724 2669 3761 non
2696 3708 3035 3768 viderentur,
3099 3706 3192 3759 sed
3246 3722 3347 3773 pro
3405 3720 3494 3760 re-

1935 3802 2289 3875 apicientium
2321 3800 2708 3859 imbecillitatis
2738 3798 2958 3854 modulo
2998 3797 3081 3852 sui
3105 3796 3494 3851 manifestatio-

1933 3911 2056 3949 nem
2077 3896 2487 3949 dimetirentur.
2541 3893 2710 3946 Porro
2758 3890 2903 3959 quod
2936 3904 3002 3942 co
3034 3903 3093 3942 se
3144 3888 3487 3948 demiserint,

1933 3988 2016 4041 vel
2043 4002 2109 4041 ex
2131 3987 2263 4056 ipsis
2288 3986 2587 4054 Scriptura:
2618 3983 2800 4035 verbis
2832 3982 3183 4049 perspicuum
3205 3988 3324 4033 est:
3373 3977 3487 4030 Vidi

1931 4078 2100 4141 enim,
2134 4078 2229 4140 ait,
2267 4077 2563 4128 Dominum.
2594 4073 2659 4127 At
2689 4088 2820 4125 vero
2849 4071 3010 4123 Deum
3048 4086 3198 4123 nemo
3238 4069 3364 4122 vidit
3394 4085 3494 4120 un-

1931 4184 2112 4238 quam,
2140 4167 2233 4235 qui
2256 4166 2451 4227 forma,
2473 4165 2564 4233 qui
2595 4164 2918 4232 quantitate.
2943 4163 3035 4229 qui
3062 4161 3297 4228 denique
3320 4160 3497 4228 quali-

1935 4267 2041 4313 tate
2067 4264 2267 4311 careat.
2291 4254 2423 4319 Quis
2445 4255 2545 4305 hoc
2564 4252 2679 4305 ait?
2710 4251 3136 4319 Unigenitus,qui
3156 4252 3293 4301 sedet
3310 4248 3361 4299 in
3375 4249 3495 4301 sinu

1934 4348 2131 4409 Patris,
2164 4346 2272 4414 ipse
2300 4344 2567 4396 enarravit
2596 4341 2660 4391 ³³.
2688 4339 2892 4393 Deinde
2921 4337 3171 4407 subjicit:
3198 4336 3491 4389 Sedentem.

276 4433 442 4503 gloria
474 4433 586 4501 ejus
616 4447 679 4485 ea:
707 4431 817 4483 loco
844 4438 1025 4484 sancto
1050 4433 1161 4499 ejus
1186 4433 1251 4495 ³⁸,
1288 4431 1341 4485 id
1365 4440 1468 4496 est,
1516 4432 1830 4501 ubicunque
1864 4429 1906 4483 Ι)
1936 4441 2003 4492 At
2030 4453 2158 4491 vero
2187 4438 2329 4489 Deus
2356 4448 2537 4501 neque
2593 4431 2768 4494 sedet,
2827 4443 3007 4495 neque
3064 4436 3189 4480 stat.
3222 4424 3285 4478 Hi
3344 4425 3492 4479 enim

278 4524 345 4578 sit
373 4523 463 4576 ille
489 4539 502 4574 :
536 4536 714 4590 neque
743 4520 887 4574 enim
913 4520 1022 4573 Deo
1050 4521 1202 4575 locus
1225 4522 1554 4590 assignatur,
1595 4539 1718 4577 cum
1743 4524 1830 4577 di-

276 4614 474 4667 vinitas
520 4611 899 4666 circumscribi
963 4626 1072 4664 non
1131 4612 1301 4678 possit
1344 4627 1359 4662 :
1401 4612 1536 4674 alii.
1585 4612 1829 4678 Sanctus,

276 4702 516 4762 Sanctus,
547 4700 791 4764 Sanctus,
820 4697 1072 4751 Dominus
1097 4696 1327 4751 Sabaoth
1350 4699 1421 4751 “.
1453 4697 1831 4754 Homines.au-

277 4803 382 4847 tem
408 4793 461 4844 in
497 4790 643 4844 illius
674 4799 868 4843 natura
897 4789 1306 4858 pervestiganda
1339 4789 1464 4858 plus
1490 4804 1646 4858 :equo
1673 4791 1829 4845 solli-

276 4881 365 4935 citi
400 4887 546 4934 sunt.
607 4878 854 4944 Quantus
910 4879 1027 4947 ejus
1071 4877 1231 4931 timor
1262 4892 1453 4946 supra,
1486 4888 1670 4932 tantus
1694 4880 1829 4933 intra

280 4979 623 5039 contemptus
636 4982 740 5033 est,
768 4984 939 5037 usque
955 4968 1090 5021 adeo
1108 4968 1185 5022 illi
1214 4983 1407 5036 magna
1431 4986 1556 5024 cum
1573 4971 1835 5041 religione

281 5063 629 5124 benedicunt,
685 5062 739 5114 hi
767 5061 1056 5115 temeraria
1092 5059 1417 5115 curiositate
1442 5062 1713 5116 laborant.

344 5159 396 5211 3.
425 5153 700 5221 Ejusdem.
740 5152 859 5205 Alio
898 5152 1013 5205 loco
1047 5151 1214 5205 Isaias
1242 5153 1445 5222 inquit,
1480 5153 1600 5207 Vidi
1658 5155 1837 5208 Domi-

281 5264 399 5301 num
433 5247 693 5300 sedentem
721 5246 774 5297 in
799 5242 928 5295 solio
953 5242 1062 5295 alto
1094 5252 1251 5310 atque
1277 5244 1499 5309 excelso,
1554 5261 1621 5300 eo
1671 5248 1835 5300 nimi-

281 5353 399 5392 rum
427 5337 524 5406 qui
555 5335 948 5405 comprehendi
974 5348 1082 5386 non
1121 5344 1325 5405 potest.
1359 5335 1496 5389 Cum
1557 5352 1689 5407 ergo
1744 5353 1833 5392 so-

282 5430 404 5483 lium
438 5428 793 5482 Deihumana
819 5432 1002 5478 mente
1066 5426 1357 5480 sublimius
1413 5428 1505 5487 sit,
1556 5428 1649 5496 qui
1716 5428 1833 5484 ﬁeri

280 5529 474 5591 potest,
506 5528 565 5573 ut
593 5519 637 5573 is
672 5517 1196 5586 comprehendatur,
1254 5519 1347 5587 qui
1411 5519 1549 5572 solio
1595 5522 1836 5576 insidet?

344 5636 386 5666 "
419 5634 559 5688 Psal.
599 5648 781 5687 xxxiii.
858 5632 921 5661 ’⁷⁸
962 5632 1098 5685 Psal.
1144 5649 1193 5694 1..
1241 5633 1293 5687 8.

403 5641 561 5712 “Dsal.
599 5648 781 5687 xxxut.
962 5641 1098 5685 t’sal.
1144 5649 1193 5694 1..
1372 5642 1413 5671 “
1456 5641 1591 5697 Paul,
1643 5659 1815 5709 cum,

279 5704 475 5759 "lhid.
547 5704 564 5756 l
628 5720 777 5770 scoq.
858 5701 900 5730 ³³
948 5707 1102 5757 loau.
1162 5719 1196 5767 t,
1236 5703 1318 5756 18.

1861 5644 1909 5697 Ti.

1934 4529 2155 4582 habitus
2199 4525 2523 4593 corporibus
2559 4528 2897 4589 competunt.
2925 4518 3063 4571 Tum
3090 4516 3393 4571 subinlert:
3427 4514 3493 4567 In

1933 4618 2067 4671 solio
2100 4656 2113 4678 ,
2142 4626 2196 4669 at
2225 4616 2364 4669 solio
2423 4616 2562 4667 Deus
2620 4625 2962 4680 nequaquam
3018 4606 3489 4662 circumcluditur.

1934 4710 2037 4774 Qui
2063 4708 2208 4763 enim
2245 4707 2349 4759 hoc
2389 4704 2502 4767 liat,
2545 4718 2668 4757 cum
2702 4699 3087 4755 circumscribi
3130 4713 3239 4751 non
3273 4694 3492 4762 possit?

1933 4799 2050 4851 iam
2082 4812 2203 4850 cum
2228 4793 2519 4861 Seraphin.
2556 4808 2676 4861 quis
2704 4793 2872 4844 Deum
2901 4788 3105 4857 ingenti
3162 4801 3361 4841 corona
3389 4785 3494 4837 cir-

1938 4896 2215 4943 cumstant
2297 4885 2465 4957 (quod
2531 4882 2750 4951 quidem
2802 4897 2912 4934 non
2967 4881 3145 4933 locum
3198 4877 3489 4947 signiﬁcat,

1934 4982 2029 5035 sed
2060 4977 2328 5047 singulare
2357 4975 2544 5030 nescio
2573 4974 2702 5043 quid
2755 4972 2898 5041 quod
2930 4986 2958 5022 a
2996 4968 3232 5038 puritate
3298 4982 3494 5020 conse-

1935 5068 2225 5139 quuntur),
2255 5082 2378 5121 cum
2408 5066 2701 5134 Seraphin,
2736 5064 2976 5129 inquam,
3005 5074 3073 5113 ne
3124 5058 3218 5110 Dei
3269 5057 3489 5126 quidem

1936 5179 2003 5217 eo
2034 5177 2091 5215 se
2117 5158 2459 5214 demittentis
2482 5157 2704 5225 gloriam
2754 5151 2981 5207 intentis
3028 5148 3203 5201 oculis
3275 5145 3491 5199 obtueri

1937 5254 2188 5306 valeant:
2231 5248 2505 5310 homines,
2537 5246 2767 5307 scilicet,
2819 5241 3072 5296 essentia:
3106 5237 3223 5301 ejus
3261 5236 3489 5305 gloriam

1941 5344 2076 5397 nulli
2109 5340 2347 5411 perviam
2380 5337 2606 5392 intentis
2631 5335 2809 5389 oculis
2874 5329 3087 5386 obtueri
3128 5325 3491 5382 contendunt.

1938 5434 2172 5489 Tametsi
2198 5442 2348 5487 tanto
2374 5431 2441 5484 ab
2468 5430 2572 5483 illis
2598 5425 2892 5481 interstitio
2914 5424 3251 5481 dillcramus,
3287 5424 3492 5486 quanto

1940 5540 2116 5580 czecus
2145 5523 2212 5576 ab
2244 5538 2311 5577 eo
2339 5521 2431 5591 qui
2463 5516 2681 5572 videndi
2712 5531 2875 5569 sensu
2899 5512 3158 5583 praeditus
3177 5519 3259 5563 est

1990 5646 2030 5675 ²⁹¹
2067 5645 2194 5698 Luc.
2229 5659 2286 5706 tt,
2319 5641 2399 5695 iri.
2481 5640 2524 5669 ³ο
2560 5638 2754 5693 Εῑυςιι.
2795 5652 2876 5702 tu,
2926 5634 3005 5687 l2.
3085 5633 3123 5663 "
3157 5630 3258 5684 lsa.
3312 5645 3383 5693 γι,
3432 5630 3487 5684 3.
