4274 6382
828 365 958 430 1147
2057 385 2349 448 NlCETdi
2387 389 2516 448 (ΖΗΕ

2389 389 2793 452 ΕΗΟΝΙΑΤΕ
3919 407 4077 470 1148

893 480 946 530 4.
978 477 1252 546 Ejusdem.
1283 479 1416 534 Cum
1443 482 1628 538 Daniel
1661 487 1773 554 ipse
1808 491 2072 559 prepheta
2106 495 2282 563 angeli
2308 511 2374 549 eo
2407 512 2446 563 Α
2479 515 2704 567 prorsus
2723 513 3031 572 expersest.
3060 506 3283 576 Πνεῦμα
3313 524 3499 578 porro,
3543 512 3645 568 hoc
3667 524 3750 570 est
3791 516 4072 586 Spiritus.

817 584 881 622 se
921 569 1262 624 demittentis
1294 583 1574 639 aspectmn
1603 592 1710 630 non
1739 581 1881 643 tulit,
1922 582 2014 635 sed
2048 586 2274 638 remissa
2302 602 2383 638 In-

823 664 1066 714 teutione
1097 662 1148 713 in
1189 662 1378 716 faciem
1413 667 1612 719 Ct'Cidil
1642 685 1654 719 :
1691 669 1754 720 Et
1791 687 1892 723 non
1919 685 2170 727 remansit
2216 680 2269 727 in
2304 694 2384 729 me

819 753 1090 816 fortitudo,
1129 752 1304 820 inquit
1347 772 1360 819 ;
1392 758 1481 808 sed
1511 770 1558 809 et
1582 763 1774 826 species
1817 780 1930 816 mea
1968 767 2247 818 immutata
2307 777 2381 820 est

821 847 873 893 in
907 859 1006 904 me,
1041 856 1088 895 et
1114 849 1348 898 emarcui
1377 848 1440 912 “,
1467 849 1570 903 hoc
1598 860 1699 916 est,
1731 855 1845 908 oris
1871 859 1974 908 mei
2033 859 2381 925 pulchritudo

821 933 1000 998 periit,
1033 945 1089 986 ct
1122 935 1174 987 in
1204 939 1401 990 mortui
1429 941 1684 1008 pallorem
1723 960 1980 999 conversa
2012 959 2096 1001 est
2130 969 2142 1003 :
2177 961 2231 1004 tu
2282 954 2376 1019 qui

819 1023 1037 1076 Daniele
1058 1035 1206 1078 tanto
1241 1027 1464 1083 inferior
1489 1048 1567 1093 es,
1597 1047 1799 1100 quanto
1832 1037 1916 1089 ille
1949 1041 2157 1107 angelo,
2188 1044 2278 1110 qui
2299 1045 2376 1106 lit,

821 1125 879 1166 ut
908 1131 969 1168 os
1003 1118 1275 1179 attollere,
1309 1131 1362 1174 et
1422 1123 1488 1176 de
1521 1124 1704 1179 divina
1737 1138 1926 1182 natura
1972 1135 2246 1187 curiosius
2296 1136 2381 1188 in-

817 1209 1036 1271 quirere
1063 1211 1263 1263 audeas
1296 1213 1318 1263 Υ
1344 1214 1551 1276 Daniel,
1577 1221 1669 1283 qui
1700 1218 2006 1288 incorpore
2033 1223 2271 1278 humano
2311 1241 2376 1279 ea

817 1297 1004 1351 videre
1037 1303 1232 1366 potuit,
1261 1319 1493 1370 quorum
1521 1308 1687 1361 homo
1734 1327 1902 1380 capax
1945 1331 2057 1368 non
2105 1326 2210 1380 est,
2243 1333 2380 1371 con-

817 1388 957 1437 servi
995 1403 1061 1440 eo
1088 1405 1146 1442 se
1195 1393 1532 1448 demittentis
1560 1398 1906 1465 splendorem
1963 1419 2070 1457 non
2123 1404 2373 1459 ferebat:

813 1484 869 1525 οτι
905 1485 958 1527 tn
1001 1489 1248 1533 naturam
1307 1484 1448 1535 illam
1513 1491 1994 1556 comprehendisti,
2043 1510 2164 1561 qua:
2213 1509 2380 1564 ange-

814 1563 989 1617 iul'Ulll
1027 1569 1306 1624 innumera
1353 1574 1522 1627 millia
1569 1579 1856 1646 condidit;
1915 1598 2148 1650 quorum
2207 1588 2375 1640 unius

813 1667 1087 1724 aSpectum
1112 1676 1219 1714 non
1250 1664 1371 1716 tulit
1395 1666 1602 1730 Daniel,
1633 1680 1688 1720 ut
1707 1672 1821 1739 jam
1859 1672 2063 1727 dictum
2091 1688 2172 1729 est
2194 1677 2216 1728 ?
2240 1676 2374 1741 Quis

816 1765 926 1800 non
966 1750 1200 1804 indoleat
1231 1754 1252 1803 ?
1278 1755 1400 1822 quis
1435 1766 1640 1811 tantum
1666 1771 1945 1830 stuporem
1980 1781 2087 1819 non
2120 1766 2316 1822 deﬂeat
2350 1769 2373 1820 ?

1445 1891 1594 1946 CAP.
1626 1893 1743 1948 ΧΧ.

821 1974 1142 2055 Caice/iet‘ica
1169 1982 1414 2055 qua-de
1441 1993 1750 2055 eratemata.
1773 1989 2032 2043 Nimirum
2081 1993 2234 2055 Deus,
2273 1994 2374 2046 Pa-

889 2053 991 2125 ter,
1021 2045 1190 2125 [filius
1220 2049 1551 2130 etHSpiritus
1605 2066 1726 2119 quot
1757 2062 1920 2130 modis
1965 2063 2048 2130 in,
2079 2045 2370 2130 Scripturis

882 2116 1231 2182 accipiantur.
1263 2116 1380 2172 Una
1409 2137 1524 2172 cum
1555 2116 1735 2177 eorum
1785 2129 1987 2198 ἐτύμῳ.
2018 2129 2155 2194 Quid
2201 2116 2371 2186 'Trini-

880 2192 984 2235 tas.

883 2292 1085 2356 LQuot
1105 2294 1282 2350 modis
1309 2300 1632 2354 vocabulum
1665 2303 1806 2359 Deus
1837 2306 1888 2359 in
1923 2307 2198 2377 Scriptura
2225 2313 2373 2382 capi-

812 2382 940 2434 tur?
985 2384 1224 2451 Duobus,
1265 2389 1523 2443 nimirum
1553 2403 1745 2448 natura
1795 2407 1850 2449 et
1881 2398 2090 2453 habitu.
2169 2403 2372 2457 Natura

808 2474 1049 2540 quidem,
1093 2486 1148 2529 ut
1177 2489 1414 2548 creator,
1447 2484 1630 2538 habitu
1660 2497 1840 2541 autem
1900 2500 1955 2543 et
2003 2493 2172 2559 gratia
2201 2510 2216 2549 :
2242 2495 2372 2564 justi

807 2580 1024 2632 quoque
1064 2566 1314 2623 homines
1349 2571 1575 2626 deorum
1626 2579 1848 2631 nomine
1879 2594 2197 2636 censentur.

879 2657 933 2708 2.
973 2658 1155 2713 Dictio
1184 2662 1329 2716 Deus
1352 2666 1740 2723 snbstantiaane
1758 2681 1860 2733 est,
1893 2688 1958 2726 an
2000 2689 2270 2743 personm,
2304 2694 2372 2732 an

807 2748 1058 2810 actionis,
1097 2765 1164 2803 an
1201 2751 1406 2819 ﬁgurae,
1442 2772 1509 2808 an
1549 2773 1680 2812 vero
1735 2765 2067 2830 metaphora:
2097 2767 2119 2818 ?
2153 2768 2370 2836 Perspi-

807 2852 970 2888 cuum
1002 2848 1083 2892 est
1115 2842 1349 2896 actionis
1379 2860 1520 2907 esse,
1575 2862 1682 2914 qua
1724 2851 1944 2918 quidem
2002 2871 2153 2908 suam
2212 2859 2372 2913 nobis

809 2929 950 2982 Deus
976 2933 1336 2988 substantiam
1366 2937 1628 3005 impertit,
1666 2957 1785 3006 qum
1825 2946 2044 3011 quidem
2078 2949 2206 3015 quia
2273 2965 2369 3003 eo--

806 3024 957 3089 gnitu
995 3024 1348 3092 impossibilis
1375 3039 1478 3092 est,
1516 3045 1582 3083 eo
1633 3032 1713 3095 ﬁt,
1775 3047 1833 3087 ut
1894 3038 2165 3092 actionem
2216 3057 2368 3094 suam

806 3113 949 3166 Deus
979 3116 1090 3168 sola
1121 3120 1577 3186 contemplatione
1647 3124 1804 3176 nobis
1861 3128 2086 3193 aperiat,
2145 3129 2372 3197 ideoque

2484 592 2702 655 dicitur,
2719 596 2804 648 διὰ
2817 598 2876 648 τὸ
2892 597 2964 660 ὡς
2978 599 3150 669 νεῦμα
3166 601 3331 666 ὀξέως
3343 606 3452 656 πᾶν
3468 606 3645 658 νεύειν
3659 609 3749 661 καὶ
3763 613 4070 674 κινεῖσθαι,

2484 682 2587 736 hoc
2609 695 2712 748 est,
2747 688 2873 755 quia
2907 698 3163 759 tanquam
3195 704 3358 750 nutus
3381 711 3713 767 quocunque
3751 711 3964 754 annuat
3997 712 4064 755 et

2483 785 2788 831 moveatur.
2819 779 3030 834 Dicitur
3048 792 3230 837 autem
3267 785 3510 854 Spiritus
3529 789 3580 840 in
3609 791 3894 858 Scriptura
3914 807 4066 858 qua-

2485 876 2608 919 tuor
2634 868 2832 924 modis.
2897 869 3138 942 Spiritus
3189 886 3434 941 sanctus,
3497 879 3738 948 Spiritus
3796 884 4062 950 angelus,

2485 957 2721 1025 Spiritus
2785 971 3002 1027 ventus,
3042 966 3316 1018 interdum
3373 969 3542 1022 etiam
3596 986 3750 1024 meus
3805 971 4066 1041 Spiritus

2482 1049 2846 1115 appellatione
2876 1053 3237 1122 significatur.

2552 1137 2602 1190 6.
2634 1139 2913 1194 Trninitas
2940 1143 3072 1210 quid
3098 1146 3228 1197 est?
3268 1144 3529 1209 Trinitas,
3562 1150 3833 1216 siquidem
3887 1162 4064 1206 natu-

2481 1223 2610 1276 ralis
2636 1227 2848 1280 ordinis
2875 1229 3144 1283 rationem
3177 1232 3401 1295 habeas,
3421 1235 3559 1288 nihil
3591 1237 3734 1290 aliud
3753 1249 3859 1299 est,
3881 1255 4059 1309 quam

2483 1315 2749 1368 unitatum
2781 1322 3126 1388 compositio.
3157 1321 3211 1376 Si
3243 1338 3374 1378 vero
3403 1325 3643 1380 divinam
3681 1329 4059 1385 substantiam

2481 1407 2823 1471 Consideres,
2855 1413 3094 1464 essentia
3119 1421 3224 1476 est,
3293 1429 3415 1481 qua:
3474 1433 3764 1472 numerum
3821 1435 4059 1476 omnem

2477 1509 2790 1565 exsuperat.

2550 1589 2598 1640 7.
2627 1587 2923 1644 Eternitas
2974 1594 3105 1660 quid
3134 1598 3269 1648 est?
3320 1597 3472 1661 Quod
3533 1600 3859 1669 principium
3900 1621 4057 1658 nun-

2475 1692 2636 1745 quam
2697 1680 2906 1743 habuit,
2961 1697 3060 1737 nec
3108 1684 3267 1738 linem
3322 1688 3434 1740 ullo
3497 1705 3735 1758 unquam
3797 1704 4057 1762 tempore

2474 1767 2789 1821 habiturum
2819 1779 2920 1823 est.
2953 1771 3218 1828 Caeterum
3250 1777 3512 1845 quidquid
3581 1797 3859 1850 nunquam
3899 1785 4055 1839 desi-

2406 1855 2447 1909 B
2478 1867 2659 1909 turum
2693 1868 2798 1922 est,
2834 1876 2944 1915 non
3001 1865 3184 1916 statim
3253 1868 3528 1935 principio
3577 1873 3819 1926 caruisse
3892 1888 4052 1928 recte

2475 1949 2720 2018 colligas.
2750 1951 2940 2020 Angeli
2974 1954 3116 2007 enim
3137 1963 3191 2008 et
3223 1958 3417 2012 animae
3446 1961 3776 2029 principium
3811 1967 4051 2033 quidem

2473 2041 2725 2094 essentia:
2767 2041 3099 2111 habuerunt,
3144 2045 3308 2101 ﬁnem
3334 2049 3552 2104 interim
3611 2054 3821 2108 nullum
3879 2057 4051 2112 habi-

2476 2132 2604 2186 turi.

3089 2293 3240 2348 CAP.
3281 2295 3425 2350 XXI.

2480 2395 2787 2480 Theoloyica
2836 2401 2946 2454 alia
2975 2403 3056 2482 “de
3098 2403 3360 2482 Trinitgte
3413 2410 3779 2482 consideratio.
3859 2413 4048 2482 {Cum

2545 2483 2661 2520 cum
2701 2471 2790 2533 sit,
2831 2487 2924 2520 cur
2965 2471 3201 2547 P_atre_m,
3251 2473 3449 2547 Filium
3493 2488 3539 2530 et
3591 2471 3868 2547 Spiritum.
3893 2489 4050 2538 invo-

2545 2553 2717 2588 cemus
2740 2578 2752 2599 ,
2783 2548 2966 2593 contra
3002 2541 3299 2595 Tritheitas.
3336 2543 3353 2613 ]

2545 2670 2722 2724 Unum
2770 2673 2939 2726 Deum
2996 2689 3115 2728 esse
3164 2676 3471 2742 credimus,
3529 2684 3622 2750 qui
3672 2685 4045 2743 substantiam

2473 2761 2777 2826 quamlibet
2815 2772 3175 2833 naturamque
3213 2771 3498 2823 creaverit:
3531 2773 3649 2826 sive
3681 2778 4048 2842 aspectabilis

2475 2847 2564 2900 illa
2593 2850 2684 2911 sit,
2725 2851 2840 2904 sive
2885 2853 2985 2905 sub
3013 2864 3292 2921 aspectum
3329 2873 3437 2911 non
3476 2862 3654 2915 cadat.
3688 2865 3791 2929 Qui
3841 2867 4043 2921 diver-

2473 2952 2586 2989 sam
2647 2938 2716 2990 ab
2771 2940 2871 2994 hac
2933 2947 3258 2998 sententiam
3333 2953 3581 3017 sequitur
3651 2955 3851 3022 impius
3932 2971 4041 3013 est.

2476 3024 2742 3079 Eutudem
2778 3029 2928 3083 illum
2964 3031 3321 3096 humanitate,
3371 3039 3602 3104 jUSiitia,
3641 3045 3935 3110 sapientia,
3987 3062 4047 3100 et

2478 3118 2720 3172 bonitate
2770 3121 3030 3190 singulari
3086 3127 3373 3191 prwditum
3431 3145 3550 3184 esse
3603 3134 3757 3186 nobis
3811 3153 3907 3203 per
3945 3156 4044 3192 ua-

807 3205 940 3264 t-ls'o;
969 3206 1072 3256 ἀπὸ
1101 3207 1193 3257 τοῦ
1234 3208 1393 3272 θέειν,
1422 3212 1523 3264 hoc
1548 3221 1630 3263 est
1656 3228 1684 3263 a
1736 3215 2130 3270 considerando
2168 3218 2367 3272 dictus.
2401 3187 2443 3242 Ο
2477 3207 2688 3272 demus:
2734 3213 3053 3280 ("merisque
3112 3216 3245 3269 adeo
3307 3219 3469 3274 rebus
3495 3260 3509 3282 ν
3563 3238 3685 3290 qua?
3725 3225 3928 3281 (Ἐνδηίιέ
3987 3243 4045 3282 ει

875 3295 928 3346 5.
966 3295 1123 3348 Pater
1151 3297 1280 3363 quid
1329 3300 1594 3364 signiﬁcat
1625 3304 1646 3354 ?
1693 3313 1931 3371 quotque
1977 3307 2154 3360 modis
2187 3318 2367 3376 pater-

805 3385 946 3436 nitzrs
995 3385 1105 3436 Deo
1128 3390 1432 3440 convenit?
1467 3391 1626 3444 Pater
1699 3395 1886 3460 utique
1934 3397 2155 3463 proprie
2203 3399 2372 3467 hypo-

813 3475 976 3528 smsis
1009 3491 1101 3528 seu
1136 3493 1363 3545 persona
1390 3481 1612 3543 dicitur,
1644 3499 1763 3550 qua:
1796 3486 1939 3538 nulla
1967 3488 2069 3539 alia
2113 3503 2176 3540 ex
2208 3505 2369 3543 causa

807 3566 1025 3630 pendet.
1061 3563 1166 3618 Sed
1199 3569 1447 3634 quamvis
1473 3581 1718 3637 generet.
1755 3587 1782 3624 a
1815 3574 1964 3626 nullo
1993 3585 2174 3628 tamen
2205 3592 2371 3644 gene-

809 3663 979 3706 ratur.
1012 3656 1202 3719 Porru,
1232 3659 1414 3725 πατὴρ
1437 3659 1745 3723 dictus'est,
1775 3663 1928 3728 quasi
1958 3666 2134 3716 πάντα
2168 3665 2367 3734 τηρῶν,

809 3744 912 3796 hoc
943 3753 1046 3804 est,
1080 3746 1260 3798 omnia
1311 3761 1658 3811 conservans,
1703 3751 1785 3802 vcl
1815 3751 1969 3817 quasi
1993 3753 2119 3814 τοὺς
2138 3755 2370 3816 οἰκείους

808 3837 998 3895 παίιίας
1027 3837 1228 3902 τηρῶν,
1262 3837 1365 3889 hoc
1399 3847 1501 3899 est,
1524 3840 1772 3905 proprios
1830 3841 1970 3894 ﬁlios
2019 3856 2366 3896 conservans.

811 3926 950 3977 licus
977 3926 1135 3978 Pater
1160 3926 1374 3980 duobus
1417 3929 1592 3980 modis
1622 3929 1842 3992 dicitur,
1875 3940 2069 3984 natura
2140 3934 2367 3998 scilicet,

808 4024 862 4067 rt
886 4016 1093 4082 gratia:
1125 4026 1318 4068 natura
1345 4017 1567 4084 quidem
1594 4022 1797 4088 proprii
1846 4022 1950 4074 sibi
2000 4029 2366 4078 consubstan-

811 4109 1060 4177 tialisque
1093 4110 1187 4164 Dei
1220 4111 1380 4164 Verbi
1424 4114 1642 4181 ;gratia
1696 4130 1826 4168 vero
1887 4125 2071 4169 noster
2130 4133 2368 4185 quoque,

808 4200 951 4251 unde.
984 4201 1136 4265 illud,
1191 4201 1304 4271 Ego
1337 4204 1465 4268 dixi,
1514 4204 1599 4258 Dii
1655 4209 1796 4271 estis,
1852 4216 1898 4258 et
1956 4208 2057 4274 ﬁlii
2115 4210 2371 4262 Altissimi

809 4307 987 4342 omnes
1015 4293 1083 4343 ³⁵.

879 4383 932 4434 4.
967 4381 1108 4446 Quid
1145 4382 1354 4436 Filius?
1401 4401 1505 4452 qua
1553 4388 1764 4440 ratione
1826 4390 1996 4443 Filius
2023 4390 2224 4444 dicitur
2257 4393 2278 4442 Υ
2313 4400 2369 4443 et

2472 3294 2641 3347 beata:
2676 3306 2882 3351 natura:
2920 3302 3273 3356 conveniunt.
3334 3305 3409 3358 Ne
3461 3307 3670 3377 singula
3731 3315 4044 3367 scribendo

2472 3399 2792 3454 persequar,
2830 3403 3018 3454 parum
3049 3391 3224 3454 abest,
3260 3395 3393 3461 quin
3423 3398 3610 3450 eadem
3636 3410 3693 3452 et
3748 3401 3950 3457 dicatis
3987 3416 4045 3459 et

2471 3477 2741 3533 sentiatis.
2812 3479 2920 3531 Vos
2974 3481 3120 3533 enim
3181 3485 3437 3539 audiente
3493 3504 3578 3542 me
3641 3491 3884 3546 Verbum
3945 3497 4042 3551 Dei

2472 3567 2784 3624 invocasus.
2838 3571 2905 3624 Et
2942 3588 2998 3626 re
3033 3589 3155 3626 vera
3198 3588 3302 3631 est.
3333 3579 3432 3642 Qui
3490 3582 3634 3634 enim
3675 3583 3790 3636 ﬁeri
3826 3601 4039 3654 posset,

2474 3668 2532 3712 ut
2569 3659 2712 3713 Deus
2750 3661 2922 3715 verbo
2951 3666 3188 3717 careret?
3219 3666 3480 3734 Spiritum
3513 3673 3638 3725 item
3673 3688 3907 3730 vocatis.
3944 3681 4043 3734 Est

2471 3763 2600 3800 vero
2631 3758 2686 3802 et
2711 3748 2968 3817 Spiritus.
3004 3754 3195 3808 Nullus
3223 3757 3368 3809 enim
3409 3761 3544 3812 citra
3578 3763 3828 3829 spiritum
3853 3782 4044 3824 sermo

2470 3838 2754 3893 articulate
2821 3843 3110 3907 procedere
3172 3856 3371 3911 potest.
3421 3850 3530 3902 Nos
3576 3867 3737 3917 porro
3789 3871 3918 3908 cum
3976 3875 4042 3913 ea

2472 3927 2694 3980 unicum
2751 3930 2816 3982 ad
2868 3933 3034 3984 Deum
3087 3933 3418 4000 referamus,
3475 3940 3678 3994 idcirco
3721 3945 3942 4000 Patrem
3990 3961 4046 4002 et

2471 4018 2667 4072 Filium
2722 4027 2779 4072 et
2839 4019 3100 4089 Spiritum
3163 4035 3409 4079 sanctum
3469 4029 3804 4094 invocamus,
3863 4053 3934 4090 ac
3997 4041 4044 4092 si

2472 4118 2735 4173 mentem,
2775 4111 3035 4176 Verbum,
3064 4121 3120 4165 et
3169 4113 3429 4182 Spiritum
3478 4120 3636 4173 simul
3691 4129 4044 4193 contempla-

2472 4214 2678 4251 remur.
2723 4199 2826 4252 Sed
2861 4200 3049 4254 eadem
3095 4219 3313 4271 quoque
3365 4224 3459 4273 per
3511 4226 3566 4262 se
3617 4213 3778 4279 vique
3817 4231 3916 4268 sua
3956 4233 4046 4271 as-

2471 4290 2723 4344 serimus.
2760 4292 3074 4346 Divinarum
3122 4296 3266 4346 enim
3315 4313 3492 4350 rerum
3546 4303 3688 4354 nulla
3727 4305 3844 4357 suis
3888 4321 4047 4362 caret

2471 4380 2697 4434 viribus.
2731 4380 3014 4449 Siquidem
3064 4384 3300 4437 Verbum
3355 4399 3542 4440 nostro
3592 4392 3770 4444 simile
3832 4397 4046 4451 ἱππί-ΙΗ-

812 4481 943 4537 quot
1008 4472 1184 4524 modis
1243 4473 1611 4543 intelligitur?
1685 4477 1852 4531 Filius
1908 4481 2126 4546 proprie
2181 4486 2500 4562 SCCtIll-Dg

2361 4471 2710 4562 .Dgendum
2759 4487 2868 4524 non
2917 4482 3019 4537 est,
3067 4476 3212 4540 quod
3263 4477 3486 4542 spiritu.»
3522 4480 3740 4544 quidem
3799 4485 4049 4540 admini-

810 4565 960 4616 tlaria
993 4565 1299 4632 hypostasis
1327 4577 1408 4619 est
1435 4569 1485 4619 in
1521 4584 1623 4621 una
1651 4571 1953 4638 eademque.
2006 4584 2222 4632 natura,
2284 4573 2368 4625 vel

813 4658 1610 4723 personarquincrementum,
1674 4662 1755 4713 vel
1817 4663 2093 4729 unigenita
2163 4672 2370 4716 natura:

808 4746 1103 4812 processio,
1135 4748 1214 4798 vcl
1247 4750 1496 4815 cognatio
1524 4752 1760 4818 ceguita,
1817 4752 1939 4812 Υἱὸς
2000 4765 2206 4813 autem,
2268 4754 2371 4806 hoc

807 4844 890 4887 cst
953 4837 1140 4898 Filius,
1203 4841 1422 4906 prepric
1485 4842 1710 4904 dicitur,
1768 4845 1919 4912 quasi
1950 4839 2084 4904 οἷος,
2145 4844 2248 4896 hoc
2288 4853 2370 4895 est

808 4924 1004 4992 qualis.
1038 4925 1222 4989 Qualis
1246 4928 1391 4980 enim
1423 4930 1582 4983 Pater
1617 4933 1947 4996 substantia,
1983 4934 2102 4986 talis
2133 4943 2188 4986 et
2248 4933 2371 4985 uni-

811 5015 1029 5082 genitus
1057 5023 1140 5068 est
1180 5016 1368 5072 Filius.
1410 5019 1534 5074 Sive
1566 5038 1631 5074 ex
1671 5022 1909 5075 increato
1933 5024 2229 5084 iucreatus,
2257 5023 2371 5076 sive

809 5121 873 5158 cx
909 5107 1119 5159 mortali
1155 5111 1422 5174 mortalis,
1452 5113 1798 5181 humanoque
1820 5114 2119 5168 humanus.
2151 5114 2375 5166 Duobus

812 5195 996 5249 itidem
1026 5198 1198 5250 modis
1225 5199 1276 5252 in
1296 5201 1612 5265 Deoiﬁliatio
1633 5205 1852 5257 dicitur.
1880 5206 2077 5259 Natura
2099 5215 2152 5260 et
2183 5205 2373 5275 gratia.

811 5285 1011 5340 Natura
1076 5289 1297 5356 quidem
1358 5293 1497 5346 Deus
1547 5295 1805 5359 Verbum,
1840 5298 2008 5364 gratia
2054 5313 2184 5350 vero
2221 5296 2375 5364 justi.

884 5378 937 5428 5.
969 5379 1105 5441 Quid
1138 5380 1373 5449 Spiritus
1403 5385 1424 5434 ?
1456 5401 1560 5451 qua
1587 5386 1800 5438 ratione
1833 5386 2080 5438 dicitur?
2127 5398 2369 5453 quotque

813 5465 992 5518 modis
1020 5469 1282 5535 accipitur
1312 5471 1333 5521 ?
1364 5470 1601 5538 Spiritus
1629 5483 1712 5526 est
1740 5474 1919 5528 tenuis
1937 5474 2184 5542 quazdam
2240 5490 2370 5542 pro-

814 5557 1023 5610 cessiva
1081 5560 1402 5624 substantia,
1459 5572 1513 5614 et
1571 5579 1691 5631 qute
1761 5567 2004 5620 materiei
2075 5567 2369 5635 formaeque

897 5747 1091 5800 “Dan.
1129 5763 1179 5810 κ,
1223 5750 1272 5800 8.
1355 5749 1398 5783 ³⁵
1433 5749 1574 5803 I‘sul.
1621 5757 1880 5815 “uno.

2473 4561 2596 4614 culo
2641 4561 2935 4628 profertur,
2971 4573 3024 4616 at
3081 4563 3133 4615 in
3184 4578 3345 4617 auras
3395 4567 3714 4630 evanescit;
3762 4573 3856 4623 sed
3912 4591 4050 4628 con-

2475 4653 2756 4704 venienter
2805 4651 2935 4716 Deo,
2992 4653 3378 4719 sempiternum
3444 4657 3651 4710 scilicet
3713 4668 3883 4727 atque
3946 4682 4044 4733 per

2471 4757 2529 4795 se
2590 4741 2917 4794 subsistens.
2970 4741 3249 4809 Siquidem
3303 4759 3482 4796 rerum
3546 4746 3859 4802 divinarum
3917 4771 4047 4823 per-

2471 4835 2740 4888 iunctorie
2794 4835 2939 4888 nulla
3004 4836 3083 4888 (it.
3146 4835 3284 4888 Sunt
3328 4836 3474 4889 enim
3509 4839 3647 4901 illae,
3683 4850 3853 4908 atque
3934 4863 4042 4900 una

2471 4937 2619 4989 sunt,
2685 4942 2891 4995 suaque
2941 4927 3218 4996 hypostasi
3271 4935 3324 4979 et
3379 4927 3685 4981 substantia
3743 4945 4038 4999 constant,

2475 5019 2638 5071 unius
2667 5028 2721 5070 et
2753 5018 2996 5085 eiusdem
3027 5027 3256 5082 naturae,
3289 5016 3514 5071 honoris
3542 5028 3708 5088 atque
3740 5031 4039 5082 essentiae.

2475 5109 2589 5162 Hoc
2618 5110 2777 5162 nobis
2823 5119 2904 5162 est
2957 5110 3194 5163 Trinitas
3220 5151 3234 5173 ,
3293 5123 3398 5160 non
3434 5110 3577 5163 Deus
3603 5153 3616 5173 ,
3682 5124 3737 5165 et
3772 5116 3952 5181 Deus,
3991 5133 4047 5173 et

2478 5203 2640 5255 Deus.
2677 5201 2889 5255 Abeant
2921 5201 2974 5253 iu
3007 5203 3200 5253 malam
3253 5215 3387 5262 rem,
3441 5203 3534 5269 qui
3596 5204 3734 5259 hanc
3792 5210 4046 5262 circum-

2477 5292 2659 5346 ferunt
2690 5292 2942 5355 bmresiu,
2979 5293 3080 5347 hac
3126 5296 3271 5349 enim
3322 5295 3406 5348 via
3456 5295 3740 5363 pluralitas
3805 5298 4045 5354 deorum

2479 5383 2942 5437 introduceretur.
2989 5384 3099 5438 Nos
3149 5401 3277 5439 vero
3332 5387 3446 5440 haec
3475 5427 3488 5446 .
3545 5402 3666 5454 quae
3709 5392 4046 5458 proprieta-

2481 5473 2626 5528 tibus
2661 5474 2764 5526 tria
2813 5484 2961 5537 sunt,
2999 5489 3163 5527 unum
3200 5491 3320 5530 esse
3347 5477 3532 5541 Deum,
3563 5493 3724 5530 unam
3762 5491 4044 5545 naturam,

2482 5581 2642 5620 unam
2689 5565 2925 5636 denique
2987 5567 3342 5622 substantiam
3399 5569 3676 5624 docemus.
3737 5571 3850 5626 Hoc
3894 5585 4049 5629 certo
