4274 6382
277 342 420 408 III?

1539 344 1933 405 THESAURI
1980 346 2125 403 LIB.
2170 343 2250 405 II.

3375 344 3512 410 ll50

270 456 465 509 credat
524 468 748 508 necesse
798 464 913 517 est,
967 457 1283 525 quicunque
1334 456 1497 526 sapit,
1561 459 1846 528 pietatem-
1877 460 1921 514 Α
1948 468 2051 521 est,
2085 457 2230 527 quod
2266 472 2387 519 nos,
2424 458 2516 526 qui
2557 455 2875 512 orthodoxa:
2912 457 3034 511 fidei
3087 467 3391 513 assertores
3420 476 3497 514 su-

272 563 382 615 que
420 545 790 617 amplectitur.

885 641 1033 695 CAP.
1085 642 1252 699 XXII.

354 730 739 786 Demonstratio
762 750 824 785 ea:
850 734 1214 786 communibus
1252 730 1567 798 nationibus,
1606 748 1771 786 unum

705 820 757 856 tn
796 804 1048 856 Trinitate
1089 802 1253 855 Deum
1287 818 1413 855 esse.

347 913 533 966 Cuivis
564 914 797 980 homini,
858 916 950 984 qui
1001 926 1239 970 mentem
1305 918 1571 973 divinitus
1623 918 1838 971 insitam

276 1000 469 1066 habet,
515 1003 628 1056 haec
678 1005 821 1056 ultro
867 1022 1084 1074 quoque
1147 1006 1375 1063 inhaeret
1405 1009 1591 1078 opinio
1626 1050 1639 1071 ,
1695 1010 1871 1079 quod.

278 1095 422 1148 Deus
452 1096 755 1151 substantia
794 1100 884 1162 sit,
923 1116 1042 1167 qua:
1095 1100 1455 1155 substantiam
1507 1117 1724 1156 omnem
1784 1112 1840 1156 et

273 1188 538 1255 potentia,
586 1205 705 1256 quas
763 1193 1057 1259 potentiam
1103 1202 1327 1261 superet
1360 1213 1373 1248 :
1404 1194 1547 1249 actio
1602 1194 1840 1263 denique

271 1279 423 1331 omni
478 1281 691 1334 actione
749 1282 1023 1350 superior.
1083 1292 1142 1337 ut
1202 1284 1294 1353 qui
1355 1300 1531 1354 neque
1584 1286 1838 1349 sectioni,

271 1386 452 1439 neque
502 1373 907 1441 compositioni.
965 1391 1142 1443 neque
1181 1377 1416 1443 passioni
1480 1378 1573 1429 ulti
1620 1377 1690 1430 sit
1745 1379 1842 1428 Ull-

273 1464 491 1517 noxius.
521 1464 631 1517 Nec
667 1474 846 1519 tamen
902 1483 929 1520 a
983 1468 1196 1521 ratione
1256 1468 1436 1521 minus
1486 1469 1527 1521 is
1599 1468 1840 1531 aberrat,

271 1554 368 1621 qui
400 1554 567 1607 Deum
600 1554 937 1617 substantias.
974 1559 1229 1625 potentim
1276 1569 1330 1612 et
1386 1560 1616 1613 actionis
1649 1575 1843 1626 exper-

288 1654 397 1697 tem
433 1660 553 1698 esse
596 1646 914 1700 arbitratur.
954 1646 1128 1716 A-une
1188 1666 1316 1711 vero
1366 1653 1581 1702 aberrat
1634 1665 1663 1703 a
1697 1650 1841 1703 veri-

274 1742 405 1797 tate,
451 1733 543 1801 qui
594 1735 763 1787 Deum
825 1736 1151 1798 substantia,
1200 1748 1252 1790 et
1302 1738 1395 1806 qui
1444 1739 1726 1807 potentia,
1781 1746 1836 1791 et

269 1825 363 1892 qui
423 1826 636 1878 actione
697 1827 890 1894 privat.
959 1826 1334 1896 Quodcunque
1378 1829 1525 1882 enim
1612 1828 1839 1899 triplicis

270 1916 614 1981 cognationis
671 1917 973 1970 membrum
1027 1918 1291 1973 divellere
1354 1921 1623 1989 quispiam
1673 1935 1839 1974 ausus

270 2005 458 2068 luerit,
517 2022 585 2061 eo
643 2007 918 2075 dttpliCetlt
972 2009 1366 2075 blasphemiam
1424 2010 1690 2064 adversus
1740 2012 1834 2065 Di-

277 2097 561 2151 vinitatem
591 2098 974 2169 ejaeulabitnr.
1008 2098 1477 2164 Quemadmodum
1512 2103 1657 2155 enim
1693 2104 1834 2171 quod

271 2189 575 2243 substantia
607 2201 775 2248 caret.
807 2192 990 2245 Deitas
1026 2208 1133 2245 non
1164 2204 1247 2245 est
1279 2211 1292 2245 :
1347 2193 1418 2246 ita
1456 2208 1631 2261 neque
1690 2194 1833 2261 quod

271 2289 366 2333 aut
398 2281 661 2348 potentia,
696 2291 789 2334 aut
819 2283 1033 2334 actione
1067 2283 1333 2350 privatur.
1391 2282 1523 2335 Nam
1572 2283 1663 2351 qui
1718 2283 1831 2336 ﬁeri

272 2379 474 2439 potest,
510 2387 576 2423 ne
605 2372 656 2425 id
708 2372 1254 2439 super-substantialis
1286 2373 1589 2427 substantia
1645 2375 1737 2433 sit,
1768 2389 1833 2427 ex

268 2477 377 2531 quo
409 2463 554 2516 nulla
580 2479 685 2516 non
719 2464 1022 2517 substantia
1051 2463 1321 2533 procedit?
1350 2465 1457 2517 Nec
1498 2480 1627 2517 vero
1664 2465 1835 2533 magis

271 2554 384 2606 tieri
420 2566 619 2622 potest,
657 2566 714 2609 ut
741 2556 790 2608 id
832 2572 896 2609 ex
932 2573 1040 2625 quo
1071 2560 1311 2626 potentia
1346 2566 1398 2610 et
1438 2557 1580 2610 actio
1629 2559 1833 2625 qumvis

269 2646 519 2709 scaturrit,
565 2646 671 2699 illis
698 2647 828 2714 ipsis
882 2657 1086 2700 careat.
1127 2648 1201 2700 Ex
1253 2648 1342 2700 illa
1374 2664 1503 2715 ergo
1559 2649 1691 2701 nulli
1724 2664 1828 2701 non

272 2734 555 2788 hominum
644 2737 807 2790 insita
882 2738 1103 2791 notione
1162 2746 1309 2806 patet
1369 2754 1530 2806 quam
1603 2740 1828 2792 minime

266 2827 335 2878 sit
368 2827 686 2891 absurdum,
725 2830 832 2881 itno
865 2829 1029 2882 etiam
1066 2830 1378 2882 necchario
1437 2841 1827 2897 consequatur.

268 2925 327 2967 ut
358 2917 496 2971 trina
526 2918 618 2971 Dei
653 2926 892 2985 potestas
920 2919 1252 2973 celebretur.
1286 2919 1406 2972 Una
1440 2920 1657 2988 quidem
1689 2920 1820 2973 sub-

268 3010 481 3063 stantice
549 3010 1166 3077 supersubstantialitas,
1220 3027 1325 3063 una
1377 3012 1504 3064 item
1565 3014 1824 3080 potentiae

262 3100 818 3169 superpotentialitas,
887 3116 992 3152 una
1051 3100 1286 3167 denique
1347 3104 1581 3155 actionis
1658 3103 1821 3156 simul
1854 3132 1895 3190 ρ
1937 3103 2081 3155 tibus
2136 3100 2571 3154 contirmabitur.
2618 3098 2930 3152 Percontari
2993 3105 3173 3149 autem
3212 3135 3224 3155 ,

264 3200 391 3244 nata
463 3189 744 3244 identitas.
778 3191 905 3254 Qum
941 3190 1042 3243 tria
1075 3206 1138 3242 ex
1171 3191 1360 3242 eadem
1385 3207 1567 3253 causa,
1602 3192 1823 3244 eodem-

262 3296 367 3348 que
416 3280 688 3349 principio
750 3280 911 3333 simul
972 3280 1299 3347 procedunt,
1335 3290 1389 3333 et
1427 3281 1589 3334 simul
1634 3282 1819 3334 eluce-

261 3379 435 3424 seunt.
500 3371 632 3423 Nam
697 3386 819 3423 cum
884 3370 1062 3422 omnis
1120 3370 1425 3423 substantia
1489 3371 1591 3423 hoc
1646 3372 1819 3438 ipsum

261 3461 406 3529 quod
438 3472 521 3514 est
550 3477 578 3513 a
638 3463 746 3513 Deo
793 3461 1087 3528 acceperit,
1154 3461 1211 3512 fit
1249 3471 1306 3513 ut
1361 3476 1538 3529 neque
1574 3463 1689 3515 sine
1724 3478 1821 3530 po-

263 3553 430 3606 tentia
495 3568 669 3619 neque
727 3551 843 3604 sine
906 3552 1120 3605 actione
1183 3553 1646 3619 deprehendatur.
1700 3554 1817 3607 Jam

257 3645 348 3712 qui
393 3642 509 3696 ﬁeri
545 3652 748 3711 potest,
790 3652 849 3696 ut
882 3645 974 3711 qui
1024 3643 1138 3697 haec
1174 3644 1338 3696 rebus
1387 3660 1507 3713 quae
1537 3652 1664 3699 sunt
1716 3646 1818 3697 im-

258 3733 491 3802 pertitus
542 3742 643 3793 est,
694 3734 1009 3801 donumque
1053 3734 1105 3787 in
1145 3735 1250 3788 illis
1286 3752 1443 3788 suum
1484 3738 1556 3791 ita
1595 3754 1819 3792 conser-

260 3832 346 3876 vat
396 3831 453 3875 ut
502 3823 724 3876 dissolvi
780 3824 1102 3892 dissiparive
1154 3843 1257 3877 non
1309 3829 1516 3895 possit,
1567 3830 1651 3883 vel
1703 3831 1816 3898 ipse

259 3912 409 3981 prius
448 3928 555 3965 non
612 3913 724 3966 bare
764 3913 962 3976 fuerit,
1014 3916 1098 3967 vel
1147 3916 1579 3972 immutationem
1628 3936 1817 3986 quam-

254 4004 375 4057 dam
410 4013 463 4057 et
502 4004 864 4072 privationem
909 4020 1097 4057 eorum
1149 4023 1270 4074 qua:
1318 4024 1413 4061 sua
1456 4020 1637 4063 essent
1690 4027 1815 4080 per-

251 4107 443 4159 pessus
489 4092 875 4145 existimetur?
947 4094 1101 4158 Quod
1164 4096 1207 4149 si
1273 4097 1358 4150 bis
1428 4099 1811 4155 contradicere

1947 567 2067 605 mus
2104 565 2280 617 neque
2325 549 2492 603 alium
2550 550 2745 610 Deum,
2791 564 2855 602 ex
2885 565 2993 617 quo
3051 550 3232 603 Verbo
3282 560 3339 604 et
3388 551 3504 620 Spi-

1946 644 2085 698 ritus
2120 644 2452 713 procedunt,
2515 657 2694 711 neque
2755 644 2883 697 item
2944 643 3307 711 procedentes
3362 644 3512 709 ipsos

1942 737 2106 790 alium
2158 746 2212 791 et
2271 737 2438 790 alium
2494 748 2612 789 esse
2686 734 3003 788 docemus:
3060 733 3169 787 imo
3220 748 3387 787 unum
3444 749 3507 787 ex

1946 829 2118 883 tribus
2151 828 2319 881 Deum
2362 826 2527 880 unius
2568 835 2819 888 naturae,
2873 822 3208 887 voluntatis,
3273 824 3508 892 imperii,

1942 932 1998 974 et
2026 917 2437 975 dominationis.
2473 917 2611 972 Hinc
2640 917 2786 971 enim
2837 917 3063 970 deorum
3100 915 3280 968 unitas
3333 930 3509 984 eaque

1944 1010 2229 1063 individua
2278 1009 2561 1063 elucescit.
2612 1006 2802 1065 Alias,
2855 1005 2947 1075 qui
3005 1004 3120 1058 Iieri
3175 1012 3405 1072 potest,‘
3450 1011 3512 1055 ut

1945 1119 2066 1172 qua:
2107 1102 2161 1155 iu
2198 1118 2360 1155 unam
2411 1101 2777 1167 eamdemque
2824 1106 3095 1155 naturam.
3150 1096 3510 1157 voluntatem,

1944 1204 1998 1249 et
2032 1202 2355 1263 potestatem
2404 1193 2843 1262 eonjunguntur,
2899 1186 3254 1257 eonjungenti
3305 1184 3511 1239 nobili-

1945 1290 2052 1337 tate
2084 1282 2477 1337 eontumeliosa
2511 1278 2665 1333 sint?

2539 1412 2692 1467 CAP.
2735 1410 2921 1465 XXIII.

1977 1533 2241 1584 Adversus
2281 1543 2386 1589 cos,
2424 1528 2512 1596 qui
2550 1542 2641 1578 nos
2673 1527 2724 1577 in
2755 1533 2857 1576 tres
2888 1524 3009 1577 deos
3040 1523 3249 1576 credere
3278 1523 3473 1576 dicunt.

2018 1643 2372 1709 Nequaquam
2418 1640 2469 1691 in
2506 1648 2617 1690 tres
2678 1637 2809 1688 deos
2853 1633 3149 1695 credimus,
3194 1634 3297 1686 hoc
3325 1633 3505 1687 absit!

1943 1736 2039 1789 sed
2073 1735 2126 1787 in
2161 1748 2326 1786 unum
2362 1732 2530 1785 Deum
2588 1728 3066 1795 omnipotentem",
3105 1725 3197 1794 qui
3247 1724 3420 1779 tribus
3455 1726 3509 1778 in

1944 1827 2194 1897 personis
2237 1822 2600 1892 dignoscitur.
2658 1819 2824 1875 Unam
2878 1819 2931 1871 in
2984 1816 3163 1871 tribus
3212 1824 3506 1879 naturam,

1943 1937 2104 1975 unam
2135 1917 2460 1989 potentiam,
2497 1928 2664 1966 Illlllm
2699 1911 2988 1966 consilium
3013 1948 3026 1970 ,
3066 1923 3226 1961 unam
3266 1908 3505 1974 denique

1939 2010 2211 2063 actionem
2249 2011 2683 2073 cognoscentes,
2733 2014 2838 2067 qua
2891 2000 3220 2051 innotescat.
3278 1997 3389 2050 Nec
3439 2011 3506 2050 eo

1939 2098 2265 2155 temeritatis
2303 2096 2514 2156 venias,
2552 2100 2607 2144 ut
2639 2106 2747 2159 quo
2781 2090 2831 2142 id
2868 2097 3023 2157 pacto
3060 2086 3152 2139 fiat
3178 2087 3503 2155 interroges.

1940 2188 2170 2240 Inscitiae
2222 2184 2367 2237 enim
2414 2192 2794 2249 argumentum
2839 2186 2957 2241 est,
3010 2178 3052 2230 si
3104 2177 3226 2245 quis
3272 2192 3394 2230 cum
3438 2176 3505 2229 de

1938 2280 2048 2332 Deo
2078 2277 2276 2347 agitur,
2308 2290 2417 2345 quo
2448 2275 2609 2328 modo
2639 2274 2968 2326 seiseitetur.
3048 2267 3501 2335 Quandoquidem

1938 2368 2548 2439 incomprehensibilis,
2600 2368 2710 2419 imo
2755 2365 2916 2417 etiam
2975 2362 3409 2423 inaccessibilis,
3444 2368 3503 2415 et

1936 2464 2259 2531 incorporea
2289 2472 2372 2514 est
2406 2458 2689 2514 Divinitas.
2725 2456 2878 2511 Unde
2946 2457 3035 2519 ﬁt,
3094 2466 3152 2509 ut
3206 2455 3382 2525 qualis
3429 2454 3502 2507 sit

1933 2555 2194 2625 explicari
2228 2554 2377 2607 nullo
2413 2552 2574 2605 modo
2601 2559 2785 2619 queat.
2818 2548 2947 2614 Quae
2982 2549 3128 2602 enim
3163 2549 3354 2601 oculus
3386 2561 3497 2600 non

1937 2647 2106 2707 vidit,
2155 2645 2247 2713 qui
2306 2643 2633 2712 cogitatione
2695 2655 2849 2693 mens
2909 2638 3124 2708 assequi
3188 2637 3401 2691 valeat?
3445 2645 3501 2690 et

1934 2751 2053 2804 quae
2124 2733 2292 2787 menti
2360 2733 2545 2801 pervia
2601 2747 2704 2784 non
2767 2740 2934 2790 sunt.
2980 2745 3115 2783 eane
3179 2729 3500 2798 cujusquam

1933 2843 2190 2881 sermone
2244 2825 2506 2893 explicari
2570 2823 2872 2891 poterunt?
2918 2821 3189 2877 Cteterum
3246 2819 3388 2888 quod
3443 2820 3498 2871 in

1934 2920 2202 2973 Trinitate
2235 2919 2378 2972 Deus
2411 2918 2502 2981 sit,
2535 2927 2591 2970 et
2619 2915 2863 2969 veritatis
2895 2915 3086 2983 ipsius,
3121 2924 3171 2967 et
3200 2912 3497 2981 Scripturze

1932 3028 2095 3065 sacra:
2137 3010 2448 3063 testimonio
2491 3008 2839 3076 perspicuum
2879 3015 2983 3067 est,
3034 3015 3093 3058 ut
3152 3004 3206 3057 in
3258 3018 3493 3071 sequen-

3276 3110 3386 3163 quo
3439 3094 3489 3145 id

1936 3196 2095 3249 modo
2126 3196 2236 3259 ﬁat,
2280 3193 2518 3246 hominis
2551 3191 2840 3260 improvidi
2888 3201 2989 3253 est,
3030 3197 3095 3262 et
3148 3188 3267 3257 ejus
3306 3186 3396 3253 qui
3434 3200 3491 3239 se

1932 3302 2030 3340 suo
2069 3286 2247 3339 metiri
2302 3284 2437 3353 pede
2492 3285 2719 3337 nesciat.
2778 3281 2936 3335 Prius
2978 3268 3122 3333 enim
3192 3292 3355 3332 nosce
3410 3286 3493 3329 te-

1933 3378 2108 3445 ipsum
2140 3392 2247 3443 quo
2278 3375 2437 3427 modo
2502 3374 2676 3426 anima
2714 3372 2808 3425 tibi
2840 3372 2908 3424 sit
2959 3369 3155 3432 infusa,
3211 3366 3488 3436 quomodo

1930 3477 2245 3537 eompactus
2290 3483 2369 3526 es,
2420 3465 2695 3534 quomodo
2758 3479 2845 3516 res
2893 3462 3216 3530 incorporea
3269 3457 3523 3526 corpori-

1929 3567 2022 3610 tuo
2063 3556 2352 3610 inhabitet.
2393 3556 2582 3610 Utrum
2613 3554 2777 3621 igitur
2806 3566 3005 3619 corpus
3035 3561 3186 3603 tuum
3217 3563 3340 3603 cum
3372 3563 3482 3599 om-

1927 3650 2091 3702 nibus
2119 3650 2234 3702 suis
2273 3648 2533 3701 membris
2584 3644 2918 3706 extenditur,
2969 3658 3036 3695 an
3086 3656 3218 3694 vero
3269 3641 3322 3693 in
3375 3652 3483 3691 uno

1928 3751 2266 3795 contractum
2301 3739 2654 3793 continetur?
2684 3738 2800 3792 Jam
2837 3736 2882 3791 si
2930 3733 3265 3792 extenditur,
3316 3732 3483 3785 stulta

1925 3842 2009 3883 est
2036 3831 2283 3898 qurestio,
2319 3844 2609 3896 corporum
2643 3827 2788 3881 enim
2829 3825 3107 3894 proprium
3135 3831 3218 3877 est
3241 3820 3482 3875 extendi.

1926 3918 2018 3972 Sin
2057 3919 2418 3978 contrahitur,
2458 3920 2628 3970 multo
2663 3916 2902 3976 stultior,
2936 3928 3037 3967 nec
3082 3913 3227 3967 enim
3282 3924 3481 3978 corpus

1924 4010 2183 4062 duntaxat
2234 4009 2611 4076 incorporeum
2662 4005 3135 4075 deprehendetur,
3199 4002 3293 4057 sed
3350 4002 3481 4054 reli-

1922 4118 2043 4171 qua:
2087 4117 2305 4169 quoque
2377 4110 2556 4169 partes
2604 4108 2867 4153 emortum
2922 4097 3319 4150 convincentur
3352 4134 3365 4155 ,
3421 4103 3483 4147 ut

1920 4211 2040 4262 quae
2074 4194 2141 4247 ab
2179 4194 2355 4245 anima
2388 4192 2699 4245 viviﬁcante
2744 4194 3003 4257 seiuncta:
3042 4190 3170 4242 sint.
3228 4186 3381 4252 Quod
3434 4185 3480 4239 si

253 4271 425 4324 tribus
455 4286 576 4323 esse
609 4271 960 4324 adorandam.
990 4273 1059 4325 Ea
1091 4289 1220 4325 vero
1244 4286 1371 4327 sunt
1403 4276 1579 4337 Pater,
1615 4277 1806 4342 Filius,
1918 4303 2106 4341 eorum
2137 4302 2256 4353 quae
2293 4286 2343 4337 in
2385 4293 2436 4337 te
2468 4295 2595 4336 sunt
2645 4283 2974 4351 cognitionis
3032 4296 3198 4348 capax
3256 4278 3487 4332 minime

246 4372 300 4416 ει
340 4362 576 4430 Spiritus
618 4372 863 4415 sallClus-
917 4364 1011 4416 νει
1059 4364 1220 4417 “iam
1251 4367 1352 4418 '10“-
1393 4378 1551 4434 νειοιο
1579 4370 1808 4423 ιίῡιιιοηο
1919 4377 2011 4438 sis,
2048 4375 2138 4443 qui
2172 4376 2284 4427 lieri
2329 4382 2525 4442 potest,
2577 4381 2636 4425 ut
2684 4387 2747 4425 ea
2801 4371 3089 4439 intelligas,
3146 4384 3265 4437 quae
3315 4382 3478 4435 supra

247 4453 405 4507 δῑτθτί
440 4461 653 4521 Ροῐεεῑί
696 4453 813 4507 Una
846 4454 1046 4517 Deitas,
1081 4471 1199 4521 (Ιυίθ
1231 4456 1449 4524 ψιίάθιη
1477 4473 1504 4510 8
1539 4460 1806 4529 IheOlOgis
1840 4467 1881 4520 D
1915 4475 1964 4518 te
2004 4465 2169 4517 sunt?
2202 4464 2332 4516 Nam
2366 4465 2411 4515 si
2444 4463 2646 4530 judicia
2678 4458 2894 4513 Domini
2925 4456 3298 4511 inscrutabilia
3326 4465 3470 4514 sunt,

247 4557 397 4594 mens
420 4542 659 4595 universi
692 4542 987 4607 delinitur,
1009 4545 1078 4597 ab
1102 4546 1462 4616 intelligentia
1491 4559 1546 4603 et
1576 4563 1807 4619 cognato
1912 4566 1966 4609 et
1998 4558 2096 4608 via:
2128 4556 2247 4624 ejus
2283 4552 2827 4622 impervestigabiles,
2877 4563 3113 4618 quonam
3168 4546 3330 4599 modo
3380 4545 3469 4599 ille

249 4633 527 4686 intellectu
562 4648 668 4687 non
701 4634 1029 4702 sejungitur.
1077 4636 1128 4688 Si
1163 4638 1385 4704 quidem
1431 4656 1582 4693 mens
1628 4642 1806 4696 haud-
1912 4646 2025 4713 ipse
2062 4644 2389 4712 inquiretur,
2422 4649 2514 4693 aut
2552 4639 3054 4709 pervestigabitur?
3107 4636 3465 4703 Quemadmo-

244 4739 511 4793 quaquam
544 4732 708 4785 esset,
759 4725 864 4778 nisi
894 4726 1057 4779 simul
1106 4729 1395 4783 exsisteret
1426 4732 1802 4802 intelligentia,
1908 4736 2036 4788 dum
2068 4750 2196 4788 vero
2225 4733 2325 4795 sol,
2378 4732 2591 4785 tametsi
2642 4732 2839 4784 unicus
2887 4731 2995 4793 sit,
3042 4744 3107 4782 ex
3152 4743 3210 4782 se
3290 4736 3465 4781 tamen

245 4829 343 4867 nec
374 4815 733 4882 intelligentia
771 4816 1032 4880 viciSsim,
1062 4818 1104 4871 si
1146 4819 1424 4874 intellectu
1474 4826 1800 4890 privaretur.
1906 4829 2084 4883 lucem
2123 4836 2176 4880 et
2207 4826 2441 4878 calorem
2469 4825 2689 4877 emittit:
2725 4832 2779 4877 et
2811 4823 2889 4875 sol
2925 4822 3145 4890 quidem
3186 4821 3329 4873 lueis
3372 4836 3462 4874 no-

242 4902 353 4957 Hoc
409 4906 773 4973 theologicum
828 4908 1041 4960 axioma
1099 4910 1179 4962 vel
1236 4910 1337 4963 hac
1389 4928 1540 4966 sacra
1592 4916 1803 4970 ratione
1908 4922 2053 4975 mine
2088 4917 2443 4986 signiﬁcatur:
2480 4918 2568 4968 lux
2596 4930 2764 4985 porro
2803 4925 2999 4968 cuneta
3053 4929 3174 4981 qua:
3208 4913 3459 4967 videntur

247 4995 683 5057 continuabitur.
718 4997 827 5051 Nec
857 4999 1001 5051 aliud
1030 5016 1093 5052 ex
1128 5001 1235 5054 alio
1285 5012 1379 5056 aut
1429 5006 1661 5059 divisum
1708 5020 1802 5063 aut
1905 5010 2233 5066 claritudine
2270 5008 2567 5076 patefacit,
2610 5006 2758 5059 calor
2797 5019 2926 5057 vero
2955 5002 3250 5058 animantia
3281 5003 3458 5055 omnia

242 5088 547 5156 sejunctum
588 5100 691 5150 est,
745 5106 922 5159 neque
952 5092 1097 5143 aliud
1141 5095 1317 5161 prius,
1362 5098 1583 5152 aliudve
1617 5112 1800 5168 poste-
1907 5121 1930 5174 p

1766 5122 1800 5152 ε-
1907 5105 2229 5174 plantasque
2264 5099 2544 5154 viviﬁcat:
2583 5101 2652 5152 ita
2699 5100 2861 5153 etiam
2896 5098 3037 5151 Deus
3064 5097 3221 5149 Pater
3267 5096 3454 5150 Filium

242 5178 373 5240 rius,
408 5186 466 5230 et
503 5188 679 5233 tamen
723 5180 824 5232 tria
857 5191 1005 5233 sunt.
1062 5182 1171 5237 Nec
1220 5187 1365 5238 enim
1400 5190 1544 5255 quod
1599 5208 1749 5245 meus
1781 5232 1795 5256 ,
1899 5206 1956 5250 et
1988 5195 2251 5263 Spiritum
2288 5195 2360 5246 ita
2394 5193 2663 5253 continet,
2697 5200 2755 5243 ut
2804 5206 2909 5243 una
2954 5190 3008 5242 in
3046 5189 3221 5242 tribus
3280 5187 3462 5240 Deitas

240 5270 288 5322 id
331 5271 507 5338 ipsum
563 5283 645 5324 est
697 5273 1051 5342 intelligentia
1086 5316 1099 5338 ,
1161 5290 1216 5331 et
1268 5280 1614 5346 intellectus,
1660 5300 1797 5350 quo-
1899 5283 2418 5354 comprehendatur.
2462 5280 2609 5334 Unus
2647 5280 2791 5332 enim
2843 5280 2984 5332 Deus
3032 5288 3137 5340 est,
3186 5277 3311 5345 quia
3352 5292 3459 5331 una

240 5360 377 5419 niam
436 5377 535 5415 nec
598 5363 685 5416 illa
745 5374 872 5416 sunt
922 5367 1120 5419 mentis
1181 5371 1401 5425 nomine
1469 5377 1743 5429 censenda
1778 5416 1791 5438 ,
1900 5378 2102 5438 Deitas,
2135 5374 2596 5443 quemadmodum
2638 5382 2695 5426 et
2752 5372 2927 5425 lucem
2977 5370 3106 5424 solis
3160 5369 3328 5422 solem
3364 5383 3459 5436 ape

238 5453 484 5519 quamvis
522 5469 587 5506 es
620 5464 799 5507 mente
835 5457 1154 5523 procedant,
1189 5468 1244 5511 et
1297 5477 1451 5515 mens
1501 5464 1664 5517 simui
1724 5468 1793 5519 sit
1897 5485 1926 5536 p

1775 5476 1793 5519 t
1897 5469 2181 5536 pellamus.
2225 5466 2359 5520 Cum
2393 5466 2538 5519 enim
2573 5481 2669 5532 per
2694 5465 2939 5517 foramen
2973 5461 3193 5530 aliquod
3230 5464 3282 5514 in
3311 5461 3458 5515 aedes

238 5558 355 5594 cum
396 5542 521 5594 illis.
578 5543 671 5596 IIis
711 5560 876 5612 porro
921 5546 1069 5598 aliud
1127 5556 1320 5602 natura
1351 5590 1364 5613 ,
1416 5552 1680 5620 dignitate
1739 5565 1793 5609 et
1895 5559 2174 5629 ingressus
2213 5570 2316 5619 est,
2355 5559 2425 5611 ita
2474 5557 2657 5611 dicere
2702 5556 2941 5609 solemus
2994 5571 3005 5605 :
3052 5552 3142 5607 Sol
3178 5554 3455 5621 ingressus

237 5634 619 5702 conjunctione
678 5634 1095 5705 haudquaquam
1142 5654 1399 5699 conversa
1429 5682 1444 5707 ,
1502 5644 1647 5698 aliud
1701 5648 1793 5699 ba-
1894 5651 2116 5705 domum
2155 5651 2471 5712 illustravit,
2520 5659 2732 5707 contra.
2768 5648 2811 5702 si
2844 5647 3065 5715 quando
3090 5648 3141 5699 vi
3195 5646 3329 5699 solis
3360 5661 3447 5699 ea.

238 5724 351 5779 bitu
380 5736 434 5780 et
468 5727 893 5787 urourietatibus
953 5737 1185 5785 constat.
1240 5732 1378 5788 Iliuc
1439 5736 1787 5806 perspicuum
1894 5740 2141 5795 lcfactiva
2196 5732 2614 5806 incalescamus,
2672 5739 2858 5808 utique
2894 5754 2992 5793 nos
3023 5754 3051 5791 a
3083 5736 3195 5792 sole
3243 5734 3427 5791 calefa-

250 4196 408 4236 nemo
444 4190 627 4249 queat.
675 4184 1025 4251 perspicuum
1090 4194 1192 4248 est,
1245 4202 1405 4239 unam
1449 4187 1708 4242 Deitatem
1754 4192 1809 4244 in
