4274 6382
813 369 945 434 1151

2050 380 2347 442 ΝΙΟΕΤᾸΞ
2385 383 2586 446 (ΣΗοΝ
2601 389 2788 450 lAT.E

3880 395 4029 460 1152

814 492 932 536 ctos
992 481 1248 548 dicimus,
1284 499 1410 538 vera
1451 483 1668 540 interim
1697 487 1956 545 dicentes.
1988 492 2117 558 Quae
2141 497 2284 548 enim
2308 496 2376 548 ah
2400 497 2450 555 Α
2478 500 2657 555 verbis
2690 512 2774 557 est
2801 502 3124 559 vaticinatus
3156 521 3168 557 :
3198 503 3324 570 Quis
3361 505 3415 558 in
3448 506 3667 560 nubibus
3694 509 3914 576 arquati:
3942 511 4045 576 ﬁet

812 572 929 639 ipsa
955 582 1151 627 natura
1178 576 1501 643 procedunt,
1527 593 1590 631 ea
1623 595 1964 649 nequaquam
2004 585 2074 638 ab
2103 586 2220 655 ejus
2269 604 2366 656 ap-

814 662 1108 729 pellatione
1163 663 1481 719 abhorrent.
1546 667 2015 731 Quemadmodum
2068 690 2199 744 ergo
2263 676 2364 740 sol,

811 754 1029 806 tamersi
1080 753 1271 807 unicus
1303 756 1394 820 sit,
1429 758 1633 812 lumine
1668 768 1845 813 tamen
1884 771 1938 815 et
1969 764 2146 818 calore
2226 780 2368 844 prae-

814 841 962 894 ditus
1004 852 1123 908 est,
1172 860 1403 912 quorum
1458 849 1673 917 utrique
1719 852 1881 904 etiam
1924 854 2057 907 solis
2110 841 2369 910 tribuitur

811 930 1124 998 appelfatio,
1164 950 1286 987 cum
1322 936 1540 989 interim
1587 938 1657 993 sit
1688 940 1881 994 unicus
1911 943 1989 996 sol
2025 959 2039 997 :
2076 944 2155 998 sic
2200 944 2365 998 etiam

812 1023 1026 1076 tametsi
1082 1016 1229 1077 imus
1292 1034 1502 1081 tantum
1557 1030 1627 1083 sit
1684 1030 1827 1085 Deus
1860 1073 1874 1095 ,
1926 1033 2123 1087 Filium
2180 1043 2361 1090 tamen

808 1121 865 1165 et
922 1113 1179 1180 Spiritum
1233 1116 1598 1175 indissolubili
1654 1137 1796 1177 nexu
1866 1125 1970 1178 sibi
2044 1128 2367 1196 conjunctos

811 1196 995 1264 habet,
1038 1199 1261 1271 ipseque
1296 1206 1433 1259 adeo
1470 1208 1632 1272 Deus,
1689 1220 1749 1264 ut
1801 1213 1980 1280 reipsa
2030 1225 2137 1280 est,
2170 1217 2366 1270 Filius-

806 1303 913 1354 que
953 1290 1118 1355 Deus,
1184 1304 1238 1347 et
1270 1295 1504 1363 Spiritus
1532 1299 1676 1354 Deus
1726 1304 2055 1371 appellatur,
2118 1310 2367 1377 quamvis

809 1393 915 1431 una
953 1387 1158 1435 tantum
1189 1385 1257 1438 sit
1292 1386 1577 1443 Divinitas.
1610 1390 1750 1456 Quid
1806 1396 1992 1449 verbis
2039 1412 2177 1465 opus
2229 1408 2314 1453 est
2344 1402 2367 1454 ‘l

808 1468 954 1536 Ignis
986 1472 1097 1536 hic,
1130 1491 1291 1543 quem
1329 1493 1493 1533 sensu
1528 1482 1882 1551 percipimus,
1923 1491 2149 1543 materia
2208 1479 2365 1545 ﬁam-

775 1608 777 1611 ,
812 1576 955 1614 mam
988 1576 1382 1633 progenerante
1411 1580 1647 1635 constat,
1681 1585 1894 1629 constat
1934 1588 1989 1632 et
2021 1596 2221 1648 vapore
2249 1584 2362 1647 illo,

811 1653 905 1719 qui
944 1668 1010 1706 ex
1056 1653 1273 1709 ﬂamma
1306 1664 1360 1710 et
1390 1662 1615 1714 materia
1670 1678 1885 1721 sursum
1936 1670 2225 1725 emittitur:
2279 1675 2366 1726 in-

811 1746 970 1820 terim
1000 1748 1139 1816 ignis
1174 1765 1313 1804 unus
1343 1762 1461 1814 est,
1516 1753 1743 1810 ﬁannme
1793 1769 1977 1814 autem
2030 1767 2364 1834 vaporisque

810 1834 1078 1891 beneﬁcio
1111 1838 1191 1904 ﬁt,
1222 1850 1280 1894 ut
1311 1844 1710 1911 quodammodo
1739 1849 1937 1904 referat
1973 1854 2187 1909 unicam
2222 1858 2368 1912 illam
2400 1835 2444 1894 Β

811 1925 1158 1983 Divinitatem
1195 1968 1210 1991 ,
1283 1949 1404 2000 qua:
1485 1937 1534 1989 in
1594 1937 1791 1993 Triade
1844 1953 2031 1997 sancta
2082 1946 2367 2004 elucescit.

814 2018 991 2072 Unum
1023 2036 1153 2089 ergo
1185 2022 1238 2075 in
1281 2023 1547 2079 Trinitate
1596 2028 1765 2082 Deum
1815 2048 1934 2088 esse
1990 2035 2090 2089 hac
2143 2038 2370 2094 demon-

810 2112 1076 2165 stratione
1142 2115 1428 2182 probatum
1477 2120 1589 2184 sit,
1633 2130 1780 2175 tanta
1831 2127 2102 2193 quidem,
2166 2141 2369 2199 quanta

815 2204 893 2255 rei
926 2205 1098 2272 ipsius
1130 2207 1317 2261 virtuti
1347 2211 1609 2278 exemplis
1642 2216 2176 2283 comprehendendis
2211 2221 2360 2275 sutli-

811 2295 940 2349 ciat.
974 2297 1084 2350 Nec
1111 2299 1257 2352 enim
1314 2301 1424 2354 ullo
1492 2304 1605 2357 ﬁeri
1664 2308 1825 2359 modo
1870 2318 2083 2375 potest,
2146 2321 2206 2365 ut
2246 2328 2370 2380 per-

811 2385 1057 2451 spicuam
1108 2390 1267 2456 quis,
1325 2393 1690 2463 omnibusque
1756 2401 2002 2454 numeris
2064 2402 2368 2458 absolutam

813 2477 1066 2533 veritatis
1142 2482 1505 2550 cognitionem
1592 2499 1937 2557 assequatur.
2023 2492 2368 2562 Expediisset

812 2568 1030 2633 quidem
1064 2578 1231 2633 certe,
1287 2583 1344 2625 ut
1376 2575 1565 2629 mundi
1618 2576 1809 2645 Opifex
1850 2596 1945 2649 per
1996 2595 2210 2638 creatas
2238 2602 2265 2638 a
2300 2602 2359 2641 se

816 2676 901 2713 res
932 2676 1038 2713 non
1069 2664 1413 2718 innotuisset.
1450 2666 1561 2721 Dici
1588 2670 1735 2723 enim
1771 2687 1877 2724 non
1926 2684 2105 2740 potest
2156 2688 2365 2746 quanto

816 2752 1113 2806 interstitio
1145 2754 1371 2809 Creator
1406 2772 1435 2809 a
1467 2767 1711 2812 creatura
1740 2762 1810 2815 sit
1840 2763 2085 2818 dissitus.

1399 2866 1547 2922 CAP.
1592 2869 1779 2926 XXIV.

812 2974 1220 3054 Demonstratio.
1256 2996 1357 3054 qua
1392 2979 1555 3033 Deum
1588 2998 1650 3034 ea:
1684 3001 1742 3035 eo
1769 2988 1903 3054 quod
1938 2998 2131 3044 natura
2174 2990 2371 3045 Filium

883 3048 1412 3120 habet,_-arl_oplione
1470 3068 1669 3119 quoque
1713 3048 1852 3120 filios
1891 3059 2107 3114 habere.
2167 3071 2214 3113 et
2272 3065 2373 3114 nisi

2480 590 2736 657 Domino,
2797 597 3176 650 assimilabitur
3239 597 3460 652 Domino
3518 601 3573 652 in
3637 600 3760 666 ﬁliis
3818 599 3914 653 Dei
3940 602 3986 631 ³³
4022 602 4047 653 ?

2473 683 2675 751 quibus
2749 686 2934 741 verbis
3003 689 3305 743 naturalem
3380 691 3673 760 peculiaris
3758 691 4045 745 ﬁliationis

2472 772 2675 827 Christi
2726 779 3140 846 praerogativam
3191 780 3353 834 tacite
3413 781 3747 847 subindicat,
3807 798 3918 851 pra:
3973 786 4047 840 iis

2473 880 2612 932 quos
2677 866 2823 919 Deus
2879 869 3172 938 adoptione
3232 879 3290 924 et
3346 871 3518 940 gratia
3595 872 3703 926 sibi
3767 872 4041 929 devinxit.

2473 955 2681 1009 Deinde
2711 970 2846 1010 vero
2907 967 3085 1025 potest
3113 968 3170 1012 et
3227 960 3343 1014 haec
3403 962 3460 1014 in
3500 962 3738 1015 medium
3799 962 4043 1029 proferri

2474 1045 2631 1098 ratio.
2672 1044 2990 1115 Ubicunque
3019 1050 3265 1103 naturale
3313 1064 3421 1103 non
3455 1052 3800 1119 praecesserit
3833 1091 3849 1115 ,
3915 1054 4040 1107 ﬁeri

2473 1151 2581 1188 non
2629 1152 2810 1206 posse,
2868 1148 2929 1192 ut
2979 1140 3293 1209 ad0ptivum
3348 1140 3743 1210 subsequatur.
3788 1144 3923 1198 Nam
3969 1160 4042 1199 ex

2473 1230 2710 1282 naturali
2752 1232 3103 1299 generatione
3156 1247 3219 1286 ea
3258 1248 3379 1300 quae
3415 1249 3511 1302 per
3561 1234 3908 1303 adoptionem
3956 1237 4043 1299 ﬁt,

2473 1318 2775 1387 excogitata
2809 1328 2913 1373 est.
2968 1320 3157 1375 Priore
3207 1322 3440 1386 sublata,
3496 1324 3768 1392 posterior
3817 1341 4045 1394 quoque

2477 1409 2695 1462 tollatur
2748 1424 2971 1463 necesse
3026 1418 3129 1464 est.
3196 1411 3516 1466 Necessario
3586 1413 3732 1467 enim
3782 1426 4044 1469 naturam

2478 1496 2837 1566 subsequitur
2870 1498 3111 1569 adoptio.
3163 1497 3401 1557 Proinde
3442 1503 3546 1556 nisi
3599 1504 3711 1557 Deo
3752 1505 3899 1558 Patri
3952 1506 4046 1559 Fi-

2474 1585 2581 1638 lius
2610 1585 2871 1640 naturalis
2901 1593 3067 1649 esset,
3105 1602 3206 1641 nec
3226 1588 3542 1657 adoptivum
3577 1592 3744 1643 etiam
3783 1591 4043 1648 haberet.

2475 1675 2581 1728 Sed
2607 1675 2731 1728 Filii
2763 1675 2950 1730 dilecti
2984 1676 3271 1743 beneﬁcio,
3300 1695 3457 1733 amor
3484 1695 3592 1748 quo
3624 1681 3745 1749 pios
3785 1697 4044 1752 quosque

2474 1768 2829 1836 prosequitur
2863 1808 2876 1832 ,
2935 1768 3292 1823 ascribendus
3321 1778 3422 1824 est.
3454 1770 3655 1824 Eadem
3704 1788 3922 1841 quoque
3969 1773 4044 1827 de

2472 1874 2636 1913 causa
2674 1859 2814 1913 ﬁlios
2848 1858 3142 1928 adoptione
3173 1872 3355 1917 vocat.
3392 1863 3609 1931 Alioqui
3656 1864 3789 1932 quid
3832 1864 4043 1924 obstat.

2472 1950 2766 2018 quominus
2805 1951 3002 2019 angeli,
3039 1966 3161 2005 cum
3199 1952 3308 2006 sint
3342 1953 3656 2008 hominibus
3685 1955 3856 2008 multo
3894 1970 4041 2024 prae-

2472 2043 2787 2106 stantiores,
2840 2041 3207 2111 spiritualium
3243 2042 3476 2096 ﬁliorum
3527 2054 3715 2113 patres
3758 2045 4040 2100 dicantur:

2473 2132 2721 2186 homines
2751 2142 2928 2185 autem
2959 2131 3253 2186 dicantur?
3282 2134 3740 2202 quemadmodum
3762 2135 3829 2190 de
3862 2137 4042 2191 Abra-

2476 2224 2639 2277 hamo
2698 2222 2959 2277 Dominus
3039 2223 3115 2277 ait
3153 2240 3167 2276 :
3210 2222 3423 2275 Patrem
3474 2224 3758 2278 multarum
3800 2226 4040 2295 gentium

2472 2312 2714 2364 constitui
2738 2321 2790 2364 te
2813 2311 2881 2377 ³³,
2902 2311 3046 2380 quod
3077 2311 3145 2365 de
3177 2312 3327 2365 nullo
3356 2313 3670 2381 angelorum
3696 2315 3903 2368 dictum
3929 2325 4037 2369 est.

2473 2402 2707 2455 Omnino
2736 2413 2922 2456 autem
2958 2402 3086 2470 quia
3135 2404 3398 2457 naturalis
3456 2404 3772 2459 hominibus
3820 2415 3905 2459 est
3964 2407 4040 2460 li-

2471 2496 2729 2550 berorum
2762 2497 3092 2564 procreatio,
3138 2496 3348 2565 angelis
3390 2511 3525 2551 vero
3569 2512 3677 2551 non
3734 2499 3897 2563 item,
3953 2499 4041 2552 id-

2472 2586 2620 2640 circo
2657 2587 2732 2641 illi
2777 2602 2914 2655 quos
2943 2602 3041 2655 per
3067 2587 3293 2655 gratiam
3328 2586 3470 2642 Deus
3518 2588 3823 2656 adoptavit,
3870 2598 4042 2642 natu-

2472 2676 2639 2730 ralem
2696 2676 2897 2731 Christi
2966 2677 3283 2731 ﬁliationem
3324 2677 3675 2732 conﬁrmant.
3727 2679 3835 2733 L‘bi
3884 2681 4039 2733 enim

2470 2769 2694 2829 veritas,
2728 2768 2801 2821 ibi
2847 2776 2903 2821 et
2950 2768 3195 2822 veritatis
3251 2770 3481 2837 species.
3524 2769 3626 2824 Ubi
3682 2784 3908 2839 corpus,
3959 2771 4036 2825 ibi

2473 2868 2527 2912 et
2572 2858 2787 2912 umbra.
2831 2857 2931 2911 Ubi
2978 2858 3273 2926 exemplar,
3328 2858 3401 2911 ibi
3455 2871 3509 2913 et
3560 2861 3754 2929 imago.
3789 2861 4030 2914 Proinde

2472 2952 2597 3021 quia
2635 2959 2883 3003 naturam
2922 2948 3171 3018 sequitur
3204 2948 3460 3015 adoptio,
3516 2948 3563 3002 si
3637 2961 3833 3002 natura
3893 2966 4041 3019 prte-

2473 3040 2695 3095 exsistat
2720 3080 2734 3102 ,
2777 3038 3056 3107 adeptioni
3086 3050 3303 3106 quoque
3331 3039 3483 3093 locus
3504 3039 3630 3092 erit.
3661 3037 3703 3093 E
3727 3042 4032 3106 contrario,

886 3117 1147 3206 naturalis
1184 3117 1344 3206 filius
1375 3117 1723 3206 prwtiesslssei
1750 3166 1763 3189 ,
1800 3126 2055 3195 adoptivis
2089 3129 2187 3183 loci
2240 3132 2371 3184 nihil
2399 3149 2440 3206 α
2474 3132 2579 3185 nisi
2610 3140 2800 3184 natura
2836 3126 3212 3198 prtecxsistat,
3265 3128 3486 3199 adoptio
3524 3130 3849 3199 neutiquam
3905 3148 4042 3187 con-

884 3184 1145 3252 reliquum
1180 3184 1381 3254 fuisse,
1402 3189 1673 3257 probatur.

887 3300 1040 3365 Quod
1067 3301 1110 3355 si
1135 3300 1355 3355 Christo
1400 3305 1523 3372 quis
1581 3315 1641 3360 ut
1689 3307 1857 3361 Filius
1907 3310 2007 3363 Dei
2056 3320 2369 3379 vocaretur,

816 3394 1276 3462 quemadmodum
1321 3404 1377 3449 et
1430 3398 1637 3451 sanctis
1665 3438 1679 3462 ,
1718 3407 1771 3451 et
1813 3401 1996 3454 Israeli
2027 3442 2041 3465 ,
2108 3403 2371 3472 obtigisse

819 3486 991 3554 gratia
1023 3486 1341 3552 contendat,
1373 3488 1514 3541 scire
1548 3490 1710 3543 debet
1749 3501 2061 3546 sanctorum
2097 3498 2372 3550 neminem

822 3576 1109 3642 perspicue
1155 3576 1323 3628 ﬁlium
1351 3592 1379 3629 a
1423 3576 1529 3630 Deo
1558 3588 1809 3632 vocatum
1845 3582 2038 3635 videri.
2080 3582 2191 3636 lmo
2222 3600 2374 3639 com-

819 3665 968 3718 muni
1010 3679 1200 3717 omnes
1228 3666 1463 3733 quodam
1496 3669 1714 3722 nomine
1751 3668 1893 3723 ﬁlios
1934 3672 2217 3739 appellari,
2264 3690 2373 3728 non

818 3770 977 3809 secus
1046 3764 1208 3823 atque
1267 3771 1456 3811 servos
1515 3758 1811 3813 benevolos
1858 3776 1887 3813 a
1947 3762 2177 3816 Domino
2235 3764 2376 3818 ﬁlios

818 3844 925 3897 dici
981 3845 1250 3899 videmus.
1313 3846 1536 3915 Magnus
1584 3859 1731 3903 certe
1774 3850 1875 3903 fuit
1929 3852 2377 3920 Abrahamus,at

824 3937 918 3990 Dei
979 3939 1124 3992 filius
1174 3955 1516 4009 nequaquam
1589 3943 1768 3996 dictus
1827 3952 1933 3997 est.
1994 3945 2220 4013 Magnus
2273 3946 2377 3999 fuit

820 4027 1021 4098 Moyes,
1052 4039 1106 4083 et
1136 4032 1319 4085 caeteri
1369 4047 1564 4086 omnes
1595 4035 1897 4102 prophetae,
1943 4052 2133 4090 eorum
2194 4048 2376 4095 tamen

821 4121 1091 4173 neminem
1148 4122 1293 4176 Deus
1349 4124 1571 4177 nomine
1643 4125 1882 4179 ﬁliorum
1964 4126 2217 4196 dignatus
2272 4139 2377 4183 est.

823 4211 1099 4265 Christum
1133 4229 1320 4265 verum
1373 4224 1485 4266 tum
1545 4215 1688 4268 Deus
1743 4217 1858 4284 ipse
1908 4218 2067 4272 Pater
2116 4219 2377 4274 dilectum
2420 4249 2423 4253 -

825 4302 1015 4355 Filium
1074 4312 1250 4366 vocat,
1303 4312 1414 4355 tum
1460 4306 1741 4372 pr0pheta3
1795 4322 2011 4376 quoque
2075 4309 2178 4378 ipsi
2232 4310 2375 4363 idem

825 4399 1112 4443 testantur.
1164 4391 1279 4445 Nec
1324 4391 1377 4444 id
1428 4391 1601 4445 solum
1635 4402 1779 4460 post,
1814 4395 1909 4449 sed
1946 4406 2000 4449 et
2030 4405 2159 4451 ante
2213 4413 2377 4467 quam

2474 3220 2670 3275 sistere
2706 3228 2907 3289 potest.

3065 3353 3217 3408 CAP.
3271 3354 3435 3408 XXV.

2475 3469 2551 3523 De
2582 3470 2868 3535 Principio.
2905 3469 3252 3543 Principium.
3302 3470 3357 3524 id
3412 3478 3511 3543 est_
3545 3470 3680 3543 Deus
3728 3472 3909 3535 Pater,
3951 3479 4042 3543 qui

2545 3556 2859 3608 quwcunque
2907 3542 3037 3601 vult,
3102 3556 3163 3593 ea
3214 3548 3402 3607 potest.
3476 3540 3686 3594 Primus
3753 3550 3803 3593 et
3854 3540 4033 3597 noris-

2544 3610 2726 3669 simus,
2778 3610 3086 3670 invisibilis,
3138 3611 3464 3671 immensus,
3537 3612 4041 3675 incircumscriptus,

2544 3680 2915 3745 incorporeus,
2973 3678 3311 3743 inde/initus,
3390 3688 3660 3741 wternus,
3726 3680 4045 3733 steculorum

2545 3757 2769 3812 creator,
2800 3748 2956 3799 variis
2986 3745 3271 3813 Scriptura:
3296 3748 3420 3799 locis
3454 3751 3727 3816 probatur.

2548 3855 2741 3909 Totius
2790 3869 2977 3909 rerum
3022 3852 3392 3907 univcrsitatis
3437 3868 3609 3906 unum
3661 3868 3781 3907 esse
3834 3854 4045 3923 princi-

2478 3948 2627 4015 pium
2677 3956 2731 4001 et
2786 3946 2997 4001 Veteris
3059 3954 3115 3999 et
3156 3944 3287 3998 Novi
3365 3944 3699 3998 Testamenti
3753 3944 4042 4014 Scriptura

2478 4045 2707 4092 constat.
2742 4037 3007 4091 Nimirum
3044 4036 3311 4089 universa:
3336 4034 3526 4087 mundi
3564 4035 3826 4089 machinae
3871 4036 4043 4089 Deum

2478 4140 2532 4186 et
2565 4131 2778 4184 Patrem
2810 4127 3023 4181 Domini
3056 4126 3226 4179 nostri
3277 4124 3404 4179 Jcsu
3444 4123 3673 4189 Christi,
3715 4125 4044 4192 ingenitum.

2483 4220 2730 4274 interitui
2778 4234 2886 4271 non
2945 4216 3281 4278 obnoxium,
3329 4224 3631 4277 aaternum,
3672 4214 4003 4267 immensum
4031 4256 4043 4277 ,

2482 4309 3039 4377 incircumscriptum,
3068 4305 3432 4369 indeﬁnitum,
3462 4304 3913 4374 incompositum,
3962 4308 4047 4357 ia-

2486 4414 2846 4469 corporeum,
2950 4396 3321 4457 invisibilcm,
3384 4396 3725 4463 simplicem,
3799 4394 4045 4455 bonum,

823 4480 1113 4533 humanam
1159 4496 1377 4535 carnem
1415 4483 1685 4544 indueret.
1734 4487 1842 4539 imo
1887 4488 2071 4541 hercle
2102 4465 2245 4543 vero
2277 4506 2376 4543 an-
2409 4465 2462 4525 D
2483 4493 2712 4561 justum,
2749 4489 2931 4541 lumen
2966 4486 3084 4539 solo
3115 4485 3396 4539 intellectu
3444 4485 3819 4553 perceptibile,
3853 4493 4049 4552 poten-

824 4582 1040 4639 tequam
1072 4572 1309 4627 mundus
1334 4575 1683 4629 conderetur.
1719 4576 1855 4629 Illud
1886 4578 2054 4641 enim,
2098 4579 2182 4632 Ex
2226 4588 2376 4635 utero

822 4672 944 4712 ante
972 4658 1272 4728 Luciferum
1299 4665 1453 4731 genui
1487 4671 1536 4716 te
1573 4664 1641 4727 ³⁸,
1694 4674 1750 4718 et
1799 4665 1961 4728 illud,
2016 4666 2152 4720 Ante
2198 4684 2375 4722 omnes

820 4752 979 4805 colles
1007 4754 1185 4821 genuit
1216 4769 1295 4805 me
1320 4754 1385 4817 ν,
1418 4754 1519 4808 hoc
1549 4756 1725 4823 ipsum
1757 4755 2060 4810 conﬁrmat.
2090 4759 2148 4811 In
2200 4759 2378 4813 homi-

823 4838 986 4891 nibus
1024 4847 1204 4891 autem
1234 4855 1343 4892 non
1381 4840 1451 4893 ita
1481 4855 1539 4894 se
1597 4856 1685 4895 res
1730 4842 1913 4898 habet.
1961 4844 2150 4914 Itaque
2188 4863 2255 4902 ex
2293 4848 2378 4903 his

830 4929 1008 4996 primo
1055 4927 1330 4982 Christum
1363 4946 1467 4983 non
1504 4930 1798 5001 adoptione
1830 4942 1885 4987 et
1912 4938 2106 5004 gratia,
2135 4937 2229 4991 sed
2277 4952 2378 4991 na-

825 5029 944 5072 tura
979 5031 1034 5073 et
1060 5021 1287 5074 veritate
1316 5020 1510 5074 Filium
1544 5022 1635 5075 Dei
1675 5023 1784 5077 dici
1823 5036 2041 5081 constat
2071 5045 2085 5084 :
2134 5044 2202 5082 eo
2231 5029 2378 5097 quod

826 5126 1016 5166 eorum
1049 5115 1142 5179 qui
1179 5112 1351 5180 gratia
1381 5114 1479 5167 ﬁlii
1526 5125 1654 5170 sunt
1684 5118 1900 5172 nullum
1935 5119 2077 5173 Deus
2112 5121 2216 5174 hoe
2270 5121 2381 5189 pri-

826 5203 993 5256 vatim
1058 5204 1276 5258 nomine
1337 5208 1695 5274 compellarit:
1752 5211 1839 5264 cui
1888 5211 2109 5279 quidem
2174 5212 2379 5276 amici,

826 5293 993 5357 servi,
1023 5302 1079 5347 et
1106 5294 1293 5349 famuli
1327 5312 1522 5351 nomen
1552 5299 1603 5352 in
1634 5315 1729 5354 ore
1763 5300 2015 5369 frequens
2036 5301 2380 5365 obversatur,

828 5383 902 5437 ﬁli
949 5398 1078 5438 vero
1128 5402 1448 5457 nunquam;
1488 5388 1705 5445 Christo
1735 5403 1915 5445 autem
1950 5394 2051 5446 soli
2094 5396 2381 5464 perspicue

829 5472 947 5525 κατ’
1000 5474 1213 5543 ἐξοχὴν,
1264 5477 1368 5531 hoc
1409 5487 1493 5531 est
1540 5494 1639 5547 per
1701 5480 2080 5536 excellentiam
2110 5521 2125 5547 ,
2182 5501 2379 5541 nomen

831 5564 949 5619 Filii
995 5565 1181 5621 dilecti
1221 5569 1492 5623 attribuit.
1554 5570 1709 5635 Quod
1755 5572 1985 5627 Davides
2030 5590 2248 5646 quoque
2298 5578 2383 5632 his

902 5678 947 5707 ³⁵
978 5678 1119 5732 Psal.
1176 5694 1282 5741 cn,
1316 5682 1369 5733 5.

978 5682 1119 5732 Psal.
1176 5694 1282 5741 an,
1316 5682 1369 5733 5.
1446 5682 1488 5713 ³⁷
1530 5685 1690 5739 I’rov.
1716 5700 1831 5750 vni,
1872 5684 1963 5741 9.5.

966 5748 983 5783 ὗ
1027 5750 1057 5783 ’ζ
1154 5752 1197 5782 5|
1225 5750 1355 5783 nn...
1421 5766 1470 5783 ul
1531 5754 1547 5783 Ι

839 5761 926 5807 xx,
951 5755 1079 5809 2,5.

1154 5752 1197 5782 ³⁸
1225 5750 1383 5809 Deut.
1421 5754 1575 5813 v1.4.

2045 5687 2089 5720 ³⁸
2119 5688 2259 5745 Psal.
2291 5706 2546 5756 LXXXVIII,
2578 5689 2628 5746 '7.

2485 4582 2611 4634 tiam
2642 4575 3141 4633 immensurabilem
3174 4613 3188 4637 ,
3245 4574 3405 4643 cujus
3465 4584 3644 4627 tamen
3689 4573 3849 4626 unica
3892 4588 4046 4627 men-

2485 4684 2611 4723 sura
2675 4677 2803 4729 est,
2857 4667 3040 4719 divina
3087 4664 3295 4718 scilicet
3352 4664 3625 4717 voluntas.
3693 4662 4046 4732 Qttmcunque

2483 4761 2628 4815 enim
2658 4760 2791 4823 vult,
2825 4756 3011 4812 eadem
3049 4770 3269 4826 quoque
3319 4764 3517 4823 potest.
3572 4755 3727 4819 Quod
3774 4755 4046 4824 Propheta

2484 4851 2570 4907 his
2603 4850 2780 4905 verbis
2817 4858 3008 4917 aperte
3051 4847 3429 4902 demonstrat:
3467 4843 3657 4899 Omnia
3709 4844 3856 4898 enim
3898 4862 4044 4913 qure-

2484 4958 2684 5011 cunque
2708 4941 2870 4995 voluit
2901 4935 3175 5000 Dominus,
3207 4938 3327 5006 fecit
3358 4936 3425 4989 δ’.
3462 4935 3854 4990 Ρτεᾱίοιοτιιῐιι
3883 4952 4046 5004 porro

2484 5034 2770 5088 veritatem
2839 5046 2996 5086 sacra
3067 5030 3349 5091 Scriptura
3414 5029 3719 5081 conﬁrmat.
3778 5027 4048 5081 Audimus

2486 5126 2633 5181 enim
2662 5123 2831 5177 Deum
2876 5122 2955 5176 sic
3012 5121 3065 5174 in
3108 5118 3464 5189 legislationis
3514 5133 3625 5173 suae
3679 5118 3838 5172 initio
3877 5120 4045 5172 verba

2488 5217 2776 5272 facientem
2817 5232 2829 5267 :
2869 5213 2980 5282 Ego
3010 5228 3125 5264 sum
3146 5211 3393 5263 Dominus
3435 5209 3573 5262 Deus
3607 5219 3746 5270 luus,
3776 5211 3864 5276 qui
3889 5210 4045 5261 aduri

2492 5318 2539 5361 te
2569 5308 2631 5359 de
2674 5316 2815 5359 terra
2864 5304 3098 5375 Egypti.
3157 5302 3273 5355 Non
3300 5310 3450 5354 erunt
3491 5301 3583 5353 tibi
3630 5301 3701 5352 dii
3760 5298 3921 5352 alieni
3963 5317 4047 5353 co-

2489 5416 2605 5452 ram
2640 5413 2722 5450 me
2751 5397 2820 5449 “.
2860 5395 2996 5448 Item
3046 5394 3151 5447 alio
3194 5395 3334 5457 loco,
3377 5390 3536 5453 Audi,
3566 5390 3755 5452 Israel,
3791 5388 4045 5443 Dominus

2490 5491 2627 5544 Deus
2685 5497 2804 5541 tuus
2862 5486 3117 5539 Dominus
3186 5499 3322 5536 unus
3380 5490 3452 5534 est
3493 5480 3559 5532 δ’.
3602 5478 3697 5531 His
3745 5479 4045 5547 astipulan-

2490 5588 2579 5632 tur
2619 5591 2675 5632 et
2720 5579 2811 5632 illa
2844 5617 2858 5640 ,
2909 5590 3029 5645 qua:
3083 5589 3179 5643 per
3238 5573 3433 5627 Isaiam
3498 5569 3816 5638 prophetam
3866 5569 4039 5629 docet.

3796 5682 3836 5713 “
3875 5680 4040 5736 Exod.

2708 5692 2751 5725 ⁸’¹
2782 5690 2915 5746 Cen.
2957 5705 3085 5755 xm,
3111 5688 3163 5741 4.
3242 5688 3285 5717 ’⁵ο
3316 5684 3454 5740 Psal.
3482 5697 3629 5745 exul,
3666 5683 3718 5736 5.
