4274 6382
236 422 376 489 1153

1492 418 1884 478 TIIESAURI
1929 418 2079 481 LIB.
2122 417 2206 478 ΙῘ.

3327 418 3460 481 ΗΜ

234 540 369 610 Ego,
421 537 565 590 enim
611 535 944 604 inquit,sum
995 531 1134 586 Deus
1177 532 1414 600 primus,
1460 539 1508 581 et
1564 544 1656 597 ego
1707 526 2109 591 no-AQuibus
2166 526 2330 579 etiam
2365 524 2547 579 verbis
2572 525 2720 581 Illum
2757 525 3014 580 omnibus
3058 525 3112 580 in
3161 535 3325 583 rebus
3372 527 3465 584 In-

232 634 494 693 vissimus,
529 635 576 681 et
611 629 800 694 absque
825 643 905 678 me
936 641 1035 677 non
1065 631 1141 675 est
1168 622 1308 675 Deus
1333 623 1395 674 "’.
1423 622 1555 675 Ante
1589 635 1668 671 me
1695 633 1798 670 non

235 730 312 774 cst
360 721 621 788 formatus
674 717 811 770 Deus
852 717 1012 778 alius,
1060 731 1165 768 non
1210 715 1345 784 fuit,
1393 730 1485 765 nec
1538 718 1655 777 post
1717 726 1799 762 me

234 811 442 877 futurus
475 815 572 869 est,
620 822 711 859 nec
765 806 903 859 alius
959 815 1035 859 est
1083 812 1278 871 prarter
1317 817 1418 855 me.
1472 802 1637 863 Item,
1686 798 1797 868 Ego

239 900 398 960 Deus,
432 913 524 949 nec
563 907 638 950 est
688 904 877 965 prwter
921 912 1019 960 me,
1064 897 1243 963 justus
1283 902 1542 955 servator,
1587 906 1678 943 nec
1724 897 1799 942 est

241 997 436 1057 praeter
467 1003 547 1040 me
592 987 659 1039 “.
719 984 927 1048 Quibus
974 991 1124 1037 certe
1176 982 1360 1036 verbis
1425 980 1797 1040 Valentinum,

236 1079 501 1142 Marcum,
561 1076 875 1140 Basilidem,
926 1088 983 1128 et
1031 1073 1358 1128 Marcionetn
1398 1072 1657 1126 vanitatis
1707 1084 1801 1123 co-

236 1169 439 1238 arguit,
478 1182 657 1236 neque
680 1167 827 1221 enim
873 1175 1000 1219 ante
1055 1178 1203 1228 eum,
1252 1178 1429 1232 neque
1484 1171 1607 1232 post
1649 1176 1798 1223 eum,

239 1260 337 1314 alii
387 1260 643 1327 cuiquam
697 1259 795 1314 Dei
866 1271 1066 1311 nomen
1117 1256 1337 1310 tribuit:
1399 1254 1497 1308 sed
1548 1251 1800 1307 eumdem

240 1351 477 1420 primum
509 1362 564 1405 et
611 1361 945 1421 postremum
981 1364 1098 1403 esse
1129 1348 1442 1402 conﬁrmat.

824 1483 973 1537 CAP.
1025 1481 1214 1535 XXVI.

311 1599 388 1653 De
424 1597 607 1651 Patre.
640 1596 890 1652 Videntur
919 1598 1026 1648 htec
1066 1592 1472 1662 prcecedentibus
1516 1591 1734 1661 ἀμέσως

848 1666 1199 1717 adnectenda.

314 1802 412 1857 llis
450 1817 611 1870 porro
635 1814 908 1855 sacrarum
941 1797 1345 1865 Scripturarum
1377 1795 1624 1849 doctrina
1665 1808 1768 1847 con

241 1903 500 1948 sentanea
531 1900 634 1945 est.
683 1889 940 1943 Servator
983 1888 1131 1941 enim
1158 1894 1209 1940 et
1245 1887 1507 1940 Dominus
1552 1888 1734 1937 noster
1756 1884 1800 1937 is
1828 1858 1874 1917 Β

242 1994 349 2047 est,
392 1983 483 2052 qui
537 1998 753 2035 onmem
791 1995 890 2049 pro
940 1978 1098 2033 nobis
1143 1978 1415 2048 justitiam
1461 1975 1796 2043 adimplevit.

241 2074 361 2142 lpse
386 2072 534 2126 enim
565 2070 704 2123 dixit
755 2066 970 2130 Joanni,
1028 2065 1150 2121 Sine
1187 2064 1361 2129 modo,
1395 2065 1468 2117 sic
1495 2064 1634 2117 enim
1660 2064 1802 2116 decet

240 2180 335 2217 nos
378 2161 595 2231 implere
661 2175 865 2212 omnem
897 2157 1164 2227 justitiam
1206 2155 1273 2209 ⁸⁵.
1335 2153 1479 2207 Idem
1531 2162 1804 2222 quatenus

243 2254 439 2314 homo,
479 2248 729 2302 oratione
783 2260 912 2299 usus
948 2253 1051 2307 est,
1099 2252 1155 2297 et
1194 2258 1226 2295 a
1280 2240 1439 2295 Patre
1486 2240 1680 2307 petiit,
1744 2246 1804 2293 ut

240 2342 513 2402 aposwlos
549 2339 790 2393 doceret.
841 2339 1020 2404 Atque
1063 2334 1116 2388 in
1154 2333 1417 2388 orationis
1444 2330 1616 2386 forma
1643 2330 1804 2385 theoo

242 2432 471 2501 logicam
503 2430 803 2484 doctrinam
832 2426 1116 2495 discipulis
1161 2424 1484 2478 insinuavit.
1538 2422 1661 2476 Haec
1728 2431 1801 2475 est

242 2523 404 2585 enim,
437 2519 633 2588 inquit,
695 2518 799 2570 rita
856 2525 1076 2578 (eterna,
1132 2522 1190 2566 ut
1231 2522 1503 2582 cognoscat
1552 2522 1600 2565 te
1633 2512 1800 2564 solum

241 2627 419 2663 rerum
458 2610 621 2660 Deum
650 2606 712 2659 ⁸⁸.
743 2607 896 2670 Item,
935 2604 1198 2670 Conﬁteor
1229 2605 1337 2666 tibi,
1360 2603 1544 2667 Pater,
1584 2602 1803 2655 Domine

242 2699 356 2751 caeli
392 2708 441 2751 et
475 2707 649 2761 terra’,
698 2697 948 2765 quoniam
992 2694 1311 2747 abscondisti
1354 2695 1464 2745 ha‘c
1517 2708 1548 2743 a
1591 2693 1807 2759 sapien-

243 2791 402 2851 tibus,
449 2799 497 2840 et
550 2788 793 2840 revelasti
837 2785 933 2840 illa
998 2785 1229 2855 paruulis
1262 2784 1326 2835 ⁸⁷.
1377 2783 1518 2847 Quin
1570 2791 1626 2835 et
1678 2797 1803 2835 san-

244 2891 365 2932 etus
397 2879 685 2944 Apostolus
733 2879 811 2932 sic
840 2880 917 2929 ait
948 2892 961 2927 :
994 2877 1118 2945 Regi
1147 2884 1322 2928 autem
1362 2874 1675 2927 sazculorum
1707 2876 1804 2926 im-

245 2967 481 3033 mortali,
516 2967 757 3021 invisibili
785 3006 798 3027 ,
847 2966 945 3018 soli
1003 2964 1151 3027 Deo,
1216 2967 1382 3017 honor
1426 2973 1473 3016 et
1535 2963 1704 3031 gloria
1748 2964 1804 3013 in

241 3062 435 3114 sa'cula
494 3058 848 3119 swculorum,!
894 3059 1061 3110 Amen
1099 3056 1165 3108 δ’.
1194 3055 1327 3107 Item
1354 3093 1366 3115 ,
1428 3053 1569 3106 Unus
1629 3051 1762 3106 Deus
1787 3091 1801 3116 ,

243 3168 376 3203 unus
411 3153 666 3203 mediator
699 3150 860 3200 Dei-et
880 3147 1341 3207 hominum,homo
1365 3144 1599 3198 Christus
1630 3144 1797 3197 Jesus.

246 3243 375 3295 Item
410 3258 423 3291 :
452 3240 593 3293 Unus
624 3239 760 3291 Deus
794 3236 978 3298 Pater,
1021 3251 1084 3287 ea:
1128 3252 1228 3303 quo
1267 3235 1441 3286 omnia
1472 3233 1537 3285 δ’.
1594 3234 1718 3286 1|an
1746 3242 1802 3286 et

247 3330 558 3398 huiusmodi
608 3330 866 3396 pleraque
900 3324 1213 3379 testimonia
1267 3324 1323 3376 in
1352 3332 1586 3391 utroque
1616 3323 1805 3374 Testa-

244 3431 428 3475 mento
459 3420 700 3489 reperire
730 3428 834 3479 est,
868 3431 988 3483 quae
1021 3418 1161 3468 hanc
1202 3414 1555 3469 concordiam
1606 3416 1805 3468 contir-

244 3520 434 3571 ment,
514 3521 792 3575 unumque
856 3507 1025 3560 Deum
1081 3505 1410 3574 praedicent,
1469 3520 1631 3574 quem
1689 3518 1802 3559 tum

244 3597 461 3657 Vetere,
518 3603 629 3647 tum
698 3594 853 3646 Novo
902 3592 1251 3647 Testamento
1302 3594 1630 3648 invisibilem
1681 3608 1800 3648 esse

242 3694 473 3740 constat.
521 3682 578 3735 In
624 3681 815 3735 Vetere
869 3682 1016 3736 enim
1048 3682 1115 3735 ad
1161 3682 1358 3737 Mosem
1411 3683 1491 3737 sic
1515 3685 1632 3738 ait:
1676 3683 1799 3736 Non

243 3776 380 3825 enim
430 3771 613 3823 ridebit
665 3785 746 3821 me
774 3771 927 3821 homo
953 3778 1000 3821 et
1047 3772 1177 3821 vivet
1206 3771 1274 3821 ⁵⁸.
1309 3771 1367 3823 In
1386 3773 1573 3824 sacris
1614 3782 1795 3823 autem

242 3860 549 3928 Evangeliis
601 3858 864 3911 Dominus
906 3858 1081 3910 dixit:
1126 3857 1291 3911 Nemo
1350 3861 1475 3912 uidit
1541 3859 1800 3922 Patrem,

244 3951 344 4002 nisi
388 3950 475 4017 qui
505 3956 578 4000 est
627 3964 690 3999 ea:
730 3947 860 4009 Deo,
892 3947 973 3998 hic
1007 3948 1133 4000 uidit
1174 3946 1412 4002 Patrem.
1453 3947 1564 4002 IIoc
1613 3950 1789 4017 ipsum

246 4040 465 4093 divinus
528 4038 691 4093 etiam
754 4037 1085 4104 evangelista
1163 4037 1242 4089 sic
1298 4039 1608 4091 exclamans
1664 4048 1804 4092 alte-

243 4142 465 4186 statur:
501 4128 665 4180 Deum
727 4143 876 4179 nemo
922 4128 1051 4179 vidit
1092 4143 1348 4195 unquam.
1390 4125 1596 4181 Iudicat
1668 4145 1802 4183 vero

243 4224 406 4276 etiam
438 4219 581 4273 unde
609 4218 662 4271 id
710 4216 987 4281 didicerit,
1041 4216 1229 4270 subdit
1273 4217 1418 4271 enim
1457 4233 1470 4268 :
1502 4218 1802 4287 Unigenitus

240 4312 331 4380 qui
384 4322 455 4362 est
509 4311 561 4362 in
608 4308 728 4362 sinu
776 4308 996 4372 Patris,
1045 4309 1132 4360 ille
1186 4309 1798 4377 enarravit.Apostolus

244 4416 461 4469 quoque
527 4401 605 4451 sic
659 4400 925 4452 exclamat
958 4397 1321 4460 :Immortali,
1377 4399 1645 4461 inuisibili,
1702 4399 1802 4453 soli

1901 617 2373 683 circumscriptum
2404 632 2525 669 esse
2559 617 2839 670 ostendit:
2892 634 2957 672 ex
3004 619 3161 687 cujus
3203 620 3459 673 nimirum

1900 706 2241 775 providentia
2276 707 2455 759 omnia
2491 706 2853 775 dependeant.
2889 707 3033 761 Idem
3077 710 3133 761 in
3178 708 3284 761 alia
3330 723 3467 776 qua-

1900 798 2021 851 dam
2052 796 2365 866 hynmodia,
2394 811 2488 849 seu
2516 798 2737 851 laudutn
2794 798 3039 860 cantico,
3090 798 3155 851 ad
3206 813 3333 852 eum
3384 801 3463 852 sic

1900 889 2010 942 ait:
2047 886 2159 952 Quo
2188 889 2270 940 ibo
2311 906 2341 939 a
2375 888 2563 955 spiritu
2592 899 2699 951 tuo,
2732 896 2822 940 aut
2868 904 2969 957 quo
3014 905 3045 941 a
3088 889 3222 954 facie
3257 900 3348 941 tua
3378 889 3466 957 [τις

1898 977 2071 1046 giam.’
2096 975 2152 1030 Si
2190 976 2468 1029 ascendere
2489 977 2543 1028 in
2575 979 2779 1039 caelum,
2818 987 2870 1029 tu
2904 977 3013 1029 illic
3045 991 3096 1028 es
3134 977 3219 1039 ,°si
3248 978 3461 1029 descen‘

1900 1068 2023 1121 dero
2052 1069 2107 1118 in
2140 1066 2423 1133 infernum,
2481 1066 2624 1120 ades.
2662 1066 2719 1119 Si
2778 1083 3048 1134 sumpsero
3076 1082 3274 1134 pennas
3324 1080 3463 1118 meas

1901 1156 2153 1216 diluculo,
2179 1163 2227 1206 et
2272 1155 2570 1209 habitavero
2597 1158 2649 1209 in
2701 1161 2944 1210 extremis
3005 1159 3165 1211 maris
3209 1173 3227 1210 :
3274 1166 3464 1209 etenim

1900 1249 2011 1302 illic
2038 1262 2225 1299 manus
2268 1255 2358 1299 tua
2411 1248 2625 1300 deducet
2657 1264 2759 1312 me,
2799 1258 2848 1301 et
2894 1249 3159 1316 occupabit
3206 1264 3289 1301 me
3335 1248 3464 1299 dex-

1902 1343 2027 1391 tera'
2057 1347 2145 1390 tua
2183 1339 2249 1391 ".
2321 1336 2445 1391 Haec
2498 1339 2689 1409 utique
2768 1339 3291 1407 incircumscriptam
3346 1340 3468 1407 ejus

1903 1427 2267 1482 substantiam
2299 1434 2353 1479 et
2381 1428 2676 1495 potentiam
2712 1429 3014 1483 declarant.
3044 1428 3225 1482 Isaias
3245 1442 3467 1495 quoque

1904 1519 2170 1588 propheta
2203 1520 2401 1573 clamat
2444 1535 2456 1570 :
2508 1516 2611 1582 Qui
2653 1519 2793 1570 sedet
2831 1535 2984 1585 super
3038 1534 3225 1588 gyrum
3278 1527 3467 1579 terras,

1904 1619 1953 1662 et
1979 1610 2300 1664 habitatores
2346 1608 2459 1676 ejus
2497 1617 2619 1660 sunt
2671 1615 2924 1675 tanquam
2994 1609 3203 1662 locusta:
3233 1609 3295 1662 ⁸³.
3347 1608 3467 1661 Alio

1904 1700 2034 1753 item
2091 1700 2213 1751 loco
2279 1696 2550 1749 idolorum
2592 1696 2964 1765 impotentiam
3015 1696 3467 1764 reprehendens,

1905 1789 2021 1843 haec
2074 1788 2318 1856 subjicit,
2364 1786 2567 1854 quibus
2608 1786 2701 1839 Dei
2761 1786 3146 1839 universorum
3197 1785 3470 1853 cognitio.

1905 1892 2027 1930 nem
2060 1875 2447 1944 adipiscamur.
2491 1875 2619 1938 Quis
2648 1874 2817 1938 enim,
2864 1873 3085 1942 inquit,
3135 1889 3349 1925 mensus
3391 1878 3469 1923 est

1903 1967 2100 2038 pugillo
2132 1983 2297 2033 aquas
2322 1973 2371 2018 et
2416 1964 2568 2018 ca’los
2614 1964 2792 2034 palmo
2842 1964 3195 2032 ponderavit?
3228 1964 3344 2030 quis
3376 1979 3473 2030 ap-

1903 2058 2080 2126 pendit
2138 2056 2302 2108 tribus
2348 2056 2523 2124 digitis
2555 2054 2742 2107 molem
2790 2064 2986 2119 εει-ηε,
3040 2064 3092 2107 et
3154 2056 3369 2107 libravit
3416 2054 3471 2104 in
3528 2094 3533 2097 .

1904 2147 2130 2216 pondere
2173 2153 2390 2209 montes,
2421 2152 2469 2196 et
2499 2145 2653 2197 colles
2708 2147 2760 2195 in
2815 2147 3043 2198 statera?
3089 2144 3215 2208 Quis
3270 2145 3471 2212 adjuvit

1906 2238 2168 2307 Spiritum
2206 2236 2461 2288 Domini?
2488 2246 2578 2288 aut
2612 2238 2726 2304 quis
2760 2235 3091 2288 consiliarius
3121 2237 3232 2303 ejus
3272 2235 3389 2303 fuit,
3423 2245 3472 2284 et

1905 2327 2130 2382 ostendit
2166 2326 2301 2379 illi?
2346 2326 2483 2379 Cum
2518 2342 2618 2394 quo
2644 2326 2758 2377 iniit
2790 2326 3087 2390 consilium,
3140 2336 3188 2378 et
3225 2325 3471 2377 instruxit

1905 2435 2041 2482 eum,
2079 2427 2128 2470 et
2185 2416 2361 2469 docuit
2389 2432 2506 2468 eum
2554 2417 2797 2468 semitam
2834 2404 3099 2484 justitite,
3152 2424 3202 2467 et
3253 2416 3473 2468 erudivit

1904 2524 2021 2559 eum
2064 2506 2358 2566 scientiant,
2394 2515 2442 2558 et
2490 2506 2629 2557 viam
2662 2504 2960 2573 prudentiw
3001 2505 3226 2556 ostendit
3265 2502 3345 2557 illi
3379 2503 3473 2555 '3?

1904 2597 2109 2651 Deinde
2143 2605 2407 2664 quantutn
2449 2595 2699 2648 humano
2736 2596 3019 2648 intellectu
3054 2602 3109 2649 et
3161 2596 3341 2664 lingua
3382 2596 3461 2647 Iu-

1905 2686 2111 2739 tulenta
2149 2686 2413 2753 consequi
2462 2694 2664 2752 potest,
2717 2701 2882 2754 quam
2929 2686 3194 2740 immensa
3245 2687 3316 2740 sit
3369 2686 3461 2740 Dei

1903 2778 2077 2831 virtus
2115 2776 2375 2829 ostendit.
2431 2776 2566 2829 Nam
2626 2775 2671 2830 si
2722 2786 2897 2845 gentes
2959 2793 3181 2840 omnes,
3243 2777 3465 2846 inquit,

1905 2865 2055 2935 quasi
2086 2865 2228 2917 stilla
2283 2865 2477 2928 situlte,
2515 2873 2562 2915 et
2605 2866 2757 2932 quasi
2802 2875 3121 2917 momentum
3174 2871 3384 2917 staterm
3424 2873 3472 2915 et

1909 2965 2166 3024 tanquam
2233 2955 2404 3007 saliva
2474 2963 2732 3021 reputatte
2787 2963 2956 3018 sunt,
3014 2957 3096 3007 cui
3143 2956 3472 3008 assimilastis

1907 3046 2208 3109 Dominum,
2252 3054 2344 3099 aut
2370 3062 2529 3113 quam
2560 3047 2839 3113 imaginem
2871 3049 3067 3114 ponetis
3108 3049 3155 3100 ei
3191 3048 3279 3100 "‘l
3312 3046 3468 3112 Quod

1907 3137 1952 3189 si
1999 3138 2195 3189 coelum
2227 3174 2242 3198 ,
2304 3145 2485 3199 terra,
2537 3144 2592 3188 et
2636 3150 2809 3203 aquea
2856 3147 3051 3189 natura
3108 3153 3324 3191 onmem
3377 3154 3473 3191 na-

1908 3236 2082 3278 turam
2115 3235 2353 3278 creatam
2389 3226 2694 3287 continent,
2736 3226 2930 3278 horum
2984 3236 3165 3280 autem
3222 3229 3466 3281 omnium

1906 3332 2164 3371 mensura
2189 3316 2386 3369 divina:
2418 3332 2609 3369 manus
2640 3330 2893 3370 mensura
2914 3326 3017 3381 est,
3052 3317 3387 3386 perpendant
3407 3318 3468 3380 ii.

1908 3411 2000 3478 qui
2037 3410 2221 3479 lingua
2266 3409 2437 3461 Deum
2469 3407 2647 3461 metiri
2680 3418 2971 3472 conantur,
3002 3424 3167 3478 quam
3208 3410 3470 3463 immensa

1904 3501 1976 3553 sit
2024 3501 2142 3567 ejus
2199 3507 2441 3563 natura;
2504 3513 2722 3550 manum
2780 3498 2886 3551 sibi
2937 3499 2990 3552 in
3040 3499 3224 3552 animo
3271 3514 3472 3569 propo-

1902 3600 2115 3651 nentes,
2148 3605 2254 3642 non
2289 3603 2409 3658 quae
2456 3587 2705 3656 corporis
2730 3587 3034 3641 membrum
3067 3590 3157 3652 sit,
3189 3590 3283 3642 sed
3315 3604 3470 3643 ener-

1906 3684 2048 3752 giam
2086 3680 2254 3743 illam,
2305 3694 2399 3732 seu
2430 3679 2537 3730 vim
2566 3676 2918 3743 effectricem,
2950 3693 3072 3747 qua;
3101 3688 3299 3734 cuncta
3328 3694 3465 3733 con-

1901 3773 2103 3827 diderit
2145 3781 2199 3825 et
2252 3771 2541 3839 gubernet.

1976 3863 2097 3915 llaec
2132 3870 2286 3924 sunt,
2331 3876 2450 3928 quae
2483 3861 2549 3915 de
2585 3862 2955 3918 universitatis
3001 3862 3112 3915 Deo
3162 3873 3319 3917 vetus
3368 3879 3471 3916 nos

1904 3952 2188 4020 Scriptura
2240 3951 2419 4005 docet.
2454 3950 2722 4006 Caeterum
2768 3962 2894 4007 ante
2934 3953 3094 4006 dictis
3123 3953 3280 4022 longe
3317 3956 3471 4023 plura

1901 4044 2077 4096 cuivis
2112 4042 2357 4095 invenire
2402 4042 2559 4096 facile
2583 4053 2686 4107 est,
2714 4043 2911 4111 quibus
2946 4043 3183 4096 divinam
3215 4047 3469 4097 substan-

1905 4137 2053 4197 tiam,
2104 4133 2449 4201 sapientiam,
2499 4143 2553 4187 ct
2604 4135 2896 4202 potentiam
2943 4134 3464 4203 incircumscriptam

1901 4240 2020 4277 esse
2071 4233 2243 4292 patet.
2272 4224 2329 4275 In
2363 4224 2563 4276 divinis
2610 4232 2789 4277 autem
2844 4224 3151 4292 Evangeliis
3204 4225 3469 4279 Dominus

1904 4316 2295 4368 Samaritanam
2327 4315 2440 4367 haec
2466 4324 2521 4367 et
2550 4315 2746 4370 similia
2792 4314 3074 4369 sentienda
3111 4331 3229 4369 esse
3258 4316 3466 4377 docuit,

1902 4422 2021 4475 quae
2054 4422 2175 4459 cum
2211 4408 2447 4459 divinam
2486 4407 2823 4473 majestatem
2848 4407 2968 4458 loco
2998 4406 3469 4474 circumscriptam

242 4489 488 4556 sapienti,
519 4488 684 4538 honor
703 4495 748 4538 et
771 4486 940 4554 gloria
963 4489 1013 4537 in
1032 4485 1227 4538 swcula
1251 4486 1563 4539 steculorum
1615 4491 1798 4541 Amen.
1839 4502 1885 4557 ι)
1908 4496 2267 4557 existimaret,
2299 4512 2472 4565 eaque
2504 4496 2570 4549 de
2602 4511 2761 4549 causa
2796 4496 3021 4550 dixisset
3056 4496 3274 4549 :Paire;
3309 4499 3476 4550 nostri

245 4582 379 4635 Item
414 4599 425 4632 :
461 4578 625 4643 Quem
657 4593 802 4630 nemo
836 4577 962 4630 vidit
987 4578 1278 4641 hominum,
1313 4593 1475 4643 neque
1505 4580 1678 4630 videre
1707 4598 1800 4648 po-

247 4673 386 4723 terit.
424 4671 749 4722 Immensum
781 4681 945 4735 porro
991 4680 1047 4720 et
1080 4667 1612 4736 incircumscriptum
1655 4686 1809 4723 eum-

246 4762 368 4814 dem
423 4774 581 4824 esse,
652 4758 774 4811 aliis
828 4774 893 4811 ex
954 4757 1240 4826 utriusque
1289 4758 1624 4814 ’l‘estamenti
1673 4762 1808 4816 locis

248 4851 503 4905 dicimus.
573 4852 750 4916 Atque
819 4849 873 4902 in
944 4849 1137 4903 Vetere
1204 4848 1426 4916 quidem
1490 4850 1632 4904 Deus
1676 4854 1801 4907 ait:

253 4945 440 4996 Nonne
474 4942 656 4993 ctelum
679 4951 725 4994 et
750 4952 946 4995 terram
970 4958 1061 5010 ego
1086 4941 1346 5007 compleo?
1381 4942 1502 4994 dicit
1536 4942 1808 4998 Dominus.

249 5033 378 5086 Item
411 5049 423 5083 :
454 5030 650 5085 Caelum
682 5032 805 5083 mihi
834 5033 978 5083 sedes
1013 5042 1109 5093 est,
1147 5040 1286 5083 terra
1311 5039 1487 5083 autem
1519 5031 1804 5088 scabellum

248 5125 434 5193 pedum
469 5138 723 5173 meorum.
752 5120 922 5183 Quam
952 5124 1161 5174 domum
1182 5123 1505 5189 (ediﬁcabitis
1536 5126 1661 5178 mihi
1684 5126 1707 5176 .9
1730 5127 1812 5179 di-

249 5216 315 5265 cit
373 5211 649 5264 Dominus.
722 5209 811 5263 νει
868 5213 983 5278 quis
1059 5211 1199 5264 locus
1252 5215 1436 5281 quietis
1494 5229 1622 5267 mea:
1687 5218 1811 5270 est?

251 5300 481 5353 Davides
508 5313 724 5366 quoque
752 5298 955 5352 divinis
1000 5299 1245 5354 moribus
1268 5308 1597 5369 conspicuus
1625 5306 1807 5357 excla-

249 5401 392 5443 mat:
431 5389 494 5442 In
531 5406 687 5442 manu
729 5391 840 5458 ejus
880 5401 997 5443 sunt
1031 5408 1206 5444 omnes
1250 5377 1380 5460 ﬁnes
1419 5403 1568 5447 terra
1604 5395 1647 5425 “
1673 5412 1685 5447 :
1714 5396 1806 5449 ubi

251 5497 468 5534 manum
497 5496 592 5551 pro
618 5481 1029 5549 dispensatrieis
1064 5482 1284 5537 virtutis
1314 5485 1514 5538 effectu
1556 5495 1805 5555 usurpat.

317 5616 496 5671 "Isa.
568 5635 710 5679 XLIV,
771 5618 824 5672 6.
899 5618 1076 5671 “Isa.
1144 5636 1295 5685 XLIII,
1346 5621 1430 5686 li),
1488 5621 1570 5672 ll.

250 5703 303 5751 Χ,
336 5691 426 5741 “1|.
502 5688 545 5718 ⁵⁸
581 5688 766 5742 lTim.
807 5706 844 5751 ι,
878 5689 961 5742 I7.

248 5773 505 5826 cxxxvnt,
530 5759 559 5810 7
614 5774 766 5829 seqq.
842 5759 886 5791 "
919 5759 1019 5813 Isa.
1051 5775 1136 5826 ωε,
1167 5760 1255 5816 22.

1648 5621 1691 5651 ⁸⁵
1724 5622 1912 5677 Matth.
1954 5641 2030 5683 ιιι,
2075 5626 2156 5677 15.

1036 5689 1081 5719 ⁴⁹
1115 5689 1131 5741 I
1158 5692 1297 5747 Tim.
1335 5708 1392 5749 ll,
1421 5692 1489 5752 5;
1536 5690 1732 5758 Ephes.
1756 5708 1827 5754 Iv,
1850 5694 1901 5746 6.

1331 5763 1377 5794 δι
1408 5760 1546 5816 Ibid.
1602 5760 1666 5813 t2
1694 5775 1847 5831 seqq.
1885 5762 1929 5795 σε
1962 5763 2095 5819 tum.
2136 5765 2323 5831 15,18.

1913 4588 1963 4637 in
2016 4588 2109 4638 hoc
2147 4595 2321 4637 monte
2374 4588 2752 4646 adoraverunt,
2785 4600 2830 4637 et
2865 4602 2950 4638 vos
2986 4588 3181 4650 dicitis,
3227 4588 3352 4654 quia
3400 4597 3472 4638 est

1914 4675 2055 4727 locus
2104 4675 2475 4744 Hierosolymis
2508 4678 2594 4729 ubi
2632 4676 2856 4729 adorare
2887 4684 3084 4744 oportet
3103 4678 3170 4741 ⁸⁸,
3214 4677 3476 4730 Dominus

1911 4767 2055 4819 illam
2084 4770 2414 4819 contrarium
2450 4767 2655 4820 sentire
2698 4768 2903 4827 docuit.
2941 4768 3198 4819 nimirum
3230 4768 3471 4819 divinam

1909 4865 2156 4910 naturam
2218 4858 2742 4925 incircumscriptam
2798 4874 2938 4915 esse.
3000 4858 3143 4912 Dixit
3192 4859 3336 4911 enim
3379 4858 3470 4912 ei-:

1908 4948 2072 5000 Amen
2097 4948 2212 5000 dico
2242 4948 2351 5010 tibi,
2383 4948 2591 5011 mulier,
2625 4952 2876 5016 quoniam
2910 4952 3047 5002 venit
3089 4953 3237 5010 hora,
3263 4957 3310 5000 et
3337 4965 3475 5000 nunc

1906 5047 2000 5101 est,
2050 5040 2262 5107 quando
2302 5055 2462 5107 neque
2511 5040 2904 5109 Hierosolymis,
2955 5055 3119 5107 neque
3153 5041 3205 5091 in
3237 5038 3347 5090 loco
3377 5040 3471 5090 hoc

1906 5129 2203 5181 adorabunt
2258 5128 2499 5182 Patrem.
2551 5128 2759 5193 Quibus
2815 5129 2998 5181 verbis
3053 5144 3176 5181 cum
3226 5128 3470 5180 divinum

1907 5220 2111 5273 cultum
2163 5219 2329 5273 nullis
2377 5220 2753 5273 circumscribi
2807 5220 2949 5272 Deus
3000 5219 3132 5271 locis
3175 5215 3470 5279 docuisset,

1912 5310 2235 5378 subjunin
2272 5310 2498 5379 Spiritus
2524 5321 2620 5374 est,
2664 5321 2709 5363 et
2738 5313 3021 5364 adorantes
3058 5324 3175 5361 eum
3202 5310 3256 5360 in
3282 5309 3472 5377 spiritu

1910 5408 1959 5453 et
1989 5400 2206 5451 ueritate
2242 5401 2467 5452 adorare
2500 5401 2639 5451 decet
2661 5402 2726 5455 ⁵⁷.

1984 5488 2098 5542 Una
2135 5505 2265 5543 vero
2301 5498 2355 5543 et
2384 5490 2573 5543 eadem
2624 5507 2788 5560 opera
2829 5491 3063 5545 divinant
3110 5499 3353 5543 naturam
3384 5488 3471 5542 it.-

2232 5625 2451 5679 "Joan.
2486 5642 2612 5691 xvn,
2649 5629 2702 5681 5.
2778 5628 2819 5657 ⁸⁷
2849 5626 3037 5679 Matth.
3075 5643 3147 5688 si,
3180 5625 3250 5678 25
3282 5640 3295 5686 ;
3329 5623 3462 5676 Luc.

1979 5696 2023 5725 ⁵⁰
2048 5695 2217 5747 Exod.
2240 5696 2535 5751 xxxmﬂO.
2613 5699 2654 5728 “
2676 5698 2811 5751 l'sal.
2840 5713 3084 5751 unum.
3117 5697 3169 5748 4.
3245 5695 3289 5725 ⁸³³
3322 5694 3460 5751 Psal.

2398 5736 2623 5821 vis...
2662 5736 3222 5831 ,ξεῖ“ξο·;’“έδ“ι“ιλίά,ἓδ,
3248 5736 3337 5820 et:
