4274 6382
807 422 942 484 1ἒῖιό

2006 414 2297 477 ΝΙΩΕΤᾸῖ
2336 414 2732 476 (ΣΙΙΟΝΙΛΤἉΕ

3892 426 4044 487 ῙΞῦἳ

802 548 1119 602 corpoream
1174 547 1390 602 quoque
1443 540 1498 585 et
1539 529 1875 585 indeﬁnitam
1930 547 2050 587 esse
2109 533 2369 587 ostendit.
2401 534 2443 592 Α
2474 534 2565 587 Dei
2602 535 2796 590 Filium
2830 554 3017 593 verum
3048 552 3101 595 et
3128 540 3426 610 legitimum
3456 552 3671 597 vocant.
3702 544 3878 612 Atque
3914 544 4049 612 ipse

798 629 969 683 Porro
1020 636 1280 679 aeternum
1324 623 1489 675 etiam
1538 638 1658 676 esse
1690 623 1943 675 eumdem
1993 623 2366 676 universitatis

802 719 969 773 Deum
1019 717 1207 769 beatus
1244 714 1476 769 Davides
1524 724 1715 765 auctor
1743 720 1845 777 est,
1882 714 1974 781 qui
2019 730 2164 769 nunc
2192 714 2363 768 dicit:

802 812 841 862 Α
873 808 1058 861 sreculo
1090 818 1138 860 et
1165 806 1217 857 in
1247 805 1492 858 sa'culum
1530 813 1585 855 tu
1620 820 1671 856 es
1694 819 1711 856 :
1738 820 1881 857 nunc
1914 820 2080 859 vero:
2107 806 2367 859 Exaudiet

802 901 1075 960 Dominus,
1107 908 1154 950 et
1180 895 1471 949 humiliabit
1521 910 1625 957 eos,
1673 895 1764 963 qui
1810 905 1881 947 est
1916 906 2037 947 ante
2076 898 2273 950 saecula
2298 898 2367 953 ”.

802 990 965 1041 Docet
991 988 1151 1041 etiam
1184 986 1347 1038 Isaias
1371 983 1656 1052 propheta,
1684 984 1772 1037 his
1794 984 1974 1038 verbis
2003 984 2318 1038 exclamans
2350 1001 2363 1035 :

808 1081 943 1131 Deus
1006 1080 1349 1145 sempiternus
1407 1074 1696 1136 Dominus,
1747 1076 1836 1142 qui
1881 1075 2071 1127 creavit
2122 1077 2369 1128 termi-ios

805 1179 956 1223 terrw
984 1185 1000 1221 :
1034 1184 1133 1219 non
1166 1165 1390 1231 deﬁciet,
1424 1182 1585 1231 neque
1623 1165 1899 1228 laborabit,
1934 1182 2025 1217 nec
2050 1175 2123 1217 est
2157 1167 2371 1219 investi-

804 1264 947 1326 gatio
992 1259 1261 1325 sapientiw
1306 1256 1419 1322 ejus
1441 1258 1509 1310 ".
1560 1257 1755 1309 Beatus
1804 1257 2026 1323 insuper
2080 1258 2369 1324 Apostolus

803 1350 1056 1402 eumdem
1124 1349 1449 1402 sreculorum
1522 1353 1820 1399 creatorem
1877 1345 2047 1398 novit.
2109 1346 2372 1400 Dominus

802 1449 983 1492 autem
1015 1448 1266 1491 naturain
1296 1439 1531 1491 divinam
1570 1452 1676 1489 non
1726 1445 1935 1489 tantum
1984 1452 2167 1489 rerum
2218 1454 2371 1491 Cl't‘a‘

807 1528 941 1581 tioni
987 1519 1285 1597 praefuisse,
1310 1528 1401 1581 sed
1428 1543 1652 1595 regnum
1685 1528 1849 1580 etiam
1896 1531 2097 1582 sanctis
2140 1544 2368 1583 conces-

807 1636 928 1673 sum
991 1635 1111 1673 esse
1165 1629 1287 1671 ante
1349 1620 1798 1671 constitutionem
1860 1619 2050 1673 mundi
2115 1628 2367 1673 testatur.

878 1710 1001 1764 Ilaec
1041 1722 1186 1772 sunt,
1221 1726 1340 1778 quae
1374 1710 1439 1763 de
1476 1710 1845 1764 universitatis
1894 1711 2055 1779 hujus
2101 1711 2369 1778 principio

808 1813 863 1857 et
908 1804 1109 1856 veteris
1146 1812 1199 1854 et
1234 1818 1386 1855 nova:
1434 1801 1724 1870 Scriptura:
1772 1802 2003 1855 lectione
2059 1801 2369 1863 didicimus,

808 1908 914 1945 non
952 1904 1159 1957 autem,
1200 1901 1261 1945 ut
1292 1893 1606 1945 Valentinus
1643 1900 1698 1944 et
1741 1891 2004 1944 Basilides
2040 1890 2371 1955 fabulantur,

807 1985 1128 2039 sa‘culorum
1167 1999 1197 2035 u
1230 1983 1452 2050 riusque
1479 1997 1638 2034 sexus
1659 1982 1933 2051 coujugia,
1957 1990 2011 2034 et
2033 1982 2376 2034 commixtio-

809 2090 927 2136 nes,
980 2074 1181 2143 quibus
1232 2074 1383 2125 velut
1428 2072 1481 2124 in
1534 2072 1820 2139 procinctu
1877 2073 2226 2125 consistant:
2275 2088 2376 2125 nec

807 2180 936 2217 vero
992 2164 1156 2216 etiam
1210 2161 1488 2215 contraria
1534 2171 1588 2214 et
1628 2160 1875 2221 diversa,
1933 2176 2055 2213 cum
2105 2159 2373 2225 Cet-done,

810 2254 1098 2314 Marcionc,
1127 2262 1179 2305 ct
1213 2252 1507 2305 Maniclneo
1564 2250 1850 2318 principia,
1883 2250 1977 2303 sed
2013 2265 2181 2303 unum
2219 2252 2374 2320 prin-

806 2344 1007 2413 cipium
1036 2353 1089 2395 et
1116 2344 1348 2411 justum,
1378 2351 1436 2395 ut
1471 2343 1633 2410 paulo
1662 2351 1785 2409 post
1824 2341 2197 2395 ostendemus.

1397 2448 1545 2503 CAP.
1590 2448 1797 2501 XXVII.

806 2543 884 2597 De
922 2541 1077 2595 Filio.
1106 2540 1284 2610 [Quod
1314 2542 1632 2609 unigenitus,
1666 2556 1815 2591 verus
1840 2537 2144 2610 Dei_Filius,
2178 2541 2376 2592 altissi-

881 2630 1017 2670 mus.
1070 2608 1339 2669 Dominus,
1398 2608 1644 2666 a’ternus.
1709 2610 1863 2671 Deus,
1916 2608 2068 2660 Jesus
2119 2609 2375 2675 Christus,

888 2682 1041 2734 Patri
1075 2681 1565 2739 consubstantialis,
1606 2687 1990 2746 cowtcrnusque
2018 2677 2131 2747 sit.j

875 2791 1346 2859 Quemadmodum
1397 2800 1577 2843 autem
1620 2791 1671 2842 in
1715 2805 1881 2842 unum
1942 2790 2109 2843 Deum
2164 2791 2376 2844 Patrem

805 2887 1034 2939 credere
1087 2884 1396 2945 didicimus,
1429 2883 1499 2933 ita
1533 2881 1696 2934 etiam
1732 2880 1786 2933 in
1829 2896 1997 2933 unum
2032 2881 2250 2944 Filium,
2287 2883 2379 2950 qui

809 2986 971 3028 natus
1005 2976 1074 3027 sit
1108 2982 1231 3025 ante
1279 2972 1493 3033 s'ecula,
1535 2986 1711 3038 neque
1760 2970 2059 3023 secundum
2110 2971 2381 3025 Valentini

806 3064 1038 3123 fabulas,
1085 3062 1249 3115 alium
1306 3060 1667 3130 unigenitum,
1716 3060 1883 3112 alium
1919 3060 2179 3123 Verbum,
2213 3063 2379 3114 alium

2470 626 2605 678 adeo
2639 628 2792 680 Pater
2837 645 2957 683 cum
2994 631 3187 685 Filium
3228 634 3440 687 etnlitus
3479 634 3835 699 nominasset,
3865 649 4045 703 quam

2468 719 2699 783 genuina
2724 719 2840 788 ejus
2870 732 3009 774 esset
3038 726 3317 791 generatio
3346 723 3699 778 demonstrat.
3732 726 3819 777 Ait
3840 726 3997 779 enim
4028 743 4041 776 :

2468 808 2564 860 llic
2590 824 2663 862 est
2694 810 2863 865 Filius
2901 830 3043 865 meus
3092 814 3324 878 dilectus,
3356 818 3409 868 in
3443 831 3542 883 quo
3578 815 3700 869 mihi
3734 815 3860 868 bene
3888 831 4049 866 com-

2468 896 2721 964 placitum
2749 911 2823 953 est
2846 903 2908 952 ⁸⁵.
2942 901 3078 966 Quid
3128 917 3289 970 porro
3324 902 3637 971 Baptistum,
3688 902 3816 970 quid
3862 916 4049 953 evan-

2469 990 2736 1057 gelistam,
2773 994 2902 1061 quid
2952 994 3243 1062 apostolos,
3282 995 3410 1062 quid
3462 995 3635 1063 ipsum
3670 992 3912 1061 denique
3944 1007 4043 1045 re-

2470 1092 2589 1129 rum
2620 1081 2859 1131 omnium
2885 1081 3050 1134 Deum
3083 1083 3241 1135 dico?
3271 1099 3339 1135 ne
3372 1084 3487 1149 ipse
3507 1082 3719 1150 quidem
3748 1080 4042 1145 diabolus,

2472 1171 2734 1223 mendacii
2773 1183 2943 1239 pater,
2972 1174 3079 1227 alio
3107 1191 3228 1228 eum
3258 1174 3579 1242 compellare
3606 1172 3827 1226 nomine
3857 1186 4045 1224 ausus

2470 1272 2554 1315 est
2582 1280 2591 1311 :
2619 1264 2712 1315 sed
2752 1274 3036 1329 antequam
3071 1264 3122 1315 in
3154 1274 3428 1317 certamen
3458 1262 3831 1325 descenderet,
3868 1259 4043 1313 dubi-

2473 1362 2590 1406 tans
2619 1352 2771 1417 dixit,
2803 1352 2859 1406 Si
2889 1352 3055 1405 Filius
3086 1351 3177 1405 Dei
3198 1370 3249 1405 es
3271 1355 3333 1404 “.
3374 1352 3579 1406 Amissa
3610 1366 3738 1405 vero
3771 1350 4039 1411 victoria,

2467 1444 2575 1513 jam
2608 1442 2834 1495 edoctus
2860 1444 2981 1510 quis
3004 1452 3164 1505 esset,
3192 1442 3332 1495 haud
3365 1443 3528 1496 dubie
3555 1443 3819 1496 exclamat
3847 1460 3858 1492 :
3892 1441 4043 1503 Quid

2474 1535 2616 1585 nobis
2644 1542 2689 1585 et
2723 1533 2832 1595 tibi,
2869 1531 2978 1585 Fili
3032 1534 3167 1586 Dei?
3202 1536 3384 1587 veniin
3426 1535 3522 1586 huc
3562 1543 3682 1587 ante
3719 1542 3945 1599 tempus,
3978 1542 4046 1581 ut

2473 1640 2565 1673 nos
2610 1632 2874 1691 torqueres
2899 1622 2981 1674 "?
3012 1622 3274 1691 Philippis
3326 1634 3502 1676 autem
3550 1622 3802 1675 eumdem
3848 1631 3906 1673 et
3938 1635 4045 1671 ex-

2473 1713 2716 1773 celsum,
2763 1722 2818 1765 et
2871 1713 3060 1765 Filium
3114 1714 3421 1780 appellavit.
3466 1712 3535 1765 Ili
3580 1712 3718 1764 enim
3772 1711 4045 1769 homines,

2474 1803 2670 1870 inquit,
2697 1802 2833 1855 servi
2856 1802 2947 1854 Dei
2972 1804 3157 1854 excelsi
3185 1812 3324 1865 sunt,
3359 1804 3445 1870 qui
3474 1803 3675 1870 quidem
3708 1800 4048 1852 annuntians

2476 1895 2617 1945 nobis
2654 1895 2794 1946 viam
2842 1893 3027 1946 salutis
3052 1894 3114 1946 “.
3148 1893 3348 1947 Christi
3379 1901 3556 1945 autem
3611 1890 3889 1958 apostolos
3919 1902 4048 1939 ser-

2476 1997 2570 2035 vos
2619 1983 2869 2049 appellat,
2906 1983 3008 2036 hoc
3058 1998 3252 2038 nomen
3292 1983 3359 2036 ab
3404 1982 3470 2036 iis
3507 1981 3751 2035 edoctus.
3800 1978 4041 2030 Beatum

2475 2069 2618 2121 enim
2644 2069 2868 2122 Paulum
2898 2072 2964 2123 ita
2995 2072 3263 2123 dicentem
3301 2079 3355 2123 et
3383 2070 3703 2123 scribentem
3738 2066 3996 2119 audierat
4027 2083 4041 2117 :

2476 2160 2674 2212 Paulus
2720 2176 2896 2213 servus
2949 2159 3073 2212 Jesu
3113 2159 3312 2213 Christi
3376 2168 3586 2212 vocatus
3639 2156 3918 2226 Apostolus
3966 2156 4038 2207 ⁶⁹.

2476 2248 2627 2311 Item,
2660 2248 2857 2302 Paulus
2884 2258 2930 2300 et
2957 2248 3241 2302 Timotheus
3270 2252 3400 2301 servi
3429 2248 3554 2300 Jesu
3575 2247 3845 2301 Christi".
3874 2244 4041 2310 Quctl

2475 2338 2519 2391 si
2554 2338 2632 2391 vel
2663 2338 2777 2406 ipse
2822 2340 3087 2393 mendacii
3131 2340 3323 2393 doctor
3350 2351 3405 2392 et
3432 2324 3616 2400 Deum,
3649 2346 3703 2391 et
3729 2337 4038 2393 excelsum.

2474 2439 2524 2481 et
2556 2428 2646 2480 Dei
2676 2428 2868 2481 Filium
2896 2440 3069 2493 vocat,
3110 2431 3457 2497 veritatisque
3502 2428 3804 2496 fulgoribus
3828 2427 4038 2491 cedat;

2476 2528 2623 2571 certe
2680 2520 2847 2585 patris
2894 2518 2977 2572 sui
3034 2519 3231 2571 diaboli
3286 2518 3750 2588 cowpellationem
3810 2518 4041 2569 vincere

2476 2611 2833 2673 contendunt,
2864 2612 3171 2679 quicunque
3206 2610 3399 2664 Filium
3433 2618 3733 2662 creaturam
3780 2621 4043 2661 asserere

2478 2704 2699 2753 audent.
2755 2699 3041 2762 Catterum,
3102 2710 3158 2751 ut
3201 2698 3451 2752 cumidem
3496 2712 3524 2749 a
3567 2696 3765 2748 divinis
3817 2709 4043 2764 quoque

2477 2793 2609 2844 viris
2652 2791 2975 2845 altissimum
3022 2790 3126 2844 dici
3161 2791 3468 2857 probemus,
3501 2788 3691 2842 audire
3716 2795 3800 2839 est
3827 2786 4043 2837 Zacha-

2480 2881 2636 2942 riam,
2665 2880 2793 2932 dum
2820 2880 2905 2934 bis
2930 2881 3205 2948 proprium
3238 2879 3429 2930 Filium
3463 2877 3645 2929 verbis
3682 2875 3990 2943 alloquitur
4025 2892 4039 2927 :

2481 2968 2547 3019 Et
2595 2977 2668 3029 tu,
2710 2983 2854 3033 puer,
2909 2969 3157 3035 propheta
3196 2966 3447 3017 Altissimi
3484 2965 3769 3024 vocaberis,
3824 2966 4043 3032 pra’itris

2482 3061 2619 3111 enim
2667 3070 2789 3112 ante
2822 3060 3005 3127 {aciem
3044 3058 3251 3109 Domini
3305 3072 3497 3125 parare
3536 3056 3644 3108 vias
3694 3057 3807 3122 ejus
3832 3057 3899 3106 ⁷⁸.
3934 3056 4046 3107 Ma-

808 3152 1116 3212 Christum,
1178 3150 1341 3203 alium
1402 3150 1637 3217 denique
1689 3148 1871 3203 Jesum
1923 3165 2041 3204 esse
2076 3151 2446 3217 docemus;c
2481 3164 2618 3217 gnus
2669 3150 2813 3201 enim
2867 3149 2957 3201 ille
3004 3148 3236 3201 Joannes
3280 3162 3383 3201 non
3434 3148 3600 3199 Beum
3648 3145 3891 3205 Patrem,
3945 3144 4040 3196 sed

808 3255 984 3308 neque
1014 3254 1142 3291 vero
1171 3238 1420 3291 Arianam
1455 3237 1955 3305 Eunomianamque
1985 3238 2370 3305 blasphemiant

808 3329 1003 3393 secuti,
1032 3344 1156 3381 eum
1188 3328 1279 3395 qui
1312 3326 1478 3379 Filius
1514 3326 1690 3378 dictus
1717 3337 1818 3389 est,
1851 3339 2154 3381 creaturam
2195 3329 2376 3382 nomi-

812 3434 1025 3471 namus.
1078 3419 1233 3470 Itlum
1284 3420 1427 3469 enim
1480 3415 1760 3483 Scriptura
1809 3416 1991 3468 divina
2037 3418 2373 3485 unigenitum

805 3526 925 3563 esse
977 3518 1224 3561 testatur.
1274 3507 1429 3572 Quod
1458 3508 1501 3559 si
1530 3515 1744 3560 creatus
1774 3516 1857 3559 est
1897 3507 2213 3576 Unigenitus
2238 3548 2251 3569 ,
2288 3524 2376 3563 so-

807 3616 985 3652 rorem
1061 3599 1256 3651 habeat
1321 3598 1695 3658 creationem,
1758 3597 2148 3664 universasque
2209 3597 2375 3651 totius

808 3689 1100 3743 errationis
1149 3698 1330 3755 partes
1371 3702 1592 3740 necesse
1636 3696 1749 3751 est;
1803 3689 1883 3738 sin
1918 3685 2227 3752 unigenitus
2271 3699 2373 3752 est,

810 3790 863 3831 ut
898 3791 997 3838 est,
1033 3779 1177 3830 nulla
1208 3778 1281 3829 illi
1317 3792 1540 3844 prorsus
1569 3792 1690 3828 cum
1722 3777 1882 3829 rebus
1916 3777 2114 3829 creatis
2142 3778 2376 3832 societas

809 3869 1122 3921 intercedit.
1172 3866 1519 3934 Uuigcuitum
1564 3881 1726 3933 porro
1757 3880 1875 3919 esse
1908 3866 2231 3933 Unigenitus
2263 3869 2375 3937 ipse

810 3958 896 4011 his
927 3958 1108 4010 verbis
1136 3966 1420 4009 attestatus
1453 3966 1535 4009 est
1562 3974 1572 4006 :
1606 3954 1690 4009 Sic
1719 3955 1901 4007 dilexit
1935 3956 2067 4008 Deus
2096 3959 2369 4020 mundum,

809 4058 864 4100 ut
917 4048 1238 4115 unigenitum
1292 4045 1485 4098 Filium
1526 4062 1679 4097 suum
1730 4046 1948 4108 dederit,
1981 4055 2037 4097 ut
2069 4048 2234 4099 omnis
2286 4050 2377 4116 qui

808 4139 965 4191 credit
998 4140 1050 4189 in
1080 4152 1196 4188 eum
1242 4153 1344 4187 non
1379 4136 1653 4203 perdatur,
1682 4136 1772 4187 sed
1797 4136 1983 4188 habeat
2017 4137 2178 4189 vitam
2222 4146 2377 4190 teter-

809 4241 933 4276 nam
957 4226 1020 4287 °°,
1056 4234 1109 4274 et
1141 4224 1299 4290 paulo
1336 4229 1455 4290 post
1486 4240 1499 4274 :
1535 4222 1633 4285 Qui
1670 4224 1830 4275 credit
1859 4226 1912 4277 in
1939 4241 2077 4288 eum,
2106 4241 2207 4277 non
2236 4228 2378 4293 judi-

808 4325 980 4377 catur,
1029 4315 1119 4379 qui
1157 4329 1275 4365 vero
1308 4330 1409 4366 non
1456 4316 1635 4377 credit,
1680 4316 1790 4379 iam
1816 4316 2088 4382 judicatus
2125 4324 2217 4378 est,
2255 4319 2376 4385 quia

811 4420 914 4454 non
958 4404 1175 4453 credidit
1225 4404 1279 4454 in
1326 4405 1534 4454 nomine
1591 4405 1845 4471 unigeniti
1880 4403 2001 4455 Filii
2042 4404 2136 4457 Dei
2171 4407 2237 4458 “.
2285 4407 2377 4461 His
2418 4427 2431 4439 ·

2480 3237 2819 3305 unigenitum
2869 3235 3060 3289 Filium
3096 3244 3461 3303 praecesserat,
3506 3234 3660 3301 cujus
3692 3234 3767 3285 rei
3802 3234 3887 3286 vel
3924 3234 4044 3300 ipse

2479 3332 2631 3386 testis
2667 3340 2749 3384 est
2774 3347 2787 3386 :
2817 3332 3180 3397 interrogatus
3224 3331 3392 3389 enim,
3430 3344 3496 3381 an
3530 3331 3642 3395 ipse
3688 3338 3835 3381 esset
3876 3327 4045 3381 Chri-

2478 3434 2615 3484 stus,
2648 3420 2751 3474 boc
2787 3420 3003 3488 quidem
3054 3419 3284 3485 negavit,
3324 3417 3727 3485 responditque,
3766 3418 3879 3485 Ego
3918 3420 4046 3469 mi.-

2475 3528 2561 3565 sus
2606 3527 2721 3563 sum
2755 3520 2877 3562 ante
2919 3509 3098 3577 [aciem
3148 3508 3256 3575 ejus
3284 3507 3347 3557 ⁷³.
3385 3505 3606 3557 D.vinus
3660 3509 3891 3571 insuper
3954 3506 4045 3557 ille

2478 3600 2709 3655 Davides
2746 3599 2994 3651 eumdem
3025 3598 3101 3649 sic
3134 3594 3421 3662 alloquitur
3452 3595 3816 3659 :L'ognoscant
3860 3604 4046 3659 gentes

2476 3692 2612 3761 quod
2662 3704 2844 3743 nomen
2892 3696 2967 3740 est
3016 3687 3104 3739 tibi
3156 3687 3424 3742 Dominus.
3467 3692 3519 3734 tu
3549 3681 3690 3734 solus
3743 3682 4047 3734 αιιὶιδὶηιω

2475 3798 2629 3848 super
2664 3796 2869 3831 omnem
2900 3788 3094 3829 terram
3120 3776 3188 3826 τ’.
3228 3774 3281 3827 Si
3313 3774 3455 3826 enim
3497 3772 3777 3831 Dominus.
3810 3782 3868 3826 et
3898 3773 4047 3825 Deus

2476 3882 2580 3926 est.
2622 3870 2764 3924 Unus
2791 3869 2936 3921 enim
2989 3866 3236 3919 Dominus
3262 3863 3411 3915 Jesus
3445 3864 3699 3921 Christus,
3752 3879 3849 3930 per
3887 3879 4046 3930 quem

2480 3962 2657 4012 omnia
2685 3959 2749 4020 ⁷³,
2784 3967 2842 4010 ιιι
2869 3956 3058 4009 beatus
3108 3953 3395 4020 Apostolus
3426 3952 3518 4003 ait.
3566 3952 3696 4004 Item
3749 3949 3901 4003 Unus
3940 3952 4047 4003 Do-

2478 4052 2669 4113 minus,
2698 4065 2802 4103 una
2845 4046 2975 4113 ﬁdes
3001 4046 3065 4096 ".
3106 4042 3338 4095 Proinde
3383 4041 3549 4094 Filius
3591 4042 3893 4093 altissimus
3936 4053 4042 4103 est,

2478 4138 2918 4209 quandoquidem
2948 4135 3224 4189 Dominus.
3258 4132 3359 4185 Sed
3391 4132 3458 4184 de
3498 4131 3581 4183 his
3605 4130 3828 4198 quidem
3861 4132 4050 4197 plera-

2477 4246 2584 4299 que
2633 4237 2823 4283 coutra
2872 4226 3055 4280 Arum
3089 4235 3143 4279 et
3172 4222 3518 4281 Eunomium,
3567 4220 3723 4273 libris
3772 4222 4047 4275 adversus

2477 4337 2573 4375 eos
2602 4320 2783 4381 editis,
2812 4316 3203 4377 disseruimus;
3238 4326 3381 4365 nunc
3409 4310 3552 4379 quod
3580 4311 3764 4375 instat,
3791 4326 4044 4377 agamus.

2477 4411 2837 4475 eumdemque
2876 4408 3158 4460 Dominum
3200 4419 3336 4465 esse,
3379 4402 3468 4469 qui
3513 4410 3566 4455 et
3614 4402 3958 4467 unigenitus.
3990 4410 4047 4454 et

808 4489 1137 4558 evangelista
1182 4503 1399 4556 quoque
1448 4489 1525 4542 sic
1560 4490 1845 4557 stipulatus
1875 4501 1954 4545 est
2000 4495 2115 4546 :Et
2165 4493 2375 4545 Verbum
2414 4483 2451 4533 ο
2484 4502 2625 4553 Deus
2674 4498 2929 4557 Verbum,
2976 4504 3027 4546 et
3069 4494 3321 4546 Servator
3356 4502 3411 4542 et
3454 4490 3608 4543 Jesus
3638 4490 3729 4551 sil.
3779 4490 4044 4543 didicisse

810 4595 936 4631 caro
992 4580 1190 4645 factum
1237 4588 1331 4639 est,
1379 4589 1423 4630 et
1471 4582 1721 4632 habitavit
1764 4584 1816 4632 in
1862 4583 2026 4644 nobis,
2072 4592 2119 4633 et
2160 4584 2378 4635 vidimus

808 4667 1037 4736 gloriam
1076 4670 1207 4734 ejus,
1253 4667 1477 4736 gloriam
1517 4671 1665 4735 quasi
1697 4670 1957 4739 Unigeniti
1988 4689 2019 4722 a
2053 4671 2231 4733 l’atre,
2268 4673 2377 4739 ple-

810 4771 939 4807 num
968 4759 1154 4823 gratia:
1178 4765 1227 4806 et
1254 4760 1485 4807 veritatis
1510 4758 1570 4807 “.
1606 4757 1791 4825 Neque
1814 4757 1959 4809 enim
1982 4768 2172 4811 natura
2197 4774 2377 4811 carus

810 4846 1110 4911 quisquam
1162 4845 1229 4897 de
1280 4846 1576 4900 divinitatis
1628 4847 1892 4914 dignitate
1943 4847 2219 4913 diminuit,
2279 4850 2373 4903 sed

813 4933 897 4984 vel
926 4946 1144 4985 carnem
1178 4934 1398 4986 indutus
1437 4946 1714 5002 paternam
1749 4936 2083 4991 nobilitatem
2114 4940 2374 4991 ostendit.

814 5021 945 5075 Item
974 5037 987 5070 :
1013 5021 1307 5089 Uniyenitus
1353 5024 1540 5087 Filius,
1571 5028 1657 5093 qui
1684 5034 1761 5079 est
1798 5028 1851 5078 in
1883 5028 2001 5079 sinu
2051 5027 2249 5089 Patris,
2287 5029 2374 5080 ille

813 5113 1081 5162 enarravit
1122 5112 1184 5163 “.
1214 5112 1453 5181 Baptista
1524 5130 1741 5183 quoque
1798 5115 1879 5169 sic
1928 5117 2188 5168 exclamat
2224 5132 2237 5167 :
2278 5116 2377 5179 Qui

2485 4606 2583 4644 nos
2620 4586 2988 4641 ostendamus.
3022 4583 3239 4636 Petrqu
3295 4589 3472 4631 autem
3500 4578 3552 4629 in
3584 4575 3825 4629 medium
3859 4578 4046 4644 profe-

2485 4694 2684 4738 ramus,
2718 4677 2807 4744 qui
2859 4676 3065 4742 primus
3109 4672 3205 4723 has
3237 4668 3625 4737 appellationes
3670 4682 3795 4719 cum
3843 4682 4044 4733 magno

2481 4770 2733 4824 confessu
2772 4765 3056 4818 confessus
3087 4768 3189 4813 est.
3223 4760 3433 4813 Primus
3480 4756 3625 4809 enim
3674 4755 3819 4807 inter
3851 4770 4041 4808 sai-ros

2479 4859 2751 4927 apostolos
2831 4855 3189 4919 interrogatus
3234 4865 3262 4901 a
3314 4848 3635 4907 Servatore,
3711 4844 3803 4895 I'os
3863 4854 4042 4895 autem

2478 4964 2630 5016 quem
2672 4960 2753 4997 me
2799 4959 2905 4995 esse
2953 4941 3167 4994 dicitis?
3213 4935 3507 5004 respondit,
3546 4934 3621 4986 Tu
3650 4950 3701 4985 es
3733 4932 3907 4985 Filius
3951 4934 4043 4984 Dei

2477 5036 2575 5087 vivi
2600 5034 2664 5083 ".
2698 5032 2893 5084 Beatus
2930 5038 3108 5083 autem
3152 5026 3385 5080 Joannes
3420 5021 3748 5090 evangelista
3774 5021 4037 5073 eumdem

2474 5134 2529 5177 et
2577 5122 2811 5177 Verbum
2851 5120 2995 5188 quod
3031 5118 3131 5170 fuit
3168 5125 3291 5169 ante
3332 5113 3546 5177 saecula,
3585 5119 3641 5164 et
3688 5108 4038 5177 unigenitum

813 5202 973 5253 credit
1016 5204 1070 5253 in
1112 5200 1309 5257 Filium
1363 5207 1512 5259 habet
1553 5208 1712 5259 vitam
1771 5218 2047 5270 a'ternam,
2082 5210 2167 5276 qui
2207 5218 2382 5259 autem
2479 5213 2695 5275 Filium,
2727 5220 2781 5264 et
2814 5208 2997 5262 mundi
3050 5207 3213 5259 totius
3257 5202 3523 5272 opiﬁcem,
3558 5209 3613 5253 et
3640 5199 3921 5251 Christum
3952 5197 4037 5249 Jer

816 5289 1113 5345 incredulus
1146 5303 1227 5346 est
1274 5295 1427 5358 Filio,
1475 5314 1577 5349 non
1623 5299 1810 5350 videlm
1838 5300 2020 5361 vitam,
2064 5304 2152 5350 sed
2179 5301 2260 5351 ira
2292 5298 2384 5349 Dei

816 5391 989 5434 manet
1033 5400 1187 5451 super
1228 5402 1341 5437 eum
1366 5388 1427 5439 ⁸⁷⁵.
1464 5386 1664 5441 Omnes
1705 5388 1945 5455 denique
1991 5388 2219 5455 apostoli
2260 5404 2383 5461 eum

2480 5316 2599 5355 sum
2629 5309 2803 5365 vocat,
2838 5301 2922 5353 his
2953 5298 3148 5359 verbis,
3182 5296 3246 5349 lu
3276 5294 3529 5363 principio
3557 5298 3672 5342 erat
3721 5288 3949 5340 Verbum
3972 5288 4036 5338 ’ἢ

2482 5392 2692 5457 Quibus
2725 5391 2906 5445 verbis
2931 5400 3191 5443 aeternum
3232 5386 3395 5439 fuisse
3424 5380 3713 5451 signiﬁcat.
3750 5379 3854 5444 Qui
3888 5378 4036 5431 enim

883 5521 927 5552 ⁸⁸
954 5521 1090 5573 Psal.
1134 5538 1347 5581 vaxtx,
1407 5525 1479 5582 ‘2;
1533 5526 1669 5579 Psal.
1727 5543 1832 5589 LIV,
1879 5526 1971 5581 20.
2101 5528 2145 5558 ⁸⁸
2182 5526 2281 5579 lsa.
2334 5543 2417 5587 XL.
2473 5527 2561 5584 ‘18.

2348 5543 2417 5587 ιι..
2473 5527 2561 5584 ‘18.
2694 5528 2737 5559 ⁶⁰
2768 5528 2923 5581 Joan.
3000 5540 3081 5586 ιιι,
3130 5522 3214 5575 16.
3347 5518 3549 5571 “Ibid.
3606 5516 3710 5589 18_._
3800 5514 4036 5589 "__.loan.

819 5607 856 5655 ι,
901 5591 1023 5660 lix
1060 5591 1265 5643 “Ibid.
1300 5598 1378 5645 ιδ.
1454 5595 1501 5623 *δ
1529 5596 1684 5647 .lonn.
1726 5584 1930 5659 ιιι,’56.
2007 5596 2050 5625 ί⁵
2090 5596 2279 5648 Matth.
2330 5584 2415 5659 III,
2459 5598 2507 5648 Η

2353 5584 2415 5659 Il,
2459 5598 2543 5651 17.
2619 5598 2662 5628 ⁸⁸
2699 5598 2845 5650 Ὶιιιι.
2906 5611 2977 5660 ιν,
3022 5584 3075 5646 3.
3185 5589 3439 5642 "Matth.
3473 5586 3739 5660 vnn-:29.
3792 5584 4035 5660 __‘_‘_Act.

816 5651 927 5719 am,
964 5658 1044 5720 l7,
1104 5661 1347 5733 f’nllom.
1381 5679 1417 5724 I,
1457 5667 1501 5717 ι.
1582 5651 1903 5733 “etiam...
1936 5668 1980 5719 ι.
2093 5669 2134 5696 τι
2170 5666 2301 5719 Luc.
2340 5651 2504 5721 om.

2346 5651 2513 5721 ..'7o.
2619 5668 2663 5696 "
2686 5667 2873 5721 Matth.
2917 5651 2977 5730 ti,
3011 5664 3107 5727 l0;
3170 5661 3309 5714 Psal.
3365 5672 3563 5717 Luxu,
3602 5655 3683 5705 19.
3792 5651 3835 5681 ⁷³
3864 5652 3881 5703 Ι
3909 5655 4034 5704 Lor.

816 5743 929 5787 vni,
964 5733 1016 5783 ‘5.
1101 5730 1299 5798 "Eph.
1335 5748 1405 5795 tv,
1565 5734 1609 5763 ⁷⁵
1643 5730 1829 5787 Matth.
1859 5751 1964 5800 xw,
1992 5737 2073 5789 lii.
2117 5738 2194 5787 lli.

2270 5737 2314 5766 7"
2342 5736 2491 5788 Joan.
2527 5752 2562 5797 ι,
2602 5736 2647 5788 l.
