4274 6382
244 423 383 485 ilbi

1490 406 1879 469 TIIESAURI
1926 406 2068 467 LIB.
2115 408 2199 470 Ιῐ.

3314 423 3458 482 lib-‘5

236 535 291 586 in
326 528 595 602 principio
653 537 786 587 erat,
835 525 1018 593 utique
1074 535 1289 588 semper
1343 528 1475 577 erat,
1520 530 1618 586 nep
1652 515 1796 567 enim
1831 520 1866 573 Α
1899 513 2139 581 passioni
2178 513 2466 569 obnoxiam
2508 517 2761 572 ostendit.
2798 518 2873 573 Ne
2907 520 3052 574 enim
3112 519 3203 576 lilii
3244 521 3462 578 nomine

234 627 393 684 dixit,
429 622 485 674 In
528 621 794 689 principio
844 617 1023 676 ﬁebat,
1064 616 1143 667 vel
1179 614 1228 663 in
1270 610 1536 679 Itt'ittt'ipit)
1570 607 1791 660 creaba-

237 722 346 776 tur,
383 711 497 775 sed,
527 707 588 762 In
617 708 868 775 principio
918 710 1052 755 erat.
1092 702 1254 754 Docet
1289 717 1416 752 vero
1450 700 1611 751 etiam
1662 696 1790 763 quid

234 812 400 861 esset,
440 801 713 867 subjungit
740 798 903 858 enim,
942 793 1006 845 Et
1048 792 1265 843 Verbum
1292 800 1403 841 erat
1439 788 1576 855 apud
1608 786 1791 844 Deum.

243 902 294 945 et
325 894 457 944 Deus
484 900 596 943 erat
628 889 847 940 l'erbum
869 886 963 937 ⁷⁸⁵.
989 883 1191 938 Deinde
1226 880 1487 950 promnio
1522 887 1797 945 resmupto

238 983 531 1045 subinlert,
560 983 663 1034 Hoc
685 986 797 1030 erat
817 984 867 1029 in
895 978 1146 1045 principio
1165 973 1304 1041 apud
1325 972 1484 1023 Deum
1506 972 1614 1031 ⁷⁶·⁶,
1638 979 1798 1035 atque

239 1075 345 1127 hoc
394 1073 615 1141 quidem
669 1068 940 1121 communi
1000 1067 1215 1118 nomine
1251 1064 1310 1115 τὸ
1344 1062 1646 1131 ὀμῡούσιον,
1696 1057 1798 1109 hoc

237 1176 323 1221 est
352 1164 712 1231 aequalitatem
752 1158 1071 1215 substantiae
1100 1156 1376 1209 indicavit.

314 1253 467 1319 Quod
517 1254 736 1319 insuper
790 1251 959 1301 Demn
1010 1247 1225 1309 dixerit,
1277 1246 1361 1298 his
1411 1241 1610 1301 verbis,
1662 1240 1801 1307 apud

240 1342 430 1405 Deum,
483 1352 836 1409 personarum
884 1335 1244 1387 (lilfcrcntiam
1299 1330 1575 1385 denotavit
1613 1345 1624 1378 :
1660 1329 1803 1382 hunc

244 1430 439 1482 Filium
474 1427 809 1493 unigenitum
835 1424 961 1476 Jesu
998 1421 1195 1475 Christi
1229 1422 1445 1473 nomine
1473 1432 1611 1483 sa'pe
1646 1416 1799 1468 dixit.

245 1517 690 1584 Sapientissimus
743 1528 904 1581 porro
949 1513 1146 1566 Paulus
1195 1512 1270 1563 sic
1301 1511 1416 1561 ait:
1463 1509 1523 1559 At
1554 1509 1635 1559 ubi
1670 1507 1804 1559 venit

244 1609 512 1676 plenitudo
549 1620 814 1672 temporis,
846 1610 983 1659 misit
1016 1608 1149 1657 Deus
1181 1605 1368 1657 Filium
1396 1619 1568 1663 stmm,
1609 1603 1803 1668 factum

244 1718 308 1755 ex
353 1700 590 1759 muliere,
646 1702 841 1766 factum
882 1698 973 1750 sub
1019 1698 1167 1765 lege:
1200 1705 1253 1746 ut
1298 1710 1381 1746 eos
1430 1696 1516 1763 qui
1558 1693 1652 1746 sub
1700 1692 1807 1760 lege

245 1804 418 1852 erant,
464 1791 757 1849 redimeret,
802 1799 856 1841 ut
905 1790 1234 1856 adeptionem
1288 1786 1517 1851 ﬁliorum
1557 1772 1805 1849 i'ecipere-

245 1904 359 1941 mus
388 1887 450 1939 ⁷⁷.
484 1885 635 1943 Item,
688 1884 817 1937 Cum
849 1898 967 1935 vero
1002 1881 1205 1949 placuit
1239 1882 1305 1940 ei,
1334 1881 1428 1946 qui
1463 1892 1542 1928 me
1568 1891 1807 1945 segrega-

245 1981 313 2031 cit
340 1982 404 2030 ab
431 1987 573 2028 utero
588 1976 769 2026 matris
796 1990 939 2031 mere.
975 1984 1019 2025 et
1046 1975 1238 2025 vocavit
1270 1987 1360 2039 per
1382 1971 1607 2040 gratiam
1632 1985 1805 2029 suam,

247 2078 303 2120 ut
355 2068 605 2118 reuelaret
649 2066 699 2116 in
749 2080 828 2116 me
882 2063 1073 2116 Filium
1125 2079 1275 2115 suum
1310 2062 1373 2114 ⁷⁸.
1411 2061 1528 2113 llaec
1561 2069 1617 2113 et
1648 2063 1809 2112 innu-

246 2171 394 2209 mera
452 2155 553 2207 alia
607 2154 913 2207 testimonia
971 2155 1217 2207 invenire
1264 2161 1384 2214 est,
1439 2151 1640 2219 quibus
1683 2163 1807 2202 cum

247 2246 526 2297 Christum
597 2258 814 2312 quoque
877 2252 926 2295 et
985 2252 1245 2294 aeternum
1306 2240 1522 2301 Filium,
1563 2247 1613 2291 et
1666 2237 1810 2291 Patri

248 2343 579 2387 cozeternum
632 2340 847 2396 vocant,
880 2346 1039 2400 quem
1076 2332 1215 2384 idem
1251 2344 1466 2399 quoque
1496 2328 1685 2382 doctor
1715 2328 1813 2382 do-

247 2440 377 2478 cens
415 2426 588 2493 primo
626 2424 843 2491 quidem
881 2425 1001 2476 loco
1033 2423 1355 2475 SECCUIOI'IIm
1398 2420 1660 2472 factorem
1692 2434 1809 2472 esse

248 2516 503 2569 ostendit.
537 2514 717 2582 lnquit
747 2514 890 2568 enim
919 2528 930 2563 :
957 2514 1239 2567 Novissime
1268 2510 1441 2563 diebus
1470 2511 1579 2562 istis
1611 2511 1809 2563 locutus

248 2613 320 2657 est
354 2604 568 2657 nobisin
596 2603 743 2666 Filio,
774 2619 925 2672 quem
953 2602 1121 2669 posuit
1151 2599 1405 2653 hwredem
1432 2601 1809 2661 universorum,

250 2712 343 2763 per
369 2711 516 2762 quem
557 2696 671 2763 fecit
700 2704 746 2745 et
770 2690 962 2745 sa’culu
985 2694 1050 2743 τ’.

320 2784 453 2848 Quia
502 2799 629 2838 vero
682 2783 773 2851 qui
826 2782 1011 2835 divina
1057 2780 1243 2834 divino
1298 2795 1459 2833 sensu
1512 2779 1813 2846 intelligere

249 2876 461 2935 nolunt,
497 2873 609 2925 ﬁeri
657 2888 810 2940 po~se
864 2887 971 2925 non
1025 2878 1235 2939 putant,
1268 2880 1324 2921 ut
1355 2869 1465 2921 Deo
1516 2876 1816 2920 cowternus

249 2965 339 3021 sit.
390 2963 479 3031 qui
515 2977 579 3014 ex
612 2962 720 3015 Deo
765 2971 884 3015 est:
918 2975 1040 3013 nam
1088 2960 1216 3011 dum
1261 2960 1424 3010 stulte
1470 2958 1620 3023 juxta
1652 2965 1706 3008 et
1738 2966 1816 3008 te-

250 3069 399 3106 ntere
449 3062 696 3105 naturam
745 3052 985 3104 divinam
1056 3051 1303 3102 humana:
1346 3056 1553 3100 natura:
1605 3047 1814 3113 legibus

1898 606 2088 657 audito
2126 604 2376 661 humanis
2410 608 2814 677 suspicionibus
2849 612 3272 675 involveremur,
3309 629 3463 668 mun-

1903 696 2070 761 dique
2108 694 2274 748 totius
2310 695 2568 765 Opitiecm
2600 698 2787 751 eadem
2823 701 3102 755 nobiscum
3126 702 3244 771 lege
3274 712 3462 756 natum

1902 787 2333 851 arbitraremur,
2380 805 2441 842 ea
2487 790 2553 843 de
2602 805 2762 843 causa
2816 790 3047 843 Venum
3108 794 3465 862 nuncupavit,

1908 879 2138 930 innuens
2165 880 2565 945 generationem
2611 881 2755 934 illam
2784 882 2850 933 ab
2875 882 3021 933 omni
3060 885 3306 949 passione
3337 885 3349 936 Ι
3377 883 3466 938 1)·-

1911 984 2042 1021 iam.
2080 969 2189 1021 Nec
2236 970 2381 1021 enim
2437 974 2600 1024 menti
2652 987 2745 1025 seu
2780 972 2972 1027 ratioiii
3026 984 3221 1029 nostra:
3252 976 3317 1030 ad
3350 991 3467 1031 se:-

1910 1073 2122 1111 monem
2150 1060 2562 1127 «:omipiendum
2584 1069 2637 1113 et
2656 1063 3047 1118 emirmandum
3077 1066 3290 1120 femina:
3318 1083 3468 1119 com-

1906 1150 2064 1217 plexu
2116 1164 2252 1216 opus
2301 1160 2383 1203 est
2430 1165 2444 1205 :
2493 1158 2587 1203 aut
2639 1151 2744 1204 ulla
2791 1155 2988 1215 sectio.
3038 1155 3247 1209 ullusve
3295 1154 3470 1211 ﬂuxus

1907 1239 2219 1292 tderandus
2264 1248 2387 1292 est:
2425 1240 2516 1291 sed
2567 1240 2835 1307 perlectus
2891 1257 3115 1298 manens
3172 1244 3470 1312 perfertum

1909 1343 2209 1384 sermonem
2262 1329 2441 1381 .mcn.
2479 1330 2577 1384 H‘s
2609 1330 2788 1400 itaque
2814 1342 2869 1386 et
2896 1334 3295 1401 generationem
3338 1335 3471 1389 nulli

1910 1420 2145 1488 passioni
2185 1422 2492 1484 obnoxiam,
2524 1433 2577 1477 et
2617 1423 3041 1478 coaeternitatem
3086 1424 3354 1495 Unigeniti
3386 1427 3471 1480 di-

1916 1510 2168 1565 dicimus.

1983 1599 2074 1651 Εκι
2120 1613 2247 1651 vero
2307 1600 2468 1651 etiam
2525 1600 2766 1668 ejusdem
2816 1617 2939 1656 cum
2986 1605 3142 1659 Patre
3193 1608 3468 1674 potent'a',

1910 1690 2068 1757 eique
2120 1689 2313 1742 similis
2340 1699 2392 1741 ct
2419 1692 2637 1757 arqualis
2667 1694 2719 1745 in
2754 1696 3007 1747 omnibus
3036 1715 3050 1748 :
3080 1706 3138 1748 ut
3162 1712 3227 1750 ex
3258 1697 3469 1749 Domini

1912 1780 2158 1831 doc'rina
2195 1778 2399 1833 discere
2433 1780 2610 1848 quivis
2638 1782 2793 1837 facile
2827 1795 3021 1852 potest.
3041 1786 3127 1841 Ait
3156 1786 3298 1839 enim
3328 1784 3471 1840 :‘Pa-

1908 1878 1984 1920 ter
2012 1885 2151 1920 meus
2198 1872 2353 1922 etiam
2398 1886 2534 1923 nunc
2561 1882 2826 1936 aperatur,
2862 1882 2912 1926 et
2938 1892 3029 1943 ego
3071 1892 3257 1944 operor
3280 1877 3361 1941 '°;
3396 1888 3469 1938 et,

1908 1955 2049 2008 Sicut
2083 1957 2239 2009 Pater
2269 1959 2482 2011 suscitat
2529 1970 2783 2024 mortuos,
2814 1971 2863 2013 et
2892 1964 3111 2030 vivi/ient
3136 1966 3202 2030 ";
3236 1974 3309 2027 et.
3343 1966 3467 2019 0m-

1909 2050 1995 2100 nia
2027 2065 2343 2117 quacunque
2380 2052 2529 2104 habet
2580 2050 2761 2115 Pater,
2794 2070 2910 2107 mea
2936 2065 3058 2107 sunt
3082 2056 3149 2119 ⁸¹;
3178 2056 3387 2125 etzEgo
3416 2058 3469 2108 in

1911 2138 2093 2205 Patre,
2108 2152 2153 2193 et
2188 2140 2343 2193 Pater
2370 2142 2422 2193 in
2438 2157 2538 2205 me;
2553 2151 2627 2207 et,
2645 2141 2743 2205 Qui
2768 2144 2900 2196 videt
2921 2161 3000 2197 me
3015 2148 3147 2198 videt
3165 2145 3380 2199 Patrem
3402 2146 3468 2198 ".

1982 2232 2058 2284 Ex
2086 2232 2168 2283 his
2193 2247 2355 2299 porro
2379 2248 2498 2301 qua:
2523 2246 2846 2302 sequuntur,
2878 2237 3333 2291 incommutabilis
3356 2241 3475 2307 ejus

1910 2322 2212 2376 similitudo
2256 2323 2541 2390 perspicua
2573 2323 2650 2377 lit.
2686 2323 2936 2394 Philippo
2959 2327 3104 2379 enim
3134 2327 3343 2381 Patrem
3371 2328 3470 2381 sbi

1908 2411 2123 2467 ostendi
2173 2422 2414 2481 rogante,
2451 2416 2688 2481 seipsum
2728 2416 2989 2469 Dominus
3040 2416 3277 2471 ostendit
3304 2433 3359 2471 se
3391 2420 3472 2468 vi-

1908 2513 2123 2555 ventem
2166 2502 2339 2555 Patris
2374 2503 2661 2571 imaginem
2691 2519 2810 2558 esse
2839 2506 3170 2575 signiﬁcans,
3200 2522 3318 2575 quae
3351 2522 3475 2577 per-

1909 2595 2123 2661 spicuos
2147 2592 2417 2647 Genitoris
2466 2594 2824 2659 characteres,
2878 2611 2973 2649 seu
3030 2597 3220 2665 signa,
3259 2614 3368 2666 pne
3418 2614 3475 2653 se

1910 2685 2097 2738 ferret.
2130 2684 2275 2736 Dixit
2306 2685 2450 2737 enim
2482 2685 2731 2753 Philippo
2761 2702 2773 2738 :
2810 2685 3038 2739 Tantum
3073 2697 3275 2755 tempus
3308 2691 3475 2742 vobis-

1911 2792 2027 2829 cum
2073 2792 2208 2837 sum,
2250 2784 2297 2827 et
2334 2791 2435 2827 non
2483 2776 2667 2829 novisti
2712 2792 2813 2837 me,
2863 2776 3105 2845 Philippe
3126 2778 3211 2830 “?
3238 2779 3473 2843 Patrem,

1911 2866 2107 2933 inquit,
2143 2867 2295 2933 cupis
2335 2866 2539 2927 videre,
2575 2880 2697 2918 cum
2736 2881 2821 2919 me
2865 2867 3088 2920 videas?
3140 2868 3320 2937 itaque
3369 2886 3413 2920 n.
3440 2884 3476 2922 n

1911 2957 2107 3012 novisti
2139 2971 2221 3009 me
2252 2956 2333 3010 :si
2356 2956 2500 3010 enim
2536 2972 2621 3010 me
2650 2958 2911 3022 novisses,
2945 2974 3283 3027 nequaquam
3318 2961 3475 3014 illum

1912 3044 2096 3097 videre
2119 3054 2375 3111 optasses.
2434 3045 2492 3097 ln
2522 3062 2605 3098 me
2646 3047 2792 3100 enim
2833 3048 2988 3101 Pater
3024 3049 3235 3102 videtur
3263 3066 3277 3103 :
3307 3053 3424 3118 siqu
3448 3078 3477 3092 -

251 3144 531 3211 subjacere
564 3151 779 3209 putant,
820 3141 1029 3193 Patrem
1073 3139 1209 3190 Filio
1254 3137 1527 3189 seniorem
1577 3151 1697 3189 esse
1726 3153 1815 3190 su-
1838 3164 1883 3225 ρ
1915 3135 2037 3189 dem
2064 3136 2167 3189 hoc
2185 3150 2251 3188 ex
2279 3134 2362 3188 his
2385 3135 2564 3189 verbis
2594 3137 2866 3190 inducitur
2895 3157 2905 3189 :
2934 3137 3034 3202 Qui
3067 3141 3185 3192 vidit
3219 3158 3314 3201 me,
3351 3143 3473 3194 viiii

252 3233 455 3305 Spicati'
475 3240 601 3288 sunt
632 3231 865 3286 :beatus
899 3230 1189 3300 Apostolus
1222 3227 1289 3291 de
1321 3228 1405 3281 his
1444 3227 1663 3288 abunde
1701 3227 1813 3280 dis-

254 3340 470 3396 putans,
507 3327 845 3390 unigenitum
883 3326 1097 3383 Filium,
1130 3334 1184 3375 et
1214 3339 1278 3375 ex
1313 3324 1439 3381 Deo.
1468 3332 1667 3374 etcum
1703 3323 1811 3375 Deo

251 3437 369 3473 esse
422 3417 702 3471 evidenter
760 3416 1015 3469 ostendit.
1078 3415 1212 3467 Eum
1266 3415 1410 3465 enim
1465 3413 1810 3481 splendorem

252 3510 435 3577 gloria:
486 3506 783 3560 nominavit
813 3524 823 3558 :
856 3505 1125 3573 siquidem
1156 3490 1432 3572 'Splendor
1478 3513 1531 3556 ct
1575 3519 1638 3554 ex
1669 3504 1810 3570 igne,

251 3612 302 3651 et
331 3614 451 3651 cum
500 3599 619 3667 igne
653 3596 919 3650 subsistit.
976 3596 1086 3664 lgni
1118 3596 1262 3647 enim
1304 3593 1562 3661 splendor
1597 3595 1813 3645 innatus

251 3698 355 3747 est.
393 3702 448 3741 ut
484 3689 580 3740 soli
627 3687 832 3738 radius.
865 3686 939 3738 Ex
967 3700 1075 3752 quo
1126 3684 1271 3735 enim
1315 3683 1415 3743 sol,
1444 3697 1506 3733 ex
1544 3683 1729 3734 eodem
1760 3692 1813 3734 et

252 3779 411 3838 radii,
442 3779 533 3829 sed
573 3788 749 3829 tamen
784 3775 1057 3828 radiorum
1087 3790 1247 3827 causa
1273 3774 1393 3835 soli,
1425 3782 1479 3825 et
1507 3773 1813 3839 splendoris

252 3870 360 3936 igni
398 3868 689 3920 ascribitur
719 3884 728 3915 :
759 3880 857 3917 nec
908 3865 1053 3917 enim
1100 3864 1177 3916 sol
1224 3878 1289 3916 ex
1334 3864 1518 3924 radiis,
1548 3864 1639 3915 sed
1681 3863 1812 3915 radii

250 3974 316 4011 ex
364 3958 475 4009 Sole
532 3958 806 4017 oriuntur,
858 3963 911 4006 et
962 3952 1219 4021 splendor
1264 3968 1326 4005 ex
1381 3954 1391 3991 i
1543 3954 1812 4019 μι-υιιοιιίι.

251 4045 482 4101 Proinde
523 4045 833 4113 unigenitus
860 4054 915 4096 et
942 4042 1111 4095 Filius
1141 4058 1206 4094 ex
1235 4043 1392 4094 Patri.
1450 4042 1669 4109 quidem
1719 4058 1814 4093 na-

252 4145 338 4188 tus
364 4144 469 4195 est,
503 4135 646 4186 Patri
678 4141 858 4185 autem
887 4147 993 4185 non
1024 4145 1182 4184 secus
1203 4142 1366 4197 atque
1391 4130 1565 4183 oratio
1591 4130 1809 4192 rationi,

250 4224 506 4292 splendor
559 4223 690 4291 igni,
739 4230 793 4274 et
834 4221 1019 4273 radius
1069 4220 1170 4272 soli
1215 4220 1470 4273 cohaeret.
1506 4221 1572 4271 At
1618 4219 1810 4271 harmn

255 4329 434 4367 rerum
486 4312 632 4363 nulla
664 4324 758 4377 per
787 4326 844 4363 se
881 4310 1148 4372 subsistit,
1181 4310 1272 4361 sed
1304 4310 1447 4361 ineo
1477 4308 1809 4375 hypostasin,

253 4403 355 4454 hoc
408 4410 491 4453 est
541 4400 905 4452 sedimentum
958 4410 1014 4452 et
1064 4400 1468 4452 subs‘stentiam
1512 4399 1695 4460 habet,
1746 4413 1812 4450 ex

1919 3234 1967 3279 ,ε
2017 3226 2249 3279 Patrem.
2302 3225 2471 3277 Porro
2505 3225 2591 3278 hic
2623 3242 2719 3293 per
2762 3238 3039 3295 aSpectum
3090 3232 3474 3299 contemplatio

1919 3318 2041 3372 ﬁdei
2072 3315 2411 3386 intelligitur.
2455 3314 2682 3369 Tantum
2727 3318 2897 3382 enim,
2932 3319 3125 3386 inquit.
3162 3328 3358 3387 tempus
3389 3337 3475 3373 vo-

1917 3410 2107 3461 bisrum
2142 3425 2277 3467 sum,
2302 3418 2348 3459 et
2378 3424 2479 3458 non
2517 3423 2595 3459 me
2626 3423 2835 3471 novisti,
2873 3406 3150 3476 Philippe?
3179 3424 3283 3460 non
3316 3409 3474 3477 di\il,

1921 3498 2036 3551 Non
2075 3497 2278 3559 vidisti,
2310 3498 2426 3560 sed,
2463 3495 2577 3549 Non
2604 3498 2805 3548 novisti.
2848 3497 3073 3549 Videbat
3106 3499 3249 3551 cnim
3274 3496 3477 3565 Philip-

1919 3606 2037 3658 pus,
2070 3590 2121 3642 id
2165 3589 2308 3657 quod
2358 3590 2459 3642 sub
2494 3597 2767 3656 aspectum
2823 3590 3091 3642 cadebat:
3136 3592 3473 3643 divinitatem

1919 3697 2070 3745 vero,
2122 3696 2239 3748 quae
2276 3681 2565 3733 invisibilis
2595 3689 2695 3739 est,
2740 3695 2844 3732 non
2887 3679 3037 3734 item.
3079 3681 3309 3734 Proinde
3356 3683 3475 3733 cn!-

1919 3782 2077 3840 patus
2115 3772 2310 3823 merito
2340 3781 2443 3829 est,
2494 3772 2585 3838 qui
2620 3772 2812 3823 Filium
2862 3772 3096 3838 perferte
3133 3788 3236 3825 non
3273 3781 3472 3833 nosset.

1918 3863 2273 3930 idcirquoquc
2312 3864 2523 3915 Patrem
2551 3863 2731 3915 videre
2759 3873 3017 3929 Optasset.

2486 3996 2638 4050 CAP.
2682 3997 2912 4051 XXVIII.

2128 4108 2203 4161 De
2237 4108 2435 4175 Spiritu
2466 4117 2667 4172 sancto,
2699 4119 2744 4161 et
2775 4111 2885 4178 ejus
2915 4112 3267 4164 charismatis.

1988 4220 2251 4289 Spiritum
2284 4220 2463 4288 itaque
2499 4232 2743 4299 sanctum
2772 4236 2801 4273 a
2831 4222 2989 4275 Patre
3022 4221 3124 4292 [Fd
3151 4222 3313 4294 oque]
3348 4223 3480 4275 sub-

1918 4311 2171 4364 stantiam
2224 4309 2423 4361 habere
2457 4310 2746 4364 didicimus
2775 4327 2786 4360 :
2817 4312 2970 4379 cujus
3003 4312 3317 4365 substantia:
3364 4328 3479 4363 mu-

1919 4402 2022 4453 dus
2051 4415 2227 4469 neque
2278 4409 2541 4452 creaturae
2595 4399 2891 4466 (increatus
2918 4400 3063 4453 enim
3093 4401 3326 4468 Spiritus
3356 4417 3481 4453 san-

252 4506 361 4559 quo
401 4490 689 4542 enascitur.
730 4488 873 4541 Deus
900 4498 1081 4541 autem
1131 4487 1386 4550 Verbum,
1423 4488 1677 4555 splendor
1700 4494 1813 4553 ειη·
1846 4503 1891 4557 ι)
1918 4491 2059 4559 ctus)
2092 4505 2269 4558 neque
2306 4491 2583 4557 unigenito
2637 4489 2772 4541 Filio
2800 4490 2991 4542 similis
3017 4498 3118 4542 est.
3154 4491 3476 4544 Sanctorum

255 4584 366 4640 ria-'2,
422 4580 642 4648 energia
697 4594 801 4631 non
836 4587 918 4630 est
963 4578 1327 4640 ἀνυπόστατος
1358 4592 1387 4630 a
1428 4578 1608 4642 Patre,
1656 4594 1751 4631 seu
1781 4593 1812 4632 a

254 4668 428 4720 Patris
460 4666 733 4734 hypostasi
766 4666 1030 4733 sejuncta,
1067 4666 1162 4719 sed
1192 4668 1381 4719 vivens
1407 4675 1461 4719 ct
1487 4683 1583 4733 per
1607 4684 1660 4719 se
1686 4668 1786 4719 sub

252 4759 452 4811 sistens
492 4755 813 4825 hypostasis.
856 4755 966 4807 Nec
1012 4756 1159 4807 enim
1204 4756 1525 4823 simpliciter
1576 4756 1809 4808 Verbum

254 4846 588 4907 nominatur,
624 4844 717 4897 sed
771 4844 911 4897 Deus
966 4843 1199 4897 Verbum
1230 4860 1243 4896 :
1275 4858 1376 4897 nec
1417 4842 1670 4911 splendor
1700 4844 1813 4910 glo-

255 4937 350 4991 riae
394 4934 678 4999 duntaxat,
740 4934 832 4987 sed
868 4934 1219 5003 hypostaseos
1272 4949 1490 5002 quoque
1532 4949 1641 4986 sua:
1682 4935 1812 4985 cha-

253 5038 451 5082 racter.
480 5027 612 5091 Quia
643 5029 785 5081 enim
821 5044 923 5080 una
953 5027 1248 5094 eademque.
1300 5026 1533 5094 imagine
1565 5041 1649 5078 res
1678 5026 1814 5078 divi-

254 5131 353 5169 nas
403 5126 585 5184 aperte
624 5117 930 5184 exprimere
990 5115 1322 5183 impossibile
1373 5125 1511 5177 erat,
1567 5117 1813 5184 pluribus

254 5220 347 5258 cas
399 5204 501 5258 hoc
549 5212 706 5272 paeto
765 5206 1094 5273 imaginibus
1146 5205 1419 5258 dicimus:
1460 5213 1514 5256 et
1560 5204 1816 5275 Splendor

254 5296 474 5365 quidem
529 5297 715 5367 gloriae
779 5308 1146 5359 coaeternum,
1221 5297 1574 5364 hypostaseos
1631 5305 1810 5349 autem

252 5386 537 5439 character
581 5386 956 5439 similitudinis
987 5386 1375 5453 perfectionem
1416 5386 1614 5453 arguit.
1648 5387 1815 5454 hypo-

252 5487 578 5545 staseonquc
610 5493 704 5531 seu
739 5492 1094 5546 personarum
1135 5477 1498 5531 diderentiam
1530 5475 1708 5528 docet.

326 5565 559 5619 Verbum
596 5576 777 5621 autem
814 5582 937 5621 cum
970 5567 1188 5631 dicitur,
1240 5566 1641 5636 generationem
1676 5564 1812 5619 nulli

360 5682 405 5713 τι
437 5685 453 5701 ο
483 5680 641 5736 δυηη,
682 5682 722 5745 ι,
759 5684 804 5734 ι,
884 5684 925 5714 τε
964 5683 1162 5736 "Ibid.
1212 5681 1265 5733 ‘2.
1344 5684 1387 5713 ⁷⁷
1414 5682 1585 5735 Galat.
1643 5698 1716 5747 iv,
1770 5681 1826 5743 ι.

252 5764 305 5816 γ,
344 5752 462 5823 l7.-
502 5754 545 5782 ⁸⁸
580 5751 717 5807 Ibid.
776 5753 865 5808 2|.
941 5754 1162 5807 "Joan.
1214 5768 1335 5827 xn'._
1397 5752 1585 5804 “lbid.
1631 5767 1701 5802 ix.

1880 5682 1931 5733 Ei.
2013 5682 2253 5738 “Galat.
2312 5700 2349 5745 I,
2404 5684 2489 5744 15,
2545 5684 2627 5736 16.

1777 5751 1821 5781 ⁸⁵
1858 5750 1993 5805 Ibid.

1911 4582 2053 4636 enim
2077 4581 2290 4633 Patrum
2317 4594 2472 4631 nemo
2491 4578 2656 4631 divini
2679 4578 2910 4646 Spiritus
2933 4580 3287 4633 substantiam
3315 4596 3479 4649 gene-

1912 4670 2137 4724 rationis
2186 4670 2452 4724 vocabulo
2502 4669 2825 4738 signiﬁcavit
2854 4688 2866 4723 :
2896 4670 3161 4739 quamvis'
3187 4671 3362 4738 ipsum
3409 4686 3477 4723 ex

1911 4763 2069 4816 Patre
2109 4776 2249 4826 esse,
2278 4770 2440 4829 atque
2488 4762 2650 4814 etiam
2685 4760 2952 4823 divinum,
3004 4776 3171 4814 sacra;
3208 4769 3478 4813 testentur

1911 4852 2149 4906 Litterae.
2201 4852 2461 4904 Dominus
2502 4853 2645 4903 enim
2668 4849 2916 4903 Christus
2938 4852 3053 4903 haec
3075 4850 3275 4918 deipso
3299 4850 3427 4903 dicit
3460 4866 3475 4901 :

1916 4944 2137 5008 Expedit
2175 4942 2337 4999 vobis,
2375 4949 2429 4992 ut
2464 4956 2554 5008 ego
2591 4941 2797 5003 abeam,
2830 4942 2930 4993 nisi
2976 4942 3109 4993 enim
3143 4942 3337 5003 abiero,
3371 4938 3482 4995 Pa-

1914 5034 2138 5087 racletus
2179 5049 2280 5085 non
2331 5033 2492 5083 veniet
2521 5032 2588 5082 ad
2620 5047 2701 5083 vos
2726 5031 2790 5093 ⁸⁵,
2820 5042 2874 5084 et
2905 5032 3033 5084 alibi
3065 5048 3079 5085 :
3117 5029 3250 5084 Cum
3299 5042 3476 5084 autem

1912 5127 2107 5178 venerit
2160 5121 2466 5174 Paracletus
2515 5123 2728 5189 spiritus
2775 5124 3028 5185 veritatis,
3073 5124 3160 5189 qui
3203 5137 3268 5174 ex
3312 5121 3475 5173 Patre

1914 5214 2165 5282 procedit,
2212 5211 2298 5263 ille
2344 5211 2696 5262 testimonium
2748 5211 3029 5278 perhibebit
3073 5212 3135 5263 de
3180 5226 3257 5263 me
3282 5209 3349 5261 “.
3399 5210 3479 5262 Eo

1916 5316 2097 5357 autent
2131 5301 2275 5370 quod
2311 5303 2482 5367 ipsum
2509 5315 2572 5353 ex
2603 5300 2758 5353 Patre
2794 5301 3088 5368 procedere
3120 5301 3214 5359 ait,
3259 5299 3474 5352 Patrem

1915 5390 2118 5444 fontem
2142 5389 2375 5457 Spiritus
2406 5404 2525 5442 esse
2557 5389 2780 5452 indicat,
2808 5404 2982 5456 neque
3014 5404 3159 5444 vero.
3190 5387 3474 5449 Procedez,

1913 5481 2110 5548 inquit,
2143 5479 2234 5532 sed
2278 5477 2540 5537 Procedit.
2577 5479 2821 5532 eamdem
2876 5479 3158 5546 utriusque
3202 5489 3474 5539 naturam,

1912 5566 2380 5634 substantiamque
2432 5566 2765 5619 individuam
2797 5574 2852 5619 et
2882 5565 3303 5626 indiderentem,
3354 5582 3480 5633 per.

2718 5684 2762 5713 τ’
2789 5682 2955 5739 Hebr.
2993 5702 3029 5749 ι,
3096 5686 3145 5736 t.

2633 5754 2677 5785 “
2700 5752 2855 5806 Joan.
2918 5772 3005 5819 xv,
3034 5755 3122 5807 ‘25.

3178 5746 3183 5749 _
3238 5684 3282 5714 ⁸⁸
3315 5684 3473 5739 Jontt.

2066 5753 2111 5783 ⁸³
2141 5753 2298 5805 Joau.
2346 5771 2451 5815 xw,
2502 5754 2553 5807 7.
