4274 6382
815 374 954 440 “59

2024 379 2317 439 NICETAZ
2358 380 2763 440 (ἸΗΟΝΙΑΤΕ

3887 406 4033 470 1100

811 499 1065 539 Sonarum
1100 485 1804 586 denique‘conjunctionem
1856 492 2171 586 ostendens.
2216 490 2372 556 Quod
2404 506 2447 557 Α
2474 509 2693 563 corpora
2740 504 2912 548 vestra
2948 501 3140 567 templa
3175 511 3295 555 sunt
3339 509 3512 559 sancti
3558 510 3807 580 Spiritus,
3849 519 3947 586 qui
3974 530 4058 572 ess

810 578 956 631 enim
1008 576 1275 646 procedit,
1312 575 1381 629 ab
1409 590 1478 628 eo
1502 592 1532 629 a
1564 591 1672 645 quo
1712 576 1957 644 procedit
2004 581 2242 648 separari
2273 596 2381 634 non

816 675 1015 736 potest.
1063 666 1258 718 Beatus
1299 680 1462 734 porro
1512 665 1801 733 Apostolus
1834 664 1910 735 [in
1940 668 2147 739 priore]
2177 669 2241 721 ad
2274 669 2381 723 Co-

815 756 1054 809 rinthios
1088 754 1347 821 Epistola,
1402 754 1516 807 haec
1567 755 1633 807 de
1679 754 1886 821 Spiritu
1939 756 2072 808 dixit
2106 774 2121 806 :
2156 758 2384 826 Spiritus

810 858 981 898 autent
1008 845 1186 896 omnia
1216 852 1506 907 scrutatur,
1532 844 1691 895 etiam
1717 844 1977 912 profunda
2001 845 2096 898 Dei
2117 846 2185 912 θ’,
2219 864 2382 916 quam

807 935 1026 1003 quidem
1062 935 1449 989 scrutationem
1482 949 1549 987 ne
1581 935 1689 987 ulla
1724 951 1963 1003 unquam
1992 936 2201 991 deleret
2232 939 2385 1009 igno-

809 1026 1022 1089 rantia,
1083 1025 1361 1094 subjunxit
1405 1042 1417 1076 :
1455 1023 1580 1087 Quis
1627 1027 1765 1078 enim
1805 1028 2071 1079 hominum
2124 1030 2222 1080 scit
2268 1046 2385 1099 qua:

805 1127 925 1169 sunt
960 1117 1202 1179 hominis,
1240 1116 1341 1167 nisi
1385 1118 1599 1184 spiritus
1641 1117 1887 1177 hominis,
1922 1120 2010 1185 qui
2037 1118 2091 1169 in
2121 1119 2231 1187 ipso
2266 1122 2384 1173 est.’

806 1211 877 1261 ita
908 1218 955 1261 et
999 1224 1115 1277 qua:
1172 1207 1265 1259 Dei
1315 1216 1436 1259 sunt
1485 1224 1632 1260 nemo
1685 1208 1944 1276 cognovit,
1998 1209 2100 1260 nisi
2149 1207 2381 1277 Spiritus

806 1299 989 1352 Dei".
1032 1299 1325 1366 Postquam
1383 1309 1565 1354 autem
1616 1299 1702 1352 his
1733 1300 1917 1353 verbis
1964 1314 2178 1353 omnem
2209 1300 2258 1353 ei
2288 1316 2380 1354 co-

804 1389 1101 1456 gnitionem
1148 1390 1459 1458 adscripsit,
1493 1389 1697 1442 indicat
1740 1391 1905 1444 etiam
1946 1390 2090 1444 unde
2122 1390 2380 1446 substan-

805 1482 934 1534 tiam
963 1482 1159 1535 habeat
1180 1499 1193 1534 :
1212 1481 1317 1536 Nos
1348 1481 1769 1549 autem,ginquit,
1801 1498 1903 1535 non
1932 1484 2173 1551 spiritum
2195 1486 2377 1536 mundi

803 1575 1117 1641 accepimus,
1139 1576 1229 1626 sed
1248 1572 1497 1642 Spiritum
1522 1574 1609 1641 qui
1631 1589 1694 1625 ea:
1719 1573 1825 1627 Deo
1842 1584 1914 1627 est
1934 1574 2000 1637 ”,
2021 1574 2216 1643 quibus
2232 1585 2379 1629 certe

803 1665 986 1719 verbis
1032 1666 1221 1719 eodem
1279 1665 1431 1718 illum
1481 1664 1535 1717 in
1583 1665 1798 1731 ordine,
1846 1681 1954 1734 quo
1987 1675 2041 1719 et
2072 1666 2284 1720 Patrem
2322 1676 2378 1721 et

805 1755 1001 1809 Filium
1031 1755 1285 1819 collocat,
1320 1754 1390 1807 ad
1419 1755 1713 1809 creationis
1742 1764 1923 1809 autem
1959 1755 2209 1810 ordinem
2234 1772 2375 1811 nun.-

2485 583 2540 634 in
2567 586 2726 648 vobis,
2753 601 2903 653 quem
2927 589 3123 643 habetis
3149 609 3180 644 a
3211 592 3317 646 Deo
3338 595 3423 647 ”?

2567 671 2777 733 Quibus
2837 672 3020 727 verbis
3080 689 3265 744 aperte
3322 681 3581 749 Spiritum
3635 689 4048 745 sanctissimum

2483 756 2681 813 divina:
2729 777 2849 817 esse
2900 774 3110 819 natura:
3152 767 3335 827 docet.
3379 773 3512 826 Nam
3551 774 3596 828 si
3632 777 3729 830 Dei
3776 784 4045 848 templum

2484 852 2773 938 credentes
2832 854 3125 921 dicuntur,
3174 858 3265 910 ubi
3314 862 3551 928 primum
3587 868 3761 934 gratia
3803 869 4055 938 Spiritus

2483 937 2672 993 donati
2702 949 2850 1007 sunt,
2902 960 2969 999 ex
3011 949 3398 1006 consecutione
3444 953 3682 1023 Spiritus
3718 937 3945 1016 sanctus
3979 977 4048 1016 ex

2483 1027 2596 1081 Deo
2624 1040 2726 1083 est.

2551 1120 2688 1186 Quia
2717 1123 2862 1177 enim
2900 1128 3020 1196 ejus
3054 1131 3229 1199 gratia
3283 1132 3337 1185 in
3394 1133 3501 1188 illis
3549 1135 3782 1205 habitat,
3834 1142 4049 1198 idcirco

2484 1212 2577 1267 Dei
2639 1217 2903 1286 templum
2956 1220 3294 1279 denominati
3325 1236 3470 1281 sunt.
3512 1229 3770 1299 Apertius
3798 1250 3965 1301 porro
3995 1246 4053 1290 et

2480 1305 2824 1371 explanatius
2856 1310 3015 1365 nobis
3042 1327 3075 1366 a
3108 1314 3338 1370 Domino
3368 1318 3603 1386 dignitas
3628 1322 3861 1391 Spiritus
3896 1326 4050 1378 indi-

2480 1403 2653 1450 catur.
2710 1398 2848 1454 Cum
2907 1403 3052 1457 enim
3103 1404 3446 1473 baptismatis
3475 1418 3734 1483 mysterio
3772 1415 4055 1483 apostolos

2480 1484 2822 1555 informaret,
2861 1492 2934 1546 ita
2966 1494 3144 1563 inquit
3175 1494 3405 1552 :Euntes
3434 1502 3610 1554 docete
3635 1518 3812 1555 omnes
3839 1516 4051 1572 gentes,

2480 1574 2805 1642 baptizarttes
2835 1595 2921 1634 eos
2949 1584 3003 1635 in
3034 1585 3246 1637 nomine
3272 1585 3447 1639 Patris
3474 1598 3522 1640 et
3555 1589 3703 1653 Filii,
3731 1602 3781 1644 et
3810 1590 4051 1659 Spiritus

2477 1667 2650 1718 sancti
2707 1668 2775 1721 “.
2834 1668 2991 1733 Quod
3048 1674 3094 1726 si
3142 1683 3321 1728 creata
3352 1685 3548 1731 natura
3582 1681 3667 1732 vel
3704 1681 3875 1735 Filius
3901 1722 3916 1747 ,
3958 1684 4049 1735 vel

2482 1753 2721 1822 Spiritus
2750 1770 2993 1821 sanctus,
3034 1764 3295 1831 prmditus
3321 1766 3534 1829 luisset.
3569 1784 3850 1837 nunquam
3882 1788 4049 1825 crea-

800 1862 965 1915 quam
1006 1846 1258 1915 redegit:
1295 1863 1396 1901 nec
1428 1848 1576 1901 enim
1626 1847 1918 1900 creationis
1967 1848 2116 1900 illum
2167 1856 2375 1916 partem
2409 1824 2455 1884 Β
2485 1847 2589 1898 tori
2624 1849 2733 1903 Deo
2753 1854 2967 1907 accensi
3001 1859 3491 1927 connumeratique
3521 1824 3755 1914 fuissent
3802 1880 3815 1914 :
3856 1860 4050 1915 verbis

802 1953 921 1991 esse
975 1937 1254 2005 intelligit,
1285 1952 1459 2005 neque
1496 1937 1634 1994 Arii.
1684 1936 1959 2000 Eunomii,
1990 1946 2047 1991 et
2073 1936 2375 1991 Macedonii

802 2029 1189 2097 blasphemiam
1232 2036 1455 2082 secutus
1499 2027 1714 2098 πρῶτον
1750 2027 1980 2095 ποίημα,
2021 2028 2125 2082 hoc
2152 2040 2234 2083 est
2268 2029 2379 2098 pri-

801 2134 945 2171 mam
985 2129 1291 2171 creaturam
1339 2118 1603 2171 nominat.
1644 2117 1750 2171 Sed
1780 2117 1964 2187 gratia
2008 2117 2207 2172 divinae
2235 2118 2379 2173 dona

805 2213 1187 2264 demonstrans
1212 2211 1283 2262 ita
1318 2210 1494 2277 inquit
1521 2227 1534 2261 :
1567 2208 1852 2261 Divisioncs
1882 2218 2057 2260 autem
2080 2210 2378 2277 gratiarum

806 2312 946 2366 sunt,
976 2304 1083 2370 ipse
1115 2309 1289 2354 autem
1338 2300 1476 2353 Deus
1523 2310 1772 2367 operatur
1820 2300 1998 2351 omnia
2031 2300 2086 2352 in
2118 2300 2374 2353 omnibus.

807 2395 1011 2449 Deinde
1038 2403 1463 2447 commonstrata
1497 2391 1884 2446 charismatum
1912 2390 2219 2446 diﬁcrentia
2250 2392 2377 2446 sub-

804 2488 934 2557 iecit
969 2502 985 2540 :
1022 2484 1143 2538 Hcce
1176 2500 1295 2537 vero
1339 2493 1525 2536 cuncta
1578 2491 1825 2547 operatur
1868 2499 2003 2536 unus
2050 2492 2205 2552 atque
2242 2484 2379 2537 idem

809 2578 1037 2645 Spiritus
1068 2575 1300 2627 dividens
1326 2573 1548 2642 singulis
1580 2582 1733 2642 prout
1767 2573 1875 2626 vult
1899 2574 1966 2626 ⁶⁰.
2020 2574 2209 2643 Neque
2229 2576 2377 2628 enim

810 2669 1027 2722 servilis
1059 2677 1164 2729 est,
1194 2666 1393 2734 inquit,
1424 2666 1736 2728 ministerii,
1757 2665 1852 2719 sed
1883 2667 2177 2720 Dominicze
2204 2666 2378 2734 digni-

814 2762 942 2815 tatis
987 2760 1364 2815 sanctissimus
1411 2759 1686 2827 Spiritus:
1720 2775 1898 2829 neque
1937 2760 2231 2826 ministrat,
2283 2760 2378 2814 sed

811 2860 1156 2917 cooperatur,
1200 2858 1255 2904 et
1304 2860 1555 2918 tanquam
1604 2849 1862 2903 Dominus
1895 2861 2172 2919 operatur.
2208 2849 2297 2903 Sic
2323 2857 2379 2903 et

809 2943 867 2995 in
904 2941 1009 2992 ﬁne
1036 2940 1287 2993 secundm
1313 2940 1380 2993 ad
1409 2941 1627 2994 eosdem
1660 2941 1913 3009 Epistula
1943 2940 2376 2994 benedictionem

808 3031 1038 3085 attexuit
1064 3048 1077 3083 :
1109 3030 1531 3097 Gratia_Domini
1561 3034 1728 3083 nostri
1754 3030 1879 3083 Jesu
1924 3031 2143 3094 Christi,
2179 3041 2225 3082 et
2254 3032 2379 3083 cha-

809 3126 940 3175 ritas
976 3123 1091 3185 Dei,
1122 3132 1168 3175 et
1199 3124 1605 3175 communicatio
1642 3122 1813 3175 sancti
1842 3121 2091 3191 Spiritus,
2124 3139 2237 3174 cum
2269 3139 2379 3176 om-
2403 3141 2446 3202 ρ

809 3215 955 3267 nibus
989 3214 1148 3267 vobis.
1187 3218 1349 3267 Amen
1376 3217 1442 3269 ⁹¹.
1476 3214 1650 3282 Atque
1684 3215 1738 3267 in
1783 3216 1965 3283 priore
2007 3216 2225 3282 quidem
2254 3213 2381 3282 Epi-

805 3308 965 3370 stula,
1008 3310 1243 3374 primum
1299 3309 1472 3359 locum
1515 3306 1765 3374 Spiritui.
1797 3307 1884 3358 hic
1911 3321 2039 3358 vero
2077 3316 2378 3359 extremum

804 3396 1065 3464 assignat,
1095 3385 1298 3449 ducens
1329 3396 1650 3465 dignitatum
1694 3395 2059 3449 diﬁ‘crcntiam
2094 3411 2159 3448 ex
2187 3396 2379 3449 ordine

804 3488 1088 3540 nominum
1138 3502 1244 3539 non
1288 3502 1407 3539 esse
1465 3486 1845 3556 colligendam.
1910 3487 2141 3554 Spiritui
2200 3487 2381 3556 itaque

806 3579 1003 3630 Filium
1065 3578 1207 3630 l'atri
1258 3579 1589 3645 praeposuit,
1638 3592 1746 3630 non
1783 3588 1841 3629 ut
1870 3576 2113 3629 ordinem
2157 3578 2324 3631 semel
2351 3594 2380 3631 a

802 3671 915 3724 Deo
964 3670 1198 3737 positum
1260 3668 1632 3732 subverteret,
1682 3669 1778 3721 sed
1826 3678 1885 3720 ut
1931 3668 2124 3722 eodem
2171 3669 2378 3722 honore

804 3759 1123 3813 Trinitatem
1160 3758 1443 3811 colendam
1475 3772 1594 3811 esse
1634 3757 2027 3811 subindicaret.
2071 3757 2218 3809 Idem
2252 3772 2381 3826 apo-

801 3851 957 3903 stolis
1006 3864 1225 3918 quoque
1283 3848 1545 3901 divinitus
1594 3848 1808 3903 infusus
1853 3857 1954 3901 est.
2004 3846 2186 3901 Primo
2233 3851 2378 3901 enim

801 3941 1020 3992 domum
1053 3939 1350 4001 concussit,
1385 3949 1443 3992 ut
1472 3938 1713 3990 divinam
1746 3937 2032 3991 denotaret
2081 3937 2379 4005 apparitio-

801 4048 945 4084 nem.
971 4032 1081 4084 Hoc
1100 4032 1244 4083 enim
1277 4031 1543 4099 Propheta
1569 4031 1636 4083 de
1660 4029 2034 4083 universitatis
2062 4029 2173 4082 Deo
2197 4029 2330 4082 dicit
2361 4045 2377 4083 :

803 4121 904 4185 Qui
936 4123 1141 4191 respicit
1191 4132 1409 4184 terram,
1445 4131 1492 4173 et
1522 4129 1742 4172 tremere
1774 4121 1898 4187 facit
1941 4136 2057 4172 eam
2077 4121 2145 4173 ".
2174 4119 2380 4173 Deinde

802 4214 1086 4281 disvipulis
1124 4228 1340 4282 quoque
1369 4213 1421 4264 in
1451 4211 1631 4279 specie
1668 4210 1807 4279 ignis
1844 4210 2069 4275 insedit,
2114 4210 2378 4278 quemad-

806 4306 1024 4357 modum
1054 4306 1163 4374 jam
1200 4305 1328 4357 olim
1380 4302 1549 4356 Deum
1579 4304 1632 4354 in
1669 4301 1805 4354 rubo
1849 4301 2163 4369 apparuisse
2204 4302 2379 4355 Moses

800 4404 1093 4450 attestatur
1120 4414 1134 4447 :
1162 4405 1216 4448 et
1257 4393 1719 4463 quemadmodum
1759 4391 1930 4445 rubus
1978 4392 2090 4454 ille,
2130 4392 2377 4459 quamvis

806 4492 1049 4554 arderet,
1082 4506 1188 4542 non
1214 4497 1389 4540 tamen
1414 4487 1877 4540 consumebatur:
1910 4482 1978 4536 ita
2006 4484 2373 4551 apostolorum

800 4578 1002 4647 linguae
1061 4578 1481 4644 haudquaquam
1518 4576 1622 4627 vim
1670 4573 2016 4642 energiamve
2072 4572 2374 4625 adustivam

801 4676 1040 4736 experta:
1073 4675 1219 4720 sunt.
1259 4666 1388 4730 Qum
1436 4680 1559 4719 eum
1602 4680 1711 4717 non
1758 4663 1962 4727 verbis,
2001 4662 2093 4717 sed
2134 4663 2297 4716 rebus
2322 4670 2377 4715 et

825 4759 961 4812 actis
999 4758 1195 4811 Petrus
1234 4757 1321 4808 ille
1350 4756 1633 4809 divinitate
1671 4770 1781 4824 pra:
1808 4754 2017 4807 caeteris
2051 4755 2377 4820 conspicuus

806 4849 1104 4910 didicisset,
1161 4848 1337 4916 ipsum
1380 4848 1544 4899 Deum
1583 4848 1816 4910 vocavit,
1852 4860 1974 4899 cum
2013 4846 2236 4899 Anania:
2266 4845 2378 4896 lur-

808 4948 923 4991 tum
971 4938 1338 5005 redargueret.
1386 4937 1518 4990 Cum
1548 4938 1693 4991 cnim
1743 4937 1987 4998 dixisset,
2021 4938 2130 4989 Cur
2163 4937 2378 4987 tentavit

805 5030 1044 5082 Satanas
1074 5046 1162 5081 cor
1188 5040 1362 5095 tuum,
1400 5032 1608 5082 mentiri
1637 5039 1686 5081 te
1714 5028 1938 5097 Spiritui
1979 5027 2203 5080 sancto?
2248 5028 2380 5079 sub-

805 5123 1009 5175 iunxit:
1040 5122 1156 5175 Non
1202 5126 1441 5177 mentitus
1488 5141 1541 5175 es
1588 5124 1900 5182 hominibus,
1928 5121 2016 5172 sed
2049 5119 2157 5172 Deo
2180 5121 2243 5171 ’³.
2284 5119 2377 5171 llis

806 5212 1175 5279 astipulantur
1220 5221 1278 5264 et
1324 5228 1405 5272 ea,
1445 5227 1565 5280 qua:
1596 5227 1623 5263 a
1656 5211 1814 5264 beato
1854 5208 2021 5262 Paulo
2064 5208 2131 5260 de
2170 5207 2373 5275 Spiritu

806 5302 951 5353 dicta
1002 5314 1150 5356 sunt.
1200 5302 1496 5355 Grc-dentes
1542 5303 1688 5356 enim
1737 5300 1935 5367 templa
1969 5299 2063 5351 Dei
2110 5306 2288 5360 vocat,
2319 5297 2371 5350 in

804 5394 1006 5460 quibus
1055 5394 1310 5447 nimirum
1361 5395 1530 5463 gratia
1581 5393 1818 5461 Spiritus
1870 5390 2099 5443 habitet.
2148 5388 2372 5440 Nescitis

804 5485 976 5545 enim,
1032 5485 1225 5554 inquit,
1280 5488 1400 5552 quia
1447 5484 1697 5551 templum
1745 5483 1843 5535 Dei
1885 5482 2025 5543 estis,
2071 5489 2118 5532 et
2148 5477 2374 5547 Spiritus

808 5578 904 5631 Dei
952 5580 1153 5631 habitat
1200 5582 1254 5631 in
1306 5580 1445 5633 vobis
1467 5580 1548 5631 9‘?
1597 5578 1770 5643 Item,
1832 5577 2074 5638 Nescitis,
2126 5576 2373 5642 quoniam

914 5697 955 5726 ετ
981 5696 1107 5751 Cor.
1146 5712 1207 5758 ιι,
1272 5697 1357 5752 l0.
1433 5662 1641 5753 σεἰωά.
1701 5698 1786 5750 ll.
1862 5693 2071 5749 "Ibid.
2124 5692 2210 5747 1-2.

808 5767 899 5833 55,
934 5766 1023 5820 32.
1100 5768 1143 5799 ”
1173 5769 1294 5821 Act.
1323 5783 1376 5833 v,
1413 5768 1471 5822 5.
1549 5770 1641 5821 “l
1687 5766 1817 5820 Cor.
1848 5781 1929 5831 ιιι,
1967 5766 2053 5820 16.

2310 5688 2402 5741 “l
2460 5685 2589 5740 Cur.
2644 5702 2738 5745 xu,
2802 5684 2852 5746 ﬁ,
2907 5685 2990 5736 ll.

2130 5765 2173 5795 ’³
2206 5762 2223 5815 I
2256 5761 2381 5813 Cur.
2410 5774 2483 5822 vi,
2526 5759 2606 5811 I9.

2477 1937 2621 1990 enim
2638 1938 2839 1993 divinis
2861 1956 3187 1998 accusantur
3212 1946 3271 2009 ii,
3296 1950 3390 2015 qui
3415 1960 3704 2017 creaturae,
3734 1954 3857 2007 loco
3878 1952 4051 2007 Crea-

2481 2026 2617 2079 toris
2648 2028 2977 2083 servierunt.
3012 2032 3242 2088 Proinde
3272 2035 3593 2104 Unigenitus
3644 2056 3861 2109 quoque
3917 2058 4050 2096 ear-

2478 2130 2602 2168 nem
2635 2119 2924 2187 assumpsit
2944 2120 3261 2189 humanam,
3279 2135 3335 2178 ut
3353 2126 3601 2182 homines
3626 2131 3693 2183 ab
3722 2132 3826 2185 hoc
3852 2147 4051 2187 errore

2476 2204 2761 2273 liberaret,
2796 2209 3002 2280 Deique
3034 2229 3065 2266 a
3099 2228 3349 2269 creatura
3378 2218 3743 2273 dilIercntiam
3779 2224 4049 2276 ostende-

2479 2302 2581 2347 ret.
2612 2295 2839 2351 Sublata
2888 2308 3069 2353 autem
3115 2313 3382 2357 creatura:
3409 2306 3748 2369 adoratione,
3781 2319 4043 2363 naturam

2477 2396 2712 2441 creatam
2743 2391 2959 2443 adorari
2989 2407 3098 2446 non
3120 2395 3303 2464 jussit.
3353 2398 3725 2453 Absurdorum
3761 2402 3907 2454 enim
3938 2402 4051 2456 huc

2478 2483 2563 2535 vel
2596 2484 2891 2537 maximum
2917 2486 3107 2550 fuerit,
3145 2489 3193 2543 si
3238 2489 3362 2558 quis
3409 2489 3660 2544 homines
3710 2490 3779 2544 ab
3830 2493 3899 2544 iis
3946 2496 4047 2560 qui

2478 2574 2554 2629 dii
2601 2590 2709 2628 non
2743 2586 2873 2630 sunt
2904 2579 3190 2643 abductos,
3221 2591 3594 2633 creaturarum
3629 2583 3855 2634 servitio
3884 2583 4045 2635 addi-

2479 2666 2647 2719 xerit.
2682 2667 2868 2736 Itaque
2896 2669 3096 2723 Filium
3132 2681 3187 2723 et
3214 2670 3478 2738 Spiritum
3507 2681 3754 2725 sanctum
3794 2676 4049 2727 incrcata

2479 2757 2739 2824 praaditos
2772 2774 2890 2811 esse
2920 2769 3114 2812 natura
3163 2762 3511 2828 perspicuum
3553 2772 3654 2815 est.
3696 2762 3827 2814 Nam
3862 2764 3917 2815 in
3950 2763 4055 2814 Pa-

2481 2854 2640 2910 trem,
2672 2858 2727 2900 et
2756 2847 2950 2901 Filium
2983 2858 3038 2903 et
3069 2850 3336 2917 Spiritum
3368 2861 3618 2905 sanctum
3670 2854 3898 2905 credere
3954 2852 4046 2905 id-

2478 2937 2623 2990 circo
2640 2936 2991 3005 docemur,ct
3018 2942 3070 2992 in
3101 2941 3319 2994 nomine
3352 2942 3552 3008 Patris,
3584 2952 3640 2996 et
3668 2942 3812 3005 Filii,
3838 2953 3896 2994 et
3927 2942 4055 3010 Spi-

2480 3027 2619 3081 ritus
2653 3029 2824 3080 sancti
2858 3028 3216 3097 haptizamur.
3255 3030 3392 3095 Quia
3422 3033 3568 3085 enim
3598 3033 3837 3100 primum
3870 3034 4048 3086 homi-

2480 3133 2606 3171 nem
2642 3134 2751 3172 non
2782 3120 2933 3173 solus
2963 3121 3121 3174 Pater
3150 3124 3373 3185 ereavit,
3402 3125 3496 3176 sed
3527 3132 3583 3176 et
3614 3123 3788 3176 Filius
3812 3133 3868 3177 et
3899 3124 4041 3193 Spi-

2482 3210 2621 3263 ritus
2653 3220 2871 3263 sauctus
2903 3211 3079 3279 (dixit
3121 3212 3267 3265 enim
3294 3252 3308 3277 ,
3347 3213 3621 3265 Faciamus
3664 3213 3930 3266 hominem
3980 3217 4052 3267 ad

2481 3301 2763 3369 imaginem
2797 3312 2842 3352 et
2869 3301 3261 3353 similitudinem
3292 3314 3523 3354 nostram
3553 3305 3645 3369 9’),
3668 3305 3864 3357 merito
3897 3315 4053 3359 certe

2484 3400 2615 3444 tunc
2647 3393 2810 3445 etiam
2848 3408 2971 3444 cum
3003 3394 3351 3454 resurrectio,
3384 3408 3632 3462 novaque
3665 3395 3857 3447 mundi
3888 3411 4052 3449 crea-

2484 3481 2558 3535 tio
2591 3483 2889 3550 peragitur,
2921 3482 3091 3534 Filius
3114 3493 3167 3534 et
3199 3484 3433 3550 Spiritus
3462 3492 3680 3537 sanctus
3710 3485 3891 3538 Patris
3918 3500 4053 3539 con-

2482 3581 2660 3624 sortes
2710 3572 2875 3635 ﬁunt,
2930 3571 3320 3639 Trinitatisque
3355 3572 3492 3624 adeo
3528 3573 3799 3625 invocatio
3846 3588 4046 3627 eorum

2480 3662 2573 3729 qui
2612 3660 2959 3730 baptizantur
2996 3677 3164 3713 unum
3198 3670 3467 3730 quemque
3498 3670 3811 3730 regenerat.

3067 3795 3217 3850 CAP.
3260 3793 3450 3847 XXIX.

2940 3908 3012 3960 De
3047 3909 3235 3960 divinis
3268 3906 3580 3959 nominibus.

2552 4021 2657 4076 Sed
2695 4021 3005 4074 divinorum
3036 4020 3197 4072 etiam
3224 4019 3507 4071 nominum
3539 4018 3930 4083 interpretatio
3967 4020 4049 4073 sic

2481 4128 2538 4168 se
2572 4114 2758 4166 habet.
2788 4113 2925 4177 Quia
2971 4111 3118 4165 enim
3172 4109 3449 4163 vaecordes
3505 4110 3586 4162 illi
3640 4110 4049 4164 Hebraicorum

2478 4207 2763 4260 nominum
2826 4202 3335 4271 interpretationem
3381 4201 3733 4269 ignorantes,
3803 4202 4052 4263 Adonai,

2480 4298 2625 4361 Eloi,
2661 4305 2716 4350 et
2753 4295 2988 4349 Sabaoth
3022 4294 3269 4349 diversos
3310 4308 3428 4347 esse
3457 4292 3587 4346 deos
3612 4294 3859 4345 arbitrati
3895 4305 4050 4355 sunt,

2481 4403 2663 4456 operte
2706 4387 2948 4455 pretium
2980 4385 3112 4438 mihi
3142 4386 3386 4437 laeturus
3423 4383 3612 4436 videor
3639 4422 3654 4445 ,
3706 4383 3750 4435 si
3803 4383 4052 4436 rudibus

2409 4458 2452 4512 D
2480 4491 2536 4534 et
2585 4479 2790 4547 ignaris
2831 4479 3069 4545 aperiam
3104 4476 3234 4543 quid
3278 4481 3471 4526 horum
3508 4473 3791 4524 nominum
3840 4488 4050 4524 unum-

2473 4569 2729 4639 quodque
2761 4567 2964 4621 Greecis
3005 4576 3062 4621 et
3112 4564 3321 4619 Latinis
3359 4563 3587 4616 auribus
3640 4571 3819 4615 sonet.
3878 4561 4047 4614 Eloth

2476 4662 2661 4728 itaque
2687 4660 2819 4711 θεὸν
2851 4659 3020 4711 Deum
3053 4657 3463 4723 interpretatur.
3488 4653 3603 4706 Elui
3623 4660 3829 4712 autem,
3860 4655 3889 4705 ὁ
3917 4653 4053 4711 Θεὸς

2478 4769 2603 4819 μου,
2639 4750 2781 4804 Deus
2814 4763 2989 4801 meus.
3048 4745 3105 4798 El
3143 4760 3378 4813 quoque,
3416 4745 3459 4797 si
3503 4743 3653 4796 tenui
3686 4742 3885 4809 spiritu
3919 4758 4052 4811 pro-

2478 4843 2689 4894 feratur
2715 4879 2731 4904 ,
2776 4838 2910 4889 Θεὸν
2961 4837 3130 4889 Deum
3165 4853 3178 4887 :
3210 4835 3255 4888 si
3284 4848 3513 4902 aspero,
3570 4833 3790 4899 ἰσχυρὸν
3842 4831 4047 4883 fortem

2482 4932 2772 5002 signiﬁcat.
2802 4930 3009 4984 Adonai
3034 4939 3236 4988 autem,
3290 4927 3493 4995 Κύριον
3525 4925 3839 4978 Dominum.
3868 4922 4049 4976 Caete-

2482 5039 2604 5076 rum
2632 5020 2895 5075 Dominus
2943 5018 3206 5079 Sabaoth,
3250 5016 3392 5069 idem
3446 5024 3622 5078 sonat,
3659 5012 3805 5081 quod
3844 5013 4051 5080 Κύριος

2481 5112 2783 5181 δυνάμεων,
2811 5109 3070 5163 Dominus
3097 5107 3379 5167 virtutum,
3402 5104 3485 5156 vel
3514 5104 3715 5169 Κύριος
3748 5101 4047 5168 στρατιῶν,

2481 5203 2741 5257 Dominus
2768 5200 3131 5254 exercituum.
3168 5198 3301 5251 Nam
3343 5193 3481 5263 apud
3514 5192 3733 5245 Graecos
3765 5192 4044 5245 militares

2480 5296 2703 5349 ordines
2733 5294 3035 5360 δυνάμεων,
3069 5304 3163 5342 seu
3195 5290 3457 5340 virtutum
3506 5291 3914 5350 potestatumve
3946 5298 4047 5334 nu-

2481 5390 2628 5440 mine
2661 5384 3034 5452 designantur.
3069 5380 3265 5433 Satldai
3300 5391 3457 5446 porro
3479 5376 3660 5426 ἱκανὸν
3699 5374 3796 5425 κιὶ
3819 5374 4048 5425 δυνατὸν

2481 5477 2743 5531 idoneum
2779 5484 2833 5527 et
2868 5482 3163 5541 potentem.
3187 5471 3305 5523 Alia
3344 5482 3475 5519 vero
3500 5466 3590 5515 τὸν
3624 5464 3773 5522 ὄντα,
3806 5478 3935 5515 eum
3957 5466 4049 5528 qui

2479 5578 2564 5622 est
2594 5566 2867 5637 signiﬁcat
2900 5584 2912 5619 ε
2950 5564 3094 5631 quod
3145 5576 3343 5615 nomen
3390 5556 3663 5611 incllabile
3714 5569 3939 5623 quoque
3983 5542 4051 5604 ab

3066 5683 3107 5714 ⁹¹
3143 5682 3204 5733 ll.
3238 5680 3362 5734 Cor.
3400 5692 3509 5730 sm.
3550 5675 3631 5726 l3.
3731 5678 3777 5704 θ’
3815 5675 3959 5730 Psal.
3992 5693 4049 5740 χ,

2684 5760 2723 5788 ιδ
2755 5756 2945 5807 Matth.
2979 5767 3163 5815 xxvtu,
3204 5754 3282 5803 ιν.
3366 5750 3406 5778 ν’
3433 5748 3562 5799 (λιιι.
3604 5761 3644 5807 t,
3676 5748 3763 5798 .6.
