4274 6382
171 357 296 422 1161

1421 342 1815 404 'l‘llESAURl
1856 341 2001 400 LlB.
2050 342 2131 403 II.

3263 337 3398 402 1162

164 463 404 522 Hebrreis
429 460 778 516 censebatur.
816 456 1199 513 Samariritani
1228 452 1482 510 eumdem
1505 454 1626 508 labe
1658 454 1738 506 di-
1770 460 1810 514 Α
1844 455 2221 514 extolleretur,
2257 452 2366 502 imo
2403 463 2552 513 vero,
2591 449 2684 516 qui
2722 463 2828 502 non
2857 454 3164 502 extremum
3192 446 3297 499 hoc
3323 447 3416 497 tle-

160 567 340 615 cunt.
400 553 552 607 verbi
597 552 704 604 vim
779 551 1111 618 ignorantes.
1176 546 1303 600 Haec
1365 560 1488 598 cum
1550 545 1735 598 minus

163 646 426 702 vecordes
459 645 532 697 illi
582 642 968 703 adverterent,
1008 641 1142 693 deos
1186 636 1433 690 diversos
1489 634 1736 704 appella-

165 743 386 791 verunt.

768 846 920 901 CAP.
963 841 1133 897 XXX.

160 942 413 1010 Ejusdem
475 945 747 992 Lhaniutw
829 937 1152 1010 [Trinitatis
1211 931 1628 1010 demonstratio.
1703 947 1735 981 a

231 1015 439 1064 trutina:
466 1010 778 1078 azquilibrio,
831 1001 1023 1078 duplici
1073 1006 1288 1057 alarum
1338 1001 1735 1070 seraphicarum

234 1075 801 1147 Triuitale,'Trisagia.
832 1075 847 1146 j

234 1195 627 1249 Dubitantibus
656 1199 864 1253 autem,
919 1202 1158 1255 quanam
1213 1185 1280 1239 de
1340 1198 1505 1238 causa
1561 1180 1735 1234 Filius

159 1288 543 1342 enuntiatione
602 1283 814 1335 tnedius
865 1280 1168 1332 assumitur
1199 1319 1212 1342 ,
1247 1286 1494 1328 extrema
1553 1281 1734 1322 autem

161 1378 325 1431 Pater
373 1386 429 1428 et
483 1372 721 1440 Spiritus
755 1379 979 1422 sanctus
1028 1375 1345 1435 occupent,
1397 1362 1736 1431 respondere

159 1481 471 1537 possumus.
507 1463 652 1532 quod
683 1476 806 1514 cum
841 1461 981 1513 Deus
1012 1469 1217 1511 statera
1253 1455 1478 1524 iustitia:
1521 1454 1737 1507 dicatur

157 1556 351 1610 eadem
385 1568 614 1622 prorsus
643 1552 877 1614 ratione,
909 1565 1016 1617 qua
1069 1559 1332 1601 stateram
1385 1545 1654 1605 dicimus,
1691 1543 1735 1595 is

159 1662 380 1716 quoque
412 1645 547 1698 ordo
580 1646 632 1696 in
684 1652 876 1696 natura
927 1641 1108 1692 divina
1159 1638 1502 1705 excogitatus
1535 1645 1638 1696 est,
1679 1644 1736 1687 ut

159 1737 399 1788 medium
433 1736 612 1787 locum
649 1734 816 1785 Filius
844 1746 1118 1798 occupans
1150 1742 1418 1782 summam
1450 1726 1732 1794 mqualita-

163 1835 273 1879 tem
310 1841 433 1878 cum
468 1824 687 1876 duobus
719 1824 980 1876 extremis
1015 1827 1326 1873 conservet.
1361 1817 1476 1886 Ipse
1499 1817 1647 1871 enim
1681 1825 1736 1868 et
1767 1792 1810 1849 Β

160 1919 397 1986 primam
432 1915 576 1967 illam
607 1915 795 1966 mundi
829 1913 1244 1965 fabricationem
1275 1951 1289 1974 ,
1332 1919 1388 1964 et
1441 1925 1560 1962 eam
1616 1923 1738 1976 qua:

161 2008 458 2060 subsecuta
493 2017 576 2059 est
605 2006 827 2074 generis
865 2005 1308 2055 reformationem
1342 2001 1588 2069 perfecit.
1620 2000 1738 2053 C28-

163 2105 339 2152 terum
363 2107 578 2150 statera:
607 2095 878 2162 exemplo,
901 2093 1126 2161 aequalis
1159 2095 1246 2145 illa
1280 2097 1454 2146 virtus
1471 2100 1525 2145 et
1549 2101 1741 2160 poten-

163 2191 238 2242 tia
267 2189 671 2244 subindicatur.
710 2202 829 2254 qua:
868 2187 920 2238 in
957 2186 1229 2237 Triuitate
1256 2186 1438 2251 (cuius
1472 2186 1740 2235 immensa

161 2289 248 2335 est
277 2281 544 2347 potentia)
583 2281 848 2333 elucescit
883 2294 1008 2330 cum
1044 2292 1109 2328 ex
1141 2278 1322 2328 tribus
1354 2275 1460 2329 illis
1493 2275 1742 2344 personis

162 2374 312 2423 nulla
366 2370 663 2438 quidquam
701 2369 938 2438 amplius
984 2383 1200 2421 sursum
1244 2369 1412 2430 ferat,
1453 2383 1616 2436 quam
1653 2368 1740 2420 illa

163 2478 284 2529 qua:
319 2462 575 2514 deorsum
626 2464 831 2528 vergit,
882 2461 976 2514 sed
1023 2460 1076 2512 in
1133 2461 1441 2528 a'qnilibrio
1495 2460 1740 2522 honoris,

163 2552 352 2621 gloriae
407 2560 462 2602 et
513 2553 833 2605 substantia:
863 2552 1119 2612 librctur,
1162 2562 1216 2605 et
1254 2551 1564 2619 theologica
1613 2565 1744 2602 con-

164 2644 366 2697 stantia
395 2643 668 2710 persistat.
704 2644 781 2696 Ex
822 2659 931 2711 quo
964 2644 1058 2705 ﬁt,
1110 2654 1170 2694 ut
1204 2643 1259 2693 in
1313 2641 1478 2694 rebus
1526 2655 1746 2708 quoque

166 2735 508 2802 generatiuni
540 2734 798 2785 obnoxiis
856 2732 1141 2800 aequalitas
1171 2731 1354 2794 detur,
1410 2745 1736 2798 aequumque

172 2831 434 2890 tanquam
471 2823 678 2875 trutina
714 2832 998 2891 pensetur.

241 2913 356 2966 lino
386 2913 587 2981 duplex
624 2928 845 2981 quoque
875 2914 1295 2981 serapliicarum
1345 2913 1744 2967 alarum'trini-

170 3014 254 3056 tas
287 3014 488 3055 sanctze
512 3003 795 3055 Tranitatis
827 3005 1086 3071 mysterio
1121 3005 1478 3070 proportione
1504 3004 1742 3071 quadam

1841 546 2010 598 decus
2043 544 2226 606 fuerit,
2274 541 2316 596 si
2347 540 2413 594 ad
2452 540 2626 608 majus
2657 541 2834 594 laudis
2869 548 3256 610 argumentum
3286 551 3414 604 pcr-

1842 635 2257 689 turbationibus
2288 634 2414 697 illis,
2449 632 2653 700 quibus
2683 646 2874 685 omnes
2924 630 3150 684 obnoxii
3197 643 3411 689 sumus,

1835 729 2064 782 liberum
2115 741 2234 779 esse
2288 725 2498 778 Numen
2551 725 2901 778 asseramus?
2951 724 3056 777 Sed
3100 723 3154 776 id
3204 722 3410 791 potius,

1837 819 1982 888 quod
2030 825 2369 887 segregatum
2399 855 2413 878 ,
2447 825 2502 870 et
2561 815 2781 870 caeteris
2847 815 3105 867 omnibus
3137 814 3294 881 longe
3321 827 3414 865 su-

1839 911 2065 965 blimius
2095 920 2218 974 est,
2276 919 2334 963 et
2385 909 2539 977 quasi
2577 907 2818 976 quodam
2852 921 3073 959 recessu
3108 906 3412 972 sepositum

1838 1004 2065 1058 indicat.
2087 1003 2215 1068 Quae
2238 1001 2499 1054 dictionis
2529 1000 2856 1068 signiﬁcatio
2890 997 3150 1066 frequens
3185 997 3238 1049 in
3271 996 3419 1050 Scri-

1839 1096 2014 1164 pturis
2063 1094 2340 1157 occurrit,
2401 1102 2458 1144 ut
2503 1107 2518 1144 :
2563 1093 2724 1144 Omne
2761 1090 3052 1144 masculum
3107 1073 3421 1157 adapericns

1838 1189 2064 1250 vulvam,
2101 1195 2344 1240 sanctum
2401 1184 2626 1237 Domino
2657 1184 2925 1236 vocabitur
2951 1185 3018 1245 ’⁸,
3047 1183 3100 1235 id
3131 1191 3214 1234 est
3244 1196 3425 1250 segre-

1840 1289 2043 1350 gatum.
2083 1280 2218 1332 Item
2256 1279 2309 1331 in
2357 1278 2500 1330 libro
2526 1275 2781 1330 Judicum
2830 1291 2840 1324 :
2882 1273 3058 1324 Pariet
3094 1271 3316 1333 Filium,
3369 1280 3418 1322 et

1840 1386 1941 1421 non
1965 1369 2207 1422 ascendet
2237 1368 2436 1436 ferrum
2456 1382 2614 1434 super
2639 1372 2798 1433 caput
2842 1363 2956 1432 ejus
2979 1401 2992 1424 ,
3024 1362 3274 1430 quoniam
3295 1376 3420 1412 san-

1838 1460 2097 1526 ctiﬁcata:
2165 1468 2238 1511 est
2301 1459 2503 1528 puellus
2539 1458 2607 1517 θ’,
2673 1468 2726 1510 ct
2794 1455 3097 1507 innumeris
3154 1453 3209 1504 in
3265 1451 3421 1504 locis.

1838 1552 2040 1604 Eodem
2077 1553 2239 1604 etiam
2283 1564 2446 1602 sensu
2484 1549 2685 1610 locum,
2713 1546 2796 1599 vel
2833 1560 3053 1613 panem,
3105 1538 3190 1595 vel
3234 1542 3421 1595 vinum

1839 1643 2169 1697 sanctilicari
2225 1620 2500 1699 dicimus;
2550 1654 2671 1708 quae
2725 1640 2833 1692 Deo
2883 1645 3260 1706 segregantur,
3321 1648 3424 1688 nec

1842 1735 1897 1786 in
1963 1747 2310 1786 communem
2369 1733 2605 1800 aliquem
2670 1745 2828 1783 usuin
2891 1729 3115 1784 cedunt.
3183 1725 3422 1796 Proinde

1838 1826 2000 1879 simul
2027 1835 2190 1892 atque
2214 1824 2279 1877 ad
2311 1823 2480 1878 altar'e
2507 1822 2821 1877 sacerdotes
2853 1822 3203 1882 introierant,
3236 1833 3423 1873 sacro-

1840 1931 1962 1968 rum
1998 1915 2338 1968 Psalmorum
2378 1923 2562 1966 cantor
2584 1913 2836 1980 superius
2861 1912 3201 1967 exclamabat
3231 1927 3244 1964 :
3281 1911 3419 1964 San-

1839 2019 1960 2062 ctus
2009 2009 2192 2069 Deus,
2253 2006 2490 2060 Sanctus
2545 2005 2745 2069 fortis,
2786 2008 3020 2060 Sanctus
3067 2005 3415 2059 immortalis.

1839 2097 1995 2163 Quod
2030 2095 2254 2164 quidem
2311 2097 2536 2148 laudum
2591 2098 2927 2165 prmconium
2974 2080 3043 2149 ei
3100 2096 3418 2150 veneranda

1844 2189 1934 2241 illa
1963 2189 2245 2256 Serapliici
2275 2187 2486 2240 ordinis
2523 2186 2872 2241 eonfesrione
2908 2190 3285 2254 compositum
3313 2195 3414 2239 est.

1843 2281 1988 2334 Idem
2021 2295 2187 2348 porro
2214 2279 2489 2333 canticum
2513 2293 2580 2331 ex
2601 2278 2910 2332 Cberubico
2931 2279 3095 2331 etiam
3121 2276 3418 2346 praeconio.

1845 2372 2168 2440 musieoque
2219 2385 2503 2424 sacrorum
2555 2369 2899 2422 Psaltnorum
2951 2378 3116 2422 cantu
3168 2377 3422 2421 constare

1844 2465 2128 2524 discimus,
2166 2478 2288 2516 cum
2330 2461 2385 2514 in
2437 2462 2646 2530 psalmo
2699 2461 2922 2529 quidem
2972 2460 3204 2514 Sanctus
3254 2460 3420 2522 Deus,

1845 2555 2023 2617 fortis,
2056 2557 2214 2608 vivus
2247 2564 2497 2609 canatur.
2534 2553 2638 2609 Ubi
2685 2564 2836 2608 certe
2868 2553 3039 2608 dictio
3078 2553 3248 2609 Vivus
3297 2557 3421 2608 loco

1846 2645 2105 2700 dictionis
2163 2646 2528 2711 Immortalis,
2589 2655 2845 2714 tanquam
2898 2645 3040 2700 idem
3109 2646 3423 2715 signdicans

1844 2746 2152 2804 assumpta;
2179 2737 2348 2791 dictio
2375 2746 2556 2792 autem
2587 2736 2765 2790 Fortis
2784 2738 2837 2789 in
2861 2737 3074 2806 integro
3105 2745 3342 2802 retenta,
3364 2746 3422 2790 et

1845 2827 1950 2882 hoc
1986 2828 2148 2881 modo
2181 2843 2341 2881 sacra
2373 2827 2598 2881 demum
2632 2829 2815 2882 cautio
2847 2836 3106 2881 contexta
3136 2838 3241 2882 est.
3273 2829 3421 2882 Deus

1847 2929 2030 2974 tamen
2088 2922 2303 2986 obiter,
2356 2931 2412 2975 et
2453 2921 2717 2984 Sanctus,
2753 2937 2820 2975 ex
2860 2922 3177 2976 adversario
3230 2921 3423 2992 impiis

1848 3013 2118 3067 idolorum
2145 3013 2382 3068 cultibus
2403 3023 2775 3082 opponuntur.
2793 3014 2923 3079 Qua:
2947 3015 3169 3082 quidem
3199 3024 3417 3068 terrena

168 3096 512 3163 reSponilet;
554 3095 795 3147 medium
849 3095 995 3146 enim
1051 3094 1222 3156 Patri,
1258 3105 1503 3146 extrema
1560 3103 1741 3147 autem
1769 3116 1812 3177 C
1849 3114 1998 3168 sunt,
2031 3119 2308 3172 operaque
2341 3119 2602 3157 manuum
2634 3104 2943 3166 hominum,
2997 3116 3159 3173 atque
3208 3106 3417 3159 abomi-

165 3185 310 3239 Filio
336 3196 391 3237 et
421 3184 650 3251 Spiritui
685 3183 1020 3251 respondent
1046 3201 1058 3234 :
1098 3187 1348 3249 trinaque
1376 3183 1511 3235 adeo
1537 3185 1738 3236 sancti-

167 3274 297 3327 tatis
325 3275 630 3327 enuntiatio
661 3289 786 3326 cum
839 3289 932 3340 per
989 3287 1046 3324 se
1099 3289 1326 3339 prorsus
1381 3274 1738 3326 immutabilis

163 3367 410 3425 exsistat,
450 3373 559 3415 tres
590 3378 852 3430 personas
907 3363 1241 3422 substantia,
1278 3363 1484 3414 virtute
1548 3375 1740 3428 pOten-

165 3455 348 3520 tiaque
382 3455 750 3504 immutabilrs
778 3451 1120 3520 aenigmatice
1140 3451 1414 3519 designat,
1443 3451 1550 3503 imo
1575 3452 1736 3504 etiam

163 3543 489 3594 siibstantia:
543 3543 830 3609 tequalitas
880 3553 934 3594 ct
990 3543 1172 3594 unitas
1223 3543 1335 3604 illa,
1392 3556 1513 3608 qua:
1562 3543 1738 3593 tribus

165 3631 332 3694 inest,
367 3643 518 3683 certa
581 3632 900 3683 inductione
959 3642 1016 3682 et
1071 3630 1313 3683 illatione
1344 3631 1566 3683 unicum
1615 3646 1736 3684 esse

165 3722 461 3774 Dominum
489 3721 799 3773 eonlirniat.
831 3721 942 3772 Ala:
976 3735 1194 3788 quoque
1226 3721 1478 3787 duplices
1513 3736 1736 3776 omnem

163 3816 312 3868 illam
339 3815 707 3882 c0gnitioneiu
741 3814 1002 3866 denotant
1033 3853 1046 3879 ,
1088 3830 1212 3882 qua:
1248 3814 1314 3866 ad
1355 3831 1459 3869 nos
1513 3817 1732 3871 illorum

164 3905 434 3958 benelicio
485 3905 810 3964 descendit,
847 3905 1063 3957 etiamsi
1115 3905 1338 3971 Spiritus
1370 3905 1515 3957 illam
1563 3908 1737 3961 admi-

161 3998 460 4047 nistrantes
487 3996 555 4045 ab
583 3997 730 4044 omni
767 3995 876 4046 sint
929 3997 1159 4046 materia
1190 3997 1420 4059 remoti,
1454 4013 1556 4051 nec
1599 4000 1734 4052 sim-

162 4088 287 4155 plex
316 4086 408 4137 illa
441 4085 756 4146 descendat,
778 4085 870 4137 sed
900 4086 1168 4152 ejusmodi
1203 4088 1429 4140 materia
1454 4099 1732 4157 constans,

162 4192 286 4244 qua:
333 4177 476 4244 typis
510 4185 565 4227 et
603 4177 790 4244 ﬁguris
834 4177 1174 4229 nostratibus
1205 4182 1531 4237 conveniat.
1570 4191 1734 4250 atque

161 4268 304 4321 adeo
320 4269 620 4335 composita
657 4269 974 4334 compositis
1007 4269 1459 4332 peraceommoda
1503 4271 1594 4322 sit.
1629 4273 1735 4324 Du-

159 4360 286 4428 plex
308 4368 488 4409 autem
523 4367 606 4409 est
643 4373 726 4408 res
756 4359 934 4409 omnis
959 4359 1278 4423 materialis,
1320 4376 1440 4429 qua:
1476 4363 1729 4417 nimirum

159 4466 229 4502 ex
255 4450 480 4501 materia
519 4461 570 4500 et
603 4450 773 4500 forma
803 4458 1036 4502 constet.
1059 4451 1234 4504 Dictio
1265 4468 1450 4520 porro,
1473 4455 1730 4521 Sanctus,
1763 4451 1816 4513 D
1844 4475 1980 4525 ηοειε
2040 4474 2239 4526 indica;
2290 4475 2564 4529 “gentiam
2601 4477 2639 4529 ι.
2671 4475 2803 4532 hem
2836 4494 2901 4532 ex
2935 4480 3039 4534 hoc
3069 4498 3081 4534 ε

161 4541 214 4593 id
248 4541 582 4602 subindicat,
611 4541 760 4607 quod
792 4544 999 4595 sanctis
1028 4545 1397 4611 superinsidet
1419 4587 1432 4610 ,
1471 4563 1594 4601 cum
1628 4566 1737 4617 quo

159 4633 313 4684 nulla
345 4646 572 4698 prorsus
619 4633 720 4682 alia
767 4637 1030 4686 sanctitas
1058 4636 1296 4688 conferri
1348 4650 1536 4704 queat.
1566 4639 1738 4704 Quot-

158 4732 296 4791 quot
321 4722 468 4774 enim
504 4721 818 4774 Divinitatis
841 4723 1053 4776 ratione
1080 4728 1250 4778 sancti
1283 4725 1565 4792 dicuntur,
1594 4732 1736 4784 haud

158 4813 328 4864 dubie
380 4811 587 4879 profani
629 4823 683 4865 et
733 4815 972 4880 impuri,
1022 4817 1481 4882 quemadmodum
1547 4836 1738 4876 omnes

157 4917 381 4972 quoque
416 4918 569 4969 reges
595 4904 762 4966 servi,
784 4914 839 4956 ct
863 4918 926 4956 ea
949 4920 1071 4972 qua:
1097 4916 1226 4958 sunt
1257 4923 1366 4960 non
1397 4923 1516 4962 esse
1550 4926 1738 4966 cense-

156 4995 391 5057 buutur,
425 4996 469 5046 si
500 5010 624 5046 eum
659 4995 791 5056 Deo,
829 4997 878 5048 id
922 5005 1008 5050 est
1040 5012 1105 5049 eo
1137 5000 1230 5065 qui
1267 5015 1393 5054 vere
1431 5013 1514 5055 est
1541 5041 1553 5064 .
1606 5019 1737 5058 con-

158 5089 437 5142 ferantur.
474 5089 584 5143 Hae
631 5105 761 5160 ergo
797 5090 1064 5154 dictione,
1107 5091 1339 5147 Sanctus
1362 5135 1376 5158 ,
1410 5098 1730 5154 excellentia

159 5181 214 5235 in
253 5183 365 5234 Deo
413 5191 470 5236 et
520 5183 873 5251 praerogativa
941 5185 1236 5238 denotatur
1268 5226 1281 5251 ,
1333 5188 1494 5257 idque
1551 5192 1729 5257 adeo,

159 5273 308 5344 quod
337 5274 600 5342 dignitate
633 5289 732 5327 sua
765 5291 946 5327 rerum
977 5279 1222 5331 omnium
1249 5288 1474 5334 naturas
1500 5297 1731 5353 exsupe-

160 5375 268 5419 ret.
303 5364 562 5418 Sauctum
582 5368 728 5418 enim
757 5367 862 5419 hoc
885 5368 1007 5420 loco
1037 5383 1146 5422 non
1177 5371 1229 5424 id
1264 5373 1553 5442 signiﬁcat,
1583 5377 1728 5444 quod

160 5471 191 5508 a
246 5456 410 5510 sorde
453 5455 698 5524 qualibet
753 5471 955 5524 corpus
1009 5467 1100 5511 aut
1154 5463 1391 5514 animam
1449 5464 1728 5532 polluente

161 5563 362 5616 purum
387 5549 635 5613 exsistat,
670 5548 828 5601 absit!
858 5548 977 5614 Quo
1010 5551 1156 5602 enim
1191 5554 1446 5607 encomio
1477 5556 1620 5610 Deus
1649 5559 1720 5611 ita

233 5730 280 5766 ⁸⁸
318 5730 490 5787 Exod.
523 5749 631 5797 xw,
666 5734 749 5788 l9.
828 5735 1072 5791 "Judie.
1112 5752 1228 5802 xm,
1258 5739 1334 5806 li;
1391 5757 1500 5810 xvi,
1573 5745 1654 5800 l7.

486 5837 754 5896 PM‘ROL.
792 5835 910 5896 Gn.
945 5830 1252 5895 CXXXIX.

1736 5749 1751 5777 ¹
1789 5748 1927 5804 Psal.
1966 5767 2118 5818 ινδιξ,
2151 5752 2206 5808 3.

1845 3196 2097 3248 nationes
2135 3210 2346 3248 revera.
2385 3196 2561 3248 Fortis
2597 3207 2783 3248 autem
2814 3197 3022 3250 eisdem
3069 3198 3369 3265 opponitur
3395 3237 3412 3264 ,

1845 3295 2116 3353 quatenus
2137 3297 2305 3351 muta,
2339 3288 2641 3341 immobilia
2671 3298 2727 3342 et
2756 3288 2970 3341 inﬁrma
2999 3301 3145 3344 sunt.
3180 3289 3412 3344 Immor-

1848 3376 1973 3430 talis
2005 3377 2266 3446 dcnique,
2287 3389 2558 3447 quatenus
2587 3396 2689 3433 nec
2719 3382 3012 3448 respirant,
3043 3397 3145 3436 nec
3175 3397 3413 3452 operan-

1847 3474 1963 3528 tur,
2022 3484 2122 3521 nee
2168 3469 2277 3521 ulla
2326 3473 2450 3522 vita:
2495 3471 2729 3524 scintilla
2788 3472 3066 3525 fruuntur.
3134 3473 3409 3528 Caeterum

1844 3574 2006 3629 supra
2059 3563 2344 3615 memorati
2397 3561 2593 3614 cantici
2641 3564 2966 3631 compositio
3001 3565 3160 3618 beato
3210 3567 3409 3621 Proclo

1843 3651 2458 3721 Constantinopolitano
2489 3654 2736 3723 pontilici
2770 3669 2836 3708 ex
2871 3657 3207 3711 rcvclatione
3246 3659 3406 3714 inno-

1847 3745 2019 3798 tuisse
2064 3745 2238 3798 fertur
2268 3786 2280 3808 ,
2339 3746 2430 3813 qui
2482 3747 2691 3815 angelis
2740 3747 2964 3816 quidem
3005 3764 3220 3803 sacrum
3259 3753 3407 3807 hunc

1844 3835 2105 3906 hymnum
2136 3835 2547 3890 modulantibus
2574 3837 2688 3901 illo,
2747 3837 2862 3905 ipse
2908 3838 3120 3906 primus
3157 3843 3403 3895 omnium

1844 3931 2090 3983 initiatus
2112 3937 2215 3982 est.

1913 4022 2204 4075 Enimvero
2228 4023 2472 4076 senarius
2503 4023 2587 4075 ille
2613 4037 2830 4092 quoque
2867 4025 3164 4093 primorum
3190 4027 3402 4081 dierum

1845 4128 2105 4166 numerus
2123 4114 2277 4182 cujus
2297 4113 2352 4166 in
2374 4114 2513 4166 libro
2530 4114 2596 4167 de
2614 4115 2802 4167 mundi
2829 4117 3180 4183 generatione
3199 4120 3404 4172 mentio

1845 4201 1924 4266 ﬁt,
1973 4210 2098 4270 typo
2130 4201 2365 4268 quodam
2398 4204 2594 4254 trinam
2624 4202 2715 4255 Dei
2739 4205 3104 4272 cognitionem
3129 4208 3403 4274 exprimit;

1841 4293 1984 4360 quod
2009 4294 2228 4359 quidem
2251 4309 2374 4346 eum
2401 4295 2519 4348 aliis
2540 4295 2748 4363 aliquot
2777 4312 2842 4349 ex
2873 4297 3029 4360 locis,
3065 4309 3177 4352 tum
3205 4315 3270 4354 ex
3301 4301 3407 4354 hoc

1841 4383 2188 4450 perspicuum
2220 4391 2339 4437 est:
2369 4384 2491 4436 Dies
2523 4384 2626 4438 diei
2656 4394 2860 4439 eructat
2909 4391 3119 4441 verbum
3143 4429 3156 4454 ,
3203 4399 3252 4443 et
3306 4408 3406 4444 ne:

3137 4481 3158 4534 Ι
3170 4499 3200 4534 u
3231 4485 3406 4551 capite

1839 4563 1959 4615 libri
1985 4567 2234 4633 scriptum
2268 4575 2342 4619 est
2379 4567 2442 4618 de
2479 4583 2559 4620 me
2583 4569 2624 4620 '.
2649 4570 2977 4638 Quicunque
3012 4572 3159 4625 enim
3191 4573 3260 4627 de
3293 4577 3405 4642 pri~

1839 4657 1941 4707 mis
1972 4655 2076 4708 illis
2106 4655 2304 4708 diebus
2335 4668 2733 4724 exposuerunt,
2767 4658 2987 4714 obscuri
3021 4663 3158 4717 nihil
3202 4663 3403 4718 elocuti

1839 4755 1985 4799 sunt.
2027 4745 2160 4799 Nam
2195 4758 2359 4814 caput
2393 4757 2447 4802 et
2475 4749 2804 4818 principmm
2841 4751 2988 4815 libri,
3023 4753 3076 4806 id
3117 4763 3199 4808 cst
3238 4757 3406 4810 totius

1839 4835 2137 4903 Scriptum
2166 4838 2433 4892 divinitus
2469 4841 2764 4907 inspirata,
2797 4841 2886 4895 ille
2907 4843 3121 4896 dierum
3154 4848 3406 4903 senarius

1835 4928 2100 4981 numerus
2141 4939 2245 4990 est,
2290 4931 2490 4998 quibus
2541 4931 2750 4985 fabrica
2783 4934 2970 4986 mundi
3025 4949 3405 4995 consummata

1835 5017 1955 5072 fuit.
1991 5018 2065 5072 Ex
2095 5035 2328 5087 quorum
2384 5023 2760 5092 magnitudine
2804 5032 2859 5079 et
2923 5026 3121 5082 decore
3169 5028 3401 5086 Creator-

1837 5110 2184 5165 innotescens
2217 5113 2478 5167 laudibus
2511 5115 2762 5170 effertur.

1907 5199 2002 5253 llis
2027 5200 2274 5269 Gregorii
2329 5219 2549 5273 quoque
2602 5206 2861 5278 Theologi
2919 5225 3020 5264 vox
3072 5214 3390 5278 attexenda.

1830 5305 1952 5359 quae
1975 5291 2195 5359 quidem
2226 5293 2385 5348 nobis
2425 5296 2494 5348 ad
2531 5308 2640 5352 tres
2669 5315 2840 5368 usque
2890 5315 3154 5369 personas
3193 5306 3398 5362 divini-

1833 5386 1962 5436 tatis
2011 5387 2328 5452 mysterium
2368 5388 2672 5442 revelatum
2708 5391 2877 5446 fuisse
2915 5403 3164 5450 testatur.
3201 5397 3394 5454 Unitas

1828 5477 1999 5542 enim,
2037 5478 2231 5544 inquit,
2266 5481 2335 5532 ob
2370 5479 2562 5534 insitas
2589 5497 2719 5550 opes
2746 5485 2992 5539 emersit.
3026 5485 3268 5543 Duziitas
3293 5504 3398 5542 au-

1828 5577 1936 5621 tem
1968 5568 2214 5623 ubertate
2245 5573 2489 5629 materiae
2541 5583 2597 5628 et
2648 5573 2872 5642 formae,
2909 5577 3111 5646 quibus
3160 5593 3393 5650 corpora

2281 5757 2300 5786 ‘
2336 5755 2477 5811 Psal.
2517 5774 2698 5824 χχιιι,
2741 5759 2794 5815 8.

2881 5855 2948 5915 37
