4274 6382
839 399 981 463 1ἱ63

830 601 997 669 niqiie
1045 606 1117 659 ob
1164 608 1248 661 sui
1299 611 1694 678 perfectionem
1750 618 1972 672 deﬁnita
2022 632 2124 675 est.
2178 623 2396 679 Primus

828 694 975 747 enim
1015 698 1287 754 teruarius
1317 702 1513 758 binarii
1546 710 2003 776 composuionem
2034 728 2251 784 superat
2278 756 2293 779 ,
2328 734 2397 772 ne

839 792 924 837 vel
958 787 1011 838 in
1044 800 1339 857 angustum
1385 795 1650 850 biviiiitas
1685 810 2029 864 coarctctur,
2067 807 2147 858 vel
2189 808 2243 859 in
2278 809 2397 860 inii-

827 876 1002 928 nitiiin
1034 878 1393 939 tlill‘untlatur.

897 967 1013 1021 Alia
1046 988 1265 1041 quoque
1294 979 1431 1029 ratio
1461 980 1645 1032 atterri
1680 995 1880 1049 potest,
1915 1002 2014 1037 cur
2040 988 2301 1043 divinitas
2329 992 2396 1043 ad

826 1061 1121 1114 ternarium
1138 1080 1307 1133 usque
1324 1083 1609 1121 numerum
1629 1088 1902 1140 processei
1918 1078 1977 1139 it,
1998 1078 2121 1144 quia
2138 1078 2395 1134 nimirum

824 1165 890 1201 ex
924 1158 1173 1208 numeris
1230 1160 1501 1214 tertiarius
1536 1164 1686 1217 solus
1739 1167 2144 1234 apertissimum
2181 1178 2395 1223 statcric

825 1250 1011 1307 typum
1048 1246 1265 1298 relcrat.
1300 1246 1515 1303 Siatcra
1570 1268 1733 1320 porro
1781 1257 2109 1323 aequalitatis
2150 1274 2291 1326 opus
2337 1268 2393 1314 ct

827 1332 1133 1400 symbolum
1174 1347 1275 1390 est.
1332 1340 1407 1392 Ex
1443 1358 1551 1410 quo
1601 1344 1659 1397 fit
1684 1387 1696 1407 ,
1733 1356 1788 1397 ut
1818 1346 1962 1401 inter
2000 1365 2259 1403 numeros
2291 1360 2395 1403 ter—

822 1424 1009 1476 narius
1028 1426 1178 1480 solus
1196 1444 1281 1480 om
1297 1432 1441 1483 :.ium
1464 1434 1697 1488 medium
1723 1437 1866 1492 inter
1892 1452 2125 1512 utraque
2151 1454 2395 1498 extrema

822 1514 901 1565 sic
928 1515 1191 1581 obtineat,
1224 1529 1281 1570 ut
1316 1536 1412 1588 par
1437 1532 1491 1575 et
1516 1526 1870 1584 immutabilis
1897 1534 1986 1596 sit,
2021 1550 2143 1588 cum
2175 1537 2393 1589 interim

825 1603 973 1655 nulla
998 1620 1225 1672 prorsus
1252 1610 1305 1663 in
1346 1613 1523 1668 tribus
1544 1621 1869 1686 compositio
1901 1636 2177 1677 cernatur.

890 1692 1009 1745 Jam
1034 1710 1133 1748 cur
1155 1700 1371 1752 tandem
1399 1702 1590 1771 Filius,
1619 1706 1831 1773 dextra,
1852 1712 2086 1768 Verbum
2110 1718 2394 1785 virtusque

826 1782 1023 1847 Patris,
1057 1796 1111 1839 et
1140 1799 1334 1843 caetera
1370 1793 1421 1844 id
1458 1811 1628 1862 genus
1662 1802 2001 1869 appellatur,
2033 1818 2222 1859 contra
2261 1825 2392 1864 vero

2089 420 2381 480 Xitlii'l'il
2424 423 2822 487 t.llt).\'l.\'i'.ii

832 522 1112 579 constant,
1147 515 1200 568 in
1236 519 1407 587 majus
1436 522 1693 589 quiddam
1724 529 1984 580 excrevit.
2023 527 2263 583 Trinitas
2308 534 2400 587 de-
2432 553 2470 607 Α
2510 538 2745 601 usitatis,
2778 558 3006 611 qumque

3950 440 4119 508 116$

3044 546 3329 602 nobiscum
3364 552 3725 623 coaluerunt,
3777 556 4111 614 indicavit.

2502 629 2567 682 Et
2598 645 2724 698 quia
2764 647 2884 685 nios
2915 634 3005 686 hic
3034 634 3283 702 inolevit,
3324 650 3382 694 ut
3413 656 3534 695 cum
3567 643 3637 697 de
3666 647 3792 702 tiliis
3810 650 4112 703 nostrati-

2501 718 2604 772 bus
2654 720 2971 788 loquimur,
3031 736 3307 780 recentem
3364 746 3555 785 eorum
3620 738 4115 802 generationem.

2500 810 2738 877 Spiritus
2778 824 2957 866 autem
3003 820 3409 883 processionem
3472 824 3758 890 dicamus;
3821 831 3899 882 ait
3932 830 4114 883 enim

2498 900 2797 969 Scriptura,
2825 902 3052 973 Spiritus
3075 912 3266 963 vadens
3288 922 3333 963 et
3358 929 3458 964 non
3483 917 3735 980 rediens';
3765 918 3933 971 item:
3961 920 4119 972 Exi-

2498 992 2566 1042 bit
2594 994 2805 1057 spiritus
2836 1000 2993 1065 ejus‘;
3024 999 3154 1052 item
3182 1001 3444 1071 :Spiritus
3476 1011 3818 1073 pertransibit
3850 1010 3904 1061 in
3938 1027 4035 1073 eo,
4061 1022 4117 1063 et

2498 1100 2599 1134 non
2630 1086 2873 1137 subsistet
2900 1091 2939 1142 ⁸.
2966 1090 3124 1154 Quia,
3157 1091 3378 1160 inquam
3412 1136 3425 1160 ,
3461 1095 3513 1149 in
3552 1082 3837 1152 hominum
3872 1115 4107 1169 genere

2500 1171 2637 1224 Filio
2683 1174 2904 1241 quidem
2939 1192 3383 1247 generationem,
3436 1187 3663 1254 Spiritui
3706 1200 3897 1243 autem
3954 1206 4112 1258 pro-

2498 1264 2800 1318 cessionem
2831 1268 3221 1336 attribuimus;
3255 1273 3448 1327 eodem
3490 1292 3717 1344 prorsus
3762 1281 3989 1334 ratione
4037 1297 4105 1332 ιιι

2495 1360 2689 1406 natura
2714 1354 2805 1409 illa
2824 1357 3082 1413 iiietiabili
3109 1370 3165 1413 et
3188 1368 3589 1432 supernaturali
3618 1369 3816 1425 Filium
3851 1372 4105 1437 quidem

2496 1444 2738 1510 genitum
2768 1462 2911 1514 esse,
2947 1450 3279 1515 didicimus;
3310 1454 3685 1526 Spiritumque
3730 1462 4105 1513 convenien-

2501 1547 2583 1590 ter
2614 1537 2725 1591 Deo
2779 1542 3076 1606 procedere
3126 1546 3443 1599 commoniti
3495 1564 3708 1604 sumus.
3746 1549 3894 1605 Hinc
3928 1553 4105 1605 enim

2496 1626 2697 1679 factum
2732 1636 2813 1681 est
2841 1670 2855 1692 ,
2906 1636 2963 1681 ut
2999 1630 3179 1686 Patris
3221 1634 3444 1702 quidem
3474 1635 3712 1704 Spiritus
3736 1677 3752 1702 ,
3786 1640 3911 1693 FiLi
3951 1656 4106 1693 vero

2498 1714 2739 1783 Spiritus
2788 1718 3019 1773 Sanctus
3065 1720 3247 1776 dictus
3294 1726 3394 1787 sit,
3446 1728 3715 1795 siquidem
3774 1730 3926 1796 apud
3979 1746 4100 1785 nos

2499 1811 2789 1878 utriusque
2834 1812 3029 1864 horum
3057 1813 3292 1881 Spiritus
3321 1814 3543 1869 dicitur.
3573 1819 3731 1872 Pater
3769 1830 3962 1872 autem
3998 1827 4097 1873 vct

819 1873 984 1928 l’ater
1017 1877 1134 1931 Filii
1171 1896 1278 1932 non
1314 1882 1469 1937 item?
1496 1902 1756 1942 numnam
1792 1895 1918 1961 quia
1967 1912 2074 1949 non
2117 1898 2277 1952 Pater
2324 1916 2393 1954 ex
2425 1879 2471 1939 Β
2501 1896 2671 1953 Filius
2706 1900 2879 1969 ipsius
2906 1903 3144 1968 Spiritus
3172 1910 3279 1957 non
3312 1905 3481 1971 item,
3527 1913 3718 1961 saltem
3752 1911 3899 1977 apud
3956 1926 4098 1963 nos.

821 1964 977 2026 l-‘ilio.
1006 1972 1099 2021 sed
1133 1969 1302 2025 Filius
1327 1988 1392 2026 ex
1424 1975 1580 2029 Patre
1601 1982 1874 2047 procedit?
1906 1984 2168 2042 Praiterca
2198 2005 2394 2045 manus

818 2058 1062 2125 quidem,
1092 2061 1402 2131 brachium,
1436 2070 1723 2135 sapientia,
1756 2083 2009 2131 etsernio
2038 2079 2199 2150 hujus
2221 2081 2397 2135 homi-

818 2149 905 2201 nis
950 2151 1152 2205 dicitur
1189 2172 1200 2207 :
1234 2156 1329 2208 sed
1366 2156 1529 2210 homo
1560 2160 1788 2227 dextrae,
1824 2176 1919 2217 aut
1954 2149 2260 2237 sapientiae,
2298 2181 2392 2225 aut

816 2240 1076 2294 similium
1111 2259 1217 2295 non
1256 2247 1405 2312 item,
1440 2253 1897 2317 quemadmodum
1944 2262 2272 2329 nequqrami
2303 2279 2390 2315 ar-

817 2332 1027 2394 borem,
1060 2334 1155 2388 sed
1187 2335 1404 2391 arboris
1428 2355 1641 2394 ramum
1672 2345 1931 2400 dicimus.

888 2419 1127 2490 Spiritus
1183 2426 1409 2495 insuper
1463 2429 1555 2482 Dei
1621 2432 1823 2501 digitus
1869 2440 2227 2496 nominatur:
2264 2446 2390 2513 quia

819 2525 951 2563 vero
981 2511 1185 2581 digitus
1207 2529 1271 2567 ex
1296 2531 1459 2570 manu
1492 2524 1758 2589 procedit,
1792 2528 1987 2581 merito
2018 2529 2253 2599 Spiritus
2279 2511 2388 2588 non

817 2599 995 2653 Patris
1022 2610 1251 2668 tantum,
1280 2606 1373 2659 sed
1407 2610 1570 2662 etiam
1600 2612 1851 2683 Filii,qui
1877 2618 2066 2672 dextra
2088 2622 2262 2677 Patris
2281 2636 2384 2689 est,

814 2703 937 2745 esse
987 2691 1210 2747 dicitur.
1246 2698 1314 2749 At
1361 2714 1470 2752 non
1518 2715 1549 2754 c
1596 2717 1864 2759 converso
1913 2709 2081 2765 Filius
2116 2729 2145 2765 a
2178 2714 2386 2782 Spiritu

815 2782 1109 2849 dependet.
1149 2786 1259 2840 Nec
1287 2790 1433 2843 enim
1470 2806 1665 2849 manus
1696 2796 1852 2867 digiti
1897 2800 2004 2854 dici
2035 2814 2238 2872 potest.
2271 2808 2389 2861 Non

818 2884 1001 2927 tamen
1036 2890 1155 2928 eam
1183 2878 1254 2931 ob
1292 2895 1407 2933 rein
1442 2882 1565 2937 loco
1595 2885 1772 2942 Patris
1800 2890 1991 2956 Filius,
2024 2903 2116 2946 aut
2150 2895 2388 2963 Spiritus

816 2961 873 3017 id
904 2965 1051 3035 quod
1082 2967 1240 3021 initio
1280 2973 1777 3045 conducibilc‘erat
1801 2984 2117 3038 enuntiassc
2150 2961 2381 3042 dicetur.

817 3056 1275 3128 Quandoquidem
1330 3063 1472 3119 Dens
1522 3067 1807 3124 hominum
1858 3088 2078 3145 quoque
2110 3077 2292 3142 Pater,
2330 3092 2387 3134 ut

812 3150 923 3214 iam
953 3148 1089 3212 dixi,
1124 3150 1434 3219 dicebatur,
1472 3159 1669 3211 i‘ilium
1706 3177 1837 3216 vero
1893 3165 1937 3217 si
1992 3167 2168 3222 Patris
2206 3172 2379 3225 nostri

818 3240 1037 3292 nomine
1073 3244 1491 3310 eompellemus,
1525 3249 1577 3301 id
1608 3252 1859 3317 profecto
1898 3256 2042 3309 inter
2072 3258 2163 3310 illa
2196 3275 2384 3313 cense-

817 3326 984 3391 bitur,
1005 3344 1125 3396 quae
1156 3332 1292 3397 lieri,
1325 3344 1415 3386 aut
1442 3350 1506 3388 ex
1540 3339 1974 3405 praecedentibus
2006 3344 2201 3399 inferri
2233 3350 2385 3401 nullo

819 3417 981 3471 modo
1009 3432 1258 3487 possunt.
1294 3424 1531 3478 l‘roinde
1566 3442 1688 3480 cuin
1740 3431 1909 3485 Pater
1949 3436 2382 3502 praedicabatur,

819 3517 1043 3576 propter
1082 3511 1235 3563 vocis
1264 3512 1517 3577 abusum,
1548 3518 1637 3583 qui
1670 3529 1797 3572 tunc
1826 3521 2150 3588 inoleverat,
2190 3543 2381 3594 perso-

816 3614 940 3651 nam
974 3598 1188 3653 unicam
1221 3602 1495 3672 plerisque
1552 3608 1847 3663 denotabat
1893 3624 1948 3666 ct
1977 3615 2380 3671 subindicahal.

818 3690 1057 3755 Quodsi
1107 3692 1278 3746 Filius
1322 3702 1417 3745 aut
1455 3696 1693 3764 Spiritus
1752 3703 2210 3773 annuntiaretur,
2267 3708 2387 3762 dua:

816 3796 1043 3850 prorsus
1089 3781 1411 3851 liypostases
1460 3787 1513 3839 in
1570 3790 1821 3844 confesso
1867 3803 2043 3848 erant.
2095 3796 2197 3861 Qui
2241 3800 2384 3852 enim

818 3872 943 3927 Filii
1000 3888 1198 3926 nomen
1248 3873 1527 3942 audiebat,
1577 3894 1640 3931 ex
1695 3882 2001 3937 continenti
2049 3885 2115 3938 ad
2168 3887 2384 3941 Patrem

818 3965 998 4017 animo
1037 3963 1334 4017 ferebatur.
1365 3966 1511 4021 ldcm
1546 3985 1768 4038 prorsus
1797 3973 1849 4025 in
1879 3975 2118 4042 Spiritus
2146 3980 2387 4046 appella-

821 4056 968 4109 tione
1005 4056 1378 4124 coutingebat.
1413 4059 1708 4129 Cujusnaiii
1762 4064 1908 4117 enim
1953 4066 2191 4134 Spiritus
2241 4082 2387 4126 esset

821 4146 959 4199 ratio
990 4145 1348 4213 disquirebat.
1386 4148 1586 4219 Atque,
1624 4160 1680 4204 ut
1714 4154 1786 4206 ita
1819 4153 2037 4222 dicam,
2070 4159 2385 4228 quicunque

822 4236 994 4289 Deum
1030 4237 1259 4291 rationis
1281 4252 1561 4307 expertem
1594 4258 1706 4295 non
1744 4246 2038 4312 prolitetur
2063 4287 2076 4311 ,
2114 4248 2161 4302 is
2192 4251 2383 4305 eadem

823 4342 1048 4396 prorsus
1097 4342 1263 4394 opera
1293 4330 1522 4384 rationis
1570 4332 1894 4402 participem
1928 4350 2046 4389 esse
2080 4341 2381 4394 contendit.

825 4422 954 4490 tijus
986 4435 1150 4488 porro
1181 4420 1273 4489 qui
1298 4432 1379 4475 est
1412 4424 1757 4486 immortalis,
1814 4426 2119 4483 immortale
2166 4445 2387 4500 quoque

2415 3213 2456 3269 C

2499 1989 2767 2043 (La-terum
2806 1990 3151 2045 Divinitatem
3181 2007 3276 2047 sua
3303 1994 3475 2062 ipsius
3506 2004 3698 2049 natura
3732 1998 4096 2052 ineﬂ'abiletn

2496 2094 2640 2143 esse,
2676 2095 2905 2150 eamque
2947 2085 3117 2147 adeo,
3145 2098 3309 2152 quam
3339 2086 3428 2137 vix
3459 2086 3739 2140 intellectu
3770 2089 4093 2156 quisquam

2494 2173 2758 2240 consequi
2790 2175 2998 2242 possit,
3031 2176 3181 2228 nulla
3213 2158 3267 2229 id
3295 2175 3444 2229 notio
3472 2178 3780 2232 communis
3804 2181 4093 2246 opiniove

2493 2261 2756 2316 dillitetur
2790 2281 2803 2317 :
2840 2264 2982 2317 idem
3014 2281 3233 2336 quoque
3273 2268 3549 2335 plerisque
3604 2268 3661 2320 in
3714 2269 3856 2322 locis
3904 2286 4087 2323 sacra

2494 2355 2781 2424 Scriptura
2813 2356 3108 2423 praedicat,
3140 2358 3559 2427 sapientumque
3587 2359 3808 2412 Patrum
3842 2370 4088 2413 nostro-

2493 2461 2611 2498 rum
2643 2445 2755 2498 l'ere
2785 2446 2987 2500 chorus
3018 2448 3530 2509 omnisattestatur.

3088 2607 3240 2660 CAP.
3284 2608 3471 2663 XXXI.

2597 2762 2866 2830 Expositio
2908 2761 3059 2813 Fidei
3105 2766 3242 2831 (quis
3278 2766 3679 2832 pra'cedentium
3716 2769 3961 2821 omnium

2769 2834 3171 2900 anacephaleosi
3205 2836 3469 2886 succincta
3522 2844 3776 2905 constat.)

2561 2988 2858 3053 Hactenus,
2888 2990 3164 3059 congestis
3195 3000 3509 3045 sanctorum
3556 2993 3780 3045 Patrum
3829 3003 4074 3045 senten-

2490 3078 2623 3143 tiis,
2686 3078 3012 3133 Trinitatem
3074 3080 3319 3149 ejusdem
3379 3092 3631 3144 naturae,
3704 3084 4073 3147 majestatis,

2491 3169 2745 3237 potentia:
2817 3180 2979 3238 atque
3048 3172 3371 3226 :eternitatis
3425 3186 3543 3224 esse
3594 3172 3724 3223 satis
3778 3187 4073 3240 superque

2488 3258 2793 3323 docuimus,
2818 3260 3044 3327 Filiique
3067 3261 3119 3313 in
3139 3276 3300 3314 carne
3333 3262 3626 3313 adventum
3648 3261 4068 3331 subjunmnus.

2488 3351 2625 3415 Quia
2655 3368 2783 3403 vero
2813 3352 3055 3406 facturus
3083 3368 3261 3421 opera:
3295 3354 3529 3422 pretium
3555 3353 3687 3405 mihi
3722 3356 3919 3405 videor
3943 3393 3961 3416 ,
4020 3355 4068 3405 si

2488 3456 2608 3509 qua:
2662 3442 2850 3495 multis
2900 3454 2954 3496 et
3004 3444 3169 3496 variis
3200 3444 3501 3497 dictionum
3537 3443 4065 3511 sententiarumque

2487 3532 3002 3586 circumcisionibus
3032 3545 3087 3587 et
3116 3534 3453 3587 anfractibus
3502 3534 3645 3586 dicta
3681 3544 3847 3596 sunt,
3896 3545 3955 3586 et
3993 3534 4067 3585 de

2486 3623 2807 3687 Zoarchica,
2838 3624 2942 3677 hoc
2981 3634 3063 3678 est
3096 3624 3222 3677 vita:
3252 3624 3504 3692 pra-side,
3545 3624 3838 3689 Trinitate,
3884 3635 3942 3678 et
3994 3624 4067 3678 de

2490 3714 2653 3767 unius
2683 3730 2747 3767 ex
2785 3714 2897 3774 illa,
2932 3715 3189 3767 nimirum
3222 3716 3409 3776 Verbi,
3457 3715 3863 3778 incarnatione,
3891 3731 3961 3769 ex
4000 3732 4067 3768 ea

2487 3820 2634 3858 nunc
2693 3806 3005 3859 summatim
3063 3806 3308 3874 colligant
3348 3824 3363 3860 :
3397 3809 3698 3875 prresertim
3740 3809 3785 3860 si
3830 3808 4070 3876 quando

2489 3908 2702 3968 tempus
2744 3898 2919 3964 ferat,
2979 3910 3038 3952 ut
3088 3899 3406 3953 orthodoxae
3458 3900 3583 3952 ﬁdei
3635 3910 3842 3951 nostrte
3914 3902 4070 3951 ratio

2488 3987 2765 4040 nonnuliis
2815 3987 3089 4041 reddenda
3135 3990 3241 4053 sit,
3294 3989 3478 4057 ejusre
3511 4004 3539 4040 τι
3579 3989 3740 4040 nobis
3780 3990 4069 4057 expositio

2487 4080 2801 4147 requiratur
2843 4094 2855 4130 :
2901 4079 3107 4133 idcirco
3158 4079 3271 4132 haec
3326 4095 3448 4147 quae
3489 4078 3910 4149 subsequuntur
3959 4080 4067 4132 ad-

2488 4169 2621 4222 didi.

2557 4257 2846 4311 Credimus
2882 4256 2936 4309 in
2973 4257 3186 4311 Patrem
3218 4265 3271 4310 et
3301 4256 3495 4309 Filium
3526 4267 3579 4310 et
3615 4257 3885 4325 Spiritum
3932 4274 4064 4313 san-

2488 4358 2657 4413 ctum,
2694 4348 3015 4402 Trinitatem
3049 4347 3101 4401 in
3135 4348 3362 4411 unitate,
3393 4355 3448 4402 et
3479 4348 3744 4403 unitatem
3781 4348 3836 4399 in
3874 4348 4067 4401 Trini-

2493 4448 2597 4492 tatc
2622 4454 2639 4493 :
2661 4440 2923 4491 unitatem
2940 4438 3161 4505 quidem
3183 4438 3391 4489 ratione
3416 4436 3679 4489 naturalis
3703 4439 4067 4505 conjunctio-

824 4513 1051 4564 verbum
1086 4524 1361 4565 censetur.
1415 4514 1531 4567 Jam
1586 4516 1894 4571 immortale
1950 4520 2181 4573 verbum
2213 4523 2384 4587 aliud,
2418 4528 2614 4593 Dnis,
2675 4538 2727 4580 ct
2781 4526 3201 4591 dominationis,
3263 4524 3584 4578 Trinitatem
3639 4539 3773 4576 vero
3838 4528 4065 4578 ratione

823 4602 891 4656 ab
951 4617 1062 4667 eo,
1132 4618 1295 4671 quem
1366 4604 1563 4658 Filium
1638 4607 1916 4674 dicimus,
1996 4626 2155 4665 nemo
2239 4625 2387 4668 recte

824 4694 1043 4748 dixerit.

892 4785 1050 4850 Quod
1083 4787 1128 4840 si
1159 4786 1283 4855 quis
1316 4787 1552 4849 dubitet.
1591 4790 1687 4857 qui
1744 4790 1835 4842 tiat
1867 4800 1944 4855 ut,
1979 4807 2101 4846 cum
2135 4795 2305 4851 Filius
2333 4810 2387 4851 et

828 4877 1066 4946 Spiritus
1095 4893 1251 4947 aequo
1288 4880 1460 4948 gradu
1491 4896 1557 4934 ex
1592 4881 1750 4935 Patre
1770 4882 2096 4950 procedant,
2128 4886 2217 4939 ille
2241 4886 2387 4955 Filii,

827 4970 918 5025 hic
947 4969 1186 5039 Spiritus
1220 4974 1443 5026 nomine
1477 4983 1706 5027 vocetur
1737 4992 1751 5029 :
1790 4990 1891 5030 nec
1922 4978 2084 5032 ambo
2130 4978 2251 5033 Filii
2292 4998 2389 5051 ap-

826 5065 1197 5133 pellationem,
1228 5066 1685 5133 quemadmodum
1714 5078 1768 5122 et
1798 5069 2057 5137 habitum,
2087 5074 2389 5127 retineant:

829 5158 904 5210 ita
944 5158 1385 5227 respondendum
1411 5170 1522 5227 est,
1546 5162 1691 5230 quod
1725 5163 1778 5214 in
1812 5163 2131 5219 universum
2184 5176 2393 5221 natura:

829 5248 1025 5301 divinm
1066 5248 1363 5318 Theologia
1399 5250 1451 5303 id
1492 5254 1667 5318 ipsum
1697 5269 1725 5305 a
1757 5255 2065 5310 notioribus
2106 5256 2266 5311 nobis
2298 5256 2393 5312 dc-

826 5340 1095 5403 ucribcns,
1122 5342 1267 5409 quod
1298 5341 1352 5394 in
1384 5342 1651 5398 Triiiitate
1687 5344 1989 5414 legitimum
2026 5349 2386 5410 est,honore-

828 5442 935 5497 que
963 5428 1227 5496 persimili
1260 5430 1479 5497 colitur,
1518 5434 1834 5488 nominibus
1869 5436 2044 5490 Patris
2074 5446 2129 5491 et
2178 5437 2299 5491 Filii
2334 5447 2387 5491 et

829 5518 1069 5587 Spiritus
1099 5519 1279 5575 Sancti
1318 5522 1590 5577 inell'abile
1619 5524 1926 5581 divinitatis
1955 5544 2150 5582 nomen
2178 5569 2191 5593 ,
2225 5529 2388 5581 nulli-

832 5626 935 5678 que
964 5611 1265 5665 intellectui
1297 5614 1583 5682 pervium,
1619 5617 2081 5685 appellationibus
2114 5622 2257 5675 inter
2285 5637 2386 5675 nos

904 5787 923 5817 ⁸
949 5787 1090 5841 Psal.
1120 5803 1319 5855 Lxxvn,
1364 5791 1451 5844 ‘59.
1529 5795 1548 5820 ⁸
1590 5794 1731 5847 l’sal.
1766 5810 1994 5861 cxxxxv,
2026 5799 2079 5849 4.

2484 4620 2932 4689 τριςυποστάτου,
2980 4618 3081 4670 hoc
3110 4625 3195 4669 est
3228 4615 3423 4682 triplici
3451 4629 3681 4683 persona
3716 4619 4062 4679 constantis,

2489 4710 2863 4780 perfectionis,
2909 4720 2964 4764 et
3011 4710 3221 4762 ratione
3267 4707 3580 4760 divitiarum
3612 4711 4063 4775 supernaturaiis

2488 4801 2793 4855 Trinitatis.
2828 4800 3019 4855 Unitas
3064 4799 3209 4853 enim
3272 4812 3457 4852 revera
3493 4806 3576 4851 est
3626 4796 3873 4848 Trinitas
3925 4798 4019 4849 ilta
4046 4839 4061 4861 ,

2488 4909 2608 4962 quae
2642 4892 2933 4947 Divinitate
2976 4890 3356 4960 coniungitur,
3392 4900 3446 4943 et
3496 4886 3735 4941 Trinitas
3767 4887 4060 4951 vicissim,

2493 4997 2678 5037 revera
2709 4983 2800 5036 illa
2854 4980 3208 5050 διαιρουμένη
3243 4981 3361 5041 ταῖς
3394 4979 3616 5045 ἰδιότησι
3650 4977 3744 5028 καὶ
3776 4978 3836 5027 οὐ
3886 4995 4058 5047 μερι-

2493 5074 2722 5142 ζομένη,
2749 5089 2867 5142 quae
2885 5072 3312 5142 preprietatibus
3345 5070 3417 5123 ita
3447 5068 3731 5129 dividitur,
3764 5079 3825 5121 ut
3862 5079 4057 5122 tamen

2491 5166 2543 5219 in
2576 5176 2760 5234 partes
2790 5164 3207 5232 haudquaquam
3237 5162 3557 5222 dissecetur,
3594 5159 3783 5213 eadem
3812 5170 4057 5214 caeter-

2489 5274 2580 5324 na,
2612 5261 2877 5329 cujusque
2905 5255 3223 5312 substantiae
3256 5271 3353 5324 par
3383 5254 3556 5307 honor
3584 5251 3906 5306 exhibetur.
3936 5254 4056 5306 Nec

2490 5350 2636 5403 enim
2670 5359 2876 5418 tempus
2903 5356 3007 5411 est,
3048 5355 3139 5400 aut
3170 5346 3292 5410 fuit,
3326 5358 3435 5413 quo
3473 5342 3692 5412 quidem
3726 5356 3855 5395 cum
3886 5342 4055 5398 Patre

2486 5439 2656 5493 Filius
2687 5455 2795 5492 non
2823 5440 2987 5493 fuerit
3018 5457 3030 5491 :
3066 5438 3158 5507 qui
3193 5435 3340 5489 enim
3373 5434 3486 5496 ﬂat,
3523 5445 3580 5486 ut
3610 5435 3771 5486 Pater
3799 5433 4051 5495 dicatur,

2488 5530 2593 5583 nisi
2624 5539 2932 5584 consortem
2972 5528 3184 5597 imperii
3212 5525 3408 5579 Filium
3444 5523 3677 5578 habeat?
3707 5524 3906 5592 Neque
3944 5523 4055 5577 fuit

2485 5638 2727 5691 unquam
2760 5631 3003 5693 tempus,
3036 5636 3142 5692 quo
3172 5620 3408 5692 Spiritus
3436 5618 3668 5674 Sanctus
3711 5632 3842 5673 cum
3894 5628 4050 5675 utro-

2158 5796 2177 5827 '
2206 5796 2348 5851 Psal.
2382 5810 2473 5862 (.ll,
2509 5797 2595 5851 16.
