4274 6382
201 382 335 453 ωδε

1449 378 1841 439 ΊἫΕΞᾹΙἪΙ
1887 380 2029 438 LII}.
2078 378 2133 436 il

3272 376 3420 455 .1166

192 518 298 571 que
328 515 435 552 non
464 497 647 553 fuerit.
682 496 817 553 Cum
866 502 977 548 tres
1020 494 1160 547 inter
1190 507 1246 547 sc
1279 490 1557 561 conjuncti
1607 504 1746 542 unus
1779 500 1823 554 Α,
1848 504 1954 557 que
1986 488 2256 557 specimen
2288 486 2649 544 attribuamus
2679 488 2813 545 :alia
2842 488 3061 559 quidem
3089 492 3297 548 ratione
3321 497 3424 550 mi-

194 592 265 642 sit
321 586 483 648 Deus,
538 588 651 641 sola
704 587 971 654 cujusque
1027 581 1340 637 dilIerentia
1392 580 1447 633 in
1503 581 1759 632 essentia:

193 679 583 733 Cominunione
619 675 901 729 individue
939 689 1228 743 personam
1262 671 1559 726 dividente.
1602 670 1761 723 Solus

194 768 339 822 enim
399 769 594 829 Pater,
650 765 829 819 Pater.
886 766 1045 820 Solus
1094 764 1296 826 Filius,
1351 762 1539 816 Filius.
1601 760 1763 814 Solus

197 858 438 927 Spiritus
492 855 758 917 Sanctus.
808 855 1064 924 Spiritus.
1098 852 1192 907 His
1239 853 1384 907 enim
1438 849 1764 905 diﬂ‘crentiis

198 964 308 1000 non
340 955 736 1000 convertuntur
780 946 925 998 inter
974 959 1052 997 se.
1097 943 1203 997 Sed
1251 944 1303 995 in
1354 942 1439 995 his
1484 939 1764 993 individue

196 1038 414 1106 quidem
452 1038 792 1099 dividuntur,
824 1035 1073 1088 essentia:
1112 1043 1292 1087 autem
1348 1035 1557 1087 ratione
1610 1045 1764 1085 com-

204 1133 509 1184 municant.
545 1129 806 1189 Trinitas,
841 1128 1088 1194 simplex,
1123 1125 1457 1182 insecabilis.
1484 1125 1765 1191 incompo-

205 1223 332 1284 sita,
366 1238 429 1277 ex
464 1222 639 1275 tribus
680 1218 938 1288 perfectis
972 1234 1065 1287 per
1116 1233 1173 1272 se
1226 1217 1487 1287 perfecta,
1540 1224 1595 1269 et
1645 1215 1768 1283 plus

203 1328 366 1381 quam
403 1310 643 1379 perfecta
680 1311 797 1364 est.
848 1308 1015 1380 Cujus
1066 1325 1171 1362 una
1218 1315 1446 1369 natura,
1508 1306 1767 1359 divinitas

202 1412 260 1455 et
278 1404 546 1463 voluntas,
568 1417 674 1454 una
715 1400 950 1471 denique
977 1400 1119 1453 actio
1144 1399 1498 1468 glorificatur.
1523 1397 1764 1464 Quorum

201 1491 351 1545 enim
382 1502 574 1545 natura
608 1508 713 1545 una
742 1500 843 1557 est,
867 1506 1057 1545 eorum
1102 1490 1349 1543 voluntas
1375 1500 1430 1542 et
1457 1490 1598 1543 actio
1632 1505 1759 1553 una,

200 1583 656 1651 quemadmodum
689 1582 879 1636 heeato
903 1581 1100 1634 Basilio
1126 1580 1355 1635 docente
1380 1579 1692 1635 didicimus.

272 1665 611 1727 Cetifitemur
638 1671 766 1725 item
818 1685 977 1723 unam
1011 1678 1210 1723 sancta:
1258 1669 1542 1724 Trinitatis
1574 1683 1763 1738 perso-

202 1777 353 1826 nam,
391 1760 755 1830 unigenitum,
814 1758 1057 1827 inquam,
1101 1758 1195 1812 Dei
1242 1758 1458 1823 Filium,
1482 1759 1763 1826 Deumque

1866 578 2047 630 racula
2073 577 2277 641 edenti,
2309 578 2414 632 alia
2469 579 2595 632 item
2628 581 2873 650 patienti.
2910 581 3117 637 Divina:
3151 585 3421 653 siquidem

1864 677 2073 723 natura!
2099 670 2305 723 ratione
2330 671 2608 740 signorum
2656 673 2909 728 virtutem
2954 674 3312 743 deprompsit,
3358 694 3426 732 ex
3502 666 3508 675 ’

1864 758 2118 812 humana:
2150 770 2331 812 autem
2380 762 2569 814 forma:
2623 765 2960 832 praescripto,
3005 781 3099 819 eas
3147 768 3428 832 passiones

1866 866 1974 903 non
2004 851 2351 914 detrectavit,
2382 853 2581 920 quibus
2617 870 2678 907 ca
2730 866 2920 908 natura
2950 858 3183 912 obnoxia
3229 870 3335 922 est,
3369 871 3428 913 ut

1868 938 1921 992 in
1955 940 2135 1007 seipso
2158 941 2441 1010 passiones
2470 954 2683 999 nostras
2732 945 2786 999 in
2838 951 3148 1015 passionum
3181 954 3427 1003 vacuita-

1872 1040 1977 1083 tem
2035 1032 2472 1095 transforntarct,
2534 1045 2696 1101 prout
2756 1038 2838 1090 his
2907 1040 3090 1092 verbis
3142 1052 3427 1096 attestatur

1866 1123 2158 1189 Apostolus
2191 1120 2435 1190 :Oportet
2488 1129 2821 1197 corruptibile
2866 1131 2959 1183 hoc
3008 1133 3222 1183 induere
3254 1136 3430 1186 incor-

1868 1212 2179 1279 ruptionem,
2218 1218 2266 1262 et
2301 1211 2522 1265 mortale
2547 1216 2637 1269 hoc
2673 1220 2888 1271 induere
2916 1221 3362 1275 immortalitatem
3387 1224 3428 1274 ⁸.

1867 1298 1977 1352 Nec
2016 1300 2162 1351 enim
2189 1300 2277 1352 ille
2309 1301 2531 1355 humani
2565 1308 2778 1372 generis
2833 1320 3043 1361 amator
3074 1310 3349 1375 humanis,
3378 1322 3433 1366 at

1867 1390 2001 1443 nulli
2032 1392 2446 1458 reprehensioni
2476 1394 2748 1457 obnoxiis.
2780 1399 3128 1466 passionibus
3159 1403 3343 1470 objici,
3376 1414 3433 1456 et

1867 1482 2116 1550 quamvis
2188 1485 2331 1539 Deus
2391 1493 2540 1541 esset
2614 1488 2953 1553 immortalis,
3021 1494 3201 1547 anima
3250 1504 3428 1548 tamen

1868 1573 2142 1628 mediante
2172 1578 2531 1645 corporaliter
2581 1581 2743 1633 morti
2780 1580 2918 1650 aﬂigi
2954 1583 3279 1652 dedignatus
3296 1596 3379 1640 est
3415 1604 3427 1637 :

1877 1664 2085 1728 anima,
2123 1666 2368 1735 inquam,
2403 1670 2661 1725 omnibus
2692 1670 2746 1725 in
2801 1675 2964 1727 rebus
2993 1679 3248 1742 perfecta.
3287 1678 3428 1731 suis-

1869 1770 1973 1824 que
2014 1758 2262 1810 numeris
2331 1758 2600 1821 ahsoluta,
2647 1771 2702 1814 et
2757 1765 2843 1816 cui
2893 1766 3027 1819 nihil
3085 1769 3306 1820 omnino
3362 1767 3429 1821 ad

202 1862 476 1917 nostrum,
525 1853 668 1906 Patri
724 1860 780 1903 et
833 1850 1064 1919 Spiritui
1116 1851 1312 1904 Sancto
1367 1857 1674 1904 consortem
1714 1859 1769 1901 et
1805 1867 1841 1920 Β
1869 1845 2224 1900 humanitatis
2262 1848 2654 1917 perfectionem
2685 1853 2923 1908 deesset.
2954 1854 3214 1911 Humana:
3266 1874 3430 1926 porro

202 1956 532 1999 coaeternum
563 1960 575 1995 :
608 1958 637 1996 a
675 1942 829 1997 Patre
860 1942 1077 2012 quidem
1111 1953 1233 1996 ante
1271 1940 1467 1994 saecula
1499 1939 1763 2008 genitum,

203 2048 470 2104 quantum
523 2034 588 2087 ad
623 2034 967 2087 divinitatem
1002 2050 1015 2088 :
1075 2033 1440 2099 eamdemque
1477 2032 1528 2084 in
1560 2031 1765 2084 ultimis

202 2138 259 2181 et
282 2126 564 2195 praefinitis
598 2127 955 2195 temporibus,
991 2136 1049 2177 ut
1090 2139 1263 2194 genus
1304 2123 1604 2176 humanum
1653 2137 1765 2175 ser-

205 2229 359 2271 varet
389 2228 445 2271 et
478 2217 817 2278 reformaret,
851 2232 881 2269 e
930 2216 1087 2270 cmlis
1135 2216 1506 2275 descendisse,
1540 2229 1636 2269 seu
1669 2227 1765 2265 vo-

202 2307 439 2360 luntaria
478 2307 815 2360 exinanitum
870 2305 1177 2358 humilitate
1236 2320 1384 2375 pune
1422 2303 1769 2370 Deiparmque

204 2398 442 2465 Virginis
504 2398 682 2451 Maria:
738 2407 953 2451 uterum
1013 2398 1263 2459 subiisse,
1304 2409 1425 2463 qure
1479 2409 1508 2447 a
1561 2393 1765 2461 Spiritu

204 2496 397 2539 sancto
442 2496 780 2555 praepurgata
838 2500 1071 2553 corpore
1120 2492 1176 2537 et
1230 2483 1414 2536 animo
1464 2483 1660 2545 fuerat,
1701 2497 1767 2535 ex

203 2578 431 2646 ejusque
484 2585 669 2632 sancta
699 2586 756 2630 et
791 2580 1110 2644 incorrupta
1141 2589 1325 2635 carne,
1368 2574 1422 2626 in
1456 2573 1766 2630 subsisten-

204 2664 277 2717 tia
308 2664 526 2731 propria
582 2678 803 2717 carnem
855 2664 1215 2731 assumpsisse
1247 2680 1260 2713 :
1298 2663 1373 2716 ita
1431 2672 1489 2715 ut
1527 2662 1768 2714 consub-

202 2756 472 2810 stantialis
520 2756 681 2809 nobis
734 2754 984 2820 effectus,
1022 2770 1141 2809 eam
1193 2755 1247 2807 in
1305 2755 1444 2821 ipsa",
1494 2753 1769 2807 mediante

203 2846 383 2897 anima
423 2845 650 2899 rationis
673 2855 730 2899 et
776 2846 1089 2899 intellectus
1135 2844 1417 2914 participe,
1451 2846 1768 2914 compinge-

204 2945 289 2988 ret
322 2946 483 3003 atque
518 2935 851 2989 eiformaret.
900 2936 1001 3002 Qui
1054 2952 1119 2989 ex
1154 2935 1344 2989 cadent
1378 2935 1597 3003 Virgine
1630 2935 1769 2987 inte-

205 3035 518 3095 merataque
544 3027 711 3081 Matre
742 3036 902 3081 natus
949 3035 1051 3092 est,
1085 3042 1247 3095 supra
1296 3041 1456 3093 quam
1508 3025 1617 3079 diei
1675 3034 1769 3078 aut

203 3117 497 3184 excogitari
551 3117 727 3170 ullove
785 3118 1061 3170 intellectu
1125 3118 1333 3185 percipi
1396 3117 1585 3184 possit.
1632 3116 1767 3170 Cum

203 3206 352 3257 enim
404 3207 522 3259 sine
589 3208 817 3269 semine,
878 3208 1423 3276 supernaturalisque
1483 3206 1769 3275 conceptio

204 3294 419 3358 fuisset,
455 3297 749 3350 ineffabilis
778 3314 996 3365 quoque
1039 3307 1228 3364 partus
1280 3307 1336 3350 et
1389 3296 1771 3349 inenarrabilis

204 3384 333 3436 fuit.
372 3385 517 3438 More
545 3386 728 3453 itaque
774 3397 985 3446 nostro.
1018 3387 1110 3454 qui
1143 3402 1306 3455 supra
1342 3402 1441 3440 nos
1463 3394 1579 3439 erat
1604 3384 1767 3439 Chri-

204 3484 325 3531 stus
347 3484 403 3528 et
436 3475 699 3529 Dominus
727 3476 1013 3545 processit,
1067 3478 1250 3529 omnia
1283 3488 1468 3531 nostra
1500 3476 1770 3529 essentia-

204 3564 333 3617 liter
364 3564 419 3618 in
454 3579 509 3618 se
534 3565 736 3630 ferens,
771 3581 880 3619 uno
906 3576 1129 3635 peccato
1152 3566 1394 3635 dempto,
1432 3578 1580 3619 totus
1608 3567 1771 3624 homo

204 3652 402 3719 factus,
440 3663 695 3723 totusque
721 3655 867 3715 Deus
918 3671 1168 3722 manens,
1200 3654 1360 3712 idem
1413 3666 1664 3711 terrenus
1719 3669 1773 3711 ct

206 3744 465 3813 caelestis,
524 3745 755 3805 visibilis
810 3759 866 3802 et
927 3749 1239 3812 invisibilis,
1291 3748 1536 3801 mortalis
1574 3756 1626 3801 et
1671 3749 1773 3801 im-

208 3844 479 3897 mortalis.
518 3844 643 3896 Duaz
681 3842 829 3896 enim
859 3852 1067 3895 natura:
1098 3839 1368 3893 indivulsa
1386 3839 1771 3908 conjunctione

207 3934 549 3987 cohaerentes
576 3948 742 3985 unum
767 3933 928 3986 nobis
953 3931 1360 3984 Emmanuelem
1384 3930 1730 3998 perfecerunt
1755 3946 1770 3981 :

208 4022 283 4073 ita
355 4030 556 4083 tamen,
632 4029 691 4073 ut
745 4021 881 4074 citra
959 4020 1130 4073 ullum
1186 4018 1455 4073 defectum
1528 4019 1772 4088 proprie-

208 4120 351 4166 tates
407 4123 753 4174 naturarum,
818 4127 885 4166 ex
964 4113 1167 4181 quibus
1245 4111 1583 4180 compositus
1668 4120 1773 4174 est,

210 4214 388 4259 sartas
420 4214 590 4257 tectas
619 4213 992 4258 conservaret.
1019 4205 1153 4257 Cum
1185 4205 1330 4257 enim
1366 4212 1512 4256 totus
1543 4204 1775 4271 simplex

204 4305 373 4356 esset.
428 4295 727 4349 secundum
769 4294 1032 4357 divinam,
1067 4293 1427 4361 eamdemque
1489 4302 1771 4361 paternam

203 4394 265 4439 et
288 4394 544 4439 aeternam
570 4385 999 4453 generationem,
1032 4385 1238 4453 duplex
1275 4385 1549 4453 processit
1579 4399 1775 4438 secun-

207 4479 340 4530 dum
385 4485 684 4530 maternam
725 4477 1085 4544 eamdemque
1141 4476 1528 4542 temporariam
1564 4484 1620 4528 et
1648 4491 1770 4529 cor-

206 4568 447 4635 poralem
477 4567 905 4635 generationem.
934 4567 1121 4633 Itaque
1159 4565 1372 4619 tametsi
1402 4565 1537 4618 duas
1565 4565 1768 4619 Christi

210 4657 302 4710 Dei
344 4660 514 4709 nostri
544 4656 923 4724 generationes
968 4655 1344 4723 profiteamur,
1378 4670 1543 4707 unam
1590 4663 1769 4708 tamen

206 4748 329 4813 ejus
359 4760 647 4813 personam
683 4746 1063 4814 pradicamus,
1100 4745 1257 4812 cujus
1286 4744 1523 4797 essentia
1558 4744 1770 4799 duabus

208 4838 263 4887 in
298 4835 509 4885 naturis
560 4832 817 4901 perfectis
849 4834 1146 4887 elueescat.
1193 4833 1456 4898 Quamvis
1485 4834 1630 4886 enim
1660 4850 1768 4888 una

206 4935 410 4977 sancta:
431 4923 715 4977 Trinitatis
744 4938 978 4991 persona
1006 4931 1171 4987 esset,
1214 4924 1415 4977 mansit
1444 4933 1644 4987 tamen,
1681 4925 1765 4977 vel

207 5028 333 5066 cum
370 5011 607 5065 Verbum
648 5027 775 5066 caro
807 5012 1009 5065 factum
1052 5020 1156 5074 est,
1189 5014 1466 5080 perfectus
1517 5012 1570 5065 in
1622 5012 1770 5067 Divi-

206 5105 400 5167 nitate,
429 5103 683 5171 idemque
730 5104 1005 5173 perfectus
1040 5104 1093 5158 in
1142 5106 1479 5160 humanitate
1515 5121 1529 5158 :
1563 5105 1771 5158 Divini-

209 5203 321 5247 tate
369 5194 590 5263 quidem
626 5193 737 5247 Deo
792 5195 940 5250 Patri
973 5194 1480 5258 consubstantialis,
1515 5196 1768 5265 idemque

207 5285 369 5337 nobis
388 5283 724 5338 humanitate
754 5286 1238 5340 consubstantialis
1274 5303 1288 5340 :
1321 5286 1559 5356 patibilis
1581 5302 1764 5352 carne,

206 5372 526 5443 impatibilis
558 5376 870 5431 Divinitate.
910 5377 1062 5432 Unde
1098 5379 1178 5445 fit,
1234 5389 1292 5433 ut
1342 5380 1432 5434 alii
1483 5380 1766 5445 miracula,

202 5474 262 5518 et
289 5464 382 5517 alii
414 5466 696 5531 passiones
751 5484 860 5523 non
894 5469 1290 5524 distribuamus
1327 5488 1340 5523 :
1378 5471 1474 5525 sed
1507 5480 1762 5540 tanquam

206 5555 302 5609 uni
325 5554 613 5627 eidemque
642 5558 872 5615 Domino
904 5570 1092 5616 nostro
1120 5560 1247 5617 Jesu
1278 5560 1500 5618 Christo
1557 5573 1769 5616 utrum-

276 5738 339 5791 ⁸1
370 5737 493 5796 Cor.
525 5754 613 5805 xv,
641 5739 728 5795 55.

1870 1939 2220 2007 perfectionis
2256 1940 2419 1996 index
2471 1958 2624 1998 mens
2657 1946 2769 2014 ipsa
2799 1956 2902 2011 est,
2936 1963 3040 2017 qua
3073 1950 3340 2011 volumus,
3374 1956 3459 2006 et:

1868 2043 1898 2080 a
1948 2029 2125 2083 brutis
2180 2032 2550 2086 animantibus
2606 2035 2931 2092 dilIerimus.
3002 2039 3206 2093 Eorum
3279 2043 3428 2094 enim

1869 2133 1990 2185 qua:
2031 2119 2234 2174 mentis
2290 2124 2533 2191 expertia
2584 2136 2738 2190 sunt,
2784 2128 2997 2181 nullum
3036 2130 3177 2184 velle
3230 2141 3426 2199 potest.

1869 2208 2145 2277 Quidquid
2174 2222 2354 2265 autem
2382 2215 2683 2281 voluntate,
2730 2218 2874 2274 idem
2906 2230 2959 2275 et
2987 2221 3262 2278 intellectu
3297 2240 3433 2294 prae-

1871 2297 2045 2349 ditum
2076 2308 2178 2352 est.
2217 2300 2320 2355 Ubi
2352 2305 2498 2356 enim
2535 2320 2709 2370 mens,
2747 2310 2822 2363 ibi
2876 2313 3039 2366 etiam
3073 2330 3298 2383 prorsus
3350 2315 3434 2368 in—

1873 2388 2124 2442 tellectus
2147 2398 2248 2444 est.
2276 2392 2392 2445 Jam
2437 2394 2481 2447 si
2536 2395 2790 2451 Servator
2816 2401 3089 2469 perfectus
3118 2407 3280 2458 home
3309 2406 3430 2467 fuit,

1870 2473 1922 2527 in
1954 2476 2241 2535 Divinitate
2299 2481 2536 2548 perfecta
2581 2501 2824 2551 manens,
2850 2492 3037 2558 procul
3063 2494 3230 2547 dubio
3252 2509 3435 2564 neque

1870 2575 2073 2626 mente,
2108 2583 2285 2636 neque
2322 2573 2601 2628 voluntate
2638 2579 2834 2635 caruit.
2868 2580 2968 2645 Qui
3016 2594 3199 2637 autem
3244 2586 3435 2639 huma-

1870 2671 1996 2709 nam
2030 2656 2232 2713 Christi
2257 2661 2493 2717 animam
2521 2668 2755 2721 naturali
2791 2671 3068 2727 voluntate
3096 2677 3312 2743 privare
3337 2692 3433 2729 eo-

1873 2756 2094 2810 nantur,
2128 2765 2246 2803 eam
2300 2755 2498 2806 mentis
2527 2768 2831 2825 expertem,
2866 2761 2966 2830 ipsi
3019 2767 3215 2820 mentis
3242 2782 3437 2836 exper-

1873 2846 1954 2891 tes
1986 2838 2419 2908 descripserunt,
2466 2855 2520 2899 et
2571 2850 2880 2916 passionem
2914 2864 2971 2907 et
3001 2870 3226 2910 mortem
3261 2860 3434 2929 impa-

1871 2929 2013 2983 tibili
2052 2942 2264 2988 natura:
2308 2938 2665 2995 ascrihentes.
2699 2941 2814 3007 Qua
2846 2945 3065 3013 quidem
3111 2949 3303 3005 hieresi
3330 2953 3434 3009 hoc

1851 3034 2310 3091 consequuntur,
2348 3036 2407 3081 ut
2428 3031 2668 3097 perfecte
2695 3035 2828 3088 salvi
2848 3036 3095 3093 factinon
3123 3042 3429 3098 videamur.

1871 3110 1983 3164 Nec
2006 3113 2151 3165 enim
2201 3119 2504 3171 naturalem
2538 3121 2898 3180 humanitatis
2926 3130 3044 3197 ejus
3072 3132 3428 3196 voluntatem,

1875 3199 2248 3254 naturalemve
2279 3205 2548 3260 actionem
2571 3225 2859 3279 negamus,
2892 3231 2959 3269 ne
2993 3234 3098 3272 una
3129 3222 3429 3289 eademque

1874 3301 2039 3354 opera
2071 3288 2500 3358 dispensationis
2546 3299 2740 3354 salutis
2778 3312 2977 3361 nostra:
3007 3321 3169 3378 caput
3195 3322 3250 3366 et
3284 3288 3430 3368 sum.

1873 3392 2015 3430 mam
2045 3382 2416 3449 antiquemus,
2456 3396 2511 3440 et
2573 3390 2854 3449 Divinitati
2916 3401 3201 3466 passiones
3263 3409 3429 3460 ascri-

1873 3466 2086 3561 bamus,
2131 3482 2457 3533 utasttuere
2491 3485 2673 3537 conati
2710 3497 2839 3541 sunt
2874 3490 2973 3553 illi,
3017 3494 3108 3561 qui
3140 3512 3246 3551 una
3278 3498 3425 3553 illum

1876 3559 2177 3626 voluntate,
2207 3580 2421 3633 unaque
2462 3571 2696 3635 actione,
2723 3590 2833 3628 non
2867 3578 2984 3631 sine
3015 3559 3207 3648 magna
3238 3586 3429 3654 impie-

1874 3657 2003 3711 tate,
2036 3664 2227 3703 recens
2256 3654 2633 3723 excogitarunt
2661 3659 2993 3732 impiamque
3032 3667 3169 3731 Arii,
3215 3670 3425 3738 Apolli-

1873 3738 2034 3802 narii,
2067 3741 2347 3811 Eutychis,
2378 3754 2432 3798 et
2466 3745 2654 3803 Severi
2677 3751 2908 3808 haeresin
2940 3757 3291 3813 innovat-unt.

1944 3830 2055 3884 Nos
2117 3845 2300 3887 autem
2360 3837 2676 3895 orthodoxa:
2724 3845 3081 3900 confessionis
3125 3861 3428 3907 assertores

1879 3940 2044 3978 unum
2101 3929 2466 3999 eumdemque
2539 3934 2819 3990 Christum
2879 3940 3077 3995 Filium
3138 3944 3426 4000 Dominum

1878 4015 2216 4083 unigenitum
2258 4024 2579 4080 astruimus.
2621 4028 2712 4094 qui
2757 4030 2968 4085 duabus
3013 4034 3064 4085 in
3110 4042 3321 4090 naturis
3351 4038 3432 4090 in-

1878 4104 2128 4167 confuse.
2162 4110 2504 4178 simpliciter,
2534 4115 2996 4186 inseparabiliter,
3031 4122 3314 4179 individue
3350 4128 3434 4181 di-

1876 4198 2176 4267 gnoscitur.
2212 4200 2289 4254 ita
2351 4212 2554 4269 tamen,
2622 4218 2683 4261 ut
2736 4212 3051 4267 nullatenus
3114 4226 3431 4272 naturarum

1876 4289 2185 4345 differentia
2216 4294 2269 4346 vi
2302 4297 2703 4365 conjunctionis
2729 4304 2943 4358 sublata
2984 4308 3076 4371 sit,
3116 4309 3225 4363 imo
3251 4312 3434 4379 potius

1882 4381 2171 4451 utriusque
2223 4395 2434 4441 natura:
2468 4392 2773 4459 preprietas
2814 4395 3023 4465 integra
3051 4403 3428 4466 permanserit,

1875 4480 1930 4523 ct
1964 4472 2017 4525 in
2082 4489 2241 4527 unam
2289 4492 2573 4545 personam
2609 4499 2880 4553 unamque
2934 4492 3249 4558 hypostasin
3305 4507 3440 4547 con-

1872 4564 2274 4619 curreritznon
2301 4577 2362 4621 ut
2400 4570 2454 4622 in
2493 4571 2629 4625 duas
2670 4588 2931 4640 personas
2964 4581 3313 4646 partitionem
3356 4584 3438 4638 di-

1872 4652 2207 4708 visionemve
2236 4657 2542 4722 admiserit,
2600 4663 2696 4715 sed
2760 4681 2902 4720 unus
2959 4669 3214 4740 idetnque
3272 4674 3439 4728 Filius

1874 4744 2204 4812 unigenitus,
2230 4746 2375 4802 Deus
2402 4749 2662 4813 Verbum,
2698 4753 2960 4812 Dominus
3000 4760 3159 4815 Jesus
3184 4762 3439 4823 Christus

1872 4838 2312 4902 perseveraverit
2340 4857 2353 4892 :
2387 4845 2844 4909 quemadmodum
2896 4852 3274 4917 superioribus
3302 4867 3440 4912 tem-

1873 4926 2095 4992 poribus
2121 4929 2403 4997 prophetaa
2426 4935 2492 4986 de
2523 4934 2641 5001 ipso
2674 4939 2951 4994 vaticinati
3007 4954 3156 5009 sunt,
3209 4946 3433 5018 ipseque

1873 5016 2010 5069 adeo
2042 5016 2201 5072 Jesus
2226 5018 2479 5076 Christus
2509 5039 2610 5077 nos
2644 5027 2853 5094 docuit,
2883 5044 3309 5105 sanctorumque
3335 5016 3435 5093 Da—

1876 5118 2019 5159 trum
2061 5109 2367 5178 symbolum
2412 5114 2572 5169 nobis
2609 5119 2761 5186 quasi
2812 5135 2908 5189 per
2961 5139 3157 5180 manus
3189 5128 3434 5182 tradidit.

1872 5199 2016 5252 Duas
2050 5199 2101 5252 in
2131 5202 2325 5255 eodem
2355 5204 2668 5272 volitioncs,
2696 5224 2789 5263 seu
2830 5211 3158 5279 voluntates,
3189 5216 3434 5287 duasque

1873 5292 2135 5355 actiones,
2178 5292 2313 5347 citra
2358 5294 2711 5362 divisionem,
2763 5304 3144 5369 mutationem,
3184 5308 3434 5376 partitio-

1874 5399 2021 5448 nem,
2071 5384 2579 5457 confusionemque,
2628 5404 2693 5443 ex
2749 5403 3063 5448 sanctorum
3116 5399 3433 5468 praescripto

1872 5473 2092 5529 Patrum
2119 5476 2499 5544 praedicamus,
2518 5480 2815 5546 naturales,
2840 5482 3082 5552 inquam,
3101 5487 3429 5553 voluntates,

1872 5580 1982 5619 non
2028 5569 2354 5634 contrarias,
2398 5570 2857 5647 quemadmodum
2894 5574 3045 5644 impii
3080 5584 3432 5633 astruxerunt
