4274 6382
906 374 1041 443 1161

2153 396 2448 461 NICET£
2486 404 2886 469 (ΣΗΟΝΙΑΤΔ

3998 425 4157 492 ηαδ

898 492 1163 561 haeretici,
1194 498 1337 553 absit
1372 502 1384 553 ε
1419 502 1515 556 sed
1553 504 1945 574 obsequentem
2002 509 2125 579 ejus
2173 512 2464 565 humanam
2497 525 2539 578 Α
2568 520 2837 586 ceptionis
2858 535 3133 578 momento
3160 526 3215 579 in
3258 537 3464 583 tantam
3494 533 3750 589 abierunt
3778 541 4157 608 conjunctio-

898 586 1234 608 ..,...-_.-.--_
1304 600 1341 608 μ.
1375 606 1431 608 _,
1637 596 1647 604 .
1690 606 1696 608 Α
1784 607 1789 608 ,
2151 603 2155 606 .

897 586 1264 652 voluntatem,
1292 600 1347 643 at
1372 606 1485 645 non
1541 596 1886 651 resistentem
1943 610 2037 653 aut
2089 603 2465 667 reluctantem,

898 676 1009 730 imo
1040 681 1221 745 potius
1243 681 1442 737 divina:
1501 687 1622 753 ejus
1674 696 1730 741 et
1784 691 2149 758 omnipotenti
2196 695 2463 748 voluntati

898 782 1244 837 morigeram.
1284 771 1569 841 Siquidem
1600 793 1695 845 par
1739 792 1878 844 erat,
1913 791 1973 833 ut
2003 784 2182 836 carnis
2214 786 2469 840 voluntas

896 868 1229 925 moveretur;
1288 863 1489 920 divina:
1533 875 1712 921 tamen
1762 872 2030 925 voluntati
2077 858 2463 943 subjiceretur,

898 959 955 1000 ut
984 952 1427 1019 sapientissimus
1459 958 1549 1010 ille
1590 959 1785 1014 scribit
1810 964 2159 1020 Athanasius.
2194 965 2469 1031 Quemad-

892 1040 1116 1095 modum
1149 1046 1295 1097 enim
1351 1063 1477 1101 caro
1536 1051 1653 1119 ejus
1696 1068 1823 1106 caro
1883 1055 1975 1107 Dei
2017 1056 2222 1110 dicitur
2272 1070 2461 1123 etest,

896 1132 969 1183 ita
1004 1143 1060 1185 et
1116 1136 1381 1190 naturalis
1413 1139 1666 1196 voluntas
1701 1146 1883 1198 carnis
1932 1147 2052 1214 ejus
2107 1150 2324 1218 propria
2368 1151 2463 1205 Dei

894 1219 1055 1278 Verbi
1088 1226 1291 1280 dicitur
1318 1239 1374 1282 et
1401 1241 1485 1285 est
1518 1251 1532 1286 :
1557 1236 1777 1287 utidem
1806 1236 1883 1289 ait
1909 1255 1921 1290 :
1950 1237 2208 1293 Descendi
2233 1243 2296 1294 de
2315 1244 2463 1307 caelo,

893 1330 995 1365 non
1052 1326 1105 1367 ut
1152 1318 1351 1385 faciam
1403 1324 1721 1377 voluntatem
1761 1344 1951 1389 nteant,
2004 1336 2099 1383 sed
2144 1335 2463 1387 voluntatem

890 1406 1005 1472 ejus
1029 1408 1119 1474 qui
1177 1411 1317 1463 misit
1352 1430 1432 1465 me
1466 1412 1644 1467 Putris
1671 1417 1709 1467 ⁷.
1738 1416 1949 1482 Quibus
1976 1422 2158 1475 verbis
2186 1425 2461 1491 propriam

898 1494 1084 1546 carnis
1109 1496 1231 1563 ejus
1285 1501 1616 1554 voluntatem
1677 1504 1954 1575 intelligit.
2006 1508 2458 1579 Quandoquidem

891 1580 1008 1649 ipsa
1037 1599 1256 1654 quoque
1287 1603 1414 1643 caro
1444 1592 1496 1645 ei
1550 1596 1781 1663 pIOpria
1829 1598 1954 1661 fuit,
2007 1603 2461 1669 quemadmodum

888 1674 1036 1727 enim
1067 1678 1405 1734 sanctissima
1446 1687 1514 1747 {et
1567 1686 1839 1756 inculpata
1876 1692 1995 1760 ejus
2026 1694 2261 1747 animata
2312 1711 2459 1761 caro,

888 1781 1011 1817 cum
1035 1768 1285 1823 deificata
1329 1782 1433 1838 est,
1466 1774 1890 1846 haudquaquam
1940 1784 2137 1848 periit;
2168 1784 2240 1836 ita
2281 1801 2460 1855 neque

889 1856 1073 1910 carnis
1102 1860 1222 1927 ejus
1254 1861 1507 1917 voluntas
1536 1844 1720 1933 periit,
1743 1844 1857 1921 imo
1886 1844 2070 1937 potius
2096 1871 2303 1941 integra
2337 1844 2460 1942 per.
2488 1844 2534 1902 Β

889 1947 1109 2009 mansit,
1138 1958 1197 2001 ut
1223 1949 1527 2020 Theologus
1580 1955 1873 2022 Gregorius
1918 1957 2005 2011 his
2044 1960 2227 2013 verbis
2269 1972 2459 2015 auctor

884 2047 986 2090 est.
1027 2037 1176 2093 Illius
1204 2042 1349 2094 enim
1373 2045 1647 2109 voluntas,
1679 2047 1773 2115 qui
1805 2064 1905 2117 pro
1948 2049 2241 2105 Servatore
2294 2054 2457 2108 intel-

887 2126 1097 2194 ligitur,
1131 2130 1553 2202 haudquaquam
1597 2137 1708 2191 Deo
1734 2143 2006 2193 contraria
2057 2151 2161 2205 est,
2198 2158 2321 2197 cum
2348 2152 2455 2197 tota

889 2216 1064 2271 Deum
1096 2224 1361 2277 redoleat.
1416 2226 1475 2279 ln
1528 2242 1591 2280 ea
1625 2243 1786 2297 porro
1820 2234 2089 2286 sententia
2121 2249 2335 2297 sumus.
2395 2246 2456 2289 ut

884 2310 1161 2365 naturales
1192 2312 1330 2367 duas
1355 2316 1603 2370 actiones
1629 2318 1769 2371 citra
1814 2319 2166 2388 divisionem,
2194 2326 2454 2379 mutatio-

882 2416 1029 2467 nem,
1068 2405 1469 2461 confusionem.
1534 2410 1915 2477 partitionem,
1979 2413 2035 2466 in
2096 2415 2290 2469 eodem
2351 2418 2454 2472 Do-

883 2494 1033 2547 mino
1110 2506 1299 2550 nostro
1370 2498 1499 2552 Jesu
1580 2499 1798 2555 Christo
1856 2503 1968 2558 Deo
2030 2520 2160 2560 vero
2216 2509 2447 2578 conjun-

879 2598 997 2640 ctas
1060 2602 1182 2642 esse
1247 2604 1579 2656 asseramus,
1646 2592 1750 2646 hoc
1818 2603 1904 2649 est
1964 2595 2204 2650 divinam
2275 2602 2450 2654 aetio-

879 2691 1028 2739 nem,
1082 2689 1141 2732 ut
1190 2679 1383 2733 beatus
1448 2680 1542 2733 ille
1616 2681 1729 2735 Leo
1804 2684 1967 2751 paulo
2030 2686 2276 2755 apertius
2348 2690 2445 2744 ait.

875 2766 1152 2836 Operatur
1182 2780 1413 2838 utraque
1442 2772 1617 2825 forma
1643 2788 1767 2826 cum
1804 2776 2032 2830 alterius
2061 2780 2448 2837 communione

876 2861 1248 2928 proprietatis,
1316 2862 1495 2915 Verbo
1548 2865 1759 2917 scilicet
1830 2866 1885 2918 id
1957 2880 2240 2935 operante,
2299 2873 2446 2940 quod

874 2965 1035 3003 suum
1061 2960 1178 3013 est;
1212 2961 1269 3003 et
1296 2966 1528 3021 corpore
1575 2955 1815 3007 vicissim
1862 2972 1927 3009 ea
1972 2956 2263 3024 etIiciente,
2325 2976 2446 3029 qua:

876 3050 1010 3092 sunt
1064 3042 1334 3110 corporis.
1386 3040 1546 3093 Nullo
1603 3044 1750 3095 enim
1790 3055 1950 3112 pacto
1993 3049 2238 3099 eamdem
2278 3048 2445 3105 fuisse

2574 622 2718 673 nem,
2754 620 2811 663 ut
2841 627 2909 666 ne
2938 614 3187 671 humana:
3218 621 3437 688 quidem
3480 640 3567 678 res
3595 628 3711 680 sine
3736 629 3925 682 divina
3952 648 4159 687 essen-

2572 698 2645 749 tia
2671 698 2900 753 fierent:
2952 706 3047 757 sed
3078 717 3306 776 utraque
3335 724 3528 766 natura
3567 730 3690 767 cum
3722 718 3959 772 alterius
3992 737 4159 774 com-

2570 803 2833 845 munione
2880 808 2942 846 ea
2985 811 3107 863 qua:
3154 801 3258 853 sibi
3306 806 3527 872 propria
3565 818 3742 869 erant,
3782 823 3841 862 et
3872 812 4055 880 velfet
4100 823 4159 865 et

2567 891 2776 948 ageret.
2805 883 3068 950 Quocirca
3111 892 3243 945 duas
3285 896 3447 947 etiam
3472 902 3750 953 naturales
3795 903 4155 961 voluntates,

2570 972 2905 1044 totidemque
2951 981 3203 1035 actiones
3256 986 3321 1036 ad
3368 986 3590 1041 humani
3633 992 3850 1058 generis
3901 994 4158 1047 salutem

2571 1078 2675 1115 una
2698 1070 3042 1123 concurrisse
3070 1074 3383 1128 asserimus.
3411 1077 3590 1141 Quare
3615 1094 3738 1133 cum
3769 1084 3917 1135 beati
3956 1083 4161 1137 Patres

2568 1152 2682 1206 hate
2714 1153 2785 1206 ita
2808 1169 3023 1213 summo
3053 1176 3176 1214 cum
3224 1166 3409 1218 Studio
3452 1178 3508 1221 et
3548 1168 3831 1238 diligentia
3888 1174 4159 1240 undique

2566 1248 2942 1313 congesserint
2996 1261 3053 1303 et
3099 1257 3487 1322 expresserim,
3526 1274 3621 1326 par
3669 1271 3776 1322 est,
3833 1270 3895 1313 ut
3956 1266 4161 1315 nullus

2564 1334 2725 1387 aliter
2754 1336 3017 1405 proferat,
3075 1353 3170 1395 aut
3196 1345 3417 1409 scribat,
3463 1358 3560 1401 aut
3610 1354 3835 1415 sentiat,
3886 1364 3993 1406 aut
4053 1356 4159 1407 do-

2565 1435 2685 1478 ceat
2718 1445 2731 1480 :
2767 1430 2875 1482 imo
2904 1445 3037 1484 vero
3072 1448 3140 1486 ne
3170 1434 3445 1490 diversum
3492 1440 3713 1505 quidem
3746 1446 3814 1496 ab
3849 1444 3963 1497 hoc
4021 1446 4155 1497 ﬁdei

2562 1516 2867 1581 symbolum
2908 1518 2975 1572 iis
3024 1535 3315 1590 proponat,
3341 1529 3434 1594 qui
3475 1529 3559 1581 vel
3595 1544 3661 1582 ex
3708 1534 3978 1599 gentibus
4017 1574 4033 1595 ,
4069 1536 4157 1586 vel

2560 1617 2627 1655 ex
2655 1603 2880 1671 Iudaeis,
2908 1610 2991 1663 vel
3019 1626 3083 1664 ex
3109 1612 3300 1666 hmresi
3343 1618 3589 1683 qualibet
3618 1621 3686 1673 ad
3743 1623 4016 1677 veritatis
4053 1641 4157 1679 co-

2561 1692 2863 1760 gnitionem
2903 1713 3321 1757 convertuntur.

3136 1815 3285 1871 CAP.
3322 1817 3536 1872 XXXII.

2562 1893 2721 1949 Fides
2769 1899 2999 1952 revelata
3047 1908 3390 1980 sanc'issimo_
3418 1909 3665 1978 Gregorio
3712 1915 3975 1980 miriﬁco,
4030 1928 4159 1969 tan-

2627 1982 2786 2031 quam
2825 1984 2910 2044 hex_
2949 1985 3295 2038 supersancla’
3356 1977 3451 2029 Dei
3496 1982 3792 2044 Genitricis,
3838 1977 3898 2037 vet
3970 1992 4155 2040 sancti

2628 2037 2855 2102 apostoli
2876 2037 3097 2093 Joannis
3136 2045 3472 2113 evangelist
3499 2051 3758 2105 doctrina.

2629 2145 2783 2201 Unus
2809 2161 2893 2202 est
2920 2152 3063 2206 Deus
3094 2156 3420 2225 principium
3449 2168 3504 2212 et
3539 2160 3698 2215 Pater
3738 2163 3901 2217 Verbi
3942 2167 4152 2221 viven-

2560 2236 2649 2299 tis,
2683 2239 2965 2307 sapientia:
2996 2243 3370 2305 subsistentis,
3399 2264 3615 2302 necnon
3665 2252 3898 2306 virtutis
3933 2266 4001 2308 et
4036 2257 4153 2308 for-

2556 2342 2657 2380 ωτι
2686 2338 2922 2393 eterna,
2957 2336 3229 2401 perlectus
3270 2336 3496 2404 perfecti
3524 2342 3762 2409 genitor,
3797 2343 3981 2397 Pater
4014 2346 4147 2400 Filii

2557 2419 2846 2477 unigeniti.

2633 2511 2780 2565 Unus
2813 2512 2941 2566 item
2998 2526 3082 2571 est
3120 2516 3398 2587 Dominus,
3429 2525 3580 2578 solus
3606 2539 3673 2577 ex
3706 2526 3852 2587 solo,
3884 2526 4047 2580 Deus
4077 2544 4147 2580 ex

2553 2598 2682 2664 Deo,
2719 2604 2897 2674 imago
2946 2622 3192 2675 persona:
3222 2613 3419 2676 Patris,
3455 2616 3596 2669 Deus
3633 2615 3875 2669 Verbum
3934 2632 4143 2685 agens,

2551 2695 2643 2762 qui
2679 2711 2860 2749 rerum
2909 2700 3154 2753 omnium
3204 2702 3516 2772 bypostasin
3568 2708 3771 2758 creavit
3827 2708 4145 2775 sapientia,

2550 2802 2671 2854 qua:
2726 2789 3107 2843 universorum
3156 2797 3598 2850 constitutionem
3645 2798 3903 2852 continet
3959 2802 4146 2854 virtus

2548 2877 2793 2929 omnium
2814 2890 3185 2933 creaturarum
3208 2884 3470 2938 effectrix.
3495 2888 3704 2939 Veritas
3722 2904 3787 2941 ex
3808 2905 4023 2943 veracc
4044 2892 4145 2943 Pa.

2550 2979 2649 3026 tre,
2695 2968 2982 3021 invisibilis
2998 2985 3063 3021 ex
3088 2970 3821 3043 invisibili,incorruptibilis
3846 2993 3921 3031 ex
3953 2980 4145 3032 incor-

2548 3056 3139 3122 ruptibili,immortalis
3154 3076 3219 3111 ex
3241 3061 3799 3125 inimortali,:eternus
3814 3077 4142 3118 exattcrno.

874 3134 1180 3186 naturalem
1210 3134 1304 3186 Dei
1345 3145 1401 3188 ct
1450 3145 1717 3188 creatura-
1744 3136 2014 3189 actionem
2045 3139 2396 3194 concedimus
2428 3160 2440 3194 :
2472 3167 2516 3226 ρ
2619 3143 2770 3197 Unus
2799 3145 3037 3214 denique
3073 3146 3307 3215 Spiritus
3358 3160 3578 3202 sanctus
3631 3153 3951 3219 perfectus,
4012 3170 4141 3222 per-

877 3236 947 3273 ne
998 3221 1081 3273 vel
1112 3230 1417 3274 creaturam
1447 3221 1740 3292 impatibili
1775 3225 2024 3277 essentia:
2081 3227 2439 3292 ascribamus,

873 3312 960 3365 vel
1011 3312 1212 3366 divinae
1270 3324 1478 3367 natura:
1518 3315 1897 3368 excellentiam
1958 3317 2013 3369 in
2066 3327 2443 3373 creaturarum

872 3404 1122 3458 ordinem
1171 3406 1502 3474 rediganius.
1540 3406 1711 3461 Unius
1764 3408 1912 3463 enim
1958 3410 2314 3478 ejusdemque
2346 3414 2448 3463 mi-

873 3497 1058 3547 racula
1084 3505 1139 3549 et
1171 3498 1458 3565 passiones
1483 3498 1653 3551 fuisse
1684 3500 1940 3553 novimus
1974 3516 1988 3551 :
2024 3501 2125 3552 alia
2152 3511 2315 3570 atque
2339 3502 2445 3555 alia

873 3596 1209 3648 naturarum,
1232 3603 1297 3639 ex
1320 3589 1522 3655 quibus
1537 3598 1773 3652 constat,
1795 3592 2005 3643 ratione
2030 3590 2235 3656 habita,
2252 3593 2305 3645 in
2324 3595 2444 3661 qui-

870 3676 1081 3743 busque
1098 3679 1218 3745 ejus
1233 3680 1469 3730 essentia
1490 3682 1758 3741 consistit,
1797 3690 1855 3732 ut
1876 3680 2069 3734 beatus
2090 3680 2323 3749 Cyrillus
2346 3684 2441 3737 ait.

940 3766 1019 3820 Eo
1039 3770 1221 3836 itaque
1240 3769 1384 3836 quod
1414 3769 1763 3822 inconfusqu
1794 3780 1848 3823 et
1874 3771 2167 3825 indivisum
2190 3781 2274 3825 est
2294 3776 2443 3826 omni

870 3872 939 3911 ex
971 3868 1126 3925 parte
1151 3866 1387 3920 servato,
1422 3860 1527 3913 hoc
1569 3860 1624 3911 in
1660 3876 1875 3914 summa
1904 3862 2246 3930 profitemur,
2280 3879 2442 3916 unam

870 3962 1075 4001 sancta:
1114 3948 1401 4001 Trinitatis
1464 3963 1779 4016 personam,
1845 3951 2140 4004 Dominum
2188 3961 2439 4006 nostrqu

871 4038 1059 4092 «Ιεδυω
1093 4038 1375 4091 (ΣΙιι-ἰειιιω
1408 4052 1599 4090 verum
1643 4040 1813 4092 Deum
1858 4051 2105 4094 IIOSII’UID
2158 4056 2279 4095 esse
2321 4057 2441 4095 CI'C-

869 4128 1083 4191 dentes,
1118 4130 1256 4182 duas
1278 4130 1396 4192 ejus
1421 4138 1649 4183 naturas
1676 4132 1998 4194 asserimus,
2044 4149 2166 4201 quae
2221 4134 2279 4185 in
2332 4149 2439 4186 una

868 4220 989 4288 ejus
1025 4234 1260 4287 persona
1305 4226 1637 4291 elucescant,
1694 4226 1746 4279 in
1784 4240 1891 4293 qua
1927 4224 2191 4277 miracula
2224 4234 2278 4278 ct
2310 4238 2437 4293 pas-

868 4312 1070 4372 siones,
1105 4314 1346 4379 quandiu
1400 4331 1466 4369 ex
1492 4317 1902 4386 dispensatione
1932 4316 2219 4369 nobiscum
2256 4332 2439 4369 versa—

870 4409 959 4454 tus
991 4411 1095 4467 est,
1148 4419 1256 4457 non
1283 4406 1569 4473 phantasia
1610 4420 1665 4463 et
1715 4410 2085 4470 simulatione,
2120 4408 2212 4461 sed
2246 4423 2437 4461 revera

2547 3236 2688 3290 lecta
2720 3238 3021 3289 viventium
3053 3239 3162 3290 vita
3200 3256 3214 3290 :
3242 3240 3520 3301 sanctitas,
3546 3250 3599 3293 et
3630 3244 3959 3296 sanctitatis
3991 3246 4140 3306 fons,

2546 3336 2706 3394 atque
2734 3327 3034 3380 sanctitatis
3060 3326 3301 3395 largitor.
3350 3326 3427 3380 Ex
3456 3343 3566 3396 quo
3595 3327 3675 3390 lit,
3718 3340 3778 3380 ut
3810 3330 3972 3385 Deus
4023 3348 4142 3384 om-

2547 3421 2696 3471 nium
2729 3419 3068 3472 credentium
3111 3419 3320 3470 calculo
3372 3422 3444 3472 sit
3494 3436 3657 3487 super
3691 3422 3916 3483 omnia,
3963 3423 4141 3476 Filius

2546 3525 2645 3580 per
2672 3510 2877 3572 omnia,
2919 3508 3158 3577 Spiritus
3187 3518 3409 3563 sanctus
3456 3510 3511 3562 in
3539 3510 3822 3572 omnibus,
3883 3512 4140 3565 Trinitas

2544 3596 2991 3667 perfecta,cujus
3046 3596 3243 3658 honor,
3313 3598 3721 3666 sempiternitas
3769 3608 3829 3651 et
3898 3616 4137 3670 regnum

2544 3703 2721 3756 neque
2746 3687 3070 3749 dissecatur,
3132 3703 3311 3756 neque
3371 3689 3650 3741 alteratur.
3680 3689 3875 3752 Quare
3915 3692 3975 3742 in
4017 3692 4139 3745 Tri-

2546 3778 2717 3829 nitate
2767 3786 3011 3829 creatum
3075 3776 3210 3828 nihil
3265 3786 3391 3829 est:
3444 3791 3621 3843 neque
3678 3777 4032 3841 ascititium,
4076 3795 4139 3832 ac

2544 3869 2589 3922 si
2624 3867 2753 3936 quid
2794 3882 2913 3920 esse
2945 3875 3129 3934 postea
3162 3868 3412 3933 ceperit,
3454 3866 3596 3932 quod
3632 3875 3798 3917 antea
3839 3883 3962 3919 non
4017 3868 4140 3922 lue.

2543 3959 2634 4012 rit.
2670 3958 2828 4012 Nullo
2860 3959 3005 4011 enim
3058 3973 3296 4025 unquam
3338 3968 3583 4024 tempore
3617 3955 3797 4009 Filius
3838 3954 4004 4010 Patri
4040 3958 4139 4011 de-

2540 4052 2666 4111 fuit,
2701 4064 2880 4117 neque
2929 4048 3067 4100 Filio
3110 4047 3360 4110 Spiritus,
3392 4062 3493 4099 nec
3530 4046 3709 4097 unitas
3744 4048 3803 4098 in
3834 4048 4134 4103 binarium

2540 4139 2803 4201 excrevit,
2843 4152 2942 4189 nec
2975 4136 3217 4189 binarius
3242 4136 3296 4189 in
3337 4136 3684 4197 Trinitatem,
3742 4136 3846 4189 sed
3903 4154 4134 4206 semper

2540 4247 2645 4283 una
2692 4230 2993 4298 eademque
3049 4228 3284 4282 Trinitas
3329 4230 3465 4282 citra
3512 4228 3675 4281 ullam
3732 4232 4123 4284 mutatione"

2539 4323 2983 4375 alterationemve
3015 4320 3238 4373 mansit.

3108 4431 3257 4485 CAP.
3293 4430 3531 4485 XXXIII.

867 4492 1139 4557 exhibuit,
1203 4509 1328 4548 cum
1382 4498 1682 4565 praesertim
1727 4500 1993 4552 naturalis
2026 4496 2339 4550 ditferentia
2378 4497 2432 4549 in
2460 4486 2555 4575 Β]

2430 4486 2739 4575 ¹Β1ιενιιηι
2788 4522 2851 4573 de
2882 4529 3063 4572 sancta
3112 4518 3371 4570 Trinitate
3448 4520 3532 4586 (de
3590 4518 3774 4580 Patre,
3828 4519 4007 4583 Filio,
4071 4533 4118 4574 et

871 4583 984 4650 ipsa
1018 4586 1173 4637 unica
1201 4601 1435 4653 persona
1471 4601 1832 4659 cognoscatur
1861 4607 1873 4640 :
1903 4605 2013 4643 non
2043 4589 2173 4657 quia
2199 4599 2433 4657 persona

868 4684 1067 4743 praeter
1104 4685 1330 4731 naturas
1358 4682 1490 4735 alias
1526 4693 1615 4742 sxt,
1650 4682 1744 4737 sed
1773 4682 1902 4750 quia
1942 4682 1996 4734 in
2042 4692 2237 4734 natura
2283 4682 2435 4750 ejus-

864 4763 990 4817 dem
1049 4781 1295 4833 persona‘.
1334 4778 1443 4823 tota
1477 4783 1671 4826 natura
1706 4774 1945 4826 humana
2002 4774 2287 4827 efformata
2336 4774 2429 4826 sit.

864 4853 1104 4923 Quaeque
1152 4873 1374 4912 suarum
1425 4874 1553 4915 sunt
1584 4864 1822 4932 partium
1888 4879 1952 4917 ea
1981 4864 2062 4918 sic
2088 4863 2428 4931 exsequitur,

865 4954 927 4997 ut
947 4945 1083 4999 nihil
1120 4947 1296 5005 desit:
1340 4966 1462 5006 cum
1507 4969 1614 5023 qua
1644 4956 1865 5024 quidem
1900 4968 2133 5023 persona
2169 4957 2428 5025 hyposta-

867 5034 1035 5087 ticum
1086 5034 1321 5092 Verbum
1365 5041 1692 5107 cohaerebat,
1753 5058 1862 5097 uno
1912 5055 2138 5112 peccato
2182 5044 2423 5112 dempto.

864 5124 1332 5187 Quemadmodum
1361 5131 1524 5183 etiam
1542 5131 1781 5186 Verbum
1813 5133 2057 5187 vicissim
2092 5147 2156 5186 ea
2185 5131 2426 5201 perfecte

862 5220 921 5265 et
949 5214 1190 5270 absolute
1241 5220 1591 5288 operabatur,
1637 5239 1759 5292 quae
1817 5224 1923 5279 sibi
1972 5226 2195 5295 propria
2250 5234 2425 5289 erant.

864 5302 1031 5372 idque
1050 5319 1174 5360 cum
1209 5309 1446 5365 humana
1478 5312 1571 5367 illa
1594 5323 1813 5379 natura,
1845 5330 2007 5383 quam
2032 5324 2426 5384 assumpserat.

866 5394 1180 5451 Proferatur
1241 5400 1298 5454 in
1356 5404 1601 5458 medium
1655 5404 1839 5458 denuo
1890 5406 2271 5460 sanctissimus
2341 5408 2430 5458 ille

862 5482 995 5549 Leo,
1028 5490 1123 5556 qui
1163 5490 1218 5545 in
1249 5493 1480 5561 epistola
1508 5495 1573 5548 ad
1617 5495 1858 5549 Leonem
1908 5495 2293 5564 imperatorem
2356 5496 2431 5549 ita

863 5574 1056 5628 scribit
1080 5590 1098 5631 :
1125 5579 1392 5638 Divinitas
1424 5594 1479 5640 et
1506 5586 1820 5643 humanitas
1860 5587 1978 5657 ipso
2007 5588 2259 5657 virgineae
2284 5602 2430 5642 con-

940 5757 959 5788 ’
985 5758 1141 5811 Joan.
1174 5776 1243 5828 vr,
1276 5763 1361 5817 58.

2600 4589 2797 4657 Spiritu
2829 4604 3031 4649 saneto,
3080 4590 3319 4657 distincta
3367 4589 3525 4657 simul
3559 4597 3605 4638 et
3638 4590 3935 4653 conjuncta
3974 4594 4118 4643 Uis-i-

2600 4655 2782 4712 nitatis
2805 4660 2959 4721 ratio,
2990 4673 3051 4709 ex
3080 4656 3142 4709 Β.
3171 4656 3375 4708 Joanne
3396 4655 3745 4718 Damasceno,
3772 4673 3905 4725 cap.
3934 4660 4023 4725 8.)

2599 4773 2790 4841 Itaque
2824 4770 3101 4825 credimus
3155 4770 3211 4821 in
3254 4784 3425 4821 unum
3474 4768 3666 4827 Deum.
3714 4770 3955 4821 unicum
3991 4771 4109 4822 siue

2530 4862 2803 4931 principio
2855 4860 3204 4929 principium,
3261 4859 3585 4919 increatum,
3616 4868 3920 4921 eternium,
3956 4860 4107 4926 inge

2536 4956 2737 5015 nilum,
2784 4949 3254 5018 incorruptibilem
3326 4959 3486 5016 atque
3548 4948 3947 5011 immortalem,
4005 4950 4107 5000 im-

2536 5058 2807 5105 mensum,
2840 5040 3003 5095 nullis
3052 5039 3251 5093 finibus
3295 5039 3790 5106 circumscriptum,
3836 5037 4104 5091 indeﬁni-

2539 5147 2681 5201 tum,
2726 5136 3002 5189 immensae
3022 5130 3326 5200 potestatis,
3362 5129 3584 5197 simplex
3638 5129 4102 5197 incompositum,

2531 5227 2937 5293 incorporeum,
2988 5220 3389 5279 inexhaustum,
3445 5218 3940 5285 imperturbatum,
4000 5220 4104 5271 im-

2530 5312 2811 5375 mobilem,
2870 5308 3283 5369 immutabilem,
3330 5306 3681 5369 invisibilem,
3739 5305 4017 5359 bonitatis
4046 5315 4102 5358 et

2526 5402 2749 5472 justitite
2805 5401 3031 5461 fontem,
3090 5396 3272 5449 lumen
3324 5393 3681 5461 intelligibile,
3750 5392 4100 5447 inaccessam

2532 5493 2829 5564 p0tentiam
2856 5506 2975 5559 qua:
2999 5488 3145 5541 nulla
3175 5499 3424 5540 mensura
3454 5485 3818 5553 dignoscitur,
3849 5484 3954 5538 sed
3984 5485 4100 5538 sola

2534 5588 2768 5656 seipsam
2809 5582 3024 5653 propria
3068 5580 3343 5634 voluntate
3371 5577 3674 5631 dimetitur.
3730 5575 4099 5648 Qumcuuque
