4274 6382
185 404 325 469 1169

1452 412 1851 474 THESAURI
1889 419 2035 479 LIB.
2086 420 2173 483 II.

3304 422 3326 486 l
3339 421 3436 485 1‘70

180 523 327 577 enim
380 522 515 585 vult,
566 524 756 578 eadem
800 537 1017 593 quoque
1068 528 1268 593 potest,
1326 533 1386 578 ut
1451 539 1573 594 quae
1614 538 1769 578 crea-
1801 528 1841 581 Α
1875 534 2058 593 postea
2087 526 2285 581 Filium
2327 527 2629 595 habuisset,
2658 538 2847 600 postea
2872 545 3090 601 quoque
3116 530 3276 587 Pater
3311 548 3433 594 esse

182 624 337 667 turas
368 627 559 667 omnes
591 613 835 667 visibiles
883 622 940 667 et
975 613 1282 669 invisibiles
1315 614 1610 676 creaverit,
1643 627 1761 666 om-

184 718 285 757 nes
328 705 632 770 contineat,
684 705 944 758 omnibus
1004 705 1259 773 imperet,
1324 715 1377 759 et
1445 704 1761 758 dominetur

186 810 379 866 regno,
411 797 559 865 quod
594 796 731 850 nulli
769 796 862 849 fini
896 798 1133 851 mortive
1161 796 1460 850 obnoxium
1504 802 1610 861 est,
1662 810 1767 850 nec

189 887 245 938 in
309 900 367 940 se
418 886 720 955 quidquam
782 888 1123 941 contrarium
1181 887 1369 951 habet,
1411 901 1532 956 quae
1582 885 1764 939 omnia

186 977 529 1047 plenitudine
587 994 713 1033 suas
736 980 1019 1047 complens
1071 994 1101 1032 a
1144 979 1295 1033 nullo
1334 977 1765 1047 comprehenda-

191 1079 302 1133 tur,
360 1071 471 1125 imo
503 1071 686 1140 potius
746 1070 929 1125 omnia
969 1069 1423 1139 comprehendat,
1463 1070 1766 1129 contineat,

188 1172 245 1220 et
266 1173 729 1234 exsuperet,qua:
780 1163 985 1216 nullam
1052 1178 1161 1216 non
1212 1161 1506 1216 essentiam
1539 1161 1769 1214 inteme-

189 1270 307 1314 rata
330 1266 596 1327 permeet,
638 1272 913 1326 supraque
945 1256 1128 1309 omnia
1165 1254 1393 1319 feratur,
1420 1269 1537 1323 qua:
1561 1254 1766 1307 nullam

199 1371 309 1408 non
339 1356 635 1409 essentiam
667 1362 979 1420 exsuperet,
1032 1350 1593 1421 supersubstantialis,
1626 1359 1682 1405 et
1707 1366 1770 1405 ea

192 1462 314 1516 qua:
374 1455 501 1500 sunt
561 1445 980 1505 transcenderis.
1012 1444 1299 1514 plusquam
1353 1443 1560 1507 divina,
1615 1443 1769 1512 plus-

194 1555 359 1609 quam
419 1539 581 1603 bona,
607 1539 893 1606 plusquam
922 1538 1102 1606 plena,
1131 1552 1251 1605 quae
1284 1535 1551 1605 principia
1586 1533 1769 1588 omnia

200 1632 531 1699 ordinesque
560 1630 804 1690 deﬁniat,
838 1628 1019 1683 omnis
1061 1628 1315 1697 principii
1374 1636 1537 1695 atque
1566 1624 1773 1680 ordinis

201 1736 425 1789 praeses.
458 1735 579 1787 quae
612 1720 817 1773 nullam
853 1734 961 1772 non
1002 1719 1324 1782 essentiam,
1356 1718 1546 1781 vitam,
1604 1716 1773 1769 ratio-

200 1828 348 1871 nem.
376 1822 540 1881 atque
574 1812 962 1881 cogitationem
991 1820 1302 1878 exsuperet,
1350 1810 1527 1879 ipsum
1566 1810 1771 1874 lumen,
1808 1857 1847 1910 Β

202 1904 318 1972 ipsa
347 1903 585 1965 bonitas,
624 1904 737 1972 ipsa
773 1902 930 1969 ,vita,
975 1902 1090 1972 ipsa
1138 1902 1396 1967 essentia,
1450 1912 1508 1956 ut
1536 1916 1655 1971 quae
1692 1902 1773 1955 al-

205 1996 377 2050 terius
414 1996 684 2049 beneficio
714 2011 821 2049 non
874 1995 967 2057 sit,
1024 2002 1120 2049 aut
1170 1995 1377 2064 aliquid
1426 2010 1615 2049 eorum
1655 2010 1776 2063 quae

203 2100 331 2143 sunt
360 2089 608 2151 exsistat,
642 2089 752 2141 imo
803 2088 869 2143 iis
906 2102 1026 2157 quae
1058 2096 1186 2142 sunt
1217 2088 1490 2152 essentia,
1547 2088 1614 2143 iis
1654 2102 1777 2156 qua:

207 2182 415 2239 vivunt,
454 2181 596 2243 vitae,
632 2180 699 2235 iis
723 2195 844 2248 quae
877 2178 1088 2233 ratione
1117 2186 1349 2232 utuntur
1377 2177 1606 2231 rationis
1634 2175 1776 2238 fons,

211 2271 470 2327 omnibus
533 2271 769 2339 denique
837 2271 1108 2324 bonorum
1158 2270 1404 2324 omnium
1458 2284 1622 2324 causa
1685 2268 1775 2334 sit,

214 2382 334 2434 qua:
355 2366 535 2419 omnia
567 2373 693 2418 ante
732 2379 924 2419 eorum
980 2365 1389 2434 generationem
1443 2361 1614 2426 norit,
1656 2371 1779 2417 tan-

208 2474 370 2528 quam
409 2473 513 2511 una
548 2457 812 2513 essentia.
846 2471 954 2509 una
982 2456 1264 2517 divinitas,
1308 2469 1415 2509 una
1441 2454 1634 2519 virtus,
1672 2470 1778 2509 una

212 2550 485 2609 voluntas,
524 2563 630 2601 una
672 2546 839 2611 actio,
871 2562 1039 2600 unum
1086 2546 1398 2617 imperium,
1432 2562 1537 2600 una
1584 2555 1778 2615 poten-

210 2642 306 2704 tia,
341 2656 447 2693 una
481 2638 800 2715 dominatio,
835 2653 1003 2692 unum
1039 2653 1289 2707 regnum,
1342 2638 1492 2708 quod
1551 2638 1607 2691 in
1672 2638 1779 2690 tri-

210 2730 315 2784 bus
354 2730 607 2800 perfectis
639 2731 890 2799 personis
942 2730 1313 2799 cognoscitur,
1358 2740 1414 2785 et
1462 2729 1781 2784 adoratione

212 2842 318 2880 una
342 2827 563 2879 colitur.
592 2826 851 2880 Creditur
904 2836 1085 2879 autem
1120 2834 1176 2879 et
1222 2825 1484 2879 adoratur
1524 2825 1592 2879 ab
1633 2825 1783 2878 omni

212 2928 461 2973 ereatura
495 2917 727 2971 rationis
774 2917 1063 2985 participe,
1106 2918 1355 2986 citraque
1393 2917 1556 2970 ullam
1594 2915 1785 2971 confu-

213 3009 423 3062 sionem
452 3008 829 3075 conjungitur,
877 3014 933 3059 et
975 3006 1111 3060 citra
1141 3006 1555 3060 distractionem
1585 3002 1784 3056 distin-

216 3099 427 3168 guitur.
463 3099 629 3167 (quod
655 3098 857 3150 mirum
888 3098 1018 3163 est),
1074 3095 1129 3149 in
1185 3097 1426 3158 Patrem,
1466 3104 1521 3149 ct
1559 3094 1781 3157 Filium,

216 3197 273 3242 et
310 3188 577 3256 Spiritum
619 3198 890 3249 sanctum,
924 3187 978 3240 in
1011 3202 1150 3254 quos
1175 3186 1668 3255 baptizatiqnoque
1695 3201 1787 3239 su-

218 3296 361 3335 mus.
390 3281 470 3335 Ita
500 3282 646 3335 enim
683 3280 946 3333 Dominus
985 3280 1245 3348 apostolis
1276 3280 1574 3343 mandavit,
1603 3287 1661 3331 ut
1685 3280 1785 3333 ba-

218 3371 505 3439 ptizarent,
573 3370 658 3422 his
706 3370 891 3422 verbis
926 3387 938 3420 :
973 3369 1314 3437 Baptizantes
1350 3385 1433 3421 eos
1474 3370 1526 3421 in
1579 3370 1788 3422 nomine

220 3448 425 3526 Patris,
465 3471 514 3515 et
545 3462 688 3523 Filii,
728 3472 777 3515 et
814 3460 1045 3530 Spiritus
1078 3463 1251 3514 sancti
1290 3462 1333 3514 ⁸.
1385 3461 1443 3514 ln
1477 3476 1645 3514 unum
1684 3460 1788 3514 Pa-

220 3565 381 3612 trem.
413 3555 505 3624 qui
540 3555 782 3607 omnium
814 3554 1139 3621 principium
1170 3561 1226 3607 et
1255 3567 1418 3606 causa
1446 3560 1552 3616 est,
1574 3568 1603 3605 a
1633 3552 1789 3605 nullo

222 3647 487 3715 genitum,
548 3648 641 3714 qui
692 3644 841 3698 solus
892 3643 1010 3696 sine
1055 3658 1238 3706 causa,
1285 3649 1341 3695 et
1378 3641 1654 3711 ingenitus
1685 3651 1788 3701 est,

225 3737 468 3789 omnium
504 3736 721 3803 quidem
770 3734 1018 3795 Creator,
1048 3742 1103 3787 at
1147 3733 1311 3787 unius
1342 3744 1551 3787 tantum
1597 3734 1787 3802 unige-

228 3826 327 3879 niti
350 3825 469 3879 Filii
508 3826 613 3889 sui,
643 3826 858 3879 Domini
886 3833 1068 3878 autem
1103 3825 1219 3887 Dei,
1270 3833 1326 3878 et
1365 3823 1667 3879 Servatoris
1695 3840 1794 3876 no-

223 3916 324 3971 stri
350 3917 477 3972 Jesu
509 3917 711 3971 Christi
768 3928 966 3971 natura
1001 3917 1182 3980 Pater,
1228 3916 1404 3969 sancti
1436 3925 1617 3970 autem
1672 3914 1794 3985 Spi-

225 4012 367 4064 ritus
389 4010 622 4063 emissor
653 4008 901 4063 exsistat.

301 4100 589 4155 Credimus
624 4103 752 4154 item
788 4102 840 4154 in
877 4117 1042 4155 unum
1074 4101 1270 4155 Filium
1298 4101 1393 4155 Dei
1427 4101 1795 4171 unigenitum,

226 4192 519 4247 Dominum
554 4202 798 4246 nostrum
834 4194 1017 4248 Jesum
1050 4193 1349 4256 Christum,
1380 4194 1473 4262 qui
1521 4208 1587 4247 ex
1634 4194 1797 4247 Patre

228 4294 389 4337 natus
412 4295 495 4338 est
534 4294 661 4338 ante
700 4286 882 4338 omnia
944 4286 1161 4345 saecula,
1219 4287 1405 4339 lumen
1452 4287 1516 4339 de
1566 4285 1794 4347 lumine,

230 4374 401 4427 Deum
433 4389 620 4427 verum
662 4386 731 4427 ue
780 4375 891 4426 Deo
937 4388 1089 4437 vero,
1122 4375 1398 4442 genitum,
1434 4389 1542 4428 non
1572 4374 1795 4434 factum,

228 4465 750 4519 consubstantialem
786 4464 955 4527 Patri,
986 4480 1084 4533 per
1107 4480 1269 4533 quem
1289 4464 1469 4518 omnia
1488 4464 1628 4518 facta
1648 4472 1793 4519 sunt.

1869 620 2154 687 cmpisset.
2186 637 2307 675 cum
2342 621 2502 675 Pater
2529 631 2687 675 antea
2723 638 2831 677 non
2854 633 3019 686 esset,
3039 633 3202 691 atque
3232 640 3297 679 ex
3331 640 3436 678 non

1869 708 2035 765 Patre
2064 710 2117 764 in
2161 711 2374 765 Patrem
2408 721 2650 767 mutatus
2699 713 2910 776 fuisset,
2957 730 3061 783 qua
3103 714 3440 784 blasphemia

1869 799 2023 868 quid,
2084 816 2288 870 quasso,
2343 802 2513 868 magis
2587 802 2815 871 impium
2872 803 3171 874 excogitari
3224 804 3443 874 potest?

1870 889 2015 945 Fieri
2048 893 2196 946 enim
2224 907 2332 946 non
2365 901 2563 961 potest,
2592 904 2651 947 ut
2681 894 2826 947 Deus
2854 895 3089 948 naturali
3146 893 3440 963 generandi

1869 980 1920 1034 vi
1956 982 2200 1050 privatus
2229 983 2468 1046 dicatur,
2496 984 2789 1052 generandi
2817 994 2998 1039 autem
3031 984 3114 1038 vis
3138 986 3190 1037 in
3220 1000 3286 1039 eo
3306 996 3441 1039 eon-

1875 1074 2039 1137 sistit,
2070 1082 2127 1127 ut
2160 1090 2223 1128 ex
2274 1075 2473 1145 seipso,
2508 1075 2623 1129 sive
2674 1077 2893 1145 propria
2953 1092 3019 1131 ex
3054 1076 3296 1131 essentia
3329 1076 3438 1130 sibi

1872 1177 2065 1222 natura
2113 1168 2343 1222 similem
2374 1178 2650 1239 procreet.
2683 1169 2763 1221 Ex
2793 1184 2899 1235 quo
2934 1168 3013 1230 fit,
3047 1179 3103 1222 ut
3144 1170 3190 1223 si
3240 1168 3364 1238 quis
3391 1167 3444 1222 in

1872 1257 1995 1313 Filii
2047 1260 2397 1323 generatione
2446 1266 2663 1329 tempus
2725 1258 3123 1323 intercessisse,
3176 1270 3269 1314 aut
3324 1267 3447 1328 post

1875 1349 2115 1413 Patrem,
2152 1350 2501 1405 subsecutam
2543 1351 2711 1405 fuisse
2745 1351 2863 1404 Filii
2903 1351 3313 1404 subsistentiam
3358 1350 3447 1404 dio

1875 1453 1983 1507 cat,
2032 1442 2234 1511 impius
2298 1443 2584 1497 habendus
2629 1443 2829 1496 merito
2862 1443 2949 1495 sit.
2982 1443 3059 1500 Ex
3112 1443 3230 1510 ipso
3278 1441 3447 1508 enim,

1875 1535 1979 1588 hoc
2004 1542 2091 1587 est
2121 1549 2187 1587 ex
2224 1534 2401 1588 Patris
2432 1543 2623 1588 natura
2659 1534 3069 1603 generationem
3116 1534 3235 1587 Filii
3281 1533 3450 1587 fuisse

1873 1628 2133 1680 dicimus.
2181 1627 2249 1679 Et
2299 1625 2406 1681 nisi
2441 1626 2638 1680 Filium
2670 1626 2736 1678 ab
2772 1626 2927 1680 initio
2966 1641 3070 1679 una
3129 1642 3251 1680 cum
3291 1625 3450 1679 Patre

1875 1718 2069 1781 fuisse,
2134 1726 2193 1772 ut
2255 1734 2320 1772 ex
2374 1719 2489 1787 ipso
2522 1719 2788 1786 genitum,
2819 1718 3205 1780 concedamus,
3262 1708 3451 1786 utique

1876 1808 2128 1863 Paterna:
2150 1822 2397 1877 personae
2428 1808 2786 1862 mutationem
2845 1808 3245 1862 introducimus
3280 1826 3293 1861 :
3323 1807 3451 1877 quia

1876 1901 2133 1955 nimirum
2180 1916 2304 1955 cum
2359 1901 2520 1955 Pater
2564 1911 2725 1954 antea
2775 1916 2888 1953 non
2924 1910 3087 1962 esset,
3140 1901 3300 1954 Pater
3332 1914 3451 1953 esse.

1881 1995 2098 2049 tandem
2157 1992 2403 2062 coeperit.
2470 1992 2713 2047 Tametsi
2767 1991 2915 2044 enim
2965 1997 3218 2044 creatura
3260 2001 3451 2060 postea

1878 2085 2022 2139 facta
2055 2084 2179 2149 fuit,
2215 2099 2323 2139 non
2377 2093 2559 2138 tamen
2603 2098 2669 2137 ex
2722 2082 2817 2136 Dei
2853 2083 3112 2145 essentia,
3150 2082 3243 2136 sed
3269 2098 3338 2136 ex
3387 2096 3452 2135 eo

1878 2182 2023 2249 quod
2056 2194 2165 2233 non
2204 2187 2324 2232 erat
2352 2178 2403 2232 in
2439 2177 2491 2231 id
2520 2174 2666 2246 quod
2704 2185 2789 2230 est
2817 2176 3097 2230 voluntate
3129 2182 3184 2229 et
3211 2173 3452 2241 potentia

1878 2270 1998 2340 ejus
2026 2269 2292 2339 producta
2318 2268 2440 2322 fuit.

1948 2364 2060 2417 Nec
2110 2378 2242 2417 vero
2293 2362 2588 2417 mutationi
2627 2370 2817 2417 natura
2852 2360 3043 2414 divina
3076 2358 3312 2413 obnoxia
3344 2366 3448 2411 est.

1880 2455 2173 2510 Generatio
2205 2458 2350 2509 enim
2380 2467 2487 2518 est,
2519 2469 2644 2507 cum
2698 2453 2748 2506 id
2790 2452 2935 2521 quod
2968 2451 3209 2520 gignitur
3261 2464 3449 2504 essen—

1885 2550 1959 2602 tia
1992 2547 2171 2602 simile
2200 2562 2264 2600 ex
2310 2546 2626 2615 generantis
2671 2544 2908 2598 essentia
2959 2542 3162 2612 prodit.
3190 2539 3454 2595 Creatura

1884 2651 2019 2691 vero
2066 2646 2120 2689 et
2168 2634 2506 2706 figmentum,
2548 2635 2597 2687 id
2631 2633 2775 2702 quod
2809 2633 3171 2693 extrinsecus,
3207 2644 3313 2684 non
3358 2645 3455 2683 au-

1888 2737 1993 2782 tem
2029 2742 2093 2780 ex
2127 2725 2362 2780 creantis
2418 2725 2737 2793 fingentisve
2795 2723 3099 2779 substantia
3136 2736 3222 2775 res
3270 2732 3453 2775 creata

1886 2828 2079 2876 tictarc
2106 2821 2463 2890 depromitur,
2505 2835 2627 2889 quae
2660 2821 2880 2887 quidem
2932 2818 3235 2872 substantia
3281 2831 3440 2885 pror-

1886 2930 1979 2970 sus
2005 2914 2274 2968 absimilis
2296 2914 2544 2966 exsistat.
2578 2912 2845 2978 Quocirca
2896 2910 3183 2980 generatio
3216 2918 3270 2963 et
3300 2923 3454 2963 crea-

1892 3006 1969 3061 tio
2000 3006 2320 3073 impatibilis
2355 3014 2439 3059 est
2474 3003 2527 3057 in
2572 3019 2681 3057 uno
2716 3004 2981 3056 duntaxat
3007 3002 3133 3062 Deo,
3176 2999 3268 3069 qui
3302 2997 3453 3053 solus

1892 3098 2229 3167 impatibilis,
2272 3095 2629 3150 inalterabilis
2688 3104 2745 3148 et
2788 3093 3149 3148 immutabilis
3180 3099 3283 3154 est,
3311 3104 3451 3145 scm-

1815 3225 1857 3283 C
1890 3205 2091 3259 perque
2122 3190 2311 3243 eodem
2344 3204 2400 3242 se
2429 3188 2590 3240 modo
2648 3186 2829 3241 habet.
2882 3186 3015 3240 Cum
3077 3183 3222 3237 enim
3257 3188 3451 3234 natura

1890 3282 2235 3351 impatibilis,
2269 3281 2647 3341 inexhaustus,
2677 3279 2909 3348 simplex
2946 3285 3001 3331 et
3055 3273 3451 3343 incompositus

1890 3378 2135 3437 exsistat,
2160 3377 2224 3429 ad
2261 3377 2568 3444 passionem
2598 3374 2763 3427 ullam
2812 3375 3122 3438 fluxumque
3146 3368 3449 3427 ferendum,

1892 3485 2074 3539 neque
2110 3476 2443 3538 generando,
2502 3480 2681 3533 neque
2739 3462 2995 3523 creando,
3034 3460 3452 3528 haudquaquam

1891 3559 2125 3612 idoneus
2149 3566 2252 3622 est,
2278 3572 2377 3609 nec
2405 3557 2516 3609 ullo
2541 3554 2814 3624 adjutorio
2857 3560 3000 3621 eget.
3037 3551 3140 3606 Sed
3176 3548 3451 3620 generatio

1892 3651 2111 3718 quidem
2144 3650 2417 3719 principio
2472 3662 2667 3702 carens
2724 3656 2779 3700 et
2821 3656 3023 3699 mterna
3065 3654 3168 3704 est,
3207 3657 3328 3695 cum
3386 3640 3457 3693 sit

1893 3755 2035 3809 opus
2070 3748 2303 3801 naturas,
2336 3748 2501 3806 atque
2543 3751 2607 3790 ex
2649 3738 2766 3805 ejus
2794 3735 3029 3789 essentia
3059 3732 3357 3802 procedat:
3390 3746 3457 3783 ne

1894 3831 2181 3885 mutationi
2206 3830 2419 3898 genitor
2451 3829 2521 3882 sit
2553 3826 2821 3881 obnoxius
2850 3845 2861 3879 :
2898 3841 3031 3878 neve
3080 3824 3223 3877 Deus
3251 3822 3459 3891 primus

1894 3925 1966 3978 sit
2022 3937 2077 3978 et
2124 3931 2453 3993 postremus,
2519 3932 2679 3988 atque
2757 3922 3156 3971 incrementum
3208 3914 3456 3983 recipiat.

1895 4016 2111 4071 Creatio
2142 4028 2272 4068 vero
2305 4028 2428 4067 cum
2462 4013 2659 4067 divinae
2686 4011 2986 4065 voluntatis
3035 4022 3175 4077 opus
3230 4006 3322 4071 sit,
3350 4005 3461 4058 Dco

1896 4117 2165 4160 coaeterna
2204 4120 2313 4158 non
2340 4112 2445 4165 est,
2475 4102 2919 4173 quandoquidem
2957 4109 3153 4153 natura
3178 4099 3281 4153 hoc
3312 4112 3460 4152 coru-

1901 4206 2150 4268 paratum
2185 4212 2295 4250 non
2346 4203 2447 4256 est,
2485 4204 2543 4248 ut
2588 4193 2639 4247 id
2684 4192 2828 4261 quod
2864 4208 2928 4246 ex
2962 4190 3134 4244 nihilo
3171 4190 3227 4243 in
3277 4203 3459 4243 rerum

1900 4297 2149 4342 naturam
2185 4286 2532 4356 producitur,
2568 4283 2616 4338 ei
2641 4292 2973 4337 coaeternum
3003 4282 3095 4344 sit,
3127 4278 3272 4348 quod
3309 4280 3463 4348 prin-

1898 4381 2041 4449 cipio
2068 4388 2238 4441 caret,
2274 4390 2598 4445 semperque
2631 4383 2737 4429 est.
2776 4374 2961 4443 Itaque
3001 4371 3460 4440 quemadmodum

1900 4487 2008 4524 non
2040 4470 2233 4524 eodem
2290 4469 2452 4522 modo
2477 4469 2623 4522 Deus
2672 4475 2727 4521 et
2756 4468 2920 4521 homo
2976 4473 3236 4533 operatur
3278 4464 3463 4534 (homo

228 4554 367 4611 Cum
421 4557 657 4610 dicimus
704 4556 844 4609 Ante
885 4556 1070 4609 omnia
1117 4557 1332 4619 saecula,
1382 4555 1793 4625 generationem
1828 4571 1871 4624 ι)
1900 4561 2043 4615 enim
2082 4576 2149 4614 ex
2184 4560 2358 4612 nihilo
2388 4559 2522 4612 nihil
2562 4556 2860 4626 quidquam
2894 4555 2949 4610 in
2994 4571 3175 4611 rerum
3208 4564 3461 4609 naturam

227 4647 353 4717 ejus
384 4649 646 4716 temporis
694 4658 749 4701 et
782 4648 1039 4717 principii
1084 4661 1364 4718 expertem
1425 4664 1546 4703 esse
1592 4648 1801 4701 indica-

231 4754 375 4793 mus.
414 4740 523 4793 Nec
549 4741 695 4793 enim
744 4756 808 4793 ex
839 4754 904 4793 eo
935 4741 1079 4808 quod
1113 4757 1220 4793 non
1249 4750 1368 4795 erat
1418 4740 1472 4794 in
1505 4742 1798 4796 essentiam

232 4832 537 4893 productus
582 4841 667 4883 est
703 4831 873 4884 Filius
907 4830 1023 4893 Dei,
1074 4831 1331 4899 splendor
1369 4832 1575 4900 gloriae,
1626 4833 1800 4900 imago

232 4932 474 4989 paternae
524 4937 790 4990 personae,
849 4923 1040 4976 vivens
1106 4922 1373 4989 sapientia
1421 4933 1477 4976 et
1530 4924 1797 4991 potentia,

232 5009 475 5063 Verbum
510 5026 607 5079 per
636 5027 692 5065 se
743 5012 1072 5075 subsistens,
1107 5013 1434 5075 cssentialis,
1469 5013 1709 5081 perfecta
1739 5023 1795 5068 et

228 5101 355 5155 viva
388 5100 563 5169 imago
597 5102 689 5154 Dei
728 5102 1036 5167 invisibilis,
1060 5104 1150 5154 sed
1174 5119 1388 5172 semper
1415 5105 1517 5157 fuit
1551 5120 1673 5157 cum
1701 5106 1797 5159 Pa-

232 5198 340 5249 tre,
369 5200 420 5243 et
451 5192 503 5243 in
534 5192 668 5259 ipso,
697 5193 763 5245 ab
787 5202 1011 5256 aeterno,
1045 5203 1099 5249 et
1132 5194 1248 5248 sine
1286 5196 1554 5265 principio
1580 5213 1645 5250 ex
1678 5198 1797 5265 ipso

231 5284 471 5351 genitus.
506 5283 617 5338 Nec
648 5287 793 5337 enim
820 5286 932 5337 ullo
958 5302 1194 5351 unquam
1220 5298 1464 5356 tempore
1498 5295 1657 5343 Pater
1678 5289 1803 5357 fuit,

232 5390 344 5443 quo
378 5375 549 5428 Filius
580 5392 684 5429 non
718 5376 901 5436 fuerit.
933 5378 1023 5431 sed
1054 5392 1177 5429 cum
1222 5380 1460 5447 primum
1487 5381 1587 5434 fuit
1620 5382 1800 5447 Pater,

233 5466 339 5520 fuit
367 5475 422 5519 et
458 5466 626 5519 Filius
645 5482 711 5519 ex
739 5482 803 5519 eo
830 5468 1065 5531 genitus.
1101 5469 1210 5522 Nec
1256 5470 1401 5523 enim
1431 5470 1544 5523 fieri
1599 5482 1799 5539 potest,

235 5568 295 5610 ut
320 5558 524 5626 absque
566 5558 701 5611 Filio
735 5561 895 5613 Pater
930 5571 1177 5614 vocetur.
1211 5562 1366 5627 Quod
1397 5564 1441 5617 si
1473 5562 1668 5617 Filium
1693 5581 1800 5618 non

235 5649 543 5715 habuisset,
596 5650 755 5704 Pater
840 5651 1262 5723 haudquaquam
1350 5653 1562 5719 fuisset,
1627 5664 1680 5708 et
1755 5658 1801 5711 si

306 5837 326 5867 ⁸
366 5833 555 5888 Matth.
590 5849 781 5898 xxvtzt,
813 5834 891 5887 l9.

1898 4652 2129 4722 profert,
2170 4652 2264 4705 sed
2323 4650 2589 4720 quidquid
2633 4649 2786 4715 facit,
2824 4648 2875 4703 id
2909 4664 2976 4703 ex
3009 4648 3255 4716 subjecta
3294 4654 3465 4700 mate-

1900 4746 1979 4799 ria
2022 4744 2173 4807 facit,
2210 4744 2551 4812 prmcedeute
2598 4757 2706 4795 non
2757 4741 3036 4795 voluntate
3091 4748 3321 4800 tantum,
3369 4739 3465 4793 sed

1898 4835 2062 4890 etiam
2100 4832 2564 4903 praecogitationc,
2603 4842 2658 4886 ct
2712 4833 2830 4902 ejus
2882 4832 2958 4886 rei
2991 4831 3045 4884 in
3078 4831 3262 4884 animo
3295 4828 3467 4883 infor-

1901 4929 2161 4989 matione,
2187 4941 2351 4995 quam
2398 4925 2579 4979 facere
2612 4925 2869 4987 instituit,
2901 4931 3165 4992 sequente
3196 4936 3325 4975 vero
3352 4936 3464 4973 ma-

1904 5036 2070 5074 nuum
2098 5019 2442 5088 operatione,
2478 5033 2586 5072 una
2618 5033 2739 5071 cum
2770 5017 2970 5071 laboris
3024 5026 3077 5070 et
3130 5015 3270 5069 taedii
3332 5014 3465 5067 tole-

1903 5114 2079 5166 rantia
2120 5129 2132 5164 :
2171 5114 2245 5165 ita
2280 5120 2483 5175 tamen,
2515 5121 2573 5165 ut
2603 5111 3012 5177 exspectatione
3057 5124 3154 5162 sua
3199 5122 3342 5175 saepe
3367 5106 3466 5159 de-

1904 5204 2210 5265 fraudetur,
2247 5218 2347 5257 nec
2388 5216 2471 5255 res
2498 5202 2567 5255 ita
2603 5200 2883 5260 succedat,
2909 5211 3072 5268 prout
3126 5198 3308 5250 animo
3340 5210 3467 5265 pro-

1901 5302 2161 5363 posuerat
2191 5312 2202 5346 :
2254 5295 2398 5349 Deus
2428 5301 2610 5346 autem
2639 5293 2722 5344 vel
2756 5291 2866 5345 sola
2895 5291 3176 5343 voluntate
3203 5304 3268 5341 ex
3293 5285 3464 5339 nihilo

1900 5395 2096 5438 cuncta
2130 5386 2182 5437 in
2215 5399 2395 5437 rerum
2421 5393 2672 5436 naturam
2709 5380 3011 5451 produxit),
3041 5383 3111 5434 ita
3135 5395 3239 5435 nec
3269 5377 3463 5433 eodem

1902 5476 2064 5530 modo
2096 5476 2239 5531 Deus
2265 5484 2319 5529 et
2352 5475 2515 5528 homo
2537 5482 2780 5545 generat.
2820 5474 2963 5528 Deus
2988 5472 3156 5535 enim,
3195 5487 3318 5526 cum
3345 5469 3464 5522 sine

1902 5577 2148 5638 tempore
2176 5577 2232 5620 et
2254 5566 2371 5621 sine
2398 5567 2663 5635 principio
2710 5567 2799 5628 sit,
2831 5565 2894 5618 ad
2956 5565 3071 5618 haec
3120 5560 3462 5632 impatibilis,

1904 5660 2283 5722 inexhaustus,
2346 5658 2704 5731 incorporeus
2776 5667 2831 5712 et
2883 5657 3051 5715 solus,
3101 5654 3207 5710 fine
3257 5660 3461 5716 careat,
