4274 6382
866 389 991 451 Il'll

2114 404 2162 460 Ν
2177 405 2407 464 ῑΩΕΤίΕ
2448 406 2675 468 CHONl
2690 411 2851 470 A'I‘AS

3958 410 4108 475 H72

856 504 1062 558 idcirco
1092 504 1207 557 sine
1238 514 1504 572 tempore.
1536 512 1591 559 et
1627 507 1743 559 sine
1771 508 2063 577 principio,
2098 513 2283 567 adiuro
2310 515 2427 570 sine
2459 536 2501 591 Α
2534 529 2711 574 tamen
2763 521 2813 574 id
2844 522 3214 591 generatione,
3265 521 3357 575 sed
3414 522 3755 591 processione
3806 522 3881 575 l'tt.
3941 522 4110 576 Alius

852 600 1107 664 passione
1137 606 1187 649 cl
1224 598 1364 647 ﬂuxu
1407 611 1656 664 generat,
1691 610 1854 668 atquc
1889 602 2024 654 adeo
2073 604 2205 656 citra
2247 619 2419 672 capu—

851 687 982 742 lam.
1033 687 1409 756 principioque
1439 688 1676 759 denique
1710 702 1763 744 et
1810 692 1914 745 ﬁne
1966 705 2111 748 caret
2160 696 2277 764 ejus
2333 698 2417 750 itt-

852 779 1245 843 comprebcnsa
1281 780 1581 843 generatio.
1622 782 1687 835 Et
1716 784 1988 852 principio
2055 787 2276 855 quidem
2329 804 2418 841 ca-

852 883 951 929 ret,
980 872 1069 938 qui
1107 872 1600 935 imtttutnbiliscst;
1650 877 1793 928 lluxu
1840 888 2019 931 autem
2050 881 2175 947 quia
2204 881 2419 951 impati-

849 959 971 1014 bilts
1002 971 1052 1012 et
1088 961 1408 1029 incorporea
1444 981 1455 1015 :
1494 966 1629 1016 citra
1655 969 1905 1033 copulam
1943 986 2092 1031 vero,
2115 971 2241 1039 quia
2276 972 2417 1028 Deus

850 1068 1208 1117 incorporeus
1252 1056 1341 1113 sit,
1369 1058 1595 1112 etsiilus
1638 1060 1864 1113 alterius
1914 1075 2017 1128 Ope
2066 1080 2172 1117 non
2216 1076 2413 1134 egeat:

847 1160 966 1195 sine
1000 1145 1103 1195 line
1162 1156 1345 1196 autem
1397 1156 1453 1199 ct
1508 1149 1901 1213 indesinenter,
1947 1155 2074 1220 quia
2122 1155 2412 1224 principio,

848 1243 1093 1301 tempore
1149 1236 1362 1304 ﬁneque
1413 1250 1615 1298 careat,
1654 1244 1781 1307 quia
1811 1243 2047 1312 denique
2079 1261 2294 1316 semper
2323 1263 2417 1301 eo-

845 1326 969 1377 dem
1028 1342 1086 1377 se
1146 1330 1306 1379 modo
1358 1330 1576 1383 habeat.
1615 1331 1889 1400 Quidquid
1943 1337 2087 1389 enim
2147 1338 2416 1406 principio

844 1425 1011 1477 caret,
1045 1416 1185 1468 idem
1223 1421 1325 1471 tine
1351 1436 1567 1486 quoque
1585 1433 1756 1482 caret,
1788 1435 1951 1487 atque
1968 1440 2025 1478 se
2043 1426 2204 1479 modo
2221 1428 2413 1481 eodem

844 1522 1061 1570 semper
1093 1510 1275 1561 habet.
1311 1511 1410 1574 Qui
1450 1527 1579 1564 vero
1602 1527 1696 1578 per
1725 1515 1951 1582 gratiam
1980 1515 2083 1569 line
2106 1526 2273 1579 caret,
2303 1533 2412 1571 non

840 1595 1025 1649 statim
1064 1598 1181 1651 sine
1240 1599 1512 1666 principio
1560 1610 1686 1654 est:
1722 1604 2183 1670 quemadmodum
2214 1606 2411 1675 angeli.

840 1686 1075 1741 (lenierat
1109 1689 1273 1755 igitur
1310 1692 1401 1758 qui
1439 1708 1658 1760 semper
1688 1704 1771 1747 est
1796 1696 1939 1750 Deus
1967 1697 2209 1751 Verbum
2250 1714 2411 1753 suum

842 1779 1015 1843 ipsius
1047 1782 1366 1846 perfectum.
1408 1782 1573 1852 idque
1634 1786 1749 1839 sine
1781 1788 2048 1855 principio
2077 1798 2131 1842 ct
2155 1787 2281 1850 ﬁne,
2344 1805 2413 1843 ne

2527 612 2616 665 hic
2647 622 2730 666 est
2752 613 3119 675 subsistentia:
3151 615 3375 674 modus.
3410 616 3899 681 incnmprehensus
3926 625 3984 665 et
4017 615 4075 665 in
4098 642 4113 654 -

2530 708 2780 774 cognitus
2817 710 3277 771 quemadmodum
3327 717 3380 764 et
3433 709 3555 763 Filii
3615 710 3915 771 generatio.
3951 707 4112 774 Quo-

2529 801 2673 853 circa
2708 816 3046 871 quaecunque
3082 802 3240 856 Pater
3284 802 3470 863 habet,
3504 816 3566 855 ea
3611 801 3775 855 liabet
3810 811 3867 854 et
3901 801 4110 862 Filius,

2532 901 2728 961 praeter
2758 910 2920 963 quam
2955 896 3098 964 quod
3131 896 3407 963 ingenitus
3440 911 3549 948 non
3581 903 3684 956 est,
3721 910 3825 963 qua
3864 893 4106 962 quidem

2528 1000 2586 1038 re
2618 1000 2797 1053 neque
2828 988 3079 1040 essentia:
3124 986 3452 1049 ditl‘erentia,
3493 1000 3667 1055 neque
3704 986 3967 1052 dignitas,
4006 985 4107 1037 sed

2525 1076 2857 1130 exsistcntia'
2931 1078 3123 1131 modus
3195 1078 3569 1145 signiﬁcatur.
3633 1075 4108 1145 quemadmodum

2525 1164 2768 1219 Adamus
2801 1182 3021 1235 quoque
3057 1167 3335 1233 ingenitus
3385 1178 3487 1230 est,
3533 1182 3655 1220 cum
3710 1165 3803 1218 Dei
3837 1175 4106 1217 creatura

2524 1255 2596 1308 sit
2636 1273 2648 1308 :
2684 1256 2884 1311 Setltus
2914 1269 3095 1313 autem
3123 1260 3363 1327 genitus.
3404 1260 3531 1326 quia
3562 1257 3749 1309 Adami
3796 1255 3997 1309 Filius.
4035 1258 4106 1307 At

2526 1346 2636 1400 Eva
2684 1364 2749 1400 ex
2781 1349 2973 1402 Adami
3025 1351 3193 1404 latere
3246 1364 3551 1419 progressa,
3595 1363 3693 1401 nec
3728 1347 3873 1399 enim
3909 1346 4106 1411 genita

2523 1449 2628 1493 est.
2668 1440 2732 1493 Ili
2765 1456 2956 1494 omnes
2990 1441 3411 1509 haudquaquam
3444 1448 3636 1492 natura
3678 1439 3821 1489 inter
3851 1451 3911 1488 se
3942 1436 4109 1488 diﬂ‘e-

2524 1540 2671 1593 runt,
2706 1546 2831 1585 cum
2884 1532 2996 1585 sint
3043 1532 3313 1593 homines,
3366 1530 3459 1583 sed
3515 1528 3845 1582 exsistentim
3905 1526 4103 1578 modo.

2524 1618 2840 1690 [Sciendum
2892 1622 3039 1674 enim
3088 1631 3190 1682 est,
3233 1621 3376 1689 quod
3402 1620 3685 1687 ἀγένητον,
3730 1618 3774 1671 si
3818 1633 3922 1687 per
3977 1616 4107 1667 tini-

2522 1730 2689 1768 cumv
2716 1714 3006 1773 scribatur,
3037 1713 3086 1767 id
3113 1713 3562 1782 signiticat,'quod
3586 1726 3682 1764 nec
3700 1720 3974 1765 creatum.
3998 1724 4108 1761 nec

2520 1804 2723 1859 factum
2763 1814 2869 1870 est;
2901 1804 3193 1873 ἀγέννητον
3220 1818 3373 1868 vero,
3405 1819 3501 1871 per
3534 1802 3735 1870 duplex
3765 1819 3819 1862 ν,
3855 1800 3909 1851 id
3932 1800 4107 1867 signi-

844 1869 897 1923 in
930 1880 1176 1940 tempore
1215 1874 1387 1941 pariat
1414 1876 1574 1937 υνυς,
1627 1878 1782 1945 cujus
1825 1887 2018 1931 natura
2073 1888 2127 1932 et
2174 1882 2416 1934 essentia
2448 1892 2487 1945 Β
2520 1899 2667 1961 ﬂeat,
2704 1899 2849 1968 quod
2891 1869 3132 1968 minim,“
3158 1913 3263 1951 ηοη
3294 1869 3542 1952 εςιξιαηι
3568 1896 3750 1965 priore
3782 1892 4103 1961 signiﬁcato

843 1971 1059 2030 tempus
1134 1979 1293 2018 omne
1368 1975 1610 2033 superat.
1676 1966 1849 2020 Homo
1907 1978 2087 2023 autem
2139 1972 2421 2025 contrario

845 2050 991 2103 haud
1018 2052 1184 2105 dubie
1213 2054 1375 2107 modo
1417 2064 1665 2123 generat,
1727 2066 1785 2109 ut
1840 2058 1933 2124 qui
1992 2061 2333 2127 generationi
2365 2073 2422 2117 et

845 2145 1216 2210 cnrruptioni.
1259 2146 1425 2199 liuxui
1457 2158 1510 2199 et
1548 2148 1988 2216 multiplicationi
2019 2152 2089 2204 sit
2119 2152 2417 2220 obnoxius,

842 2242 1005 2299 atque
1035 2250 1259 2302 corpore
1291 2236 1539 2299 vestitus,
1572 2238 1729 2306 cuius
1763 2248 1975 2294 natura
2023 2241 2227 2310 duplici
2258 2259 2415 2307 sexu.

845 2329 1171 2388 masculino,
1206 2327 1447 2395 inquam,
1485 2337 1538 2380 et
1570 2330 1836 2383 feminino
1878 2332 2135 2387 distincta
2164 2344 2271 2389 est.
2311 2337 2419 2390 Ma-

844 2420 1112 2471 sculinutr
1144 2421 1287 2473 enim
1322 2421 1566 2474 feminini
1589 2422 1863 2490 adjutorio
1885 2432 2006 2491 eget
2037 2441 2051 2477 :
2079 2426 2417 2498 Parcatmilti

842 2509 1125 2573 Dominus,
1150 2515 1239 2579 qui
1277 2514 1440 2567 rebus
1465 2514 1723 2567 omnibus
1758 2524 1956 2583 praeest
1982 2532 2309 2587 omnemque
2338 2520 2421 2572 in-

842 2600 1111 2654 tellectum
1133 2612 1186 2655 et
1215 2617 1431 2655 omnem
1454 2602 2073 2672 incntisconceptionettt
2107 2616 2414 2678 exsuperat.

1398 2714 1550 2768 CAP.
1593 2715 1828 2771 XXXIV.

836 2800 1730 2877 Prq‘ccdenlitmt(increpita/(costa,
1763 2809 2068 2875 Λγεννήτου
2090 2820 2136 2861 et
2154 2810 2416 2877 ἀγενήτου

913 2875 1231 2941 differentia.
1283 2875 1654 2940 Paternitatia,
1713 2877 2029 2943 ﬁtiatianis,
2076 2875 2417 2949 processibuis

906 2949 1072 3011 origo,
1106 2955 1212 3001 ctc.

908 3058 1079 3111 Docet
1109 3059 1290 3127 itaque
1314 3070 1524 3123 sancta,
1559 3060 1862 3122 catholica,
1896 3071 1951 3114 ct
1978 3062 2278 3131 apostolica
2307 3062 2416 3116 Ec-

837 3150 1002 3203 clesia
1033 3149 1249 3202 Patrem
1293 3161 1347 3203 et
1390 3151 1727 3220 unigenitum
1772 3154 1892 3221 ejus
1930 3152 2149 3216 Filium,
2186 3152 2254 3206 ab
2296 3154 2418 3221 ipso

842 3242 966 3293 sine
1003 3251 1273 3307 tempore,
1309 3241 1479 3305 ﬂuxu,
1508 3244 1760 3309 passione
1801 3261 1813 3296 :
1844 3253 2008 3312 atque
2042 3245 2112 3296 ita
2144 3244 2411 3311 genitum,

838 3346 953 3385 uta
988 3336 1135 3385 nullo
1186 3335 1575 3401 comprehendi
1632 3348 1840 3404 queat:
1901 3337 1994 3395 ita.
2053 3336 2299 3404 inquam,
2353 3348 2412 3392 ut

838 3427 990 3479 solus
1024 3428 1167 3479 Dens
1201 3429 1579 3481 universorum
1608 3439 1957 3497 perspectum
1999 3429 2185 3490 habet,
2218 3445 2410 3498 quem-

839 3518 1133 3570 admodum
1173 3518 1329 3585 ignis,
1389 3527 1443 3571 et
1488 3534 1555 3571 ex
1605 3535 1670 3571 co
1702 3519 2004 3587 proci-dens
2037 3521 2217 3573 lumen
2250 3521 2411 3574 simul

840 3620 896 3662 et
933 3626 1037 3663 una
1070 3620 1219 3671 sunt,
1258 3626 1359 3664 nec
1401 3611 1666 3679 praicedit
1704 3612 1866 3679 ignis.
1903 3613 2268 3681 sequiturque
2326 3614 2412 3666 lu-

838 3714 987 3757 men.
1021 3698 1116 3751 sed
1170 3698 1330 3751 simul
1368 3709 1423 3752 et
1470 3715 1577 3752 una
1626 3709 1788 3765 sunt;
1839 3711 1895 3754 et
1950 3702 2410 3769 quemadmodum

840 3792 1024 3845 lumen
1062 3808 1127 3845 ex
1175 3792 1296 3861 igne
1331 3808 1549 3861 semper
1599 3793 1861 3862 gignitur,
1908 3802 1964 3847 et
2010 3809 2227 3862 semper
2261 3795 2314 3847 in
2346 3810 2413 3847 eo

839 3894 1072 3943 est,ncc
1131 3884 1241 3936 ullo
1287 3884 1450 3936 modo
1510 3884 1577 3937 ab
1629 3884 1722 3938 illo
1772 3896 2082 3952 separatur,
2119 3887 2193 3939 ita
2245 3886 2411 3939 Filius

840 3960 1005 4029 etiam
1038 3993 1101 4029 ex
1143 3979 1303 4031 Patre
1351 3987 1666 4046 generatur,
1725 3988 1782 4032 ut
1822 3979 1890 4032 ab
1941 3979 2058 4047 ipso
2101 3981 2414 4035 nullatenus

843 4078 1153 4137 separetur,
1210 4068 1305 4122 sed
1358 4069 1412 4122 itt
1457 4084 1525 4122 eo
1566 4084 1785 4138 semper
1814 4080 1918 4123 est.
1950 4072 2019 4123 At
2052 4087 2183 4124 vero
2227 4071 2411 4124 lumen

850 4159 1052 4225 ipsum,
1085 4156 1229 4224 quod
1282 4173 1347 4210 ex
1397 4159 1518 4227 igne
1570 4159 2012 4227 inseparabiliter
2041 4160 2308 4222 nascitur,
2359 4170 2413 4214 ct

842 4264 1058 4317 semper
1098 4249 1148 4299 in
1174 4263 1237 4301 co
1264 4258 1446 4301 ntanet
1491 4249 1764 4317 prOpriam
1818 4250 2160 4319 bypostasin,
2215 4262 2309 4305 aut
2343 4251 2411 4305 ab

840 4342 962 4409 igne
1026 4341 1326 4409 seiunctam
1394 4356 1501 4393 non
1563 4341 1760 4403 habet,
1817 4357 1939 4394 cunt
2011 4343 2082 4395 sit
2146 4343 2413 4396 naturalis

841 4433 1078 4499 qualitas
1126 4433 1298 4499 ipsius
1353 4433 1512 4501 ignis.
1567 4434 1891 4501 Unigenitus
1944 4443 2127 4489 autem
2166 4434 2260 4488 Dei
2326 4435 2413 4489 Fi-

2521 1991 2764 2045 essentia
2795 1988 2975 2043 diﬂ‘ert
3009 1989 3078 2042 ab
3111 1988 3371 2042 essentia.
3399 1987 3517 2041 Alia
3559 1987 3702 2040 enim
3734 1983 3982 2038 essentia
4014 1993 4103 2035 est

2520 2078 2787 2143 increata,
2831 2094 2926 2132 seu
2954 2079 3214 2147 ἀγένητος
3238 2092 3334 2147 per
3365 2077 3583 2130 unicum
3612 2094 3659 2135 ν,
3687 2075 3905 2141 aliaque
3962 2073 4102 2125 item

2520 2170 2743 2240 γενητὴ,
2775 2185 2872 2224 seu
2906 2179 3107 2224 creata.
3134 2169 3444 2223 PoSteriore
3480 2182 3610 2221 vero
3652 2164 3961 2236 signiﬁcato
4012 2178 4105 2216 es-

2522 2264 2699 2318 sentia
2734 2262 2871 2315 nihil
2919 2262 3216 2331 quidquam
3250 2262 3318 2315 ab
3352 2258 3590 2314 essentia
3623 2255 3855 2327 didert.]
3900 2254 4103 2307 Omnis

2518 2352 2666 2407 enim
2686 2344 3042 2406 animantium
3063 2354 3263 2422 speciei
3287 2353 3458 2420 prima
3478 2350 3785 2421 hypostasis
3802 2348 4101 2414 ἀγένητος,

2521 2444 2627 2499 hoc
2676 2453 2761 2498 est
2810 2444 3070 2513 ingenita,
3118 2460 3225 2498 non
3277 2454 3463 2497 autent
3509 2444 3823 2509 ἀγέννητος,
3856 2440 3965 2492 hoc
4007 2448 4096 2491 est

2522 2535 2764 2590 increata
2822 2537 2946 2589 fuit.
2993 2536 3187 2591 Creata
3218 2538 3361 2590 enim
3412 2553 3440 2589 a
3487 2536 3770 2589 conditore
3814 2534 3928 2587 Deo
3958 2541 4096 2585 sunt

2524 2642 2609 2692 ea,
2648 2643 2994 2697 quacunque
3027 2629 3195 2683 verbo
3235 2644 3334 2682 suo
3372 2629 3459 2681 ille
3506 2629 3559 2681 in
3605 2641 3788 2679 rerum
3834 2634 4093 2678 naturam

2519 2719 2780 2789 produxit
2817 2722 3033 2789 :genita
3066 2735 3200 2774 vero
3226 2719 3647 2787 haudquaquam
3675 2717 3923 2776 fuerunt.
3960 2729 4091 2767 cum

2517 2811 2727 2866 nullum
2780 2811 3027 2880 ejusdem
3072 2810 3275 2879 Speciei
3332 2809 3533 2862 animal
3584 2819 3739 2862 antea
3781 2817 3951 2868 esset,
4019 2822 4087 2859 ex

2517 2918 2627 2970 quo
2656 2901 2799 2971 gigni
2833 2910 3072 2971 possent.
3103 2902 3218 2955 .lam
3263 2900 3307 2954 si
3355 2901 3588 2967 priorem
3623 2896 4093 2966 signiﬁcationem

2520 2995 2791 3061 sequaris,
2840 3002 2951 3045 tres
2986 2992 3089 3045 illa:
3121 2990 3319 3043 divina:
3345 2990 3665 3059 hypostases
3692 2988 3835 3041 inter
3868 3001 3929 3039 se
3954 3001 4093 3039 eon-

2518 3084 2766 3146 vettiunt,
2809 3097 2931 3150 qua:
2974 3080 3027 3133 in
3064 3090 3251 3133 sancta
3295 3078 3583 3131 divinitate
3642 3079 3988 3137 eluceseuut,
4020 3075 4068 3129 si

2526 3174 2747 3243 quidem
2786 3171 3281 3228 consubstantialss
3305 3179 3361 3223 et
3395 3170 3650 3222 incrcatae
3686 3177 3815 3220 sunt
3846 3182 3859 3217 :
3900 3177 4091 3236 poste-

2442 3238 2484 3293 δ
2520 3266 2727 3318 riorem
2772 3279 2903 3317 vero
2929 3260 3379 3331 signiﬁcationem
3418 3259 3460 3312 si
3498 3258 3766 3326 sequaris,
3798 3258 4091 3325 haudqua-

2516 3372 2681 3427 quam
2713 3356 3069 3410 eonveniunt.
3100 3354 3261 3407 Solus
3291 3353 3433 3407 enim
3468 3352 3629 3405 Pater
3665 3351 3951 3417 ingenitus
3980 3361 4089 3411 est,

2516 3465 2619 3503 nec
2655 3449 2826 3510 enim,
2858 3457 2916 3502 ut
2949 3449 3041 3510 sit,
3073 3447 3141 3500 ab
3178 3444 3282 3499 alia
3329 3444 3606 3514 ltypostasi
3664 3443 3831 3497 habet
3865 3458 3879 3494 :
3936 3442 4093 3495 solus

2515 3556 2733 3609 quoque
2782 3540 2951 3594 Filius
3004 3538 3239 3608 genitus,
3272 3537 3361 3604 qui
3406 3551 3469 3588 ex
3523 3534 3699 3588 Patris
3741 3533 3985 3604 essentia
4023 3531 4092 3585 ab

2516 3643 2723 3685 a‘terno
2752 3642 2807 3684 et
2853 3631 2972 3683 sine
3022 3639 3265 3697 tempore
3317 3628 3537 3697 genitus
3576 3644 3587 3678 :
3642 3625 3796 3678 solus
3839 3625 4091 3692 denique

2516 3724 2755 3792 Spiritus
2786 3731 3013 3777 sanctus
3060 3721 3310 3790 procedit
3347 3734 3411 3772 ex
3448 3720 3561 3788 ipsa
3597 3719 3773 3771 Patris
3818 3718 3897 3782 (et
3938 3717 4092 3786 Filii)

2515 3815 2773 3876 essentia,
2808 3827 2916 3865 non
2950 3812 3184 3881 genitus,
3209 3811 3303 3863 sed
3338 3809 3660 3879 procedens,
3694 3820 3753 3862 ut
3787 3824 3945 3862 sacra
3985 3824 4091 3861 nos

2515 3901 2797 3970 Scriptura
2822 3900 3001 3965 docet,
3032 3898 3281 3967 quamvis
3305 3899 3522 3951 interim
3558 3913 3660 3951 nec
3710 3898 4092 3965 generationis

2515 4007 2615 4045 nec.
2642 3990 3013 4061 processionis
3042 3990 3236 4042 modus
3266 3988 3654 4058 comprehendi
3692 3988 3889 4056 possit.

2586 4081 2700 4135 Hoc
2736 4096 2899 4151 porro
2938 4079 3225 4134 sciendum
3253 4088 3356 4139 est,
3382 4076 3751 4146 paternitatis,
3800 4076 4092 4129 tiliationis

2518 4184 2573 4226 et
2630 4170 2995 4241 proccssionis
3048 4183 3248 4222 nomen
3299 4168 3717 4236 haudquaquam
3747 4181 3778 4218 a
3820 4166 3989 4219 nobis
4020 4166 4090 4217 ad

2514 4271 2726 4323 beatam
2757 4266 3075 4320 Trinitatem
3110 4264 3411 4323 transiisse.
3467 4263 3575 4315 imo
3620 4276 3651 4315 e
3697 4260 3925 4315 diverso
3960 4261 4092 4314 inde

2517 4362 2582 4415 ad
2610 4375 2710 4413 nos
2744 4360 3058 4420 devenisse,
3090 4365 3146 4410 ut
3174 4356 3366 4408 beatus
3403 4353 3694 4423 Apostolus
3710 4351 3788 4405 ait
3816 4369 3830 4406 :
3858 4351 4096 4420 Propter

2516 4454 2609 4504 hoc
2634 4453 2785 4521 ﬂecto
2816 4465 2985 4518 genua
3017 4464 3129 4499 mea
3158 4447 3228 4497 ad
3272 4444 3433 4495 Deum
3480 4442 3713 4505 Patrem,
3753 4458 3819 4493 ex
3858 4460 3964 4510 quo
3993 4460 4092 4510 pa—

839 4526 966 4584 lius.
1002 4542 1031 4577 a
1067 4526 1223 4579 Patre
1253 4524 1689 4593 inseparabiliter
1717 4535 1773 4578 et
1806 4525 2119 4580 indistincte
2170 4524 2405 4595 genitus,
2440 4564 2488 4623 Β
2516 4545 2728 4597 mnu“,
2773 4541 2939 4595 οηιηῑε
2988 4542 3040 4592 ίη
3082 4538 3207 4590 caelo
3258 4546 3304 4588 ει
3356 4537 3406 4588 in
3470 4535 3700 4587 terra".
3766 4533 3887 4587 Jan.
3956 4551 4090 4586 sem

842 4628 1007 4684 atque
1057 4633 1275 4683 semper
1323 4617 1376 4668 in
1436 4633 1502 4669 eo
1542 4633 1794 4680 manens,
1848 4620 2125 4687 prepriam
2162 4628 2216 4673 et
2246 4635 2274 4673 a
2314 4636 2410 4687 pa-

844 4722 995 4761 terna
1027 4711 1328 4777 scjunetam
1382 4709 1696 4777 ltypostasin
1744 4710 1928 4763 habet.
1966 4710 2236 4785 Quocirca
2288 4710 2412 4764 Ver-

845 4802 971 4852 hum
1000 4812 1053 4851 ct
1092 4800 1349 4867 splendor
1381 4799 1606 4863 dicitur,
1640 4802 1769 4869 quia
1798 4797 1934 4855 citra
1976 4804 2249 4869 copulant,
2295 4803 2410 4856 sine

845 4891 1120 4959 ιιςιςξῖσιιιρ,
1156 4901 1419 4958 tempore,
1451 4890 1598 4945 ﬂuxu
1650 4903 1706 4945 et
1758 4895 2120 4960 separatione,
2174 4910 2203 4946 a
2255 4894 2411 4946 Patre

844 5003 887 5046 ευ
913 4983 1060 5035 nitus
1096 4983 1203 5046 sit;
1262 4982 1432 5035 Filius
1468 5000 1594 5037 vero
1652 4995 1706 5038 et
1766 4984 2119 5055 Itypostaseos
2173 4994 2411 5054 paternae

843 5077 1150 5136 character,
1182 5077 1308 5143 quia
1355 5078 1627 5144 perfectus
1657 5086 1759 5139 est.
1814 5094 1909 5147 per
1940 5094 2106 5147 seque
2141 5078 2408 5143 subsistit,

844 5182 942 5233 per
965 5170 1145 5219 omnia
1196 5168 1339 5220 Patri
1391 5169 1607 5227 similis.
1659 5178 2018 5239 praeterquam
2076 5171 2220 5236 quod
2264 5170 2412 5241 inge-

847 5261 995 5312 nitus
1038 5276 1147 5311 non
1203 5260 1293 5312 sit.
1352 5260 1674 5329 Uni-genitus
1727 5270 1930 5323 autem,
1971 5261 2113 5329 quod
2163 5263 2313 5315 solus
2345 5276 2410 5313 ex

844 5353 962 5406 salo
1008 5353 1166 5407 Patre
1215 5353 1390 5405 solum
1445 5354 1664 5419 genitus
1690 5353 1776 5405 sit.
1808 5354 1918 5406 Nec
1960 5355 2104 5405 enim
2151 5355 2253 5407 alia
2298 5353 2405 5405 ulla

846 5454 1125 5513 generatte
1151 5457 1251 5505 est,
1278 5459 1399 5513 quae
1431 5459 1554 5497 cum
1606 5444 1723 5498 Fiiii
1758 5446 1851 5497 Dei
1890 5446 2240 5514 generatione
2277 5461 2408 5497 con-

848 5534 977 5587 t'erri
1006 5544 1189 5603 queat,
1220 5551 1342 5588 eum
1382 5537 1523 5590 alius
1571 5538 1637 5592 ab
1679 5553 1743 5591 eo
1796 5538 1887 5591 Dei
1939 5535 2108 5590 l-‘iiins
2158 5554 2262 5589 non
2315 5538 2404 5588 sit.

851 5626 961 5679 i'tsi
992 5627 1136 5680 enim
1183 5628 1418 5695 Spiritus
1456 5641 1676 5685 sanctus
1711 5646 1777 5683 ex
1806 5629 1963 5683 Patre
1999 5630 2265 5698 procedit,
2300 5646 2407 5683 non

926 5812 960 5835 "
1000 5804 1134 5877 ῖῖρὶὶ.
1168 5826 1244 5872 ttt,
1296 5810 1375 5863 Η.

2514 4634 2767 4703 quamvis
2792 4632 3029 4689 Patrem,
3061 4626 3389 4697 principium
3423 4626 3569 4682 Filii.
3596 4640 3771 4694 eoque
3817 4625 4088 4694 majorem

2513 4740 2633 4778 esse
2662 4724 2931 4783 dicamus,
2956 4737 3063 4773 non
3090 4730 3269 4772 tamen
3304 4732 3429 4769 eum
3482 4715 3620 4769 Filio
3670 4716 3913 4783 priorem
3953 4728 4092 4769 tent-

2516 4830 2643 4883 pore
2687 4824 2779 4866 aut
2830 4823 3025 4865 natura
3075 4810 3241 4862 fuisse
3295 4807 3664 4876 signiﬁcamus
3728 4807 3867 4875 (per
3906 4809 4087 4875 ipsum

2515 4906 2658 4957 enim
2689 4904 2817 4957 fecit
2848 4901 3089 4971 secula),
3133 4915 3308 4967 ue1ue
3339 4900 3440 4951 alia
3478 4899 3584 4951 ulla
3617 4914 3696 4959 re,
3734 4899 3842 4951 nisi
3894 4915 4088 4960 causa,

2516 4992 2619 5044 hoc
2652 5002 2736 5045 est
2760 4991 2884 5060 quia
2914 4990 3083 5043 Filius
3116 5004 3180 5042 ex
3210 4991 3362 5042 Patre
3392 4990 3608 5057 genitus
3631 4990 3721 5053 sit,
3758 5006 3867 5042 non
3901 5004 4088 5043 autem

2514 5085 2674 5138 Pater
2727 5098 2793 5136 ex
2842 5081 2996 5135 Filio.
3032 5081 3183 5145 Item,
3212 5081 3337 5149 quia
3388 5080 3544 5134 Pater
3589 5080 3919 5134 naturaliter
3962 5082 4087 5134 Filii

2513 5188 2676 5225 causa
2732 5180 2835 5234 est,
2899 5170 3359 5239 quemadmodum
3404 5185 3509 5221 non
3551 5186 3617 5222 ex
3650 5171 3858 5222 lumine
3906 5171 4087 5240 ignem

2514 5264 2814 5333 procedere
2876 5263 3129 5324 dit-imus,
3184 5262 3291 5313 imo
3347 5263 3527 5327 potius
3577 5276 3641 5312 ex
3695 5261 3817 5327 igne
3876 5263 4086 5313 lumen.

2517 5358 2703 5423 Itaque
2737 5354 2950 5423 qmitics
2996 5356 3209 5406 Patrem
3251 5352 3371 5405 ΡΗῘὶ
3418 5351 3745 5421 principium
3794 5368 3943 5411 esse.
4006 5353 4089 5407 Η-

2518 5449 2701 5516 lioque
2746 5447 3004 5513 majorem
3057 5446 3355 5505 audiemus,
3400 5459 3561 5498 causa
3613 5444 3663 5497 id
3723 5460 3919 5498 verum
3970 5461 4093 5499 esse

2520 5537 2902 5603 intelligamus.
2936 5536 2999 5587 Et
3026 5534 3478 5602 quemadmodum
3505 5533 3667 5586 aliam
3697 5536 3860 5600 ignis.
3895 5535 4093 5587 aliam-

2518 5645 2625 5698 que
2669 5630 2892 5683 lutninis
2938 5631 3230 5684 essentiam
3268 5644 3375 5683 non
3412 5628 3667 5690 dicimus,
3706 5629 3781 5681 ita
3820 5627 3946 5682 ﬁeri
3978 5640 4093 5683 non
