  <div class='ocr_page' id='page_1' title='image "/cluster/home/n/w/nwhite01/storage/ocr_20150623/139/nnc1.0046979840/604.png"; bbox 0 0 4274 6382; ppageno 0'>
   <div class='ocr_carea' id='block_1_1' title="bbox 272 411 407 479">
    <p class='ocr_par' dir='ltr' id='par_1_1' title="bbox 272 411 407 479">
     <span class='ocr_line' id='line_1_1' title="bbox 272 411 407 479; baseline 0 -3"><span class='ocrx_word' id='word_1_1' title='bbox 272 411 295 476; x_wconf 86' lang='grc'>1</span> <span class='ocrx_word' id='word_1_2' title='bbox 311 415 407 479; x_wconf 81' lang='lat'><strong>173</strong></span> 
     </span>
    </p>
   </div>
   <div class='ocr_carea' id='block_1_2' title="bbox 1521 414 2241 479">
    <p class='ocr_par' dir='ltr' id='par_1_2' title="bbox 1521 414 2241 479">
     <span class='ocr_line' id='line_1_2' title="bbox 1521 414 2241 479; baseline -0.001 -2"><span class='ocrx_word' id='word_1_3' title='bbox 1521 414 1914 479; x_wconf 66' lang='lat' dir='ltr'><strong>TIIESAURI</strong></span> <span class='ocrx_word' id='word_1_4' title='bbox 1963 415 2110 474; x_wconf 82' lang='lat' dir='ltr'><strong>LIB.</strong></span> <span class='ocrx_word' id='word_1_5' title='bbox 2157 416 2241 478; x_wconf 88' lang='lat' dir='ltr'><strong>ll.</strong></span> 
     </span>
    </p>
   </div>
   <div class='ocr_carea' id='block_1_3' title="bbox 3363 407 3495 472">
    <p class='ocr_par' dir='ltr' id='par_1_3' title="bbox 3363 407 3495 472">
     <span class='ocr_line' id='line_1_3' title="bbox 3363 407 3495 472; baseline -0.03 0"><span class='ocrx_word' id='word_1_6' title='bbox 3363 407 3495 472; x_wconf 62' lang='lat'><strong>1171</strong></span> 
     </span>
    </p>
   </div>
   <div class='ocr_carea' id='block_1_4' title="bbox 267 517 3497 595">
    <p class='ocr_par' dir='ltr' id='par_1_4' title="bbox 267 517 3497 595">
     <span class='ocr_line' id='line_1_4' title="bbox 267 517 3497 595; baseline 0.004 -21"><span class='ocrx_word' id='word_1_7' title='bbox 267 528 467 590; x_wconf 81' lang='lat' dir='ltr'><strong>potest,</strong></span> <span class='ocrx_word' id='word_1_8' title='bbox 527 529 586 575; x_wconf 90' lang='lat' dir='ltr'><strong>ut</strong></span> <span class='ocrx_word' id='word_1_9' title='bbox 615 521 792 577; x_wconf 91' lang='lat' dir='ltr'><strong>Patris</strong></span> <span class='ocrx_word' id='word_1_10' title='bbox 841 523 969 586; x_wconf 90' lang='lat' dir='ltr'><strong>alia,</strong></span> <span class='ocrx_word' id='word_1_11' title='bbox 1006 525 1239 594; x_wconf 83' lang='lat' dir='ltr'><strong>Filiique</strong></span> <span class='ocrx_word' id='word_1_12' title='bbox 1296 527 1420 590; x_wconf 90' lang='lat' dir='ltr'><strong>alia,</strong></span> <span class='ocrx_word' id='word_1_13' title='bbox 1472 529 1581 580; x_wconf 91' lang='lat' dir='ltr'><strong>imo</strong></span> <span class='ocrx_word' id='word_1_14' title='bbox 1624 541 1731 580; x_wconf 91' lang='lat' dir='ltr'><strong>una</strong></span> <span class='ocrx_word' id='word_1_15' title='bbox 1771 530 1826 578; x_wconf 89' lang='lat' dir='ltr'><strong>et</strong></span> <span class='ocrx_word' id='word_1_16' title='bbox 1854 525 1901 580; x_wconf 73' lang='grc' dir='ltr'><strong>Δ</strong></span> <span class='ocrx_word' id='word_1_17' title='bbox 1930 523 2205 593; x_wconf 75' lang='grc' dir='ltr'><strong>γέννησις,</strong></span> <span class='ocrx_word' id='word_1_18' title='bbox 2256 524 2358 579; x_wconf 74' lang='lat' dir='ltr'><strong>hoc</strong></span> <span class='ocrx_word' id='word_1_19' title='bbox 2381 533 2465 578; x_wconf 69' lang='lat' dir='ltr'><strong>est</strong></span> <span class='ocrx_word' id='word_1_20' title='bbox 2501 524 2802 595; x_wconf 67' lang='lat' dir='ltr'><strong>generatio.</strong></span> <span class='ocrx_word' id='word_1_21' title='bbox 2847 531 3010 592; x_wconf 73' lang='lat' dir='ltr'><strong>atque</strong></span> <span class='ocrx_word' id='word_1_22' title='bbox 3049 517 3222 574; x_wconf 61' lang='lat' dir='ltr'><strong>sane“</strong></span> <span class='ocrx_word' id='word_1_23' title='bbox 3260 517 3497 586; x_wconf 60' lang='grc' dir='ltr'><strong>εβῖτίιυε</strong></span> 
     </span>
    </p>
   </div>
   <div class='ocr_carea' id='block_1_5' title="bbox 267 609 1830 686">
    <p class='ocr_par' dir='ltr' id='par_1_5' title="bbox 267 609 1830 686">
     <span class='ocr_line' id='line_1_5' title="bbox 267 609 1830 686; baseline 0.002 -22"><span class='ocrx_word' id='word_1_24' title='bbox 267 610 460 664; x_wconf 88' lang='lat' dir='ltr'><strong>eadem</strong></span> <span class='ocrx_word' id='word_1_25' title='bbox 503 609 669 666; x_wconf 88' lang='lat' dir='ltr'><strong>fuerit</strong></span> <span class='ocrx_word' id='word_1_26' title='bbox 715 617 976 668; x_wconf 74' lang='lat' dir='ltr'><strong>essentia.</strong></span> <span class='ocrx_word' id='word_1_27' title='bbox 1027 617 1093 669; x_wconf 86' lang='lat' dir='ltr'><strong>Et</strong></span> <span class='ocrx_word' id='word_1_28' title='bbox 1143 618 1604 686; x_wconf 82' lang='lat' dir='ltr'><strong>quemadmodum</strong></span> <span class='ocrx_word' id='word_1_29' title='bbox 1651 617 1830 685; x_wconf 89' lang='lat' dir='ltr'><strong>ignem</strong></span> 
     </span>
    </p>
   </div>
   <div class='ocr_carea' id='block_1_6' title="bbox 266 699 1831 771">
    <p class='ocr_par' dir='ltr' id='par_1_6' title="bbox 266 699 1831 771">
     <span class='ocr_line' id='line_1_6' title="bbox 266 699 1831 771; baseline 0.003 -19"><span class='ocrx_word' id='word_1_30' title='bbox 266 699 483 753; x_wconf 78' lang='lat' dir='ltr'><strong>lumine</strong></span> <span class='ocrx_word' id='word_1_31' title='bbox 507 701 654 769; x_wconf 88' lang='lat' dir='ltr'><strong>quod</strong></span> <span class='ocrx_word' id='word_1_32' title='bbox 684 704 987 771; x_wconf 71' lang='lat' dir='ltr'><strong>eiaculatur</strong></span> <span class='ocrx_word' id='word_1_33' title='bbox 1015 706 1198 760; x_wconf 84' lang='lat' dir='ltr'><strong>lucere</strong></span> <span class='ocrx_word' id='word_1_34' title='bbox 1232 707 1484 770; x_wconf 82' lang='lat' dir='ltr'><strong>dicimus,</strong></span> <span class='ocrx_word' id='word_1_35' title='bbox 1517 722 1617 760; x_wconf 85' lang='lat' dir='ltr'><strong>nec</strong></span> <span class='ocrx_word' id='word_1_36' title='bbox 1653 717 1831 759; x_wconf 90' lang='lat' dir='ltr'><strong>tamen</strong></span> 
     </span>
    </p>
   </div>
   <div class='ocr_carea' id='block_1_7' title="bbox 269 789 1829 862">
    <p class='ocr_par' dir='ltr' id='par_1_7' title="bbox 269 789 1829 862">
     <span class='ocr_line' id='line_1_7' title="bbox 269 789 1829 862; baseline 0.008 -22"><span class='ocrx_word' id='word_1_37' title='bbox 269 789 484 842; x_wconf 92' lang='lat' dir='ltr'><strong>interim</strong></span> <span class='ocrx_word' id='word_1_38' title='bbox 508 791 689 845; x_wconf 81' lang='lat' dir='ltr'><strong>lumen</strong></span> <span class='ocrx_word' id='word_1_39' title='bbox 719 793 828 861; x_wconf 93' lang='lat' dir='ltr'><strong>igni</strong></span> <span class='ocrx_word' id='word_1_40' title='bbox 859 797 1206 850; x_wconf 90' lang='lat' dir='ltr'><strong>subserviens</strong></span> <span class='ocrx_word' id='word_1_41' title='bbox 1238 797 1660 851; x_wconf 90' lang='lat' dir='ltr'><strong>instrumentum</strong></span> <span class='ocrx_word' id='word_1_42' title='bbox 1687 812 1829 862; x_wconf 90' lang='lat' dir='ltr'><strong>esse,</strong></span> 
     </span>
    </p>
   </div>
   <div class='ocr_carea' id='block_1_8' title="bbox 267 879 1831 949">
    <p class='ocr_par' dir='ltr' id='par_1_8' title="bbox 267 879 1831 949">
     <span class='ocr_line' id='line_1_8' title="bbox 267 879 1831 949; baseline 0.007 -19"><span class='ocrx_word' id='word_1_43' title='bbox 267 881 377 931; x_wconf 87' lang='lat' dir='ltr'><strong>imo</strong></span> <span class='ocrx_word' id='word_1_44' title='bbox 417 879 600 947; x_wconf 89' lang='lat' dir='ltr'><strong>potius</strong></span> <span class='ocrx_word' id='word_1_45' title='bbox 647 883 754 934; x_wconf 89' lang='lat' dir='ltr'><strong>vim</strong></span> <span class='ocrx_word' id='word_1_46' title='bbox 801 887 1101 938; x_wconf 81' lang='lat' dir='ltr'><strong>naturalem</strong></span> <span class='ocrx_word' id='word_1_47' title='bbox 1145 890 1460 949; x_wconf 71' lang='lat' dir='ltr'><strong>ass-rimus;</strong></span> <span class='ocrx_word' id='word_1_48' title='bbox 1500 890 1571 942; x_wconf 86' lang='lat' dir='ltr'><strong>ita</strong></span> <span class='ocrx_word' id='word_1_49' title='bbox 1618 888 1831 942; x_wconf 89' lang='lat' dir='ltr'><strong>Patrem</strong></span> 
     </span>
    </p>
   </div>
   <div class='ocr_carea' id='block_1_9' title="bbox 266 973 1830 1048">
    <p class='ocr_par' dir='ltr' id='par_1_9' title="bbox 266 973 1830 1048">
     <span class='ocr_line' id='line_1_9' title="bbox 266 973 1830 1048; baseline 0.008 -28"><span class='ocrx_word' id='word_1_50' title='bbox 266 983 486 1037; x_wconf 91' lang='lat' dir='ltr'><strong>quoque</strong></span> <span class='ocrx_word' id='word_1_51' title='bbox 521 984 720 1025; x_wconf 89' lang='lat' dir='ltr'><strong>cuncta</strong></span> <span class='ocrx_word' id='word_1_52' title='bbox 751 989 872 1041; x_wconf 77' lang='lat' dir='ltr'><strong>qua:</strong></span> <span class='ocrx_word' id='word_1_53' title='bbox 923 973 1075 1039; x_wconf 89' lang='lat' dir='ltr'><strong>facit,</strong></span> <span class='ocrx_word' id='word_1_54' title='bbox 1123 993 1220 1045; x_wconf 90' lang='lat' dir='ltr'><strong>per</strong></span> <span class='ocrx_word' id='word_1_55' title='bbox 1253 980 1592 1048; x_wconf 77' lang='lat' dir='ltr'><strong>unigenitum</strong></span> <span class='ocrx_word' id='word_1_56' title='bbox 1636 979 1830 1033; x_wconf 83' lang='lat' dir='ltr'><strong>Filium</strong></span> 
     </span>
    </p>
   </div>
   <div class='ocr_carea' id='block_1_10' title="bbox 267 1063 1830 1141">
    <p class='ocr_par' dir='ltr' id='par_1_10' title="bbox 267 1063 1830 1141">
     <span class='ocr_line' id='line_1_10' title="bbox 267 1063 1830 1141; baseline 0.006 -26"><span class='ocrx_word' id='word_1_57' title='bbox 267 1077 430 1115; x_wconf 74' lang='lat' dir='ltr'><strong>statim</strong></span> <span class='ocrx_word' id='word_1_58' title='bbox 463 1063 641 1118; x_wconf 89' lang='lat' dir='ltr'><strong>facere</strong></span> <span class='ocrx_word' id='word_1_59' title='bbox 675 1067 996 1132; x_wconf 90' lang='lat' dir='ltr'><strong>astruimus,</strong></span> <span class='ocrx_word' id='word_1_60' title='bbox 1049 1085 1159 1123; x_wconf 91' lang='lat' dir='ltr'><strong>non</strong></span> <span class='ocrx_word' id='word_1_61' title='bbox 1206 1081 1462 1140; x_wconf 80' lang='lat' dir='ltr'><strong>tanquam</strong></span> <span class='ocrx_word' id='word_1_62' title='bbox 1499 1088 1596 1141; x_wconf 88' lang='lat' dir='ltr'><strong>per</strong></span> <span class='ocrx_word' id='word_1_63' title='bbox 1630 1074 1830 1126; x_wconf 91' lang='lat' dir='ltr'><strong>instru-</strong></span> 
     </span>
    </p>
   </div>
   <div class='ocr_carea' id='block_1_11' title="bbox 267 1153 1833 1227">
    <p class='ocr_par' dir='ltr' id='par_1_11' title="bbox 267 1153 1833 1227">
     <span class='ocr_line' id='line_1_11' title="bbox 267 1153 1833 1227; baseline 0.011 -27"><span class='ocrx_word' id='word_1_64' title='bbox 267 1161 509 1204; x_wconf 78' lang='lat' dir='ltr'><strong>mentum</strong></span> <span class='ocrx_word' id='word_1_65' title='bbox 559 1153 930 1218; x_wconf 85' lang='lat' dir='ltr'><strong>suhservieus,</strong></span> <span class='ocrx_word' id='word_1_66' title='bbox 987 1158 1079 1212; x_wconf 85' lang='lat' dir='ltr'><strong>sed</strong></span> <span class='ocrx_word' id='word_1_67' title='bbox 1119 1175 1214 1227; x_wconf 90' lang='lat' dir='ltr'><strong>per</strong></span> <span class='ocrx_word' id='word_1_68' title='bbox 1248 1161 1354 1213; x_wconf 83' lang='lat' dir='ltr'><strong>vim</strong></span> <span class='ocrx_word' id='word_1_69' title='bbox 1409 1163 1736 1222; x_wconf 71' lang='lat' dir='ltr'><strong>naturalem.</strong></span> <span class='ocrx_word' id='word_1_70' title='bbox 1777 1171 1833 1217; x_wconf 86' lang='lat' dir='ltr'><strong>et</strong></span> 
     </span>
    </p>
   </div>
   <div class='ocr_carea' id='block_1_12' title="bbox 265 1243 1820 1319">
    <p class='ocr_par' dir='ltr' id='par_1_12' title="bbox 265 1243 1820 1319">
     <span class='ocr_line' id='line_1_12' title="bbox 265 1243 1820 1319; baseline 0.01 -29"><span class='ocrx_word' id='word_1_71' title='bbox 265 1254 387 1306; x_wconf 77' lang='lat' dir='ltr'><strong>qu7e</strong></span> <span class='ocrx_word' id='word_1_72' title='bbox 416 1257 513 1308; x_wconf 88' lang='lat' dir='ltr'><strong>per</strong></span> <span class='ocrx_word' id='word_1_73' title='bbox 541 1257 599 1296; x_wconf 83' lang='lat' dir='ltr'><strong>se</strong></span> <span class='ocrx_word' id='word_1_74' title='bbox 623 1243 785 1312; x_wconf 90' lang='lat' dir='ltr'><strong>vique</strong></span> <span class='ocrx_word' id='word_1_75' title='bbox 811 1262 905 1299; x_wconf 89' lang='lat' dir='ltr'><strong>sua</strong></span> <span class='ocrx_word' id='word_1_76' title='bbox 938 1249 1205 1302; x_wconf 86' lang='lat' dir='ltr'><strong>subsistit.</strong></span> <span class='ocrx_word' id='word_1_77' title='bbox 1259 1251 1321 1304; x_wconf 84' lang='lat' dir='ltr'><strong>Et</strong></span> <span class='ocrx_word' id='word_1_78' title='bbox 1357 1252 1820 1319; x_wconf 73' lang='lat' dir='ltr'><strong>quemadmodum</strong></span> 
     </span>
    </p>
   </div>
   <div class='ocr_carea' id='block_1_13' title="bbox 271 1327 1832 1410">
    <p class='ocr_par' dir='ltr' id='par_1_13' title="bbox 271 1327 1832 1410">
     <span class='ocr_line' id='line_1_13' title="bbox 271 1327 1832 1410; baseline 0.01 -32"><span class='ocrx_word' id='word_1_79' title='bbox 271 1327 449 1396; x_wconf 77' lang='lat' dir='ltr'><strong>ignem</strong></span> <span class='ocrx_word' id='word_1_80' title='bbox 512 1332 692 1386; x_wconf 90' lang='lat' dir='ltr'><strong>lucere</strong></span> <span class='ocrx_word' id='word_1_81' title='bbox 747 1336 1002 1396; x_wconf 87' lang='lat' dir='ltr'><strong>dicimus,</strong></span> <span class='ocrx_word' id='word_1_82' title='bbox 1060 1339 1299 1408; x_wconf 89' lang='lat' dir='ltr'><strong>itemque</strong></span> <span class='ocrx_word' id='word_1_83' title='bbox 1362 1343 1544 1394; x_wconf 91' lang='lat' dir='ltr'><strong>lutueu</strong></span> <span class='ocrx_word' id='word_1_84' title='bbox 1615 1344 1832 1410; x_wconf 89' lang='lat' dir='ltr'><strong>igneum</strong></span> 
     </span>
    </p>
   </div>
   <div class='ocr_carea' id='block_1_14' title="bbox 230 1413 1835 1498">
    <p class='ocr_par' dir='ltr' id='par_1_14' title="bbox 230 1413 1835 1498">
     <span class='ocr_line' id='line_1_14' title="bbox 230 1413 1835 1498; baseline 0.011 -28"><span class='ocrx_word' id='word_1_85' title='bbox 230 1413 235 1417; x_wconf 78' lang='grc'><strong>’</strong></span> <span class='ocrx_word' id='word_1_86' title='bbox 269 1417 454 1472; x_wconf 90' lang='lat' dir='ltr'><strong>lucere</strong></span> <span class='ocrx_word' id='word_1_87' title='bbox 479 1425 803 1485; x_wconf 89' lang='lat' dir='ltr'><strong>asserimus,</strong></span> <span class='ocrx_word' id='word_1_88' title='bbox 831 1427 902 1480; x_wconf 92' lang='lat' dir='ltr'><strong>ita</strong></span> <span class='ocrx_word' id='word_1_89' title='bbox 923 1443 1262 1498; x_wconf 79' lang='lat' dir='ltr'><strong>quzccunqtte</strong></span> <span class='ocrx_word' id='word_1_90' title='bbox 1288 1432 1446 1484; x_wconf 87' lang='lat' dir='ltr'><strong>Pater</strong></span> <span class='ocrx_word' id='word_1_91' title='bbox 1463 1431 1613 1497; x_wconf 82' lang='lat' dir='ltr'><strong>facit,</strong></span> <span class='ocrx_word' id='word_1_92' title='bbox 1647 1433 1835 1487; x_wconf 89' lang='lat' dir='ltr'><strong>itidem</strong></span> 
     </span>
    </p>
   </div>
   <div class='ocr_carea' id='block_1_15' title="bbox 267 1507 1833 1590">
    <p class='ocr_par' dir='ltr' id='par_1_15' title="bbox 267 1507 1833 1590">
     <span class='ocr_line' id='line_1_15' title="bbox 267 1507 1833 1590; baseline 0.011 -31"><span class='ocrx_word' id='word_1_93' title='bbox 267 1507 397 1561; x_wconf 89' lang='lat' dir='ltr'><strong>facit</strong></span> <span class='ocrx_word' id='word_1_94' title='bbox 421 1519 475 1562; x_wconf 92' lang='lat' dir='ltr'><strong>et</strong></span> <span class='ocrx_word' id='word_1_95' title='bbox 507 1511 694 1566; x_wconf 82' lang='lat' dir='ltr'><strong>Filius.</strong></span> <span class='ocrx_word' id='word_1_96' title='bbox 738 1516 851 1568; x_wconf 79' lang='lat' dir='ltr'><strong>Non</strong></span> <span class='ocrx_word' id='word_1_97' title='bbox 887 1527 1067 1570; x_wconf 90' lang='lat' dir='ltr'><strong>tamen</strong></span> <span class='ocrx_word' id='word_1_98' title='bbox 1106 1521 1302 1573; x_wconf 91' lang='lat' dir='ltr'><strong>lumini</strong></span> <span class='ocrx_word' id='word_1_99' title='bbox 1340 1523 1556 1590; x_wconf 90' lang='lat' dir='ltr'><strong>propria</strong></span> <span class='ocrx_word' id='word_1_100' title='bbox 1588 1522 1833 1590; x_wconf 60' lang='lat' dir='ltr'><strong>quadam</strong></span> 
     </span>
    </p>
   </div>
   <div class='ocr_carea' id='block_1_16' title="bbox 266 1603 1835 1681">
    <p class='ocr_par' dir='ltr' id='par_1_16' title="bbox 266 1603 1835 1681">
     <span class='ocr_line' id='line_1_16' title="bbox 266 1603 1835 1681; baseline 0.008 -29"><span class='ocrx_word' id='word_1_101' title='bbox 266 1607 372 1668; x_wconf 85' lang='lat' dir='ltr'><strong>est,</strong></span> <span class='ocrx_word' id='word_1_102' title='bbox 411 1604 480 1653; x_wconf 88' lang='lat' dir='ltr'><strong>ab</strong></span> <span class='ocrx_word' id='word_1_103' title='bbox 505 1603 695 1670; x_wconf 83' lang='lat' dir='ltr'><strong>igneve</strong></span> <span class='ocrx_word' id='word_1_104' title='bbox 737 1609 980 1674; x_wconf 86' lang='lat' dir='ltr'><strong>sejuncta</strong></span> <span class='ocrx_word' id='word_1_105' title='bbox 1012 1609 1342 1678; x_wconf 85' lang='lat' dir='ltr'><strong>hypustasis,</strong></span> <span class='ocrx_word' id='word_1_106' title='bbox 1389 1622 1444 1664; x_wconf 91' lang='lat' dir='ltr'><strong>at</strong></span> <span class='ocrx_word' id='word_1_107' title='bbox 1495 1613 1666 1666; x_wconf 81' lang='lat' dir='ltr'><strong>Filius</strong></span> <span class='ocrx_word' id='word_1_108' title='bbox 1715 1629 1835 1681; x_wconf 90' lang='lat' dir='ltr'><strong>per-</strong></span> 
     </span>
    </p>
   </div>
   <div class='ocr_carea' id='block_1_17' title="bbox 268 1688 1835 1772">
    <p class='ocr_par' dir='ltr' id='par_1_17' title="bbox 268 1688 1835 1772">
     <span class='ocr_line' id='line_1_17' title="bbox 268 1688 1835 1772; baseline 0.011 -33"><span class='ocrx_word' id='word_1_109' title='bbox 268 1688 412 1742; x_wconf 80' lang='lat' dir='ltr'><strong>lecta</strong></span> <span class='ocrx_word' id='word_1_110' title='bbox 448 1692 755 1762; x_wconf 86' lang='lat' dir='ltr'><strong>hypostasis</strong></span> <span class='ocrx_word' id='word_1_111' title='bbox 787 1705 890 1759; x_wconf 85' lang='lat' dir='ltr'><strong>est,</strong></span> <span class='ocrx_word' id='word_1_112' title='bbox 943 1699 1011 1752; x_wconf 87' lang='lat' dir='ltr'><strong>ab</strong></span> <span class='ocrx_word' id='word_1_113' title='bbox 1047 1701 1317 1769; x_wconf 83' lang='lat' dir='ltr'><strong>hypostasi</strong></span> <span class='ocrx_word' id='word_1_114' title='bbox 1363 1712 1587 1772; x_wconf 90' lang='lat' dir='ltr'><strong>paterna</strong></span> <span class='ocrx_word' id='word_1_115' title='bbox 1624 1705 1835 1770; x_wconf 77' lang='lat' dir='ltr'><strong>insepa-</strong></span> 
     </span>
    </p>
   </div>
   <div class='ocr_carea' id='block_1_18' title="bbox 269 1780 1833 1851">
    <p class='ocr_par' dir='ltr' id='par_1_18' title="bbox 269 1780 1833 1851">
     <span class='ocr_line' id='line_1_18' title="bbox 269 1780 1833 1851; baseline 0.011 -20"><span class='ocrx_word' id='word_1_116' title='bbox 269 1780 483 1841; x_wconf 80' lang='lat' dir='ltr'><strong>rabilis.</strong></span> <span class='ocrx_word' id='word_1_117' title='bbox 519 1794 577 1835; x_wconf 92' lang='lat' dir='ltr'><strong>ut</strong></span> <span class='ocrx_word' id='word_1_118' title='bbox 609 1799 775 1851; x_wconf 81' lang='lat' dir='ltr'><strong>supra</strong></span> <span class='ocrx_word' id='word_1_119' title='bbox 803 1787 1115 1844; x_wconf 87' lang='lat' dir='ltr'><strong>docuimus.</strong></span> <span class='ocrx_word' id='word_1_120' title='bbox 1163 1792 1320 1846; x_wconf 85' lang='lat' dir='ltr'><strong>Nulla</strong></span> <span class='ocrx_word' id='word_1_121' title='bbox 1373 1795 1521 1847; x_wconf 92' lang='lat' dir='ltr'><strong>enim</strong></span> <span class='ocrx_word' id='word_1_122' title='bbox 1575 1795 1628 1847; x_wconf 89' lang='lat' dir='ltr'><strong>in</strong></span> <span class='ocrx_word' id='word_1_123' title='bbox 1672 1794 1833 1850; x_wconf 86' lang='lat' dir='ltr'><strong>rebus</strong></span> 
     </span>
    </p>
   </div>
   <div class='ocr_carea' id='block_1_19' title="bbox 269 1872 1834 1952">
    <p class='ocr_par' dir='ltr' id='par_1_19' title="bbox 269 1872 1834 1952">
     <span class='ocr_line' id='line_1_19' title="bbox 269 1872 1834 1952; baseline 0.009 -28"><span class='ocrx_word' id='word_1_124' title='bbox 269 1872 472 1924; x_wconf 89' lang='lat' dir='ltr'><strong>creatis</strong></span> <span class='ocrx_word' id='word_1_125' title='bbox 502 1875 680 1942; x_wconf 89' lang='lat' dir='ltr'><strong>imago</strong></span> <span class='ocrx_word' id='word_1_126' title='bbox 714 1875 948 1932; x_wconf 82' lang='lat' dir='ltr'><strong>inveniri</strong></span> <span class='ocrx_word' id='word_1_127' title='bbox 990 1890 1188 1948; x_wconf 81' lang='lat' dir='ltr'><strong>potest,</strong></span> <span class='ocrx_word' id='word_1_128' title='bbox 1234 1898 1356 1952; x_wconf 66' lang='lat' dir='ltr'><strong>qum</strong></span> <span class='ocrx_word' id='word_1_129' title='bbox 1395 1886 1532 1938; x_wconf 90' lang='lat' dir='ltr'><strong>citra</strong></span> <span class='ocrx_word' id='word_1_130' title='bbox 1578 1886 1834 1938; x_wconf 91' lang='lat' dir='ltr'><strong>mutatio-</strong></span> 
     </span>
    </p>
   </div>
   <div class='ocr_carea' id='block_1_20' title="bbox 269 1963 1832 2043">
    <p class='ocr_par' dir='ltr' id='par_1_20' title="bbox 269 1963 1832 2043">
     <span class='ocr_line' id='line_1_20' title="bbox 269 1963 1832 2043; baseline 0.012 -32"><span class='ocrx_word' id='word_1_131' title='bbox 269 1977 394 2013; x_wconf 83' lang='lat' dir='ltr'><strong>nem</strong></span> <span class='ocrx_word' id='word_1_132' title='bbox 423 1963 475 2015; x_wconf 89' lang='lat' dir='ltr'><strong>in</strong></span> <span class='ocrx_word' id='word_1_133' title='bbox 508 1966 686 2032; x_wconf 86' lang='lat' dir='ltr'><strong>seipsa</strong></span> <span class='ocrx_word' id='word_1_134' title='bbox 731 1967 953 2021; x_wconf 92' lang='lat' dir='ltr'><strong>modum</strong></span> <span class='ocrx_word' id='word_1_135' title='bbox 1003 1971 1155 2024; x_wconf 89' lang='lat' dir='ltr'><strong>illum</strong></span> <span class='ocrx_word' id='word_1_136' title='bbox 1214 1973 1434 2038; x_wconf 90' lang='lat' dir='ltr'><strong>referat,</strong></span> <span class='ocrx_word' id='word_1_137' title='bbox 1487 1989 1596 2043; x_wconf 90' lang='lat' dir='ltr'><strong>quo</strong></span> <span class='ocrx_word' id='word_1_138' title='bbox 1634 1985 1832 2030; x_wconf 76' lang='lat' dir='ltr'><strong>sancta</strong></span> 
     </span>
    </p>
   </div>
   <div class='ocr_carea' id='block_1_21' title="bbox 270 2049 1828 2134">
    <p class='ocr_par' dir='ltr' id='par_1_21' title="bbox 270 2049 1828 2134">
     <span class='ocr_line' id='line_1_21' title="bbox 270 2049 1828 2134; baseline 0.017 -33"><span class='ocrx_word' id='word_1_139' title='bbox 270 2050 509 2107; x_wconf 82' lang='lat' dir='ltr'><strong>Trinitas</strong></span> <span class='ocrx_word' id='word_1_140' title='bbox 541 2066 774 2111; x_wconf 89' lang='lat' dir='ltr'><strong>constat.</strong></span> <span class='ocrx_word' id='word_1_141' title='bbox 806 2059 910 2124; x_wconf 83' lang='lat' dir='ltr'><strong>Qui</strong></span> <span class='ocrx_word' id='word_1_142' title='bbox 951 2063 1097 2116; x_wconf 91' lang='lat' dir='ltr'><strong>enim</strong></span> <span class='ocrx_word' id='word_1_143' title='bbox 1145 2067 1256 2126; x_wconf 82' lang='lat' dir='ltr'><strong>fiat,</strong></span> <span class='ocrx_word' id='word_1_144' title='bbox 1295 2075 1353 2119; x_wconf 92' lang='lat' dir='ltr'><strong>ut</strong></span> <span class='ocrx_word' id='word_1_145' title='bbox 1385 2049 1530 2134; x_wconf 81' lang='lat' dir='ltr'><strong>quod</strong></span> <span class='ocrx_word' id='word_1_146' title='bbox 1563 2077 1828 2128; x_wconf 77' lang='lat' dir='ltr'><strong>creatum.</strong></span> 
     </span>
    </p>
   </div>
   <div class='ocr_carea' id='block_1_22' title="bbox 269 2149 1828 2228">
    <p class='ocr_par' dir='ltr' id='par_1_22' title="bbox 269 2149 1828 2228">
     <span class='ocr_line' id='line_1_22' title="bbox 269 2149 1828 2228; baseline 0.011 -33"><span class='ocrx_word' id='word_1_147' title='bbox 269 2150 655 2213; x_wconf 81' lang='lat' dir='ltr'><strong>compositum,</strong></span> <span class='ocrx_word' id='word_1_148' title='bbox 713 2149 942 2213; x_wconf 78' lang='lat' dir='ltr'><strong>fluxum,</strong></span> <span class='ocrx_word' id='word_1_149' title='bbox 1000 2157 1284 2221; x_wconf 90' lang='lat' dir='ltr'><strong>mutabile,</strong></span> <span class='ocrx_word' id='word_1_150' title='bbox 1323 2159 1828 2228; x_wconf 89' lang='lat' dir='ltr'><strong>circumscriptum,</strong></span> 
     </span>
    </p>
   </div>
   <div class='ocr_carea' id='block_1_23' title="bbox 271 2237 1832 2313">
    <p class='ocr_par' dir='ltr' id='par_1_23' title="bbox 271 2237 1832 2313">
     <span class='ocr_line' id='line_1_23' title="bbox 271 2237 1832 2313; baseline 0.012 -28"><span class='ocrx_word' id='word_1_151' title='bbox 271 2237 560 2304; x_wconf 80' lang='lat' dir='ltr'><strong>ﬁguratum</strong></span> <span class='ocrx_word' id='word_1_152' title='bbox 590 2249 638 2293; x_wconf 85' lang='lat' dir='ltr'><strong>et</strong></span> <span class='ocrx_word' id='word_1_153' title='bbox 673 2246 1031 2313; x_wconf 89' lang='lat' dir='ltr'><strong>corruptibile</strong></span> <span class='ocrx_word' id='word_1_154' title='bbox 1061 2257 1168 2310; x_wconf 91' lang='lat' dir='ltr'><strong>est,</strong></span> <span class='ocrx_word' id='word_1_155' title='bbox 1203 2249 1378 2302; x_wconf 91' lang='lat' dir='ltr'><strong>oculis</strong></span> <span class='ocrx_word' id='word_1_156' title='bbox 1410 2251 1651 2304; x_wconf 81' lang='lat' dir='ltr'><strong>divinam</strong></span> <span class='ocrx_word' id='word_1_157' title='bbox 1684 2252 1832 2304; x_wconf 85' lang='lat' dir='ltr'><strong>illam</strong></span> 
     </span>
    </p>
   </div>
   <div class='ocr_carea' id='block_1_24' title="bbox 269 2331 1835 2405">
    <p class='ocr_par' dir='ltr' id='par_1_24' title="bbox 269 2331 1835 2405">
     <span class='ocr_line' id='line_1_24' title="bbox 269 2331 1835 2405; baseline 0.01 -26"><span class='ocrx_word' id='word_1_158' title='bbox 269 2331 564 2385; x_wconf 75' lang='lat' dir='ltr'><strong>essentiam</strong></span> <span class='ocrx_word' id='word_1_159' title='bbox 600 2332 856 2399; x_wconf 78' lang='lat' dir='ltr'><strong>subjiciat</strong></span> <span class='ocrx_word' id='word_1_160' title='bbox 887 2353 1008 2405; x_wconf 76' lang='lat' dir='ltr'><strong>qure</strong></span> <span class='ocrx_word' id='word_1_161' title='bbox 1036 2339 1103 2390; x_wconf 87' lang='lat' dir='ltr'><strong>ab</strong></span> <span class='ocrx_word' id='word_1_162' title='bbox 1143 2339 1209 2392; x_wconf 87' lang='lat' dir='ltr'><strong>iis</strong></span> <span class='ocrx_word' id='word_1_163' title='bbox 1231 2341 1489 2394; x_wconf 89' lang='lat' dir='ltr'><strong>omnibus</strong></span> <span class='ocrx_word' id='word_1_164' title='bbox 1518 2342 1688 2394; x_wconf 81' lang='lat' dir='ltr'><strong>libera</strong></span> <span class='ocrx_word' id='word_1_165' title='bbox 1713 2343 1835 2394; x_wconf 88' lang='lat' dir='ltr'><strong>nul-</strong></span> 
     </span>
    </p>
   </div>
   <div class='ocr_carea' id='block_1_25' title="bbox 271 2419 1833 2502">
    <p class='ocr_par' dir='ltr' id='par_1_25' title="bbox 271 2419 1833 2502">
     <span class='ocr_line' id='line_1_25' title="bbox 271 2419 1833 2502; baseline 0.009 -30"><span class='ocrx_word' id='word_1_166' title='bbox 271 2419 376 2472; x_wconf 85' lang='lat' dir='ltr'><strong>lam</strong></span> <span class='ocrx_word' id='word_1_167' title='bbox 407 2437 515 2475; x_wconf 92' lang='lat' dir='ltr'><strong>non</strong></span> <span class='ocrx_word' id='word_1_168' title='bbox 561 2427 856 2480; x_wconf 81' lang='lat' dir='ltr'><strong>essentiam</strong></span> <span class='ocrx_word' id='word_1_169' title='bbox 888 2433 1221 2500; x_wconf 75' lang='lat' dir='ltr'><strong>exsuperat?</strong></span> <span class='ocrx_word' id='word_1_170' title='bbox 1267 2433 1428 2502; x_wconf 76' lang='lat' dir='ltr'><strong>Atqui</strong></span> <span class='ocrx_word' id='word_1_171' title='bbox 1482 2433 1833 2502; x_wconf 89' lang='lat' dir='ltr'><strong>perspicuum</strong></span> 
     </span>
    </p>
   </div>
   <div class='ocr_carea' id='block_1_26' title="bbox 269 2523 1833 2594">
    <p class='ocr_par' dir='ltr' id='par_1_26' title="bbox 269 2523 1833 2594">
     <span class='ocr_line' id='line_1_26' title="bbox 269 2523 1833 2594; baseline 0.01 -30"><span class='ocrx_word' id='word_1_172' title='bbox 269 2523 354 2566; x_wconf 92' lang='lat' dir='ltr'><strong>est</strong></span> <span class='ocrx_word' id='word_1_173' title='bbox 405 2528 620 2568; x_wconf 90' lang='lat' dir='ltr'><strong>omnem</strong></span> <span class='ocrx_word' id='word_1_174' title='bbox 656 2528 966 2574; x_wconf 83' lang='lat' dir='ltr'><strong>creaturam</strong></span> <span class='ocrx_word' id='word_1_175' title='bbox 1010 2538 1198 2577; x_wconf 87' lang='lat' dir='ltr'><strong>eorum</strong></span> <span class='ocrx_word' id='word_1_176' title='bbox 1230 2526 1506 2594; x_wconf 81' lang='lat' dir='ltr'><strong>plerisque</strong></span> <span class='ocrx_word' id='word_1_177' title='bbox 1544 2527 1833 2580; x_wconf 81' lang='lat' dir='ltr'><strong>obnoxiam</strong></span> 
     </span>
    </p>
   </div>
   <div class='ocr_carea' id='block_1_27' title="bbox 269 2612 1832 2689">
    <p class='ocr_par' dir='ltr' id='par_1_27' title="bbox 269 2612 1832 2689">
     <span class='ocr_line' id='line_1_27' title="bbox 269 2612 1832 2689; baseline 0.012 -35"><span class='ocrx_word' id='word_1_178' title='bbox 269 2618 414 2666; x_wconf 82' lang='lat' dir='ltr'><strong>esse.</strong></span> <span class='ocrx_word' id='word_1_179' title='bbox 432 2615 596 2675; x_wconf 88' lang='lat' dir='ltr'><strong>atque</strong></span> <span class='ocrx_word' id='word_1_180' title='bbox 623 2625 687 2663; x_wconf 77' lang='lat' dir='ltr'><strong>ex</strong></span> <span class='ocrx_word' id='word_1_181' title='bbox 715 2626 811 2665; x_wconf 85' lang='lat' dir='ltr'><strong>sua</strong></span> <span class='ocrx_word' id='word_1_182' title='bbox 847 2612 1019 2681; x_wconf 89' lang='lat' dir='ltr'><strong>ipsius</strong></span> <span class='ocrx_word' id='word_1_183' title='bbox 1037 2624 1229 2669; x_wconf 87' lang='lat' dir='ltr'><strong>natura</strong></span> <span class='ocrx_word' id='word_1_184' title='bbox 1259 2620 1593 2686; x_wconf 72' lang='lat' dir='ltr'><strong>corruption:</strong></span> <span class='ocrx_word' id='word_1_185' title='bbox 1613 2619 1832 2689; x_wconf 75' lang='lat' dir='ltr'><strong>subjici.</strong></span> 
     </span>
    </p>
   </div>
   <div class='ocr_carea' id='block_1_28' title="bbox 855 2727 1263 2784">
    <p class='ocr_par' dir='ltr' id='par_1_28' title="bbox 855 2727 1263 2784">
     <span class='ocr_line' id='line_1_28' title="bbox 855 2727 1263 2784; baseline 0.012 -5"><span class='ocrx_word' id='word_1_186' title='bbox 855 2727 1004 2782; x_wconf 80' lang='lat' dir='ltr'><strong>CAP.</strong></span> <span class='ocrx_word' id='word_1_187' title='bbox 1049 2728 1263 2784; x_wconf 79' lang='lat' dir='ltr'><strong>XXXV.</strong></span> 
     </span>
    </p>
   </div>
   <div class='ocr_carea' id='block_1_29' title="bbox 331 2809 1784 2944">
    <p class='ocr_par' dir='ltr' id='par_1_29' title="bbox 331 2809 1784 2944">
     <span class='ocr_line' id='line_1_29' title="bbox 331 2809 1784 2944; baseline 0.01 -81"><span class='ocrx_word' id='word_1_188' title='bbox 331 2809 504 2866; x_wconf 72' lang='lat' dir='ltr'><strong>Tertia</strong></span> <span class='ocrx_word' id='word_1_189' title='bbox 530 2830 656 2868; x_wconf 77' lang='lat' dir='ltr'><strong>ours</strong></span> <span class='ocrx_word' id='word_1_190' title='bbox 677 2817 1166 2944; x_wconf 45' lang='lat' dir='ltr'><strong>conﬁuiguispdei</strong></span> <span class='ocrx_word' id='word_1_191' title='bbox 1203 2821 1425 2876; x_wconf 74' lang='lat' dir='ltr'><strong>Joannis</strong></span> <span class='ocrx_word' id='word_1_192' title='bbox 1469 2822 1784 2877; x_wconf 80' lang='lat' dir='ltr'><strong>Damasceui</strong></span> 
     </span>
     <span class='ocr_line' id='line_1_30' title="bbox 827 2903 1339 2944; baseline 0.004 -2"><span class='ocrx_word' id='word_1_193' title='bbox 827 2906 852 2942; x_wconf 84' lang='lat' dir='ltr'><strong>e</strong></span> <span class='ocrx_word' id='word_1_194' title='bbox 941 2907 1040 2944; x_wconf 77' lang='lat' dir='ltr'><strong>om</strong></span> <span class='ocrx_word' id='word_1_195' title='bbox 1072 2907 1104 2942; x_wconf 75' lang='grc' dir='ltr'>ι</span> <span class='ocrx_word' id='word_1_196' title='bbox 1137 2903 1339 2944; x_wconf 79' lang='lat' dir='ltr'><strong>sancto.</strong></span> 
     </span>
    </p>
   </div>
   <div class='ocr_carea' id='block_1_30' title="bbox 827 2903 1339 2959">
    <p class='ocr_par' dir='ltr' id='par_1_30' title="bbox 827 2903 1339 2959">
     <span class='ocr_line' id='line_1_31' title="bbox 827 2903 1339 2959; baseline 0.004 -17"><span class='ocrx_word' id='word_1_197' title='bbox 827 2906 852 2942; x_wconf 83' lang='lat' dir='ltr'><strong>e</strong></span> <span class='ocrx_word' id='word_1_198' title='bbox 897 2903 1104 2959; x_wconf 70' lang='lat' dir='ltr'><strong>bpmtu</strong></span> <span class='ocrx_word' id='word_1_199' title='bbox 1137 2903 1339 2945; x_wconf 79' lang='lat' dir='ltr'><strong>sancto.</strong></span> 
     </span>
    </p>
   </div>
   <div class='ocr_carea' id='block_1_31' title="bbox 343 2973 1827 3052">
    <p class='ocr_par' dir='ltr' id='par_1_31' title="bbox 343 2973 1827 3052">
     <span class='ocr_line' id='line_1_32' title="bbox 343 2973 1827 3052; baseline 0.006 -23"><span class='ocrx_word' id='word_1_200' title='bbox 343 2973 632 3032; x_wconf 81' lang='lat' dir='ltr'><strong>Credimus</strong></span> <span class='ocrx_word' id='word_1_201' title='bbox 686 2980 923 3048; x_wconf 86' lang='lat' dir='ltr'><strong>denique</strong></span> <span class='ocrx_word' id='word_1_202' title='bbox 965 2982 1020 3034; x_wconf 93' lang='lat' dir='ltr'><strong>in</strong></span> <span class='ocrx_word' id='word_1_203' title='bbox 1071 2997 1241 3036; x_wconf 88' lang='lat' dir='ltr'><strong>ttnum</strong></span> <span class='ocrx_word' id='word_1_204' title='bbox 1287 2998 1506 3052; x_wconf 91' lang='lat' dir='ltr'><strong>quoque</strong></span> <span class='ocrx_word' id='word_1_205' title='bbox 1559 2984 1827 3052; x_wconf 86' lang='lat' dir='ltr'><strong>Spiritum</strong></span> 
     </span>
    </p>
   </div>
   <div class='ocr_carea' id='block_1_32' title="bbox 275 3071 1844 3145">
    <p class='ocr_par' dir='ltr' id='par_1_32' title="bbox 275 3071 1844 3145">
     <span class='ocr_line' id='line_1_33' title="bbox 275 3071 1844 3145; baseline 0.008 -27"><span class='ocrx_word' id='word_1_206' title='bbox 275 3079 524 3122; x_wconf 85' lang='lat' dir='ltr'><strong>sanctum</strong></span> <span class='ocrx_word' id='word_1_207' title='bbox 551 3071 864 3136; x_wconf 88' lang='lat' dir='ltr'><strong>Dominum,</strong></span> <span class='ocrx_word' id='word_1_208' title='bbox 901 3074 1286 3138; x_wconf 83' lang='lat' dir='ltr'><strong>viviﬁcantem,</strong></span> <span class='ocrx_word' id='word_1_209' title='bbox 1317 3077 1409 3145; x_wconf 94' lang='lat' dir='ltr'><strong>qui</strong></span> <span class='ocrx_word' id='word_1_210' title='bbox 1438 3093 1504 3132; x_wconf 82' lang='lat' dir='ltr'><strong>ex</strong></span> <span class='ocrx_word' id='word_1_211' title='bbox 1543 3078 1699 3132; x_wconf 86' lang='lat' dir='ltr'><strong>Patre</strong></span> <span class='ocrx_word' id='word_1_212' title='bbox 1735 3078 1844 3144; x_wconf 79' lang='lat' dir='ltr'><strong>(Fi-</strong></span> 
     </span>
    </p>
   </div>
   <div class='ocr_carea' id='block_1_33' title="bbox 1937 609 3495 682">
    <p class='ocr_par' dir='ltr' id='par_1_33' title="bbox 1937 609 3495 682">
     <span class='ocr_line' id='line_1_34' title="bbox 1937 609 3495 682; baseline -0.001 -19"><span class='ocrx_word' id='word_1_213' title='bbox 1937 613 2259 679; x_wconf 70' lang='grc' dir='ltr'><strong>ὲκπόρευσις</strong></span> <span class='ocrx_word' id='word_1_214' title='bbox 2309 629 2402 667; x_wconf 91' lang='lat' dir='ltr'><strong>seu</strong></span> <span class='ocrx_word' id='word_1_215' title='bbox 2458 615 2735 682; x_wconf 87' lang='lat' dir='ltr'><strong>processio</strong></span> <span class='ocrx_word' id='word_1_216' title='bbox 2785 614 3010 682; x_wconf 78' lang='lat' dir='ltr'><strong>intelligi</strong></span> <span class='ocrx_word' id='word_1_217' title='bbox 3067 625 3226 680; x_wconf 83' lang='lat' dir='ltr'><strong>posse</strong></span> <span class='ocrx_word' id='word_1_218' title='bbox 3255 609 3495 662; x_wconf 83' lang='lat' dir='ltr'><strong>videtur.</strong></span> 
     </span>
    </p>
   </div>
   <div class='ocr_carea' id='block_1_34' title="bbox 1933 697 3497 768">
    <p class='ocr_par' dir='ltr' id='par_1_34' title="bbox 1933 697 3497 768">
     <span class='ocr_line' id='line_1_35' title="bbox 1933 697 3497 768; baseline -0.011 -5"><span class='ocrx_word' id='word_1_219' title='bbox 1933 699 2112 763; x_wconf 84' lang='lat' dir='ltr'><strong>Quare</strong></span> <span class='ocrx_word' id='word_1_220' title='bbox 2135 716 2474 768; x_wconf 71' lang='lat' dir='ltr'><strong>quzecunque</strong></span> <span class='ocrx_word' id='word_1_221' title='bbox 2503 702 2670 755; x_wconf 85' lang='lat' dir='ltr'><strong>Filius</strong></span> <span class='ocrx_word' id='word_1_222' title='bbox 2691 709 2745 753; x_wconf 89' lang='lat' dir='ltr'><strong>et</strong></span> <span class='ocrx_word' id='word_1_223' title='bbox 2763 701 3002 767; x_wconf 88' lang='lat' dir='ltr'><strong>Spiritus</strong></span> <span class='ocrx_word' id='word_1_224' title='bbox 3025 707 3251 752; x_wconf 84' lang='lat' dir='ltr'><strong>sanctus</strong></span> <span class='ocrx_word' id='word_1_225' title='bbox 3275 697 3497 756; x_wconf 89' lang='lat' dir='ltr'><strong>habent,</strong></span> 
     </span>
    </p>
   </div>
   <div class='ocr_carea' id='block_1_35' title="bbox 1934 785 3496 858">
    <p class='ocr_par' dir='ltr' id='par_1_35' title="bbox 1934 785 3496 858">
     <span class='ocr_line' id='line_1_36' title="bbox 1934 785 3496 858; baseline -0.003 -19"><span class='ocrx_word' id='word_1_226' title='bbox 1934 803 1995 840; x_wconf 85' lang='lat' dir='ltr'><strong>ea</strong></span> <span class='ocrx_word' id='word_1_227' title='bbox 2023 805 2082 842; x_wconf 82' lang='lat' dir='ltr'><strong>ex</strong></span> <span class='ocrx_word' id='word_1_228' title='bbox 2118 791 2275 843; x_wconf 82' lang='lat' dir='ltr'><strong>Patre</strong></span> <span class='ocrx_word' id='word_1_229' title='bbox 2299 789 2521 848; x_wconf 84' lang='lat' dir='ltr'><strong>habent,</strong></span> <span class='ocrx_word' id='word_1_230' title='bbox 2551 800 2712 858; x_wconf 91' lang='lat' dir='ltr'><strong>atque</strong></span> <span class='ocrx_word' id='word_1_231' title='bbox 2735 791 2908 857; x_wconf 85' lang='lat' dir='ltr'><strong>ipsam</strong></span> <span class='ocrx_word' id='word_1_232' title='bbox 2936 801 3151 854; x_wconf 91' lang='lat' dir='ltr'><strong>quoque</strong></span> <span class='ocrx_word' id='word_1_233' title='bbox 3179 785 3496 847; x_wconf 86' lang='lat' dir='ltr'><strong>essentiam,</strong></span> 
     </span>
    </p>
   </div>
   <div class='ocr_carea' id='block_1_36' title="bbox 1935 877 3499 946">
    <p class='ocr_par' dir='ltr' id='par_1_36' title="bbox 1935 877 3499 946">
     <span class='ocr_line' id='line_1_37' title="bbox 1935 877 3499 946; baseline -0.003 -12"><span class='ocrx_word' id='word_1_234' title='bbox 1935 892 1988 934; x_wconf 90' lang='lat' dir='ltr'><strong>et</strong></span> <span class='ocrx_word' id='word_1_235' title='bbox 2020 883 2123 935; x_wconf 84' lang='lat' dir='ltr'><strong>nisi</strong></span> <span class='ocrx_word' id='word_1_236' title='bbox 2159 883 2230 935; x_wconf 90' lang='lat' dir='ltr'><strong>sit</strong></span> <span class='ocrx_word' id='word_1_237' title='bbox 2263 881 2442 944; x_wconf 82' lang='lat' dir='ltr'><strong>Pater,</strong></span> <span class='ocrx_word' id='word_1_238' title='bbox 2476 883 2658 935; x_wconf 87' lang='lat' dir='ltr'><strong>nullus</strong></span> <span class='ocrx_word' id='word_1_239' title='bbox 2689 882 2884 941; x_wconf 85' lang='lat' dir='ltr'><strong>Filius,</strong></span> <span class='ocrx_word' id='word_1_240' title='bbox 2933 880 3118 932; x_wconf 90' lang='lat' dir='ltr'><strong>nullus</strong></span> <span class='ocrx_word' id='word_1_241' title='bbox 3163 889 3219 932; x_wconf 88' lang='lat' dir='ltr'><strong>et</strong></span> <span class='ocrx_word' id='word_1_242' title='bbox 3255 877 3499 946; x_wconf 87' lang='lat' dir='ltr'><strong>Spiritus</strong></span> 
     </span>
    </p>
   </div>
   <div class='ocr_carea' id='block_1_37' title="bbox 1934 967 3502 1042">
    <p class='ocr_par' dir='ltr' id='par_1_37' title="bbox 1934 967 3502 1042">
     <span class='ocr_line' id='line_1_38' title="bbox 1934 967 3502 1042; baseline -0.003 -18"><span class='ocrx_word' id='word_1_243' title='bbox 1934 986 2052 1025; x_wconf 87' lang='lat' dir='ltr'><strong>esse</strong></span> <span class='ocrx_word' id='word_1_244' title='bbox 2082 983 2281 1042; x_wconf 84' lang='lat' dir='ltr'><strong>potest,</strong></span> <span class='ocrx_word' id='word_1_245' title='bbox 2313 983 2371 1026; x_wconf 92' lang='lat' dir='ltr'><strong>et</strong></span> <span class='ocrx_word' id='word_1_246' title='bbox 2406 973 2448 1026; x_wconf 87' lang='lat' dir='ltr'><strong>si</strong></span> <span class='ocrx_word' id='word_1_247' title='bbox 2476 989 2582 1040; x_wconf 89' lang='lat' dir='ltr'><strong>qua</strong></span> <span class='ocrx_word' id='word_1_248' title='bbox 2617 987 2672 1024; x_wconf 88' lang='lat' dir='ltr'><strong>re</strong></span> <span class='ocrx_word' id='word_1_249' title='bbox 2698 981 2877 1024; x_wconf 90' lang='lat' dir='ltr'><strong>careat</strong></span> <span class='ocrx_word' id='word_1_250' title='bbox 2903 971 3081 1030; x_wconf 66' lang='lat' dir='ltr'><strong>Pater,</strong></span> <span class='ocrx_word' id='word_1_251' title='bbox 3110 970 3298 1022; x_wconf 85' lang='lat' dir='ltr'><strong>eadem</strong></span> <span class='ocrx_word' id='word_1_252' title='bbox 3331 967 3502 1021; x_wconf 83' lang='lat' dir='ltr'><strong>Filius</strong></span> 
     </span>
    </p>
   </div>
   <div class='ocr_carea' id='block_1_38' title="bbox 1936 1061 3499 1132">
    <p class='ocr_par' dir='ltr' id='par_1_38' title="bbox 1936 1061 3499 1132">
     <span class='ocr_line' id='line_1_39' title="bbox 1936 1061 3499 1132; baseline -0.004 -15"><span class='ocrx_word' id='word_1_253' title='bbox 1936 1074 1988 1117; x_wconf 92' lang='lat' dir='ltr'><strong>ct</strong></span> <span class='ocrx_word' id='word_1_254' title='bbox 2019 1064 2254 1132; x_wconf 79' lang='lat' dir='ltr'><strong>Spiritus</strong></span> <span class='ocrx_word' id='word_1_255' title='bbox 2285 1072 2492 1118; x_wconf 90' lang='lat' dir='ltr'><strong>carent.</strong></span> <span class='ocrx_word' id='word_1_256' title='bbox 2527 1063 2700 1130; x_wconf 81' lang='lat' dir='ltr'><strong>Atque</strong></span> <span class='ocrx_word' id='word_1_257' title='bbox 2742 1072 2964 1130; x_wconf 86' lang='lat' dir='ltr'><strong>propter</strong></span> <span class='ocrx_word' id='word_1_258' title='bbox 3001 1063 3239 1124; x_wconf 86' lang='lat' dir='ltr'><strong>Patrem,</strong></span> <span class='ocrx_word' id='word_1_259' title='bbox 3273 1061 3376 1115; x_wconf 91' lang='lat' dir='ltr'><strong>hoc</strong></span> <span class='ocrx_word' id='word_1_260' title='bbox 3398 1065 3499 1118; x_wconf 86' lang='lat' dir='ltr'><strong>est,</strong></span> 
     </span>
    </p>
   </div>
   <div class='ocr_carea' id='block_1_39' title="bbox 1937 1149 3504 1224">
    <p class='ocr_par' dir='ltr' id='par_1_39' title="bbox 1937 1149 3504 1224">
     <span class='ocr_line' id='line_1_40' title="bbox 1937 1149 3504 1224; baseline -0.005 -15"><span class='ocrx_word' id='word_1_261' title='bbox 1937 1157 2062 1224; x_wconf 90' lang='lat' dir='ltr'><strong>quia</strong></span> <span class='ocrx_word' id='word_1_262' title='bbox 2120 1155 2277 1208; x_wconf 87' lang='lat' dir='ltr'><strong>Pater</strong></span> <span class='ocrx_word' id='word_1_263' title='bbox 2311 1162 2394 1209; x_wconf 91' lang='lat' dir='ltr'><strong>cst</strong></span> <span class='ocrx_word' id='word_1_264' title='bbox 2443 1153 2613 1206; x_wconf 80' lang='lat' dir='ltr'><strong>Filius</strong></span> <span class='ocrx_word' id='word_1_265' title='bbox 2641 1167 2859 1220; x_wconf 88' lang='lat' dir='ltr'><strong>quoque</strong></span> <span class='ocrx_word' id='word_1_266' title='bbox 2907 1163 2957 1204; x_wconf 90' lang='lat' dir='ltr'><strong>et</strong></span> <span class='ocrx_word' id='word_1_267' title='bbox 2999 1152 3234 1218; x_wconf 86' lang='lat' dir='ltr'><strong>Spiritus</strong></span> <span class='ocrx_word' id='word_1_268' title='bbox 3277 1159 3383 1203; x_wconf 89' lang='lat' dir='ltr'><strong>est.</strong></span> <span class='ocrx_word' id='word_1_269' title='bbox 3437 1149 3504 1202; x_wconf 82' lang='lat' dir='ltr'><strong>Et</strong></span> 
     </span>
    </p>
   </div>
   <div class='ocr_carea' id='block_1_40' title="bbox 1941 1241 3504 1316">
    <p class='ocr_par' dir='ltr' id='par_1_40' title="bbox 1941 1241 3504 1316">
     <span class='ocr_line' id='line_1_41' title="bbox 1941 1241 3504 1316; baseline -0.005 -16"><span class='ocrx_word' id='word_1_270' title='bbox 1941 1257 2162 1316; x_wconf 85' lang='lat' dir='ltr'><strong>propter</strong></span> <span class='ocrx_word' id='word_1_271' title='bbox 2199 1245 2412 1299; x_wconf 86' lang='lat' dir='ltr'><strong>Patrem</strong></span> <span class='ocrx_word' id='word_1_272' title='bbox 2449 1244 2617 1297; x_wconf 83' lang='lat' dir='ltr'><strong>Filius</strong></span> <span class='ocrx_word' id='word_1_273' title='bbox 2645 1257 2699 1297; x_wconf 91' lang='lat' dir='ltr'><strong>et</strong></span> <span class='ocrx_word' id='word_1_274' title='bbox 2737 1242 2974 1309; x_wconf 75' lang='lat' dir='ltr'><strong>Spiritus</strong></span> <span class='ocrx_word' id='word_1_275' title='bbox 3007 1241 3211 1294; x_wconf 81' lang='lat' dir='ltr'><strong>habent</strong></span> <span class='ocrx_word' id='word_1_276' title='bbox 3243 1255 3504 1308; x_wconf 60' lang='lat' dir='ltr'><strong>quacun-</strong></span> 
     </span>
    </p>
   </div>
   <div class='ocr_carea' id='block_1_41' title="bbox 1939 1333 3498 1408">
    <p class='ocr_par' dir='ltr' id='par_1_41' title="bbox 1939 1333 3498 1408">
     <span class='ocr_line' id='line_1_42' title="bbox 1939 1333 3498 1408; baseline -0.003 -19"><span class='ocrx_word' id='word_1_277' title='bbox 1939 1356 2042 1408; x_wconf 79' lang='lat' dir='ltr'><strong>que</strong></span> <span class='ocrx_word' id='word_1_278' title='bbox 2081 1340 2304 1396; x_wconf 82' lang='lat' dir='ltr'><strong>habent.</strong></span> <span class='ocrx_word' id='word_1_279' title='bbox 2340 1339 2440 1390; x_wconf 84' lang='lat' dir='ltr'><strong>hoe</strong></span> <span class='ocrx_word' id='word_1_280' title='bbox 2463 1347 2568 1397; x_wconf 90' lang='lat' dir='ltr'><strong>est,</strong></span> <span class='ocrx_word' id='word_1_281' title='bbox 2600 1337 2726 1404; x_wconf 86' lang='lat' dir='ltr'><strong>quia</strong></span> <span class='ocrx_word' id='word_1_282' title='bbox 2766 1350 2828 1387; x_wconf 86' lang='lat' dir='ltr'><strong>ea</strong></span> <span class='ocrx_word' id='word_1_283' title='bbox 2858 1334 3022 1387; x_wconf 81' lang='lat' dir='ltr'><strong>Pater</strong></span> <span class='ocrx_word' id='word_1_284' title='bbox 3053 1333 3238 1394; x_wconf 83' lang='lat' dir='ltr'><strong>habet,</strong></span> <span class='ocrx_word' id='word_1_285' title='bbox 3276 1334 3498 1400; x_wconf 77' lang='lat' dir='ltr'><strong>ingene-</strong></span> 
     </span>
    </p>
   </div>
   <div class='ocr_carea' id='block_1_42' title="bbox 1947 1423 3508 1496">
    <p class='ocr_par' dir='ltr' id='par_1_42' title="bbox 1947 1423 3508 1496">
     <span class='ocr_line' id='line_1_43' title="bbox 1947 1423 3508 1496; baseline -0.004 -14"><span class='ocrx_word' id='word_1_286' title='bbox 1947 1431 2181 1489; x_wconf 90' lang='lat' dir='ltr'><strong>ratione,</strong></span> <span class='ocrx_word' id='word_1_287' title='bbox 2221 1429 2571 1496; x_wconf 81' lang='lat' dir='ltr'><strong>generatione</strong></span> <span class='ocrx_word' id='word_1_288' title='bbox 2626 1434 2682 1478; x_wconf 91' lang='lat' dir='ltr'><strong>et</strong></span> <span class='ocrx_word' id='word_1_289' title='bbox 2728 1425 3080 1492; x_wconf 79' lang='lat' dir='ltr'><strong>processione</strong></span> <span class='ocrx_word' id='word_1_290' title='bbox 3116 1423 3372 1490; x_wconf 89' lang='lat' dir='ltr'><strong>demptis.</strong></span> <span class='ocrx_word' id='word_1_291' title='bbox 3413 1423 3508 1476; x_wconf 88' lang='lat' dir='ltr'><strong>llis</strong></span> 
     </span>
    </p>
   </div>
   <div class='ocr_carea' id='block_1_43' title="bbox 1937 1515 3507 1586">
    <p class='ocr_par' dir='ltr' id='par_1_43' title="bbox 1937 1515 3507 1586">
     <span class='ocr_line' id='line_1_44' title="bbox 1937 1515 3507 1586; baseline -0.004 -13"><span class='ocrx_word' id='word_1_292' title='bbox 1937 1523 2082 1573; x_wconf 82' lang='lat' dir='ltr'><strong>enim</strong></span> <span class='ocrx_word' id='word_1_293' title='bbox 2146 1520 2282 1572; x_wconf 89' lang='lat' dir='ltr'><strong>solis</strong></span> <span class='ocrx_word' id='word_1_294' title='bbox 2347 1526 2402 1570; x_wconf 90' lang='lat' dir='ltr'><strong>et</strong></span> <span class='ocrx_word' id='word_1_295' title='bbox 2469 1516 2826 1586; x_wconf 75' lang='lat' dir='ltr'><strong>hypostaticis</strong></span> <span class='ocrx_word' id='word_1_296' title='bbox 2902 1515 3327 1582; x_wconf 83' lang='lat' dir='ltr'><strong>proprietatibus</strong></span> <span class='ocrx_word' id='word_1_297' title='bbox 3399 1520 3507 1566; x_wconf 85' lang='lat' dir='ltr'><strong>tres</strong></span> 
     </span>
    </p>
   </div>
   <div class='ocr_carea' id='block_1_44' title="bbox 1939 1605 3509 1678">
    <p class='ocr_par' dir='ltr' id='par_1_44' title="bbox 1939 1605 3509 1678">
     <span class='ocr_line' id='line_1_45' title="bbox 1939 1605 3509 1678; baseline -0.006 -14"><span class='ocrx_word' id='word_1_298' title='bbox 1939 1611 2476 1678; x_wconf 68' lang='lat' dir='ltr'><strong>sanctazbypostases</strong></span> <span class='ocrx_word' id='word_1_299' title='bbox 2500 1609 2640 1660; x_wconf 90' lang='lat' dir='ltr'><strong>inter</strong></span> <span class='ocrx_word' id='word_1_300' title='bbox 2673 1622 2729 1660; x_wconf 82' lang='lat' dir='ltr'><strong>se</strong></span> <span class='ocrx_word' id='word_1_301' title='bbox 2773 1606 3035 1659; x_wconf 80' lang='lat' dir='ltr'><strong>differunt</strong></span> <span class='ocrx_word' id='word_1_302' title='bbox 3069 1623 3078 1654; x_wconf 88' lang='lat'><strong>:</strong></span> <span class='ocrx_word' id='word_1_303' title='bbox 3127 1620 3304 1672; x_wconf 92' lang='lat' dir='ltr'><strong>neque</strong></span> <span class='ocrx_word' id='word_1_304' title='bbox 3345 1605 3393 1656; x_wconf 93' lang='lat' dir='ltr'><strong>id</strong></span> <span class='ocrx_word' id='word_1_305' title='bbox 3421 1619 3509 1657; x_wconf 83' lang='lat' dir='ltr'><strong>es-</strong></span> 
     </span>
    </p>
   </div>
   <div class='ocr_carea' id='block_1_45' title="bbox 1941 1695 3508 1766">
    <p class='ocr_par' dir='ltr' id='par_1_45' title="bbox 1941 1695 3508 1766">
     <span class='ocr_line' id='line_1_46' title="bbox 1941 1695 3508 1766; baseline -0.006 -13"><span class='ocrx_word' id='word_1_306' title='bbox 1941 1701 2139 1758; x_wconf 88' lang='lat' dir='ltr'><strong>sentia,</strong></span> <span class='ocrx_word' id='word_1_307' title='bbox 2170 1700 2261 1752; x_wconf 88' lang='lat' dir='ltr'><strong>sed</strong></span> <span class='ocrx_word' id='word_1_308' title='bbox 2288 1699 2410 1765; x_wconf 88' lang='lat' dir='ltr'><strong>quia</strong></span> <span class='ocrx_word' id='word_1_309' title='bbox 2432 1699 2665 1766; x_wconf 76' lang='lat' dir='ltr'><strong>propria:</strong></span> <span class='ocrx_word' id='word_1_310' title='bbox 2698 1698 3051 1766; x_wconf 71' lang='lat' dir='ltr'><strong>hypostascos</strong></span> <span class='ocrx_word' id='word_1_311' title='bbox 3073 1695 3386 1753; x_wconf 71' lang='lat' dir='ltr'><strong>charactere</strong></span> <span class='ocrx_word' id='word_1_312' title='bbox 3415 1710 3508 1748; x_wconf 87' lang='lat' dir='ltr'><strong>seu</strong></span> 
     </span>
    </p>
   </div>
   <div class='ocr_carea' id='block_1_46' title="bbox 1942 1788 3504 1860">
    <p class='ocr_par' dir='ltr' id='par_1_46' title="bbox 1942 1788 3504 1860">
     <span class='ocr_line' id='line_1_47' title="bbox 1942 1788 3504 1860; baseline -0.005 -16"><span class='ocrx_word' id='word_1_313' title='bbox 1942 1792 2094 1860; x_wconf 82' lang='lat' dir='ltr'><strong>signo</strong></span> <span class='ocrx_word' id='word_1_314' title='bbox 2130 1791 2408 1844; x_wconf 87' lang='lat' dir='ltr'><strong>individue</strong></span> <span class='ocrx_word' id='word_1_315' title='bbox 2440 1788 2781 1840; x_wconf 89' lang='lat' dir='ltr'><strong>dividuntur.</strong></span> <span class='ocrx_word' id='word_1_316' title='bbox 2809 1788 3049 1840; x_wconf 81' lang='lat' dir='ltr'><strong>Dicimus</strong></span> <span class='ocrx_word' id='word_1_317' title='bbox 3081 1796 3262 1838; x_wconf 88' lang='lat' dir='ltr'><strong>autem</strong></span> <span class='ocrx_word' id='word_1_318' title='bbox 3305 1803 3504 1838; x_wconf 86' lang='lat' dir='ltr'><strong>unum-</strong></span> 
     </span>
    </p>
   </div>
   <div class='ocr_carea' id='block_1_47' title="bbox 1943 1877 3510 1952">
    <p class='ocr_par' dir='ltr' id='par_1_47' title="bbox 1943 1877 3510 1952">
     <span class='ocr_line' id='line_1_48' title="bbox 1943 1877 3510 1952; baseline -0.005 -16"><span class='ocrx_word' id='word_1_319' title='bbox 1943 1897 2214 1952; x_wconf 89' lang='lat' dir='ltr'><strong>quemque</strong></span> <span class='ocrx_word' id='word_1_320' title='bbox 2239 1897 2305 1935; x_wconf 81' lang='lat' dir='ltr'><strong>ex</strong></span> <span class='ocrx_word' id='word_1_321' title='bbox 2333 1881 2506 1933; x_wconf 87' lang='lat' dir='ltr'><strong>tribus</strong></span> <span class='ocrx_word' id='word_1_322' title='bbox 2531 1880 2749 1949; x_wconf 90' lang='lat' dir='ltr'><strong>propria</strong></span> <span class='ocrx_word' id='word_1_323' title='bbox 2771 1879 3054 1948; x_wconf 66' lang='lat' dir='ltr'><strong>praeditum</strong></span> <span class='ocrx_word' id='word_1_324' title='bbox 3074 1894 3193 1931; x_wconf 89' lang='lat' dir='ltr'><strong>esse</strong></span> <span class='ocrx_word' id='word_1_325' title='bbox 3214 1877 3510 1947; x_wconf 75' lang='lat' dir='ltr'><strong>hypostasi,</strong></span> 
     </span>
    </p>
   </div>
   <div class='ocr_carea' id='block_1_48' title="bbox 1943 1969 3512 2038">
    <p class='ocr_par' dir='ltr' id='par_1_48' title="bbox 1943 1969 3512 2038">
     <span class='ocr_line' id='line_1_49' title="bbox 1943 1969 3512 2038; baseline -0.006 -9"><span class='ocrx_word' id='word_1_326' title='bbox 1943 1989 2012 2029; x_wconf 89' lang='lat' dir='ltr'><strong>ne</strong></span> <span class='ocrx_word' id='word_1_327' title='bbox 2031 1974 2204 2028; x_wconf 89' lang='lat' dir='ltr'><strong>tribus</strong></span> <span class='ocrx_word' id='word_1_328' title='bbox 2224 1986 2290 2024; x_wconf 76' lang='lat' dir='ltr'><strong>ex</strong></span> <span class='ocrx_word' id='word_1_329' title='bbox 2308 1970 2637 2038; x_wconf 79' lang='lat' dir='ltr'><strong>imperfectis</strong></span> <span class='ocrx_word' id='word_1_330' title='bbox 2659 1985 2819 2024; x_wconf 91' lang='lat' dir='ltr'><strong>unam</strong></span> <span class='ocrx_word' id='word_1_331' title='bbox 2843 1970 3132 2038; x_wconf 88' lang='lat' dir='ltr'><strong>perfectam</strong></span> <span class='ocrx_word' id='word_1_332' title='bbox 3156 1969 3512 2036; x_wconf 70' lang='lat' dir='ltr'><strong>compositam</strong></span> 
     </span>
    </p>
   </div>
   <div class='ocr_carea' id='block_1_49' title="bbox 1951 2056 3517 2127">
    <p class='ocr_par' dir='ltr' id='par_1_49' title="bbox 1951 2056 3517 2127">
     <span class='ocr_line' id='line_1_50' title="bbox 1951 2056 3517 2127; baseline -0.004 -12"><span class='ocrx_word' id='word_1_333' title='bbox 1951 2073 2204 2115; x_wconf 91' lang='lat' dir='ltr'><strong>naturam</strong></span> <span class='ocrx_word' id='word_1_334' title='bbox 2238 2059 2620 2127; x_wconf 84' lang='lat' dir='ltr'><strong>proliteamur,</strong></span> <span class='ocrx_word' id='word_1_335' title='bbox 2674 2056 2768 2113; x_wconf 80' lang='lat' dir='ltr'><strong>sed</strong></span> <span class='ocrx_word' id='word_1_336' title='bbox 2819 2061 2871 2112; x_wconf 93' lang='lat' dir='ltr'><strong>in</strong></span> <span class='ocrx_word' id='word_1_337' title='bbox 2912 2059 3092 2112; x_wconf 90' lang='lat' dir='ltr'><strong>tribus</strong></span> <span class='ocrx_word' id='word_1_338' title='bbox 3133 2059 3386 2127; x_wconf 87' lang='lat' dir='ltr'><strong>perfectis</strong></span> <span class='ocrx_word' id='word_1_339' title='bbox 3421 2058 3517 2126; x_wconf 71' lang='lat' dir='ltr'><strong>hy-</strong></span> 
     </span>
    </p>
   </div>
   <div class='ocr_carea' id='block_1_50' title="bbox 1950 2149 3517 2216">
    <p class='ocr_par' dir='ltr' id='par_1_50' title="bbox 1950 2149 3517 2216">
     <span class='ocr_line' id='line_1_51' title="bbox 1950 2149 3517 2216; baseline -0.003 -14"><span class='ocrx_word' id='word_1_340' title='bbox 1950 2150 2260 2215; x_wconf 83' lang='lat' dir='ltr'><strong>postasibus</strong></span> <span class='ocrx_word' id='word_1_341' title='bbox 2292 2164 2454 2201; x_wconf 89' lang='lat' dir='ltr'><strong>unam</strong></span> <span class='ocrx_word' id='word_1_342' title='bbox 2491 2149 2795 2216; x_wconf 89' lang='lat' dir='ltr'><strong>simplicem</strong></span> <span class='ocrx_word' id='word_1_343' title='bbox 2828 2149 3103 2216; x_wconf 80' lang='grc' dir='ltr'><strong>ὑπερτελῆ</strong></span> <span class='ocrx_word' id='word_1_344' title='bbox 3151 2166 3208 2199; x_wconf 87' lang='grc' dir='ltr'><strong>τε</strong></span> <span class='ocrx_word' id='word_1_345' title='bbox 3263 2151 3352 2199; x_wconf 66' lang='grc' dir='ltr'><strong>καὶ</strong></span> <span class='ocrx_word' id='word_1_346' title='bbox 3393 2165 3517 2214; x_wconf 66' lang='grc' dir='ltr'><strong>προ-</strong></span> 
     </span>
    </p>
   </div>
   <div class='ocr_carea' id='block_1_51' title="bbox 1948 2240 3517 2309">
    <p class='ocr_par' dir='ltr' id='par_1_51' title="bbox 1948 2240 3517 2309">
     <span class='ocr_line' id='line_1_52' title="bbox 1948 2240 3517 2309; baseline -0.003 -17"><span class='ocrx_word' id='word_1_347' title='bbox 1948 2243 2172 2303; x_wconf 69' lang='grc' dir='ltr'><strong>τέλειον,</strong></span> <span class='ocrx_word' id='word_1_348' title='bbox 2210 2241 2312 2294; x_wconf 87' lang='lat' dir='ltr'><strong>hoc</strong></span> <span class='ocrx_word' id='word_1_349' title='bbox 2338 2249 2420 2294; x_wconf 92' lang='lat' dir='ltr'><strong>est</strong></span> <span class='ocrx_word' id='word_1_350' title='bbox 2445 2256 2563 2308; x_wconf 71' lang='lat' dir='ltr'><strong>qum</strong></span> <span class='ocrx_word' id='word_1_351' title='bbox 2599 2241 2988 2309; x_wconf 73' lang='lat' dir='ltr'><strong>perfectionem</strong></span> <span class='ocrx_word' id='word_1_352' title='bbox 3027 2255 3245 2294; x_wconf 89' lang='lat' dir='ltr'><strong>omnem</strong></span> <span class='ocrx_word' id='word_1_353' title='bbox 3290 2240 3517 2294; x_wconf 81' lang='lat' dir='ltr'><strong>excedat</strong></span> 
     </span>
    </p>
   </div>
   <div class='ocr_carea' id='block_1_52' title="bbox 1948 2331 3521 2402">
    <p class='ocr_par' dir='ltr' id='par_1_52' title="bbox 1948 2331 3521 2402">
     <span class='ocr_line' id='line_1_53' title="bbox 1948 2331 3521 2402; baseline -0.002 -17"><span class='ocrx_word' id='word_1_354' title='bbox 1948 2342 2003 2385; x_wconf 85' lang='lat' dir='ltr'><strong>et</strong></span> <span class='ocrx_word' id='word_1_355' title='bbox 2037 2333 2330 2402; x_wconf 67' lang='lat' dir='ltr'><strong>prtecedat.</strong></span> <span class='ocrx_word' id='word_1_356' title='bbox 2381 2331 2658 2401; x_wconf 86' lang='lat' dir='ltr'><strong>Quidquid</strong></span> <span class='ocrx_word' id='word_1_357' title='bbox 2700 2332 2845 2385; x_wconf 88' lang='lat' dir='ltr'><strong>enim</strong></span> <span class='ocrx_word' id='word_1_358' title='bbox 2896 2349 2963 2386; x_wconf 78' lang='lat' dir='ltr'><strong>ex</strong></span> <span class='ocrx_word' id='word_1_359' title='bbox 3016 2333 3349 2400; x_wconf 78' lang='lat' dir='ltr'><strong>imperfectis</strong></span> <span class='ocrx_word' id='word_1_360' title='bbox 3391 2347 3521 2385; x_wconf 83' lang='lat' dir='ltr'><strong>eon-</strong></span> 
     </span>
    </p>
   </div>
   <div class='ocr_carea' id='block_1_53' title="bbox 1949 2417 3522 2488">
    <p class='ocr_par' dir='ltr' id='par_1_53' title="bbox 1949 2417 3522 2488">
     <span class='ocr_line' id='line_1_54' title="bbox 1949 2417 3522 2488; baseline -0.001 -15"><span class='ocrx_word' id='word_1_361' title='bbox 1949 2427 2056 2473; x_wconf 88' lang='lat' dir='ltr'><strong>stat</strong></span> <span class='ocrx_word' id='word_1_362' title='bbox 2086 2418 2229 2471; x_wconf 92' lang='lat' dir='ltr'><strong>haud</strong></span> <span class='ocrx_word' id='word_1_363' title='bbox 2273 2417 2438 2472; x_wconf 80' lang='lat' dir='ltr'><strong>dubie</strong></span> <span class='ocrx_word' id='word_1_364' title='bbox 2469 2421 2835 2486; x_wconf 79' lang='lat' dir='ltr'><strong>compositum</strong></span> <span class='ocrx_word' id='word_1_365' title='bbox 2885 2429 2989 2482; x_wconf 94' lang='lat' dir='ltr'><strong>est,</strong></span> <span class='ocrx_word' id='word_1_366' title='bbox 3031 2430 3086 2472; x_wconf 90' lang='lat' dir='ltr'><strong>at</strong></span> <span class='ocrx_word' id='word_1_367' title='bbox 3139 2436 3204 2473; x_wconf 75' lang='lat' dir='ltr'><strong>ex</strong></span> <span class='ocrx_word' id='word_1_368' title='bbox 3265 2420 3522 2488; x_wconf 80' lang='lat' dir='ltr'><strong>perfectis</strong></span> 
     </span>
    </p>
   </div>
   <div class='ocr_carea' id='block_1_54' title="bbox 1953 2509 3522 2581">
    <p class='ocr_par' dir='ltr' id='par_1_54' title="bbox 1953 2509 3522 2581">
     <span class='ocr_line' id='line_1_55' title="bbox 1953 2509 3522 2581; baseline 0 -19"><span class='ocrx_word' id='word_1_369' title='bbox 1953 2509 2337 2580; x_wconf 81' lang='lat' dir='ltr'><strong>hypostasibus</strong></span> <span class='ocrx_word' id='word_1_370' title='bbox 2399 2509 2513 2562; x_wconf 85' lang='lat' dir='ltr'><strong>fieri</strong></span> <span class='ocrx_word' id='word_1_371' title='bbox 2547 2525 2653 2563; x_wconf 93' lang='lat' dir='ltr'><strong>non</strong></span> <span class='ocrx_word' id='word_1_372' title='bbox 2698 2521 2898 2578; x_wconf 90' lang='lat' dir='ltr'><strong>potest,</strong></span> <span class='ocrx_word' id='word_1_373' title='bbox 2933 2521 2989 2564; x_wconf 93' lang='lat' dir='ltr'><strong>ut</strong></span> <span class='ocrx_word' id='word_1_374' title='bbox 3018 2511 3318 2581; x_wconf 88' lang='lat' dir='ltr'><strong>quidquam</strong></span> <span class='ocrx_word' id='word_1_375' title='bbox 3377 2527 3522 2564; x_wconf 91' lang='lat' dir='ltr'><strong>com-</strong></span> 
     </span>
    </p>
   </div>
   <div class='ocr_carea' id='block_1_55' title="bbox 1956 2601 3520 2673">
    <p class='ocr_par' dir='ltr' id='par_1_55' title="bbox 1956 2601 3520 2673">
     <span class='ocr_line' id='line_1_56' title="bbox 1956 2601 3520 2673; baseline 0.002 -19"><span class='ocrx_word' id='word_1_376' title='bbox 1956 2610 2213 2672; x_wconf 90' lang='lat' dir='ltr'><strong>ponatur.</strong></span> <span class='ocrx_word' id='word_1_377' title='bbox 2263 2601 2391 2655; x_wconf 90' lang='lat' dir='ltr'><strong>Inde</strong></span> <span class='ocrx_word' id='word_1_378' title='bbox 2426 2603 2486 2653; x_wconf 87' lang='lat' dir='ltr'><strong>lit</strong></span> <span class='ocrx_word' id='word_1_379' title='bbox 2518 2611 2575 2654; x_wconf 89' lang='lat' dir='ltr'><strong>ut</strong></span> <span class='ocrx_word' id='word_1_380' title='bbox 2609 2602 2844 2669; x_wconf 88' lang='lat' dir='ltr'><strong>speciem</strong></span> <span class='ocrx_word' id='word_1_381' title='bbox 2880 2619 2989 2657; x_wconf 92' lang='lat' dir='ltr'><strong>non</strong></span> <span class='ocrx_word' id='word_1_382' title='bbox 3020 2619 3085 2657; x_wconf 81' lang='lat' dir='ltr'><strong>ex</strong></span> <span class='ocrx_word' id='word_1_383' title='bbox 3112 2604 3362 2673; x_wconf 89' lang='lat' dir='ltr'><strong>personis</strong></span> <span class='ocrx_word' id='word_1_384' title='bbox 3398 2620 3520 2672; x_wconf 90' lang='lat' dir='ltr'><strong>pro-</strong></span> 
     </span>
    </p>
   </div>
   <div class='ocr_carea' id='block_1_56' title="bbox 1968 2695 3523 2766">
    <p class='ocr_par' dir='ltr' id='par_1_56' title="bbox 1968 2695 3523 2766">
     <span class='ocr_line' id='line_1_57' title="bbox 1968 2695 3523 2766; baseline 0.001 -17"><span class='ocrx_word' id='word_1_385' title='bbox 1968 2695 2183 2757; x_wconf 83' lang='lat' dir='ltr'><strong>cedere,</strong></span> <span class='ocrx_word' id='word_1_386' title='bbox 2244 2695 2336 2748; x_wconf 88' lang='lat' dir='ltr'><strong>sed</strong></span> <span class='ocrx_word' id='word_1_387' title='bbox 2373 2696 2626 2764; x_wconf 81' lang='lat' dir='ltr'><strong>personis</strong></span> <span class='ocrx_word' id='word_1_388' title='bbox 2664 2697 2930 2752; x_wconf 67' lang='lat' dir='ltr'><strong>inhaerere</strong></span> <span class='ocrx_word' id='word_1_389' title='bbox 2963 2697 3234 2752; x_wconf 91' lang='lat' dir='ltr'><strong>dicamus.</strong></span> <span class='ocrx_word' id='word_1_390' title='bbox 3269 2699 3523 2766; x_wconf 85' lang='lat' dir='ltr'><strong>Imperfe-</strong></span> 
     </span>
    </p>
   </div>
   <div class='ocr_carea' id='block_1_57' title="bbox 1953 2785 3525 2856">
    <p class='ocr_par' dir='ltr' id='par_1_57' title="bbox 1953 2785 3525 2856">
     <span class='ocr_line' id='line_1_58' title="bbox 1953 2785 3525 2856; baseline 0.001 -18"><span class='ocrx_word' id='word_1_391' title='bbox 1953 2786 2055 2839; x_wconf 91' lang='lat' dir='ltr'><strong>ctis</strong></span> <span class='ocrx_word' id='word_1_392' title='bbox 2079 2795 2260 2839; x_wconf 87' lang='lat' dir='ltr'><strong>autem</strong></span> <span class='ocrx_word' id='word_1_393' title='bbox 2287 2785 2546 2846; x_wconf 83' lang='lat' dir='ltr'><strong>diximus,</strong></span> <span class='ocrx_word' id='word_1_394' title='bbox 2595 2785 2697 2840; x_wconf 90' lang='lat' dir='ltr'><strong>hoc</strong></span> <span class='ocrx_word' id='word_1_395' title='bbox 2735 2797 2813 2840; x_wconf 84' lang='lat' dir='ltr'><strong>est</strong></span> <span class='ocrx_word' id='word_1_396' title='bbox 2844 2787 2910 2840; x_wconf 90' lang='lat' dir='ltr'><strong>iis</strong></span> <span class='ocrx_word' id='word_1_397' title='bbox 2977 2804 3098 2856; x_wconf 75' lang='lat' dir='ltr'><strong>qure.</strong></span> <span class='ocrx_word' id='word_1_398' title='bbox 3131 2789 3366 2855; x_wconf 89' lang='lat' dir='ltr'><strong>speciem</strong></span> <span class='ocrx_word' id='word_1_399' title='bbox 3408 2788 3525 2856; x_wconf 86' lang='lat' dir='ltr'><strong>ejus</strong></span> 
     </span>
    </p>
   </div>
   <div class='ocr_carea' id='block_1_58' title="bbox 1955 2879 3512 2950">
    <p class='ocr_par' dir='ltr' id='par_1_58' title="bbox 1955 2879 3512 2950">
     <span class='ocr_line' id='line_1_59' title="bbox 1955 2879 3512 2950; baseline 0.004 -20"><span class='ocrx_word' id='word_1_400' title='bbox 1955 2879 2033 2931; x_wconf 90' lang='lat' dir='ltr'><strong>rei</strong></span> <span class='ocrx_word' id='word_1_401' title='bbox 2058 2893 2166 2932; x_wconf 88' lang='lat' dir='ltr'><strong>non</strong></span> <span class='ocrx_word' id='word_1_402' title='bbox 2194 2887 2437 2941; x_wconf 88' lang='lat' dir='ltr'><strong>servant,</strong></span> <span class='ocrx_word' id='word_1_403' title='bbox 2463 2893 2583 2948; x_wconf 69' lang='lat' dir='ltr'><strong>quae</strong></span> <span class='ocrx_word' id='word_1_404' title='bbox 2613 2896 2678 2934; x_wconf 81' lang='lat' dir='ltr'><strong>ex</strong></span> <span class='ocrx_word' id='word_1_405' title='bbox 2730 2881 2862 2949; x_wconf 86' lang='lat' dir='ltr'><strong>ipsis</strong></span> <span class='ocrx_word' id='word_1_406' title='bbox 2896 2881 3128 2936; x_wconf 85' lang='lat' dir='ltr'><strong>conflata</strong></span> <span class='ocrx_word' id='word_1_407' title='bbox 3175 2890 3284 2945; x_wconf 85' lang='lat' dir='ltr'><strong>est,</strong></span> <span class='ocrx_word' id='word_1_408' title='bbox 3343 2882 3512 2950; x_wconf 74' lang='lat' dir='ltr'><strong>siqui~</strong></span> 
     </span>
    </p>
   </div>
   <div class='ocr_carea' id='block_1_59' title="bbox 1949 2969 3519 3043">
    <p class='ocr_par' dir='ltr' id='par_1_59' title="bbox 1949 2969 3519 3043">
     <span class='ocr_line' id='line_1_60' title="bbox 1949 2969 3519 3043; baseline 0.001 -20"><span class='ocrx_word' id='word_1_409' title='bbox 1949 2969 2073 3024; x_wconf 90' lang='lat' dir='ltr'><strong>detn</strong></span> <span class='ocrx_word' id='word_1_410' title='bbox 2106 2971 2262 3038; x_wconf 85' lang='lat' dir='ltr'><strong>lapis,</strong></span> <span class='ocrx_word' id='word_1_411' title='bbox 2298 2972 2503 3041; x_wconf 75' lang='lat' dir='ltr'><strong>lignum</strong></span> <span class='ocrx_word' id='word_1_412' title='bbox 2543 2981 2597 3026; x_wconf 92' lang='lat' dir='ltr'><strong>et</strong></span> <span class='ocrx_word' id='word_1_413' title='bbox 2658 2972 2864 3027; x_wconf 79' lang='lat' dir='ltr'><strong>ferrum</strong></span> <span class='ocrx_word' id='word_1_414' title='bbox 2921 2989 3017 3042; x_wconf 92' lang='lat' dir='ltr'><strong>per</strong></span> <span class='ocrx_word' id='word_1_415' title='bbox 3047 2990 3104 3028; x_wconf 92' lang='lat' dir='ltr'><strong>se</strong></span> <span class='ocrx_word' id='word_1_416' title='bbox 3131 2975 3352 3043; x_wconf 88' lang='lat' dir='ltr'><strong>quidem</strong></span> <span class='ocrx_word' id='word_1_417' title='bbox 3396 2990 3519 3042; x_wconf 90' lang='lat' dir='ltr'><strong>per-</strong></span> 
     </span>
    </p>
   </div>
   <div class='ocr_carea' id='block_1_60' title="bbox 1951 3065 3522 3136">
    <p class='ocr_par' dir='ltr' id='par_1_60' title="bbox 1951 3065 3522 3136">
     <span class='ocr_line' id='line_1_61' title="bbox 1951 3065 3522 3136; baseline 0.001 -18"><span class='ocrx_word' id='word_1_418' title='bbox 1951 3065 2092 3121; x_wconf 89' lang='lat' dir='ltr'><strong>fecta</strong></span> <span class='ocrx_word' id='word_1_419' title='bbox 2136 3067 2350 3136; x_wconf 88' lang='lat' dir='ltr'><strong>singula</strong></span> <span class='ocrx_word' id='word_1_420' title='bbox 2394 3078 2543 3126; x_wconf 86' lang='lat' dir='ltr'><strong>sunt.</strong></span> <span class='ocrx_word' id='word_1_421' title='bbox 2597 3067 2642 3120; x_wconf 89' lang='lat' dir='ltr'><strong>si</strong></span> <span class='ocrx_word' id='word_1_422' title='bbox 2701 3068 2979 3135; x_wconf 91' lang='lat' dir='ltr'><strong>propriam</strong></span> <span class='ocrx_word' id='word_1_423' title='bbox 3027 3083 3220 3121; x_wconf 91' lang='lat' dir='ltr'><strong>eorum</strong></span> <span class='ocrx_word' id='word_1_424' title='bbox 3269 3075 3522 3121; x_wconf 89' lang='lat' dir='ltr'><strong>naturam</strong></span> 
     </span>
    </p>
   </div>
   <div class='ocr_carea' id='block_1_61' title="bbox 279 3159 3524 3236">
    <p class='ocr_par' dir='ltr' id='par_1_61' title="bbox 279 3159 3524 3236">
     <span class='ocr_line' id='line_1_62' title="bbox 279 3159 3524 3236; baseline 0.002 -30"><span class='ocrx_word' id='word_1_425' title='bbox 279 3159 484 3228; x_wconf 78' lang='lat' dir='ltr'><strong>lioque)</strong></span> <span class='ocrx_word' id='word_1_426' title='bbox 511 3165 780 3230; x_wconf 57' lang='lat' dir='ltr'><strong>procedit,</strong></span> <span class='ocrx_word' id='word_1_427' title='bbox 813 3175 868 3218; x_wconf 75' lang='grc' dir='ltr'>ει</span> <span class='ocrx_word' id='word_1_428' title='bbox 895 3165 951 3218; x_wconf 80' lang='lat' dir='ltr'><strong>in</strong></span> <span class='ocrx_word' id='word_1_429' title='bbox 985 3165 1124 3218; x_wconf 73' lang='lat' dir='ltr'><strong>riuo</strong></span> <span class='ocrx_word' id='word_1_430' title='bbox 1167 3169 1528 3235; x_wconf 58' lang='lat' dir='ltr'><strong>conquiescit,</strong></span> <span class='ocrx_word' id='word_1_431' title='bbox 1575 3168 1678 3234; x_wconf 71' lang='lat' dir='ltr'><strong>Qui</strong></span> <span class='ocrx_word' id='word_1_432' title='bbox 1719 3183 1842 3223; x_wconf 73' lang='lat' dir='ltr'><strong>cum</strong></span> <span class='ocrx_word' id='word_1_433' title='bbox 1873 3179 1913 3236; x_wconf 72' lang='grc' dir='ltr'>ο</span> <span class='ocrx_word' id='word_1_434' title='bbox 1948 3159 2381 3223; x_wconf 88' lang='lat' dir='ltr'><strong>consideremus,</strong></span> <span class='ocrx_word' id='word_1_435' title='bbox 2411 3169 2466 3213; x_wconf 91' lang='lat' dir='ltr'><strong>at</strong></span> <span class='ocrx_word' id='word_1_436' title='bbox 2487 3160 2532 3213; x_wconf 92' lang='lat' dir='ltr'><strong>si</strong></span> <span class='ocrx_word' id='word_1_437' title='bbox 2564 3160 2755 3214; x_wconf 89' lang='lat' dir='ltr'><strong>eadem</strong></span> <span class='ocrx_word' id='word_1_438' title='bbox 2801 3161 2891 3213; x_wconf 92' lang='lat' dir='ltr'><strong>illa</strong></span> <span class='ocrx_word' id='word_1_439' title='bbox 2935 3161 2986 3213; x_wconf 93' lang='lat' dir='ltr'><strong>in</strong></span> <span class='ocrx_word' id='word_1_440' title='bbox 3015 3161 3246 3214; x_wconf 62' lang='lat' dir='ltr'><strong>aediﬁcio</strong></span> <span class='ocrx_word' id='word_1_441' title='bbox 3277 3170 3524 3214; x_wconf 81' lang='lat' dir='ltr'><strong>contera-</strong></span> 
     </span>
    </p>
   </div>
   <div class='ocr_carea' id='block_1_62' title="bbox 279 3252 1844 3330">
    <p class='ocr_par' dir='ltr' id='par_1_62' title="bbox 279 3252 1844 3330">
     <span class='ocr_line' id='line_1_63' title="bbox 279 3252 1844 3330; baseline 0.006 -26"><span class='ocrx_word' id='word_1_442' title='bbox 279 3252 438 3308; x_wconf 84' lang='lat' dir='ltr'><strong>Patre</strong></span> <span class='ocrx_word' id='word_1_443' title='bbox 489 3265 544 3308; x_wconf 90' lang='lat' dir='ltr'><strong>et</strong></span> <span class='ocrx_word' id='word_1_444' title='bbox 585 3256 724 3310; x_wconf 78' lang='lat' dir='ltr'><strong>Filio</strong></span> <span class='ocrx_word' id='word_1_445' title='bbox 764 3256 924 3310; x_wconf 82' lang='lat' dir='ltr'><strong>simul</strong></span> <span class='ocrx_word' id='word_1_446' title='bbox 967 3258 1230 3313; x_wconf 89' lang='lat' dir='ltr'><strong>adoratur</strong></span> <span class='ocrx_word' id='word_1_447' title='bbox 1277 3269 1332 3314; x_wconf 88' lang='lat' dir='ltr'><strong>et</strong></span> <span class='ocrx_word' id='word_1_448' title='bbox 1381 3259 1844 3330; x_wconf 88' lang='lat' dir='ltr'><strong>conglorificatur,</strong></span> 
     </span>
    </p>
   </div>
   <div class='ocr_carea' id='block_1_63' title="bbox 277 3349 1847 3422">
    <p class='ocr_par' dir='ltr' id='par_1_63' title="bbox 277 3349 1847 3422">
     <span class='ocr_line' id='line_1_64' title="bbox 277 3349 1847 3422; baseline 0.006 -25"><span class='ocrx_word' id='word_1_449' title='bbox 277 3354 538 3416; x_wconf 87' lang='lat' dir='ltr'><strong>tanquam</strong></span> <span class='ocrx_word' id='word_1_450' title='bbox 575 3349 1061 3404; x_wconf 80' lang='lat' dir='ltr'><strong>consubstantialis</strong></span> <span class='ocrx_word' id='word_1_451' title='bbox 1111 3360 1167 3406; x_wconf 91' lang='lat' dir='ltr'><strong>et</strong></span> <span class='ocrx_word' id='word_1_452' title='bbox 1199 3362 1525 3408; x_wconf 65' lang='lat' dir='ltr'><strong>maternus.</strong></span> <span class='ocrx_word' id='word_1_453' title='bbox 1582 3353 1672 3408; x_wconf 92' lang='lat' dir='ltr'><strong>Dei</strong></span> <span class='ocrx_word' id='word_1_454' title='bbox 1725 3353 1847 3422; x_wconf 91' lang='lat' dir='ltr'><strong>Spi-</strong></span> 
     </span>
    </p>
   </div>
   <div class='ocr_carea' id='block_1_64' title="bbox 278 3439 1848 3510">
    <p class='ocr_par' dir='ltr' id='par_1_64' title="bbox 278 3439 1848 3510">
     <span class='ocr_line' id='line_1_65' title="bbox 278 3439 1848 3510; baseline 0.006 -20"><span class='ocrx_word' id='word_1_455' title='bbox 278 3439 419 3492; x_wconf 89' lang='lat' dir='ltr'><strong>ritus</strong></span> <span class='ocrx_word' id='word_1_456' title='bbox 443 3453 646 3504; x_wconf 89' lang='lat' dir='ltr'><strong>rectus,</strong></span> <span class='ocrx_word' id='word_1_457' title='bbox 682 3441 1028 3510; x_wconf 90' lang='lat' dir='ltr'><strong>principalis,</strong></span> <span class='ocrx_word' id='word_1_458' title='bbox 1052 3443 1176 3498; x_wconf 89' lang='lat' dir='ltr'><strong>fons</strong></span> <span class='ocrx_word' id='word_1_459' title='bbox 1214 3444 1336 3498; x_wconf 64' lang='lat' dir='ltr'><strong>vitae</strong></span> <span class='ocrx_word' id='word_1_460' title='bbox 1368 3453 1422 3498; x_wconf 92' lang='lat' dir='ltr'><strong>et</strong></span> <span class='ocrx_word' id='word_1_461' title='bbox 1457 3446 1848 3499; x_wconf 87' lang='lat' dir='ltr'><strong>sanctificatio-</strong></span> 
     </span>
    </p>
   </div>
   <div class='ocr_carea' id='block_1_65' title="bbox 279 3529 1836 3603">
    <p class='ocr_par' dir='ltr' id='par_1_65' title="bbox 279 3529 1836 3603">
     <span class='ocr_line' id='line_1_66' title="bbox 279 3529 1836 3603; baseline 0.006 -23"><span class='ocrx_word' id='word_1_462' title='bbox 279 3529 383 3582; x_wconf 81' lang='lat' dir='ltr'><strong>nis.</strong></span> <span class='ocrx_word' id='word_1_463' title='bbox 429 3530 575 3583; x_wconf 84' lang='lat' dir='ltr'><strong>Deus</strong></span> <span class='ocrx_word' id='word_1_464' title='bbox 614 3531 708 3599; x_wconf 92' lang='lat' dir='ltr'><strong>qui</strong></span> <span class='ocrx_word' id='word_1_465' title='bbox 759 3547 882 3584; x_wconf 90' lang='lat' dir='ltr'><strong>eum</strong></span> <span class='ocrx_word' id='word_1_466' title='bbox 918 3533 1074 3586; x_wconf 88' lang='lat' dir='ltr'><strong>Patre</strong></span> <span class='ocrx_word' id='word_1_467' title='bbox 1103 3543 1220 3600; x_wconf 73' lang='lat' dir='ltr'><strong>est,</strong></span> <span class='ocrx_word' id='word_1_468' title='bbox 1273 3535 1567 3598; x_wconf 89' lang='lat' dir='ltr'><strong>incrcatus,</strong></span> <span class='ocrx_word' id='word_1_469' title='bbox 1621 3536 1836 3603; x_wconf 83' lang='lat' dir='ltr'><strong>plenus,</strong></span> 
     </span>
    </p>
   </div>
   <div class='ocr_carea' id='block_1_66' title="bbox 277 3624 1842 3695">
    <p class='ocr_par' dir='ltr' id='par_1_66' title="bbox 277 3624 1842 3695">
     <span class='ocr_line' id='line_1_67' title="bbox 277 3624 1842 3695; baseline 0.004 -21"><span class='ocrx_word' id='word_1_470' title='bbox 277 3629 513 3684; x_wconf 89' lang='lat' dir='ltr'><strong>creator;</strong></span> <span class='ocrx_word' id='word_1_471' title='bbox 543 3624 728 3677; x_wconf 88' lang='lat' dir='ltr'><strong>omnia</strong></span> <span class='ocrx_word' id='word_1_472' title='bbox 783 3624 1296 3693; x_wconf 76' lang='lat' dir='ltr'><strong>comprehenderis,</strong></span> <span class='ocrx_word' id='word_1_473' title='bbox 1339 3626 1587 3679; x_wconf 86' lang='lat' dir='ltr'><strong>omnium</strong></span> <span class='ocrx_word' id='word_1_474' title='bbox 1642 3627 1842 3695; x_wconf 52' lang='lat' dir='ltr'><strong>opifex,</strong></span> 
     </span>
    </p>
   </div>
   <div class='ocr_carea' id='block_1_67' title="bbox 278 3711 1848 3781">
    <p class='ocr_par' dir='ltr' id='par_1_67' title="bbox 278 3711 1848 3781">
     <span class='ocr_line' id='line_1_68' title="bbox 278 3711 1848 3781; baseline 0.005 -19"><span class='ocrx_word' id='word_1_475' title='bbox 278 3711 650 3778; x_wconf 87' lang='lat' dir='ltr'><strong>omnipotens,</strong></span> <span class='ocrx_word' id='word_1_476' title='bbox 714 3711 937 3766; x_wconf 57' lang='lat' dir='ltr'><strong>infinita».</strong></span> <span class='ocrx_word' id='word_1_477' title='bbox 996 3716 1281 3781; x_wconf 63' lang='lat' dir='ltr'><strong>potentiae,</strong></span> <span class='ocrx_word' id='word_1_478' title='bbox 1350 3716 1615 3770; x_wconf 81' lang='lat' dir='ltr'><strong>Dominus</strong></span> <span class='ocrx_word' id='word_1_479' title='bbox 1667 3718 1848 3771; x_wconf 89' lang='lat' dir='ltr'><strong>omnis</strong></span> 
     </span>
    </p>
   </div>
   <div class='ocr_carea' id='block_1_68' title="bbox 279 3804 1849 3875">
    <p class='ocr_par' dir='ltr' id='par_1_68' title="bbox 279 3804 1849 3875">
     <span class='ocr_line' id='line_1_69' title="bbox 279 3804 1849 3875; baseline 0.004 -23"><span class='ocrx_word' id='word_1_480' title='bbox 279 3813 563 3865; x_wconf 77' lang='lat' dir='ltr'><strong>creaturze,</strong></span> <span class='ocrx_word' id='word_1_481' title='bbox 595 3804 798 3858; x_wconf 87' lang='lat' dir='ltr'><strong>nullius</strong></span> <span class='ocrx_word' id='word_1_482' title='bbox 823 3804 1070 3858; x_wconf 91' lang='lat' dir='ltr'><strong>dominio</strong></span> <span class='ocrx_word' id='word_1_483' title='bbox 1099 3805 1388 3873; x_wconf 76' lang='lat' dir='ltr'><strong>subiacens</strong></span> <span class='ocrx_word' id='word_1_484' title='bbox 1421 3821 1436 3858; x_wconf 74' lang='grc' dir='ltr'>ε</span> <span class='ocrx_word' id='word_1_485' title='bbox 1471 3807 1710 3875; x_wconf 84' lang='lat' dir='ltr'><strong>replens,</strong></span> <span class='ocrx_word' id='word_1_486' title='bbox 1739 3821 1849 3859; x_wconf 92' lang='lat' dir='ltr'><strong>non</strong></span> 
     </span>
    </p>
   </div>
   <div class='ocr_carea' id='block_1_69' title="bbox 277 3894 1846 3966">
    <p class='ocr_par' dir='ltr' id='par_1_69' title="bbox 277 3894 1846 3966">
     <span class='ocr_line' id='line_1_70' title="bbox 277 3894 1846 3966; baseline 0.003 -21"><span class='ocrx_word' id='word_1_487' title='bbox 277 3894 559 3960; x_wconf 87' lang='lat' dir='ltr'><strong>repletus:</strong></span> <span class='ocrx_word' id='word_1_488' title='bbox 611 3896 868 3966; x_wconf 83' lang='lat' dir='ltr'><strong>largiens,</strong></span> <span class='ocrx_word' id='word_1_489' title='bbox 920 3905 974 3949; x_wconf 89' lang='lat' dir='ltr'><strong>et</strong></span> <span class='ocrx_word' id='word_1_490' title='bbox 1029 3897 1098 3952; x_wconf 87' lang='lat' dir='ltr'><strong>ab</strong></span> <span class='ocrx_word' id='word_1_491' title='bbox 1156 3897 1264 3951; x_wconf 89' lang='lat' dir='ltr'><strong>alio</strong></span> <span class='ocrx_word' id='word_1_492' title='bbox 1326 3898 1464 3951; x_wconf 90' lang='lat' dir='ltr'><strong>nihil</strong></span> <span class='ocrx_word' id='word_1_493' title='bbox 1528 3898 1846 3966; x_wconf 83' lang='lat' dir='ltr'><strong>accipiens:</strong></span> 
     </span>
    </p>
   </div>
   <div class='ocr_carea' id='block_1_70' title="bbox 279 3985 1852 4050">
    <p class='ocr_par' dir='ltr' id='par_1_70' title="bbox 279 3985 1852 4050">
     <span class='ocr_line' id='line_1_71' title="bbox 279 3985 1852 4050; baseline 0.001 -12"><span class='ocrx_word' id='word_1_494' title='bbox 279 3985 656 4050; x_wconf 85' lang='lat' dir='ltr'><strong>sanctificans,</strong></span> <span class='ocrx_word' id='word_1_495' title='bbox 686 4003 794 4040; x_wconf 93' lang='lat' dir='ltr'><strong>non</strong></span> <span class='ocrx_word' id='word_1_496' title='bbox 823 3988 1194 4041; x_wconf 82' lang='lat' dir='ltr'><strong>sanctificatus</strong></span> <span class='ocrx_word' id='word_1_497' title='bbox 1224 4005 1235 4038; x_wconf 91' lang='lat'>:</span> <span class='ocrx_word' id='word_1_498' title='bbox 1261 3987 1577 4042; x_wconf 87' lang='lat' dir='ltr'><strong>consolator</strong></span> <span class='ocrx_word' id='word_1_499' title='bbox 1604 3988 1852 4042; x_wconf 91' lang='lat' dir='ltr'><strong>omnium</strong></span> 
     </span>
    </p>
   </div>
   <div class='ocr_carea' id='block_1_71' title="bbox 278 4077 1853 4142">
    <p class='ocr_par' dir='ltr' id='par_1_71' title="bbox 278 4077 1853 4142">
     <span class='ocr_line' id='line_1_72' title="bbox 278 4077 1853 4142; baseline 0.004 -16"><span class='ocrx_word' id='word_1_500' title='bbox 278 4077 756 4131; x_wconf 88' lang='lat' dir='ltr'><strong>consolationibus</strong></span> <span class='ocrx_word' id='word_1_501' title='bbox 787 4094 932 4133; x_wconf 89' lang='lat' dir='ltr'><strong>unus</strong></span> <span class='ocrx_word' id='word_1_502' title='bbox 959 4077 1239 4133; x_wconf 74' lang='lat' dir='ltr'><strong>sufﬁciens</strong></span> <span class='ocrx_word' id='word_1_503' title='bbox 1271 4097 1283 4131; x_wconf 91' lang='lat'>:</span> <span class='ocrx_word' id='word_1_504' title='bbox 1324 4079 1472 4132; x_wconf 89' lang='lat' dir='ltr'><strong>Patri</strong></span> <span class='ocrx_word' id='word_1_505' title='bbox 1500 4089 1553 4133; x_wconf 91' lang='lat' dir='ltr'><strong>et</strong></span> <span class='ocrx_word' id='word_1_506' title='bbox 1583 4080 1723 4133; x_wconf 80' lang='lat' dir='ltr'><strong>l-‘ilio</strong></span> <span class='ocrx_word' id='word_1_507' title='bbox 1758 4097 1853 4142; x_wconf 82' lang='lat' dir='ltr'><strong>per</strong></span> 
     </span>
    </p>
   </div>
   <div class='ocr_carea' id='block_1_72' title="bbox 279 4168 1853 4240">
    <p class='ocr_par' dir='ltr' id='par_1_72' title="bbox 279 4168 1853 4240">
     <span class='ocr_line' id='line_1_73' title="bbox 279 4168 1853 4240; baseline 0.004 -20"><span class='ocrx_word' id='word_1_508' title='bbox 279 4168 466 4220; x_wconf 89' lang='lat' dir='ltr'><strong>omnia</strong></span> <span class='ocrx_word' id='word_1_509' title='bbox 519 4169 749 4222; x_wconf 88' lang='lat' dir='ltr'><strong>siiuilis:</strong></span> <span class='ocrx_word' id='word_1_510' title='bbox 809 4172 903 4238; x_wconf 90' lang='lat' dir='ltr'><strong>qui</strong></span> <span class='ocrx_word' id='word_1_511' title='bbox 949 4186 1013 4223; x_wconf 74' lang='lat' dir='ltr'><strong>ex</strong></span> <span class='ocrx_word' id='word_1_512' title='bbox 1053 4171 1209 4225; x_wconf 76' lang='lat' dir='ltr'><strong>l’atre</strong></span> <span class='ocrx_word' id='word_1_513' title='bbox 1247 4171 1542 4239; x_wconf 82' lang='lat' dir='ltr'><strong>(Filioque)</strong></span> <span class='ocrx_word' id='word_1_514' title='bbox 1582 4173 1853 4240; x_wconf 80' lang='lat' dir='ltr'><strong>procedit,</strong></span> 
     </span>
    </p>
   </div>
   <div class='ocr_carea' id='block_1_73' title="bbox 281 4261 1853 4333">
    <p class='ocr_par' dir='ltr' id='par_1_73' title="bbox 281 4261 1853 4333">
     <span class='ocr_line' id='line_1_74' title="bbox 281 4261 1853 4333; baseline 0.006 -23"><span class='ocrx_word' id='word_1_515' title='bbox 281 4270 448 4328; x_wconf 89' lang='lat' dir='ltr'><strong>atque</strong></span> <span class='ocrx_word' id='word_1_516' title='bbox 475 4274 572 4328; x_wconf 82' lang='lat' dir='ltr'><strong>per</strong></span> <span class='ocrx_word' id='word_1_517' title='bbox 606 4261 802 4315; x_wconf 86' lang='lat' dir='ltr'><strong>Filium</strong></span> <span class='ocrx_word' id='word_1_518' title='bbox 834 4263 1119 4318; x_wconf 90' lang='lat' dir='ltr'><strong>tribuitur.</strong></span> <span class='ocrx_word' id='word_1_519' title='bbox 1166 4264 1334 4333; x_wconf 81' lang='lat' dir='ltr'><strong>Cujus</strong></span> <span class='ocrx_word' id='word_1_520' title='bbox 1378 4266 1558 4318; x_wconf 92' lang='lat' dir='ltr'><strong>omnis</strong></span> <span class='ocrx_word' id='word_1_521' title='bbox 1600 4275 1853 4319; x_wconf 88' lang='lat' dir='ltr'><strong>creatura</strong></span> 
     </span>
    </p>
   </div>
   <div class='ocr_carea' id='block_1_74' title="bbox 283 4353 1854 4424">
    <p class='ocr_par' dir='ltr' id='par_1_74' title="bbox 283 4353 1854 4424">
     <span class='ocr_line' id='line_1_75' title="bbox 283 4353 1854 4424; baseline 0.005 -21"><span class='ocrx_word' id='word_1_522' title='bbox 283 4353 559 4421; x_wconf 86' lang='lat' dir='ltr'><strong>particeps</strong></span> <span class='ocrx_word' id='word_1_523' title='bbox 585 4364 689 4417; x_wconf 87' lang='lat' dir='ltr'><strong>est,</strong></span> <span class='ocrx_word' id='word_1_524' title='bbox 724 4357 817 4422; x_wconf 90' lang='lat' dir='ltr'><strong>qui</strong></span> <span class='ocrx_word' id='word_1_525' title='bbox 853 4371 951 4424; x_wconf 88' lang='lat' dir='ltr'><strong>per</strong></span> <span class='ocrx_word' id='word_1_526' title='bbox 981 4373 1039 4409; x_wconf 89' lang='lat' dir='ltr'><strong>se</strong></span> <span class='ocrx_word' id='word_1_527' title='bbox 1070 4368 1220 4410; x_wconf 90' lang='lat' dir='ltr'><strong>creat</strong></span> <span class='ocrx_word' id='word_1_528' title='bbox 1249 4368 1302 4410; x_wconf 88' lang='lat' dir='ltr'><strong>et</strong></span> <span class='ocrx_word' id='word_1_529' title='bbox 1333 4360 1536 4410; x_wconf 86' lang='lat' dir='ltr'><strong>animat</strong></span> <span class='ocrx_word' id='word_1_530' title='bbox 1578 4360 1854 4422; x_wconf 54' lang='lat' dir='ltr'><strong>universa,</strong></span> 
     </span>
    </p>
   </div>
   <div class='ocr_carea' id='block_1_75' title="bbox 281 4443 1855 4518">
    <p class='ocr_par' dir='ltr' id='par_1_75' title="bbox 281 4443 1855 4518">
     <span class='ocr_line' id='line_1_76' title="bbox 281 4443 1855 4518; baseline 0.005 -25"><span class='ocrx_word' id='word_1_531' title='bbox 281 4443 588 4496; x_wconf 83' lang='lat' dir='ltr'><strong>sanctificat</strong></span> <span class='ocrx_word' id='word_1_532' title='bbox 641 4453 696 4498; x_wconf 90' lang='lat' dir='ltr'><strong>et</strong></span> <span class='ocrx_word' id='word_1_533' title='bbox 745 4446 1015 4508; x_wconf 88' lang='lat' dir='ltr'><strong>continet,</strong></span> <span class='ocrx_word' id='word_1_534' title='bbox 1053 4448 1274 4515; x_wconf 90' lang='lat' dir='ltr'><strong>propria</strong></span> <span class='ocrx_word' id='word_1_535' title='bbox 1313 4449 1552 4516; x_wconf 88' lang='lat' dir='ltr'><strong>denique</strong></span> <span class='ocrx_word' id='word_1_536' title='bbox 1610 4450 1666 4502; x_wconf 89' lang='lat' dir='ltr'><strong>in</strong></span> <span class='ocrx_word' id='word_1_537' title='bbox 1720 4466 1855 4518; x_wconf 87' lang='lat' dir='ltr'><strong>pcr-</strong></span> 
     </span>
    </p>
   </div>
   <div class='ocr_carea' id='block_1_76' title="bbox 282 4529 1936 4610">
    <p class='ocr_par' dir='ltr' id='par_1_76' title="bbox 282 4529 1936 4610">
     <span class='ocr_line' id='line_1_77' title="bbox 282 4529 1936 4610; baseline 0.006 -25"><span class='ocrx_word' id='word_1_538' title='bbox 282 4548 415 4586; x_wconf 90' lang='lat' dir='ltr'><strong>sona</strong></span> <span class='ocrx_word' id='word_1_539' title='bbox 447 4549 544 4602; x_wconf 85' lang='lat' dir='ltr'><strong>per</strong></span> <span class='ocrx_word' id='word_1_540' title='bbox 569 4550 626 4588; x_wconf 90' lang='lat' dir='ltr'><strong>se</strong></span> <span class='ocrx_word' id='word_1_541' title='bbox 649 4535 921 4597; x_wconf 84' lang='lat' dir='ltr'><strong>subsistit,</strong></span> <span class='ocrx_word' id='word_1_542' title='bbox 956 4537 1027 4591; x_wconf 92' lang='lat' dir='ltr'><strong>ita</strong></span> <span class='ocrx_word' id='word_1_543' title='bbox 1063 4548 1266 4601; x_wconf 89' lang='lat' dir='ltr'><strong>tamen,</strong></span> <span class='ocrx_word' id='word_1_544' title='bbox 1293 4549 1403 4592; x_wconf 86' lang='lat' dir='ltr'><strong>uta</strong></span> <span class='ocrx_word' id='word_1_545' title='bbox 1429 4539 1583 4594; x_wconf 84' lang='lat' dir='ltr'><strong>Patre</strong></span> <span class='ocrx_word' id='word_1_546' title='bbox 1611 4541 1857 4610; x_wconf 86' lang='lat' dir='ltr'><strong>Filioque</strong></span> <span class='ocrx_word' id='word_1_547' title='bbox 1892 4529 1936 4585; x_wconf 79' lang='grc' dir='ltr'><strong>ί)</strong></span> 
     </span>
    </p>
   </div>
   <div class='ocr_carea' id='block_1_77' title="bbox 281 4626 1854 4698">
    <p class='ocr_par' dir='ltr' id='par_1_77' title="bbox 281 4626 1854 4698">
     <span class='ocr_line' id='line_1_78' title="bbox 281 4626 1854 4698; baseline 0.007 -22"><span class='ocrx_word' id='word_1_548' title='bbox 281 4627 523 4694; x_wconf 91' lang='lat' dir='ltr'><strong>separari</strong></span> <span class='ocrx_word' id='word_1_549' title='bbox 557 4626 906 4682; x_wconf 90' lang='lat' dir='ltr'><strong>etdivertere</strong></span> <span class='ocrx_word' id='word_1_550' title='bbox 935 4631 1087 4683; x_wconf 93' lang='lat' dir='ltr'><strong>nullo</strong></span> <span class='ocrx_word' id='word_1_551' title='bbox 1127 4631 1290 4684; x_wconf 80' lang='lat' dir='ltr'><strong>modo</strong></span> <span class='ocrx_word' id='word_1_552' title='bbox 1317 4641 1501 4698; x_wconf 89' lang='lat' dir='ltr'><strong>queat,</strong></span> <span class='ocrx_word' id='word_1_553' title='bbox 1532 4633 1642 4686; x_wconf 91' lang='lat' dir='ltr'><strong>imo</strong></span> <span class='ocrx_word' id='word_1_554' title='bbox 1673 4635 1854 4687; x_wconf 90' lang='lat' dir='ltr'><strong>omnia</strong></span> 
     </span>
    </p>
   </div>
   <div class='ocr_carea' id='block_1_78' title="bbox 286 4716 1853 4789">
    <p class='ocr_par' dir='ltr' id='par_1_78' title="bbox 286 4716 1853 4789">
     <span class='ocr_line' id='line_1_79' title="bbox 286 4716 1853 4789; baseline 0.004 -20"><span class='ocrx_word' id='word_1_555' title='bbox 286 4717 374 4769; x_wconf 88' lang='lat' dir='ltr'><strong>illa</strong></span> <span class='ocrx_word' id='word_1_556' title='bbox 425 4716 647 4780; x_wconf 88' lang='lat' dir='ltr'><strong>habeat,</strong></span> <span class='ocrx_word' id='word_1_557' title='bbox 702 4733 1042 4789; x_wconf 68' lang='lat' dir='ltr'><strong>quaecunque</strong></span> <span class='ocrx_word' id='word_1_558' title='bbox 1092 4722 1250 4776; x_wconf 83' lang='lat' dir='ltr'><strong>Pater</strong></span> <span class='ocrx_word' id='word_1_559' title='bbox 1283 4732 1337 4776; x_wconf 90' lang='lat' dir='ltr'><strong>et</strong></span> <span class='ocrx_word' id='word_1_560' title='bbox 1400 4723 1571 4777; x_wconf 81' lang='lat' dir='ltr'><strong>Filius</strong></span> <span class='ocrx_word' id='word_1_561' title='bbox 1626 4725 1853 4787; x_wconf 89' lang='lat' dir='ltr'><strong>habent,</strong></span> 
     </span>
    </p>
   </div>
   <div class='ocr_carea' id='block_1_79' title="bbox 285 4810 1854 4884">
    <p class='ocr_par' dir='ltr' id='par_1_79' title="bbox 285 4810 1854 4884">
     <span class='ocr_line' id='line_1_80' title="bbox 285 4810 1854 4884; baseline 0.007 -25"><span class='ocrx_word' id='word_1_562' title='bbox 285 4817 648 4877; x_wconf 75' lang='lat' dir='ltr'><strong>praeterquam</strong></span> <span class='ocrx_word' id='word_1_563' title='bbox 683 4810 830 4876; x_wconf 88' lang='lat' dir='ltr'><strong>quod</strong></span> <span class='ocrx_word' id='word_1_564' title='bbox 861 4827 963 4866; x_wconf 83' lang='lat' dir='ltr'><strong>nec</strong></span> <span class='ocrx_word' id='word_1_565' title='bbox 999 4814 1296 4882; x_wconf 84' lang='lat' dir='ltr'><strong>ingenitus,</strong></span> <span class='ocrx_word' id='word_1_566' title='bbox 1343 4830 1445 4868; x_wconf 91' lang='lat' dir='ltr'><strong>nec</strong></span> <span class='ocrx_word' id='word_1_567' title='bbox 1487 4817 1706 4884; x_wconf 82' lang='lat' dir='ltr'><strong>genitus</strong></span> <span class='ocrx_word' id='word_1_568' title='bbox 1751 4828 1854 4871; x_wconf 88' lang='lat' dir='ltr'><strong>est.</strong></span> 
     </span>
    </p>
   </div>
   <div class='ocr_carea' id='block_1_80' title="bbox 285 4895 1853 4974">
    <p class='ocr_par' dir='ltr' id='par_1_80' title="bbox 285 4895 1853 4974">
     <span class='ocr_line' id='line_1_81' title="bbox 285 4895 1853 4974; baseline 0.008 -26"><span class='ocrx_word' id='word_1_569' title='bbox 285 4895 446 4950; x_wconf 84' lang='lat' dir='ltr'><strong>Pater</strong></span> <span class='ocrx_word' id='word_1_570' title='bbox 474 4900 624 4951; x_wconf 90' lang='lat' dir='ltr'><strong>enim</strong></span> <span class='ocrx_word' id='word_1_571' title='bbox 673 4912 839 4952; x_wconf 89' lang='lat' dir='ltr'><strong>causa</strong></span> <span class='ocrx_word' id='word_1_572' title='bbox 899 4905 1088 4955; x_wconf 73' lang='lat' dir='ltr'><strong>caret:</strong></span> <span class='ocrx_word' id='word_1_573' title='bbox 1145 4904 1531 4974; x_wconf 88' lang='lat' dir='ltr'><strong>ingenitusque</strong></span> <span class='ocrx_word' id='word_1_574' title='bbox 1582 4916 1687 4971; x_wconf 90' lang='lat' dir='ltr'><strong>est,</strong></span> <span class='ocrx_word' id='word_1_575' title='bbox 1751 4923 1853 4961; x_wconf 90' lang='lat' dir='ltr'><strong>nec</strong></span> 
     </span>
    </p>
   </div>
   <div class='ocr_carea' id='block_1_81' title="bbox 280 4991 1854 5068">
    <p class='ocr_par' dir='ltr' id='par_1_81' title="bbox 280 4991 1854 5068">
     <span class='ocr_line' id='line_1_82' title="bbox 280 4991 1854 5068; baseline 0.006 -26"><span class='ocrx_word' id='word_1_576' title='bbox 280 4991 429 5042; x_wconf 85' lang='lat' dir='ltr'><strong>enim</strong></span> <span class='ocrx_word' id='word_1_577' title='bbox 469 5005 498 5042; x_wconf 90' lang='lat' dir='ltr'><strong>a</strong></span> <span class='ocrx_word' id='word_1_578' title='bbox 526 5005 826 5059; x_wconf 87' lang='lat' dir='ltr'><strong>quoquam,</strong></span> <span class='ocrx_word' id='word_1_579' title='bbox 867 5009 967 5047; x_wconf 87' lang='lat' dir='ltr'><strong>nec</strong></span> <span class='ocrx_word' id='word_1_580' title='bbox 996 5012 1024 5047; x_wconf 87' lang='lat' dir='ltr'><strong>a</strong></span> <span class='ocrx_word' id='word_1_581' title='bbox 1058 4996 1242 5063; x_wconf 74' lang='lat' dir='ltr'><strong>seipse</strong></span> <span class='ocrx_word' id='word_1_582' title='bbox 1285 4999 1508 5066; x_wconf 90' lang='lat' dir='ltr'><strong>quidem</strong></span> <span class='ocrx_word' id='word_1_583' title='bbox 1542 5002 1810 5068; x_wconf 90' lang='lat' dir='ltr'><strong>processit</strong></span> <span class='ocrx_word' id='word_1_584' title='bbox 1844 5020 1854 5052; x_wconf 92' lang='lat'>:</span> 
     </span>
    </p>
   </div>
   <div class='ocr_carea' id='block_1_82' title="bbox 285 5088 1860 5161">
    <p class='ocr_par' dir='ltr' id='par_1_82' title="bbox 285 5088 1860 5161">
     <span class='ocr_line' id='line_1_83' title="bbox 285 5088 1860 5161; baseline 0.008 -28"><span class='ocrx_word' id='word_1_585' title='bbox 285 5095 388 5135; x_wconf 89' lang='lat' dir='ltr'><strong>nec</strong></span> <span class='ocrx_word' id='word_1_586' title='bbox 417 5098 609 5136; x_wconf 70' lang='lat' dir='ltr'><strong>eorum</strong></span> <span class='ocrx_word' id='word_1_587' title='bbox 637 5100 758 5153; x_wconf 81' lang='lat' dir='ltr'><strong>qme</strong></span> <span class='ocrx_word' id='word_1_588' title='bbox 799 5088 968 5141; x_wconf 86' lang='lat' dir='ltr'><strong>habet</strong></span> <span class='ocrx_word' id='word_1_589' title='bbox 995 5089 1321 5158; x_wconf 89' lang='lat' dir='ltr'><strong>quidquam,</strong></span> <span class='ocrx_word' id='word_1_590' title='bbox 1374 5091 1484 5145; x_wconf 91' lang='lat' dir='ltr'><strong>imo</strong></span> <span class='ocrx_word' id='word_1_591' title='bbox 1510 5092 1714 5160; x_wconf 85' lang='lat' dir='ltr'><strong>‘potius</strong></span> <span class='ocrx_word' id='word_1_592' title='bbox 1745 5094 1860 5161; x_wconf 90' lang='lat' dir='ltr'><strong>ipse</strong></span> 
     </span>
    </p>
   </div>
   <div class='ocr_carea' id='block_1_83' title="bbox 287 5173 1860 5252">
    <p class='ocr_par' dir='ltr' id='par_1_83' title="bbox 287 5173 1860 5252">
     <span class='ocr_line' id='line_1_84' title="bbox 287 5173 1860 5252; baseline 0.008 -28"><span class='ocrx_word' id='word_1_593' title='bbox 287 5173 645 5243; x_wconf 80' lang='lat' dir='ltr'><strong>principium,</strong></span> <span class='ocrx_word' id='word_1_594' title='bbox 681 5186 737 5229; x_wconf 91' lang='lat' dir='ltr'><strong>et</strong></span> <span class='ocrx_word' id='word_1_595' title='bbox 783 5189 975 5234; x_wconf 90' lang='lat' dir='ltr'><strong>auctor</strong></span> <span class='ocrx_word' id='word_1_596' title='bbox 1019 5183 1274 5236; x_wconf 63' lang='lat' dir='ltr'><strong>essentia</strong></span> <span class='ocrx_word' id='word_1_597' title='bbox 1325 5193 1452 5237; x_wconf 87' lang='lat' dir='ltr'><strong>est:</strong></span> <span class='ocrx_word' id='word_1_598' title='bbox 1503 5184 1746 5252; x_wconf 79' lang='lat' dir='ltr'><strong>facitque</strong></span> <span class='ocrx_word' id='word_1_599' title='bbox 1800 5196 1860 5237; x_wconf 84' lang='grc' dir='ltr'><strong>ιιι</strong></span> 
     </span>
    </p>
   </div>
   <div class='ocr_carea' id='block_1_84' title="bbox 285 5260 1858 5344">
    <p class='ocr_par' dir='ltr' id='par_1_84' title="bbox 285 5260 1858 5344">
     <span class='ocr_line' id='line_1_85' title="bbox 285 5260 1858 5344; baseline 0.011 -30"><span class='ocrx_word' id='word_1_600' title='bbox 285 5260 542 5318; x_wconf 85' lang='lat' dir='ltr'><strong>universa</strong></span> <span class='ocrx_word' id='word_1_601' title='bbox 597 5282 822 5336; x_wconf 89' lang='lat' dir='ltr'><strong>quoquo</strong></span> <span class='ocrx_word' id='word_1_602' title='bbox 871 5270 1036 5323; x_wconf 90' lang='lat' dir='ltr'><strong>modo</strong></span> <span class='ocrx_word' id='word_1_603' title='bbox 1096 5287 1153 5326; x_wconf 88' lang='lat' dir='ltr'><strong>se</strong></span> <span class='ocrx_word' id='word_1_604' title='bbox 1216 5275 1544 5330; x_wconf 87' lang='lat' dir='ltr'><strong>naturaliter</strong></span> <span class='ocrx_word' id='word_1_605' title='bbox 1599 5276 1858 5344; x_wconf 87' lang='lat' dir='ltr'><strong>habeant.</strong></span> 
     </span>
    </p>
   </div>
   <div class='ocr_carea' id='block_1_85' title="bbox 285 5354 1861 5438">
    <p class='ocr_par' dir='ltr' id='par_1_85' title="bbox 285 5354 1861 5438">
     <span class='ocr_line' id='line_1_86' title="bbox 285 5354 1861 5438; baseline 0.009 -29"><span class='ocrx_word' id='word_1_606' title='bbox 285 5354 529 5409; x_wconf 80' lang='lat' dir='ltr'><strong>Verbum</strong></span> <span class='ocrx_word' id='word_1_607' title='bbox 560 5369 744 5413; x_wconf 87' lang='lat' dir='ltr'><strong>autem</strong></span> <span class='ocrx_word' id='word_1_608' title='bbox 777 5365 1096 5431; x_wconf 90' lang='lat' dir='ltr'><strong>generative</strong></span> <span class='ocrx_word' id='word_1_609' title='bbox 1137 5379 1167 5418; x_wconf 88' lang='lat' dir='ltr'><strong>a</strong></span> <span class='ocrx_word' id='word_1_610' title='bbox 1205 5365 1367 5421; x_wconf 88' lang='lat' dir='ltr'><strong>Patre</strong></span> <span class='ocrx_word' id='word_1_611' title='bbox 1403 5368 1692 5436; x_wconf 87' lang='lat' dir='ltr'><strong>processit.</strong></span> <span class='ocrx_word' id='word_1_612' title='bbox 1737 5369 1861 5438; x_wconf 89' lang='lat' dir='ltr'><strong>Spi-</strong></span> 
     </span>
    </p>
   </div>
   <div class='ocr_carea' id='block_1_86' title="bbox 284 5445 1862 5532">
    <p class='ocr_par' dir='ltr' id='par_1_86' title="bbox 284 5445 1862 5532">
     <span class='ocr_line' id='line_1_87' title="bbox 284 5445 1862 5532; baseline 0.012 -34"><span class='ocrx_word' id='word_1_613' title='bbox 284 5445 427 5500; x_wconf 88' lang='lat' dir='ltr'><strong>ritus</strong></span> <span class='ocrx_word' id='word_1_614' title='bbox 471 5446 708 5518; x_wconf 89' lang='lat' dir='ltr'><strong>denique</strong></span> <span class='ocrx_word' id='word_1_615' title='bbox 761 5464 986 5508; x_wconf 82' lang='lat' dir='ltr'><strong>sanctus</strong></span> <span class='ocrx_word' id='word_1_616' title='bbox 1030 5471 1060 5508; x_wconf 92' lang='lat' dir='ltr'><strong>a</strong></span> <span class='ocrx_word' id='word_1_617' title='bbox 1119 5455 1301 5512; x_wconf 85' lang='lat' dir='ltr'><strong>Patre-</strong></span> <span class='ocrx_word' id='word_1_618' title='bbox 1329 5459 1495 5514; x_wconf 90' lang='lat' dir='ltr'><strong>etiam</strong></span> <span class='ocrx_word' id='word_1_619' title='bbox 1547 5477 1655 5514; x_wconf 93' lang='lat' dir='ltr'><strong>non</strong></span> <span class='ocrx_word' id='word_1_620' title='bbox 1703 5478 1862 5532; x_wconf 82' lang='lat' dir='ltr'><strong>gene-</strong></span> 
     </span>
    </p>
   </div>
   <div class='ocr_carea' id='block_1_87' title="bbox 287 5541 1860 5623">
    <p class='ocr_par' dir='ltr' id='par_1_87' title="bbox 287 5541 1860 5623">
     <span class='ocr_line' id='line_1_88' title="bbox 287 5541 1860 5623; baseline 0.012 -32"><span class='ocrx_word' id='word_1_621' title='bbox 287 5541 464 5595; x_wconf 81' lang='lat' dir='ltr'><strong>rative</strong></span> <span class='ocrx_word' id='word_1_622' title='bbox 497 5543 592 5595; x_wconf 87' lang='lat' dir='ltr'><strong>sed</strong></span> <span class='ocrx_word' id='word_1_623' title='bbox 628 5547 939 5612; x_wconf 87' lang='lat' dir='ltr'><strong>processive</strong></span> <span class='ocrx_word' id='word_1_624' title='bbox 976 5548 1201 5616; x_wconf 91' lang='lat' dir='ltr'><strong>prodiit.</strong></span> <span class='ocrx_word' id='word_1_625' title='bbox 1237 5550 1378 5616; x_wconf 87' lang='lat' dir='ltr'><strong>Quid</strong></span> <span class='ocrx_word' id='word_1_626' title='bbox 1416 5567 1581 5620; x_wconf 90' lang='lat' dir='ltr'><strong>porro</strong></span> <span class='ocrx_word' id='word_1_627' title='bbox 1634 5569 1662 5607; x_wconf 90' lang='lat' dir='ltr'><strong>a</strong></span> <span class='ocrx_word' id='word_1_628' title='bbox 1698 5571 1860 5623; x_wconf 84' lang='lat' dir='ltr'><strong>gene-</strong></span> 
     </span>
    </p>
   </div>
   <div class='ocr_carea' id='block_1_88' title="bbox 289 5632 1864 5718">
    <p class='ocr_par' dir='ltr' id='par_1_88' title="bbox 289 5632 1864 5718">
     <span class='ocr_line' id='line_1_89' title="bbox 289 5632 1864 5718; baseline 0.012 -35"><span class='ocrx_word' id='word_1_629' title='bbox 289 5632 502 5691; x_wconf 83' lang='lat' dir='ltr'><strong>ratione</strong></span> <span class='ocrx_word' id='word_1_630' title='bbox 562 5638 841 5702; x_wconf 77' lang='lat' dir='ltr'><strong>proc-ssio</strong></span> <span class='ocrx_word' id='word_1_631' title='bbox 891 5639 1134 5702; x_wconf 70' lang='grc' dir='ltr'><strong>εἰὶσε-ηε,</strong></span> <span class='ocrx_word' id='word_1_632' title='bbox 1183 5645 1295 5713; x_wconf 90' lang='lat' dir='ltr'><strong>jam</strong></span> <span class='ocrx_word' id='word_1_633' title='bbox 1350 5645 1692 5710; x_wconf 88' lang='lat' dir='ltr'><strong>didicimus;</strong></span> <span class='ocrx_word' id='word_1_634' title='bbox 1736 5652 1864 5718; x_wconf 85' lang='lat' dir='ltr'><strong>quis</strong></span> 
     </span>
    </p>
   </div>
   <div class='ocr_carea' id='block_1_89' title="bbox 286 5726 1866 5808">
    <p class='ocr_par' dir='ltr' id='par_1_89' title="bbox 286 5726 1866 5808">
     <span class='ocr_line' id='line_1_90' title="bbox 286 5726 1866 5808; baseline 0.01 -33"><span class='ocrx_word' id='word_1_635' title='bbox 286 5731 470 5778; x_wconf 84' lang='lat' dir='ltr'><strong>autem</strong></span> <span class='ocrx_word' id='word_1_636' title='bbox 507 5726 704 5780; x_wconf 90' lang='lat' dir='ltr'><strong>modus</strong></span> <span class='ocrx_word' id='word_1_637' title='bbox 725 5728 1054 5784; x_wconf 67' lang='lat' dir='ltr'><strong>differentia</strong></span> <span class='ocrx_word' id='word_1_638' title='bbox 1085 5733 1177 5794; x_wconf 85' lang='lat' dir='ltr'><strong>sit,</strong></span> <span class='ocrx_word' id='word_1_639' title='bbox 1211 5749 1318 5788; x_wconf 91' lang='lat' dir='ltr'><strong>non</strong></span> <span class='ocrx_word' id='word_1_640' title='bbox 1345 5735 1494 5790; x_wconf 91' lang='lat' dir='ltr'><strong>item.</strong></span> <span class='ocrx_word' id='word_1_641' title='bbox 1522 5737 1866 5808; x_wconf 69' lang='grc' dir='ltr'><strong>Γεννήματτς</strong></span> 
     </span>
    </p>
   </div>
   <div class='ocr_carea' id='block_1_90' title="bbox 285 5820 1864 5899">
    <p class='ocr_par' dir='ltr' id='par_1_90' title="bbox 285 5820 1864 5899">
     <span class='ocr_line' id='line_1_91' title="bbox 285 5820 1864 5899; baseline 0.012 -31"><span class='ocrx_word' id='word_1_642' title='bbox 285 5832 435 5885; x_wconf 85' lang='lat' dir='ltr'><strong>ergo,</strong></span> <span class='ocrx_word' id='word_1_643' title='bbox 470 5820 522 5874; x_wconf 88' lang='lat' dir='ltr'><strong>id</strong></span> <span class='ocrx_word' id='word_1_644' title='bbox 553 5832 637 5876; x_wconf 86' lang='lat' dir='ltr'><strong>est</strong></span> <span class='ocrx_word' id='word_1_645' title='bbox 672 5823 938 5893; x_wconf 78' lang='lat' dir='ltr'><strong>genitura:</strong></span> <span class='ocrx_word' id='word_1_646' title='bbox 975 5827 1196 5882; x_wconf 85' lang='lat' dir='ltr'><strong>nomine</strong></span> <span class='ocrx_word' id='word_1_647' title='bbox 1222 5840 1276 5882; x_wconf 88' lang='lat' dir='ltr'><strong>et</strong></span> <span class='ocrx_word' id='word_1_648' title='bbox 1309 5829 1419 5899; x_wconf 86' lang='lat' dir='ltr'><strong>ipsa</strong></span> <span class='ocrx_word' id='word_1_649' title='bbox 1455 5829 1574 5884; x_wconf 83' lang='lat' dir='ltr'><strong>Filii</strong></span> <span class='ocrx_word' id='word_1_650' title='bbox 1607 5847 1672 5885; x_wconf 73' lang='lat' dir='ltr'><strong>ex</strong></span> <span class='ocrx_word' id='word_1_651' title='bbox 1705 5833 1864 5887; x_wconf 82' lang='lat' dir='ltr'><strong>Patre</strong></span> 
     </span>
    </p>
   </div>
   <div class='ocr_carea' id='block_1_91' title="bbox 1952 3250 3520 3323">
    <p class='ocr_par' dir='ltr' id='par_1_91' title="bbox 1952 3250 3520 3323">
     <span class='ocr_line' id='line_1_92' title="bbox 1952 3250 3520 3323; baseline 0.003 -20"><span class='ocrx_word' id='word_1_652' title='bbox 1952 3250 2188 3318; x_wconf 83' lang='lat' dir='ltr'><strong>plemur,</strong></span> <span class='ocrx_word' id='word_1_653' title='bbox 2221 3251 2366 3320; x_wconf 89' lang='lat' dir='ltr'><strong>quod</strong></span> <span class='ocrx_word' id='word_1_654' title='bbox 2398 3267 2461 3305; x_wconf 79' lang='lat' dir='ltr'><strong>ex</strong></span> <span class='ocrx_word' id='word_1_655' title='bbox 2507 3252 2640 3320; x_wconf 87' lang='lat' dir='ltr'><strong>ipsis</strong></span> <span class='ocrx_word' id='word_1_656' title='bbox 2671 3251 2961 3318; x_wconf 83' lang='lat' dir='ltr'><strong>conflatur,</strong></span> <span class='ocrx_word' id='word_1_657' title='bbox 3007 3254 3324 3323; x_wconf 88' lang='lat' dir='ltr'><strong>imperfecta</strong></span> <span class='ocrx_word' id='word_1_658' title='bbox 3373 3266 3520 3309; x_wconf 91' lang='lat' dir='ltr'><strong>sunt.</strong></span> 
     </span>
    </p>
   </div>
   <div class='ocr_carea' id='block_1_92' title="bbox 1949 3344 3528 3415">
    <p class='ocr_par' dir='ltr' id='par_1_92' title="bbox 1949 3344 3528 3415">
     <span class='ocr_line' id='line_1_93' title="bbox 1949 3344 3528 3415; baseline -0.001 -16"><span class='ocrx_word' id='word_1_659' title='bbox 1949 3345 2149 3399; x_wconf 88' lang='lat' dir='ltr'><strong>Eorum</strong></span> <span class='ocrx_word' id='word_1_660' title='bbox 2185 3345 2329 3398; x_wconf 92' lang='lat' dir='ltr'><strong>enim</strong></span> <span class='ocrx_word' id='word_1_661' title='bbox 2362 3344 2573 3398; x_wconf 89' lang='lat' dir='ltr'><strong>nullum</strong></span> <span class='ocrx_word' id='word_1_662' title='bbox 2614 3359 2708 3412; x_wconf 85' lang='lat' dir='ltr'><strong>per</strong></span> <span class='ocrx_word' id='word_1_663' title='bbox 2741 3361 2799 3398; x_wconf 89' lang='lat' dir='ltr'><strong>se</strong></span> <span class='ocrx_word' id='word_1_664' title='bbox 2835 3345 3031 3399; x_wconf 89' lang='lat' dir='ltr'><strong>domus</strong></span> <span class='ocrx_word' id='word_1_665' title='bbox 3055 3355 3155 3399; x_wconf 92' lang='lat' dir='ltr'><strong>est.</strong></span> <span class='ocrx_word' id='word_1_666' title='bbox 3186 3346 3371 3414; x_wconf 87' lang='lat' dir='ltr'><strong>Itaque</strong></span> <span class='ocrx_word' id='word_1_667' title='bbox 3405 3364 3528 3415; x_wconf 81' lang='lat' dir='ltr'><strong>per-</strong></span> 
     </span>
    </p>
   </div>
   <div class='ocr_carea' id='block_1_93' title="bbox 1948 3437 3527 3506">
    <p class='ocr_par' dir='ltr' id='par_1_93' title="bbox 1948 3437 3527 3506">
     <span class='ocr_line' id='line_1_94' title="bbox 1948 3437 3527 3506; baseline -0.001 -14"><span class='ocrx_word' id='word_1_668' title='bbox 1948 3438 2118 3492; x_wconf 90' lang='lat' dir='ltr'><strong>fectas</strong></span> <span class='ocrx_word' id='word_1_669' title='bbox 2168 3438 2488 3506; x_wconf 77' lang='lat' dir='ltr'><strong>hypostascs</strong></span> <span class='ocrx_word' id='word_1_670' title='bbox 2536 3437 2791 3498; x_wconf 86' lang='lat' dir='ltr'><strong>dicimus,</strong></span> <span class='ocrx_word' id='word_1_671' title='bbox 2844 3453 2910 3490; x_wconf 91' lang='lat' dir='ltr'><strong>ne</strong></span> <span class='ocrx_word' id='word_1_672' title='bbox 2955 3438 3408 3506; x_wconf 89' lang='lat' dir='ltr'><strong>compositionem</strong></span> <span class='ocrx_word' id='word_1_673' title='bbox 3441 3439 3527 3491; x_wconf 81' lang='lat' dir='ltr'><strong>di-</strong></span> 
     </span>
    </p>
   </div>
   <div class='ocr_carea' id='block_1_94' title="bbox 1949 3529 3529 3605">
    <p class='ocr_par' dir='ltr' id='par_1_94' title="bbox 1949 3529 3529 3605">
     <span class='ocr_line' id='line_1_95' title="bbox 1949 3529 3529 3605; baseline 0.002 -24"><span class='ocrx_word' id='word_1_674' title='bbox 1949 3531 2090 3584; x_wconf 65' lang='lat' dir='ltr'><strong>vinae</strong></span> <span class='ocrx_word' id='word_1_675' title='bbox 2146 3538 2353 3582; x_wconf 73' lang='lat' dir='ltr'><strong>natura:</strong></span> <span class='ocrx_word' id='word_1_676' title='bbox 2422 3529 2607 3605; x_wconf 80' lang='lat' dir='ltr'><strong>inesse</strong></span> <span class='ocrx_word' id='word_1_677' title='bbox 2688 3530 3078 3596; x_wconf 74' lang='lat' dir='ltr'><strong>intelligamus.</strong></span> <span class='ocrx_word' id='word_1_678' title='bbox 3155 3531 3529 3584; x_wconf 88' lang='lat' dir='ltr'><strong>Dissensionis</strong></span> 
     </span>
    </p>
   </div>
   <div class='ocr_carea' id='block_1_95' title="bbox 1951 3622 3529 3692">
    <p class='ocr_par' dir='ltr' id='par_1_95' title="bbox 1951 3622 3529 3692">
     <span class='ocr_line' id='line_1_96' title="bbox 1951 3622 3529 3692; baseline -0.001 -14"><span class='ocrx_word' id='word_1_679' title='bbox 1951 3624 2094 3678; x_wconf 91' lang='lat' dir='ltr'><strong>enim</strong></span> <span class='ocrx_word' id='word_1_680' title='bbox 2129 3622 2461 3692; x_wconf 89' lang='lat' dir='ltr'><strong>principium</strong></span> <span class='ocrx_word' id='word_1_681' title='bbox 2503 3624 2615 3691; x_wconf 91' lang='lat' dir='ltr'><strong>ipsa</strong></span> <span class='ocrx_word' id='word_1_682' title='bbox 2645 3632 2728 3677; x_wconf 89' lang='lat' dir='ltr'><strong>est</strong></span> <span class='ocrx_word' id='word_1_683' title='bbox 2773 3623 3119 3692; x_wconf 88' lang='lat' dir='ltr'><strong>compositio.</strong></span> <span class='ocrx_word' id='word_1_684' title='bbox 3170 3624 3382 3677; x_wconf 77' lang='lat' dir='ltr'><strong>Rursus</strong></span> <span class='ocrx_word' id='word_1_685' title='bbox 3418 3635 3529 3678; x_wconf 89' lang='lat' dir='ltr'><strong>tres</strong></span> 
     </span>
    </p>
   </div>
   <div class='ocr_carea' id='block_1_96' title="bbox 1954 3715 3528 3785">
    <p class='ocr_par' dir='ltr' id='par_1_96' title="bbox 1954 3715 3528 3785">
     <span class='ocr_line' id='line_1_97' title="bbox 1954 3715 3528 3785; baseline 0.001 -18"><span class='ocrx_word' id='word_1_686' title='bbox 1954 3715 2273 3785; x_wconf 83' lang='lat' dir='ltr'><strong>hypostases</strong></span> <span class='ocrx_word' id='word_1_687' title='bbox 2323 3716 2374 3766; x_wconf 95' lang='lat' dir='ltr'><strong>in</strong></span> <span class='ocrx_word' id='word_1_688' title='bbox 2426 3715 2622 3783; x_wconf 88' lang='lat' dir='ltr'><strong>seipsis</strong></span> <span class='ocrx_word' id='word_1_689' title='bbox 2696 3725 2890 3768; x_wconf 90' lang='lat' dir='ltr'><strong>mutuo</strong></span> <span class='ocrx_word' id='word_1_690' title='bbox 2938 3715 3118 3769; x_wconf 90' lang='lat' dir='ltr'><strong>inesse</strong></span> <span class='ocrx_word' id='word_1_691' title='bbox 3165 3715 3420 3777; x_wconf 85' lang='lat' dir='ltr'><strong>dicimus,</strong></span> <span class='ocrx_word' id='word_1_692' title='bbox 3461 3733 3528 3768; x_wconf 86' lang='lat' dir='ltr'><strong>ne</strong></span> 
     </span>
    </p>
   </div>
   <div class='ocr_carea' id='block_1_97' title="bbox 1953 3804 3528 3874">
    <p class='ocr_par' dir='ltr' id='par_1_97' title="bbox 1953 3804 3528 3874">
     <span class='ocr_line' id='line_1_98' title="bbox 1953 3804 3528 3874; baseline 0 -15"><span class='ocrx_word' id='word_1_693' title='bbox 1953 3804 2363 3859; x_wconf 86' lang='lat' dir='ltr'><strong>multitudinem</strong></span> <span class='ocrx_word' id='word_1_694' title='bbox 2425 3806 2761 3874; x_wconf 73' lang='lat' dir='ltr'><strong>populumve</strong></span> <span class='ocrx_word' id='word_1_695' title='bbox 2809 3805 3038 3859; x_wconf 89' lang='lat' dir='ltr'><strong>deorum</strong></span> <span class='ocrx_word' id='word_1_696' title='bbox 3092 3806 3528 3860; x_wconf 66' lang='lat' dir='ltr'><strong>introducamuss</strong></span> 
     </span>
    </p>
   </div>
   <div class='ocr_carea' id='block_1_98' title="bbox 1954 3896 3531 3967">
    <p class='ocr_par' dir='ltr' id='par_1_98' title="bbox 1954 3896 3531 3967">
     <span class='ocr_line' id='line_1_99' title="bbox 1954 3896 3531 3967; baseline 0.002 -17"><span class='ocrx_word' id='word_1_697' title='bbox 1954 3896 2237 3965; x_wconf 84' lang='lat' dir='ltr'><strong>Siquidem</strong></span> <span class='ocrx_word' id='word_1_698' title='bbox 2289 3896 2451 3949; x_wconf 90' lang='lat' dir='ltr'><strong>trium</strong></span> <span class='ocrx_word' id='word_1_699' title='bbox 2485 3897 2847 3967; x_wconf 76' lang='lat' dir='ltr'><strong>bypostaseon</strong></span> <span class='ocrx_word' id='word_1_700' title='bbox 2883 3900 3096 3952; x_wconf 90' lang='lat' dir='ltr'><strong>ratione</strong></span> <span class='ocrx_word' id='word_1_701' title='bbox 3127 3900 3333 3952; x_wconf 89' lang='lat' dir='ltr'><strong>nullam</strong></span> <span class='ocrx_word' id='word_1_702' title='bbox 3373 3901 3423 3952; x_wconf 93' lang='lat' dir='ltr'><strong>in</strong></span> <span class='ocrx_word' id='word_1_703' title='bbox 3463 3900 3531 3954; x_wconf 84' lang='lat' dir='ltr'><strong>i:s</strong></span> 
     </span>
    </p>
   </div>
   <div class='ocr_carea' id='block_1_99' title="bbox 1956 3988 3532 4057">
    <p class='ocr_par' dir='ltr' id='par_1_99' title="bbox 1956 3988 3532 4057">
     <span class='ocr_line' id='line_1_100' title="bbox 1956 3988 3532 4057; baseline 0.001 -14"><span class='ocrx_word' id='word_1_704' title='bbox 1956 3988 2417 4057; x_wconf 88' lang='lat' dir='ltr'><strong>compositionem</strong></span> <span class='ocrx_word' id='word_1_705' title='bbox 2450 3999 2544 4040; x_wconf 91' lang='lat' dir='ltr'><strong>aut</strong></span> <span class='ocrx_word' id='word_1_706' title='bbox 2601 3988 2979 4043; x_wconf 83' lang='lat' dir='ltr'><strong>confusionem</strong></span> <span class='ocrx_word' id='word_1_707' title='bbox 3029 4007 3041 4042; x_wconf 88' lang='lat'>:</span> <span class='ocrx_word' id='word_1_708' title='bbox 3098 3990 3306 4044; x_wconf 86' lang='lat' dir='ltr'><strong>ratione</strong></span> <span class='ocrx_word' id='word_1_709' title='bbox 3349 4003 3532 4044; x_wconf 89' lang='lat' dir='ltr'><strong>autem</strong></span> 
     </span>
    </p>
   </div>
   <div class='ocr_carea' id='block_1_100' title="bbox 1930 4081 3537 4150">
    <p class='ocr_par' dir='ltr' id='par_1_100' title="bbox 1930 4081 3537 4150">
     <span class='ocr_line' id='line_1_101' title="bbox 1930 4081 3537 4150; baseline 0.001 -14"><span class='ocrx_word' id='word_1_710' title='bbox 1930 4082 2227 4143; x_wconf 40' lang='lat' dir='ltr'><strong>&#39;essenti;e,</strong></span> <span class='ocrx_word' id='word_1_711' title='bbox 2254 4091 2309 4134; x_wconf 90' lang='lat' dir='ltr'><strong>et</strong></span> <span class='ocrx_word' id='word_1_712' title='bbox 2335 4082 2461 4149; x_wconf 87' lang='lat' dir='ltr'><strong>quia</strong></span> <span class='ocrx_word' id='word_1_713' title='bbox 2493 4081 2851 4150; x_wconf 80' lang='lat' dir='ltr'><strong>hypostaseon</strong></span> <span class='ocrx_word' id='word_1_714' title='bbox 2880 4082 2983 4135; x_wconf 88' lang='lat' dir='ltr'><strong>alia</strong></span> <span class='ocrx_word' id='word_1_715' title='bbox 3017 4083 3109 4136; x_wconf 82' lang='lat' dir='ltr'><strong>alii</strong></span> <span class='ocrx_word' id='word_1_716' title='bbox 3136 4083 3296 4144; x_wconf 89' lang='lat' dir='ltr'><strong>inest,</strong></span> <span class='ocrx_word' id='word_1_717' title='bbox 3331 4084 3537 4137; x_wconf 78' lang='lat' dir='ltr'><strong>Idcirco</strong></span> 
     </span>
    </p>
   </div>
   <div class='ocr_carea' id='block_1_101' title="bbox 1961 4176 3540 4240">
    <p class='ocr_par' dir='ltr' id='par_1_101' title="bbox 1961 4176 3540 4240">
     <span class='ocr_line' id='line_1_102' title="bbox 1961 4176 3540 4240; baseline 0.001 -10"><span class='ocrx_word' id='word_1_718' title='bbox 1961 4177 2297 4230; x_wconf 82' lang='lat' dir='ltr'><strong>individuam</strong></span> <span class='ocrx_word' id='word_1_719' title='bbox 2329 4177 2598 4230; x_wconf 88' lang='lat' dir='ltr'><strong>iniisdem</strong></span> <span class='ocrx_word' id='word_1_720' title='bbox 2630 4176 2997 4240; x_wconf 85' lang='lat' dir='ltr'><strong>identitatem,</strong></span> <span class='ocrx_word' id='word_1_721' title='bbox 3023 4188 3080 4230; x_wconf 92' lang='lat' dir='ltr'><strong>ut</strong></span> <span class='ocrx_word' id='word_1_722' title='bbox 3106 4179 3306 4236; x_wconf 90' lang='lat' dir='ltr'><strong>dicam.</strong></span> <span class='ocrx_word' id='word_1_723' title='bbox 3345 4189 3396 4232; x_wconf 93' lang='lat' dir='ltr'><strong>et</strong></span> <span class='ocrx_word' id='word_1_724' title='bbox 3440 4195 3540 4231; x_wconf 79' lang='lat' dir='ltr'><strong>vo-</strong></span> 
     </span>
    </p>
   </div>
   <div class='ocr_carea' id='block_1_102' title="bbox 1960 4268 3541 4338">
    <p class='ocr_par' dir='ltr' id='par_1_102' title="bbox 1960 4268 3541 4338">
     <span class='ocr_line' id='line_1_103' title="bbox 1960 4268 3541 4338; baseline 0.003 -16"><span class='ocrx_word' id='word_1_725' title='bbox 1960 4271 2246 4325; x_wconf 85' lang='lat' dir='ltr'><strong>luntatem,</strong></span> <span class='ocrx_word' id='word_1_726' title='bbox 2288 4280 2342 4322; x_wconf 89' lang='lat' dir='ltr'><strong>et</strong></span> <span class='ocrx_word' id='word_1_727' title='bbox 2383 4268 2678 4332; x_wconf 87' lang='lat' dir='ltr'><strong>actionem,</strong></span> <span class='ocrx_word' id='word_1_728' title='bbox 2715 4278 2771 4323; x_wconf 91' lang='lat' dir='ltr'><strong>et</strong></span> <span class='ocrx_word' id='word_1_729' title='bbox 2808 4271 3110 4337; x_wconf 86' lang='lat' dir='ltr'><strong>potentiam</strong></span> <span class='ocrx_word' id='word_1_730' title='bbox 3151 4273 3346 4333; x_wconf 87' lang='lat' dir='ltr'><strong>inesse,</strong></span> <span class='ocrx_word' id='word_1_731' title='bbox 3378 4282 3541 4338; x_wconf 86' lang='lat' dir='ltr'><strong>atque</strong></span> 
     </span>
    </p>
   </div>
   <div class='ocr_carea' id='block_1_103' title="bbox 1963 4362 3541 4430">
    <p class='ocr_par' dir='ltr' id='par_1_103' title="bbox 1963 4362 3541 4430">
     <span class='ocr_line' id='line_1_104' title="bbox 1963 4362 3541 4430; baseline 0.001 -15"><span class='ocrx_word' id='word_1_732' title='bbox 1963 4379 2130 4416; x_wconf 89' lang='lat' dir='ltr'><strong>unum</strong></span> <span class='ocrx_word' id='word_1_733' title='bbox 2168 4364 2336 4416; x_wconf 91' lang='lat' dir='ltr'><strong>Deum</strong></span> <span class='ocrx_word' id='word_1_734' title='bbox 2361 4377 2482 4416; x_wconf 90' lang='lat' dir='ltr'><strong>esse</strong></span> <span class='ocrx_word' id='word_1_735' title='bbox 2517 4362 2919 4430; x_wconf 79' lang='lat' dir='ltr'><strong>cognoscimus.</strong></span> <span class='ocrx_word' id='word_1_736' title='bbox 2959 4363 3100 4416; x_wconf 89' lang='lat' dir='ltr'><strong>Deus</strong></span> <span class='ocrx_word' id='word_1_737' title='bbox 3123 4365 3290 4416; x_wconf 87' lang='lat' dir='ltr'><strong>enirn.</strong></span> <span class='ocrx_word' id='word_1_738' title='bbox 3326 4375 3378 4417; x_wconf 88' lang='lat' dir='ltr'><strong>et</strong></span> <span class='ocrx_word' id='word_1_739' title='bbox 3409 4366 3541 4418; x_wconf 80' lang='lat' dir='ltr'><strong>Ver-</strong></span> 
     </span>
    </p>
   </div>
   <div class='ocr_carea' id='block_1_104' title="bbox 1964 4453 3540 4524">
    <p class='ocr_par' dir='ltr' id='par_1_104' title="bbox 1964 4453 3540 4524">
     <span class='ocr_line' id='line_1_105' title="bbox 1964 4453 3540 4524; baseline 0.002 -16"><span class='ocrx_word' id='word_1_740' title='bbox 1964 4455 2112 4508; x_wconf 80' lang='lat' dir='ltr'><strong>bum.</strong></span> <span class='ocrx_word' id='word_1_741' title='bbox 2137 4455 2362 4524; x_wconf 83' lang='lat' dir='ltr'><strong>ejusque</strong></span> <span class='ocrx_word' id='word_1_742' title='bbox 2377 4454 2637 4522; x_wconf 88' lang='lat' dir='ltr'><strong>Spiritus,</strong></span> <span class='ocrx_word' id='word_1_743' title='bbox 2662 4453 3036 4506; x_wconf 89' lang='lat' dir='ltr'><strong>unusdemum</strong></span> <span class='ocrx_word' id='word_1_744' title='bbox 3059 4465 3112 4507; x_wconf 87' lang='lat' dir='ltr'><strong>et</strong></span> <span class='ocrx_word' id='word_1_745' title='bbox 3133 4471 3256 4508; x_wconf 89' lang='lat' dir='ltr'><strong>vere</strong></span> <span class='ocrx_word' id='word_1_746' title='bbox 3273 4455 3416 4510; x_wconf 91' lang='lat' dir='ltr'><strong>Deus</strong></span> <span class='ocrx_word' id='word_1_747' title='bbox 3432 4466 3540 4511; x_wconf 91' lang='lat' dir='ltr'><strong>est.</strong></span> 
     </span>
    </p>
   </div>
   <div class='ocr_carea' id='block_1_105' title="bbox 2538 4565 2967 4621">
    <p class='ocr_par' dir='ltr' id='par_1_105' title="bbox 2538 4565 2967 4621">
     <span class='ocr_line' id='line_1_106' title="bbox 2538 4565 2967 4621; baseline -0.002 0"><span class='ocrx_word' id='word_1_748' title='bbox 2538 4566 2692 4621; x_wconf 79' lang='lat' dir='ltr'><strong>CAP.</strong></span> <span class='ocrx_word' id='word_1_749' title='bbox 2727 4565 2967 4621; x_wconf 72' lang='lat' dir='ltr'><strong>XXXVI.</strong></span> 
     </span>
    </p>
   </div>
   <div class='ocr_carea' id='block_1_106' title="bbox 1972 4661 3545 4728">
    <p class='ocr_par' dir='ltr' id='par_1_106' title="bbox 1972 4661 3545 4728">
     <span class='ocr_line' id='line_1_107' title="bbox 1972 4661 3545 4728; baseline 0.002 -14"><span class='ocrx_word' id='word_1_750' title='bbox 1972 4662 2042 4715; x_wconf 76' lang='lat' dir='ltr'><strong>Ile</strong></span> <span class='ocrx_word' id='word_1_751' title='bbox 2083 4665 2195 4723; x_wconf 79' lang='lat' dir='ltr'><strong>ipsa</strong></span> <span class='ocrx_word' id='word_1_752' title='bbox 2225 4672 2270 4714; x_wconf 83' lang='lat' dir='ltr'><strong>et</strong></span> <span class='ocrx_word' id='word_1_753' title='bbox 2311 4662 2490 4714; x_wconf 83' lang='lat' dir='ltr'><strong>animo</strong></span> <span class='ocrx_word' id='word_1_754' title='bbox 2531 4661 2903 4728; x_wconf 80' lang='lat' dir='ltr'><strong>contemplari.</strong></span> <span class='ocrx_word' id='word_1_755' title='bbox 2939 4661 3209 4725; x_wconf 81' lang='lat' dir='ltr'><strong>Quomodo</strong></span> <span class='ocrx_word' id='word_1_756' title='bbox 3248 4681 3545 4717; x_wconf 76' lang='lat' dir='ltr'><strong>communes</strong></span> 
     </span>
    </p>
   </div>
   <div class='ocr_carea' id='block_1_107' title="bbox 2038 4734 3546 4800">
    <p class='ocr_par' dir='ltr' id='par_1_107' title="bbox 2038 4734 3546 4800">
     <span class='ocr_line' id='line_1_108' title="bbox 2038 4734 3546 4800; baseline 0.002 -17"><span class='ocrx_word' id='word_1_757' title='bbox 2038 4749 2216 4784; x_wconf 83' lang='lat' dir='ltr'><strong>rerum</strong></span> <span class='ocrx_word' id='word_1_758' title='bbox 2254 4735 2488 4784; x_wconf 83' lang='lat' dir='ltr'><strong>omnium</strong></span> <span class='ocrx_word' id='word_1_759' title='bbox 2521 4734 2755 4784; x_wconf 77' lang='lat' dir='ltr'><strong>noti’oues</strong></span> <span class='ocrx_word' id='word_1_760' title='bbox 2787 4735 3213 4800; x_wconf 79' lang='lat' dir='ltr'><strong>dignoscantur?</strong></span> <span class='ocrx_word' id='word_1_761' title='bbox 3238 4734 3374 4797; x_wconf 82' lang='lat' dir='ltr'><strong>Quid</strong></span> <span class='ocrx_word' id='word_1_762' title='bbox 3408 4737 3546 4786; x_wconf 83' lang='lat' dir='ltr'><strong>idem</strong></span> 
     </span>
    </p>
   </div>
   <div class='ocr_carea' id='block_1_108' title="bbox 2039 4803 3549 4872">
    <p class='ocr_par' dir='ltr' id='par_1_108' title="bbox 2039 4803 3549 4872">
     <span class='ocr_line' id='line_1_109' title="bbox 2039 4803 3549 4872; baseline 0.001 -18"><span class='ocrx_word' id='word_1_763' title='bbox 2039 4820 2069 4853; x_wconf 84' lang='grc' dir='ltr'><em>α</em></span> <span class='ocrx_word' id='word_1_764' title='bbox 2102 4804 2264 4855; x_wconf 85' lang='lat' dir='ltr'><strong>simili</strong></span> <span class='ocrx_word' id='word_1_765' title='bbox 2290 4803 2496 4872; x_wconf 69' lang='lat' dir='ltr'><strong>differat</strong></span> <span class='ocrx_word' id='word_1_766' title='bbox 2519 4803 2542 4855; x_wconf 83' lang='lat'><strong><em>?</em></strong></span> <span class='ocrx_word' id='word_1_767' title='bbox 2567 4804 2797 4856; x_wconf 82' lang='lat' dir='ltr'><strong>l’crsonu</strong></span> <span class='ocrx_word' id='word_1_768' title='bbox 2825 4819 3062 4871; x_wconf 76' lang='lat' dir='ltr'><strong>persona:</strong></span> <span class='ocrx_word' id='word_1_769' title='bbox 3085 4808 3345 4872; x_wconf 83' lang='lat' dir='ltr'><strong>quomodo</strong></span> <span class='ocrx_word' id='word_1_770' title='bbox 3376 4806 3500 4857; x_wconf 80' lang='lat' dir='ltr'><strong>insit</strong></span> <span class='ocrx_word' id='word_1_771' title='bbox 3526 4807 3549 4856; x_wconf 71' lang='grc' dir='ltr'><strong>ξ’</strong></span> 
     </span>
    </p>
   </div>
   <div class='ocr_carea' id='block_1_109' title="bbox 2041 4915 3546 4984">
    <p class='ocr_par' dir='ltr' id='par_1_109' title="bbox 2041 4915 3546 4984">
     <span class='ocr_line' id='line_1_110' title="bbox 2041 4915 3546 4984; baseline -0.001 -15"><span class='ocrx_word' id='word_1_772' title='bbox 2041 4915 2337 4970; x_wconf 89' lang='lat' dir='ltr'><strong>Sciendum</strong></span> <span class='ocrx_word' id='word_1_773' title='bbox 2393 4915 2654 4969; x_wconf 82' lang='lat' dir='ltr'><strong>estaliud</strong></span> <span class='ocrx_word' id='word_1_774' title='bbox 2714 4930 2834 4968; x_wconf 87' lang='lat' dir='ltr'><strong>esse</strong></span> <span class='ocrx_word' id='word_1_775' title='bbox 2890 4930 2946 4968; x_wconf 87' lang='lat' dir='ltr'><strong>re</strong></span> <span class='ocrx_word' id='word_1_776' title='bbox 2983 4917 3096 4983; x_wconf 89' lang='lat' dir='ltr'><strong>ipsa</strong></span> <span class='ocrx_word' id='word_1_777' title='bbox 3159 4917 3546 4984; x_wconf 87' lang='lat' dir='ltr'><strong>contemplari,</strong></span> 
     </span>
    </p>
   </div>
   <div class='ocr_carea' id='block_1_110' title="bbox 1970 5006 3548 5076">
    <p class='ocr_par' dir='ltr' id='par_1_110' title="bbox 1970 5006 3548 5076">
     <span class='ocr_line' id='line_1_111' title="bbox 1970 5006 3548 5076; baseline 0.001 -19"><span class='ocrx_word' id='word_1_778' title='bbox 1970 5018 2208 5074; x_wconf 85' lang='lat' dir='ltr'><strong>Itemque</strong></span> <span class='ocrx_word' id='word_1_779' title='bbox 2239 5006 2386 5059; x_wconf 90' lang='lat' dir='ltr'><strong>aliud</strong></span> <span class='ocrx_word' id='word_1_780' title='bbox 2415 5006 2627 5059; x_wconf 91' lang='lat' dir='ltr'><strong>ratione</strong></span> <span class='ocrx_word' id='word_1_781' title='bbox 2655 5015 2712 5060; x_wconf 91' lang='lat' dir='ltr'><strong>et</strong></span> <span class='ocrx_word' id='word_1_782' title='bbox 2745 5006 3094 5076; x_wconf 84' lang='lat' dir='ltr'><strong>cogitatione.</strong></span> <span class='ocrx_word' id='word_1_783' title='bbox 3127 5006 3244 5060; x_wconf 85' lang='lat' dir='ltr'><strong>Jam</strong></span> <span class='ocrx_word' id='word_1_784' title='bbox 3283 5009 3336 5060; x_wconf 96' lang='lat' dir='ltr'><strong>in</strong></span> <span class='ocrx_word' id='word_1_785' title='bbox 3367 5010 3548 5060; x_wconf 82' lang='lat' dir='ltr'><strong>omni-</strong></span> 
     </span>
    </p>
   </div>
   <div class='ocr_carea' id='block_1_111' title="bbox 1970 5098 3549 5168">
    <p class='ocr_par' dir='ltr' id='par_1_111' title="bbox 1970 5098 3549 5168">
     <span class='ocr_line' id='line_1_112' title="bbox 1970 5098 3549 5168; baseline 0.001 -18"><span class='ocrx_word' id='word_1_786' title='bbox 1970 5099 2075 5151; x_wconf 92' lang='lat' dir='ltr'><strong>bus</strong></span> <span class='ocrx_word' id='word_1_787' title='bbox 2112 5098 2275 5151; x_wconf 91' lang='lat' dir='ltr'><strong>rebus</strong></span> <span class='ocrx_word' id='word_1_788' title='bbox 2301 5100 2502 5152; x_wconf 86' lang='lat' dir='ltr'><strong>creatis</strong></span> <span class='ocrx_word' id='word_1_789' title='bbox 2544 5114 2902 5167; x_wconf 90' lang='lat' dir='ltr'><strong>personarum</strong></span> <span class='ocrx_word' id='word_1_790' title='bbox 2937 5099 3137 5152; x_wconf 88' lang='lat' dir='ltr'><strong>divisio</strong></span> <span class='ocrx_word' id='word_1_791' title='bbox 3181 5116 3238 5152; x_wconf 90' lang='lat' dir='ltr'><strong>re</strong></span> <span class='ocrx_word' id='word_1_792' title='bbox 3275 5101 3388 5168; x_wconf 90' lang='lat' dir='ltr'><strong>ipsa</strong></span> <span class='ocrx_word' id='word_1_793' title='bbox 3415 5116 3549 5152; x_wconf 90' lang='lat' dir='ltr'><strong>con-</strong></span> 
     </span>
    </p>
   </div>
   <div class='ocr_carea' id='block_1_112' title="bbox 1970 5189 3548 5260">
    <p class='ocr_par' dir='ltr' id='par_1_112' title="bbox 1970 5189 3548 5260">
     <span class='ocr_line' id='line_1_113' title="bbox 1970 5189 3548 5260; baseline 0.002 -18"><span class='ocrx_word' id='word_1_794' title='bbox 1970 5190 2224 5258; x_wconf 83' lang='lat' dir='ltr'><strong>spicitur.</strong></span> <span class='ocrx_word' id='word_1_795' title='bbox 2273 5189 2655 5246; x_wconf 90' lang='lat' dir='ltr'><strong>Communitas</strong></span> <span class='ocrx_word' id='word_1_796' title='bbox 2691 5199 2875 5244; x_wconf 90' lang='lat' dir='ltr'><strong>autem</strong></span> <span class='ocrx_word' id='word_1_797' title='bbox 2920 5201 2976 5244; x_wconf 87' lang='lat' dir='ltr'><strong>et</strong></span> <span class='ocrx_word' id='word_1_798' title='bbox 3030 5193 3309 5260; x_wconf 87' lang='lat' dir='ltr'><strong>cognatio,</strong></span> <span class='ocrx_word' id='word_1_799' title='bbox 3363 5203 3548 5245; x_wconf 57' lang='lat' dir='ltr'><strong>mente</strong></span> 
     </span>
    </p>
   </div>
   <div class='ocr_carea' id='block_1_113' title="bbox 1971 5273 3550 5354">
    <p class='ocr_par' dir='ltr' id='par_1_113' title="bbox 1971 5273 3550 5354">
     <span class='ocr_line' id='line_1_114' title="bbox 1971 5273 3550 5354; baseline 0.001 -21"><span class='ocrx_word' id='word_1_800' title='bbox 1971 5283 2414 5352; x_wconf 86' lang='lat' dir='ltr'><strong>cogitationeque</strong></span> <span class='ocrx_word' id='word_1_801' title='bbox 2470 5283 2722 5352; x_wconf 89' lang='lat' dir='ltr'><strong>patescit.</strong></span> <span class='ocrx_word' id='word_1_802' title='bbox 2779 5284 2912 5337; x_wconf 86' lang='lat' dir='ltr'><strong>Nam</strong></span> <span class='ocrx_word' id='word_1_803' title='bbox 2975 5295 3159 5339; x_wconf 88' lang='lat' dir='ltr'><strong>mente</strong></span> <span class='ocrx_word' id='word_1_804' title='bbox 3210 5273 3550 5354; x_wconf 69' lang='lat' dir='ltr'><strong>percipimus</strong></span> 
     </span>
    </p>
   </div>
   <div class='ocr_carea' id='block_1_114' title="bbox 1972 5373 3551 5444">
    <p class='ocr_par' dir='ltr' id='par_1_114' title="bbox 1972 5373 3551 5444">
     <span class='ocr_line' id='line_1_115' title="bbox 1972 5373 3551 5444; baseline 0.001 -16"><span class='ocrx_word' id='word_1_805' title='bbox 1972 5373 2192 5428; x_wconf 88' lang='lat' dir='ltr'><strong>Petrum</strong></span> <span class='ocrx_word' id='word_1_806' title='bbox 2224 5383 2278 5426; x_wconf 90' lang='lat' dir='ltr'><strong>et</strong></span> <span class='ocrx_word' id='word_1_807' title='bbox 2316 5375 2547 5428; x_wconf 83' lang='lat' dir='ltr'><strong>Paulum</strong></span> <span class='ocrx_word' id='word_1_808' title='bbox 2601 5374 2849 5442; x_wconf 78' lang='lat' dir='ltr'><strong>ejusdem</strong></span> <span class='ocrx_word' id='word_1_809' title='bbox 2891 5390 3010 5429; x_wconf 84' lang='lat' dir='ltr'><strong>esse</strong></span> <span class='ocrx_word' id='word_1_810' title='bbox 3065 5387 3298 5440; x_wconf 60' lang='lat' dir='ltr'><strong>naturte,</strong></span> <span class='ocrx_word' id='word_1_811' title='bbox 3333 5392 3551 5444; x_wconf 88' lang='lat' dir='ltr'><strong>unaque</strong></span> 
     </span>
    </p>
   </div>
   <div class='ocr_carea' id='block_1_115' title="bbox 1970 5465 3551 5538">
    <p class='ocr_par' dir='ltr' id='par_1_115' title="bbox 1970 5465 3551 5538">
     <span class='ocr_line' id='line_1_116' title="bbox 1970 5465 3551 5538; baseline 0.003 -20"><span class='ocrx_word' id='word_1_812' title='bbox 1970 5465 2250 5518; x_wconf 89' lang='lat' dir='ltr'><strong>communi</strong></span> <span class='ocrx_word' id='word_1_813' title='bbox 2297 5475 2551 5521; x_wconf 88' lang='lat' dir='ltr'><strong>constare</strong></span> <span class='ocrx_word' id='word_1_814' title='bbox 2607 5477 2825 5521; x_wconf 89' lang='lat' dir='ltr'><strong>natura.</strong></span> <span class='ocrx_word' id='word_1_815' title='bbox 2885 5466 3084 5522; x_wconf 83' lang='lat' dir='ltr'><strong>Eorum</strong></span> <span class='ocrx_word' id='word_1_816' title='bbox 3120 5469 3267 5521; x_wconf 91' lang='lat' dir='ltr'><strong>enim</strong></span> <span class='ocrx_word' id='word_1_817' title='bbox 3317 5480 3551 5538; x_wconf 89' lang='lat' dir='ltr'><strong>uterque</strong></span> 
     </span>
    </p>
   </div>
   <div class='ocr_carea' id='block_1_116' title="bbox 1971 5560 3546 5629">
    <p class='ocr_par' dir='ltr' id='par_1_116' title="bbox 1971 5560 3546 5629">
     <span class='ocr_line' id='line_1_117' title="bbox 1971 5560 3546 5629; baseline 0.003 -17"><span class='ocrx_word' id='word_1_818' title='bbox 1971 5561 2170 5612; x_wconf 84' lang='lat' dir='ltr'><strong>animal</strong></span> <span class='ocrx_word' id='word_1_819' title='bbox 2223 5567 2308 5613; x_wconf 90' lang='lat' dir='ltr'><strong>est</strong></span> <span class='ocrx_word' id='word_1_820' title='bbox 2357 5561 2566 5615; x_wconf 84' lang='lat' dir='ltr'><strong>ratione</strong></span> <span class='ocrx_word' id='word_1_821' title='bbox 2621 5560 2937 5629; x_wconf 68' lang='lat' dir='ltr'><strong>praeditum,</strong></span> <span class='ocrx_word' id='word_1_822' title='bbox 2998 5562 3161 5614; x_wconf 90' lang='lat' dir='ltr'><strong>morti</strong></span> <span class='ocrx_word' id='word_1_823' title='bbox 3223 5563 3546 5616; x_wconf 75' lang='lat' dir='ltr'><strong>obnoxium.</strong></span> 
     </span>
    </p>
   </div>
   <div class='ocr_carea' id='block_1_117' title="bbox 1978 5653 3552 5720">
    <p class='ocr_par' dir='ltr' id='par_1_117' title="bbox 1978 5653 3552 5720">
     <span class='ocr_line' id='line_1_118' title="bbox 1978 5653 3552 5720; baseline 0 -15"><span class='ocrx_word' id='word_1_824' title='bbox 1978 5653 2109 5705; x_wconf 91' lang='lat' dir='ltr'><strong>Item</strong></span> <span class='ocrx_word' id='word_1_825' title='bbox 2163 5663 2393 5720; x_wconf 87' lang='lat' dir='ltr'><strong>uterque</strong></span> <span class='ocrx_word' id='word_1_826' title='bbox 2424 5667 2553 5705; x_wconf 87' lang='lat' dir='ltr'><strong>caro</strong></span> <span class='ocrx_word' id='word_1_827' title='bbox 2578 5665 2683 5713; x_wconf 78' lang='lat' dir='ltr'><strong>eSt,</strong></span> <span class='ocrx_word' id='word_1_828' title='bbox 2712 5654 2800 5707; x_wconf 90' lang='lat' dir='ltr'><strong>cui</strong></span> <span class='ocrx_word' id='word_1_829' title='bbox 2837 5653 3018 5706; x_wconf 88' lang='lat' dir='ltr'><strong>anima</strong></span> <span class='ocrx_word' id='word_1_830' title='bbox 3070 5655 3300 5706; x_wconf 87' lang='lat' dir='ltr'><strong>rationis</strong></span> <span class='ocrx_word' id='word_1_831' title='bbox 3334 5653 3552 5706; x_wconf 82' lang='lat' dir='ltr'><strong>intelle-</strong></span> 
     </span>
    </p>
   </div>
   <div class='ocr_carea' id='block_1_118' title="bbox 1973 5743 3554 5814">
    <p class='ocr_par' dir='ltr' id='par_1_118' title="bbox 1973 5743 3554 5814">
     <span class='ocr_line' id='line_1_119' title="bbox 1973 5743 3554 5814; baseline -0.001 -17"><span class='ocrx_word' id='word_1_832' title='bbox 1973 5756 2201 5812; x_wconf 85' lang='lat' dir='ltr'><strong>ctusque</strong></span> <span class='ocrx_word' id='word_1_833' title='bbox 2235 5747 2506 5814; x_wconf 86' lang='lat' dir='ltr'><strong>particeps</strong></span> <span class='ocrx_word' id='word_1_834' title='bbox 2539 5745 2718 5798; x_wconf 75' lang='lat' dir='ltr'><strong>infusa</strong></span> <span class='ocrx_word' id='word_1_835' title='bbox 2750 5757 2852 5798; x_wconf 87' lang='lat' dir='ltr'><strong>est.</strong></span> <span class='ocrx_word' id='word_1_836' title='bbox 2876 5743 3199 5798; x_wconf 88' lang='lat' dir='ltr'><strong>Communis</strong></span> <span class='ocrx_word' id='word_1_837' title='bbox 3231 5746 3413 5814; x_wconf 88' lang='lat' dir='ltr'><strong>itaque</strong></span> <span class='ocrx_word' id='word_1_838' title='bbox 3454 5761 3554 5796; x_wconf 83' lang='lat' dir='ltr'><strong>na-</strong></span> 
     </span>
    </p>
   </div>
   <div class='ocr_carea' id='block_1_119' title="bbox 1981 5833 3554 5906">
    <p class='ocr_par' dir='ltr' id='par_1_119' title="bbox 1981 5833 3554 5906">
     <span class='ocr_line' id='line_1_120' title="bbox 1981 5833 3554 5906; baseline -0.001 -18"><span class='ocrx_word' id='word_1_839' title='bbox 1981 5847 2100 5888; x_wconf 79' lang='lat' dir='ltr'><strong>tura</strong></span> <span class='ocrx_word' id='word_1_840' title='bbox 2139 5837 2349 5889; x_wconf 83' lang='lat' dir='ltr'><strong>ratione</strong></span> <span class='ocrx_word' id='word_1_841' title='bbox 2377 5836 2611 5903; x_wconf 79' lang='lat' dir='ltr'><strong>perspici</strong></span> <span class='ocrx_word' id='word_1_842' title='bbox 2638 5843 2841 5906; x_wconf 77' lang='lat' dir='ltr'><strong>potest.</strong></span> <span class='ocrx_word' id='word_1_843' title='bbox 2875 5833 2982 5888; x_wconf 79' lang='lat' dir='ltr'><strong>Nec</strong></span> <span class='ocrx_word' id='word_1_844' title='bbox 3018 5835 3162 5887; x_wconf 87' lang='lat' dir='ltr'><strong>enim</strong></span> <span class='ocrx_word' id='word_1_845' title='bbox 3191 5836 3554 5904; x_wconf 70' lang='lat' dir='ltr'><strong>hypostaseen</strong></span> 
     </span>
    </p>
   </div>
  </div>
