4274 6382
887 394 1021 454 1175

2116 403 2409 462 NICETJS
2449 401 2849 463 CHONJA'I‘A‘J

4007 363 4136 476 me

885 510 991 560 alia
1021 510 1110 561 alii
1151 511 1310 571 inest,
1358 510 1450 563 sed
1481 511 1735 577 privatim
1792 522 1845 563 «τι
1878 514 1927 564 in
1983 523 2132 579 parte
2181 511 2465 580 qualibet,
2498 513 2544 568 Α
2575 512 2915 568 identitatem
2953 531 3117 568 unum
3148 517 3424 587 quidpiam
3455 520 3714 592 idemque
3752 523 4134 594 imagincttmr.

875 603 996 653 sive
1035 615 1130 668 per
1187 616 1242 654 se
1309 603 1500 668 ipsam,
1531 601 1705 655 divisa
1762 613 1864 664 est,
1918 604 2175 670 pleraque
2226 620 2288 654 ex
2321 600 2450 664 alio,

878 693 1081 760 quibus
1114 691 1414 755 dividatur,
1444 694 1674 747 habens.
1710 694 1842 746 Nam
1877 705 1927 748 et
1963 695 2085 747 loco
2117 694 2344 754 distant,
2393 702 2447 745 et

873 799 1118 854 tempore
1139 786 1421 851 diﬂ'erunt,
1445 788 1714 841 sententia
1739 788 1996 856 denique,
2021 786 2252 846 viribus,
2275 786 2448 838 forma

871 895 969 932 seu
1016 881 1206 946 ﬁgura,
1240 879 1454 935 habitu.
1493 889 1950 945 temperamento,
1995 877 2284 946 dignitate,
2324 879 2448 930 vitro

873 971 1145 1026 instituto.
1173 979 1226 1021 ct
1252 971 1507 1022 omnibus
1537 970 1837 1036 figurativis
1867 969 2315 1038 proprietatibus.
2341 969 2447 1022 Int-

870 1063 1064 1128 prims
1095 1071 1298 1120 autum,
1349 1061 1475 1126 quia
1505 1061 1606 1112 alia
1640 1062 1728 1112 alii
1787 1075 1892 1112 non
1943 1062 2098 1123 inest,
2151 1059 2243 1112 scd
2292 1074 2444 1127 sepa-

869 1164 984 1204 rata
1028 1163 1231 1206 manet.
1266 1151 1420 1205 Unde
1469 1151 1526 1204 ﬁt
1574 1159 1647 1205 ut'
1672 1155 1774 1204 duo
1809 1163 1864 1204 ct
1904 1163 2014 1204 tres
2056 1152 2309 1204 homines
2359 1152 2412 1204 di

866 1255 1079 1302 rantur,
1116 1252 1170 1293 et
1201 1241 1381 1298 multi.
1414 1241 1526 1294 lloc
1559 1251 1703 1294 certe
1727 1242 1781 1293 in
1801 1242 1947 1294 omni
1980 1251 2230 1294 creatura
2262 1241 2442 1294 locum

865 1332 1049 1384 liabet.
1093 1333 1160 1385 At
1192 1333 1244 1385 in
1278 1346 1484 1395 sancta,
1535 1334 2050 1401 supersubstantiali
2076 1376 2088 1398 ,
2122 1343 2316 1386 cuncta
2350 1349 2445 1386 su-

863 1434 1113 1493 perante,
1152 1436 1207 1479 et
1243 1426 1702 1492 incompreliensa
1756 1425 2024 1478 'l'rinitate
2060 1440 2220 1478 secus
2258 1440 2316 1478 se
2356 1441 2442 1478 res

869 1517 1054 1568 habet.
1088 1517 1241 1580 Quod
1277 1519 1424 1568 enim
1460 1517 1513 1569 in
1563 1516 1651 1568 illa
1684 1529 1974 1568 commune
2017 1527 2071 1569 et
2119 1531 2286 1568 unum
2335 1527 2441 1579 est,

868 1611 920 1662 id
965 1625 1022 1662 re
1055 1610 1167 1678 ipsa
1200 1609 1605 1662 consideratur.
1653 1607 1809 1673 Quod
1861 1611 2116 1660 nimirum
2149 1616 2440 1669 coazterna,

859 1701 1002 1766 quo.l
1038 1702 1298 1762 essentia,
1331 1700 1668 1766 operatione,
1699 1709 1752 1752 et
1779 1699 2054 1752 voluntate
2086 1699 2280 1753 iisdem
2311 1714 2442 1768 pre-

860 1795 971 1844 dita
999 1803 1104 1852 est,
1135 1794 1280 1859 quod
1317 1793 1556 1858 denique
1587 1792 1701 1860 ipse
1744 1793 1888 1844 idem
1916 1804 1971 1845 et
2007 1793 2144 1846 velle
2175 1802 2230 1846 et
2267 1795 2434 1856 nolle,

2563 600 2764 655 Eorum
2794 620 2926 656 vero
2990 608 3198 660 ratione
3262 609 3469 671 habita,
3511 613 3562 664 in
3616 613 3815 682 quibus
3871 616 4133 669 divinitus

2565 693 2730 752 inest.
2776 695 2860 748 vcl
2899 706 2957 750 ut
2986 696 3245 752 subtilius
3281 699 3483 761 dicant,
3525 717 3643 768 quae
3692 713 3817 757 sunt
3869 705 4134 761 divinitas

2556 784 2692 851 ipsa,
2725 801 2954 854 quasque
3009 788 3157 852 inde,
3193 799 3456 858 tanquam
3489 808 3516 843 a
3551 794 3749 861 prima,
3792 810 3988 854 causa.
4026 799 4135 850 sine

2557 885 2828 945 tempore,
2862 878 3054 931 eadem
3082 895 3310 948 prorsus
3334 897 3457 935 cum
3495 886 3689 952 gloria,
3722 896 3776 939 et
3801 887 4132 942 indistincte

2553 968 2878 1033 procedunt,
2912 971 3014 1022 hoc
3052 981 3135 1022 est
3193 971 3556 1040 ltypostascon
3604 991 3698 1031 seu
3737 995 4130 1046 personarum,

2554 1058 2656 1109 tria
2689 1069 2816 1110 sunt
2843 1059 2983 1111 haud
3018 1061 3184 1115 dubie
3249 1079 3372 1130 quae
3405 1066 3726 1121 adorantur.
3775 1070 3933 1124 Unus
3981 1072 4134 1126 Pater

2551 1148 2709 1201 Pater
2735 1162 2838 1212 est,
2872 1160 2925 1204 et
2964 1152 3086 1205 sine
3120 1155 3417 1223 principio,
3461 1159 3564 1210 hoc
3605 1171 3690 1211 est
3725 1165 3843 1214 sine
3889 1177 4081 1225 causa,
4111 1181 4133 1215 a

2548 1241 2699 1292 nullo
2728 1243 2872 1295 enim
2900 1245 3163 1310 procedit.
3206 1246 3357 1300 Unus
3403 1247 3571 1302 Filius
3603 1249 3771 1302 Filius
3793 1263 3903 1314 est,
3946 1263 4005 1305 at
4037 1273 4134 1308 non

2551 1332 2669 1382 sine
2703 1334 2993 1400 principio,
3031 1335 3134 1388 hoc
3166 1347 3270 1396 est.
3303 1353 3411 1390 non
3440 1339 3558 1392 sine
3585 1356 3771 1403 causa,
3798 1343 4082 1411 siquidem
4111 1363 4132 1397 λ

2559 1422 2720 1477 Patre
2760 1427 3029 1492 procedit.
3063 1427 3220 1492 Quod
3250 1430 3295 1482 si
3335 1434 3635 1499 temporale
3672 1436 4018 1504 principium
4063 1439 4135 1488 ir.-

2557 1513 2790 1582 telligas,
2845 1521 3102 1572 eumdem
3182 1522 3298 1574 sine
3361 1524 3634 1592 principio
3696 1528 3862 1579 etiam
3949 1529 4133 1582 όιιιιέ

2545 1623 2736 1675 queas.
2775 1609 2887 1663 Nec
2917 1612 3062 1665 enim
3102 1615 3332 1682 tempori
3367 1615 3613 1684 subjacct
3649 1617 3712 1680 is,
3747 1619 3839 1685 qui
3880 1629 4132 1688 tempora

2543 1699 2809 1753 condidit.
2837 1700 2988 1755 Unus
3013 1702 3249 1771 Spiritus
3278 1715 3522 1768 sanctus,
3576 1705 3835 1774 Spiritus,
3891 1725 3920 1760 a
3977 1711 4132 1762 Patre

2545 1789 2769 1856 quidem
2825 1793 3132 1861 procedens
3184 1811 3292 1848 non
3341 1798 3587 1857 tiliative,
3633 1798 3725 1850 scd
3787 1803 4128 1864 processivr.

857 1885 1052 1937 eadem
1096 1885 1363 1952 potentia,
1399 1884 1574 1936 virtus
1629 1893 1684 1936 ct
1727 1884 1945 1937 bonitas
2008 1887 2149 1938 inest
2193 1885 2428 1953 (eadem,
2463 1865 2506 1923 Β
2547 1879 2626 1934 lta
2693 1892 2752 1934 ut
2813 1898 2992 1952 neque
3054 1886 3213 1940 l‘ater
3272 1887 3574 1955 ingenitus,
3633 1889 3776 1955 quod
3843 1892 4130 1956 genuerit.

856 1978 1100 2044 inquam,
1134 1992 1239 2029 non
1266 1977 1500 2043 similis),
1525 1992 1633 2028 una
1662 1967 1896 2044 denique
1920 1987 2099 2030 motus
2122 1979 2431 2047 cjaculatio.

855 2067 974 2122 Una
1018 2070 1163 2121 enim
1206 2069 1462 2130 essentia,
1520 2083 1624 2120 una
1672 2070 1909 2132 bonitas,
1955 2087 2062 2124 una
2106 2072 2298 2134 virtus,
2328 2089 2432 2128 una

1053 2175 1129 2219 us,
1169 2175 1272 2211 una
1328 2162 1492 2219 actio,
1533 2175 1639 2213 una
1690 2162 1960 2227 potentia,
1997 2177 2126 2223 una,
2185 2166 2430 2231 inquam,

851 2260 906 2304 ct
941 2250 1132 2303 eadem
1164 2260 1268 2303 cst.
1317 2251 1433 2303 Non
1463 2261 1572 2304 tres
1603 2253 1745 2304 inter
1774 2266 1830 2305 se
1860 2254 2089 2314 similes.
2138 2255 2234 2307 sed
2292 2272 2434 2310 unus

850 2355 906 2396 et
943 2343 1082 2396 idem
1122 2344 1285 2396 trium
1348 2360 1703 2412 personarum
1773 2357 1971 2399 motus.
2029 2347 2228 2400 Earum
2282 2350 2427 2402 enim

851 2437 1080 2503 singula:
1109 2452 1212 2488 non
1247 2437 1429 2489 minus
1463 2439 1516 2490 in
1553 2438 1674 2491 aliis
1707 2454 1869 2507 quam
1898 2437 1949 2491 in
1977 2439 2175 2507 seipsis
2202 2440 2425 2503 habent,

851 2535 959 2582 hoc
1014 2538 1119 2581 est.
1151 2531 1279 2595 quia
1311 2531 1360 2580 in
1391 2531 1646 2582 omnibus
1693 2546 1860 2583 unum
1891 2542 2018 2584 sunt
2049 2531 2228 2596 Pater,
2259 2532 2429 2587 Filius

848 2632 900 2674 et
940 2621 1178 2690 Spiritus
1211 2625 1464 2686 Sanctus,
1515 2624 1763 2692 ingeniti,
1791 2625 1959 2694 geniti
1995 2635 2050 2679 et
2083 2626 2426 2694 procedentis

847 2719 1078 2770 vocibus
1136 2716 1396 2783 demptis,
1452 2717 1780 2781 cegitationc
1834 2727 2014 2771 autem
2077 2719 2421 2773 dividuntur.

844 2809 1024 2863 Unum
1059 2809 1202 2860 enim
1241 2808 1407 2861 Deum
1442 2810 1843 2876 cognoscimus,
1887 2820 1940 2862 at
1971 2810 2024 2862 in
2063 2812 2192 2865 solis
2243 2821 2426 2880 pater-

845 2901 1060 2959 uitatis,
1123 2900 1402 2953 ﬁliationis
1453 2913 1508 2954 et
1554 2903 1923 2968 processionis
1969 2905 2422 2972 proprietatibus.

843 2992 975 3042 ltem
1007 3007 1072 3043 ex
1113 3007 1276 3043 causa
1311 3002 1366 3044 et
1399 2991 1621 3053 cll‘ectu,
1660 3001 1715 3044 et
1770 2995 2112 3058 perfectione
2147 3011 2414 3062 personm.

841 3082 966 3134 Sivc.
1000 3082 1222 3134 m-ulum
1268 3083 1622 3141 exsistentire,
1669 3081 1842 3150 ipsam
1884 3098 2006 3136 esse
2041 3083 2418 3138 diﬂ‘ercntiam

841 3185 1023 3225 tncztte
1051 3174 1414 3240 concipimus.
1447 3173 1559 3225 Nec
1605 3174 1751 3225 enim
1801 3174 1915 3226 ﬁcri
1946 3184 2145 3242 potest,
2183 3188 2239 3230 ut
2269 3181 2418 3232 loca-

837 3267 944 3317 lezn
1011 3265 1325 3318 distantiam
1373 3265 1440 3319 de
1502 3263 1814 3326 Divinitate,
1866 3281 1987 3334 qua:
2039 3269 2416 3324 circumscribi

837 3358 1056 3423 nequit,
1096 3358 1284 3409 itidem
1321 3365 1378 3407 ut
1413 3357 1481 3409 de
1523 3356 1680 3409 nobis
1737 3356 1984 3410 dicamus
2033 3361 2414 3426 (personarum

838 3447 992 3498 enim
1044 3449 1148 3498 alia
1205 3448 1293 3499 alii
1336 3448 1496 3507 inest,
1536 3463 1644 3498 non
1693 3456 1747 3498 ιιι
1785 3449 2177 3516 confundatur,
2223 3455 2320 3505 sed
2357 3464 2417 3507 ut

836 3541 1118 3593 inita-real.
1146 3539 1618 3603 Quemadmodum
1657 3542 1770 3609 ipse
1794 3541 2058 3595 Dominus
2085 3545 2195 3597 ait:
2230 3546 2340 3614 Ego
2362 3551 2412 3600 in

834 3632 1019 3684 Putre.
1055 3642 1103 3683 tt
1137 3630 1300 3682 l'utcr
1324 3634 1376 3684 in
1409 3649 1488 3683 me
1506 3643 1579 3684 est
1604 3634 1621 3663 ³
1651 3633 1692 3702 ),
1725 3649 1826 3686 net:
1847 3635 2145 3689 voluntatis
2174 3649 2267 3690 aut
2290 3655 2416 3692 sett-

841 3724 1048 3782 tonthe,
1078 3734 1165 3775 ςιειι
1211 3721 1466 3783 actionis,
1510 3732 1601 3774 aut
1635 3725 1877 3787 virtutis,
1927 3736 2021 3778 aut
2055 3727 2194 3779 alius
2225 3730 2411 3796 cujus-

834 3830 864 3879 ιι
894 3832 976 3864 .t;'.i
1036 3814 1430 3865 dilicrtntiazn.
1465 3813 1596 3878 Qum
1637 3816 1858 3882 quidem
1906 3819 2086 3871 omnia
2146 3821 2201 3872 in
2255 3823 2413 3874 nobis

832 3925 891 3957 ιϊ
949 3908 1062 3974 ipsa
1115 3915 1168 3959 et
1231 3907 1415 3958 animo
1472 3905 1801 3958 divisioncm
1855 3909 2093 3973 pariunt.
2145 3911 2409 3974 Quocirca

833 4017 1010 4066 neque
1065 4011 1177 4051 tres
1232 3999 1370 4051 lleos
1423 3999 1744 4061 Ριιιτι·ιιι,υι
1783 4000 2004 4061 Filium,
2042 4012 2095 4054 ct
2146 4002 2410 4071 Spiritum

831 4104 1078 4145 sanetum
1111 4095 1369 4154 dicimus,
1400 4093 1507 4146 imo
1533 4097 1714 4161 potius
1741 4111 1909 4147 unum
1945 4095 2138 4160 Deum,
2167 4113 2409 4153 sanctam

831 4187 1202 4237 'l'rinitatcm:
1245 4186 1383 4238 Filio
1408 4197 1462 4239 et
1495 4185 1702 4252 Spiritu
1755 4187 1818 4238 ad
1859 4203 2021 4240 unam
2053 4190 2411 4260 eatndcmque

829 4295 1073 4337 causam.
1107 4280 1369 4331 ltllliil'uttl
1397 4281 1460 4331 a-i
1498 4280 1712 4333 Putrem
1767 4281 1974 4332 relatis.
2028 4298 2136 4334 non
2183 4298 2410 4352 compo-

827 4372 967 4426 sitis.
1025 4386 1204 4438 neque
1258 4370 1673 4439 ςοιιὸΙυιὲιιιιξς.
1732 4381 1787 4423 ut
1836 4371 2060 4425 Sabellii
2106 4377 2411 4430 contractio

839 4463 1016 4516 voluit
1052 4481 1064 4521 ;
1097 4463 1169 4514 ita
1205 4464 1352 4515 enim
1417 4469 1828 4532 coniunguntur
1853 4479 2117 4532 personae,
2147 4469 2411 4534 quemad-

826 4556 1047 4607 modum
1077 4555 1342 4617 diximus,
1382 4566 1576 4608 utnon
1611 4557 2041 4623 confundantur,
2081 4561 2175 4612 sed
2207 4562 2405 4614 utalie
2441 4571 2486 4628 υ

821 4648 944 4699 aliis
975 4647 1312 4706 :idlzazreant,
1348 4657 1653 4714 mutuoque
1691 4661 1767 4705 se
1809 4638 2152 4716 contingant,
2197 4651 2404 4720 absque

825 4738 932 4789 ulla
959 4738 1344 4790 connnistionc
1394 4748 1448 4790 et
1496 4739 1852 4794 concretione
1881 4757 1894 4792 :
1927 4757 2029 4794 nec
2083 4743 2156 4795 ita
2191 4743 2404 4812 disjun-

823 4841 1030 4896 guntur
1075 4839 1132 4882 nl
1164 4830 1398 4883 essentia
1448 4831 1775 4893 dissideant,
1829 4841 1888 4884 ut
1930 4834 2042 4885 Arii
2090 4834 2290 4888 divisio
2329 4839 2407 4888 la-

822 4924 1063 4978 hulutur.
1098 4925 1170 4977 [ιι
1203 4933 1285 4977 est
1319 4927 1464 4977 enim
1500 4925 1762 4978 (litinitas
1809 4936 1869 4978 ut
1903 4927 1953 4978 in
1989 4927 2201 4987 divisis,
2242 4928 2285 4980 si
2321 4944 2408 4981 res

821 5036 872 5067 in
955 5020 1344 5085 c::m;:;-:nii:t;n
1418 5019 1796 5071 contrahenda
1883 5018 1974 5080 sit,
2055 5020 2407 5072 imiivisibilis

821 5120 1060 5174 maneat,
1095 5123 1146 5163 et
1179 5111 1644 5179 quemadmodum
1703 5111 1756 5162 in
1817 5111 1996 5162 tribus
2043 5111 2254 5164 soiibtts
2301 5111 2405 5164 sibi

821 5215 1010 5256 mutuo
1038 5205 1375 5256 lia-rentibus
1402 5213 1456 5256 et
1495 5203 1848 5264 indistinctis,
1879 5218 1979 5255 una
2009 5202 2235 5256 luminis
2268 5213 2405 5256 tem-

820 5308 1006 5365 perata
1044 5299 1230 5349 mistio
1277 5309 1333 5350 ct
1387 5297 1583 5364 copula
1631 5307 1735 5356 cst,
1804 5295 1929 5348 inde
1979 5296 2039 5348 tit
2092 5304 2146 5345 nt
2200 5295 2403 5347 divmi-

819 5390 946 5444 tati;
1007 5391 1187 5444 habita
1238 5391 1472 5451 ratione,
1526 5406 1748 5443 eauSam
1786 5401 1973 5444 unam.
2020 5389 2398 5442 nzonat-cliiam

815 5502 912 5542 seu
949 5484 1175 5536 unitatis
1211 5483 1529 5554 imperium,
1560 5498 1840 5552 unumque
1876 5493 1930 5535 et
1974 5481 2228 5535 cunuicm
2257 5481 2400 5533 divi-

818 5577 1030 5632 nitatis.
1070 5584 1128 5625 ut
1173 5574 1241 5634 ita
1303 5573 1506 5636 dicam,
1550 5584 1758 5627 motum
1817 5584 1978 5641 atque
2033 5574 2396 5631 voluntatem.

814 5669 1068 5722 esst-mia:
1110 5667 1347 5736 denique
1408 5668 1581 5737 ipsius
1622 5669 1880 5728 actionis,
1913 5678 1965 5720 et
2008 5667 2402 5720 dominationis

1751 5863 1869 5908 Ylll,
1927 5845 1978 5898 9.

892 5845 1070 5903 ’Jozn
1141 5861 1225 5899 xiv
1291 5845 1368 5900 ιο.
1453 5847 1673 5901 ""Root.

2544 1989 2723 2042 neque
2751 1974 2920 2030 Filius
2959 1978 3196 2046 genitus,
3232 1981 3360 2046 quia
3389 1995 3452 2032 ex
3486 1981 3730 2049 ingenito
3761 1986 4128 2048 processerit,

2540 2081 2662 2120 esse
2689 2068 3046 2134 desinat.Qui
3078 2072 3222 2123 enim
3257 2071 3371 2123 fieri
3405 2072 3506 2124 llOC
3531 2073 3735 2140 possit?
3768 2072 3963 2140 Neque
4006 2075 4129 2125 item

2544 2156 2784 2225 Spiritus
2826 2171 2919 2210 aut
2956 2161 3006 2211 in
3060 2159 3300 2220 Patrem,
3331 2173 3425 2213 aut
3475 2163 3528 2214 in
3569 2161 3765 2216 Filium
3803 2162 4128 2228 degenerat,

2539 2250 2667 2316 quia
2714 2251 2983 2316 procedit,
3037 2261 3092 2304 et
3125 2252 3269 2305 Deus
3301 2263 3404 2306 est.
3462 2254 3773 2321 Proprie-ta.
3816 2256 3979 2307 enim
4028 2272 4128 2308 non

2540 2351 2810 2394 movetur.
2849 2342 2983 2395 Nam
3013 2343 3107 2411 qui
3153 2342 3270 2397 fieri
3303 2345 3435 2397 alias
3466 2348 3657 2412 possit,
3716 2358 3773 2399 ut
3810 2347 4128 2414 ριόιιιίειες

2538 2444 2780 2488 mutetur
2833 2447 2888 2490 et
2921 2438 3250 2505 degeneret?
3276 2436 3331 2490 Si
3361 2440 3508 2490 enim
3545 2439 3731 2496 Filius.
3761 2457 3872 2491 non
3904 2441 4128 2507 proprie

2535 2527 2697 2581 Pater
2747 2538 2853 2589 est,
2919 2544 3043 2582 cum
3097 2545 3242 2581 unus
3283 2531 3499 2598 proprie
3557 2529 3715 2582 Pater
3759 2531 3850 2581 sit.’
3911 2531 4058 2582 item
4090 2531 4127 2582 si

2537 2619 2714 2679 Pater.
2760 2634 2866 2672 non
2914 2621 3135 2688 proprie
3185 2621 3353 2673 Filius
3385 2630 3490 2683 est,
3529 2637 3671 2674 unus
3713 2621 3860 2673 enim
3896 2626 4126 2690 proprie

2541 2711 2734 2771 Filius,
2768 2722 2822 2764 et
2860 2727 3001 2764 unus
3044 2712 3280 2780 Spiritus
3327 2724 3566 2767 sanctus.
3618 2715 3917 2769 Sciendum
3966 2732 4128 2784 porro

2535 2812 2620 2856 est
2675 2803 2819 2870 quod
2858 2803 3073 2856 Patrem
3119 2819 3184 2857 ex
3227 2804 3333 2856 ullo
3364 2805 3663 2871 procedere
3712 2821 3811 2859 nec.
3860 2807 4126 2864 dicimus.

2531 2907 2657 2946 eum
2687 2903 2867 2946 autem
2905 2893 3026 2946 Filii
3073 2894 3290 2948 Patrem
3320 2895 3648 2958 asserimus,
3701 2907 3756 2948 at
3812 2897 4026 2949 Filium
4083 2912 4128 2950 et

2533 2983 2802 3052 Spiritum
2841 3000 3006 3038 causa
3041 3001 3232 3039 carere
3275 3001 3618 3055 nequaquam
3657 2988 3914 3040 dicimus.
3965 2990 4122 3043 Illum

2537 3086 2720 3130 autem
2756 3093 2822 3129 ex
2861 3077 3021 3130 Patre
3053 3088 3216 3145 atque
3246 3076 3440 3130 Filium
3479 3079 3672 3139 Patris,
3710 3080 3858 3133 hunc
3896 3095 4039 3134 vero
4064 3099 4120 3134 ex

2531 3167 2692 3222 Patre
2719 3184 2938 3236 quoque
2979 3180 3033 3221 et
3073 3169 3209 3222 Filio
3245 3179 3297 3222 et
3335 3170 3510 3224 Patris
3550 3170 3811 3239 Spiritum
3861 3175 4122 3226 nomina-

2530 3278 2675 3316 mus.
2711 3261 2976 3329 Spiritum
3005 3273 3194 3314 autem
3231 3277 3294 3314 ex
3327 3262 3482 3326 Filio,
3515 3278 3622 3314 non
3657 3265 3808 3316 item.
3842 3263 3952 3317 Sed
4005 3265 4121 3318 Filii

2523 3357 2789 3409 duntaxat
2821 3352 3085 3420 Spiritum
3113 3352 3365 3406 dicimus.
3395 3355 3482 3406 Ait
3513 3356 3658 3407 enim
3690 3356 3750 3408 Β.
3784 3359 4120 3424 Apostolus:

2523 3449 2582 3502 Si
2611 3452 2726 3518 quis
2759 3446 2958 3503 Christi
3012 3445 3273 3514 Spiritum
3302 3462 3404 3497 non
3455 3449 3605 3498 habet
3634 3446 3696 3499 ".
3735 3447 4120 3517 Eumdemqne

2523 3521 2681 3594 nobis
2714 3559 2810 3608 per
2838 3537 3037 3594 Filium
3077 3538 3421 3590 innotescere
3462 3547 3624 3604 atque
3656 3538 3821 3590 tribui
3854 3539 4118 3593 fatemur.

2519 3637 2604 3687 Ait
2629 3635 2770 3687 enim
2796 3634 3099 3702 Sniptura,
3124 3629 3434 3696 Insuﬁlavit,
3459 3641 3505 3680 et
3527 3631 3656 3681 dixit
3675 3628 3948 3697 discipulis
3977 3637 4088 3685 suis
4111 3654 4121 3684 .-

2519 3729 2745 3793 Accipite
2801 3725 3066 3794 Spiritum
3121 3723 3463 3774 uinctum”.
3519 3724 4006 3786 Quemadmodum
4064 3744 4118 3776 ex

2519 3821 2631 3872 sole
2667 3819 2854 3870 radius
2883 3829 2937 3871 et
2973 3813 3258 3888 splendor.
3313 3813 3408 3866 llle
3445 3814 3593 3866 cnim
3628 3814 3768 3867 radii
3820 3824 3879 3867 et
3933 3819 4119 3884 splen-

2518 3910 2668 3963 doris
2726 3909 2846 3962 fons
2901 3919 2956 3962 et
3014 3910 3168 3980 origo
3211 3904 3470 3965 'estJam
3521 3921 3652 3960 vero
3705 3906 3870 3959 nobis
3929 3908 4118 3960 radius

2518 4002 2863 4069 splendorem
2901 4002 3151 4071 largitur,
3203 4012 3260 4056 et
3315 3999 3362 4050 is
3390 4005 3491 4054 est.
3531 3997 3626 4064 qui
3667 4011 3768 4049 nos
3810 3997 4117 4056 illuminat.

2520 4096 2788 4162 cujusque
2824 4095 3121 4162 participes
3151 4093 3366 4149 sumus?
3401 4089 3596 4142 Filium
3627 4105 3756 4142 vero
3776 4105 3964 4157 neque
3999 4093 4116 4158 Spi-

2521 4187 2682 4239 ritum
2720 4201 2859 4250 csse,
2898 4201 3078 4254 neque
3125 4201 3187 4239 ex
3234 4187 3468 4256 Spiritu
3499 4181 3798 4248 Procedt‘re
3845 4181 4114 4236 d‘Cimus.

3078 4300 3234 4355 CAP.
3276 4295 3544 4356 XXXV”.

2518 4395 2772 4463 Ejusdem
2807 4395 3172 4463 (Damasceni‘i
3211 4392 3284 4444 De
3325 4395 3384 4445 iis
3420 4369 3637 4462 qiitr\de
3680 4386 3783 4440 Deo
3838 4388 4114 4463 dicuntur.

2589 4460 2829 4530 quodque
2860 4466 2929 4516 ad
2954 4466 3218 4536 habitum,
3247 4460 3504 4536 ortionem
3531 4479 3578 4518 ct
3605 4460 3893 4536 ιτωιεναιέά
3924 4477 4114 4527 genus.

2590 4553 2694 4587 non
2726 4545 2908 4588 autem
2935 4535 3004 4586 ad
3030 4534 3310 4585 essentiam
3338 4535 3614 4600 referenda
3649 4534 3783 4592 .Sml-

2585 4652 2728 4704 Deus
2757 4649 2988 4716 simplex
3019 4657 3125 4707 est,
3165 4656 3221 4699 et
3266 4646 3493 4699 minime
3545 4640 3922 4716 cotnwosilus.
3959 4642 4113 4707 Quod

2585 4652 2728 4704 Deus
2757 4649 2988 4716 simplex
3019 4657 3125 4707 est,
3165 4656 3221 4699 et
3266 4649 3493 4699 minime
3545 4664 3664 4702 cotn
3723 4649 3922 4694 osttus.
3959 4649 4094 4707 Qum

2511 4753 2694 4794 autem
2720 4755 2784 4792 ex
2813 4739 3000 4790 multis
3029 4745 3194 4803 atque
3223 4734 3460 4789 diversis
3496 4747 3688 4789 consta
3735 4769 3748 4788 .
3781 4728 3832 4780 id
3885 4745 4094 4797 compa

2513 4835 2677 4886 situm
2710 4839 2813 4884 est.
2843 4831 2961 4884 Jam
3011 4843 3142 4880 vero
3189 4828 3230 4878 si
3278 4827 3424 4894 quod
3466 4831 3730 4881 iucreatut
3768 4837 3780 4872 l
3826 4830 3935 4881 cst.
3975 4840 4088 4887 quin

2513 4835 2677 4886 situm
2710 4839 2813 4884 est.
2843 4831 2961 4884 Jam
3011 4843 3142 4880 vero
3189 4828 3230 4878 si
3278 4827 3424 4894 quod
3466 4823 3780 4894 iucreatuml
3826 4830 3935 4881 cst.
3975 4823 4116 4887 ςιιιιὲ

2512 4925 2786 4995 principio
2815 4933 2989 4983 caret,
3015 4919 3158 4988 quod
3182 4918 3418 4985 denique
3440 4913 3859 4995 incorporemm,
3887 4913 4088 4966 immo:
4107 4945 4119 4952 -

2515 5021 2640 5080 tale,
2673 5017 3096 5085 sempiternum,
3131 5013 3358 5074 bonum,
3386 5015 3632 5064 omnium
3666 5013 3866 5085 OpiKC!
3907 5016 4027 5065 est.
4074 5019 4120 5059 et

2511 5121 2705 5164 C'ntern
2756 5109 2807 5160 id
2857 5123 3051 5177 genus,
3106 5108 3431 5162 essentiales
3488 5110 3539 5159 in
3603 5107 3709 5160 Deo
3751 5101 4121 5177 dMetenlias

2511 5218 2631 5257 esse
2669 5201 2928 5256 diximus.
2967 5201 3018 5253 id
3052 5199 3197 5268 quod
3229 5219 3293 5257 ex
3339 5215 3414 5258 tot
3445 5201 3610 5253 rebus
3642 5191 3962 5268 constalbit.
4022 5194 4120 5245 mi-

2515 5298 2658 5348 nimc
2697 5297 2816 5360 sint,
2843 5295 2926 5346 lex
2960 5292 3226 5362 crit,_sed_
3253 5294 3641 5363 ci‘sniposiumi.
3683 5289 3836 5354 Quod
3872 5283 4119 5363 huidem

2515 5389 2660 5439 nulla
2702 5402 2808 5439 non
2840 5387 3119 5454 impii-tate
3154 5386 3384 5439 laborat.
3423 5386 3514 5438 Sie
3566 5386 3729 5452 igitur
3773 5379 4121 5454 cxis‘timan-

2513 5483 2642 5532 dum
2672 5489 2775 5538 cst,
2810 5479 2874 5532 de
2912 5479 3145 5548 singulis
3176 5494 3369 5530 corum
3406 5491 3526 5544 quse
3559 5479 3622 5531 de
3675 5476 3782 5528 Dco
3808 5473 4100 5548 dichtnr

2513 5586 2571 5627 ut
2604 5573 2898 5627 essentiale
2932 5572 3066 5624 nihil
3094 5570 3425 5640 signiﬁcent.
3458 5570 3552 5624 sed
3593 5570 3696 5629 vel,
3726 5579 3780 5620 ut
3809 5567 3995 5640 (μιοῷ
4042 5567 4117 5617 ille

2513 5683 2618 5720 non
2643 5677 2746 5731 est,
2774 5667 2822 5718 id
2857 5667 3207 5736 perspicuum
3235 5663 3433 5720 faciant
3462 5665 3542 5716 vel
3577 5662 3819 5716 habitum
3851 5662 4111 5736 aliam-tn

3929 5585 4023 5858 ἦ

2066 5849 2101 5877 ¹²
2131 5847 2285 5902 Joan.
2335 5866 2420 5912 xx,
2450 5847 2539 5902 9‘2.
4009 5847 4033 5922 ἰ
