4274 6382
826 373 964 437 1179

2078 384 2118 440 Ν
2139 384 2370 441 ΙίῖΙ-ΖΤίΕ
2404 384 2814 444 ClinilATtﬁ

3925 380 3949 441 1
3971 349 4079 440 ιδό

821 497 1122 558 ῃέπιεριειοκ
1145 504 1242 545 nos
1269 489 1410 556 ipsos
1442 489 1707 542 sistimus.
1742 491 1844 544 Per
1874 505 2065 542 manus
2094 492 2284 552 etiam,
2314 491 2392 543 vis
2424 495 2465 550 Α
2496 507 2795 555 corporeus
2846 491 2953 545 dici
3014 499 3214 559 potest.
3278 489 3513 557 Angelus
3563 503 3690 557 ergo
3740 496 3936 550 natura
3994 493 4090 541 est

823 579 1248 647 illaiatell'gitur
1263 596 1368 650 qua
1390 581 1479 633 Dei
1496 583 1641 634 a'-t'o
1657 582 1806 636 alrsol
1819 583 1884 634 νῗι
1897 599 1980 634 ur:
2003 597 2101 636 nos
2117 584 2260 635 enim
2281 597 2402 650 quae

822 666 984 724 nobis
1013 673 1163 724 utilia
1191 681 1340 734 sunt,
1371 682 1426 725 et
1448 673 1498 724 in
1535 676 1726 741 primis
1750 674 2144 739 pretiosissima
2168 689 2400 741 qumque

819 765 1270 816 administramus
1297 767 1568 817 mauilms.
1597 767 1698 818 Per
1721 765 1967 817 dextram
1996 782 2213 833 qt'nquc
2239 781 2397 833 opem

829 853 1071 905 dixinam
1107 853 1414 919 intelligere
1461 858 1722 909 solemus.
1771 870 1892 920 quae
1932 856 2092 907 nobis
2134 857 2185 907 in
2236 857 2400 909 rebus

822 946 1104 1011 ρι-ιτςρρτὶε
1141 946 1333 998 adest:
1373 945 1424 996 in
1474 946 1538 996 iis
1588 951 1734 997 enim
1775 963 1893 1006 quae
1951 947 2112 1014 paulo
2144 948 2397 1012 politiora

815 1046 870 1087 et
908 1038 1190 1087 ornatiora
1235 1037 1389 1087 uoltis
1415 1051 1580 1101 atque
1612 1041 1858 1102 pluribus
1893 1055 2053 1104 egere
2076 1041 2291 1096 viribus
2321 1039 2400 1091 vi-

815 1126 1043 1185 dentur,
1071 1129 1255 1177 περιπετῆ
1290 1144 1450 1178 manu
1485 1131 1595 1179 iere
1632 1113 1993 1181 utiiniirJam
2031 1130 2398 1198 palpationem

818 1220 948 1282 quid
978 1220 1145 1280 aliud,
1181 1235 1387 1284 qua'so,
1413 1235 1534 1272 esse
1567 1221 1834 1276 dicemus,
1861 1239 2022 1288 quam
2052 1223 2396 1278 subtiliorem

817 1310 910 1362 Dei
945 1320 990 1358 et
1027 1327 1214 1360 eorum
1249 1328 1368 1378 qua:
1413 1321 1538 1365 sunt
1590 1313 1746 1363 valde
1783 1316 2003 1365 subtiiia
2055 1328 2106 1366 et
2159 1317 2395 1369 obscura

817 1401 1292 1464 disquisitionem.
1333 1413 1387 1454 et
1437 1406 1774 1456 exactiorem
1836 1410 2440 1475 pervestigatiouem?‘

821 1494 1063 1545 humano
1093 1497 1238 1546 enim
1289 1510 1442 1548 more
1482 1497 1558 1555 lit,
1594 1507 1652 1547 ut
1693 1513 1784 1563 qui
1816 1499 2130 1564 palpantur,
2172 1501 2306 1553 nihil
2344 1503 2395 1554 in

819 1597 876 1633 se
912 1584 1043 1648 ipsis
1083 1585 1258 1635 celare
1301 1599 1524 1651 queant.
1563 1586 1803 1638 Pedibus
1837 1588 2200 1641 consimiliter
2231 1599 2285 1642 et
2319 1590 2400 1641 in-

819 1687 998 1726 cessu.
1044 1676 1228 1726 \cnire
1283 1687 1589 1742 praestqu
1640 1677 1831 1730 adesse
1885 1678 2279 1744 signiﬁcamus,
2331 1678 2397 1730 ad

820 1780 975 1831 opem
1017 1765 1358 1832 supplicibus
1395 1767 1700 1826 ferendazn,
1734 1769 1816 1821 vel
1854 1767 2042 1820 hostes
2069 1771 2400 1836 propulsan-

818 1855 937 1908 des.
969 1855 1051 1906 vel
1094 1855 1239 1905 aliud
1292 1857 1514 1922 quidvis
1551 1857 1730 1908 simile
1769 1856 2064 1923 agendum,
2107 1869 2396 1925 propterea

818 1944 963 2008 quod
1014 1945 1243 2010 pellibus
1282 1962 1347 1997 eo
1394 1947 1680 2013 pervenire
1735 1949 2030 2006 soleamus.
2073 1964 2180 2016 quo
2232 1949 2399 2000 desti-

819 2039 1088 2088 navimus.
1132 2039 1499 2104 .lu-ejuramlo
1547 2040 1737 2093 itidem
1777 2058 1940 2108 quam
1997 2044 2152 2094 firma
2207 2043 2278 2095 sit
2305 2058 2400 2092 vo-

816 2128 1000 2180 lnntas
1052 2132 1236 2182 elixina
1290 2132 1636 2192 oszenditur,
1691 2150 1790 2186 nos
1838 2135 1984 2187 enim
2030 2134 2395 2203 jurisjuranzli

821 2221 1086 2286 religione
1124 2224 1330 2274 mutuis
1364 2225 1832 2278 Conventionihus
1866 2228 2069 2278 nostris
2127 2229 2298 2278 robur
2344 2237 2398 2279 et

819 2313 1033 2379 pondus
1070 2314 1270 2367 add-ere
1300 2317 1710 2369 consuevimus.
1734 2315 2008 2370 lecruttt
2046 2319 2136 2372 ira:
2166 2320 2398 2371 furoris-

814 2421 920 2470 quc
947 2409 1170 2458 noane
1209 2407 1582 2476 significamus
1609 2421 1816 2476 quanto
1857 2396 2000 2465 Deus
2024 2413 2149 2465 odio
2176 2411 2393 2473 habeat,

814 2508 1193 2565 quantumque
1228 2509 1514 2552 aversetur
1545 2503 1760 2554 vitium.
1805 2505 1914 2557 Nos
1961 2505 2136 2565 enim,
2187 2504 2232 2557 si
2263 2504 2395 2570 quid

814 2597 1002 2639 eontra
1044 2589 1154 2650 fiat,
1193 2605 1358 2657 quam
1393 2593 1552 2644 nobis
1580 2594 1852 2656 videatur,
1884 2595 2155 2663 indignari
2195 2605 2248 2647 et
2275 2610 2399 2647 sue-

813 2693 1041 2730 censere
1105 2682 1367 2735 Solemus.
1420 2683 1522 2735 l’er
1578 2686 1916 2738 oblivionem
1985 2687 2245 2754 denique.
2303 2701 2399 2753 per

814 2785 1093 2832 somnum,
1138 2781 1193 2824 et
1229 2789 1326 2840 per
1373 2776 1846 2839 dormitatiouem,
1889 2778 2081 2830 dilatio
2140 2787 2396 2845 repetun-

809 2861 1007 2912 darum
1036 2863 1102 2916 de
1139 2863 1298 2918 hoste
1330 2881 1618 2933 poenarum
1647 2879 1701 2921 et
1745 2869 2263 2937 comperendinatio
2315 2871 2395 2923 in-

813 2951 1098 3018 telligitur,
1133 2955 1391 3022 solutique
1443 2961 1631 3011 auxilii
1684 2961 2053 3013 familiaribus
2098 2963 2302 3014 nostris
2341 2973 2396 3014 et

815 3045 1011 3097 amicis
1045 3052 1334 3114 piaslanili
1372 3053 1816 3118 procrastinatio.
1849 3053 1912 3106 Ut
1946 3055 2105 3104 simul
2139 3062 2194 3106 et
2225 3054 2393 3106 semel

2508 584 2760 647 rationis,
2809 582 3152 643 intellectus,
3203 590 3260 635 et
3313 581 3469 635 liberi
3517 579 3728 634 arbitrii
3779 579 4085 647 particeps.

2504 689 2624 741 quae
2651 675 2978 726 sententiam
3007 682 3219 727 mutare
3247 681 3444 740 potest,
3467 687 3562 726 seu
3588 681 3780 739 sponte
3799 670 4092 723 mutabilis

2503 776 2606 818 est.
2643 764 2918 830 Quidquid
2953 765 3098 816 enim
3126 774 3390 823 creatum,
3423 762 3564 815 idem
3589 773 3640 814 et
3674 762 3935 815 mutabile
3958 771 4040 812 est
4072 779 4087 810 :

2504 857 2803 908 inrreatu-n
2844 857 3020 908 solum
3093 864 3177 908 est
3229 853 3593 906 immutabile.
3643 853 3772 906 item
3809 851 4088 919 quidquid

2504 951 2714 1001 ratione.
2757 948 3068 1016 prmditum,
3100 948 3240 999 idem
3277 956 3326 998 et
3366 946 3524 998 liberi
3560 944 3771 997 arbitrii
3805 953 3907 995 est.
3939 942 4094 1005 Qua-

2505 1039 2664 1090 teiins
2714 1054 2844 1102 ergo
2896 1039 3126 1090 rationis
3172 1048 3226 1090 et
3285 1038 3594 1088 intellectus
3651 1035 3923 1100 particeps
3978 1045 4091 1085 est.

2502 1130 2662 1182 liberi
2695 1146 2804 1194 quo
2827 1145 2912 1195 pte
2946 1130 3155 1182 arb'lrii
3197 1139 3316 1181 est:
3343 1136 3614 1195 quatenus
3661 1136 3844 1176 autem
3895 1134 4088 1176 creata

2500 1232 2603 1279 est.
2643 1222 2932 1274 mutationi
2985 1222 3148 1273 etiam
3179 1221 3413 1272 obnoxia
3453 1227 3556 1270 est.
3585 1217 3654 1271 Ut
3698 1217 3784 1268 eui
3843 1217 4088 1266 liberam

2500 1325 2555 1366 et
2582 1316 2850 1383 integrann
2877 1317 2948 1367 sit
2984 1329 3203 1365 manere
3236 1325 3284 1364 et
3318 1313 3581 1378 profici-re
3621 1313 3670 1362 in
3704 1310 3870 1369 homo,
3917 1319 4089 1374 atque

2503 1405 2557 1457 in
2585 1405 2829 1458 deterius
2845 1404 3160 1458 deflectere.
3185 1405 3547 1458 Pmnitudinis
3569 1415 3750 1458 autem
3776 1419 3945 1471 capas
3975 1419 4088 1454 non

2501 1505 2604 1556 est.
2630 1496 2754 1564 quia
2790 1495 3134 1563 incorporea.
3168 1494 3453 1548 Hominem
3503 1496 3649 1548 enim
3697 1505 3922 1563 propter
3964 1509 4094 1545 eor-

2501 1589 2651 1656 poris
2680 1587 3018 1640 debilitatem
3049 1587 3316 1654 paenitere
3349 1598 3548 1653 potest.
3581 1587 3911 1639 lmmortaiis
3945 1600 4091 1650 prt-

2503 1688 2648 1731 terea
2674 1690 2776 1739 est.
2807 1687 2862 1730 at
2895 1694 3001 1730 non
3035 1687 3250 1734 natura.
3279 1678 3370 1731 sed
3406 1679 3598 1742 gratia.
3624 1677 3898 1744 Quidquid
3931 1679 4088 1729 enim

2501 1771 2688 1835 empit,
2712 1769 2855 1821 idem
2876 1778 2932 1821 et
2955 1779 3147 1821 natura
3169 1769 3394 1831 desiuit,
3413 1779 3468 1821 et
3487 1770 3552 1822 ad
3577 1769 3854 1820 interitum
3883 1767 4088 1820 tendit.

2459 1860 2470 1881 '
2503 1859 2663 1912 Solus
2695 1870 2878 1912 autem
2911 1861 3052 1912 lleus
3089 1870 3329 1912 aeternus
3370 1871 3480 1919 est,
3520 1861 3630 1913 imo
3659 1876 3822 1926 supra
3862 1874 4088 1911 omnem

2501 1951 2883 2011 :rternitatem,
2911 1966 3010 2003 nec
3031 1953 3175 2003 enim
3205 1952 3433 2017 tempori
3462 1952 3772 2012 subiicitur.
3797 1950 3891 2001 sed
3915 1965 4087 2016 supra

2503 2052 2718 2109 tempus
2751 2043 2796 2094 is
2827 2051 2928 2097 est.
2957 2057 2985 2093 a
3010 2057 3120 2107 quo
3153 2052 3398 2108 tempora
3430 2041 3650 2094 condita
3682 2051 3822 2093 sunt.
3852 2040 4090 2092 Lumina

2501 2150 2667 2202 porro
2698 2135 2935 2186 secunda
2975 2134 3260 2186 intellectu
3301 2134 3545 2200 praedita,
3575 2147 3694 2200 qua:
3730 2131 4086 2197 splendorem

2502 2240 2659 2278 suum
2695 2239 2722 2275 a
2751 2225 2927 2291 primo
2972 2224 3200 2279 lumine.
3243 2224 3386 2290 quod
3444 2223 3714 2290 principio
3745 2231 3916 2277 caret,
3956 2236 4083 2272 tnu-

2500 2322 2648 2364 tnata
2681 2323 2828 2372 sunt,
2859 2327 2958 2364 nec
2981 2313 3163 2380 lingua
3188 2327 3290 2364 nec
3321 2312 3510 2365 auditu
3538 2323 3719 2378 egent.
3747 2311 3838 2363 sed
3872 2311 4086 2377 absque

2498 2403 2771 2456 sermonis
2810 2402 2970 2455 ullius
3010 2402 3313 2469 prolatione
3374 2401 3622 2469 proprios
3661 2400 3825 2452 animi
3886 2413 4088 2450 conce-

2500 2503 2627 2561 plus
2649 2503 2704 2545 et
2724 2495 3032 2546 voluntates
3064 2496 3202 2545 inter
3225 2509 3282 2546 se
3310 2494 3739 2544 communit-aut.
3768 2492 3953 2558 Itaque
3982 2505 4088 2542 an-

2498 2583 2600 2650 geli
2636 2598 2828 2635 omnes
2857 2598 2886 2635 a
2919 2583 3096 2635 Verbo
3132 2583 3397 2640 creati.et
3423 2597 3451 2634 a
3487 2582 3692 2649 Spiritu
3733 2590 3922 2633 sancto
3957 2595 4059 2632 san

2511 2675 2849 2727 etiliealione
2881 2675 3109 2742 perfecti
3159 2685 3306 2736 sunt,
3338 2689 3437 2742 pro
3479 2674 3760 2741 dignitatis
3783 2685 3835 2725 et
3867 2673 4087 2724 ordinis

2500 2766 2854 2832 proportione
2893 2766 3117 2820 luminis
3146 2775 3202 2819 et
3249 2768 3433 2834 grati-te
3466 2765 3783 2832 participes.
3831 2764 4090 2817 Circum-

2499 2857 2690 2924 scripti
2724 2867 2888 2909 sunt:
2911 2875 3036 2910 nam
3061 2859 3103 2911 si
3141 2859 3248 2911 sint
3275 2860 3326 2910 in
3350 2858 3511 2915 caelo.
3534 2873 3643 2909 non
3674 2866 3804 2910 sunt
3831 2859 3886 2909 in
3909 2867 4079 2922 terra,

2498 2956 2552 2998 ct
2585 2947 2627 2999 si
2659 2962 2689 2999 a
2720 2947 2828 2999 Deo
2868 2949 2919 2998 in
2965 2956 3162 2998 terrain
3188 2947 3571 3005 demittantur,
3608 2945 3660 2996 in
3690 2943 3831 2996 emlo
3871 2959 4084 3009 nequa-

2497 3052 2663 3104 quam
2699 3048 3003 3094 remanent.
3035 3032 3331 3099 mmnibus,
3361 3037 3551 3103 portis.
3576 3035 3852 3092 claustris,
3887 3036 4085 3095 sigillis

810 3139 1162 3200 υοοριυάςηη,
1218 3144 1498 3208 "numque
1549 3147 1740 3209 paucis
1790 3144 2165 3210 complectar;
2221 3146 2272 3196 in
2328 3145 2394 3197 iis
2425 3166 2469 3227 c
2501 3145 2610 3180 non
2648 3129 3076 3184 concluduntur.
3113 3129 3384 3182 lntleliniti
3425 3137 3573 3181 sunt.
3628 3127 3951 3180 lndelittitns
3986 3143 4088 3178 au—

812 3230 1071 3281 onmibm
1105 3247 1225 3298 qua:
1256 3236 1619 3300 corporaliter
1647 3236 1714 3288 de
1750 3235 1858 3288 Deo
1896 3239 2179 3299 dicuntur,
2226 3253 2395 3290 arca-

810 3333 916 3370 nus
951 3321 1170 3387 quidam
1199 3339 1396 3376 sensus
1422 3325 1717 3384 delitCScit.
1748 3328 1841 3394 qui
1887 3342 2068 3379 rerum
2109 3331 2252 3379 inter
2296 3342 2396 3380 nos

809 3413 1135 3466 usitalarum
1165 3417 1398 3469 obtentu
1429 3433 1490 3470 ea
1520 3435 1641 3486 qu:e
1676 3435 1841 3487 supra
1873 3436 1974 3472 nos
2016 3429 2147 3472 sunt
2176 3421 2391 3483 educet,

809 3503 913 3554 nisi
948 3507 1086 3558 forte
1119 3508 1250 3573 quid
1280 3509 1346 3560 de
1385 3511 1657 3574 corporali
1709 3511 1869 3564 Verbi
1902 3511 1993 3563 Dei
2037 3512 2274 3564 adventu
2317 3512 2397 3563 di-

807 3605 955 3646 ctum
987 3598 1078 3648 sit.
1109 3598 1156 3650 ls
1189 3600 1334 3650 enim
1371 3611 1546 3652 totum
1569 3602 1849 3656 hominem
1885 3604 2086 3664 induit,
2117 3613 2176 3656 ut
2207 3604 2397 3658 salvos

808 3700 910 3736 nos
939 3687 1169 3750 faceret,
1200 3690 1302 3744 hoc
1328 3701 1411 3744 est
1435 3693 1676 3746 animam
1707 3695 2020 3748 iuteliertus
2043 3695 2390 3762 participem,

805 3786 861 3828 et
891 3794 1115 3845 cmpos.
1150 3797 1253 3831 una
1283 3796 1408 3834 cum
1436 3783 1503 3836 iis
1546 3800 1668 3852 quan
1717 3795 1932 3837 natura:
1983 3787 2236 3840 humanae
2270 3802 2398 3856 pro-

806 3870 925 3937 pri?
961 3881 1112 3936 sunt,
1159 3874 1402 3944 denique
1458 3879 1741 3932 naturales
1775 3889 1829 3932 et
1867 3880 2239 3935 immutabiles
2274 3896 2398 3950 pas-

812 3970 1027 4011 SIODCS.

1443 4114 1597 4171 CAP.
1636 4116 1748 4171 XL.

909 4249 982 4302 De
1009 4251 1238 4319 angelis,
1266 4252 1440 4306 altera
1480 4254 1598 4308 libri
1634 4257 1792 4324 hujus
1831 4267 1986 4324 parte
2010 4260 2299 4312 ora'cinua.

874 4397 1011 4462 Quia
1045 4417 1174 4454 vero
1208 4404 1446 4470 primum
1493 4416 1876 4474 aeternumque
1910 4409 2096 4462 lumen
2134 4409 2277 4463 Deus
2307 4409 2392 4463 di-

2503 3231 2608 3273 tem
2641 3221 2785 3278 dieo.
2813 3236 2919 3272 non
2945 3222 3090 3272 enim
3126 3230 3286 3287 prout
3320 3231 3466 3278 sunt.
3499 3220 3570 3272 ita
3602 3220 3737 3271 viris
3768 3220 3948 3282 dignis
3987 3234 4083 3283 ειμι

2501 3323 2716 3378 parent,
2768 3312 2969 3378 quibus
3025 3327 3119 3364 eos
3172 3327 3438 3379 apparere
3491 3313 3635 3363 Deus
3685 3311 3940 3371 voluerit,
3988 3319 4083 3361 Sed

2501 3402 2897 3471 trausfigurati.
2954 3413 3117 3471 prout
3150 3402 3292 3454 ferre.
3322 3412 3568 3470 possunt,
3605 3402 3695 3468 qui
3733 3417 3828 3454 eos
3859 3401 4085 3453 inuen-

2504 3505 2608 3548 tur.
2643 3495 2775 3548 Nam
2813 3496 2956 3563 quod
2989 3497 3292 3549 iuet-catum
3319 3504 3424 3555 est.
3457 3496 3594 3547 idem
3634 3501 3827 3546 natura
3863 3503 3922 3547 et
3952 3508 4085 3560 pro-

2501 3589 2619 3656 prie
2646 3588 2992 3641 indefinitum
3025 3597 3127 3640 est.
3165 3587 3356 3642 Omnis
3399 3600 3582 3640 autem
3637 3597 3888 3640 creatura
3927 3597 4084 3653 extra

2499 3677 2797 3729 essentiam
2827 3691 2856 3728 a
2886 3675 3148 3729 Creatore
3178 3692 3278 3728 suo
3312 3676 3599 3729 definitur.
3640 3677 3806 3729 li.le:n
3836 3672 4088 3726 sanctiu-

2515 3767 2791 3821 cationem
2838 3783 2868 3820 a
2911 3774 3108 3821 'sancto
3144 3767 3351 3834 Spiritu
3405 3768 3629 3821 habent.
3667 3767 3850 3819 ἀνῆκα
3907 3767 4085 3833 gratia

2500 3858 2896 3914 vaticinautur.
2928 3858 3138 3926 nuptiis
3189 3857 3614 3925 haudquaquam
3665 3867 3825 3925 egent
3857 3896 3870 3916 ,
3936 3872 4087 3907 mor-

2501 3951 2637 4004 tales
2663 3953 2808 4003 enim
2845 3964 2952 4002 non
2987 3959 3133 4002 sunt.
3168 3949 3272 4003 Sed
3300 3964 3423 4002 cum
3453 3959 3562 4002 snit
3593 3950 3842 4016 spiritus,
3875 3949 4086 4002 idcirio

2500 4044 2665 4096 etiam
2699 4045 2751 4097 in
2784 4045 2922 4098 locis
2963 4043 3262 4096 intellectui
3292 4043 3390 4093 soli
3427 4043 3633 4110 perviis
3662 4041 3934 4101 habitant,
3970 4056 4083 4093 non

2502 4145 2563 4188 ut
2591 4148 2828 4202 corpore
2871 4134 3433 4187 circumscrihautur:
3470 4149 3567 4185 nec
3620 4133 3764 4184 enim
3817 4147 4087 4200 corporea

2497 4236 2718 4289 natura,
2745 4242 2839 4279 seu
2876 4225 3148 4278 exleiiore
3198 4227 3365 4294 iigura
3395 4223 3678 4293 eﬂigieque
3729 4223 3900 4275 dividi
3954 4237 4091 4290 pose

2497 4329 2646 4383 sunt,
2688 4319 2782 4372 sed
2831 4320 2958 4386 quia
3012 4318 3296 4371 intellectu
3357 4320 3476 4371 solo
3537 4318 3724 4386 pervia
3787 4318 4086 4386 prmsentia

2496 4423 2648 4472 sunt,
2699 4411 2947 4480 jussique
3006 4410 3412 4476 obsequuntur,
3460 4424 3562 4463 nec
3612 4423 3720 4461 uno
3775 4409 4088 4481 eodemque

803 4492 969 4553 citur,
1013 4497 1318 4549 secundum
1382 4509 1593 4563 autem,
1652 4501 1874 4553 ordines
1932 4503 2254 4570 angelorum
2303 4503 2390 4556 in-
2425 4524 2467 4577 ι)
2499 4513 2780 4555 momento
2816 4502 2906 4553 hic
2936 4511 2992 4555 et
3046 4500 3156 4553 illic
3206 4515 3327 4553 esse
3381 4507 3436 4552 et
3491 4513 3721 4552 munere
3779 4514 3882 4551 suo
3933 4498 4086 4567 fungi

807 4579 1027 4632 tellecta
1089 4584 1339 4650 pi‘arditi,
1392 4587 1458 4639 de
1509 4588 1578 4640 iis
1636 4604 1860 4657 quoque
1922 4605 2096 4657 pauca
2157 4591 2390 4646 dicenda

797 4682 954 4723 Hui.

873 4763 1113 4833 Angelus
1167 4772 1408 4823 essentia
1471 4780 1556 4825 est
1621 4773 1907 4828 intellectu
1965 4775 2212 4844 praedita,
2270 4791 2391 4845 qute

802 4869 1025 4924 semper
1084 4872 1357 4925 movetur,
1405 4863 1563 4917 liberi
1613 4866 1857 4934 arbitrii,
1911 4868 2260 4937 incorporea,
2293 4869 2389 4922 Dei

798 4952 1116 5009 ministerio
1148 4957 1399 5010 eteultui
1434 4958 2028 5029 addicta.,natura-que
2061 4962 2391 5015 immortalis

797 5061 898 5111 per
963 5048 1194 5114 gratiam
1285 5051 1564 5118 particeps
1630 5050 1849 5104 effecta.
1908 5052 2079 5122 Cujus
2162 5055 2387 5123 quidem

793 5139 1048 5191 essentia
1078 5155 1198 5207 qua:
1227 5141 1298 5193 sit
1335 5141 1531 5204 forma,
1557 5143 1764 5212 quique
1788 5147 2060 5210 terminus
2087 5148 2187 5201 soli
2223 5148 2388 5204 Crea-

807 5229 911 5281 tori
979 5243 1331 5301 perspeetum
1393 5245 1450 5288 et
1500 5237 1851 5305 exploratum
1894 5247 2001 5292 est.
2053 5239 2386 5308 lncorporea

798 5337 967 5390 porro
1008 5333 1075 5378 et
1139 5342 1339 5396 expers
1396 5329 1643 5383 materiae
1700 5328 1947 5397 dicitur,
1992 5332 2038 5384 si
2099 5333 2384 5386 nobiscum

795 5413 1133 5472 conferatur.
1184 5418 1464 5489 Quidquid
1519 5423 1668 5476 enim
1710 5434 1795 5477 est
1846 5423 1898 5476 iu
1950 5440 2136 5478 rerum
2188 5433 2384 5479 natura

794 5523 1042 5561 crassum
1082 5520 1138 5564 ct
1170 5513 1457 5567 inateriale
1519 5513 1976 5582 deprehenditur,
2022 5516 2066 5569 si
2111 5531 2237 5582 cum
2274 5516 2385 5569 Deo

791 5602 1132 5667 conferatur,
1169 5608 1261 5674 qui
1299 5608 1453 5660 solus
1493 5607 1562 5661 ab
1614 5609 1765 5663 omni
1802 5611 2195 5677 corporatione
2243 5609 2384 5663 liber

795 5705 853 5751 et
919 5698 1182 5755 inztnuuis
1240 5710 1445 5755 manet.
1502 5700 1786 5772 Siquidem
1848 5704 1991 5758 Deus
2049 5704 2200 5757 solus
2260 5689 2404 5765 est,

799 5789 895 5860 qui
943 5808 1065 5847 iere
1128 5793 1196 5846 ab
1262 5795 1410 5848 omni
1506 5795 1734 5850 materia
1823 5805 2113 5861 remotus,
2187 5807 2238 5851 ct
2305 5797 2383 5850 i..-

2499 4603 2750 4665 possunt.
2783 4595 2865 4648 An
2899 4601 3079 4647 autem
3115 4607 3272 4661 pares
3300 4592 3536 4646 essentia
3566 4593 3695 4653 sint,
3722 4607 3788 4644 an
3817 4607 3950 4644 vero
3987 4593 4083 4644 alii

2498 4687 2567 4739 ab
2595 4687 2718 4740 aliis
2744 4685 3027 4747 diﬂ'erant,
3068 4685 3367 4738 nescimus.
3413 4684 3575 4738 Solus
3613 4698 3806 4736 eorum
3861 4694 4086 4736 creator

2496 4779 2641 4832 Deus
2672 4779 2725 4831 id
2758 4778 2930 4839 novit,
2960 4777 3051 4831 cui
3077 4779 3242 4831 etiam
3274 4777 3455 4829 omnia
3489 4776 3703 4845 cognita
3726 4784 3876 4826 sunt.
3916 4774 4082 4827 Diflc-

2497 4883 2627 4925 runt
2658 4880 2841 4926 autem
2871 4871 2964 4924 alii
2994 4870 3063 4923 ab
3101 4870 3226 4923 aliis
3260 4869 3549 4937 splendore
3605 4878 3660 4921 et
3709 4867 3928 4927 ordine,
3967 4868 4081 4920 siie

2494 4960 2748 5014 ordinem
2772 4969 2998 5013 servent
3022 4957 3088 5010 ad
3118 4957 3490 5026 splendorem,
3525 4956 3640 5009 sive
3664 4957 3962 5023 spiendore
3989 4970 4083 5022 po-

2496 5053 2725 5115 tiantur,
2748 5067 2989 5120 eumque
3019 5051 3114 5105 alii
3139 5051 3263 5103 aliis
3284 5051 3714 5109 communicent,
3742 5057 3802 5100 ut
3825 5049 4079 5101 ordinem

2493 5155 2841 5202 conservent.
2866 5145 3094 5200 Certum
3117 5154 3202 5199 est
3226 5153 3408 5197 autem
3434 5157 3531 5196 eos
3552 5143 3646 5212 qui
3681 5151 3814 5195 sunt
3849 5142 3902 5193 in
3937 5141 4081 5194 infe-

2493 5240 2737 5294 rioribus
2781 5237 3076 5292 ordinibus
3118 5246 3175 5291 et
3207 5234 3554 5314 splendorem
3599 5245 3656 5288 et
3703 5234 4077 5301 cognitionem

2491 5331 2562 5384 ab
2600 5330 2667 5383 iis
2695 5329 2852 5399 quasi
2889 5344 2987 5398 per
3020 5314 3514 5395 manus‘accipere,
3541 5327 3636 5396 qui
3665 5335 3797 5378 sunt
3828 5326 3881 5378 in
3916 5341 4083 5391 supe-

2493 5423 2758 5477 rioribus.
2790 5421 2984 5475 Fortes
3019 5428 3285 5490 praeterea
3319 5429 3471 5482 sunt,
3492 5429 3548 5473 et
3579 5419 3752 5487 parati
3778 5417 3846 5471 ad
3876 5417 4082 5474 divina

2491 5515 2795 5569 voluntatis
2829 5514 3263 5576 exsecutionem,
3297 5512 3701 5580 confestimque
3752 5511 3959 5580 passim
3996 5528 4080 5565 re-

2490 5608 2803 5678 periuntur.
2841 5615 2988 5660 tanta
3021 5614 3105 5661 est
3135 5621 3328 5660 eorum
3367 5615 3580 5658 natura:
3621 5604 3903 5665 celeritas,
3936 5619 4076 5674 quo-
4137 5642 4143 5648 -

2489 5715 2709 5770 cunque
2727 5700 2948 5754 divinus
2969 5697 3092 5753 illos
3115 5707 3283 5753 nutus
3297 5697 3672 5752 amandaverit
3691 5715 3705 5750 :
3725 5697 4082 5752 custodiunt-

2489 5812 2598 5866 quc
2630 5794 2884 5865 regiones
2916 5803 3092 5859 terrae,
3121 5791 3378 5864 gentibus
3403 5804 3455 5848 ct
3487 5792 3624 5847 locis
3651 5790 3922 5861 prterecti.
3961 5807 4077 5863 fro-
