4274 6382
203 402 338 465 1181

1455 394 1852 456 TliES.‘.L'Hl
1904 399 2049 465 LIB.
2096 402 2178 461 ll.

3303 385 3439 450 118:2

196 528 261 572 ut
283 515 528 572 Creatori
563 515 663 583 ipsi
696 511 983 581 placuerit,
1027 520 1189 579 atque
1236 511 1307 563 ita
1361 525 1445 564 res
1499 510 1767 562 humanas
1801 510 1840 563 Α
1874 512 2198 581 participem
2258 507 2542 569 condidit,
2580 507 2825 576 angelos,
2866 504 3116 574 inquam,
3164 509 3221 557 et
3250 515 3442 556 omnes

196 609 609 668 administrant,
652 604 919 673 nobisque
955 602 1233 672 suppetias
1279 603 1481 655 ferunt.
1530 600 1764 655 Omnino

198 712 387 755 ari-tem
421 699 549 769 quia
577 713 643 751 ex
672 696 871 750 divinae
905 694 1203 749 voluntatis
1242 702 1296 747 et
1336 692 1599 763 jussionis
1630 705 1768 759 prae-

197 791 431 859 scripto,
459 804 621 857 supra
656 802 757 840 nos
786 796 946 848 sunt,
984 787 1199 851 Deoque
1235 799 1451 851 semper
1482 783 1762 836 assistunt.

198 885 431 952 Insuper
477 880 728 949 quamvis
769 879 835 930 ad
889 879 1088 931 malum
1132 877 1219 930 vix
1273 883 1615 937 moveantur,
1657 889 1767 926 non

201 988 386 1028 tamen
423 971 730 1026 immobiles
763 978 911 1023 sum.
957 969 1111 1023 Nunc
1142 978 1323 1021 autem
1369 967 1532 1019 etiam
1572 965 1767 1017 immo-

201 1066 344 1117 biles
376 1071 616 1125 niani-nt,
659 1076 767 1111 non
803 1068 1017 1113 natura.
1049 1057 1142 1110 sed
1188 1056 1380 1124 gratia,
1427 1064 1478 1107 et
1525 1053 1642 1112 Dei,
1676 1051 1767 1121 qui

202 1156 358 1209 solus
391 1156 564 1205 bonus
588 1162 691 1211 est,
723 1149 997 1218 praesidio.
1032 1147 1201 1199 Deum
1235 1146 1421 1198 vident
1486 1152 1647 1212 prout
1691 1142 1771 1195 eis

205 1245 561 1312 ptrmittitur,
605 1243 815 1308 hocque
851 1240 1099 1293 ciborum
1153 1238 1269 1290 vice
1322 1236 1544 1288 habent.
1597 1232 1768 1301 Supra

202 1349 308 1388 nos
330 1344 480 1399 sunt,
506 1344 761 1401 tanquam
792 1329 1119 1397 incorporei.
1146 1338 1201 1381 ct
1221 1327 1288 1379 ab
1311 1327 1456 1377 omni
1486 1325 1771 1377 ali'cetione

204 1441 466 1495 corporea
494 1426 676 1485 liberi,
704 1438 809 1476 non
847 1432 1024 1475 tamen
1057 1419 1384 1487 impatibiles
1410 1434 1422 1469 ε
1455 1418 1603 1471 solus
1626 1416 1771 1468 enim

206 1517 353 1573 Deus
411 1513 748 1583 impatibilis.
803 1512 1286 1565 Transformantur
1338 1517 1517 1562 autem
1570 1507 1620 1558 in
1681 1504 1771 1567 id,

205 1604 575 1674 quodcunque
608 1603 870 1654 Dominus
908 1603 1049 1655 Deus
1076 1600 1321 1669 jusserit,
1354 1607 1517 1666 atque
1559 1598 1629 1649 ita
1678 1595 1775 1647 bo-

209 1693 449 1746 iuinibus
476 1702 765 1760 apparent,
787 1692 976 1759 eisque
1008 1690 1191 1743 divina
1227 1694 1481 1758 mysteria
1508 1686 1769 1739 revelant.

206 1788 265 1840 l.i
296 1786 433 1841 cado
456 1797 765 1849 versantur,
794 1786 996 1855 unique
1028 1785 1103 1839 rei
1140 1789 1271 1838 dant
1313 1798 1561 1854 operam,
1611 1782 1773 1834 nimi-

208 1892 327 1929 rum
361 1887 421 1931 ut
444 1877 612 1930 Deum
642 1877 884 1942 laudent,
914 1886 967 1931 et
1006 1876 1204 1931 divinae
1237 1877 1355 1945 ejus
1382 1874 1649 1930 voluntati
1680 1872 1778 1927 ob-

205 1980 532 2040 sequantur.

828 2083 979 2138 CAP.
1022 2081 1161 2136 XLI.

210 2178 540 2231 Hierarchiw
595 2179 853 2245 synopsis.
887 2175 1111 2241 Angelos
1159 2181 1451 2245 creaturas,
1482 2188 1582 2226 non
1628 2186 1778 2224 crea-

543 2243 678 2300 tor—ea
728 2263 869 2311 esse,
915 2255 1098 2298 contra
1148 2243 1448 2297 Set/riunos.

281 2359 750 2425 Quemadmodum
789 2368 975 2412 autem
1023 2358 1405 2412 sanctissimus
1452 2341 1564 2419 ille,
1601 2369 1779 2408 sacra-

212 2452 599 2518 tissimusque,
660 2465 875 2504 necnon
911 2451 963 2503 in
998 2450 1162 2503 rebus
1214 2463 1265 2501 ι..
1316 2445 1782 2518 -.ugicis'exerci—

214 2543 518 2597 latissimus
547 2542 837 2612 Dionysius
865 2542 1194 2612 Areopagita
1231 2551 1480 2604 testatur,
1510 2538 1783 2607 theologia

213 2634 417 2696 omnis,
459 2649 555 2687 seu
598 2633 882 2702 Scriptura
931 2648 1084 2687 sacra
1110 2673 1124 2695 ,
1158 2648 1355 2687 novem
1405 2633 1659 2687 caelestes
1700 2644 1786 2684 es-

214 2727 419 2780 sentias
447 2726 736 2794 expressit.
772 2724 877 2778 Eas
912 2724 1133 2779 divinus
1162 2726 1253 2779 ille
1284 2722 1467 2778 rerum
1506 2738 1783 2777 sacrarum

216 2816 636 2869 administrator
668 2816 849 2868 tribus
879 2815 1136 2868 ternariis
1158 2815 1446 2868 ordinibus
1474 2812 1782 2881 distinguit.

215 2908 397 2975 Atque
445 2907 690 2960 omnium
744 2906 985 2974 primum
1039 2906 1193 2958 illum
1240 2921 1361 2959 esse
1410 2905 1632 2965 statuit,
1693 2902 1785 2971 qui

217 3001 387 3054 Deum
420 3000 777 3052 circumstare
814 3015 1043 3067 semper
1069 3040 1082 3062 ,
1116 3000 1277 3068 eique
1309 2999 1565 3064 contigue
1602 3005 1657 3049 ct
1689 2995 1789 3048 im-

221 3092 457 3145 mediate
488 3090 741 3159 conjungi
775 3090 966 3143 fertur.
997 3090 1048 3143 Is
1074 3089 1211 3141 ordo
1244 3097 1328 3142 est
1357 3090 1464 3139 τῶν
1499 3086 1786 3155 Seraphim

1803 1839 1850 1899 Β

1871 604 2123 657 ctelestes
2166 602 2460 655 exercitus.
2515 600 2553 653 li
2609 598 2757 651 enim
2803 596 2972 650 dubio
3020 592 3211 664 procul
3248 601 3439 644 natura

1872 694 2184 748 intellectus
2226 691 2489 760 participe
2549 696 2606 743 et
2650 688 2977 755 incorporea
3026 681 3236 750 pmditi
3289 688 3437 734 sunt.

1870 786 2195 852 lncorporea
2223 822 2235 842 .
2272 783 2494 849 inquam
2520 819 2533 841 ,
2563 779 2606 833 si
2643 794 2765 831 cum
2799 775 3039 829 materia}
3073 772 3440 827 crassitudine

1871 876 2204 931 conferatur.
2235 874 2369 929 Nam
2404 874 2554 925 solus
2600 870 2742 925 Dens
2804 882 2993 922 revera
3045 866 3291 919 materiei
3340 879 3438 916 ex-

1872 983 2000 1036 pers
2030 976 2081 1017 et
2109 966 2464 1033 incorporeus
2494 968 2596 1015 est.
2637 960 2843 1013 Deinde
2886 972 3021 1009 vero
3060 970 3178 1008 eam
3222 967 3439 1033 quoque

1872 1059 2166 1112 essentiam
2199 1054 2423 1115 creavit,
2454 1068 2574 1121 quae.
2608 1051 2709 1103 sub
2746 1064 2965 1103 sensum
3007 1047 3151 1101 cadit
3174 1087 3186 1106 ,
3220 1045 3440 1116 cmlum,

1875 1146 2117 1212 inquam,
2157 1153 2381 1202 terram,
2431 1150 2485 1194 et
2519 1154 2639 1207 qua:
2676 1139 2728 1191 in
2759 1152 2949 1189 eorum
2995 1135 3177 1187 medio
3226 1134 3431 1201 jacent,

1874 1248 2035 1304 atque
2082 1234 2227 1287 illam
2268 1233 2489 1301 quidem
2535 1230 2813 1299 prppriam
2858 1237 2912 1280 ct
2961 1226 3282 1279 familiarem
3327 1222 3445 1283 (fa-

1876 1326 2105 1380 miliaris
2151 1325 2297 1377 enim
2341 1322 2452 1375 Deo
2502 1329 2696 1372 natura
2747 1318 2838 1370 illa
2881 1325 3000 1378 est,
3053 1330 3173 1381 quae
3229 1313 3441 1365 ratione

1876 1418 2049 1471 utitur
2083 1414 2306 1478 solaque
2332 1419 2510 1463 mente
2545 1404 3092 1475 comprehenditur).
3145 1404 3284 1455 hanc
3311 1414 3443 1454 vero

1876 1508 2242 1574 undecunque
2305 1501 2761 1558 remotissimam,
2828 1514 2947 1566 qua:
3017 1496 3276 1549 nimirum
3340 1492 3443 1545 sub

1876 1616 2094 1655 sensum
2138 1597 2313 1651 cadat.
2351 1595 2467 1649 Jam
2500 1607 2629 1645 vero
2673 1606 2739 1644 ex
2783 1590 3034 1655 utrisque
3072 1586 3257 1639 inistio
3297 1597 3445 1652 quat-

1876 1693 1999 1745 dam
2035 1688 2367 1744 etformauda
2415 1692 2553 1743 erat,
2596 1690 2657 1734 ttt
2699 1689 2844 1734 esset
2900 1678 3124 1747 majoris
3167 1673 3445 1748 sapientiae

1877 1795 1931 1839 et
1966 1780 2379 1851 magniﬁcentia
2425 1790 2611 1829 rerum
2667 1772 3005 1827 naturalium
3059 1769 3336 1836 specimen
3390 1772 3447 1817 et

1882 1875 2112 1943 insigne,
2150 1882 2209 1925 ut
2237 1869 2535 1938 Gregorius
2566 1865 2876 1931 Theologtts
2899 1864 2993 1924 ait,
3027 1871 3080 1914 et
3117 1860 3271 1928 quasi
3301 1872 3450 1925 quae-

1878 1969 2001 2022 datn
2041 1966 2325 2031 utriusque
2358 1969 2569 2014 natura:
2603 1956 2951 2025 conjunctio,
2996 1953 3118 2019 ejus
3162 1953 3445 2016 nimirum,

1879 2075 1998 2129 quae
2038 2055 2269 2110 visibilis
2316 2061 2421 2114 est,
2468 2059 2523 2103 et
2573 2050 2692 2116 ejus
2743 2063 2862 2115 qua:
2916 2061 3024 2099 non
3070 2042 3307 2096 videtur.
3347 2043 3448 2095 Par

1878 2160 2031 2214 erat,
2069 2152 2290 2216 inquam
2318 2185 2331 2206 ,
2381 2151 2442 2196 ut
2494 2140 2804 2210 hujusmodi
2859 2136 3157 2205 specimine
3197 2132 3448 2185 voluntas

1878 2241 2152 2299 Creatoris
2224 2240 2607 2291 innotesceret.
2672 2230 2796 2284 Haec
2849 2228 2995 2283 enim
3059 2223 3446 2278 decentissima

1880 2340 1967 2392 lex
2013 2344 2069 2388 et
2118 2332 2301 2401 regula
2353 2338 2456 2393 est,
2507 2327 2575 2380 ad
2620 2326 2776 2394 cujus
2819 2319 3195 2392 praescriptum
3242 2315 3448 2369 exami-

1881 2428 2060 2483 nanda
2094 2436 2220 2479 sunt
2252 2422 2455 2476 omnia.
2504 2419 2573 2473 Et
2621 2430 2783 2471 nemo
2835 2413 3055 2484 quidem
3110 2426 3176 2464 eo
3217 2408 3453 2462 vesania:

1884 2518 2177 2592 procedet.
2206 2526 2266 2568 ut
2307 2514 2621 2568 Creatorem
2654 2523 2811 2563 suum
2843 2506 2923 2560 sic
2962 2505 3266 2567 interroget
3293 2519 3304 2553 :
3339 2498 3452 2554 Cur

1887 2616 1959 2668 ita
1995 2627 2079 2666 me
2119 2605 2401 2664 formasti?
2430 2605 2617 2658 Potest
2665 2600 2811 2653 enim
2842 2597 3036 2662 ﬁgulus
3077 2609 3142 2648 ex
3192 2594 3305 2645 luto
3349 2602 3454 2645 suo

1885 2707 2035 2759 varia
2072 2717 2199 2756 vasa
2231 2701 2459 2768 lingere,
2492 2692 2692 2763 quibus
2720 2691 3002 2760 sapientiae
3034 2701 3144 2741 sua:
3171 2682 3453 2753 specimen

1886 2798 2013 2852 edat
2048 2795 2192 2861 (15).

1957 2889 2101 2944 Cum
2129 2888 2244 2940 haec
2276 2884 2348 2938 ita
2381 2898 2439 2937 se
2471 2880 2733 2941 habeant,
2771 2892 2835 2929 ex
2871 2874 3071 2928 visibili
3105 2881 3160 2926 et
3196 2871 3453 2925 invisibili

1891 2989 2083 3036 natura
2136 2976 2411 3031 hominem
2459 2971 2702 3042 propriis
2753 2967 3006 3021 manibus
3049 2964 3114 3019 ad
3166 2963 3452 3032 imaginem

1891 3086 1946 3128 et
1975 3069 2393 3127 similitudinem
2438 3080 2590 3120 suam
2623 3061 2852 3120 creavit,
2890 3073 3117 3126 corpore
3166 3057 3382 3125 quidem
3423 3070 3454 3109 e

221 3202 314 3238 sex
361 3184 473 3237 alas
507 3183 848 3237 habentium.
904 3191 956 3234 et
1002 3181 1430 3235 multoculorum
1470 3180 1791 3242 Cherubim,
1823 3182 1863 3240 α
1899 3176 1909 3220 1

1777 3216 1791 3242 ,
1823 3182 1863 3240 ο
1899 3176 2041 3220 terra
2080 3165 2312 3217 formato
2338 3199 2350 3222 ,
2394 3158 2576 3211 anima
2604 3169 2733 3206 vero
2768 3150 2997 3204 rationis
3042 3156 3097 3202 et
3147 3148 3455 3201 intellectus

222 3274 461 3341 denique
506 3271 979 3326 sanctissimorum
1042 3270 1410 3323 Thronorum.
1476 3267 1787 3322 Secundum

225 3377 407 3419 autem
442 3363 881 3417 Dominationum
913 3402 925 3423 ,
966 3361 1245 3413 Virtutum
1301 3369 1353 3412 et
1427 3360 1787 3412 Potestatum.

225 3456 472 3510 Tertium
523 3465 578 3509 et
629 3456 879 3508 ultimum
930 3454 1373 3522 Principatuum,
1426 3452 1794 3523 Archangelo-

226 3564 345 3601 rum
387 3557 440 3601 et
462 3547 789 3615 Angelorum
818 3559 936 3599 esse
963 3545 1061 3597 ait.

295 3638 413 3693 Jam
454 3637 734 3689 nonnullis
766 3634 983 3687 videtur
1016 3634 1137 3686 illos
1173 3642 1295 3685 ante
1341 3641 1644 3686 et'eaturarn
1679 3647 1796 3684 om-

228 3747 353 3785 nem
393 3729 647 3783 conditos
693 3726 897 3791 fuisse,
948 3734 1008 3778 ttt
1040 3724 1335 3793 Gregorius
1380 3724 1688 3791 Theologus
1723 3724 1797 3776 ait

232 3826 317 3878 bis
344 3821 533 3875 verbis
566 3838 578 3872 :
614 3820 857 3874 Primum
890 3818 1163 3887 angelicas
1197 3827 1252 3870 et
1279 3817 1532 3870 cmlestes
1567 3816 1798 3868 virtutes

230 3920 284 3969 in
344 3916 531 3967 animo
596 3920 799 3972 versat,
868 3921 1033 3978 atque
1082 3909 1344 3977 cogitatio
1410 3908 1498 3960 illa
1552 3907 1604 3959 in
1661 3920 1799 3972 opus

230 4007 432 4062 evadit.
464 4005 596 4059 Aliis
622 4014 803 4057 autem
828 4018 922 4055 eos
951 4012 1070 4069 post
1098 4002 1330 4071 primum
1377 4000 1573 4052 cerium
1614 3997 1801 4050 condi-

235 4110 319 4152 tus
362 4098 528 4151 fuisse
576 4095 803 4165 placuit.
850 4093 1011 4148 Certe
1056 4103 1180 4146 ante
1228 4102 1469 4147 creatum
1522 4091 1798 4144 hominem

233 4191 486 4243 conditos
519 4204 681 4242 nemo
722 4202 831 4239 non
878 4186 1097 4239 fatetur.
1134 4186 1246 4254 Ego
1273 4200 1402 4237 vero
1456 4185 1508 4236 in
1554 4182 1799 4251 Gregorii

234 4280 495 4349 Theologi
548 4278 877 4331 sententiam
939 4277 1173 4345 pedibus
1225 4291 1311 4329 eo.
1376 4272 1657 4343 Siquidem
1713 4289 1799 4325 ra-

235 4371 371 4425 tioni
420 4378 849 4423 consentaneum
897 4375 1050 4429 erat,
1090 4376 1148 4418 ut
1196 4366 1370 4433 primo
1403 4364 1524 4415 loco
1564 4361 1801 4416 essentia

238 4462 520 4515 intellectu
562 4458 787 4528 praedita
829 4467 1136 4518 crearetur,
1184 4467 1294 4509 tum
1330 4455 1529 4508 deinde
1571 4470 1633 4507 ea
1684 4469 1803 4522 quae.

1897 3255 2160 3327 participe
2206 3252 2256 3305 ei
2286 3248 2509 3321 proprio
2553 3243 2855 3299 sufﬂamine
2905 3240 3119 3303 infusa,
3160 3236 3303 3305 quod
3338 3236 3459 3305 qui-

1895 3351 2018 3402 dem
2070 3346 2271 3399 divinae
2333 3340 2584 3409 imaginis
2647 3332 3012 3405 appellatione
3081 3328 3453 3397 intelligimus.

1896 3440 2033 3494 lllutl
2069 3438 2238 3496 enim,
2268 3434 2332 3487 ad
2372 3431 2660 3499 imaginem
2684 3466 2697 3487 ,
2727 3427 2835 3479 vim
2869 3425 3014 3477 illam
3046 3421 3248 3476 indicat
3276 3459 3289 3480 ,
3342 3433 3460 3486 quas

1899 3531 2209 3584 intellectus
2232 3525 2505 3595 particeps
2535 3522 2819 3589 liberoque
2850 3515 3078 3570 arbitrio
3104 3512 3333 3582 praedita
3356 3518 3459 3564 est.

1900 3623 2013 3676 lloc
2047 3632 2248 3681 autem,
2279 3616 2343 3669 ad
2378 3611 2790 3669 similitudinem
2819 3651 2831 3674 ,
2862 3609 2970 3661 vim
3010 3606 3154 3659 illam
3197 3604 3416 3657 denotat
3445 3640 3461 3667 ,

1901 3730 2021 3783 ηοω
2050 3712 2245 3763 divina:
2276 3708 2517 3769 virtutis,
2550 3704 2732 3774 quoad
2763 3702 2888 3771 ejus
2922 3699 3039 3754 fieri
3070 3705 3282 3768 potest,
3314 3693 3466 3748 simi—

1902 3807 2189 3860 litudincm
2227 3802 2415 3857 refert.

2390 3915 2538 3971 CAP.
2592 3910 2971 3967 XLIII-XLIV.
3027 3904 3035 3913 ’

1971 4013 2208 4067 Hominis
2242 4020 2439 4081 partes,
2472 4018 2519 4061 ct
2547 4007 2784 4077 pristina:
2824 4003 3133 4074 qualitates.
3170 3998 3396 4059 Spiritus

2569 4084 2617 4129 el
2650 4093 2797 4128 caro.

1972 4198 2240 4251 Caeterum
2268 4208 2467 4261 corpus
2506 4199 2564 4244 et
2605 4189 2787 4243 anima
2837 4187 2997 4242 simul
3042 4184 3270 4239 formata
3318 4191 3468 4245 sunt,

1907 4304 2014 4341 non
2048 4298 2227 4339 autem
2258 4284 2389 4337 illud
2421 4282 2641 4351 quidem
2672 4280 2844 4349 prius,
2874 4278 2989 4330 hmc
3020 4291 3148 4329 vero
3176 4275 3467 4343 posmrior,

1907 4392 1966 4434 tit
1998 4380 2259 4443 Origenes
2285 4374 2658 4429 deliramentis
2698 4371 2814 4425 suis
2852 4369 3057 4430 voluit;
3098 4370 3281 4435 itaque
3326 4367 3471 4420 Deus

1910 4470 2183 4522 hominem
2216 4465 2422 4517 creavit
2447 4476 2666 4531 purum,
2697 4467 2931 4521 rectum,
2963 4456 3184 4519 fortem,
3220 4455 3470 4516 hilarem,

236 4568 431 4607 sensus
462 4550 737 4620 particeps
774 4557 878 4610 est,
915 4558 1076 4616 atque
1110 4549 1182 4601 ita
1214 4548 1430 4600 demum
1476 4561 1540 4598 ex
1576 4554 1803 4613 utraque
1833 4540 1884 4598 D
1913 4580 1924 4613 ε

1792 4540 1884 4598 3D
1913 4574 2168 4613 securum
2196 4596 2211 4618 ,
2271 4556 2421 4608 nulla
2468 4569 2575 4606 non
2624 4552 2829 4604 virtute
2875 4557 3166 4610 ornatum,
3220 4545 3479 4599 onmibus

242 4646 405 4698 homo
429 4641 778 4695 conti-aretur.
814 4638 1083 4691 Caeterum
1118 4639 1153 4691 ii
1182 4638 1273 4705 qui
1306 4637 1527 4703 angelos
1552 4635 1807 4689 essentia:

239 4735 537 4802 cujuslibet
570 4742 849 4787 creatores
877 4730 1043 4784 fuisse
1075 4736 1397 4791 autumant,
1438 4728 1490 4781 id
1522 4728 1805 4793 cﬂ‘utiunt,

241 4831 385 4898 quod
421 4838 572 4896 pater
603 4826 855 4879 diabolus
887 4824 966 4877 cis
992 4822 1249 4892 sitggerit,
1282 4820 1416 4875 Cum
1461 4821 1604 4873 enim
1649 4835 1806 4873 crea-

243 4932 375 4974 tura:
400 4920 545 4977 sint,
577 4926 855 4970 creatures
894 4930 1003 4967 non
1052 4923 1199 4967 sunt.
1250 4913 1353 4978 Qui
1394 4922 1575 4966 autem
1625 4911 1806 4964 omnia

245 5014 403 5074 fecit,
439 5010 699 5065 omnibus
738 5007 1023 5078 providet,
1056 5006 1239 5059 omnia
1271 5007 1515 5058 continet
1547 5005 1722 5067 Deus,
1766 5004 1810 5057 is

244 5118 387 5156 unus
438 5102 716 5155 increatus
766 5107 883 5161 est,
930 5099 1022 5167 qui
1077 5099 1178 5153 sub
1220 5096 1419 5161 Patris,
1473 5108 1528 5150 et
1567 5096 1710 5157 l-‘ilii,
1756 5105 1811 5150 et

246 5193 486 5263 Spiritus
560 5192 733 5243 sancti
799 5192 1020 5243 nomine
1072 5189 1325 5243 laudibus
1387 5188 1696 5244 celebratur
1757 5196 1812 5242 et

244 5283 606 5357 glcriﬁcatur.
726 5279 733 5288 '

850 5371 1000 5427 CAP.
1047 5371 1204 5426 XLII.

248 5467 323 5520 De
362 5466 589 5519 homine.
629 5463 882 5516 Essenliic
934 5464 1132 5516 divisio.
1178 5460 1434 5527 Imaginis
1475 5470 1521 5513 et
1564 5461 1812 5515 similitu-

319 5537 456 5615 dinis
484 5536 535 5586 in
572 5535 678 5586 Deo
699 5534 1012 5602 diﬂérentia.
1040 5532 1280 5602 Origenis
1309 5531 1735 5585 deliramentum.

323 5649 478 5704 liunc
514 5664 644 5719 ergo
669 5649 723 5703 in
752 5650 974 5703 modum
1002 5650 1142 5705 Deus
1168 5650 1459 5704 essentiam
1506 5650 1813 5706 intellectus

331 5810 439 5873 :15)
472 5810 677 5865 Alludit
708 5811 773 5864 ad
801 5812 978 5863 locum
1011 5808 1068 5863 Β.
1117 5808 1292 5875 Pauii,
1332 5810 1488 5865 Rom.
1533 5827 1604 5864 ix.

1912 4647 2070 4700 bonis
2115 4644 2485 4697 abundantem
2512 4682 2525 4707 ,
2557 4641 2711 4709 quasi
2745 4638 3035 4707 quemdam
3086 4635 3348 4689 mundum
3388 4649 3475 4687 se-

1911 4737 2173 4800 cundum,
2208 4737 2263 4788 in
2299 4749 2494 4803 magno
2526 4747 2753 4801 parvum
2790 4749 2802 4785 ε
2834 4731 3000 4784 alium
3048 4728 3296 4796 angelum
3346 4726 3477 4780 ado-

1912 4839 2170 4889 ratorem,
2200 4827 2443 4888 mislum,
2473 4839 2665 4877 earum
2690 4833 3063 4877 creaturarum
3091 4820 3483 4886 inspecturem,

1912 4936 2033 4990 qua:
2079 4918 2251 4972 oculis
2292 4916 2707 4986 subjiciuntur;
2742 4928 2928 4968 earum
2974 4922 3153 4965 autem
3201 4925 3322 4978 quae
3376 4907 3477 4961 soli

1909 5011 2225 5081 cogitationi
2261 5019 2467 5078 patent,
2503 5006 2831 5075 discipulum
2876 5022 2888 5056 :
2923 5018 3106 5072 regem
3136 5014 3327 5054 eorum
3361 5014 3484 5067 quae

1913 5104 1966 5156 in
2008 5113 2150 5155 terra
2186 5111 2313 5155 sunt
2348 5118 2360 5154 :
2396 5100 2530 5168 [tegi
2565 5111 2805 5167 superno
2849 5094 3165 5155 subditum,
3203 5099 3477 5144 terrenum

1914 5204 1968 5247 et
2017 5193 2317 5255 ecelestem,
2368 5191 2651 5244 mortalem
2683 5197 2736 5242 et
2771 5186 3157 5242 immortalem,
3210 5180 3482 5235 visibilem

1913 5294 1968 5339 et
2020 5284 2299 5337 intellecm
2350 5280 2797 5352 pereeptibilem,
2838 5278 3078 5332 medium
3128 5275 3273 5327 inter
3313 5269 3487 5325 subli~

1921 5379 2166 5431 mitatem
2208 5387 2265 5430 et
2309 5375 2694 5438 humilitatem,
2736 5371 2990 5427 eumdem
3037 5379 3092 5422 et
3126 5366 3382 5435 spiritum
3427 5372 3483 5415 et

1920 5482 2138 5523 carnem
2173 5481 2183 5513 :
2210 5481 2427 5520 carnem
2457 5464 2701 5534 quidem,
2730 5470 2949 5532 propter
2971 5455 3439 5513 extuberationem
3467 5469 3480 5499 τ

1921 5557 2171 5627 spiritum
2204 5571 2365 5617 vero,
2402 5564 2627 5623 propter
2674 5550 2901 5621 gratiam
2934 5565 2948 5602 :
2979 5545 3174 5617 partim
3216 5553 3275 5598 ut
3313 5541 3485 5612 patia-

1925 5658 2047 5713 tur,
2102 5648 2423 5720 patiensque
2481 5644 2883 5708 commoncliat,
2937 5650 2991 5697 et
3034 5639 3356 5695 erudiatur.
3418 5632 3487 5687 ad
