4274 6382
814 384 952 450 1183

2069 386 2365 447 ΝΙΕΕΤίΕ
2409 387 2811 449 ΟΗΟΝΙΑΤΑΕ

3897 373 4044 443 “id

800 498 1189 555 Sublimitatem
1225 512 1423 568 magno
1462 496 1649 553 studio
1689 499 1862 552 anniti
1895 507 2152 568 oportere
2197 517 2209 553 :
2252 515 2378 569 par-
2406 507 2451 563 Α
2482 504 2633 557 ribus
2670 501 2998 565 conﬂantur,
3025 510 3081 555 et
3112 500 3162 554 in
3191 496 3414 553 eosdem
3455 493 3825 549 resolvuntur.
3880 491 4057 556 Quid—

802 589 901 644 tim
962 598 1020 643 ut
1050 600 1382 658 perseveret,
1424 600 1481 645 et
1509 589 1827 644 Creatorem
1870 590 2175 645 beneficum
2215 590 2381 657 glori-

808 682 933 734 tlcet
970 698 984 735 :
1016 682 1214 732 animal
1246 681 1391 750 quod
1422 681 1508 734 hic
1542 682 1785 749 quidem,
1814 681 1865 734 id
1906 692 1990 735 est
2018 683 2073 733 in
2117 681 2376 748 praesenti

808 773 940 832 vita,
974 771 1242 837 gubernat
1275 789 1289 823 :
1327 773 1433 824 alio
1458 784 1663 834 autem,
1689 774 1791 825 hoc
1819 784 1904 826 est
1928 774 1982 825 in
2012 774 2255 825 futurum
2278 787 2379 825 sr-

802 860 1010 922 culum,
1048 864 1395 927 transmigrat
1434 884 1444 915 :
1483 866 1831 932 tandemque,
1860 865 1950 931 qui
1981 865 2147 915 totius
2179 874 2379 932 mystc-

802 950 867 1001 rii
908 952 1029 1003 [iiiis
1074 964 1175 1005 est.
1242 955 1425 1004 divino
1474 956 1700 1007 numine
1755 955 1890 1007 deus
1945 955 2147 1007 evadit.
2211 955 2373 1019 Deus,

806 1044 1051 1111 inquam,
1090 1048 1214 1112 quia
1242 1046 1411 1097 divini
1449 1048 1756 1111 splendoris
1798 1047 2071 1113 particeps
2098 1046 2328 1099 efficitur
2362 1062 2376 1099 :

804 1143 859 1185 at
894 1152 998 1186 non
1038 1138 1090 1186 in
1128 1135 1366 1186 divinam
1410 1138 1603 1189 transit
1644 1137 1962 1189 essentiam.
2008 1134 2226 1189 Crearit
2280 1135 2381 1187 ho-

805 1226 1001 1277 minem
1038 1226 1178 1277 Deus
1201 1245 1229 1279 a
1269 1239 1495 1293 peccato
1523 1239 1718 1278 natura
1748 1227 2068 1288 immunem,
2096 1228 2375 1279 voluntate

804 1318 1061 1370 iihet'um.
1100 1333 1110 1375 t
1136 1317 1438 1369 Immunem
1468 1333 1496 1368 a
1535 1328 1757 1383 peccato
1788 1318 1930 1375 dico,
1957 1334 2062 1369 non
2096 1318 2221 1384 quia
2254 1332 2377 1385 pec-

802 1409 908 1456 cati
953 1423 1121 1472 capax
1159 1423 1265 1458 non
1300 1410 1367 1459 sit
1397 1426 1411 1460 :
1446 1409 1594 1460 Solus
1621 1407 1767 1459 enim
1796 1407 1940 1459 Deus
1972 1408 2180 1473 peccati
2209 1422 2379 1474 capax

805 1512 911 1548 non
953 1507 1035 1550 est
1066 1514 1080 1549 :
1106 1498 1198 1549 sed
1230 1500 1382 1564 cujus
1411 1499 1462 1549 in
1498 1508 1690 1550 natura
1722 1507 2007 1563 peccatum
2044 1513 2150 1549 non
2185 1508 2332 1550 esset
2359 1515 2373 1553 :

808 1589 914 1637 imo
947 1588 999 1637 in
1038 1591 1317 1639 Voluntate
1355 1590 1570 1654 potius)
1602 1588 1716 1639 sive
1755 1588 1824 1640 ita
1868 1597 2274 1653 comparatum,
2321 1595 2381 1640 ut

806 1692 1161 1743 perseverare
1194 1687 1355 1744 atque
1390 1678 1441 1728 in
1476 1678 1621 1729 bono
1651 1676 1936 1745 proficere,
1967 1679 2148 1731 divina
2182 1694 2380 1747 eoope-

808 1778 961 1820 rante
1008 1771 1177 1834 gratia
1204 1808 1217 1829 ,
1256 1769 1555 1837 itidemque
1607 1787 1635 1823 a
1684 1771 1828 1823 bono
1863 1771 1929 1823 ad
1968 1772 2169 1823 malum
2196 1813 2211 1835 ,
2264 1773 2375 1825 Deo

2481 594 2611 663 quid
2650 596 2794 646 enim
2830 590 3190 661 compositum
3229 598 3353 650 est,
3384 587 3437 641 in
3468 586 3555 640 illa
3592 584 3705 653 ipsa
3747 597 3814 637 ex
3845 579 4061 650 quibus

2480 693 2713 747 constat,
2751 684 2966 737 tandem
3002 681 3197 735 resolvi
3230 680 3385 733 solet.

3064 814 3215 867 CAP.
3265 808 3469 863 XLVII.

2493 932 2710 984 Homini
2749 934 2874 999 quid
2921 945 3037 981 cum
3085 927 3354 1000 inanimis,
3413 923 3701 1000 brutis,_et
3742 914 4058 985 intelligen-

2852 1004 2937 1054 tia:
2977 998 3255 1065 capacibus
3294 1008 3565 1046 commune
3602 998 3690 1042 sit.

2554 1117 2841 1171 Sciendum
2877 1127 3041 1181 porro
3095 1119 3179 1164 est
3227 1107 3433 1162 homini
3482 1104 3686 1171 aliquid
3722 1118 3846 1155 cum
3883 1101 4060 1153 rebus

2481 1207 2737 1261 inanimis
2768 1218 3057 1259 commune
3085 1216 3207 1254 esse
3233 1240 3246 1261 ,
3276 1212 3506 1264 eumque
3550 1197 3674 1247 vita:
3705 1210 3827 1247 cum
3874 1192 4060 1242 brutis

2482 1301 2822 1368 participem,
2855 1305 3054 1349 etcum
3093 1293 3158 1346 iis
3186 1307 3305 1360 qua:
3333 1299 3539 1341 rztllmte
3572 1296 3802 1339 utuntur
3850 1283 4061 1335 int-dli-

2480 1394 2662 1462 gentia
2718 1390 3006 1459 prmditum
3062 1402 3202 1439 esse.
3253 1384 3462 1447 Corpus
3508 1381 3650 1431 enim
3712 1386 3765 1428 ct
3813 1386 4061 1443 quatuor

2479 1486 2876 1540 elementorum
2911 1484 3399 1547 temperamentum
3435 1470 3742 1523 communia
3796 1483 3925 1518 eum
3966 1481 4028 1518 re

2480 1578 2582 1631 bus
2615 1574 2870 1627 inanimis
2896 1572 3080 1625 habet.
3121 1569 3255 1621 Cum
3295 1566 3489 1633 plantis
3520 1579 3644 1616 vero
3670 1603 3684 1623 ,
3718 1571 3919 1628 pta-ter
3965 1573 4063 1609 sn-

2480 1684 2574 1736 pra
2626 1666 2804 1726 dicta,
2860 1664 2961 1716 bas
3033 1674 3248 1728 quoque
3306 1655 3617 1714 facultates,
3689 1652 4061 1711 nutritivam,

2478 1757 2857 1825 vegetativam,
2888 1762 2942 1806 et
2972 1750 3366 1819 generativam.
3394 1759 3710 1800 communes
3744 1743 4056 1809 experitur.

808 1860 1190 1923 permittente.
1228 1871 1448 1926 propter
1480 1861 1711 1913 liberum
1743 1862 2030 1914 arbitrium
2061 1899 2074 1921 ,
2101 1861 2378 1916 declinare
2412 1841 2450 1894 Β
2479 1849 2496 1901 ί

2372 1882 2378 1914 ι
2412 1841 2450 1894 Β
2479 1848 2613 1902 Cum
2656 1847 2831 1899 brutis
2859 1844 3009 1903 item,
3038 1850 3235 1909 praeter
3265 1847 3390 1890 ante
3419 1837 3582 1893 dicta.
3614 1843 3665 1888 et
3696 1833 3813 1885 haec
3861 1842 4060 1884 aucta—

805 1957 1009 2014 posset.
1037 1948 1149 2001 Nec
1183 1949 1327 2001 enim
1360 1952 1532 2003 virtus
1568 1962 1650 2004 est
1682 1952 1757 2015 id,
1797 1951 1942 2020 quod
1981 1951 2031 2004 vi
2070 1953 2147 2005 lit.

1416 2082 1567 2135 CAP.
1608 2081 1767 2137 XLV.

975 2190 1053 2245 De
1084 2195 1295 2254 anima,
1340 2202 1510 2246 mente
1531 2235 1544 2258 ,
1578 2204 1626 2247 et
1660 2197 1811 2249 rebus
1844 2198 2190 2268 incorporea.

881 2302 1049 2375 igitur
1074 2324 1253 2361 anima
1287 2318 1368 2363 est
1393 2310 1631 2363 essentia
1671 2312 1880 2370 vivens.
1909 2313 2169 2382 simplex,
2201 2316 2381 2369 incor-

809 2413 999 2467 porea,
1034 2400 1191 2467 cujus
1224 2403 1442 2468 pr0pria
1477 2412 1670 2454 natura
1698 2404 1978 2468 c0rporeis
2004 2406 2177 2459 oculis
2229 2409 2376 2461 ecrni

805 2505 911 2543 non
946 2500 1143 2558 potest,
1181 2494 1531 2554 immortalis,
1566 2494 1791 2546 rationis
1819 2503 1876 2546 et
1918 2494 2224 2548 intellectus
2252 2512 2378 2564 par-

806 2582 996 2641 ticeps,
1033 2582 1200 2651 figura
1230 2599 1423 2637 carens
1460 2602 1472 2637 τ
1506 2601 1627 2652 qua:
1670 2600 1900 2653 corpore
1928 2624 1941 2646 ,
1988 2594 2244 2653 tanquam
2297 2589 2379 2641 iu-

803 2684 1110 2727 strumcuto
1140 2713 1155 2737 ,
1206 2676 1406 2739 utitur,
1454 2677 1615 2743 eique
1665 2679 1870 2738 vitam,
1931 2676 2375 2743 incrementum,

805 2779 1046 2822 sensum.
1080 2766 1298 2833 vimque
1343 2750 1735 2833 generatricem
1789 2768 2029 2837 suggerit
2078 2786 2091 2821 :
2134 2780 2375 2824 mentem

805 2856 859 2909 in
895 2860 1069 2922 seipsa
1093 2898 1106 2917 ,
1139 2873 1246 2910 non
1284 2866 1534 2926 tanquam
1586 2858 1860 2912 diversum
1892 2860 2020 2927 quid
2049 2900 2063 2919 .
2116 2862 2212 2914 scd
2260 2871 2381 2915 tan-

807 2962 969 3014 quam
1004 2949 1346 3013 purissimam
1383 2949 1466 3001 sui
1499 2961 1746 3016 partem,
1780 2950 2152 3016 complectens
2190 2950 2376 3020 (quod

805 3037 951 3090 enim
984 3038 1176 3089 oculus
1207 3038 1260 3090 in
1304 3053 1566 3105 corpore,
1605 3037 1656 3089 id
1697 3053 1853 3091 mens
1904 3051 1987 3092 est
2035 3041 2087 3092 in
2138 3041 2375 3111 anima),

806 3127 965 3179 liberi
995 3128 1232 3189 arbitrii,
1271 3129 1455 3181 litterae
1498 3130 1793 3183 voluntatis
1840 3139 1895 3183 et
1939 3131 2172 3184 actionis
2210 3149 2221 3181 :
2257 3149 2377 3184 mu—

812 3219 995 3270 tabilis
1029 3235 1123 3271 seu
1156 3221 1444 3272 mutationi
1480 3221 1622 3274 ultro
1654 3221 1909 3283 obnoxia,
1945 3223 2073 3291 quia
2117 3224 2374 3278 nimirum
2403 3204 2445 3225 ν

807 3319 986 3362 creata
1018 3321 1122 3365 est.
1173 3312 1297 3364 llzec
1350 3312 1531 3364 omnia
1583 3313 1929 3375 naturaliter,
1965 3314 2244 3366 Creatoris
2294 3316 2376 3368 sui

808 3405 981 3465 gratia
1016 3412 1071 3453 et
1121 3402 1409 3463 beneficio,
1466 3404 1699 3471 accepit,
1753 3403 1879 3471 quia
1942 3404 2162 3472 quidem
2209 3412 2377 3473 gratia

811 3495 909 3553 illi,
948 3504 1001 3547 et
1032 3495 1176 3561 quod
1220 3505 1333 3558 est,
1371 3495 1515 3564 quod
1558 3496 1631 3548 ita
1666 3498 1989 3549 naturaliter
2019 3506 2131 3560 est,
2162 3492 2381 3565 obtigit."

807 3584 924 3636 Jam
957 3600 1019 3636 ea
1057 3601 1175 3653 que
1223 3585 1567 3653 incorporea,
1612 3596 1669 3639 et
1719 3587 2033 3651 invisibilia,
2086 3595 2140 3639 et
2196 3586 2378 3655 figura!

808 3677 1054 3741 expertia
1102 3687 1263 3738 sunt.
1313 3678 1529 3731 duobus
1569 3678 1745 3732 modis
1783 3681 2235 3743 consideramus,
2274 3682 2376 3733 alia

809 3783 873 3819 ex
905 3767 1163 3826 essentia,
1197 3768 1296 3819 alia
1329 3785 1393 3821 ex
1426 3770 1627 3835 gratia.
1660 3779 1714 3821 et
1752 3770 1837 3823 illa
1866 3771 2085 3838 quidem
2125 3772 2195 3823 ita
2223 3781 2381 3824 natu-

812 3857 992 3909 raliter
1022 3867 1355 3925 ct-mparata,
1382 3860 1495 3914 h:ec
1519 3877 1647 3913 vero
1680 3860 1831 3929 quasi
1862 3861 1926 3913 ad
1966 3863 2203 3915 materias
2230 3878 2377 3915 cras-

812 3946 1108 3999 situdaiem
1188 3949 1523 4002 accedentia.
1591 3951 1775 4019 Itaque
1845 3954 1898 4003 in
1960 3952 2069 4005 Deo
2129 3952 2379 4021 incorpo-

811 4047 962 4083 reum
988 4072 1001 4094 ,
1043 4043 1236 4087 natura
1267 4052 1280 4087 :
1310 4036 1362 4087 in
1402 4038 1609 4106 angelis
1668 4047 1847 4092 autem
1876 4082 1889 4103 ,
1922 4039 2259 4093 daemonibus
2325 4051 2378 4095 et

809 4123 1004 4174 animis
1052 4126 1219 4192 gratia
1271 4127 1497 4189 dicitur,
1541 4139 1703 4196 atque
1758 4130 2109 4199 hujusmodi,
2146 4142 2202 4184 ut
2253 4146 2375 4185 cum

811 4214 1048 4267 materia:
1082 4217 1445 4270 crassitudine
1471 4220 1785 4272 aflinitatem
1833 4220 2120 4289 quamdam
2159 4221 2374 4275 habeat.

1399 4355 1548 4410 CAP.
1600 4356 1795 4439 XLVI,

1061 4468 1133 4519 De
1160 4485 1395 4537 corpore,
1428 4470 1719 4533 clementis,
1752 4481 1799 4523 et
1831 4471 2152 4525 humoribus.

880 4580 1086 4648 Corpus
1162 4592 1340 4635 autem
1394 4592 1474 4636 est
1553 4584 1697 4651 quod
1770 4584 1967 4651 triplici
2031 4584 2374 4639 dimensrone

808 4680 1038 4729 constat,
1071 4672 1323 4723 nimirum
1352 4673 1722 4741 longitudine,
1756 4675 2063 4739 latitudine,
2091 4675 2376 4743 profundi-

808 4770 916 4814 tate
958 4772 1013 4814 et
1057 4765 1434 4817 crassitudine.
1480 4765 1748 4818 Ca-tcrntn
1788 4780 1984 4832 corpus
2052 4782 2211 4819 oinne
2245 4783 2376 4835 qua-

812 4862 935 4904 tuor
981 4870 1044 4906 ex
1092 4855 1416 4909 humoribus
1468 4857 1757 4909 conﬂatum
1797 4867 1898 4909 est.
1948 4857 2244 4910 Sciendum
2294 4869 2376 4911 est

808 4945 1074 4997 elcma'nta
1100 4956 1332 5013 quatuor
1363 4962 1501 5009 esse,
1537 4958 1734 5000 terram
1769 4950 1968 5001 siccam
1998 4959 2050 4999 cl
2079 4948 2329 5016 frigidam
2359 4967 2371 5003 :

809 5053 1002 5103 aquam
1037 5038 1285 5103 frigidam
1328 5048 1381 5091 ct
1426 5039 1727 5096 humidam,
1761 5056 1941 5092 acrem
1994 5042 2275 5093 humidum
2322 5049 2376 5093 et

809 5129 1043 5181 calidum
1084 5147 1095 5182 :
1132 5130 1307 5197 ignem
1357 5130 1589 5182 calidum
1626 5141 1679 5183 ct
1728 5132 1975 5189 siccum;
2036 5132 2236 5199 quibus
2276 5132 2373 5184 Itu-

811 5237 989 5274 mores
1018 5233 1251 5288 quatuor
1275 5239 1335 5274 ex
1374 5224 1641 5275 diametro
1671 5224 2035 5290 respondent:
2073 5233 2191 5275 atra
2229 5227 2372 5275 enim

808 5310 964 5372 bilis,
1014 5329 1134 5365 cum
1170 5314 1311 5365 sicea
1344 5313 1413 5363 sit
1452 5324 1505 5365 et
1548 5314 1773 5381 frigida,
1812 5325 1969 5365 terra:
1998 5333 2008 5365 :
2039 5314 2228 5378 pituita
2278 5315 2373 5367 fri-

808 5401 931 5470 gila
968 5411 1020 5453 et
1066 5402 1322 5463 humida,
1374 5419 1528 5470 aqua:
1564 5421 1575 5454 :
1610 5405 1829 5471 sanguis
1863 5403 2121 5455 humidus
2157 5413 2211 5455 ct
2246 5404 2376 5456 cali-

808 5496 930 5560 dus,
966 5496 1078 5549 acri
1111 5514 1122 5549 ε
1158 5497 1289 5548 flava
1319 5497 1440 5550 bilis
1479 5497 1653 5550 calida
1682 5508 1734 5550 et
1760 5497 1936 5561 sicca,
1978 5498 2085 5565 igni
2134 5498 2280 5549 velut
2310 5512 2374 5549 ex

808 5585 1077 5639 diametro
1127 5587 1436 5655 respondet.

882 5678 1065 5744 Itaque
1101 5677 1312 5734 fructus
1352 5694 1413 5731 ex
1440 5680 1754 5743 clementis,
1786 5682 2046 5734 humores
2094 5690 2273 5734 autem
2311 5698 2375 5735 ex

811 5769 1096 5827 fructibus.
1150 5772 1504 5825 animantium
1538 5773 1773 5841 denique
1807 5789 2033 5843 corpora
2066 5789 2129 5825 ex
2186 5774 2373 5828 Immo-

2409 4499 2604 4561 Dsunt
2657 4523 2973 4561 Communes
3017 4525 3029 4558 :

2482 1942 2549 1994 rii
2603 1941 2721 1994 vice
2762 1937 2940 1991 eidem
2990 1940 3329 1990 accrescunt,
3360 1927 3661 1996 appetitus,
3700 1940 3796 1978 seu
3838 1926 4065 1976 animo-

2480 2031 2656 2091 sitas,
2706 2035 2762 2080 ct
2824 2022 3307 2091 concupiscentia,
3366 2018 3563 2073 deinde
3621 2031 3856 2078 sensus,
3939 2023 4060 2067 lum

2480 2122 2699 2175 demum
2732 2119 2794 2171 ad
2834 2134 2947 2171 rem
2985 2115 3327 2182 concupitam
3371 2121 3566 2163 motus.
3618 2108 3823 2162 Sensus
3863 2116 4053 2159 autem

2481 2210 2721 2279 quinque
2754 2217 2913 2271 sunt,
2947 2208 3130 2267 visus,
3164 2204 3396 2256 olfactus
3422 2243 3437 2265 ,
3477 2200 3716 2261 auditus,
3756 2206 3951 2266 gustus
3999 2206 4062 2249 et

2483 2312 2677 2356 tactus.
2706 2300 2934 2356 Concito
2980 2300 3073 2350 illo
3104 2296 3167 2349 ad
3203 2310 3316 2348 rem
3360 2293 3703 2360 concupitum
3749 2298 3901 2340 motu
3961 2285 4058 2353 fit,

2482 2405 2540 2447 ut
2569 2410 2598 2447 e
2630 2394 2749 2446 loco
2776 2392 2827 2444 in
2854 2394 3027 2445 locum
3056 2396 3314 2447 transeat,
3342 2395 3454 2437 toto
3480 2398 3713 2450 corpore
3740 2388 4057 2440 moveatur,

2480 2502 2613 2539 voce
2665 2493 2721 2538 et
2774 2482 3132 2549 resiiiratione
3167 2488 3373 2532 utatur.
3407 2478 3610 2529 Horum
3650 2474 3796 2527 enim
3844 2472 4063 2524 facien-

2480 2580 2673 2633 dorum
2726 2576 2809 2629 vel
2871 2573 3308 2627 omittendorum
3363 2570 3531 2622 libera
3588 2567 3818 2619 facultas
3888 2564 4059 2618 insita

2480 2668 2639 2721 nobis
2669 2674 2771 2720 est.
2814 2664 2947 2731 Ejus
2995 2663 3230 2729 deniqnc
3279 2659 3452 2729 partis
3486 2658 3683 2710 animae
3731 2654 4011 2708 beneﬁcio
4039 2692 4055 2715 ,

2478 2774 2600 2827 qure
2654 2756 2881 2810 rationis
2925 2762 3009 2807 est
3064 2753 3374 2820 particeps,
3437 2747 3645 2801 naturis
3707 2743 4058 2811 incorporeis

2481 2848 2945 2917 intelligentiaque
2983 2842 3224 2912 praeditis
3260 2839 3631 2907 coniungitur,
3677 2852 3799 2889 cum
3834 2834 4056 2902 singula

2481 2940 2789 3009 perpendit,
2824 2937 3075 3004 intelligit
3127 2944 3181 2988 et
3254 2933 3492 3002 iudicat;
3533 2943 3765 2995 rumque
3818 2926 4057 2978 virtutes

2478 3039 2535 3084 et
2565 3029 2828 3096 imprimis
2862 3028 3143 3095 pietatem,
3183 3024 3451 3075 virtutum
3486 3020 3849 3088 colophonem
3881 3058 3895 3077 ,
3931 3031 4055 3069 am-

2481 3121 2754 3189 plectitur.
2787 3118 2901 3183 Qua
2934 3116 3099 3171 etiam
3125 3114 3192 3169 dc
3224 3129 3389 3168 causa
3433 3113 3598 3166 homo
3641 3124 3844 3180 parvus
3891 3123 4059 3162 mun-

2480 3213 2582 3267 dus
2612 3221 2717 3265 est.

3040 3324 3193 3379 CAP.
3248 3321 3484 3376 XLVIII.

2554 3419 2683 3485 Quae
2722 3420 2926 3488 corpori
2963 3427 3011 3470 et
3046 3420 3240 3469 animm
3275 3418 3488 3488 propria
3521 3411 3662 3471 sint,
3698 3426 3817 3476 qua:
3851 3411 3984 3462 item

2973 3489 3182 3554 utrique
3215 3485 3535 3538 communia.

2550 3601 2843 3655 Sciendum
2877 3607 2957 3653 est
2988 3607 3167 3651 autem
3205 3597 3523 3651 sectionem.
3555 3593 3783 3652 ﬂuxum,
3824 3600 3882 3643 et
3933 3606 4057 3643 mu-

2480 3692 2743 3743 tationem
2788 3689 2885 3741 soli
2936 3687 3147 3755 corpori
3199 3685 3512 3738 convenire.
3568 3681 3792 3734 Mutatio
3830 3678 4054 3747 quidem

2480 3780 2757 3850 qualitatis
2784 3790 2886 3844 cst,
2925 3778 3187 3832 nimirum
3213 3776 3432 3840 caloris,
3469 3774 3685 3843 frigoris
3707 3812 3720 3834 ,
3745 3778 3801 3825 et
3825 3779 4059 3824 caetero-

2483 3887 2601 3925 rum
2636 3871 2685 3924 id
2722 3885 2910 3941 genus.

2550 3962 2755 4016 Fluxus
2813 3972 2995 4015 autem
3034 3960 3100 4013 ad
3143 3960 3473 4014 vacuitatem
3520 3957 3858 4011 referendus.
3905 3957 4054 4011 Eva-

2480 4063 2715 4106 Cnantur
2746 4052 2890 4105 enim
2919 4068 3003 4112 ea,
3049 4067 3169 4119 qua:
3196 4051 3337 4103 sicca
3369 4060 3424 4103 et
3455 4048 3671 4102 humida
3703 4058 3852 4103 sunt.
3886 4058 4055 4115 atque

2483 4142 2707 4211 Spiritus
2743 4159 2755 4193 :
2790 4157 3021 4209 quorum
3061 4140 3359 4208 repletione
3389 4154 3585 4206 corpus
3628 4147 3766 4206 eget.
3814 4137 3893 4190 Ev
3942 4153 4057 4205 quo

2481 4236 2541 4287 fit
2578 4242 2634 4285 ut
2676 4234 2844 4286 fames
2889 4243 2943 4285 et
2984 4233 3104 4285 sitis
3139 4231 3483 4284 naturalibus
3533 4229 3918 4283 atl‘ectinnihns
3967 4246 4059 4283 ac-

2481 4339 2829 4381 censeantur.
2863 4326 3069 4379 Animae
3109 4334 3323 4386 autem,
3359 4325 3532 4391 pietas
3581 4332 3636 4376 et
3691 4323 4057 4390 intelligentia

2480 4418 2710 4486 propria:
2745 4426 2889 4469 sunt.
2931 4416 3170 4469 Virtutes
3216 4430 3344 4467 vero
3394 4424 3448 4465 et
3489 4414 3701 4480 corpori
3754 4423 3807 4466 et
3852 4414 4053 4466 aninne

3075 4521 3197 4557 cum
3256 4505 3369 4558 haec
3413 4520 3630 4573 quoque
3692 4505 3757 4555 ad
3807 4503 4052 4555 animum

2476 4600 2779 4654 evehuntur
2804 4611 3055 4667 tauquam
3089 4597 3264 4650 anima
3296 4611 3527 4664 corpore
3568 4594 3847 4648 abutatur.

3066 4731 3214 4786 CAP.
3269 4730 3456 4785 XLIX.

2868 4845 3208 4898 Facultatum
3242 4845 3433 4895 anima:
3466 4843 3666 4895 divisio.

2550 4956 2841 5011 Sciendum
2875 4966 2976 5013 est,
2998 4957 3123 5006 eam
3160 4952 3352 5004 animae
3384 4961 3589 5017 partem
3611 4991 3623 5007 .
3654 4965 3774 5017 quae
3820 4950 4054 5003 rationis

2478 5058 2558 5099 est
2593 5047 2881 5114 particeps,
2914 5045 2962 5097 ci
2999 5058 3260 5111 pra'esse,
3287 5057 3405 5108 quae
3447 5040 3673 5093 rationis
3713 5055 3911 5105 expers
3943 5052 4051 5093 est.

2480 5136 2759 5203 Siquidem
2814 5135 3037 5186 facultas
3080 5131 3272 5184 aninne
3319 5130 3517 5197 duplex
3572 5138 3673 5181 est.
3729 5130 3847 5181 Aiia
3900 5130 4049 5180 enim

2481 5228 2707 5278 rationis
2760 5242 2949 5293 capax,
3008 5225 3108 5275 aha
3158 5222 3335 5275 bruta.
3380 5220 3497 5273 Jam
3551 5220 3723 5271 brutre
3777 5217 4044 5269 iacultatis

2480 5320 2588 5371 duo
2617 5327 2743 5369 sunt
2768 5333 2982 5386 genera.
3023 5315 3194 5367 linum
3226 5329 3432 5373 earum,
3474 5328 3593 5380 qua:
3624 5314 3793 5364 bruta:
3823 5310 4052 5363 omnino

2480 5418 2607 5462 sunt
2643 5423 2741 5459 nec
2790 5406 2984 5458 rationi
3024 5405 3287 5457 ohcdiunt
3321 5421 3334 5456 :
3366 5406 3595 5456 alterum
3649 5418 3840 5455 earum
3865 5442 3879 5464 ,
3930 5416 4053 5468 qua:

2480 5499 2674 5551 rationi
2742 5496 3144 5562 quodammodo
3200 5504 3414 5562 parcnt.
3480 5494 3643 5546 Bruta
3709 5492 3937 5545 omnino
3984 5506 4050 5545 ea

2479 5608 2605 5660 pars
2636 5600 2737 5651 est,
2772 5605 2890 5657 qua:
2925 5587 3102 5640 vitalis
3131 5596 3185 5640 et
3230 5585 3579 5637 constrictiva
3630 5583 3828 5636 dicitur
3849 5606 3875 5644 ,-
3919 5583 4049 5635 item

2482 5679 2821 5748 generatim,
2854 5676 3088 5743 denique
3137 5674 3512 5744 germinativa,
3546 5688 3667 5741 quae
3688 5672 3823 5725 alias
3864 5670 4051 5724 nutri—

2486 5773 2590 5823 εἰη
2625 5778 2865 5825 vocatur.
2899 5768 3010 5824 Sub
3044 5783 3159 5836 qua:
3188 5783 3245 5819 ea
3290 5780 3506 5836 quoque
3541 5763 4051 5833 comprehenditur,
