4274 6382
258 351 393 415 1185

1510 335 1907 399 THESAUHI
1951 337 2098 397 LIB.
2144 335 2230 395 ιι.

3359 324 3492 387 1186

252 476 415 530 quam
457 456 816 531 vegetativam
849 454 1043 524 vulgus
1082 458 1278 513 vocat,
1319 457 1377 504 et
1418 464 1538 519 quae
1587 460 1813 514 corpora
1843 456 1885 513 Α
1920 447 2233 517 teiligentiae
2266 459 2435 515 capax
2464 451 2572 506 cst,
2591 454 2755 512 quem
2787 438 3237 509 αὐτοάνθρωπον,
3270 435 3376 491 hoc
3415 446 3502 492 est

253 551 523 606 eﬂ'orinat.
555 548 676 602 Hzec
720 548 866 600 enim
910 556 1020 596 non
1064 540 1273 593 ratione
1299 577 1313 599 ,
1360 534 1454 591 sed
1490 545 1686 588 natura
1735 547 1823 584 re-

254 651 476 713 guntur.
511 640 640 710 Ejus
682 650 865 692 autem
918 648 1038 702 qua:
1087 630 1282 685 rationi
1326 638 1481 698 paret
1526 625 1647 678 dum
1691 631 1820 676 sunt

254 732 501 801 species,
547 732 819 798 cupid.tas
858 736 912 780 et
962 723 1298 778 animOsitas.
1345 721 1611 772 Caeterum
1662 716 1820 768 bruta

256 824 346 878 illa
381 840 501 893 pars
545 825 738 875 animte
772 822 931 887 vulgo
962 816 1269 869 aﬂ‘ectativa
1295 821 1351 865 et
1402 809 1695 877 appetitiva
1744 806 1825 859 di-

254 916 419 970 citur.
452 916 742 968 Sciendum
782 921 1040 981 prtctcrea
1074 918 1177 968 est,
1204 906 1267 957 ad
1300 901 1493 955 rationi
1540 910 1819 969 parentem

255 1007 430 1059 brulze
456 1006 727 1059 fueultatis
764 1004 955 1054 animae
985 1012 1215 1069 partem,
1238 996 1384 1047 illum
1420 1009 1639 1061 quoque
1686 1008 1821 1045 con-

254 1098 423 1151 citum
458 1098 522 1149 ad
560 1110 673 1147 rem
704 1102 939 1161 optatam
969 1097 1173 1142 motum
1206 1086 1392 1139 referri
1430 1086 1626 1138 solere.

900 1223 1049 1278 CAP.
1105 1222 1172 1277 L.

254 1344 421 1400 Plura
450 1346 514 1398 de
540 1358 755 1412 corpore
782 1350 830 1393 et
855 1340 1056 1393 anima.
1094 1338 1167 1390 De
1200 1338 1391 1412 animi:
1421 1330 1825 1387 immortalitate

468 1425 517 1466 et
556 1408 774 1470 natura.
803 1419 1064 1481 quatenus
1099 1411 1303 1472 corpori
1325 1408 1611 1474 jungatur.

328 1525 709 1579 lmmortalitas
739 1524 942 1577 homini
992 1520 1258 1590 acquisita
1294 1524 1410 1576 i-st,
1439 1516 1530 1583 qui
1576 1511 1825 1579 quamvis

256 1617 331 1673 sit
369 1617 688 1670 naturaliter
730 1616 1011 1675 mortalis,
1044 1613 1239 1663 animae
1287 1618 1462 1659 tamen
1512 1603 1824 1672 pnestantia

256 1709 611 1775 consequitur
642 1718 697 1758 ut
723 1704 1123 1759 immortalibus
1145 1699 1403 1754 assideat.
1430 1699 1598 1765 Igitur
1627 1696 1822 1746 anima:

1924 540 2095 609 ipsum
2132 555 2225 593 seu
2260 538 2560 607 perfectum
2596 534 2866 589 hominem
2906 534 2939 584 ii
2970 540 3201 593 vocant,
3245 532 3338 599 qui
3374 530 3499 584 for-

1923 646 2133 683 marum
2162 630 2630 698 Speculationibus
2675 625 2874 680 addicti
2916 632 3064 677 sunt.
3108 624 3279 676 llomo
3313 623 3499 688 itaque

1924 723 2118 789 triplex
2147 731 2251 775 est.
2282 721 2431 776 Unus
2482 720 2701 787 quidem
2750 715 2935 785 νοερὸς
2984 715 3356 783 intelligentia:
3404 728 3501 766 ca-

1925 829 2061 882 pax,
2093 813 2245 880 isque
2288 812 2596 865 uniformis.
2640 811 2787 863 Alter
2831 824 2962 863 vero
3006 810 3220 872 λογικὸς
3272 808 3500 867 rationis
3540 871 3548 875 η

1927 907 2235 974 particeps,
2294 906 2447 973 isquo
2504 905 2811 971 tripartitus
2860 913 2915 955 et
2970 903 3168 971 triplici
3238 902 3499 954 facultate

1927 999 2204 1066 pnedilus.
2256 998 2474 1052 Tertius
2537 999 2772 1065 denique
2832 999 3193 1064 αἰσθητικδς,
3248 995 3501 1048 sensibus

1924 1089 2193 1152 addictus,
2249 1090 2401 1157 isque
2446 1090 2799 1143 multiformis
2837 1099 2891 1143 et
2935 1095 3134 1143 varius.
3185 1088 3243 1140 l:l
3295 1100 3500 1155 porro,

1925 1184 2067 1249 quod
2103 1183 2464 1234 ratiocinator
2493 1192 2547 1234 et
2577 1185 3002 1250 contemplatur,
3030 1197 3129 1235 nos
3157 1181 3260 1248 ipsi
3286 1192 3497 1232 sumus.

1923 1274 2034 1327 Nec
2067 1274 2212 1327 enim
2248 1273 2544 1341 quidquam
2596 1275 2741 1328 inter
2779 1290 2879 1329 nos
2923 1282 2980 1328 et
3029 1277 3265 1327 animam
3304 1272 3500 1325 discri—

1925 1365 2087 1418 minis
2123 1373 2226 1416 est.

2550 1472 2703 1527 CAP.
2741 1476 2870 1529 Lili.

1925 1564 2005 1618 De
2041 1573 2214 1637 mente
2239 1576 2292 1619 et
2322 1565 2535 1628 anima,
2572 1566 2893 1629 (Cra’cornm
2929 1566 3130 1632 aliquot
3169 1567 3473 1637 philosopho

1961 1650 2077 1685 rum
2107 1635 2170 1687 de
2200 1637 2392 1686 anima:
2420 1645 2468 1686 et
2501 1639 2733 1705 corporis
2768 1638 3130 1704 conjunctione
3158 1635 3477 1703 sententiis.)

256 1764 471 1857 natura:
506 1808 564 1851 ut
598 1797 920 1866 quibusdam
950 1795 1172 1862 placuit,
1207 1790 1447 1860 perfecta
1480 1788 1599 1854 ejus
1629 1785 1819 1853 ipsius.
1856 1788 1897 1841 Β
1994 1766 2073 1866 Εξ
2110 1766 2413 1866 sapientum
2452 1764 2765 1865 Crmcorum
2811 1783 3043 1821 numero
3087 1768 3239 1821 Plato
3277 1769 3499 1837 quidem

257 1901 313 1943 et
362 1890 702 1942 dimensione
760 1903 953 1939 carens
998 1883 1232 1938 essentia
1280 1890 1362 1933 est
1392 1896 1405 1931 :
1438 1894 1557 1945 qua:
1604 1876 1820 1943 corpori

259 1991 514 2049 tanquam
541 1979 725 2031 currui
753 1977 967 2030 insidet.
1000 1975 1136 2040 Quia
1186 1986 1312 2025 vero
1360 1971 1468 2022 vita
1518 1970 1617 2021 toti
1676 1966 1826 2019 suﬂi-

260 2072 477 2133 cicnda,
512 2083 567 2122 et
604 2071 717 2121 suis
747 2069 795 2120 id
839 2068 987 2119 velut
1017 2064 1228 2132 angulis
1257 2055 1823 2113 circumscribendum

257 2173 364 2224 est,
397 2178 457 2215 ea
485 2165 552 2214 de
577 2176 735 2213 CauSa
768 2160 942 2226 ipsum
971 2164 1235 2225 permeat,
1265 2155 1368 2204 hoc
1417 2160 1503 2202 est
1535 2147 1820 2207 dividitur,

255 2262 313 2307 et
355 2266 451 2322 per
484 2253 723 2318 singulas
752 2250 868 2318 ejus
902 2255 1085 2315 partes
1108 2242 1455 2297 diffunditur.
1494 2236 1821 2307 profundum

253 2343 374 2413 ejus
410 2351 464 2395 et
495 2340 840 2408 superﬁciem
865 2352 930 2389 ex
962 2349 1122 2401 aequo
1150 2332 1416 2389 animans.
1452 2338 1613 2396 atque
1644 2328 1820 2395 ipsum

256 2432 475 2504 quidem
511 2433 613 2484 sibi
658 2431 759 2498 ipsi
803 2425 1241 2487 circumscribit,
1277 2422 1329 2476 ei
1358 2432 1539 2473 autem
1585 2417 1821 2484 seipsam

253 2524 424 2576 certis
451 2521 652 2573 ﬁnibus
679 2518 1076 2571 accommodat.

899 2631 1047 2687 CAP.
1090 2631 1177 2685 ιι.

253 2752 388 2811 Item
433 2753 496 2805 de
533 2752 735 2804 anima.
773 2747 1089 2817 Angelorum
1126 2755 1172 2796 et
1208 2744 1510 2797 animarum
1545 2744 1823 2797 creationis

966 2820 1120 2869 ratio.

328 2931 445 2985 Una
478 2946 600 2984 cum
632 2928 1001 2996 angelicorum
1040 2926 1259 2992 quidem
1302 2924 1554 2977 ordinum
1602 2925 1781 2991 specie
1805 2961 1819 2986 ,

253 3022 659 3079 individuorum
690 3035 902 3087 quoque
934 3034 1198 3070 numerus
1226 3018 1275 3066 in
1314 3018 1485 3083 prima
1521 3016 1607 3067 illa
1663 3030 1820 3066 inun-

252 3115 309 3170 ἁὶ
364 3116 641 3167 creatione
686 3114 987 3177 completus
1048 3124 1166 3161 esse
1217 3108 1394 3160 fertur
1442 3124 1453 3157 :

251 3217 434 3263 autem
463 3220 724 3257 numerus
764 3219 791 3254 a
823 3214 1069 3256 creatore
1101 3201 1275 3252 Verbo
1324 3199 1443 3265 (cui
1492 3202 1624 3251 nihil
1670 3202 1819 3250 lutu-

253 3318 376 3356 rum
429 3314 521 3354 aut
566 3312 853 3354 venturum
909 3305 1018 3357 est,
1078 3297 1170 3349 sed
1229 3294 1408 3346 omnia
1477 3293 1819 3361 perspicuam

251 3403 500 3447 naturam
528 3393 723 3458 adepta
758 3388 925 3455 sunt)
962 3387 1260 3454 productus
1294 3386 1515 3452 quidem
1555 3399 1672 3437 esse
1705 3399 1821 3451 per-

251 3481 494 3539 hibetur,
534 3489 588 3533 at
634 3495 739 3530 non
774 3494 877 3528 una
928 3491 1050 3527 cum
1101 3488 1282 3526 rerum
1330 3473 1680 3525 universitate
1721 3473 1818 3524 de-

250 3580 557 3638 proniptus,
612 3568 719 3619 imo
764 3566 867 3616 illo
900 3578 965 3615 ex
1017 3562 1190 3615 nihilo
1220 3571 1446 3624 creaue,
1498 3569 1552 3612 ct
1603 3575 1815 3621 eorum,

249 3660 343 3729 qui
372 3676 403 3712 a
440 3658 626 3711 mundi
655 3656 952 3725 primordio
993 3654 1057 3705 ad
1099 3653 1244 3704 hunc
1279 3668 1449 3719 usque
1486 3651 1629 3702 diem
1667 3656 1818 3703 vixe-

250 3762 413 3811 runt,
443 3750 761 3813 corporibus
801 3744 992 3799 infusae
1037 3745 1206 3796 luisse
1238 3761 1251 3795 :
1285 3749 1449 3811 atque
1496 3742 1549 3794 in
1581 3742 1702 3797 dies
1730 3742 1815 3795 in-

249 3842 404 3896 fundi
443 3841 714 3893 feruntur.

869 3970 1018 4026 CAP.
1080 3970 1191 4024 Lll.

285 4092 415 4149 Item
446 4091 507 4141 de
541 4088 738 4140 anima.
776 4084 985 4150 Triplex
1024 4086 1216 4133 anitum
1249 4083 1480 4150 affectio,
1523 4081 1781 4151 triplicem

695 4170 897 4221 quoque
927 4155 1184 4205 hominem
1216 4154 1363 4218 facit.

318 4273 537 4342 Triplex
571 4283 732 4338 porro
770 4274 853 4319 est
881 4266 1072 4318 animae
1095 4265 1331 4323 aﬂectio.
1360 4265 1629 4332 siquidem
1668 4266 1812 4335 quod

247 4374 303 4425 in
340 4370 427 4422 illa
460 4378 729 4418 summum
766 4370 886 4419 est,
921 4367 976 4410 et
1000 4372 1123 4409 cum
1174 4359 1337 4409 rebus
1381 4373 1501 4425 qua:
1536 4358 1810 4413 intellectu

1927 1866 1983 1909 et
2033 1854 2353 1908 Aristoteles
2403 1855 2638 1906 animam
2694 1872 2921 1924 corpore
2985 1867 3241 1926 tanquam
3298 1858 3504 1911 instru-

1928 1954 2114 1997 mento
2149 1945 2226 1995 uti
2262 1954 2507 1996 censent.
2546 1946 2707 1999 Decet
2739 1948 2909 2008 enim,
2944 1949 3123 2015 inquit
3156 1949 3499 2015 Aristotcles,

1928 2046 1987 2091 ut
2040 2051 2130 2089 ars
2182 2035 2298 2087 suis
2358 2038 2775 2095 inStrumentis.
2819 2038 2998 2090 anima
3049 2048 3228 2090 autem
3271 2053 3502 2108 corpore

1926 2138 2132 2180 utatur.
2209 2128 2554 2197 Peripatetici
2606 2126 2735 2179 vero
2792 2127 3104 2195 philosophi
3169 2128 3315 2181 illam
3391 2145 3502 2182 non

1924 2233 2083 2272 secus
2130 2227 2297 2286 atque
2341 2220 2574 2271 fortnam
2624 2218 2851 2269 materia
2890 2228 3231 2271 constantem
3283 2218 3501 2288 corpori

1924 2316 2279 2363 commiscent
2310 2318 2367 2363 et
2402 2310 2702 2378 implicant.

1993 2401 2288 2457 Cleanthes
2338 2403 2483 2455 illam
2530 2402 2694 2455 etiam
2730 2415 2929 2469 corpus
2971 2415 3092 2454 esse
3141 2400 3500 2465 demonstrat,

1926 2508 2045 2561 qua:
2098 2502 2280 2545 tamen
2329 2492 2626 2560 aliquando
2655 2490 2724 2543 ab
2767 2505 2833 2544 eo
2864 2490 3010 2558 quod
3061 2489 3166 2543 sub
3214 2502 3500 2560 aspectum

1925 2585 2070 2639 cadit
2102 2585 2342 2652 separari
2378 2595 2567 2651 queat.

1994 2676 2243 2729 Plotinus
2298 2685 2483 2728 autem
2541 2675 2689 2727 illam
2744 2673 2812 2727 ad
2868 2674 3117 2741 corporis
3177 2673 3499 2732 affectiones

1922 2766 2237 2817 subeundas
2271 2765 2688 2831 haudquaquam
2713 2762 2854 2830 adigi
2888 2774 3080 2814 auctor
3112 2770 3214 2824 est,
3250 2762 3497 2830 quando-

1923 2856 2144 2922 quidem
2173 2870 2273 2907 nec
2304 2854 2413 2906 ullo
2446 2869 2683 2921 unquam
2716 2853 2829 2905 fieri
2867 2853 3026 2904 modo
3059 2861 3242 2921 queat,
3278 2862 3335 2905 ut
3365 2853 3499 2905 arti-

1922 2944 2010 2997 fex
2069 2945 2564 2996 instrumentorum
2614 2943 2936 2996 affectiones
2992 2944 3199 2996 induat.
3266 2945 3500 2999 Necesse

1926 3048 2108 3090 autem
2143 3046 2255 3099 est,
2290 3037 2398 3093 ait.
2442 3045 2500 3086 ut
2545 3048 2709 3087 sensu
2744 3043 2953 3087 utatur.
3000 3034 3155 3100 Quod
3191 3036 3338 3088 enim
3375 3051 3499 3090 cor-

1514 3122 1816 3159 θ¹¹¹¹¹¹³τ¹¹¹⁰
1846 3144 1888 3197 C
1924 3143 2053 3197 pore
2092 3130 2231 3190 agit,
2305 3142 2333 3178 a
2362 3139 2525 3178 sensu
2567 3125 2856 3193 adjuvatur
2890 3143 2902 3177 :
2964 3137 3021 3179 ut
3056 3129 3175 3193 ejus

1809 3124 1888 3197 ἐ
1924 3143 2053 3197 pore
2092 3130 2231 3190 agit,
2305 3142 2333 3178 a
2362 3139 2525 3178 sensu
2567 3125 2856 3193 adjuvatur
2890 3143 2902 3177 :
2964 3137 3021 3179 ut
3056 3129 3175 3193 ejus
3226 3126 3497 3180 beneficio

1924 3228 2145 3272 externa
2185 3228 2238 3273 et
2266 3220 2565 3273 adventitia
2600 3227 2913 3285 cognoscat.
2955 3217 3071 3270 Jam
3113 3218 3157 3270 si
3190 3222 3370 3271 anima
3417 3221 3500 3271 in-

1925 3324 2187 3377 eorporea
2226 3320 2328 3372 est,
2368 3311 2509 3362 illam
2552 3325 2830 3376 corporea:
2862 3308 3179 3361 aﬂ'ectzones
3213 3309 3497 3377 haudqua-

1922 3416 2083 3468 quam
2116 3402 2519 3467 penetrabant:
2556 3403 2704 3468 quod
2738 3400 2782 3451 si
2817 3401 3037 3451 veniant
3071 3400 3493 3469 haudquaquam

1922 3492 1976 3545 in
2026 3494 2146 3557 ejus
2206 3494 2537 3555 essentiam,
2581 3492 2675 3545 sed
2728 3501 2942 3545 tantum
2996 3492 3052 3544 in
3119 3491 3405 3546 facultates
3439 3502 3495 3547 et

1920 3585 2165 3638 actiones
2193 3586 2311 3655 ejus
2350 3584 2595 3638 venient.

2536 3697 2685 3752 CAP.
2727 3696 2856 3750 LIV.

1920 3810 1998 3863 De
2028 3813 2231 3864 animo.
2259 3810 2463 3863 Misceri
2496 3826 2611 3878 qua:
2641 3810 2905 3867 dicantur,
2941 3816 2990 3859 et
3017 3808 3275 3876 quomodo
3311 3810 3491 3864 anima

2376 3881 2578 3948 ιονρυνὶ
2613 3882 3033 3931 cainmisceatur.

1990 3994 2201 4047 Misceri
2238 3992 2498 4045 dicuntur
2536 4008 2621 4051 ea.
2654 4007 2776 4059 qua:
2819 3989 3245 4044 commiscentur
3274 3998 3328 4044 et
3359 4006 3491 4045 con-

1916 4086 2223 4140 funduntur
2263 4088 2409 4139 inter
2450 4101 2530 4143 se.
2574 4093 2633 4137 ut
2671 4100 2759 4137 res
2790 4083 3027 4137 humida:
3070 4084 3153 4137 vel
3193 4084 3491 4151 implicitae,

1918 4188 1975 4232 ut
2008 4194 2102 4230 aer
2134 4188 2189 4230 et
2214 4178 2397 4231 lumen
2425 4194 2437 4241 ;
2484 4178 2566 4229 vel
2604 4188 2660 4229 ut
2693 4177 2886 4237 forma,
2922 4190 3041 4244 qua:
3072 4191 3101 4228 a
3148 4177 3372 4228 materia
3405 4189 3494 4228 se-

1917 4269 2099 4337 parari
2137 4284 2243 4321 non
2292 4276 2489 4334 potest.
2533 4267 2688 4332 Quod
2722 4268 2767 4321 si
2813 4280 2871 4319 se
2906 4267 2989 4319 vel
3033 4265 3307 4319 tantillum
3352 4281 3489 4319 con—

1920 4362 2165 4430 tingant,
2219 4363 2458 4416 essentia
2504 4362 2730 4429 quidem
2782 4370 3142 4430 separantur,
3178 4360 3490 4415 actionibus

251 4459 651 4532 percipiuntur.
688 4450 1064 4520 cognationem
1100 4448 1261 4501 habet
1288 4487 1301 4509 ,
1329 4450 1513 4515 νόησις
1539 4490 1553 4513 ,
1583 4466 1678 4503 seu
1725 4452 1809 4504 in-
1845 4468 1887 4522 υ
1917 4467 2049 4506 vero
2088 4455 2536 4506 commisrentur.
2591 4452 2720 4518 Quae
2755 4469 2841 4507 res
2878 4452 3229 4506 Aristotelem
3264 4468 3486 4521 quoque

246 4555 543 4619 telligentia
598 4545 952 4596 nominatur:
989 4539 1133 4606 quod
1186 4555 1315 4591 vero
1359 4550 1700 4605 extremum.
1756 4553 1810 4597 ct

244 4656 499 4711 ιειιηιιςιιιι
529 4651 719 4690 eorum
763 4648 881 4699 qua:
919 4632 1020 4682 sub
1066 4646 1283 4683 sensum
1331 4635 1529 4685 cadunt
1558 4673 1573 4692 ,
1617 4649 1809 4689 Sensus

242 4732 550 4790 communis
587 4725 871 4780 benelicio.
902 4736 1134 4791 gnoniou
1164 4734 1218 4773 et
1262 4726 1442 4791 regula
1482 4734 1564 4776 est
1590 4763 1604 4786 ,
1656 4725 1805 4788 δυξι,

241 4842 338 4880 seu
391 4823 598 4890 opinio.
655 4818 858 4869 dicitur
893 4832 905 4867 :
938 4815 1082 4882 quod
1136 4814 1371 4881 denique
1426 4815 1807 4868 intermedium

242 4927 359 4970 est.
394 4924 556 4979 atque
584 4913 652 4961 ita
678 4916 1072 4971 comparatum.
1104 4914 1162 4955 ut
1191 4906 1346 4957 modo
1378 4920 1612 4965 sursum,
1647 4907 1809 4959 modo

247 5007 504 5060 deorsum
532 4999 761 5059 feratur,
781 4989 1007 5055 διάνοια,
1046 5008 1141 5063 seu
1171 4997 1424 5062 cogitatio
1455 4997 1597 5047 dicta
1630 5005 1732 5049 est.

311 5095 489 5162 Atque
537 5092 621 5144 bis
668 5088 870 5141 finibus
918 5086 1118 5149 homo,
1157 5101 1252 5140 seu
1312 5086 1548 5140 hominis
1581 5088 1806 5157 opinio,

242 5185 613 5255 exspatiatur,
658 5189 881 5247 tumque
915 5179 1134 5232 demum
1165 5178 1362 5231 animal
1403 5178 1605 5232 evadit.
1646 5178 1809 5248 Cogi-

244 5277 379 5333 tatio
408 5274 553 5329 enim
607 5273 889 5340 multiplex
932 5269 1180 5338 quaedam
1224 5277 1418 5323 natura
1463 5280 1566 5325 est.
1603 5271 1804 5326 Intelli-

246 5366 427 5438 gentia
478 5377 609 5418 vero
647 5360 948 5416 divinitatis
991 5368 1075 5415 est
1113 5361 1407 5429 particeps.
1460 5361 1596 5418 Cum
1663 5365 1806 5418 enim

241 5457 515 5527 cupiditas
562 5453 855 5520 multiceps
885 5451 1158 5520 quoddam
1199 5452 1441 5517 animal,
1489 5453 1808 5509 animositas

239 5561 422 5606 autem
471 5547 685 5602 leonina
735 5546 808 5599 sit
856 5544 1048 5597 :ratio
1105 5544 1219 5598 sola
1281 5544 1555 5601 hominem
1615 5563 1805 5602 verum

240 5640 547 5701 constituit.
580 5651 691 5707 quo
721 5645 899 5689 tamen
933 5635 1071 5688 alius
1104 5651 1319 5705 quoque
1359 5638 1596 5693 divinior
1642 5641 1808 5694 homo

239 5736 528 5800 veriorque
560 5727 1008 5797 deprehenditur,
1040 5728 1289 5799 quisquis
1337 5730 1517 5800 νοερὸς
1541 5770 1557 5797 ,
1587 5748 1681 5789 seu
1720 5736 1806 5790 in-

1914 4546 2203 4611 permovit,
2239 4545 2539 4613 utduplice
2563 4564 2590 4594 ιι
2622 4546 2855 4597 animam
2889 4558 3009 4596 csse
3040 4543 3280 4596 diceret:
3316 4559 3477 4596 unam

1912 4636 2156 4703 quidem,
2191 4653 2366 4704 quaaa
2412 4653 2640 4706 corpore
2696 4643 3008 4702 separetur,
3064 4636 3298 4689 alteram
3352 4649 3488 4689 vero

1912 4744 2034 4795 qua:
2113 4729 2165 4780 in
2246 4744 2478 4797 corpore
2542 4730 2825 4782 subsistat.
2888 4729 2962 4782 Ea
3038 4742 3206 4796 porro
3292 4728 3487 4781 animas

1912 4821 2106 4882 forma,
2142 4836 2262 4887 qua:
2286 4824 2502 4890 corpori
2536 4823 2697 4883 inest,
2731 4820 3079 4873 instrumenti
3115 4820 3287 4871 vicem
3319 4821 3482 4887 gerit,

1914 4927 2022 4980 quo
2064 4911 2128 4964 ad
2157 4913 2499 4980 superiorem
2531 4912 2768 4965 animam
2814 4911 2960 4979 regia
2990 4909 3249 4963 facultate
3284 4908 3484 4978 praedi-

1916 5013 2022 5054 tam
2074 5002 2432 5056 subvehatur.
2499 5004 2766 5055 Caeterum
2820 5002 3002 5054 anima
3071 5016 3193 5068 qure
3261 4998 3481 5067 corpori

1912 5093 2074 5153 inest,
2110 5094 2529 5163 haudquaquam
2566 5093 2670 5147 sub
2714 5108 2937 5146 sensum
2966 5091 3148 5145 cadit:
3203 5091 3478 5158 siquidem

1912 5185 2128 5255 corpori
2181 5184 2469 5239 commista
2505 5192 2620 5249 est,
2666 5183 2761 5239 sed
2796 5184 2975 5253 ipsum
3020 5195 3222 5250 corpus
3268 5180 3478 5234 anima-

1914 5284 2049 5331 tum.
2089 5275 2299 5344 Corpus
2332 5275 2476 5328 enim
2507 5277 2704 5328 animae
2750 5272 3017 5328 beneﬁcio
3050 5285 3275 5331 Sensus.
3310 5286 3479 5341 appe-

1912 5369 2064 5433 titus,
2097 5378 2151 5423 et
2180 5377 2499 5421 eaeterarum
2538 5365 2888 5421 aﬂ‘ectionum
2923 5355 3198 5434 particeps
3222 5371 3325 5417 est.

1983 5461 2134 5515 Plato
2182 5468 2361 5513 autem
2403 5474 2588 5512 veram
2637 5456 2830 5512 animae
2874 5455 3169 5509 essentiam
3211 5469 3253 5506 ai
3294 5453 3471 5522 seipsa

1912 5554 2221 5624 dependere
2260 5551 2469 5606 scribit.
2510 5548 2664 5615 Quod
2696 5549 2841 5603 enim
2882 5547 2938 5601 in
2973 5546 3082 5600 alio
3104 5538 3374 5607 subsistit,
3417 5542 3474 5599 id

1908 5645 2217 5701 essentialis
2245 5642 2526 5714 qualitatis
2555 5641 2801 5703 formam,
2828 5651 2937 5691 non
2964 5644 3146 5691 autem
3174 5634 3470 5689 essentiam

1912 5736 2170 5807 appellat.
