4274 6382
798 397 932 461 1187

1421 514 1570 569 CAP.
1612 515 1717 568 LV.

1073 604 1145 656 De
1170 605 1371 659 anima.
1410 608 1487 659 Αιι
1518 608 1698 659 anima
1730 606 1796 659 sit
1820 606 2054 673 patibilis
2075 612 2100 663 ?

864 718 995 783 Qua:
1027 718 1244 785 corpori
1296 720 1656 783 inestanima,
1694 729 1785 772 aut
1825 735 2056 790 corpore
2108 731 2362 792 tanquam

795 808 1159 861 instrumento
1211 810 1407 868 utitur,
1444 817 1539 860 aut
1567 808 1635 861 ab
1672 809 1766 861 illo
1820 810 2205 879 inseparabilis
2256 821 2361 866 est.

791 896 909 950 Jam
950 899 995 953 si
1041 900 1192 968 prius
1222 899 1565 959 admittatur,
1620 900 2038 972 haudquaquam
2069 902 2135 955 ad
2170 917 2366 969 corpo-

793 1004 916 1043 reas
950 990 1265 1043 aﬂ‘ectioues
1321 988 1634 1043 subeundas
1680 992 1859 1043 anima
1895 993 2147 1058 cogitur:
2206 994 2290 1043 sin
2332 1006 2363 1044 a

792 1090 1020 1143 corpore
1049 1074 1288 1142 separari
1325 1090 1431 1126 non
1466 1084 1663 1143 potest,
1697 1086 1755 1128 ut
1778 1076 2099 1143 impatibilis
2124 1085 2361 1141 maneat,

796 1167 838 1219 si
903 1183 1103 1235 corpus
1170 1168 1294 1221 mali
1344 1168 1475 1236 quid
1536 1169 1796 1236 patiatur.
1864 1166 2360 1233 Quemadmodum,

793 1258 945 1310 verbi
985 1259 1179 1325 gratia,
1220 1268 1430 1325 mutato
1473 1274 1619 1321 aere,
1661 1259 1843 1313 lumen
1879 1276 1985 1313 non
2016 1262 2219 1313 moveri
2257 1275 2363 1313 non

792 1357 989 1402 potest.
1043 1349 1157 1401 Jam
1187 1348 1229 1402 si
1263 1349 1443 1401 anima
1485 1349 1657 1401 lorma
1693 1348 1764 1402 sit
1796 1350 2111 1411 materialis,
2150 1358 2364 1401 utrum-

790 1454 894 1503 que
936 1449 1081 1492 certe
1115 1440 1460 1506 ennjunelum
1501 1448 1653 1508 aget,
1688 1450 1742 1492 et
1768 1441 2021 1507 patietur,
2060 1440 2240 1491 anima
2273 1455 2365 1492 ve-

795 1545 853 1581 ro
913 1545 1018 1580 mm
1074 1530 1225 1581 item.
1286 1529 1419 1582 Nam
1457 1546 1556 1583 nec
1616 1531 1668 1583 in
1713 1528 1892 1583 securi
1952 1528 2124 1597 ﬁgura
2184 1530 2361 1582 solum

791 1629 956 1677 secat.
989 1618 1081 1672 sed
1129 1628 1302 1675 totum
1339 1638 1540 1691 corpus
1572 1623 1759 1681 simul,
1795 1620 2002 1673 ferrum
2038 1620 2245 1674 scilicet
2289 1620 2361 1674 ita

788 1711 1154 1765 cﬂ'orniatum.
1213 1712 1304 1766 Sin
1354 1724 1532 1766 autem
1581 1715 1759 1765 anima
1794 1710 1967 1765 forma
2010 1713 2081 1765 sit
2121 1712 2363 1765 materia:

789 1822 1013 1875 expers,
1050 1806 1166 1859 licri
1203 1824 1309 1859 non
1345 1816 1544 1873 potest,
1580 1816 1636 1859 ut
1664 1806 1981 1860 aﬂectiones
2013 1813 2066 1856 et
2100 1805 2364 1873 cognitio-

2021 402 2313 463 NiCET.F.
2348 405 2751 465 CiIONIATE

2390 531 2433 583 Α
2465 527 2571 589 qua
2605 520 2664 575 ﬁt
2703 527 2761 574 ut
2809 535 2915 574 non
2957 521 3420 590 quemadmodum
3453 526 3712 593 solemus,
3738 543 3805 583 ex
3840 530 4059 598 imper-

3878 415 4027 478 1188

2465 608 2702 665 lectione
2736 610 2801 663 ad
2852 610 3246 678 perfectionem
3295 615 3739 683 progrediantur,
3777 634 3876 689 pro
3920 637 4057 675 mo-

2463 699 2594 752 dulo
2628 700 2868 765 virtutis,
2906 718 3025 771 qua:
3069 704 3263 759 anima:
3303 706 3463 760 insita
3496 709 3585 772 sit,
3642 710 3709 762 ad
3763 713 4042 766 rationem

2464 790 2664 845 divina:
2713 792 2857 847 illius
2908 794 3284 849 similitudinis
3333 800 3818 868 consequendam:
3873 805 4051 873 legis-

2464 883 2604 936 lator
2662 890 2843 936 autem
2889 888 3124 939 animam
3186 886 3254 939 ad
3302 888 3588 957 imaginem
3646 892 3740 945 Dei
3796 906 4049 947 creatam

2464 986 2585 1024 esse
2648 972 2747 1036 ait,
2796 974 2984 1027 eadem
3037 989 3263 1041 prorsus
3304 976 3533 1038 ratione,
3576 995 3679 1047 qua
3713 982 3891 1050 pictor
3941 985 4052 1035 ali-

2466 1062 2592 1129 quis
2652 1063 2937 1130 imaginem
3004 1069 3243 1137 aliquam
3302 1069 3368 1121 ad
3424 1072 3753 1140 exemplaris
3808 1074 4051 1128 fortnam

2464 1153 2717 1223 eifmgere
2772 1156 2991 1209 dicitur.
3055 1160 3259 1229 Estque
3323 1161 3426 1215 hoc
3491 1170 3545 1215 et
3596 1163 3796 1217 dicitur
3865 1168 4047 1232 prima

2468 1243 2665 1314 imago,
2700 1256 2861 1314 atque
2894 1248 3288 1316 immediatum,
3322 1264 3380 1305 nt
3416 1255 3487 1305 ita
3518 1254 3716 1316 dicam,
3753 1259 4047 1323 spectandi

2464 1337 2737 1406 archetypi
2789 1354 2885 1391 seu
2940 1340 3269 1408 exemplaris
3322 1343 3548 1397 idolum.
3603 1344 3695 1398 Est
3747 1360 3876 1399 vero
3935 1349 4048 1401 alia

2470 1437 2689 1493 quoque
2721 1426 3042 1489 similitudo,
3079 1427 3334 1481 nimirum
3365 1432 3601 1485 secunda
3631 1433 3881 1501 imaginis
3914 1436 4047 1487 imio

2465 1512 2613 1563 talio.
2654 1513 2917 1578 Quocirca
2961 1517 3047 1569 illa
3097 1516 3317 1585 quidem
3365 1523 3714 1589 exemplaris,
3760 1525 3874 1579 haec
3907 1541 4047 1578 vero

2466 1601 2718 1671 imaginis
2768 1608 2945 1675 imago
2977 1608 3207 1662 (IICHUI'.
3253 1609 3455 1664 Eadem
3488 1626 3620 1681 ergo
3655 1616 3861 1671 ratione
3894 1618 4047 1671 Deus

2463 1708 2677 1761 quoque
2715 1694 2910 1749 animae
2950 1699 3300 1769 archetypum
3332 1711 3435 1765 est,
3473 1704 3777 1759 rationibus
3801 1708 4043 1776 quihus-

2465 1778 2593 1834 dam'
2644 1783 3050 1849 ineﬂ‘abilibus,
3104 1799 3163 1841 ut
3229 1801 3419 1844 auctor
3468 1803 3552 1847 est
3612 1794 3804 1856 Moses,
3853 1799 4044 1852 anima

792 1913 889 1950 nes
927 1898 1235 1964 hujus:nodi
1287 1899 1559 1959 admittat,
1616 1899 1816 1967 quibus
1878 1897 2127 1965 corporis
2196 1897 2363 1949 inter—
2395 1861 2433 1913 Β

2395 1861 2433 1913 Β
2463 1882 2646 1925 autem
2686 1876 2953 1943 corporis.
3007 1875 3119 1929 Etsi
3164 1879 3311 1932 enim
3356 1896 3551 1950 expers
3579 1884 3816 1937 materia!
3852 1888 4043 1940 anima

788 1991 952 2034 ventu
988 1983 1220 2036 olmoxia
1254 1975 1375 2039 esse
1424 1985 1582 2038 solet.
1641 1986 1976 2039 AEectiones
2031 2001 2219 2053 porro,
2276 1985 2362 2038 vel

790 2084 984 2125 sensus
1022 2074 1241 2141 quidam
1275 2085 1402 2127 sunt
1432 2076 1515 2127 vel
1547 2076 1737 2129 saltem
1772 2092 1936 2130 sensu
1970 2092 2077 2128 non
2111 2087 2316 2129 carent.

1414 2184 1565 2239 CAP.
1607 2185 1738 2239 LVI.

898 2295 973 2348 De
999 2297 1200 2349 animo.
1241 2296 1547 2368 Affectiones
1575 2300 1767 2352 anima?
1790 2299 1853 2351 ab
1885 2299 1998 2368 ejus
2033 2300 2257 2353 essentia

1305 2366 1500 2436 colligi,
1532 2384 1635 2421 non
1660 2378 1865 2422 contra.

862 2477 921 2530 In
976 2478 1329 2531 mathematis
1363 2479 1617 2545 quidem,
1677 2495 1774 2534 seu
1820 2479 2149 2549 disciplinis,
2210 2490 2363 2534 certo

787 2577 998 2621 consmt
1047 2570 1425 2635 quzestionem,
1469 2569 1609 2634 Quid
1636 2580 1740 2627 est.
1778 2571 1845 2623 de
1878 2571 2110 2639 singulis
2128 2570 2315 2623 ell‘erri
2348 2588 2362 2623 :

789 2661 917 2726 quia
945 2652 1203 2712 nimirum
1234 2661 1303 2714 iis
1342 2674 1464 2727 quas
1493 2660 1832 2714 deﬁniuntur
1852 2701 1864 2724 ,
1901 2663 1984 2715 vel
2013 2660 2352 2730 quantitates

788 2752 1023 2819 aliquot,
1048 2752 1129 2805 vel
1150 2752 1440 2819 qualitates
1462 2754 1806 2807 elucescunt:
1827 2769 1949 2821 quae
1964 2752 2184 2820 quidem
2198 2767 2362 2805 sensu

786 2842 871 2892 vel
910 2840 1196 2908 phantasia
1247 2841 1585 2909 apprehendi
1634 2852 1881 2909 possunt.
1912 2842 2193 2909 Quotquot
2223 2856 2357 2894 vero

786 2934 1037 2984 essentne
1054 2941 1197 2997 sunt,
1221 2948 1339 3000 qua:
1363 2934 1585 2986 rationis
1604 2943 1657 2985 et
1675 2935 1874 2988 mentis
1893 2933 2249 3000 speculationi
2269 2948 2363 3001 pa-

792 3029 927 3081 tent,
968 3022 1388 3091 haudquaquam
1424 3039 1520 3092 per
1551 3024 1762 3091 seipsas
1799 3024 2102 3078 manifesta:
2140 3034 2267 3078 sunt
2298 3025 2365 3077 iis

787 3129 908 3181 quae
942 3114 1221 3167 sensibilia
1248 3124 1374 3167 sunt
1405 3136 1417 3168 :
1451 3115 1543 3168 sed
1575 3131 1641 3167 ex
1666 3116 1865 3183 iisquae
1892 3116 1996 3168 sibi
2016 3115 2276 3169 accidunt
2300 3130 2364 3167 ea

789 3206 1094 3256 dill‘erentia
1129 3206 1393 3273 procedit,
1422 3221 1543 3274 qua:
1575 3207 1628 3259 in
1672 3208 1752 3259 eis
1783 3207 2232 3275 deprehenditur.
2258 3205 2359 3271 Qui
2390 3214 2433 3264 C

790 3294 1007 3360 quidem
1034 3294 1229 3348 modus
1258 3295 1310 3346 in
1337 3294 1516 3346 anima
1551 3295 1899 3349 necessarius
1921 3305 2004 3348 est
2024 3335 2038 3355 ,
2071 3305 2235 3362 atque
2264 3294 2361 3347 de-

791 3386 1137 3445 monstratio,
1197 3400 1304 3452 qua
1348 3400 1414 3436 ex
1450 3400 1517 3437 eo
1557 3384 1702 3453 quod
1750 3385 1881 3453 quid
1924 3396 2035 3443 est.
2066 3386 2365 3438 accidentia

790 3475 1140 3543 enliiguntur,
1172 3491 1279 3528 non
1314 3488 1493 3530 autem
1527 3491 1558 3530 e
1586 3491 1851 3531 converso
1874 3478 2045 3531 abhis
2076 3478 2143 3529 ad
2179 3492 2365 3531 essen-

793 3566 921 3617 tiam
973 3571 1299 3619 recurritur.

863 3656 1069 3708 Anima:
1103 3672 1260 3723 porro
1298 3656 1648 3718 aliectiones,
1685 3672 1789 3712 non
1826 3657 2149 3726 simpliciter
2185 3660 2366 3713 omnis

794 3747 916 3814 ejus
951 3746 1095 3799 actio
1152 3756 1256 3809 est,
1306 3747 1398 3799 sed
1433 3734 1690 3815 patientis
1732 3756 1939 3800 tantum
1965 3789 1979 3810 ,
2020 3758 2182 3815 atque
2211 3758 2365 3802 extra

791 3838 1025 3904 seipsam
1081 3839 1380 3906 evagantis.
1433 3838 1500 3891 Et
1526 3840 1705 3892 omnis
1755 3839 1975 3906 quidem
2029 3841 2211 3892 anima
2270 3856 2365 3894 ex-

794 3928 1085 3980 trariarum
1146 3943 1330 3981 rerum
1367 3943 1529 3981 sensu
1564 3928 1817 3992 adicitur,
1866 3937 1922 3981 at
1959 3945 2066 3983 non
2115 3932 2293 3985 omnis
2326 3948 2354 3986 a

790 4034 1024 4086 corpore
1062 4018 1382 4085 separabilis
1438 4028 1542 4071 est.
1598 4017 1789 4072 Omnis
1850 4018 1994 4069 enim
2061 4034 2256 4073 sensus
2310 4031 2365 4073 et

793 4107 1091 4178 phantasia
1132 4107 1335 4175 absque
1378 4121 1608 4173 corpore
1640 4120 1750 4158 non
1787 4107 1943 4164 liunt,
1989 4107 2247 4168 quocirca
2294 4120 2363 4157 ne

794 4200 975 4249 anima
1007 4196 1227 4264 quidem
1275 4212 1465 4249 eorum
1499 4195 1735 4262 passioui
1771 4196 2028 4256 obnoxia,
2065 4196 2174 4247 ullo
2204 4193 2365 4247 modo

791 4290 1030 4357 separari
1088 4296 1285 4356 potest.
1344 4287 1588 4354 Propria:
1638 4287 1786 4341 enim
1851 4285 2118 4353 quasique
2169 4286 2357 4340 dome-

788 4380 938 4432 stica:
968 4379 1021 4430 in
1061 4379 1311 4432 essentiis
1333 4379 1576 4431 actiones
1605 4391 1724 4430 esse
1750 4374 2027 4430 videntur.

1395 4490 1546 4543 CAP.
1586 4488 1744 4543 LVII.

792 4582 925 4636 Item
959 4582 1020 4634 de
1050 4583 1251 4635 anima.
1308 4580 1578 4649 Expositio
1633 4580 1758 4632 dicti
1798 4578 2049 4643 Mosaici,
2082 4577 2367 4631 Faciamus

838 4654 1094 4705 hominem
1135 4654 1203 4703 ad
1234 4652 1519 4719 imaginem
1551 4659 1599 4702 et
1628 4648 2033 4702 similitudinem
2073 4656 2329 4701 nostram.

867 4764 1156 4828 Quaenam,
1192 4778 1403 4831 quaeso,
1449 4764 1619 4816 [initio
1667 4761 1865 4816 similis
1909 4769 1993 4815 est
2063 4762 2192 4815 huic
2250 4761 2365 4815 Mo-

794 4855 961 4919 saico,
1001 4865 1257 4922 tanquam
1299 4852 1352 4905 in
1384 4853 1478 4906 Dei
1510 4868 1768 4921 persona,
1798 4852 2155 4922 pronuntiato
2186 4869 2199 4903 :
2244 4850 2357 4905 Fa-

793 4949 990 5000 ciamus
1030 4946 1289 4998 hominem
1318 4944 1388 4996 ad
1417 4944 1700 5013 imaginem
1735 4953 1783 4996 et
1836 4942 2232 4996 similitudinem
2272 4958 2364 4994 uo-

797 5046 966 5090 stram
993 5036 1081 5087 "2'
1136 5035 1406 5105 siquidem
1454 5035 1631 5104 angeli
1655 5035 1919 5103 simplicis
1967 5044 2175 5087 natura:
2215 5043 2360 5095 sunt,

798 5139 850 5181 et
879 5127 1181 5181 absolutam
1213 5127 1613 5194 perfectionem
1638 5126 1807 5196 gratis
1837 5126 2020 5194 adepti
2064 5134 2213 5187 sunt,
2266 5138 2365 5177 nec

793 5219 941 5271 enim
1014 5218 1376 5286 aptitudinem
1450 5217 1764 5271 actionibus
1838 5232 2064 5271 vacuam
2141 5229 2367 5282 accepe-

798 5318 927 5362 runt
959 5326 972 5359 :
1008 5324 1186 5378 neque
1230 5322 1537 5362 sermonem
1575 5307 1748 5371 illum,
1780 5306 1873 5375 qui
1904 5306 2062 5360 nobis
2101 5303 2366 5358 naturalis

797 5408 903 5460 est,
953 5407 1010 5451 et
1063 5413 1173 5466 quo
1230 5397 1297 5451 ad
1343 5396 1760 5451 similitudinem
1814 5410 2117 5457 movemur,
2168 5392 2367 5446 actioni

796 5505 912 5545 sua:
948 5498 1301 5558 prastruunt,
1331 5488 1775 5558 quandoquidem
1818 5488 1974 5556 longe
2008 5484 2365 5541 excellentius

801 5596 962 5649 quam
988 5594 1085 5633 nos
1115 5580 1353 5633 divinam
1384 5578 1613 5632 formam
1638 5577 2037 5648 imaginemque
2080 5573 2357 5629 referunt:

879 5693 1080 5747 "Psal.
1116 5706 1223 5755 CIX,
1254 5692 1305 5744 5.

874 5786 987 5856 (16)
1015 5784 1159 5840 Infra
1188 5783 1288 5839 lib.
1330 5801 1402 5850 Iv,
1437 5800 1553 5855 cap.
1575 5785 1661 5849 51,
1695 5793 1883 5838 contra
1922 5781 2233 5852 Origenem.

2468 1969 2580 2023 est,
2643 1976 2845 2030 corpus
2918 1975 3102 2018 autem
3176 1971 3456 2025 materiale
3524 1984 3580 2025 et
3630 1975 4041 2041 compositum;

2472 2051 2652 2104 anima
2680 2060 2886 2114 tamen,
2910 2063 2969 2106 ut
2998 2058 3320 2124 quibusdam
3347 2061 3570 2130 placuit,
3606 2065 3842 2117 medium
3866 2066 4041 2134 quid-

2469 2139 2593 2192 dam
2631 2149 2714 2193 est
2776 2142 2917 2195 inter
2951 2142 3371 2211 inseparabilem
3417 2150 3596 2213 illam,
3646 2162 3703 2205 et
3733 2153 3925 2206 eodem
3983 2171 4043 2207 se

2468 2231 2631 2283 modo
2683 2247 2901 2301 semper
2940 2234 3231 2288 habentem
3278 2242 3607 2300 essentiam,
3669 2250 3833 2310 atque
3886 2258 4039 2305 eam,

2466 2334 2586 2387 qua:
2650 2335 2743 2387 per
2797 2338 3029 2391 corpora
3057 2324 3410 2381 diﬁunditur.
3467 2330 3535 2385 Et
3586 2347 3741 2387 mens
3807 2334 4039 2401 quidem

2465 2412 2689 2480 preprie
2717 2413 2952 2465 essentia
3014 2423 3119 2479 est,
3180 2433 3300 2484 quae
3357 2418 3683 2475 divisionem
3724 2440 3833 2477 non
3889 2427 4038 2477 reci-

2465 2501 2597 2568 pit:
2654 2516 2886 2570 corpora
2965 2518 3094 2557 vero
3175 2509 3513 2573 generationi
3583 2520 3641 2564 et
3700 2516 4041 2582 corruptioni

2468 2592 2701 2644 obnoxia
2740 2605 2889 2655 sunt,
2924 2593 3363 2664 divisionemque
3398 2610 3450 2651 et
3490 2599 3870 2657 dissectionem
3918 2622 4048 2657 om-

2468 2682 2632 2733 nibus
2678 2683 2793 2734 suis
2825 2684 2880 2736 in
2912 2686 3159 2752 partibus
3190 2686 3511 2743 admittunt.
3568 2693 3761 2750 Anima
3792 2695 4041 2763 denique

2468 2772 2657 2832 menti,
2683 2788 2862 2840 neque
2890 2778 3103 2843 corpori
3124 2777 3320 2832 similis
3334 2788 3454 2832 est:
3485 2780 3583 2835 sed
3608 2793 3785 2836 mente
3811 2786 4039 2852 quidem

2468 2860 2720 2925 inferior,
2761 2877 2991 2931 corpore
3023 2876 3204 2920 autem
3230 2871 3506 2937 superior:
3534 2872 3662 2939 quia
3694 2887 3802 2925 non
3836 2875 3913 2926 ita
3944 2892 4044 2927 na-

2466 2951 2716 3004 turaliter
2740 2950 2998 3005 divisioni
3018 2955 3250 3009 obnoxia
3280 2966 3382 3011 est.
3407 2957 3543 3021 Quia
3584 2975 3715 3015 vero
3748 2962 3812 3015 ad
3838 2976 4046 3029 corpus

2469 3040 2723 3104 inclinat,
2757 3059 2977 3098 necesse
3023 3055 3194 3099 estut
3236 3064 3339 3100 una
3372 3064 3493 3102 cum
3523 3051 3615 3102 illo
3652 3051 4041 3106 dissectionem

2469 3132 2904 3202 divisionemque
2968 3135 3217 3204 recipiat.
3266 3137 3535 3201 Quocirca
3578 3155 3701 3194 cum
3744 3158 3813 3195 ne
3856 3144 4046 3196 anima

2470 3223 2691 3289 quidem
2741 3228 2812 3277 sit
2852 3225 3136 3280 divisionis
3179 3243 3396 3298 expers,
3444 3230 3504 3282 tit
3551 3241 3612 3283 ut
3649 3235 3891 3300 corporis
3931 3249 4045 3287 non

2472 3314 2653 3367 minus
2686 3314 2862 3384 imago
2897 3316 2988 3380 sit,
3029 3330 3195 3385 quant
3234 3336 3387 3373 mens
3417 3322 3537 3391 ejus
3566 3322 3745 3391 imago
3770 3333 3874 3376 est.

3063 3426 3214 3479 CAP.
3262 3428 3442 3483 LVIII.

2565 3512 2811 3566 Animam
2832 3515 3085 3578 corporis,
3102 3517 3395 3635 Samiisque
3424 3520 3532 3569 vice
3552 3535 3705 3572 uersa
3726 3523 3920 3573 anima

3082 3588 3099 3635 ἰ
3138 3588 3277 3635 clum
3315 3602 3442 3635 esse.

3082 3588 3277 3636 idolum
3315 3602 3442 3637 esse.

2555 3671 2671 3724 iam
2733 3672 2775 3725 si
2832 3674 3027 3727 animae
3068 3690 3098 3725 a
3152 3675 3479 3741 quihusdam
3544 3692 3834 3745 corporum
3891 3680 4041 3733 idola

2472 3758 2635 3812 dieue
2676 3761 2818 3819 sint,
2863 3776 2928 3814 ex
2963 3762 3063 3815 hoc
3115 3764 3319 3817 inferre
3378 3765 3654 3833 quispiam
3718 3772 3939 3836 poterit,
3974 3772 4047 3823 ab

2470 3848 2669 3900 animis
2726 3848 3095 3916 imaginativis
3139 3866 3525 3918 corporearqu
3583 3856 3879 3909 formarum
3930 3859 4041 3911 im-

2468 3940 2796 4007 pressiones,
2863 3939 2916 3991 vi
2957 3954 3149 3994 eorum
3186 3955 3305 4009 qua:
3349 3943 3454 3995 sub
3482 3956 3764 4011 aspectum
3808 3947 4042 4013 cadunt,

2470 4028 2661 4095 recipi.
2712 4029 2923 4098 Corpus
2951 4030 3099 4082 enim
3139 4030 3308 4101 ﬁgura
3346 4045 3577 4099 rectum,
3625 4047 3767 4089 tactu
3808 4040 4041 4103 durum,

2469 4119 2651 4171 colore
2703 4120 2910 4183 album,
2954 4136 3116 4188 grave
3174 4122 3413 4192 denique
3440 4133 3495 4179 et
3520 4140 3773 4194 asperum
3802 4139 3905 4190 est,
3944 4145 4049 4183 nec

2471 4208 2543 4259 ita
2568 4220 2967 4276 comparatum,
3003 4224 3063 4263 ut
3092 4212 3145 4264 in
3175 4228 3299 4266 aere
3342 4215 3555 4270 volitet.
3612 4216 3819 4275 idolum
3849 4232 4040 4272 autem

2474 4300 2903 4363 tenebricosum,
2933 4309 2989 4354 et
3020 4301 3225 4357 umbrae
3256 4306 3530 4372 persimile
3566 4318 3669 4370 est,
3706 4309 3867 4377 idque
3892 4310 4037 4363 adeo

2467 4394 2612 4460 quod
2660 4392 2819 4460 quale
2869 4395 2941 4447 sit
2975 4396 3063 4447 vix
3111 4398 3390 4466 conjicias.
3448 4398 3579 4463 Quae
3617 4415 3704 4454 res
3756 4399 4041 4456 Platonem

2398 4524 2443 4581 υ
2477 4499 2702 4553 quoque
2734 4488 2924 4547 movit,
2974 4496 3036 4540 ut
3061 4500 3274 4556 spectra
3322 4488 3411 4541 illa
3455 4490 3789 4553 umbratilia,
3836 4508 3958 4559 qua
3991 4496 4044 4546 in

2472 4576 2743 4643 sepulcris
2772 4587 3059 4646 apparent,
3104 4579 3314 4630 animas
3346 4592 3641 4645 corporum
3675 4590 3921 4635 amantes
3944 4598 4048 4635 no-

2475 4673 2791 4735 minaverit,
2827 4673 3026 4742 quippe
3073 4689 3193 4742 quae
3243 4689 3311 4727 ne
3346 4681 3460 4727 tum
3513 4675 3758 4744 quidem.
3797 4692 3924 4729 cum
3974 4679 4046 4731 ab

2475 4762 2575 4814 hoc
2613 4762 2818 4815 mundo
2856 4763 3113 4829 digressas
3143 4764 3272 4821 sint.
3306 4764 3371 4817 ad
3404 4781 3602 4832 purum
3638 4767 3821 4820 lumen
3851 4783 4041 4821 rever—

2476 4859 2684 4914 tantur,
2749 4852 2845 4906 sed
2884 4853 3048 4905 etiam
3094 4862 3209 4906 tum
3257 4856 3401 4906 circa
3447 4868 3680 4921 corpora
3728 4866 4041 4918 versentur,

2475 4955 2616 5009 quin,
2672 4943 2954 4997 servilium
3001 4944 3337 5011 voluptatum
3394 4942 3669 4998 illecebris
3710 4954 3904 5012 capLe,
3981 4946 4040 4997 in

2467 5032 2662 5101 primis
2715 5044 2991 5089 amarunt.
3047 5033 3260 5101 Corpus
3324 5048 3491 5103 perm
3558 5033 3762 5088 idolum
3821 5050 4043 5105 quoque

2468 5122 2664 5176 anima:
2716 5122 2924 5176 dictum
2995 5134 3100 5188 est,
3148 5123 3273 5192 quia
3332 5124 3488 5198 quod
3533 5123 3608 5176 illi
3641 5124 3853 5185 oculus,
3912 5126 4041 5177 huic

2471 5227 2662 5265 mens:
2703 5214 2848 5282 quod
2886 5214 2959 5266 illi
2994 5221 3187 5274 tactus,
3223 5212 3352 5265 huic
3390 5212 3473 5265 vis
3523 5213 3613 5265 illa
3664 5221 3747 5266 est
3804 5228 3912 5281 qua
3946 5229 4036 5266 re-

2471 5316 2591 5355 rum
2649 5304 2855 5357 veritas
2909 5304 3258 5373 exquiritur:
3317 5301 3569 5371 quamvis
3629 5301 3745 5356 hac
3791 5303 4039 5372 gentium

2467 5391 2719 5459 dogmata
2782 5393 2985 5462 majore
3020 5393 3103 5446 sui
3142 5407 3208 5445 ex
3240 5400 3391 5460 parte
3438 5390 3744 5454 redoleant,
3780 5392 4040 5459 quemad-

2463 5481 2684 5533 modum
2734 5490 2953 5535 etcum
3005 5483 3126 5536 dum
3184 5480 3455 5536 idolorum
3523 5489 3730 5534 natura
3787 5480 4043 5534 rationali

2459 5572 2652 5627 animae
2680 5582 2999 5629 attexuntur
3019 5573 3131 5644 (l6)
3162 5592 3180 5629 ;
3212 5587 3442 5643 quorum
3467 5586 3634 5627 unum
3657 5571 3705 5626 ei
3739 5571 3811 5625 ab
3837 5579 4050 5625 aeterno
