4274 6382
211 451 348 518 lla)

1463 427 1852 490 TllESAUlll
1896 422 2042 484 LIB.
2094 429 2176 484 ll.

3301 411 3438 477 1190

203 563 502 619 coluercat,
538 549 682 622 quod
711 548 929 619 quidem
964 543 1100 599 nihil
1135 541 1280 598 aliud
1313 550 1416 601 est,
1446 553 1606 607 quam
1639 550 1765 589 eor—
1793 536 1845 596 Α
1869 545 1891 582 s

1751 562 1765 574 -
1793 536 1845 596 Α
1869 545 1926 582 se
1957 528 2327 580 conveniant:
2375 525 2468 579 sed
2510 525 2649 580 alter
2680 523 3080 592 prmstantioris
3120 520 3314 578 anima:
3352 540 3439 578 ra-

201 666 308 720 pus
347 651 508 708 illud,
551 642 695 712 quod
732 643 892 708 vulgo
926 639 1171 691 divinum
1215 636 1452 688 dicitur:
1492 630 1635 698 quod
1692 640 1768 720 st-

200 715 316 792 inul
349 751 512 804 atque
545 734 713 787 subiit
741 732 955 790 anima,
1010 725 1263 782 crassiori
1297 725 1479 774 denuo
1509 719 1644 788 parti
1678 715 1774 769 ad-

204 833 399 888 haeret,
453 839 612 890 quam
665 821 884 888 quidem
948 833 978 870 a
1027 816 1236 870 emlesti
1269 824 1538 864 astrorum
1587 809 1774 873 dispo-

203 922 427 978 sitione,
496 926 555 967 ut
619 915 690 964 ita
753 911 962 970 dicam,
1023 917 1301 973 acceptam
1361 904 1461 969 ipsi
1516 912 1771 966 tanquam

200 1020 398 1063 centro
447 1006 765 1072 appingunt.
802 1014 1031 1066 eamque
1090 1008 1219 1048 tunc
1257 996 1476 1046 dentom
1540 992 1770 1042 fortnam

202 1101 403 1154 anima:
459 1097 684 1148 rationis
734 1103 1011 1160 expertem
1060 1096 1283 1148 vorant,
1334 1102 1400 1137 ex
1452 1097 1557 1151 qua
1616 1081 1776 1132 nimi-

205 1204 327 1242 rum
376 1186 582 1252 opinio,
628 1196 854 1240 sensus.
918 1180 1236 1248 phantasia,
1280 1190 1470 1229 eorum
1531 1173 1769 1239 denique

201 1278 676 1348 generandoruin,
741 1288 862 1340 quae
926 1273 1028 1324 sub
1079 1268 1490 1338 genera-iuueni
1549 1267 1773 1322 eadunt,

202 1368 481 1436 appellans
524 1363 785 1430 procedit.
835 1362 941 1414 Nec
971 1362 1115 1414 enim
1153 1359 1328 1411 eidem
1376 1367 1582 1408 naturai
1615 1354 1778 1405 unius

204 1457 772 1524 Contemplationem,
833 1454 1035 1522 primas
1096 1451 1381 1510 notiones,
1448 1455 1776 1511 exactasque

206 1550 489 1606 scientias,
545 1562 645 1599 una
710 1562 834 1597 cum
884 1543 1033 1594 falsis
1064 1540 1439 1609 Opinionibus,
1496 1545 1775 1590 eteorum

205 1654 330 1707 qua:
379 1654 539 1691 sensu
583 1636 804 1705 praedita
855 1645 982 1687 sunt
1037 1630 1586 1701 apprehensionibus,
1623 1627 1780 1680 nimi-

207 1746 329 1782 rum
367 1728 705 1798 phantastica
759 1727 1036 1787 facultate,
1087 1737 1382 1790 rerumque
1445 1724 1776 1774 deteriorum

208 1826 425 1876 actione
504 1822 778 1881 tribuunt,
843 1819 953 1870 imo
1026 1832 1156 1868 vero
1217 1831 1336 1883 quae
1402 1797 1777 1882 pnestantiora

208 1926 359 1974 sunt,
389 1928 449 1965 ea
501 1912 787 1964 rationali:
837 1924 956 1977 quae
1011 1924 1140 1960 vero
1181 1906 1473 1966 deteriora,
1526 1921 1588 1955 ea
1644 1918 1736 1969 par

211 2005 443 2056 rationis
465 2003 674 2069 experti
721 2010 1046 2054 aceenscnt:
1107 2014 1212 2051 non
1270 2010 1326 2050 ut
1386 1998 1627 2049 maculas
1681 2003 1776 2047 aut

211 2095 488 2146 laheeulas
518 2093 654 2146 ullas
704 2095 803 2147 hac
853 2091 1240 2146 distributione
1273 2105 1301 2142 a
1359 2088 1626 2142 diviniore
1681 2101 1777 2136 ra-

214 2195 336 2236 tura
388 2185 606 2252 absterg
625 2193 738 2246 aut,
769 2184 862 2237 sed
919 2194 974 2236 ut
1009 2184 1096 2235 illa
1154 2181 1476 2236 necessariis
1522 2179 1780 2244 fougerzte

212 2275 555 2338 muneribus,
612 2276 726 2328 ha-c
785 2275 852 2327 ad
892 2291 954 2326 ea
986 2285 1194 2326 tantum
1230 2289 1286 2325 se
1322 2279 1625 2332 convertat,
1662 2282 1781 2336 qua:

221 2369 447 2432 ιιι-ιενιυς
493 2366 557 2417 ad
615 2375 865 2417 naturain
900 2365 1140 2416 divinam
1185 2364 1472 2416 accedunt.
1541 2361 1652 2414 lloc
1685 2360 1781 2428 igi-

216 2470 303 2509 tur
350 2457 552 2510 idolum
606 2474 665 2509 ea
702 2469 928 2526 propter
977 2458 1045 2509 ab
1093 2458 1271 2510 anima
1332 2454 1560 2508 rationis
1611 2454 1781 2521 parti-

212 2551 333 2617 cipe
385 2550 626 2617 separari
681 2565 785 2602 non
834 2563 989 2617 posse
1041 2548 1278 2600 docent:
1333 2546 1552 2598 homine
1595 2552 1779 2595 autem

213 2638 481 2691 dissoluto
538 2641 970 2704 pra-stantiorem
1027 2636 1263 2686 animam
1297 2649 1404 2686 una
1450 2647 1573 2684 cum
1620 2630 1786 2684 lumi-

214 2744 350 2781 noso
403 2729 652 2782 vehicqu
708 2728 776 2781 ad
829 2727 1104 2797 propriam
1153 2727 1390 2796 quietem
1423 2727 1778 2778 aubveliunt:

216 2818 587 2872 irrationalem
657 2833 785 2872 vero
839 2834 868 2871 a
928 2833 1154 2885 corpore
1210 2827 1514 2884 separatam
1561 2816 1642 2868 vel
1712 2815 1779 2868 ad

218 2910 426 2965 inferos
461 2910 780 2971 detrudunt,
839 2909 922 2960 vel
968 2910 1107 2961 inter
1155 2917 1298 2961 astra
1344 2908 1608 2960 referunt.

835 3021 987 3075 CAP.
1019 3019 1152 3072 LIX.

308 3109 386 3162 De
424 3114 726 3163 animarum
756 3113 809 3162 in
844 3114 952 3164 alia
1000 3127 1216 3177 corpora
1249 3109 1709 3178 transfusionibus.

292 3220 481 3275 Eidem
537 3238 698 3291 porro
763 3223 853 3291 qui
907 3224 1208 3276 animarum
1262 3220 1621 3290 προγενεσίαν
1686 3233 1851 3289 scuc
1887 3243 1980 3279 mo

537 3238 698 3291 porro
763 3223 853 3291 qui
907 3224 1208 3276 animarum
1262 3220 1621 3290 προγενεσίαν
1686 3233 1851 3289 scuc
1887 3243 2091 3279 mnsam
2173 3238 2223 3279 ct

220 3313 677 3378 prmexistentiam
756 3313 1108 3373 docuerunt,
1177 3310 1494 3364 earumdem
1564 3325 1782 3377 quoque

225 3404 637 3469 μεταγγισμοϋς
691 3417 786 3456 seu
821 3403 1220 3464 el'utriationes,
1275 3412 1331 3454 et
1373 3403 1526 3470 quasi
1584 3417 1614 3454 e
1656 3415 1784 3454 vase

223 3503 332 3540 uno
389 3491 440 3540 in
496 3489 639 3542 aliud
700 3503 794 3542 vas
851 3490 1243 3542 transfusioncs
1294 3489 1582 3542 commenti
1624 3499 1779 3544 sunt.

223 3575 317 3628 Est
352 3585 532 3629 autem
590 3578 964 3645 μεταγγιςμὸς
1007 3593 1102 3630 seti
1152 3577 1450 3640 elutriatio,
1507 3594 1629 3630 cum
1679 3593 1785 3632 una

222 3675 276 3718 et
306 3667 494 3719 eadem
540 3667 717 3720 anima
766 3683 828 3720 ex
855 3669 1094 3720 humano
1125 3683 1341 3735 egressa
1381 3682 1632 3736 corpore,
1658 3683 1783 3720 cor-

223 3771 325 3825 pus
354 3759 403 3808 in
448 3756 597 3808 aliud
650 3757 1002 3826 transmigrat
1034 3774 1046 3810 :
1083 3767 1246 3825 atque
1291 3757 1587 3826 aliquando
1618 3759 1781 3812 etiam

226 3847 371 3897 volat
397 3844 526 3897 lium
570 3844 1101 3913 quadrupedumque
1136 3860 1364 3913 corpora
1393 3845 1563 3900 subit.

852 3950 1000 4004 CAP.
1041 3951 1158 4005 LX.

282 4045 354 4098 De
393 4043 648 4096 luminosa
686 4052 733 4096 et
763 4044 1080 4097 tenebricosa
1127 4047 1318 4100 animw
1353 4057 1546 4102 natura
1579 4047 1714 4118 (17).

293 4153 523 4218 Quidam
576 4169 704 4206 vero
749 4154 1016 4222 duplicem
1052 4172 1269 4224 quoque
1328 4160 1632 4212 animarum
1687 4174 1783 4212 na-

226 4253 402 4299 turam
449 4259 567 4296 esse
615 4244 893 4307 dixerunt,
947 4259 1111 4298 unam
1165 4249 1386 4315 quidem
1433 4250 1783 4314 luminosam,

225 4338 446 4388 alteram
479 4321 626 4388 vero.
654 4335 1072 4390 tenebricosam.
1140 4335 1205 4390 Et
1247 4340 1387 4393 hanc
1434 4342 1653 4410 quidem
1702 4343 1787 4394 in-

226 4424 376 4476 ferne
412 4425 717 4484 seaturire,
765 4432 927 4492 atque
983 4425 1359 4480 subterraneis
1403 4445 1466 4480 ex
1516 4431 1787 4484 meatibus

226 4515 475 4567 exsilire:
509 4514 655 4566 illam
705 4529 838 4566 vero
867 4530 898 4568 e
938 4516 1061 4568 ειεΙί
1094 4517 1300 4570 vertice
1344 4532 1626 4572 accensam
1675 4521 1784 4573 de-

229 4606 405 4663 mitti,
473 4613 530 4655 ut
585 4613 858 4656 terrenum
930 4605 1033 4658 hoc
1095 4607 1340 4674 corporis
1405 4611 1783 4662 domilicilium

228 4705 470 4746 exornet.
506 4693 636 4757 Qua:
669 4694 888 4762 quidem
925 4694 1264 4750 descendens
1295 4712 1488 4751 cavere
1536 4701 1784 4766 jubetur,

229 4799 295 4836 ne
337 4784 465 4836 dum
529 4799 728 4850 corpus
779 4785 883 4839 hoc
915 4785 1144 4840 informe
1183 4795 1237 4840 et
1285 4791 1570 4842 confusum
1618 4790 1788 4843 inlor-

229 4890 374 4928 mare
429 4882 485 4928 et
539 4889 806 4928 exornare
872 4877 1192 4942 eontendit,
1252 4879 1365 4948 ipsa
1420 4879 1686 4934 dedecore
1731 4889 1788 4934 et

231 4965 544 5018 confusione
596 4964 918 5033 impleatur:
973 4975 1136 5034 atque
1195 4969 1265 5021 ita
1333 4968 1524 5022 eadem
1600 4977 1785 5038 postea

233 5057 315 5108 via
349 5055 602 5119 reﬂucre,
650 5068 705 5111 et
755 5058 808 5110 in
853 5059 1087 5127 primum
1151 5061 1545 5128 propriumque
1579 5061 1784 5115 fontem

238 5148 449 5200 refundi
491 5159 747 5216 nequeat,
794 5151 886 5203 sed
929 5151 992 5204 ad
1030 5152 1414 5205 subterraneos
1473 5153 1594 5207 illos
1639 5169 1787 5207 mea-

231 5250 315 5295 tus
344 5240 500 5293 alteri
531 5239 723 5292 animse
756 5252 1014 5308 cognatos
1063 5253 1368 5296 transversa
1419 5245 1689 5312 rapiatur,

299 5350 456 5404 Livor
478 5352 584 5413 ubi,
619 5359 772 5420 atque
791 5352 986 5409 odium.
1014 5358 1206 5421 species
1241 5364 1289 5407 et
1326 5355 1468 5406 mille
1501 5355 1758 5408 malorum

303 5421 502 5474 Errant
533 5431 782 5475 tartareae
811 5426 980 5487 pratis
1011 5425 1060 5475 in
1088 5425 1317 5476 tristibus
1347 5427 1489 5478 Ates.

300 5532 376 5587 Ex
409 5549 516 5603 quo
546 5534 708 5587 etiam
738 5549 878 5604 saepe
906 5536 1190 5604 contingit,
1227 5545 1286 5590 ut
1315 5539 1506 5593 iisdem
1539 5539 1784 5607 prognati

235 5626 566 5694 parentibus,
601 5639 668 5679 ne
699 5627 1002 5681 animarum
1028 5629 1249 5697 quidem
1281 5632 1603 5699 cognatione
1644 5631 1786 5685 inter

303 5762 409 5837 (__|_7)
438 5763 784 5837 _Ex_Synesio
811 5769 904 5822 lib.
933 5786 944 5821 ι
981 5767 1053 5820 De
1083 5766 1434 5832 Providentia,
1462 5769 1589 5825 infr.
1626 5771 1662 5826 1.
1714 5788 1783 5837 iv,

232 5846 278 5885 c.
313 5831 401 5892 36.
435 5833 489 5886 in
525 5831 629 5888 fine
655 5836 1043 5893 confutalionis
1081 5831 1460 5893 Euchitarum.

1742 1901 1776 1952 li
1815 1897 1852 1953 Β
1883 1864 2188 1929 susciperet
2209 1902 2222 1923 ,

1877 619 2006 673 tioni
2055 625 2275 687 pareat,
2317 615 2457 669 alter
2485 631 2595 685 quo
2651 615 2944 670 deterioris
2992 615 3134 683 rapit
3183 615 3441 683 impetus,

1873 728 1940 768 eo
1966 726 2206 782 prtrceps
2233 715 2360 763 ruat
2388 724 2401 758 :
2438 717 2600 776 atque
2640 709 2718 761 sic
2742 707 2880 760 alter
2909 708 3064 762 bonis
3104 706 3441 769 aetionibus,

1875 805 2010 858 alter
2035 801 2190 853 malis
2212 797 2478 866 invngilet.
2502 797 2634 850 Cum
2661 799 2789 852 Afer
2813 809 2998 851 contra
3049 799 3238 850 eadem
3273 795 3442 851 animi

1880 892 2248 966 propensione
2283 902 2406 940 cum
2458 889 2645 940 (Ξτξειί)
2679 889 2900 942 homine
2943 888 3099 942 facile
3130 890 3442 943 conveniat.

2495 1022 2642 1076 CAP.
2693 1021 2826 1075 LXI.

1949 1141 1966 1158 '
2009 1138 2139 1191 Item
2173 1139 2236 1190 tle
2269 1138 2470 1216 tritinia.
2530 1133 2705 1186 Varia’
2751 1134 3089 1213 Ethnirorum
3121 1142 3168 1186 et
3210 1131 3365 1187 Citri-

2353 1214 2649 1259 stianorum
2697 1214 2989 1256 sententiw.

1949 1321 2063 1374 Non
2113 1321 2424 1378 defuerunt,
2485 1318 2576 1384 qui
2638 1316 2872 1368 animam
2926 1317 3242 1376 sanguinem
3292 1317 3444 1370 illum

1880 1428 1998 1464 esse
2045 1421 2308 1470 mcerent,
2341 1425 2451 1478 quo
2484 1409 2737 1460 \l\’llllllS.
2783 1407 2884 1457 Alii
2922 1421 3142 1473 quoque
3187 1408 3442 1474 spiritum

1879 1503 2030 1556 illum
2073 1514 2191 1552 esse
2225 1500 2326 1552 rati
2359 1507 2508 1556 sunt,
2559 1497 2649 1564 qui
2695 1495 2854 1547 nobis
2887 1498 2956 1546 ab
2998 1493 3156 1545 initio
3175 1507 3292 1545 .una
3324 1507 3446 1545 cum

1881 1590 2106 1645 seminis
2154 1600 2441 1658 parentum
2481 1587 2777 1640 emissione
2819 1586 3015 1639 insitus
3065 1595 3184 1643 est:
3231 1599 3297 1637 ex
3341 1598 3451 1651 quo

1881 1683 2032 1734 calor
2065 1680 2228 1732 etiam
2284 1681 2549 1732 exoritur.
2587 1677 2722 1741 Quia
2752 1676 2895 1728 enim
2939 1676 3120 1742 aliquo
3145 1689 3437 1742 corporum

1885 1780 2076 1824 natura
2150 1769 2362 1838 egebat,
2418 1784 2446 1820 a
2498 1784 2606 1835 quo
2686 1767 3042 1824 anituaietnr,
3103 1775 3159 1818 et
3215 1764 3450 1817 Calorem

2286 1860 2493 1912 idcirco
2552 1869 2744 1911 natura
2805 1858 2957 1910 illum
3013 1855 3346 1922 aspiratione
3397 1865 3455 1906 et

1883 1952 2247 2020 respiratione
2306 1950 2563 2013 donavit,
2623 1948 2985 2015 sanguinique
3061 1945 3322 1998 animanti
3375 1945 3455 1996 it:-

1881 2044 2106 2096 troitum
2165 2051 2218 2093 et
2286 2047 2492 2092 exitum
2560 2040 2890 2105 prmstruxit.
2947 2037 3044 2089 llic
3107 2040 3287 2103 itaque
3344 2035 3454 2103 spi-

1885 2137 2028 2187 ritus
2094 2147 2324 2200 corpora
2397 2141 2679 2200 permeat,
2750 2129 3064 2188 constituit,
3131 2127 3452 2194 corrumpit,

1889 2240 2105 2292 ttnaquc
2135 2239 2255 2277 cum
2310 2223 2415 2276 illis
2443 2223 2785 2286 deperditur.

1952 2320 2027 2372 Ex
2061 2329 2259 2370 nostra:
2290 2332 2421 2370 vero
2460 2316 2737 2383 religionis
2781 2312 3116 2375 hominibus,
3149 2310 3240 2364 alii
3268 2324 3453 2364 essen—

1881 2410 2067 2462 tialem
2125 2409 2320 2459 animze
2369 2419 2586 2458 causam
2646 2403 2833 2471 primae
2884 2403 2958 2454 illi
3006 2402 3315 2467 divinaeque
3367 2399 3453 2452 in-

1883 2497 2176 2550 sulllationi
2247 2495 2647 2563 ascripserunt,
2717 2502 2881 2560 atque
2933 2492 3212 2544 hominum
3259 2503 3455 2558 corpo-

1887 2588 2039 2640 ribus
2063 2587 2174 2654 (l8;
2210 2602 2318 2655 quo
2345 2595 2584 2654 tempore
2617 2596 2892 2646 creantur,
2933 2581 3141 2636 infundi
3179 2581 3455 2637 dixerunt.

1883 2677 1988 2730 Alii
2047 2680 2284 2731 animam
2341 2693 2436 2745 per
2477 2691 2535 2730 se
2607 2675 2995 2729 subsistentem
3053 2673 3272 2740 corpori
3324 2688 3455 2727 con-

1883 2783 2107 2822 currere
2158 2779 2454 2836 putarunt:
2509 2767 2580 2820 ita
2632 2777 2691 2820 ut
2747 2780 2924 2833 neque
2987 2780 3187 2832 corpus
3246 2779 3344 2834 per
3396 2778 3455 2818 se

1883 2861 2264 2922 constituatur,
2319 2874 2419 2913 nec
2465 2859 2642 2912 anima
2694 2871 2923 2925 corpore
2976 2856 3124 2923 prior
3205 2856 3453 2911 exsistat.

1884 2953 2144 3006 Eamdem
2249 2967 2413 3020 porto
2497 2950 2768 3018 duplicem
2845 2957 3222 3007 asserucrunt.
3299 2949 3456 3016 cujus

1886 3059 2012 3112 pars
2069 3059 2174 3096 una
2226 3044 2453 3097 rationis
2517 3043 2811 3112 particeps,
2883 3041 3048 3092 altera
3109 3055 3305 3108 expers
3358 3040 3450 3094 sit.

1887 3137 2019 3189 Eam
2069 3145 2299 3205 partem,
2357 3151 2476 3201 qua:
2532 3134 2760 3187 rationis
2819 3147 3015 3200 expers
3061 3141 3164 3196 est,
3220 3133 3271 3184 in
3332 3132 3451 3184 ani-

2326 3227 2575 3295 cupidam
2649 3224 2973 3276 diviserunt.
3055 3223 3230 3290 Atque
3330 3235 3450 3274 eam

1886 3317 2106 3384 quidem
2154 3325 2383 3384 partem,
2430 3330 2549 3382 quae
2614 3314 2839 3366 rationis
2889 3322 2970 3365 est
3032 3313 3324 3379 particeps,
3393 3311 3447 3362 iu

1890 3415 2107 3474 pectore
2160 3407 2342 3458 sedem
2394 3404 2598 3457 habere
2645 3417 2811 3456 :eam
2866 3417 3018 3462 vero,
3083 3415 3203 3468 qua:
3233 3400 3449 3452 ratione

1888 3506 2058 3562 caret,
2108 3513 2204 3566 per
2235 3497 2540 3548 universam
2582 3492 2826 3560 corporis
2859 3506 3172 3559 compagem
3215 3488 3448 3542 tlill'undi

1888 3589 2241 3642 allirmarttnt.
2305 3587 2373 3640 At
2420 3600 2550 3638 veto
2603 3584 2930 3654 ἡγεμονικὸν
2992 3597 3209 3650 quoque
3248 3581 3447 3648 ipsum,

1888 3686 2002 3741 sive
2060 3678 2565 3749 pi-mstatitissiinam
2626 3677 2819 3728 anima:
2870 3683 3074 3742 partem
3131 3673 3279 3724 l’lato
3327 3671 3448 3739 qui-
3517 3657 3523 3663 ’

1887 3780 2096 3832 demet
2141 3770 2480 3826 Democritus
2529 3765 2711 3820 sedem
2771 3766 2821 3816 in
2870 3773 2982 3817 toto
3028 3764 3205 3832 capite
3250 3763 3449 3815 habere

1889 3869 2167 3926 dixerunt,
2229 3861 2318 3915 alii
2382 3864 2431 3912 in
2507 3858 2797 3928 μεσοφρύῳ
2867 3869 2959 3909 seu
3031 3853 3449 3922 superciliorum

1889 3955 2231 4015 meditullio,
2284 3950 2374 4004 alii
2439 3951 2582 4002 circa
2644 3945 2856 4000 cerebri
2928 3946 3270 4021 nieningem,
3329 3957 3453 4011 qua

1891 4052 2046 4116 vulgo
2077 4049 2160 4114 pia
2211 4052 2404 4105 mater,
2479 4039 2691 4107 alioque
2741 4038 2964 4090 nomine
3027 4037 3313 4104 ἐπικρανὶς
3352 4049 3448 4087 seu

1887 4138 2214 4195 cerebellum
2273 4133 2599 4201 appellatur.
2658 4129 2888 4194 Quidam
2928 4129 3090 4182 etiam
3138 4127 3190 4179 in
3239 4125 3450 4180 cerebri

1887 4244 2098 4285 ventre.
2158 4227 2265 4280 Nec
2319 4224 2631 4285 defuerunt,
2681 4221 2772 4288 qui
2808 4219 2916 4272 ἰοιί
2959 4219 3165 4286 pectori
3241 4220 3451 4286 totique

1890 4321 2039 4375 cordi
2077 4319 2156 4371 vel
2199 4315 2411 4384 spiritui
2455 4329 2549 4366 cor
2577 4312 2858 4372 ambienti,
2895 4321 2947 4361 et
2981 4309 3267 4378 sanguinis
3301 4324 3452 4362 cras-

1891 4412 2113 4466 situdini
2196 4408 2546 4460 ascriberent.
2638 4404 2741 4456 Alii
2817 4403 2869 4455 in
2941 4403 3241 4472 pratzordiis
3305 4403 3454 4455 illam

1891 4510 2218 4556 statuerunt.
2258 4499 2389 4550 Aliis
2413 4512 2441 4548 a
2474 4495 2622 4548 vitali
2652 4496 2768 4564 ejus
2796 4493 3071 4557 facultate,
3103 4510 3198 4548 cor
3231 4493 3453 4557 ambiri,

1889 4603 2049 4663 caput
2087 4603 2266 4645 autem
2311 4605 2337 4642 a
2374 4587 2622 4641 rationali
2660 4596 2713 4640 et
2738 4587 3086 4640 intellectuali
3121 4588 3339 4656 placuit.

2491 4697 2642 4752 CAP.
2696 4697 2854 4754 LXII.

1967 4813 2043 4867 De
2089 4814 2279 4865 anima:
2313 4811 2729 4864 immortalitate.
2757 4810 2902 4881 Quid
2959 4812 3194 4875 ethnicis,
3261 4813 3387 4881 quid

2351 4881 2661 4934 Clu'iStianis
2709 4879 2998 4948 placuerit.

1957 4993 2074 5047 Jam
2130 5007 2258 5045 veru
2315 4990 2506 5043 anima:
2543 4989 3005 5042 immortalitatem
3055 4990 3300 5044 nonnulli
3355 5004 3452 5056 ap-

1890 5085 2194 5157 probarunt
2241 5096 2472 5148 eamque
2536 5095 2764 5148 corpore
2819 5080 3119 5148 digressam
3166 5083 3234 5134 ad
3277 5081 3449 5149 ipsius

1892 5174 2263 5230 uuiversitatis
2310 5173 2544 5224 animam
2595 5181 2851 5239 tanquam
2885 5171 2988 5224 sibi
3022 5181 3306 5240 cognatam
3358 5187 3446 5225 rc-

1891 5268 2011 5321 dire
2056 5265 2332 5318 dixerunt.
2379 5262 2478 5315 Alii
2526 5272 2715 5316 contra
2760 5262 3095 5331 eorruptioni
3129 5261 3449 5326 obnoxiam,

1894 5369 2108 5421 unaque
2137 5367 2259 5407 cum
2289 5367 2516 5421 corpore
2547 5351 2769 5406 interire
2819 5353 3124 5406 maluerunt
3148 5352 3284 5425 (l9).
3316 5354 3454 5408 Aliis

1893 5464 2011 5502 eam
2057 5447 2176 5516 ejus
2228 5456 2473 5515 partem,
2526 5460 2648 5513 quae
2707 5443 2937 5498 rationis
3003 5453 3086 5498 est
3150 5446 3449 5517 particeps,

1895 5537 2289 5592 immortalem:
2337 5548 2456 5603 quae
2491 5549 2620 5588 vero
2660 5533 2889 5587 rationis
2919 5547 3114 5600 expers
3163 5541 3267 5594 est,
3305 5547 3454 5583 mor-

1897 5631 2057 5685 talem
2101 5643 2221 5684 esse
2269 5627 2490 5697 placuit.
2544 5626 2871 5681 Nostrorum
2925 5635 3105 5680 autem
3157 5638 3252 5680 seu
3294 5623 3454 5680 Chri-

1996 5771 2078 5836 l8)
2103 5768 2171 5824 Ut
2201 5768 2481 5836 Origenes.

1996 5771 2078 5836 l8)
2103 5771 2171 5824 Ut
2201 5771 2481 5836 Origenes.

1967 5771 2078 5910 ξω)
2121 5839 2188 5895 Ut
2215 5837 2726 5908 Thanatopsyehitaz
2756 5835 2898 5891 infra
2930 5835 2964 5890 l.
2995 5849 3070 5899 Iv,
3107 5849 3155 5890 e.
3183 5834 3274 5889 ιε.
