4274 6382
876 414 1011 481 “91

2133 413 2181 472 Ν
2193 415 2207 474 l
2220 414 2428 475 GETA!
2472 415 2877 478 CIIONIATE

3970 434 4123 505 1192

851 528 1160 584 stiauorum
1219 525 1669 597 philosophorum
1737 537 1802 578 ex
1852 522 2049 579 anima:
2109 526 2495 590 actionibusA
2525 534 2634 582 tur.
2678 529 2826 585 Nihil
2877 537 3057 585 autem
3095 532 3242 588 aliud
3286 543 3369 590 est
3419 551 3580 606 quam
3632 540 3856 602 habitus
3911 550 3986 604 ad
4043 567 4116 606 ea

848 620 986 674 alias
1029 620 1165 674 citra
1221 618 1393 671 ullum
1447 614 1693 684 corporis
1745 614 2072 683 obsequium
2112 630 2273 685 agere
2321 618 2421 686 (si-

852 712 1070 780 quidem
1109 723 1285 774 mens,
1326 707 1606 777 cogitatio,
1666 712 1722 759 et
1748 706 2051 775 phantasia,
2095 706 2180 759 vel
2230 708 2417 776 quieto

844 815 1070 867 corpore
1120 800 1463 868 operantur),
1501 797 1637 851 alias
1699 811 1830 852 vero
1877 795 2120 864 corporis
2153 796 2418 866 obsequio

840 905 1001 959 egere
1057 890 1329 946 dixerunt.
1404 891 1609 943 Sensus
1661 888 1807 942 enim
1880 886 2088 953 absque
2146 886 2234 943 iis.
2291 904 2414 955 quae

841 983 943 1035 sub
988 997 1208 1036 sensum
1245 982 1466 1043 cadunt,
1510 995 1668 1049 agere
1724 994 1829 1031 non
1872 987 2071 1045 potest.
2118 978 2221 1031 Sed
2277 995 2415 1048 quo-

840 1071 1132 1125 dammodo
1204 1071 1557 1139 eouipatitur,
1606 1076 1661 1123 et
1727 1083 1791 1121 ea
1852 1068 2068 1134 corpori
2132 1069 2409 1123 conciliat.

837 1164 992 1219 Unde
1028 1164 1084 1218 fit
1116 1171 1173 1217 ut
1221 1177 1596 1230 saepenumero
1648 1161 1757 1231 typi
1792 1161 2013 1227 quidam
2064 1168 2119 1210 et
2170 1158 2406 1212 charac-

838 1262 1004 1318 teres,
1045 1253 1266 1305 obscuri
1324 1244 1549 1315 corum',
1604 1266 1721 1318 quire
1773 1250 1969 1318 singuli
2026 1247 2127 1301 hac
2184 1248 2239 1300 in
2301 1249 2407 1302 vita

834 1344 924 1411 pie
981 1354 1036 1396 et
1094 1360 1160 1398 ex
1214 1344 1491 1413 religionis
1553 1340 1869 1410 przescripto
1914 1347 2161 1408 egerunt,
2213 1338 2408 1391 animm

832 1445 1020 1503 postea
1060 1451 1222 1498 quam
1259 1451 1289 1487 a
1346 1447 1574 1501 corpore
1635 1441 1888 1500 separata
1942 1439 2061 1491 est,
2122 1429 2398 1497 impressi,

830 1533 886 1577 et
915 1526 1061 1578 velut
1100 1525 1358 1592 insculpti
1408 1523 1704 1592 supersint.
1766 1522 1905 1585 Quia
1955 1522 2213 1573 nimirum
2239 1520 2404 1573 allec-

834 1617 1016 1670 tiones
1067 1618 1204 1682 illae,
1241 1633 1361 1686 quae
1396 1617 1581 1671 sensui
1622 1615 2026 1685 subjiciuntur,
2077 1628 2402 1667 communes

828 1707 1026 1759 animm
1060 1708 1387 1774 cerporique
1438 1714 1584 1759 sunt.

898 1791 1095 1845 Beatus
1144 1807 1361 1861 quoque
1412 1792 1691 1856 Nyssenus
1735 1789 1824 1843 ille
1872 1787 2169 1858 Gregorius
2193 1788 2240 1841 ei
2277 1788 2398 1841 ani-

832 1894 931 1933 ma:
988 1880 1254 1942 facultati,
1326 1895 1431 1949 qua
1495 1880 1871 1939 recordamur,
1931 1878 2082 1945 signa
2132 1876 2404 1944 corporis,
2441 1885 2485 1942 Β

826 1980 1081 2038 tanquam
1139 1970 1378 2039 sigillum
1422 1985 1561 2023 certe
1602 1970 1946 2036 impressum,
1984 1967 2246 2020 inlimrere
2282 1975 2401 2034 post

826 2068 1056 2112 mortem
1097 2071 1292 2113 auctor
1321 2067 1425 2121 est,
1474 2058 1679 2111 idcirco
1706 2058 1871 2111 etiam
1927 2056 2082 2110 dives
2131 2055 2400 2109 Lazarum

822 2153 1124 2218 cognoscit,
1156 2160 1211 2204 et
1244 2150 1294 2202 id
1335 2149 1556 2218 quidem
1603 2149 1826 2203 merito.
1866 2148 1997 2200 Nam
2055 2147 2099 2200 si
2137 2146 2312 2198 brutis
2343 2146 2397 2198 in

822 2241 1213 2303 animantibus,
1241 2250 1418 2292 tantas
1449 2248 1641 2290 natura
1664 2239 1810 2289 vires
1832 2251 1956 2289 suas
1976 2250 2096 2288 esse
2129 2235 2393 2297 ostendit,

824 2340 883 2383 ut
910 2332 1121 2400 agnella
1158 2346 1352 2385 recens
1399 2341 1524 2383 nata
1575 2329 1778 2381 multos
1833 2328 1997 2380 alieni
2028 2328 2189 2381 lactis
2221 2326 2399 2381 fontes

821 2432 1125 2489 praetereat,
1178 2422 1305 2473 dum
1336 2421 1404 2474 ad
1438 2420 1628 2473 matris
1685 2419 1853 2471 ubera
1903 2418 2184 2485 perveniat
2224 2434 2237 2469 :
2287 2431 2394 2468 non

822 2513 1022 2580 poterit
1074 2521 1284 2566 natura:
1326 2511 1592 2566 Conditor
1638 2511 1803 2579 hujus
1834 2508 2083 2562 miraculi
2119 2522 2393 2575 praeroga-

819 2604 986 2656 tivam
1052 2606 1265 2657 ratione
1335 2602 1580 2672 praeditis
1640 2601 2009 2655 animantibus
2067 2600 2392 2662 concedere,

819 2693 1123 2762 animasque
1162 2706 1217 2747 et
1247 2696 1463 2761 corpori
1518 2693 1845 2762 coniugibus
1908 2691 2013 2745 hoc
2066 2690 2275 2758 largiri,
2333 2698 2394 2741 ut

818 2794 1149 2839 concurrant
1175 2796 1231 2840 et
1263 2788 1691 2856 coniungantur.

1415 2919 1570 2974 CAP.
1610 2919 1795 2974 LXIII.

818 3002 858 3070 'i'
882 3009 962 3063 De
986 3020 1173 3064 mente.
1209 3009 1567 3089 Intelligentia
1602 3008 1859 3089 quomodo
1896 3009 2090 3060 animte
2133 3017 2181 3060 et
2226 3010 2391 3062 meriti

1524 3089 1670 3131 tnstt.

2526 616 2666 670 bona
2693 620 3019 685 praestanda,
3044 636 3166 689 qua:
3207 626 3378 679 menti
3415 641 3481 680 ex
3519 629 3696 686 olIieio
3733 639 4113 693 conveniunt-

2520 706 2675 759 Mens
2710 718 2892 764 autem
2943 711 3254 765 essentialis
3311 715 3513 785 duplex
3563 729 3666 779 est.
3712 739 3819 776 una
3875 728 4116 793 quidem

2518 813 2637 867 qua:
2668 804 3066 856 communicari
3111 819 3218 856 non
3261 816 3461 873 potest,
3490 811 3661 864 altera
3695 828 3815 881 qua:
3860 827 4055 885 potest
4093 839 4109 872 :

2516 906 2636 960 qua:
2669 892 2892 960 quidem
2931 897 3280 962 particularis
3315 902 3576 967 appellari
3607 904 3768 958 solet.

2587 981 2708 1035 llaec
2775 999 2938 1051 porro
2990 1003 3145 1041 mens
3212 990 3519 1044 communis
3550 1000 3630 1058 ζει
3676 997 3887 1064 privata
3937 1003 4115 1057 nobis.

2516 1072 2657 1125 inest
2688 1089 2700 1125 :
2735 1075 3044 1127 communis
3070 1077 3313 1145 quidem,
3354 1087 3610 1149 tanquam
3653 1099 3757 1137 una
3787 1095 3843 1139 et
3887 1088 4111 1142 indivi-

2512 1163 2642 1229 dua,
2693 1165 2899 1233 privata
2949 1181 3079 1219 vero
3160 1180 3434 1237 quatenus
3487 1181 3596 1226 tota
3633 1173 3866 1244 singulis
3923 1180 4107 1235 inest.

2510 1253 2688 1321 Atque
2733 1258 2994 1310 animales
3030 1258 3253 1326 quidem
3296 1262 3484 1317 formae
3515 1266 3807 1319 essentiam
3840 1285 4105 1325 nostram

2509 1345 2833 1411 complent:
2878 1349 3143 1401 mentales
3196 1364 3326 1403 vero
3380 1351 3771 1419 perfectionem
3825 1357 3996 1409 nobis
4046 1370 4109 1413 et

2507 1447 2763 1489 ornatum
2836 1439 3080 1494 afferunt
3139 1459 3152 1494 :
3212 1443 3343 1509 quin
3408 1452 3464 1495 et
3539 1449 3803 1500 mentales
3862 1450 4104 1517 quidem

2505 1528 2810 1595 conjuncta“:
2826 1535 2974 1587 sunt,
2996 1530 3262 1584 animales
3280 1547 3410 1586 vero
3438 1534 3763 1588 divisionem
3786 1541 4104 1607 recipiunt.

2503 1620 2772 1673 Caeterum
2791 1621 2842 1672 vi
2862 1622 2981 1688 ejus
3000 1630 3228 1683 naturae,
3271 1638 3391 1690 qua:
3415 1626 3785 1694 intelligentiae
3812 1633 4105 1699 particeps

2503 1721 2607 1777 est,
2632 1712 2775 1766 Deus
2798 1712 2975 1774 nobis,
2998 1720 3255 1780 tanquam
3291 1715 3477 1779 auriga
3504 1718 3689 1769 currui
3714 1732 3834 1779 suo,
3860 1718 4100 1773 insidet.

3120 1804 3272 1859 CAP.
3307 1804 3464 1857 LXV.

2690 1895 2729 1964 -ι-
2764 1894 2840 1947 De
2868 1898 3163 1961 uirtutibus,
3187 1906 3235 1950 et
3273 1913 3454 1949 eorum
3485 1898 3680 1967 triplici
3706 1901 3908 1956 ordine.

2576 2006 2695 2061 Iam
2733 2023 2884 2072 vero,
2921 2010 3050 2076 quia
3086 2010 3321 2063 virtutes
3354 2010 3422 2062 ad
3472 2018 3711 2062 mentem
3750 2019 3804 2063 et
3838 2013 4093 2065 animam

2503 2098 2843 2161 referuntur,
2878 2098 2946 2151 de
2976 2099 3043 2150 iis
3069 2113 3239 2167 pauca
3265 2099 3431 2151 etiam
3462 2103 3743 2152 tractanda
3780 2112 3939 2154 sunt.

2576 2186 2850 2239 Virtutum
2882 2188 3079 2255 triplex
3130 2198 3214 2239 est
3242 2188 3398 2239 ordo.
3431 2186 3564 2240 Aliae
3594 2188 3738 2239 enim
3773 2189 4092 2250 hominem.

2505 2276 2610 2331 hoc
2647 2286 2731 2330 est
2767 2278 3005 2329 animam
3060 2292 3183 2329 eum
3220 2292 3450 2345 corpore
3484 2288 3701 2331 ornant.
3735 2278 3865 2333 Alia:
3901 2293 3933 2330 a
3965 2295 4097 2330 cor-

2502 2383 2638 2435 pore
2666 2369 2903 2421 animam
2954 2377 3212 2435 purgant,
3271 2377 3329 2422 et
3378 2368 3446 2421 ad
3496 2370 3732 2437 seipsain
3791 2380 4088 2431 revocant,

2501 2474 2623 2529 qua:
2668 2460 2890 2528 quidem
2952 2459 3252 2528 purgativas
3313 2457 3595 2510 dicuntur.
3646 2460 3781 2511 Alia!
3839 2462 4088 2512 animam

2509 2552 2754 2619 perfecte
2802 2562 3089 2621 purgatam
3114 2554 3170 2603 in
3203 2564 3387 2603 rerum
3411 2565 3534 2617 qua:
3562 2550 3846 2602 intellectu
3897 2552 4091 2616 perci-

2503 2645 2733 2713 piuntur
2787 2643 3256 2711 contemplatione
3306 2650 3607 2701 exerceant,
3664 2656 3785 2708 qua:
3850 2643 4085 2697 cuidem

2498 2736 2941 2804 contemplativa!
3004 2744 3170 2802 atque
3235 2734 3639 2787 intellectuales
3703 2732 4082 2800 appellantur.

2498 2827 2565 2880 Et
2595 2828 2698 2879 alia
2728 2826 2947 2894 quidem
2971 2827 3089 2888 Dei“,
3124 2826 3231 2878 alia
3277 2826 3474 2893 angeli,
3498 2826 3599 2877 alia
3622 2823 3862 2876 hominis
3899 2826 4086 2877 virtus

2496 2929 2604 2972 est.
2627 2917 3095 2983 Quemadmodum
3128 2916 3275 2971 enim
3305 2914 3468 2969 variae
3492 2924 3622 2967 sunt
3654 2930 3847 2967 eorum
3884 2930 4085 2966 essen-

2502 3010 2611 3073 ti:.e,
2667 3012 2737 3062 ita
2798 3018 2853 3062 et
2888 3010 3122 3061 virtutes
3172 3006 3358 3060 variae.
3401 3007 3578 3073 Atque
3617 3018 3796 3056 au'nia
3848 3002 4080 3070 quidem

2499 3099 2722 3166 proprie
2758 3096 3042 3150 rationalis
3094 3106 3199 3156 est,
3234 3104 3289 3147 et
3321 3094 3545 3147 dicitur.
3598 3093 3749 3145 Mens
3798 3101 3987 3143 autem
4020 3091 4080 3144 id

887 3197 1264 3267 intelligentia:
1313 3196 1537 3265 quidem
1593 3209 1764 3262 capax
1817 3194 1999 3247 anima
2056 3201 2161 3255 est,
2194 3192 2461 3267 intelli—C
2492 3190 2637 3258 quod
2701 3188 2900 3239 animae
2962 3196 3176 3254 praeest.
3206 3182 3546 3238 Rationalem
3618 3196 3779 3249 porro
3829 3182 4078 3234 animam

818 3292 1013 3356 gentia:
1062 3304 1232 3357 capax
1267 3289 1385 3356 ipsa
1415 3301 1635 3354 quoque
1689 3300 1845 3337 mens
1878 3302 1890 3335 :
1929 3284 2045 3336 haec
2083 3283 2304 3351 quidem
2327 3297 2394 3336 ex

817 3381 902 3432 sui
946 3383 1205 3441 essentia,
1252 3380 1340 3432 illa
1399 3395 1529 3431 vero
1574 3376 2016 3448 participatione.
2047 3374 2199 3427 Meus
2247 3374 2396 3427 enim

817 3468 922 3521 hoc
952 3471 1238 3539 privilegio
1266 3470 1462 3523 donata
1495 3476 1599 3530 est,
1642 3475 1700 3518 ut
1733 3476 1789 3520 et
1825 3466 2203 3533 intelligentia:
2227 3462 2234 3468 ’
2260 3480 2384 3533 par-

818 3560 1008 3626 ticeps,
1045 3569 1097 3611 et
1125 3575 1276 3612 mens
1304 3564 1393 3624 sit,
1429 3559 1573 3628 quod
1603 3573 1773 3611 unum
1796 3567 1852 3610 et
1882 3556 2025 3609 idem
2057 3562 2164 3607 est.
2196 3555 2391 3607 Anima

817 3662 945 3699 vero
998 3648 1372 3715 intelligentia:
1420 3662 1591 3715 capax
1648 3648 1713 3699 ad
1760 3656 1999 3698 mentem
2057 3645 2302 3711 respicit,
2340 3652 2396 3698 et

820 3740 969 3805 quasi
999 3739 1326 3792 secundario
1359 3740 1643 3792 intellectu
1684 3739 1913 3808 prieilita
1949 3746 2055 3799 est,
2097 3737 2191 3804 qui
2222 3737 2394 3791 menti

819 3830 1117 3898 primarius
1138 3840 1240 3888 est.
1269 3839 1434 3899 atque
1468 3830 1606 3884 adeo
1629 3845 1695 3883 ex
1736 3828 1947 3881 mentis
1979 3828 2395 3896 participatione

820 3920 1196 3989 intelligentia:
1233 3937 1399 3989 capax
1442 3937 1565 3975 esse
1602 3919 1816 3974 dicetur
1841 3959 1855 3981 ,
1883 3920 2027 3989 quod
2062 3918 2392 3972 benelicium

821 4024 887 4062 ex
922 4024 1019 4061 sua
1070 4011 1307 4061 essentia
1342 4025 1499 4063 mens
1533 4010 1718 4063 habet.
1774 4009 1962 4076 Itaque
2018 4009 2398 4077 intelligentiae

824 4116 996 4169 capax
1058 4111 1142 4154 est
1208 4103 1433 4166 anima,
1491 4102 1692 4156 mentis
1765 4101 2205 4170 participatione.
2257 4100 2394 4153 Cum

822 4205 969 4243 enim
1021 4194 1204 4245 anima
1261 4194 1541 4262 intelligit,
1609 4202 1664 4246 et
1726 4207 1879 4245 mens
1929 4192 1983 4244 in
2046 4192 2206 4244 nobis
2259 4205 2393 4259 ope-

826 4290 999 4346 ratur,
1065 4294 1193 4336 tunc
1249 4284 1466 4337 demum
1552 4286 1734 4337 anima
1795 4284 2172 4353 intelligentiae
2224 4297 2395 4349 capax

824 4382 880 4425 et
921 4374 1193 4443 particeps
1231 4376 1481 4429 ellicitur.
1538 4376 1748 4429 Anima:
1800 4386 1983 4428 autem
2034 4384 2236 4427 nostra:
2293 4374 2387 4425 ilia

826 4463 1115 4530 singularis
1162 4481 1318 4519 mens
1368 4476 1585 4534 praeest,
1627 4482 1747 4535 qua:
1777 4482 1903 4535 pars
1950 4478 2169 4534 quoque
2220 4464 2393 4518 nostri

825 4552 1078 4607 dicitur:
1138 4558 1294 4625 cujus
1342 4558 1605 4610 nimirum
1654 4573 1753 4610 nos
1790 4557 2042 4625 privatim
2099 4556 2391 4624 participes
2428 4548 2466 4600 Ι)

828 4658 1039 4697 sumus.
1076 4643 1350 4700 Continuo
1379 4650 1524 4701 enim
1559 4650 1625 4701 ad
1655 4649 1801 4701 illaut
1836 4648 2205 4708 ascendimus,
2251 4646 2398 4714 ejus-

828 4749 934 4801 que
975 4736 1240 4790 benelicio
1272 4740 1341 4792 ad
1375 4741 1686 4794 universam
1731 4750 1970 4793 mentem
2001 4737 2394 4800 convertimur,

829 4832 883 4877 et
915 4823 967 4876 in
1001 4840 1064 4877 ea
1083 4827 1299 4880 tandem
1328 4830 1663 4897 perficimur.

1428 4964 1580 5018 CAP.
1611 4962 1798 5017 LXIV.

844 5073 970 5145 ι-οε
1005 5086 1173 5129 mente
1217 5087 1266 5131 et
1311 5080 1513 5142 anima,
1549 5086 1597 5131 et
1650 5079 1925 5148 utriusque
1974 5077 2157 5146 [armis
2183 5091 2394 5129 earum-

1388 5165 1487 5217 que
1513 5150 1836 5218 diﬁcrentiis.

905 5256 1125 5313 Formas
1145 5259 1363 5314 duobus
1378 5260 1556 5314 modis
1581 5261 1867 5323 habemus,
1891 5259 1945 5313 iu
1968 5259 2149 5313 anima
2171 5258 2393 5328 quidem

833 5350 987 5416 quasi
1020 5352 1391 5415 subvolantes,
1438 5353 1703 5422 quasique
1737 5360 2014 5421 separatas
2061 5367 2075 5403 :
2117 5351 2173 5403 iu
2214 5359 2395 5404 mente

832 5454 965 5494 vero
998 5441 1158 5494 simul
1206 5458 1414 5497 omnes.

905 5531 1054 5587 Mens
1077 5542 1257 5587 autem
1290 5536 1394 5589 alia
1424 5544 1509 5590 est
1537 5533 1953 5605 participatione
1982 5572 1996 5595 ,
2031 5546 2152 5601 qua
2181 5532 2393 5586 rectius

834 5621 1097 5691 ιλλειὲιίῖκις
1138 5627 1321 5695 νοερὰ,
1372 5642 1467 5682 seu
1518 5627 1845 5681 illuminatio
1869 5623 2253 5679 intellectualis
2303 5636 2396 5689 ap-

835 5716 1086 5782 pellatur,
1118 5716 1223 5770 alia
1254 5732 1386 5771 vero
1432 5718 1759 5773 essentialis.
1784 5717 1902 5773 lam
1932 5731 2086 5771 mens
2112 5730 2234 5784 quae
2271 5729 2397 5783 par-

835 5805 1148 5874 ticipatione
1171 5818 1405 5877 constat,
1429 5823 1494 5865 ea
1532 5816 1618 5865 est
1655 5822 1776 5879 qua:
1806 5810 1999 5862 anima:
2024 5805 2396 5861 communica-

2502 3278 2835 3332 irrationalis
2863 3277 3068 3337 anima,
3095 3277 3381 3343 ipsumque
3403 3274 3597 3326 animae
3630 3274 3833 3324 idolum
3870 3275 4082 3326 subse-

2500 3370 2705 3438 quitur.
2760 3369 2877 3423 Jam
2909 3384 3004 3436 per
3035 3381 3227 3419 omnes
3268 3366 3590 3432 angelorum
3640 3363 3869 3416 ordines
3897 3366 4082 3418 virtus

2499 3462 2847 3522 diffunditur,
2901 3474 3023 3527 quae
3054 3458 3161 3509 ἀπὸ
3205 3456 3310 3507 τῶν
3345 3454 3637 3521 Serapbim
3672 3454 3885 3520 incipit.
3926 3454 4082 3507 Deus

2498 3562 2680 3605 autem
2729 3564 2895 3619 supra
2950 3548 3229 3609 virtutem,
3283 3559 3445 3598 omne
3468 3546 3690 3608 bonum,
3739 3558 4079 3614 omnemque

2498 3642 2893 3711 perfectionem
2921 3638 3317 3707 supereminet.

3104 3748 3256 3803 CAP.
3284 3746 3470 3801 LXVI.

2496 3844 2628 3897 Item
2673 3845 2735 3896 de
2766 3840 3065 3901 virtutibus,
3104 3848 3150 3890 et
3198 3854 3289 3890 sea:
3335 3836 3585 3905 gradibus
3634 3851 3841 3899 earum,
3885 3854 4073 3904 φυσι-

2602 3915 2699 3980 κὴ,
2723 3912 2923 3979 ἠθικὴ,
2943 3910 3245 3973 πολιτικὴ,
3280 3906 3627 3973 θεωρητικὴ.
3662 3910 4005 3973 decumum}.

2571 4026 2842 4079 Virtutum
2867 4024 3066 4093 gradus
3094 4036 3187 4075 sex
3212 4034 3331 4073 esse
3352 4019 3732 4087 perhibentur.
3764 4018 3886 4070 Alia
3920 4019 4077 4072 enim

2497 4120 2670 4173 virtus
2714 4118 2979 4172 naturalis
3020 4123 3124 4177 est,
3175 4129 3297 4182 qua:
3340 4112 3560 4181 quidem
3601 4112 3653 4162 in
3688 4110 3820 4161 feris
3850 4126 4077 4178 quoque

2496 4209 2949 4279 deprehenditur.
3015 4207 3133 4258 Alia
3194 4203 3453 4262 moralis,
3520 4216 3627 4268 qua
3686 4200 4077 4266 imperitorum

2497 4316 2712 4371 quoque
2764 4297 3009 4353 nonnulli
3064 4295 3278 4365 prmditi
3327 4300 3473 4345 sunt.
3526 4291 3642 4343 Alia
3703 4290 3901 4352 civilis,
3950 4306 4077 4357 qua:

2496 4399 2704 4445 ratione
2730 4401 2782 4444 et
2812 4389 3102 4458 prudentia
3161 4385 3550 4452 rempublicam
3581 4381 3920 4435 moderatur.
3951 4382 4074 4435 Alia

2497 4480 2800 4549 purgatira,
2819 4494 2937 4546 qua:
2963 4478 3237 4529 hominem
3261 4474 3329 4525 ab
3357 4474 3504 4526 omni
3534 4472 3822 4524 affectione
3850 4483 4077 4538 pertur-

2498 4574 2782 4627 bationeve
2813 4577 3025 4639 purgat.
3056 4568 3173 4621 Alia
3191 4564 3633 4632 contemplativa,
3662 4578 3781 4630 quae
3826 4572 4070 4618 mentem

2497 4662 2919 4730 contemplatur.
2963 4658 3081 4713 Alia
3142 4652 3483 4715 deificativa,
3547 4667 3669 4720 quae
3734 4652 4070 4706 diviniorem

2498 4754 2690 4807 animae
2751 4760 2954 4804 nostrae
3008 4757 3217 4818 partem
3271 4746 3493 4804 excitat,
3524 4753 3731 4797 etcum
3789 4744 3909 4810 ipsa
3956 4745 4070 4799 Deo

2497 4845 2797 4913 conjungit,
2826 4852 2988 4911 atque
3019 4840 3265 4894 divinum
3310 4837 3551 4890 favorem
3603 4835 3871 4888 immittit.
3925 4834 4070 4888 Sunt

2497 4954 2628 4991 vero
2680 4940 2797 4991 aliae
2845 4949 3063 5005 quoque
3125 4933 3211 4984 his
3256 4930 3569 4998 superiores
3621 4926 3871 4978 virtutes.
3932 4927 4070 4981 Alia

2497 5030 2717 5098 quidem
2769 5038 3022 5095 tanquam
3069 5025 3399 5092 reliquarum
3434 5021 3695 5071 virtutum
3733 5018 4018 5085 exemplar
4051 5056 4068 5080 ,

2497 5122 2615 5174 alia:
2646 5120 2945 5174 essentiam
2971 5130 3188 5170 omnem
3220 5111 3612 5165 transcendunt
3646 5128 3657 5161 :
3691 5122 3811 5177 quae
3840 5108 4069 5175 quidem

2496 5228 2603 5266 non
2626 5220 2752 5265 sunt
2776 5208 3100 5267 accidentia,
3124 5202 3581 5275 quemadmodum
3602 5211 3811 5253 ctetene
3832 5198 4071 5252 virtutes

2497 5304 2659 5357 nobis
2702 5302 2951 5356 accidere
3000 5297 3217 5352 solent:
3269 5295 3367 5350 sed
3422 5292 3847 5353 'mtelleetuales,
3898 5300 4069 5359 atque

2497 5391 2985 5462 superesseutiales
3015 5387 3288 5444 essentia.

3085 5502 3237 5559 CAP.
3258 5498 3468 5555 LXVII.

2637 5600 2714 5653 De
2747 5598 3018 5654 uirtutibus
3041 5596 3223 5668 quibus
3257 5597 3412 5649 homo
3426 5590 3690 5663 perlectus
3719 5586 3919 5642 evadit.

2566 5712 2700 5767 Tres
2729 5721 2856 5767 sunt
2889 5711 3118 5764 virtutes
3133 5706 3330 5778 quibus
3348 5706 3513 5759 homo
3542 5702 3815 5773 perfectus
3834 5699 4062 5756 evadit:

2498 5805 2787 5868 sanctitas,
2853 5817 2972 5870 qua:
3031 5800 3095 5854 ad
3151 5801 3320 5855 Deum
3392 5796 3687 5853 ascendere
3742 5792 4033 5850 contendit
