4274 6382
285 402 422 465 1193

1546 402 1951 467 TIIESAURI
1981 406 2127 467 LIB.
2173 408 2255 468 Ii.

3391 414 3529 479 119ι

272 514 428 581 quasi
456 511 697 566 hominis
714 510 880 567 vitam
909 512 1023 569 Deo
1044 526 1412 569 consecratis:
1440 515 1857 584 alterajustitia,
1889 517 1931 573 Α
1964 517 2112 583 psit?
2145 516 2239 569 sed
2283 520 2538 583 praeclare
2587 522 2869 576 nobiscum
2918 535 3133 593 agatur,
3164 526 3204 580 si
3252 542 3350 581 nos
3387 528 3531 598 ipsos

265 618 390 671 qua:
435 602 600 655 rebus
632 604 955 658 necessariis
1004 604 1255 672 providet
1288 622 1302 661 :
1338 606 1502 659 tertia
1551 604 1845 673 prudentia

267 707 389 763 quae
440 692 599 747 nobis
656 694 791 763 ipsis
847 695 1012 748 vitam
1088 696 1465 765 intelligenti.e
1526 697 1844 765 perticipem

270 784 687 838 accommodare
742 785 951 838 studet.
998 785 1131 840 Nam
1196 786 1489 839 sanctitate
1547 802 1671 838 cum
1739 802 1846 839 uno

270 882 431 940 atque
488 888 614 927 cum
665 873 779 927 Deo
838 877 1281 945 conjungimur:
1326 875 1540 944 justitia
1595 891 1723 929 vero
1782 878 1847 931 iis

268 965 645 1033 providemus.
674 978 795 1031 qua:
820 966 1079 1021 inferiora
1104 976 1233 1021 sunt
1262 985 1275 1019 :
1304 968 1591 1035 prudentia
1613 969 1846 1034 denique

265 1056 549 1110 scientiam
591 1056 920 1111 inetl‘abilem
978 1058 1385 1126 consequimur.
1445 1058 1564 1112 Jam
1623 1059 1846 1112 moralis

269 1148 446 1198 virtus
463 1161 493 1198 a
518 1147 803 1213 prudentia
828 1150 1075 1202 exoritur
1098 1194 1106 1201 .
1134 1166 1233 1203 nec.
1260 1152 1496 1209 actione.
1521 1151 1618 1222 sed
1656 1165 1840 1204 rerum

273 1253 375 1292 usu
419 1250 786 1307 comparatur.
847 1239 919 1292 Ea
980 1255 1144 1309 porro
1174 1241 1393 1295 virtutis
1425 1241 1690 1295 divinitas
1740 1252 1841 1304 est,

273 1336 332 1381 ut
376 1330 562 1381 omnia
623 1343 744 1395 quae
795 1337 923 1380 sunt
980 1332 1033 1381 in
1084 1344 1263 1384 rerum
1328 1343 1524 1385 natura
1583 1340 1840 1399 permeet.

197 1433 203 1440 '
271 1417 524 1471 Estenim
553 1419 981 1484 supercmlestis,
1003 1422 1452 1489 sutiermundana
1486 1432 1540 1477 et
1568 1423 1843 1477 mundana

271 1508 465 1561 virtus.
526 1506 660 1562 Item
718 1509 1129 1577 intellectualis,
1178 1512 1461 1578 animalis,
1504 1515 1751 1583 angelica
1792 1521 1846 1565 et

270 1600 533 1665 humana.

340 1688 437 1741 Est
472 1703 603 1743 vero
626 1689 926 1745 virtutibus
967 1707 1100 1745 suus
1128 1693 1281 1761 quasi
1336 1693 1481 1756 fons,
1517 1694 1673 1761 cujus
1730 1705 1841 1748 tum

268 1776 487 1833 demum
515 1782 807 1851 participes
838 1782 1127 1843 eilicimur.
1160 1800 1284 1838 cum
1318 1785 1632 1853 particulari
1675 1786 1843 1837 intel-

1957 606 2254 659 virtutibus
2287 608 2542 663 civilibus
2570 627 2834 669 exornare
2868 632 3163 684 possnnus.

2574 740 2728 798 CAP.
2762 745 2921 799 LXX.

2526 837 2655 889 IIem
2681 840 2742 891 de
2766 842 2967 894 animo.

2031 942 2220 997 Anima
2287 946 2574 1000 rationalis
2615 958 2697 1001 est
2721 955 2958 1003 essentia
3020 957 3229 1013 tenuis.
3285 959 3528 1011 materia:

1954 1043 2008 1087 et
2031 1033 2216 1087 forma:
2239 1050 2453 1103 expers.
2492 1048 2647 1106 typus
2676 1052 2730 1094 et
2762 1043 2938 1113 imago
2973 1044 3090 1099 Dei.
3130 1048 3317 1100 Anima
3366 1065 3533 1118 porro

1952 1141 1983 1180 ι
2039 1127 2243 1181 Graecis
2272 1128 2418 1195 ψυχὴ
2459 1130 2665 1183 dicitur
2698 1133 2782 1185 διὰ
2816 1140 2875 1186 τὸ
2897 1138 3113 1207 ψύχειν,
3148 1140 3266 1209 ἦτοι
3306 1141 3392 1193 διὰ
3436 1144 3535 1203 τῆς

1952 1219 2159 1279 οἰκείας
2215 1222 2497 1288 ἐνεργείας
2560 1222 2844 1284 ζωοποιεῖν
2901 1230 2961 1279 τὸ
3017 1234 3174 1297 σῶμα
3212 1274 3223 1291 ,
3285 1233 3390 1286 hoc
3451 1245 3536 1287 est

1952 1318 2238 1376 prOpterea
2299 1312 2441 1378 quod
2476 1327 2675 1382 corpus
2706 1316 3013 1383 refrigeret.
3066 1325 3396 1392 propriaque
3432 1342 3525 1379 ac-

1954 1398 2100 1452 tione
2151 1401 2403 1454 vivificet.
2442 1403 2633 1458 Anima
2693 1409 2974 1461 rationalis
3002 1422 3085 1464 est
3118 1416 3342 1466 ntult'riu
3402 1433 3534 1469 con-

1953 1501 2102 1543 stans
2147 1493 2309 1553 actio.
2341 1510 2461 1562 quae
2501 1497 2727 1563 spiritus
2762 1502 3029 1555 beneﬁcio
3061 1506 3315 1573 sanguini
3342 1508 3532 1568 vitam.

1952 1582 2215 1644 calorem,
2271 1594 2324 1637 ct
2380 1599 2587 1639 motum
2640 1594 2973 1658 suppeditat.
3015 1594 3135 1649 Vita
3173 1610 3355 1651 autem
3410 1601 3534 1652 ani-

1952 1672 2109 1724 malis
2174 1680 2260 1725 cst
2312 1673 2541 1731 facultas
2576 1682 2872 1735 materialis
2928 1689 3099 1739 activa
3150 1698 3204 1739 et
3252 1690 3532 1752 sensitiva,

1951 1778 2057 1830 qua
2114 1777 2315 1832 corpus
2354 1780 2588 1835 constat,
2652 1773 2800 1827 Mens
2861 1779 3143 1830 rationalis
3199 1782 3534 1840 Se-nsusille.

270 1871 491 1938 “genua
514 1875 734 1941 longum
773 1874 951 1937 valere
978 1875 1149 1945 iussa,
1189 1876 1585 1945 perfectissime
1617 1876 1849 1931 Virtutes
1880 1866 1922 1920 Β
1951 1869 2060 1921 quo
2109 1856 2345 1910 animant
2406 1862 2765 1916 inunuitalem
2797 1876 2849 1919 et
2885 1867 3257 1936 intelligentiae
3312 1874 3540 1937 νεα-Πτίσ-

268 1976 462 2016 omnes
493 1961 862 2029 exsequimur.

849 2100 1006 2156 CAP.
1047 2101 1279 2156 LXVIII.

268 2204 348 2259 De
394 2207 690 2273 uirtutibus,
730 2220 778 2265 et
839 2228 1045 2284 earum,
1088 2213 1279 2276 ﬁnibus
1333 2215 1747 2284 μετριοπάθεια
1802 2225 1851 2269 et

924 2283 1200 2337 ἀπάθεια.

340 2391 593 2446 Civilium
624 2394 844 2463 quidem
881 2396 1172 2461 virtutum,
1196 2412 1289 2452 seu
1310 2399 1580 2453 exteriora
1611 2399 1852 2453 hominis

262 2489 646 2541 exornantium
674 2491 1207 2558 petpiondfieta,seu
1243 2492 1593 2547 aﬂ'ectionum
1634 2494 1849 2554 modus,

265 2576 392 2632 linis
420 2588 525 2640 est,
578 2596 703 2647 qua:
759 2582 981 2649 quidem
1034 2583 1101 2636 ad
1155 2584 1448 2637 humanam
1507 2586 1847 2651 societatem,

263 2684 388 2734 qua:
437 2684 468 2721 ε
524 2670 725 2725 damno
771 2674 966 2728 vicinis
1020 2674 1311 2728 inferendo
1357 2688 1533 2739 cavet,
1593 2688 1846 2748 tanquam

262 2757 330 2810 ad
360 2773 581 2826 scopum
613 2764 991 2828 respicientes,
1021 2779 1050 2815 a
1078 2768 1502 2834 congregatione
1543 2780 1848 2838 mutuaque

176 2858 183 2862 ‘
264 2843 648 2899 benevolentia
679 2850 871 2903 civiles
896 2852 1185 2905 dicuntur.
1224 2854 1643 2924 Purgativaruin
1666 2871 1847 2914 autem

262 2932 525 2987 virtutum
561 2937 685 2992 finis
714 2942 973 3004 ἀπάθεια,
1016 2959 1109 2996 seu
1153 2947 1545 3013 impatihilitas.
1578 2950 1842 3005 Contem-

263 3027 587 3091 plativarum
623 3043 786 3096 porro
834 3031 927 3085 Dei
978 3036 1328 3087 assimilatio.
1366 3040 1543 3107 Atque
1592 3042 1697 3093 alio
1729 3045 1849 3110 qui-

256 3118 389 3179 dem
438 3118 603 3167 modo
673 3122 1056 3187 temperantia,
1108 3124 1419 3191 prudentia,
1483 3128 1747 3185 fortitudo
1794 3145 1848 3187 et

255 3205 467 3273 justitia
494 3207 546 3259 in
586 3211 887 3266 virtutibus
951 3215 1233 3279 civilibus,
1283 3219 1391 3270 alio
1425 3221 1476 3271 in
1521 3226 1841 3291 purgativis,
1875 3213 1917 3269 (ἶ

259 3295 370 3347 alio
384 3295 620 3366 denique
649 3301 701 3353 in
724 3306 1165 3370 contemplativis
1183 3308 1428 3361 considet
1444 3322 1625 3366 antur.
1644 3313 1848 3368 Iterum

256 3386 407 3439 enim
429 3390 795 3455 subjectarum
834 3392 1002 3453 modi.
1028 3396 1297 3450 virtutum
1316 3414 1537 3469 quoque
1560 3405 1857 3460 facultates.

261 3480 635 3533 nominantur.
668 3480 735 3536 Et
779 3485 871 3552 qui
925 3488 1228 3555 majoribus
1265 3492 1528 3558 praeditus
1547 3506 1630 3547 est
1672 3500 1843 3550 virtu-

260 3568 427 3632 tibus,
471 3573 612 3625 idem
658 3583 715 3627 et
754 3580 1065 3633 minoribus
1111 3584 1375 3647 praeditus
1426 3596 1532 3640 est.
1565 3587 1666 3652 Qui
1714 3606 1847 3645 vero

263 3660 574 3716 minoribus
604 3675 776 3729 caret,
814 3666 958 3721 idem
992 3674 1295 3738 majoribus
1325 3691 1545 3748 quoque
1566 3683 1846 3749 caret,nisi

265 3750 333 3803 ad
368 3752 490 3807 illas
511 3755 850 3821 proﬁcieudo
883 3767 1166 3817 ascendat.

776 3918 779 3919 '
865 3899 1018 3954 CAP.
1057 3902 1223 3957 LXIX

329 4001 407 4057 De
440 4005 743 4063 uirtutibus.
772 4009 879 4065 Deo
906 4012 1107 4068 similes
1132 4019 1294 4071 variis
1324 4021 1489 4073 modi:
1514 4022 1787 4090 efﬁcimur.

332 4135 454 4190 Non
489 4154 595 4197 nua
626 4141 931 4213 eademque
975 4162 1211 4203 numero
1260 4151 1354 4205 Dei
1397 4148 1701 4212 similitudo
1737 4170 1845 4227 est,

260 4226 374 4281 imo
395 4227 626 4285 diversa:
667 4243 813 4287 sunt.
845 4235 945 4288 -l|li
998 4240 1145 4291 enim
1204 4241 1412 4296 similes
1456 4246 1742 4303 evadimus
1790 4262 1845 4306 et

260 4318 504 4374 civilium
544 4324 811 4379 beneﬁcio
859 4327 1149 4394 virtutum,
1201 4334 1295 4385 sed
1355 4322 1647 4390 obscurius
1681 4350 1843 4409 atque

261 4410 1124 4487 tenebricosius.'Purgativarum
1147 4438 1367 4493 quoque
1396 4427 1663 4482 beneﬁcio
1694 4432 1846 4486 simi-

258 4500 340 4554 les
392 4502 467 4554 illi
514 4506 801 4569 elliczimur,
852 4511 948 4562 sed
994 4517 1331 4579 expressius.
1394 4520 1845 4591 Cortetnplativte
1876 4547 1923 4604 ι)

260 4593 487 4661 insuper
517 4611 617 4649 nos
652 4599 702 4651 ei
747 4600 957 4655 similes
990 4603 1258 4669 eﬂiciunt,
1291 4610 1384 4662 sed
1418 4614 1582 4665 etiam
1617 4617 1839 4674 clarius.

256 4673 592 4742 Deilicativis
648 4692 887 4763 denique
944 4698 1238 4753 virtutibus
1287 4701 1397 4755 Deo
1443 4705 1649 4760 similes
1678 4709 1846 4764 cilici-

258 4790 403 4837 mur,
467 4796 564 4847 per
611 4798 751 4851 quas
809 4802 935 4839 vere
987 4788 1209 4844 demum
1264 4798 1700 4861 praestantiorem
1748 4802 1842 4857 Dei

254 4861 675 4922 similitudinem
701 4876 1111 4942 consequimur.
1131 4879 1448 4937 Animarum
1476 4889 1621 4940 enim
1656 4892 1843 4959 expia-

257 4955 350 5017 tio.
401 4965 456 5010 et
506 4974 699 5015 eorum
731 4980 854 5034 qua:
901 4978 1031 5022 sunt
1071 4976 1483 5045 contemplatio,
1526 4996 1636 5034 non
1692 4988 1841 5041 omni

254 5060 321 5099 ex
344 5062 497 5115 parte
530 5053 642 5109 Deo
675 5069 805 5111 sunt
826 5061 1055 5116 similes.

325 5139 419 5195 Ille
450 5148 594 5199 enim
652 5152 1023 5219 expiationem
1054 5172 1275 5213 omnem
1328 5172 1383 5216 et
1416 5168 1839 5237 contemplatio-

251 5246 390 5285 nem.
425 5249 736 5306 exsuperat.
793 5244 897 5299 Sed
950 5247 1179 5304 facultas
1235 5253 1346 5315 illa,
1380 5271 1501 5324 quae
1556 5260 1835 5318 hominem

248 5320 487 5389 deitieat,
520 5333 761 5386 materiae
794 5336 1085 5402 subducit,
1113 5352 1277 5411 atque
1321 5320 1410 5398 ab-
1434 5348 1726 5406 eﬂ’ectibus
1763 5356 1835 5412 ita

247 5413 465 5481 liberat.
524 5432 583 5476 ut
633 5426 868 5481 alterum
928 5433 1121 5486 eadem
1183 5436 1530 5497 deiticatione
1579 5458 1835 5514 praestare

247 5512 564 5577 possit,illa,
592 5517 839 5587 inquam,
859 5523 1255 5587 perfeCtissima
1278 5530 1373 5586 Dei
1399 5512 1702 5595 similitudo
1725 5554 1828 5599 est.

245 5602 335 5656 Ait
370 5606 515 5659 enim
550 5608 693 5665 Deus
740 5613 793 5667 in
837 5615 1188 5689 Evangeliis:
1229 5624 1333 5690 Qui
1374 5642 1592 5698 separat
1627 5640 1833 5703 pretio-

243 5709 366 5748 sum
386 5712 415 5750 a
440 5699 556 5762 vili.
584 5704 739 5770 quasi
767 5719 830 5760 os
850 5722 1032 5763 meum
1053 5712 1178 5766 erit.
1198 5713 1392 5773 Viden‘
1415 5699 1693 5790 quomodo
1710 5730 1830 5786 dei-

242 5789 470 5846 ﬂCatira:
494 5795 690 5849 virtuti
711 5798 1056 5857 verissimam
1078 5802 1173 5858 Dei
1201 5789 1635 5872 similitudimem
1658 5824 1829 5879 ascri-

568 5890 843 5953 I’naoe.
881 5896 998 5957 Gn.
1040 5897 1390 5986 CXXXIX.

1957 1957 2081 2010 pem
2140 1949 2597 2015 contemplamur.
2653 1953 2807 2017 Item,
2861 1973 3015 2012 mens
3071 1972 3155 2013 eSt
3207 1963 3535 2030 incorporea

1954 2035 2110 2096 visio,
2139 2053 2261 2104 quae
2296 2041 2431 2092 citra
2456 2042 2698 2097 laborem
2734 2050 2917 2102 omnia
2946 2066 3067 2118 quae
3096 2063 3225 2106 sunt
3265 2055 3318 2108 in
3346 2071 3531 2109 rerum

1952 2137 2146 2179 natura
2178 2128 2462 2185 discurrit.

2565 2271 2715 2327 CAP.
2748 2274 2933 2331 LXXI.

1954 2356 2031 2412 De
2069 2360 2375 2446 animar'mrt
2411 2362 2463 2446 in
2486 2380 2710 2431 corpora
2744 2370 3122 2446 insinuatione.
3179 2372 3529 2446 PhilosOpItiie

2258 2433 2578 2500 dtﬂicdh’ma
2613 2454 2826 2506 qua‘que
2856 2442 3038 2507 [acilia
3075 2454 3218 2497 siuti.

2023 2541 2212 2596 Modus
2240 2560 2351 2613 quo
2391 2546 2582 2600 anima:
2625 2549 2677 2601 in
2705 2565 2930 2619 corpora
2988 2553 3367 2622 insinuantur,
3412 2574 3535 2626 per-

1952 2633 2079 2686 inde
2137 2644 2302 2703 atque
2358 2637 2444 2701 is,
2525 2654 2635 2706 quo
2686 2640 2814 2693 hinc
2873 2644 3077 2696 eaedem
3126 2662 3153 2697 a
3208 2650 3537 2715 corporibus

1950 2725 2332 2778 dissolvuntur
2386 2737 2481 2781 aut
2529 2743 2877 2797 separantur.
2938 2747 2993 2786 et
3024 2736 3400 2805 ambiguitatis
3448 2756 3536 2792 re-

1953 2814 2301 2881 Iertissimus,
2360 2828 2415 2870 et
2467 2822 2688 2887 cognitu
2746 2822 3107 2879 dilIicillimus
3149 2840 3254 2881 est.
3289 2830 3535 2894 Quonam

1950 2906 2096 2957 enim
2135 2908 2296 2959 modo
2330 2910 2505 2975 prima
2540 2912 2628 2962 illa
2662 2914 3062 2968 elementorum
3097 2928 3534 2986 temperameuta

1953 2995 2006 3048 in
2064 2996 2224 3049 nobis
2288 2998 2420 3065 ipsis
2472 3002 2728 3062 coierint.
2777 3021 2936 3057 nemo
2983 3018 3066 3061 est
3122 3012 3390 3074 omnium,
3441 3015 3535 3081 qni

1951 3088 2279 3140 meminerit.
2339 3090 2608 3144 Pra'terea
2656 3094 2747 3147 illa
2776 3098 3115 3165 singulorum
3174 3104 3535 3159 animantium

1952 3178 2241 3231 dissolutio
2267 3178 2488 3242 futuris,
2526 3185 2758 3237 necdum
2791 3188 2965 3247 factis.
2997 3195 3163 3245 rebus
3190 3207 3533 3249 aceensctur.

1951 3270 2053 3335 Qui
2088 3271 2203 3324 lteri
2240 3287 2371 3340 ergo
2402 3283 2598 3341 potest.
2641 3288 2697 3331 ut
2743 3295 2933 3334 eorum
2972 3287 3110 3337 ratio
3170 3303 3198 3339 a
3257 3305 3536 3357 quoquam

1954 3363 2233 3425 reddatur,
2286 3381 2519 3433 quorum
2576 3384 2675 3423 nec
2753 3377 3026 3436 meminit.
3084 3394 3181 3431 nec
3234 3384 3538 3447 p--riculum

1951 3454 2125 3507 fecit?
2160 3457 2361 3511 Verum
2391 3462 2673 3515 enimvero
2709 3466 2835 3532 quia
2867 3469 3001 3523 nihil
3033 3482 3139 3523 tam
3166 3477 3399 3530 arduum
3433 3492 3538 3544 est,

1954 3547 2102 3615 quod
2136 3549 2480 3619 philosophia
2516 3555 2769 3624 improbo
2804 3560 2989 3616 labore
3032 3580 3137 3617 non
3165 3569 3402 3633 evincat,
3431 3572 3538 3623 imo

1951 3654 2083 3693 vero
2114 3642 2163 3693 ei
2194 3642 2339 3694 dictu
2371 3642 2549 3699 facilia
2577 3660 2724 3712 sunt,
2760 3667 2879 3719 quae
2929 3656 3063 3708 alias
3098 3657 3397 3715 iueIIabiIia
3438 3682 3446 3714 :
3481 3675 3537 3717 et

1950 3730 2220 3799 cxplicatu
2266 3732 2543 3799 facillima,
2594 3755 2714 3807 qua:
2756 3744 3007 3799 intricata
3052 3752 3289 3805 maxime
3323 3755 3538 3822 perple-

1953 3837 2128 3888 xaque
2183 3824 2421 3887 videtur.
2481 3827 2687 3884 idcirco
2717 3835 2783 3885 ah
2825 3836 2913 3890 illa
2969 3855 3160 3893 eorum
3215 3845 3281 3898 de
3333 3847 3537 3915 quibus

1951 3912 2246 3967 addubitas
2269 3917 2572 3973 solutiones
2606 3922 2705 3976 tibi
2739 3929 3053 3983 mutuanda:
3090 3944 3242 3988 sunt.

2537 4056 2689 4110 CAP.
2731 4058 2942 4116 LXXII.

1950 4161 2193 4229 Quatuor
2236 4170 2486 4239 exemplis
2519 4177 2826 4232 animarum
2884 4182 2935 4233 in
2967 4200 3188 4253 corpora
3238 4192 3533 4249 insinuatio

2530 4248 2957 4306 demonstratur.

2038 4347 2227 4417 Itaque
2256 4352 2337 4419 (ut
2371 4354 2474 4409 hoc
2504 4359 2676 4425 primo
2699 4365 3074 4425 expediamusi
3105 4371 3530 4434 insinuationem

1948 4437 2096 4492 illam
2137 4444 2443 4501 animarum
2482 4450 2536 4503 in
2590 4468 2817 4520 corpora
2853 4474 2982 4511 eave
3033 4477 3354 4529 eorpoream
3410 4474 3527 4524 evi-

1949 4533 2136 4583 stimes
2164 4544 2253 4587 aut
2282 4537 2519 4591 animam
2561 4557 2681 4609 quae
2710 4560 2945 4613 superne
2986 4550 3301 4611 dimittitur.
3340 4575 3527 4614 neces-

1952 4620 2097 4672 sario
2127 4622 2194 4673 ad
2231 4638 2429 4691 corpus
2457 4631 2741 4697 applicari.
2774 4645 2867 4687 aut
2908 4637 3174 4694 diuturno
3203 4646 3251 4697 in
3287 4649 3337 4699 id
3375 4663 3527 4707 motu

1950 4708 2231 4777 inspirari,
2269 4728 2362 4766 ant
2402 4716 2615 4773 inferne
2652 4725 2792 4777 trahi
2829 4730 3145 4796 aspirative,
3180 4748 3273 4789 aut
3298 4752 3530 4797 eraera

1951 4804 2094 4870 rapi,
2150 4815 2246 4859 aut
2315 4823 2416 4875 per
2471 4812 2708 4878 narium,
2765 4819 2847 4871 vel
2900 4826 3170 4890 corporis,
3230 4830 3313 4883 vel
3363 4835 3527 4888 etiant

1948 4895 2193 4950 incertos
2252 4900 2390 4955 alios
2449 4906 2714 4972 quosdam
2753 4922 2986 4975 meatus,
3032 4932 3143 4971 non
3174 4935 3330 4977 secus
3365 4938 3530 4995 atque

1948 5003 2047 5057 per
2076 4993 2339 5059 quasdam
2368 4996 2537 5060 fores,
2571 5001 2778 5070 ingredi
2810 5017 2989 5073 putes.
3019 5011 3129 5066 Nee
3166 5015 3253 5068 illa
3289 4993 3530 5077 hominis

1944 5082 2169 5150 agitatio
2195 5087 2394 5139 similia
2424 5090 2700 5143 similibus
2732 5111 3015 5164 aggerens.
3054 5105 3270 5161 animas
3322 5112 3373 5163 in
3402 5129 3529 5165 cor-

1941 5188 2075 5242 pora
2126 5174 2387 5230 detrudit.
2443 5179 2555 5234 Nec
2604 5185 2845 5241 ccclestis
2888 5190 3136 5257 inﬂuxit).
3202 5201 3271 5253 ab
3315 5205 3530 5262 oriente

1941 5268 2268 5335 procedens.
2303 5272 2526 5327 easdem
2561 5288 2736 5346 urget,
2769 5282 2982 5339 introvc
3018 5291 3170 5356 pellit
3201 5311 3215 5346 :
3248 5313 3349 5351 nec
3379 5290 3526 5355 enim

1942 5362 2122 5415 anima
2156 5374 2416 5433 tanquam
2444 5384 2508 5421 ex
2547 5384 2907 5443 apostemate,
2938 5393 3035 5435 aut
3077 5400 3320 5453 secessu,
3350 5410 3530 5453 neque

1938 5456 2285 5523 circuitione,
2330 5476 2583 5531 nequose
2621 5469 2883 5534 paulatim
2919 5481 3192 5535 movendo
3219 5488 3282 5536 ad
3327 5461 3532 5557 rurpizs

1938 5550 2180 5617 appellit.
2216 5553 2379 5622 eique
2424 5557 2796 5626 coujnngitur.
2833 5565 2938 5618 Sed
2975 5570 3055 5636 (ut
3110 5588 3225 5627 rem
3260 5550 3532 5650 exemplis

1938 5638 2233 5711 illustrem)
2289 5646 2761 5711 quemadmodum
2811 5668 2841 5708 e
2888 5658 3067 5713 nihilo
3095 5638 3527 5736 progressus-ad

1938 5745 2126 5784 rerum
2161 5741 2414 5788 naturam
2448 5736 2565 5793 fieri
2611 5744 2776 5807 solet,
2820 5744 2895 5801 ita
2942 5753 3110 5807 etiam
3144 5756 3233 5811 illa
3275 5762 3527 5822 conferta

1936 5825 2093 5881 simul
2129 5838 2185 5882 et
2219 5827 2339 5885 sine
2369 5840 2519 5887 motu
2548 5838 2818 5906 procedit.

3053 5941 3130 6005 38
