4274 6382
803 341 950 404 1195

2055 344 2348 406 NlCE'l‘.-E
2389 348 2788 413 CHONIAI‘.E

3886 356 4026 435 iig's

873 455 938 507 lit
969 450 1429 521 quemadmodum
1479 464 1506 500 a
1545 449 1676 502 solis
1699 461 1822 502 Ollll
1861 463 2053 503 uineta
2089 450 2201 502 "ine
2253 453 2356 505 ulla
2389 464 2428 517 Α
2461 461 2761 526 quastione
2792 465 3089 532 propOsita.
3114 470 3196 523 vel
3220 470 3290 525 ab
3316 474 3577 542 apostolis
3620 478 3897 538 traditum,
3940 480 4025 530 vel

802 562 955 600 inora
979 546 1340 602 illustrantur,
1366 552 1420 594 et
1450 542 1502 592 in
1534 542 1727 608 priiiiis
1749 557 1861 603 aer,
1893 542 1984 606 qui
2019 556 2117 594 nos
2143 543 2311 594 ambit
2339 559 2350 591 :

799 634 1256 704 quemadmodum
1319 632 1450 683 item
1507 630 1729 682 chorda:
1774 631 1825 681 in
1874 629 2074 681 fidibus
2108 645 2207 682 suo
2239 633 2354 684 loco

797 726 1070 792 disposita:
1102 760 1116 782 ,
1172 721 1389 774 etiamsi
1436 722 1602 789 paulo
1660 719 1878 785 longius
1950 730 2172 772 remoue
2220 721 2351 781 sint,

797 833 900 869 una
956 821 1138 866 tamen
1203 827 1326 866 cum
1393 812 1515 865 aliis
1563 819 1886 870 moventur,
1947 820 2354 878 communisque

792 909 1085 978 participes
1133 909 1313 962 fiunt:
1356 905 1814 976 quemadmodum
1873 907 2111 975 denique
2149 908 2354 962 Phthas

792 1000 878 1051 iilo
906 999 998 1066 qui
1028 999 1249 1061 dicitur,
1281 1013 1375 1050 seu
1403 997 1698 1060 Vulcanus,
1729 999 1800 1049 ita
1831 998 1951 1065 igne
1973 997 2348 1058 succi-nditur,

791 1100 850 1140 ut
908 1088 1270 1140 iiilcrinedius
1322 1101 1417 1139 aer
1467 1102 1578 1139 non
1641 1081 2134 1140 exardescatz'ita
2186 1090 2348 1138 etiam

788 1194 986 1246 corpus
1012 1177 1295 1231 confertim
1326 1187 1381 1232 et
1411 1179 1572 1231 simul
1621 1179 1688 1230 ab
1736 1179 1915 1229 anima
1969 1177 2345 1238 succenditur,

787 1279 842 1320 ct
904 1268 1236 1330 illustratur,
1294 1276 1457 1334 atque
1508 1265 1860 1319 facultatibus
1904 1266 2022 1333 ejus
2083 1268 2347 1334 repletur,

786 1367 840 1410 et
873 1357 938 1409 iis
962 1357 1164 1425 quibus
1191 1372 1374 1409 rerum
1408 1357 1775 1423 cognitionem
1802 1354 2166 1422 adipiscatur,
2193 1367 2248 1410 ct
2285 1357 2350 1410 iis

785 1449 986 1516 quibus
1016 1448 1118 1500 sibi
1148 1447 1322 1500 simile
1349 1456 1692 1515 progeneret.

855 1538 962 1590 Nec
1015 1553 1145 1590 vero
1211 1537 1300 1588 illa
1363 1536 1622 1604 paulatim
1658 1552 1752 1604 per
1799 1537 2046 1605 corporis
2105 1537 2348 1592 membra

781 1626 1129 1686 diffunditur,
1185 1641 1365 1694 neque
1428 1641 1524 1679 cor
1573 1641 1810 1694 primum
1869 1637 1964 1679 aut
2015 1628 2200 1695 liepar,
2257 1637 2350 1681 aut

779 1717 1074 1769 cerebrum
1105 1726 1369 1784 occupat,
1395 1716 1629 1784 indeque
1673 1733 1772 1784 per
1793 1725 2019 1768 caitcras
2040 1726 2223 1783 partes
2247 1718 2348 1769 dif-

778 1805 902 1859 ﬂuit
955 1823 966 1857 :

789 1898 928 1950 ferto
980 1898 1186 1950 lumine
1245 1898 1496 1950 illustrat.
1557 1898 1826 1951 Caeterum
1880 1897 2091 1949 vincula
2145 1899 2346 1965 quibus

774 1988 991 2057 corpori
1048 1987 1324 2056 alligatur,
1377 1989 1491 2041 haec
1518 1999 1665 2041 sunt.
1707 1987 2044 2040 llariiionira:
2081 1997 2341 2050 iationes,

774 2086 831 2130 ct
880 2076 1178 2130 formarum
1219 2081 1568 2131 decrementa
1620 2094 1633 2127 :
1686 2077 1890 2144 qnibus
1942 2075 1997 2127 fit
2032 2085 2172 2128 utet
2219 2079 2342 2128 uni-

771 2183 951 2232 versa,
1001 2176 1056 2220 et
1095 2167 1389 2233 singularis
1440 2175 1659 2229 natura,
1706 2165 1906 2218 deinde
1963 2180 2076 2233 Ipse
2121 2181 2340 2234 quoque

771 2273 950 2311 sermo
973 2256 1368 2320 cnuiitiaiivus,
1391 2256 1576 2309 animo
1605 2265 1923 2324 conceptus.
1957 2266 2012 2309 et
2046 2256 2337 2325 perfccws,

769 2348 954 2403 adhzec
979 2349 1092 2416 ipsa
1146 2347 1334 2401 formae
1392 2348 1746 2412 continuitas,
1792 2363 1895 2400 ima
1935 2362 2059 2400 cum
2095 2362 2342 2414 corporis

764 2439 1077 2506 aptitudine
1128 2439 1484 2491 validioribus
1532 2438 1782 2491 cedentis
1826 2436 2191 2500 l'aciilta'ibus,
2226 2452 2338 2491 non

768 2545 958 2594 parum
1010 2529 1065 2582 in
1101 2528 1215 2584 dies
1257 2527 1675 2582 imminuantur.
1722 2527 1776 2580 lii
1821 2527 1940 2594 ipso
1991 2543 2156 2596 porro
2208 2543 2340 2583 con-

767 2635 928 2673 cursu
957 2628 1254 2687 operantur
1284 2618 1604 2686 angelorum
1631 2617 1989 2686 prafecturae,
2012 2632 2134 2684 qua:
2169 2618 2335 2672 simul

764 2726 956 2763 omnes
995 2710 1232 2762 animam
1280 2723 1403 2761 rum
1453 2723 1685 2777 corpore
1724 2707 2044 2776 disponunt,
2096 2717 2151 2760 et
2201 2721 2335 2761 coii-

769 2808 1013 2853 servant.

1337 2869 1486 2922 (ῚΑΡ.
1517 2865 1748 2921 LXXIII.

765 2979 835 3032 De
865 2979 1194 3042 animarum,
1243 2980 1535 3045 prwsertim
1582 2989 1916 3040 sanctarum,
1959 2995 1990 3031 a
2029 2979 2331 3050 corporibus

1428 3063 1660 3114 egressu.

828 3139 1003 3208 Atque
1037 3139 1127 3194 hic
1157 3139 1380 3210 quidem
1413 3138 1610 3191 modus
1637 3148 1742 3201 est,
1768 3153 1878 3206 quo
1900 3139 2098 3193 animm
2125 3139 2176 3192 in
2203 3154 2327 3193 cor-

756 3243 887 3297 pora
939 3226 1311 3283 insinuantur.
1345 3228 1608 3298 Superest
1656 3236 1714 3282 ut
1740 3243 1866 3282 cuin
1921 3244 2140 3298 quoque
2193 3229 2329 3298 adji-

755 3315 916 3379 ciam,
944 3332 1054 3386 quo
1090 3317 1307 3372 tandem
1330 3333 1360 3371 a
1382 3316 1711 3386 corporibus
1745 3315 2043 3370 excedunt.
2087 3317 2327 3386 Angelus

755 3407 964 3478 itaque,
991 3418 1052 3462 ut
1079 3410 1255 3472 aiunt,
1297 3409 1384 3464 cui
1422 3409 1642 3479 quidem
1679 3408 1874 3461 animae
1905 3409 2149 3462 custodia
2182 3408 2324 3461 divi-

755 3497 902 3550 nitus
916 3496 1241 3550 demandata
1254 3506 1358 3558 est,
1375 3496 1754 3549 dissolutionis
1775 3496 2063 3550 occasione
2078 3508 2322 3564 accepta.

758 3589 905 3641 illam
969 3588 1329 3642 intellectuali
1375 3588 1582 3640 lumine
1638 3585 1993 3638 iiicffabilitcr
2048 3587 2320 3651 Illustrat,

749 3692 984 3746 moxque
1029 3677 1387 3733 defatisccnte
1431 3692 1685 3744 corpore,
1726 3693 1827 3731 nec
1873 3678 1984 3746 jam
2027 3679 2175 3732 illius
2231 3695 2320 3733 ca-

746 3782 879 3835 pace
920 3767 1068 3835 (quia
1112 3767 1372 3821 nimirum
1419 3767 1687 3835 pristinus
1739 3766 1830 3819 ille
1876 3763 2319 3838 conccntusjain

745 3858 1050 3912 dissolutus
1081 3869 1187 3919 est,
1226 3857 1664 3924 harinonicmque
1693 3855 1935 3908 rationes
1969 3871 2027 3909 se
2057 3857 2318 3925 paulatim

744 3947 1148 4016 subduxerunt)
1178 3947 1236 4002 iit
1283 3962 1432 3999 inuin
1464 3946 1734 4013 congerit,
1764 3955 1822 3998 et
1850 3945 1915 3998 ad
1959 3946 2063 3999 sibi
2116 3963 2318 4017 cogna-

747 4051 859 4092 tam
908 4039 1086 4092 lucem
1124 4038 1385 4090 retrahit.
1415 4041 1594 4105 Atque
1627 4036 1697 4090 ab
1728 4036 1831 4090 hac
1883 4039 2117 4106 caligine
2151 4051 2318 4094 mate-

743 4131 864 4184 i-iali
895 4138 1144 4198 ereptam
1176 4128 1470 4196 pralucida
1502 4128 1730 4182 materia
1769 4128 2038 4196 impertit,
2085 4127 2318 4195 ignequc

740 4222 930 4275 divino
978 4222 1170 4290 replet.
1203 4220 1315 4273 Nec
1357 4232 1489 4271 vero
1525 4217 1625 4270 tibi
1647 4231 1795 4271 nunc
1826 4230 2073 4282 quamam
2105 4233 2221 4271 mea
2247 4219 2316 4272 de

741 4317 1011 4369 variarum
1044 4316 1352 4370 animarum
1375 4314 1524 4367 exitu
1550 4312 1824 4368 sententia
1861 4313 1954 4377 sit,
1981 4312 2312 4368 edisseram:

741 4409 837 4463 sed
893 4424 1035 4471 eam,
1080 4421 1202 4475 quae
1247 4405 1449 4473 optima
1496 4403 1736 4468 videtur,
1776 4403 2086 4458 accuratius
2111 4404 2318 4459 exami-

1006 1807 1100 1859 sed
1135 1807 1295 1859 simul
1338 1807 1648 1859 universum
1692 1805 2062 1872 amplectitur,
2115 1815 2170 1858 et
2210 1821 2344 1858 con-
2378 1793 2416 1847 Β

2457 550 2525 602 ab
2567 550 2691 606 ullis
2717 553 2840 608 aliis
2866 567 3072 610 sanctis
3104 560 3358 618 Patribus
3387 565 3724 634 accepimus,
3754 582 4021 637 quantuni

2457 651 2521 691 ex
2549 640 2766 695 illorum
2815 645 3033 715 scriptis
3085 651 3279 718 coll’gc
3315 670 3344 708 e
3393 670 3614 724 possunt
3689 658 4018 714 Nostrorim

2456 744 2585 798 ergo
2627 737 2899 802 nonnulli,
2953 740 3046 808 qui
3098 756 3161 794 ea
3225 758 3346 811 qua:
3386 748 3705 802 sublimiora
3759 752 4014 809 ridentui

2455 823 2718 889 sagaciori
2751 842 3024 896 persecuti
3062 843 3189 888 sunt
3218 834 3495 904 indagine,
3531 854 3721 895 semen
3752 843 4017 907 animari,

2455 929 2578 968 cum
2617 918 2849 983 primum
2894 922 3066 978 vulva:
3094 924 3354 994 injectum
3415 939 3519 996 est,
3551 944 3869 990 constanter
3917 951 4019 990 as~

2455 1021 2634 1061 serere
2670 1024 2778 1063 non
2821 1013 3214 1071 addubitarunt
3251 1037 3264 1072 :
3317 1019 3385 1074 ita
3429 1031 3482 1074 ut
3535 1034 3768 1090 partium
3819 1034 4017 1079 neutra

2453 1101 2902 1167 composuioncm
2933 1116 3028 1159 aut
3057 1111 3352 1177 praecedat,
3387 1123 3481 1165 aut
3506 1113 3896 1182 subsequatur.

2521 1190 2833 1248 Graecorum
2861 1207 3044 1251 autem
3081 1204 3415 1270 sapientium
3444 1207 3724 1258 nonnullis
3750 1211 4008 1281 enibrvo-

2454 1295 2573 1345 nes,
2605 1296 2700 1337 seu
2733 1287 3087 1354 imperfectos
3125 1290 3179 1342 in
3222 1304 3380 1346 utero
3414 1293 3560 1348 fetus
3591 1297 3769 1349 statim
3803 1297 3872 1350 ab
3919 1302 4013 1354 illa

2455 1371 2674 1426 informi
2713 1390 2813 1430 sua
2851 1378 3022 1433 forma
3068 1382 3300 1436 animari
3356 1387 3580 1454 placuit.
3614 1389 3749 1442 Aliis
3788 1391 4010 1444 eosdem

2454 1470 2582 1517 tunc
2625 1464 2855 1519 animari
2900 1471 3073 1524 visum
3096 1484 3195 1537 est,
3238 1488 3360 1526 cum
3411 1478 3633 1548 jatnjam
3725 1480 3779 1533 in
3824 1495 4016 1535 \entre

2451 1555 2928 1611 movendiessent.
2956 1560 3095 1615 Aliis
3128 1565 3275 1622 item,
3305 1580 3428 1617 cum
3483 1583 3510 1620 a
3558 1573 3725 1623 vulva
3775 1570 4011 1625 divelle-

2454 1652 2665 1708 rentur,
2698 1647 2876 1716 etjain
2910 1648 2976 1701 ad
2999 1648 3212 1717 lapsum
3241 1665 3528 1722 partumve
3559 1660 4012 1725 disponerentur.

2448 1733 2548 1798 Qui
2582 1735 2818 1804 denique
2846 1753 2957 1792 rem
2981 1742 3250 1796 oculatius
3272 1756 3328 1798 et
3362 1748 3601 1815 pciiitius
3645 1750 3823 1802 rimati
3851 1761 4008 1814 sunt,

2445 1837 2542 1877 eos
2561 1826 2744 1878 statim
2775 1842 2802 1880 a
2841 1839 2999 1896 partu
3023 1834 3317 1903 participes
3338 1839 3534 1892 animae
3560 1840 3840 1894 rationalis
3862 1841 4009 1896 effici

2445 1914 2726 1981 dixerunt,
2756 1918 2924 1987 idque
2951 1927 3418 1992 comprehensim,
3451 1938 3707 1999 tanquam
3741 1932 3783 1986 si
3815 1933 4012 1987 divino

2446 2007 2877 2063 accenderentur
2923 2011 3152 2075 lumine,
3212 2027 3306 2070 aut
3355 2020 3420 2074 ad
3469 2022 3633 2074 vitam
3708 2023 4014 2076 inflaimnao

2445 2107 2658 2151 rentur.
2691 2099 2942 2165 Quandiu
2993 2113 3174 2158 autem
3224 2109 3363 2162 intra
3403 2111 3574 2166 vulvae
3620 2124 3772 2178 septa
3811 2115 4010 2171 clausi.

2440 2187 2704 2255 quasique
2733 2190 2966 2245 obserati
3006 2206 3248 2261 manent,
3303 2197 3370 2250 iis
3399 2200 3562 2252 vitam
3601 2202 3847 2269 quidem,
3907 2204 4009 2257 sed

2440 2288 2559 2327 eam
2590 2281 2896 2334 naturalem
2933 2294 2986 2336 et
3025 2286 3255 2340 rationis
3277 2302 3507 2356 prorsus
3538 2303 3821 2358 expertem
3876 2308 4014 2363 Stip-

2455 2366 2688 2432 pcditari
2743 2370 3152 2439 existimarunt,
3200 2387 3456 2448 tanquam
3516 2381 3700 2435 radice
3748 2385 4012 2450 quadam,

2441 2471 2564 2525 quae
2620 2459 2882 2516 umbilico
2944 2464 3132 2520 innixa
3213 2483 3374 2522 suum
3451 2471 3624 2526 vulva:
3685 2473 4011 2540 alimentum

2439 2563 2691 2622 suggerat
2731 2573 2745 2608 :
2782 2557 3036 2613 animalia
3071 2577 3199 2616 vero
3239 2578 3382 2627 esse,
3419 2568 3757 2621 nominative
3782 2569 4011 2634 debere,

2439 2642 2673 2698 inficiati
2743 2659 2894 2709 sunt,
2959 2667 3084 2705 cum
3161 2654 3600 2722 iniperfectiores
3652 2660 3786 2720 sint,
3838 2676 4010 2727 quani

2439 2733 2533 2800 qui
2586 2732 2874 2789 divinioris
2923 2737 3122 2791 anima:
3155 2755 3387 2808 capaces
3454 2755 3576 2795 esse
3602 2751 3827 2810 queant.
3893 2743 4013 2796 Nec

2436 2821 2585 2876 enim
2641 2824 2921 2879 rationalis
2947 2827 3124 2880 anima
3173 2831 3382 2882 volucri
3445 2832 3640 2885 similis
3687 2843 3791 2895 est,
3826 2845 3887 2885 ut
3949 2837 4009 2891 iii

2436 2913 2671 2981 quodvis
2722 2917 3108 2983 corpusculurn
3146 2920 3327 2972 vivum
3367 2929 3576 2975 temere
3606 2923 4004 2988 protundatur.

2434 3003 2548 3056 sive
2578 3003 2884 3057 inhabitet:
2928 3006 3021 3058 sed
3081 3021 3202 3059 cum
3261 3009 3493 3072 primum
3545 3010 3826 3070 idoneum,
3885 3015 4009 3064 sui-

2355 3119 2400 3180 ρ
2433 3107 2540 3160 que
2581 3105 2752 3160 capax
2821 3095 3085 3155 occurrit,
3140 3093 3189 3146 ci
3229 3109 3352 3147 mox
3403 3095 3662 3150 ineffabili
3727 3113 4006 3152 concursu

2439 3183 2701 3239 cohaeret.

3019 3298 3169 3353 CAP.
3204 3299 3415 3354 LXKV.

2435 3383 2706 3447 Quomodo
2767 3387 3012 3457 embrgon
3081 3391 3134 3440 in
3203 3400 3352 3443 utero
3409 3401 3679 3446 moveatur
3751 3403 3802 3446 et
3874 3411 4004 3448 coa-

3117 3459 3299 3513 lcscat.

2509 3564 2627 3619 Jain
2681 3582 2834 3631 vero,
2866 3569 2958 3637 qui
3003 3570 3119 3622 fieri
3169 3574 3341 3639 possit
3391 3582 3447 3626 ut
3479 3574 3632 3628 vivus
3682 3574 3907 3643 enibryo
3943 3577 3999 3626 in

2435 3657 2558 3710 loco
2604 3657 2833 3711 humido
2877 3660 3188 3713 coalescat?
3245 3664 3508 3731 Itemque,
3571 3679 3694 3715 cum
3748 3679 3808 3716 os
3846 3665 3896 3717 ei
3940 3675 4001 3716 et

2433 3759 2594 3799 nares
2624 3745 2952 3800 obturentur
2976 3757 3030 3800 et
3062 3750 3446 3812 occludantur,
3488 3767 3751 3818 quonam.
3782 3769 3996 3820 quaeso,

2432 3834 2598 3887 modo
2634 3837 2952 3904 respiraret,
2993 3838 3037 3890 si
3066 3838 3189 3906 quis
3225 3839 3300 3892 ibi
3352 3854 3526 3907 purus
3573 3856 3666 3894 aer
3695 3842 3884 3894 esset?
3923 3845 4000 3894 At

2430 3927 2790 3980 aiiiniataruin
2857 3931 3087 3983 vitaruin
3125 3933 3179 3984 in
3233 3932 3339 3986 illis
3377 3933 3600 3995 indicia,
3663 3943 3720 3987 ut
3753 3937 3929 3998 aiunt,
3963 3953 3994 3988 :i

2432 4016 2674 4069 motibus
2735 4017 3159 4086 haudquaquam
3220 4022 3454 4089 petenda
3505 4033 3651 4075 sunt.
3707 4024 3785 4076 illi
3841 4027 3991 4078 enini

2431 4118 2534 4158 nec
2568 4105 2878 4172 phantasia,
2929 4124 3030 4162 nec
3084 4110 3191 4162 ulla
3243 4112 3409 4165 subiti
3451 4113 3679 4167 affectus
3729 4114 3994 4170 facultate

2434 4192 2570 4248 fiunt
2602 4215 2613 4248 :
2645 4197 2740 4250 sed
2793 4198 2868 4252 ita
2907 4209 3219 4264 moventur,
3271 4211 3331 4254 ut
3376 4203 3762 4258 intestinorum
3816 4207 3995 4258 invul-

2425 4286 2567 4348 vuli,
2650 4297 2705 4341 et
2751 4290 3027 4344 anfractus
3087 4292 3482 4347 suffarcinati:
3536 4305 3701 4363 utqne
3754 4298 3993 4350 certius

2425 4376 2708 4440 arborum,
2761 4394 2883 4432 cum
2920 4395 2950 4433 a
3004 4382 3210 4435 truncis
3249 4384 3606 4439 divelluntur.
3646 4384 3787 4450 Quin
3821 4395 3990 4440 etiam

739 4499 905 4554 nabo.
962 4463 1434 4563 Quemadmodum
1467 4511 1599 4566 ergo
1632 4463 2074 4563 conipreheiisim
2126 4503 2182 4548 et
2214 4510 2314 4549 cu-
2351 4463 2396 4517 θ
2427 4467 2558 4535 ipsa
2600 4473 3049 4566 q“°_q“°_|"3“m
3085 4481 3381 4566 _°"°3°“'ffi
3433 4481 3489 4525 ει
3517 4475 3865 4535 “comm”.
3895 4491 3989 4527 9a-

738 4592 940 4645 inulate
973 4603 1275 4650 concursus
1301 4588 1498 4642 anima:
1536 4604 1893 4658 corporisque
1923 4589 2004 4652 fit,
2047 4590 2119 4644 ita
2142 4589 2308 4644 etiam

738 4679 1056 4750 disjunctio.
1085 4678 1162 4732 lta
1197 4678 1514 4733 utanimam
1548 4672 1929 4755 circumscribi
1953 4695 2058 4734 non
2082 4682 2310 4736 omnino

735 4786 916 4839 posse,
946 4777 1043 4824 aut
1085 4771 1234 4823 omni
1286 4784 1513 4839 prorsus
1561 4781 1711 4826 motu
1759 4785 1974 4831 carere.
2025 4773 2114 4826 vix
2153 4781 2308 4828 certo

733 4877 982 4915 asserere
1029 4861 1232 4922 ausim.
1271 4862 1524 4930 quamvis
1573 4877 1695 4917 eam
1746 4863 2158 4932 impartibileni,
2193 4864 2306 4917 cito

730 4951 1033 5017 discedere,
1061 4967 1163 5006 nec
1202 4951 1304 5016 illi,
1351 4953 1468 5007 sive
1513 4953 1797 5017 ascendat,
1831 4954 1947 5008 sive
1984 4953 2304 5020 descendat,

729 5046 837 5099 ulla
867 5044 1130 5114 temporis
1160 5044 1509 5102 dimensione
1535 5060 1676 5116 opus
1709 5059 1855 5113 esse,
1886 5045 2139 5101 ditlitear.

1309 5160 1441 5215 CAP
1487 5158 1724 5214 LXXIV.

731 5247 806 5302 De
833 5254 1064 5321 corporis
1095 5254 1150 5307 in
1205 5262 1352 5306 utero
1406 5252 1722 5321 formatione
1763 5250 1890 5316 quid
1944 5252 2130 5314 nostri,
2177 5250 2304 5319 quid

1090 5324 1293 5377 externi
1333 5321 1626 5391 philosophi
1664 5321 1945 5374 senserint.

799 5433 921 5488 1am
988 5445 1171 5490 utrum
1232 5436 1409 5491 mavis
1461 5434 1557 5488 tibi
1611 5433 1995 5513 respondeam,
2045 5451 2293 5505 quaenam

724 5537 1062 5591 sanctorum,
1121 5527 1220 5597 qui
1249 5537 1438 5581 nostra
1488 5525 1558 5580 de
1604 5524 1868 5593 religione
1921 5525 2293 5593 philosophati

722 5625 872 5678 sunt,
907 5617 1180 5672 sententia
1209 5615 1402 5679 fuerit,
1429 5629 1500 5670 an
1526 5628 1659 5669 vero
1685 5613 1816 5682 quid
1847 5612 2022 5669 Cra-ci
2058 5629 2313 5685 censue-_

722 5705 876 5770 sint?
927 5708 1039 5764 Nec
1089 5709 1237 5764 enim
1283 5722 1575 5763 commune
1644 5707 1812 5760 ullum
1869 5705 2062 5774 dogma
2126 5720 2292 5773 super

2422 4570 2654 4626 rumque
2696 4559 2918 4613 frondes
2945 4559 3099 4629 quasi
3150 4561 3570 4629 complicantur,
3621 4574 3844 4631 tumque
3889 4579 3987 4617 ue—

2422 4661 2569 4700 mum
2599 4650 2964 4716 explicantur,
2997 4650 3457 4718 quemadmodum
3481 4651 3666 4706 lothus
3696 4653 3826 4706 solis
3852 4667 3984 4705 con—

2418 4738 2672 4790 versione
2723 4738 2881 4794 sclet.
2932 4739 3286 4809 Posteaquam
3347 4755 3480 4794 vero
3525 4743 3685 4793 vulva
3724 4743 3982 4805 emissus,

2416 4832 2472 4875 et
2498 4824 2567 4876 ab
2599 4824 2687 4876 illa
2713 4823 2894 4878 radice
2919 4827 3140 4881 avulsus
3172 4828 3359 4890 fuerit,
3412 4827 3532 4882 sine
3591 4828 3700 4880 ulla
3732 4843 3884 4882 mora
3925 4842 3981 4884 et

2415 4912 2702 4966 confestim
2729 4916 3010 4970 rationalis
3049 4918 3246 4972 anima:
3289 4918 3563 4989 particeps
3587 4920 3842 4984 eflicitur,
3874 4938 3978 4991 pu-

2411 5022 2643 5076 rumque
2672 5008 2934 5080 deinceps
2961 5011 3161 5066 animal
3187 5013 3389 5068 evadit.

2977 5143 3130 5199 CAP.
3181 5145 3415 5202 LXXVI.

2412 5253 2485 5307 De
2523 5255 2702 5308 anima
2743 5257 2952 5337 ratione
2983 5259 3241 5337 participe
3281 5274 3300 5314 :
3343 5261 3598 5337 quomodo
3623 5262 3829 5330 corpori
3849 5277 3977 5319 con-

2812 5330 3103 5395 jungatur,
3134 5330 3283 5398 'eique
3324 5332 3522 5399 praesit.

2477 5438 2727 5494 Rationis
2756 5439 3029 5508 particeps
3072 5442 3254 5497 anima
3294 5459 3401 5498 non
3432 5445 3689 5500 miscetur
3723 5462 3736 5498 :
3773 5445 3969 5515 hujus-

2405 5526 2553 5581 modi
2584 5527 2731 5580 enim
2785 5542 3087 5584 concursus
3114 5533 3438 5601 corporibus
3483 5535 3839 5597 conveniunt,
3871 5537 3968 5589 sed

2403 5633 2472 5672 ne
2495 5631 2695 5686 corpus
2734 5618 2956 5686 quidem
2987 5619 3161 5674 instar
3186 5621 3371 5678 forma:
3407 5625 3632 5679 materia
3659 5627 3965 5678 constantis

2402 5708 2684 5775 informat,
2737 5709 2810 5763 ita
2861 5709 3007 5764 enim
3051 5725 3181 5768 suos
3228 5719 3344 5784 ipsa
3403 5715 3605 5771 limites
3648 5716 3966 5774 excederet.
