4274 6382
254 414 389 481 119³1

1502 389 1900 454 TIIESAURI
1945 388 2089 449 LIB.
2130 388 2213 447 II.

3331 377 3466 442 1198

251 543 469 602 totaque
499 524 714 596 corpori
761 522 1127 581 addiceretur,
1178 528 1338 586 atque
1383 516 1562 568 alieno
1618 516 1804 580 egeret
1838 514 1878 567 Α
1907 518 1959 561 ct
2019 505 2287 575 ﬂagitiose
2360 498 2611 602 vixerim.
2654 498 2765 553 είνθ
2807 497 3049 602 domi"
3111 507 3469 602 οιηξεηοιοδθ

249 624 622 679 fundamento,
677 630 732 669 at
772 630 839 666 ne
888 613 966 664 sic
1018 612 1239 678 quidem
1303 605 1525 673 corpori
1588 612 1803 671 pra-cst,

248 706 703 781 quemadmodum
759 702 945 769 auriga
1018 700 1226 761 currui,
1317 696 1400 748 vel
1475 693 1807 762 gubernator

252 800 373 854 navi
410 816 423 851 :
459 798 531 850 ita
565 796 711 850 enim
766 799 973 859 partem
1011 789 1157 842 illam
1208 787 1500 845 animaret,
1533 782 1623 834 cui
1672 781 1806 834 iusi-

250 890 421 947 deret,
450 902 513 940 ea
542 899 671 938 vero
703 882 791 934 cui
824 880 1005 934 minus
1032 879 1317 939 insideret,
1357 876 1595 929 inanima
1617 887 1811 940 super-

249 988 417 1031 esset.
475 973 711 1029 Tametsi
742 985 923 1026 autem
951 983 1140 1024 eorum
1199 966 1467 1030 nonnulli,
1503 965 1597 1034 qui
1632 962 1810 1032 philo-

254 1067 495 1135 sopliieis
546 1066 600 1117 in
636 1064 803 1116 rebus
863 1059 1259 1119 excelluerunt,
1315 1056 1603 1124 imperium
1654 1050 1811 1114 illud,

249 1156 393 1224 quod
432 1154 613 1209 anima
639 1155 691 1206 in
724 1164 924 1219 corpus
952 1155 1193 1209 exercet,
1226 1144 1430 1213 aurigzc
1454 1153 1509 1198 ct
1539 1141 1814 1212 guberna-

252 1248 354 1301 tori
385 1246 562 1299 simile
591 1244 887 1303 tinxerunt,
924 1254 1033 1293 non
1072 1239 1124 1291 id
1150 1249 1331 1292 tamen
1364 1236 1676 1297 voluerunt,
1717 1233 1811 1287 sed

255 1341 367 1391 haec
393 1338 503 1391 duo
531 1340 952 1405 preposuerunt,
986 1342 1043 1385 ut
1064 1331 1361 1385 essentiam
1392 1327 1589 1379 animae
1616 1342 1644 1377 a
1679 1340 1805 1377 cor-

251 1443 382 1498 pore
402 1426 641 1495 separari
683 1438 841 1493 posse
868 1424 1132 1492 appositis
1168 1418 1432 1486 exemplis
1487 1417 1811 1476 indicarent,

251 1535 371 1588 qua:
392 1533 492 1571 nec
519 1531 622 1570 una
658 1530 782 1569 cum
811 1513 1038 1568 seminis
1072 1509 1434 1581 ejaculatione
1480 1508 1811 1569 conferatur,

254 1610 351 1665 sed
429 1607 643 1662 tandem
729 1606 982 1660 absoluto
1072 1602 1458 1664 instrumento,
1512 1609 1815 1663 naturaque

256 1698 545 1767 disposita,
632 1696 920 1750 familiaris
984 1692 1081 1755 illi,
1160 1691 1426 1759 quasique
1514 1690 1815 1742 domestica

256 1787 366 1847 fiat,
398 1795 453 1840 et
481 1785 839 1839 adhaerescet.
869 1781 944 1835 Ita
1006 1781 1151 1833 enim
1195 1780 1311 1847 ipse
1366 1792 1585 1846 quoque
1625 1776 1814 1843 auriga

1912 614 2034 653 cum
2074 605 2264 650 natura
2298 610 2394 648 sua
2427 592 2730 647 colluctatze
2777 589 2909 652 sint,
2966 590 3121 644 locus
3181 589 3269 642 ille
3323 601 3469 643 recta

1911 686 2289 753 concetiditur,
2356 686 2448 752 qui
2486 695 2652 751 supra
2702 680 2892 733 mundi
2950 680 3215 734 verticem
3274 694 3465 746 super-

1910 780 2136 832 eminet.
2162 777 2263 831 Sed
2298 780 2636 846 qumcunque
2684 785 2849 840 puras
2875 784 2933 825 se
2973 771 3321 840 integrasque
3346 784 3477 823 con-
3526 842 3531 845 _

1912 879 2224 927 servarunt,
2302 866 2547 936 quandiu
2592 864 2806 933 corpori
2868 862 3170 932 conjuncta:
3228 865 3472 926 fuerunt,

1915 975 2015 1013 nec
2062 961 2325 1013 creatoris
2361 957 2687 1033 Patris‘ullo
2715 964 2845 1010 sunt
2884 953 3071 1009 oblita:
3116 954 3302 1020 modo,
3365 955 3476 1007 imo

1915 1051 2150 1105 assiduis
2210 1053 2264 1104 in
2333 1064 2462 1103 cum
2526 1048 2976 1104 meditationibus
3033 1047 3153 1113 ejus
3200 1048 3479 1115 exemplar

1918 1143 1972 1195 in
2004 1144 2235 1212 imagine
2271 1142 2497 1195 illaesum
2562 1140 2984 1194 custodieruut:
3036 1139 3162 1203 illae,
3228 1140 3474 1208 inquam,

1916 1244 2067 1302 grata
2111 1234 2199 1287 illa
2224 1233 2413 1301 requie
2438 1231 2719 1296 fruuntur,
2752 1247 2873 1298 qua:
2898 1247 3059 1299 supra
3099 1232 3265 1286 totius
3289 1233 3475 1286 mundi

1917 1324 2188 1392 fastigium
2228 1322 2400 1375 beatis
2438 1328 2623 1390 parata
2667 1329 2772 1384 est,
2808 1319 2997 1387 eisque
3028 1320 3166 1373 aula:
3214 1321 3476 1384 cmlestis,

1917 1414 2054 1483 prati
2105 1424 2155 1466 ct
2210 1412 2442 1481 paradisi
2511 1411 2652 1474 loco,
2706 1408 3049 1463 incredibilis
3109 1423 3304 1463 eorum
3359 1424 3483 1478 qua:

1918 1516 2045 1561 sunt
2071 1506 2225 1565 ordo,
2251 1504 2673 1570 divinorumque
2716 1500 2983 1556 bonorum
3021 1502 3480 1570 complementum

1921 1595 2271 1663 proponitur.

1988 1686 2334 1752 Quaecunque
2362 1697 2494 1738 vero
2534 1683 2684 1770 omni
2715 1684 3101 1752 praedictorum
3137 1700 3267 1737 cura
3321 1700 3484 1755 sepo-

1923 1779 2023 1831 sita
2071 1776 2319 1844 corporis
2400 1775 2563 1845 genio
2602 1774 2971 1840 indulserunt,
3028 1777 3112 1831 liis
3183 1777 3483 1832 rotundum

257 1878 568 1931 vehiculum
617 1874 958 1936 conscendit,
1011 1882 1063 1927 ct
1112 1886 1303 1925 navem
1353 1869 1686 1939 gubernator
1732 1866 1815 1919 in-
1848 1841 1893 1901 Β
1924 1872 2045 1924 ca'li
2113 1884 2314 1937 corpus
2360 1868 2738 1937 praetenditur,
2773 1876 2830 1922 et
2864 1870 3011 1923 circa
3075 1870 3340 1925 arthereas
3397 1885 3485 1926 re-

255 1969 520 2039 greditur.

327 2060 584 2121 Quaenam
642 2065 725 2109 est
758 2053 922 2123 igitur
988 2051 1182 2103 anima)
1224 2064 1345 2103 cum
1395 2063 1628 2116 corpore
1679 2062 1813 2101 con-

259 2147 510 2215 iunctio?
543 2144 901 2199 lnstrumcnti
952 2140 1207 2192 nimirum
1264 2139 1330 2191 ad
1383 2138 1527 2191 illam
1575 2136 1822 2204 aptitudo

270 2244 324 2287 ct
382 2234 698 2295 similitudo,
753 2245 873 2298 quae
936 2239 1064 2281 tunc
1108 2237 1349 2294 apparet,
1420 2241 1543 2279 cum
1604 2223 1822 2292 propria

260 2323 423 2390 hujus
476 2325 582 2376 vita
646 2322 699 2373 in
763 2321 855 2373 illo
921 2320 1199 2372 elucescd.
1264 2316 1538 2378 secunda,
1580 2310 1824 2381 inquam,

262 2410 387 2463 vitae
470 2408 804 2478 c0njunctio,
870 2407 1109 2473 itemque
1183 2402 1453 2457 rationum
1524 2414 1823 2457 concentus

258 2508 316 2554 et
386 2510 639 2554 accurata
708 2496 1005 2566 proportio.
1086 2495 1203 2562 Ipsa
1261 2496 1405 2547 enim
1482 2509 1577 2547 sua
1652 2496 1823 2561 ipsius

260 2593 311 2644 vi
353 2593 620 2653 subsistit,
670 2588 1132 2657 quemadmodum
1200 2586 1392 2640 solaris
1449 2586 1663 2655 globus,
1712 2601 1823 2639 non

262 2690 417 2732 extra
502 2692 700 2749 corpus
792 2687 1071 2746 evagatur,
1146 2675 1240 2729 sed
1332 2675 1642 2729 incredibili
1735 2689 1823 2726 ra-

264 2766 411 2819 tione
462 2764 516 2817 in
592 2781 657 2819 eo
726 2767 1079 2828 continetur,
1137 2765 1186 2818 ei
1236 2779 1365 2818 vero
1427 2764 1477 2816 vl
1546 2762 1825 2817 radiorum

261 2855 333 2909 ab
377 2871 443 2909 eo
512 2856 629 2924 ipso
677 2856 1089 2924 procedentium
1153 2856 1410 2914 cohaeret,
1462 2856 1577 2923 qui,
1610 2855 1823 2908 etiamsi

260 2960 462 3014 corpus
525 2948 699 3014 ipsum
747 2946 1074 3007 dissecetur,
1126 2957 1220 2999 aut
1304 2947 1450 2998 aliud
1509 2947 1640 3014 quid
1698 2963 1822 3015 gra-

263 3038 383 3089 vius
449 3035 707 3103 patiatur,
768 3035 1090 3091 insecabilcs
1150 3045 1327 3089 tamen
1390 3035 1823 3104 impatibilesquc

266 3136 503 3179 manent.

332 3217 801 3280 Quemadmodum
836 3219 998 3271 etiam
1059 3230 1184 3270 aere
1262 3226 1548 3269 ventorum
1605 3216 1823 3270 ﬂatibus

259 3310 533 3360 concitato
562 3317 616 3360 et
651 3318 877 3373 mutato,
912 3308 1092 3360 lumen
1140 3306 1294 3370 solis,
1329 3322 1439 3374 quo
1497 3307 1823 3373 illustratur,

260 3412 437 3465 neque
465 3397 715 3459 sectioni,
748 3412 925 3465 neque
951 3395 1141 3458 fluxui,
1172 3410 1351 3464 neque
1392 3397 1682 3450 mutationi
1718 3399 1821 3452 ob~

260 3500 481 3538 DOXIUIII
509 3498 610 3540 08L

811 3597 959 3651 CAP.
1013 3595 1268 3651 LXXVII.

262 3688 339 3741 De
364 3690 665 3743 animarum
693 3690 747 3740 in
786 3690 1049 3760 integrum
1078 3690 1425 3760 restitutione,
1466 3705 1585 3759 qua:
1608 3692 1825 3760 angelo-

756 3774 873 3808 rum
922 3759 1207 3810 ministerio
1254 3758 1333 3823 fit.

331 3864 796 3929 Quemadmodum
828 3864 1112 3918 facultates
1143 3865 1322 3917 anima
1355 3867 1571 3933 corpori
1596 3870 1826 3936 conjun-

264 3967 348 4010 cta
380 3958 783 4025 praestantiorcs
798 3964 917 4024 ejus
947 3959 1068 4010 vitae
1086 3967 1345 4025 priesunt,
1377 3965 1634 4027 etpostea
1659 3976 1820 4029 quam

266 4046 456 4100 idonea
485 4048 819 4116 generatio-ni
843 4046 1037 4100 effecta
1065 4057 1171 4109 est,
1201 4062 1230 4100 a
1267 4048 1377 4102 Deo
1414 4049 1709 4103 mittuntur
1761 4062 1820 4106 ut

264 4139 381 4205 ejus
404 4151 588 4189 curam
610 4144 799 4204 gerant
823 4153 836 4189 :
857 4137 928 4188 ita
947 4137 1112 4190 etiam
1133 4152 1255 4190 cum
1276 4138 1512 4205 primum
1536 4154 1565 4191 a
1589 4154 1822 4208 corpore

266 4238 515 4296 separata
544 4236 647 4292 est,
682 4228 798 4281 alia:
833 4229 1110 4296 prioribus
1131 4229 1386 4283 meliores
1410 4246 1629 4284 sursum
1684 4248 1815 4286 cve-

266 4318 425 4381 bunt,
462 4318 564 4372 hoc
592 4319 913 4386 obsequium
942 4330 1209 4371 creatura:
1255 4329 1598 4388 praestantes,
1623 4333 1679 4375 et
1728 4324 1822 4376 ad-

266 4405 529 4457 ministras
588 4405 998 4458 restitutionum
1038 4406 1092 4459 in
1147 4409 1418 4476 integrum
1458 4417 1679 4472 statum,
1726 4413 1821 4480 qui

266 4495 470 4560 unique
504 4494 697 4547 anima:
736 4494 1045 4549 conveniat.

334 4585 445 4637 Nec
510 4601 638 4639 vero
712 4587 890 4640 anima
946 4586 1012 4640 ab
1094 4587 1400 4657 huiusmodi
1471 4590 1821 4648 facultatibus

263 4673 335 4725 ita
391 4673 586 4742 agitur,
625 4683 877 4743 tanquam
916 4677 1087 4730 forma
1122 4681 1409 4746 quaepiam,
1444 4696 1563 4748 quze
1640 4684 1816 4738 aliena
1854 4686 1864 4692 ’

264 4765 312 4815 vi
348 4765 671 4827 concitetur,
727 4781 959 4833 quaeque
1019 4782 1117 4834 pro
1174 4767 1399 4822 libidine
1450 4770 1556 4825 huc
1589 4780 1644 4826 et
1690 4774 1817 4827 illuc

262 4853 381 4906 sine
435 4853 756 4907 discriminc
816 4854 1048 4909 distrahi
1104 4858 1294 4926 possit,
1344 4860 1453 4914 imo
1508 4877 1637 4915 vero
1690 4874 1817 4919 tunc

262 4949 520 5012 temporis
546 4945 624 4998 vis
661 4946 750 4997 illa
797 4947 850 4999 in
881 4948 1066 5001 anima
1114 4951 1402 5017 elucescit,
1434 4968 1539 5023 qua
1592 4971 1689 5025 per
1752 4972 1812 5012 se

262 5035 373 5102 ipsa
402 5048 677 5099 movetur,
724 5036 1046 5106 eodemque,
1069 5048 1130 5092 ut
1159 5040 1231 5094 ita
1257 5041 1454 5109 dicam,
1476 5045 1678 5114 impetu
1697 5062 1821 5101 cum

259 5126 493 5179 ducibus
528 5127 640 5181 suis
669 5129 722 5183 in
753 5128 986 5183 sublime
1019 5130 1211 5197 tendit,
1235 5145 1337 5187 nec
1372 5135 1517 5202 vagis
1548 5138 1827 5205 gradibus.

261 5215 641 5283 consequitur.

818 5329 969 5385 CAP.
999 5330 1279 5387 LXXVIII.

258 5437 336 5490 De
349 5439 552 5508 judicio
578 5450 832 5519 extremo,
860 5457 960 5519 qua
986 5444 1178 5519 quinia:
1213 5454 1306 5519 aut
1331 5446 1569 5519 paradisi
1609 5463 1817 5519 compo-

509 5521 582 5563 (ινδ
601 5510 758 5577 ﬁunt,
785 5524 874 5564 aut
896 5515 949 5564 in
983 5513 1175 5581 inferos
1198 5510 1570 5569 detruduntur.

328 5621 501 5689 Atque
552 5623 791 5691 singulas
844 5626 1063 5693 quidem
1112 5628 1340 5694 animas,
1386 5630 1504 5686 sive
1552 5632 1807 5701 nequiter

330 5738 442 5807 {‘10)
475 5736 676 5791 Contra
714 5736 1021 5804 Origencm.

1921 1959 2109 2028 giones
2159 1958 2483 2027 allegantur,
2528 1965 2581 2011 et
2639 1958 2786 2011 velut
2815 1958 3111 2013 decuriatae
3171 1962 3226 2014 in
3283 1976 3477 2015 carum

1924 2058 2268 2111 naturarum,
2294 2047 2497 2117 quibus
2541 2049 2630 2104 hic
2693 2049 2924 2104 addicta:
2963 2051 3312 2120 subditmque
3367 2052 3489 2106 fuc-

1926 2148 2076 2201 runt,
2108 2139 2292 2191 album
2327 2139 2659 2202 referuntur,
2698 2154 2797 2193 nec
2830 2139 3055 2193 omnino
3084 2149 3183 2193 aut
3215 2140 3484 2194 bonorum

1924 2241 2019 2283 aut
2050 2232 2315 2283 malorum
2349 2231 2514 2284 sortis
2549 2230 2845 2300 participes
2883 2231 3124 2286 evadunt
3160 2234 3310 2287 :imo
3337 2250 3487 2303 qua:-

1923 2321 2047 2372 dam
2092 2319 2241 2380 boni,
2270 2328 2362 2371 aut
2414 2318 2558 2371 bono
2598 2319 2859 2373 contrarii
2892 2320 3043 2386 mali,
3082 2321 3310 2389 vestigia
3344 2322 3486 2375 ima-

1924 2408 2184 2476 ginantur
2230 2420 2285 2460 et
2325 2408 2649 2477 inspiciunt,
2686 2408 2828 2463 inter
2864 2424 2921 2463 se
2954 2410 3281 2478 quibusdam
3339 2413 3489 2467 velut

1926 2498 1980 2549 in
2011 2497 2237 2550 somniis
2310 2510 2717 2565 conversantes,
2760 2511 3021 2569 quantum
3063 2501 3145 2557 eis
3174 2518 3203 2555 a
3257 2503 3490 2558 ducibus

1928 2589 2041 2641 suis
2078 2589 2454 2656 permittitur:
2497 2590 2710 2660 hocque
2756 2592 2945 2647 divino
2990 2595 3227 2663 quodam
3260 2604 3489 2653 numine

1928 2678 2138 2733 faciunt
2171 2699 2183 2733 :
2209 2696 2309 2735 uec
2339 2693 2517 2736 tamen
2544 2683 2769 2752 singulae
2799 2684 3042 2753 singulas
3092 2698 3319 2751 norunt,
3389 2692 3484 2743 SClI

1928 2787 2049 2838 quae
2074 2782 2205 2826 sunt
2229 2773 2478 2826 eamdem
2527 2784 2731 2829 sortem
2768 2776 2995 2846 adepta,
3033 2793 3160 2833 suos
3190 2781 3308 2834 aliae
3359 2782 3490 2836 alia-

1930 2877 2049 2914 rum
2109 2861 2331 2915 ordines
2378 2873 2693 2930 perspectos
2740 2864 2961 2918 habent.
2996 2867 3108 2921 Nec
3138 2877 3315 2924 tamen
3347 2872 3491 2925 inter

1928 2965 1983 3003 se
2031 2950 2499 3005 contabulantur.-
2546 2952 2642 3006 sed
2699 2954 3086 3011 collocutiOiiis
3143 2958 3260 3013 vice
3290 2972 3492 3017 mutua:

1926 3040 2127 3093 cedunt
2177 3042 2557 3107 cogitationes,
2590 3051 2643 3096 et
2675 3044 2942 3114 quidquid
2997 3047 3066 3103 ab
3123 3066 3227 3104 una
3285 3053 3492 3123 cogita-

1850 3168 1892 3224 C
1931 3138 2040 3182 tum
2095 3130 2277 3195 fuerit,
2306 3132 2470 3201 hujus
2495 3143 2654 3203 typus
2692 3136 2982 3191 confestim
3047 3140 3100 3194 in
3157 3143 3326 3198 altera
3394 3145 3491 3200 dc-

1928 3221 2306 3289 prcbenditur,
2334 3238 2397 3276 ac
2422 3223 2466 3277 si
2489 3225 2684 3280 animae
2711 3227 2829 3281 alia:
2853 3229 3083 3283 aliarum
3111 3234 3345 3301 cogitata
3369 3252 3493 3289 mu-

1929 3320 2021 3365 tuo
2054 3312 2197 3365 inter
2219 3327 2276 3366 sc
2310 3317 2740 3372 communicent.

2492 3448 2644 3503 CAP.
2690 3451 2924 3508 LXXIX.

1931 3555 2116 3609 Utrum
2152 3560 2343 3610 animo:
2381 3562 2678 3628 corporibus
2715 3568 3114 3633 prwexstilerint
3147 3571 3492 3633 Earumdem-

2453 3646 2551 3697 que
2577 3648 2770 3699 genera
2794 3638 2961 3692 varia.

1996 3736 2262 3791 Caeterum
2302 3740 2641 3809 antiquiores
2680 3748 3007 3814 corporibus
3059 3755 3273 3809 animas
3344 3757 3487 3813 haud

1930 3842 2202 3895 quaquam
2228 3832 2527 3885 asserimus
2559 3833 2819 3903 (20),sed
2872 3854 2980 3893 una
3036 3856 3161 3896 cum
3202 3845 3309 3901 illis
3361 3866 3489 3902 ena-

1931 3927 2151 3969 sccntcs
2185 3935 2197 3968 :
2234 3934 2343 3971 non
2376 3922 2502 3987 quia
2525 3922 2577 3974 in
2605 3924 2712 3978 illis
2739 3926 2847 3980 ullo
2872 3930 3078 3986 semine
3098 3948 3487 3994 concrescant:

1923 4006 2017 4059 scd
2050 4007 2176 4075 quia
2216 4012 2565 4078 corporibus,
2604 4013 2764 4069 simul
2811 4025 2977 4087 atque
3012 4034 3317 4092 compacta,
3349 4032 3486 4084 etad

1926 4098 2331 4187 generationem
2394 4101 2657 4170 disposita
2702 4117 2849 4173 sunt,
2909 4111 3055 4166 Deus
3088 4114 3206 4168 illas
3237 4117 3485 4187 inspiret.

1926 4184 2096 4239 Graeci
2138 4198 2319 4241 autem
2355 4192 2640 4248 universas
2678 4198 2885 4254 animas
2914 4202 2983 4255 ab
3027 4212 3232 4259 interno
3255 4184 3483 4277 creatas,

1923 4287 1979 4329 ct
2000 4291 2029 4329 a
2056 4277 2315 4335 Creatorc
2345 4282 2618 4350 dispersas
2644 4285 2813 4344 fuisse
2862 4292 3035 4357 aiunt,
3066 4310 3299 4363 quarum
3357 4302 3476 4355 alia:

1925 4380 2085 4461 supra
2119 4372 2315 4423 caalum
2344 4385 2547 4437 essent,
2580 4392 2699 4443 quae
2764 4386 3222 4450 snpermundanze
3265 4405 3484 4461 quoque

1847 4496 1899 4554 D
1927 4456 2242 4511 dicerentnr
2273 4480 2284 4513 :
2334 4462 2450 4515 aliic
2488 4481 2617 4518 vero
2645 4467 2786 4522 infra
2827 4473 3048 4539 cmlum,
3082 4456 3314 4543 quarum
3366 4456 3483 4538 alia:

1926 4564 2049 4603 cum
2084 4549 2451 4617 firmamento,
2509 4557 2627 4610 aliae
2667 4573 2789 4612 cum
2832 4562 3106 4619 sideribus
3152 4569 3480 4628 circumvol-

1926 4652 2189 4699 vercntur
2226 4664 2240 4699 :
2281 4648 2558 4702 nonnulla:
2581 4665 2710 4704 vero
2757 4652 2896 4706 infra
2930 4656 3273 4725 sublunares,
3297 4677 3482 4734 eaeque

1925 4734 1991 4788 ad
2028 4738 2433 4805 generationem
2487 4741 2719 4796 maxime
2745 4744 2973 4809 idonea),
3018 4764 3259 4817 quarum
3329 4755 3481 4817 alias,

1924 4841 2045 4894 quae
2091 4828 2327 4894 graviter
2360 4843 2652 4897 corporum
2689 4836 2949 4891 custodiae
2974 4838 3333 4910 invigilarint,
3361 4848 3485 4899 nul-

1924 4916 2140 4985 Iamque
2177 4919 2265 4972 hic
2293 4921 2581 4985 maculam,
2619 4938 2718 4991 pro
2745 4926 2960 4982 ratione
2998 4931 3333 5002 moduloque
3363 4937 3485 4991 vita:

1920 5010 2313 5071 contraxerint,
2374 5011 2792 5071 sublimioribus
2829 5018 2967 5072 locis
3008 5023 3320 5093 assignant;
3352 5028 3485 5083 alias

1918 5114 2072 5164 vero,
2109 5116 2230 5168 qua:
2265 5106 2547 5172 corporeis
2608 5107 2984 5176 voluptatibus
3017 5114 3142 5182 plus
3192 5133 3353 5186 quam
3387 5136 3486 5189 par

1918 5189 2417 5280 estinservierint,
2450 5206 2640 5249 contra
2679 5198 2817 5253 hinc
2856 5201 3119 5257 deorsum
3177 5210 3486 5280 praecipites

1919 5278 1985 5331 ad
2019 5279 2125 5333 ima
2158 5281 2444 5351 dejiciunt,
2477 5294 2531 5339 et
2552 5289 2877 5356 corporibus
2904 5294 3024 5350 aliis
3050 5298 3297 5367 alligant.
3327 5278 3484 5367 Quod

1925 5369 1971 5423 si
2006 5368 2145 5425 forte
2169 5370 2417 5429 Creatori
2446 5377 2677 5445 placeat,
2720 5390 2781 5434 ut
2838 5384 3146 5442 sublimiori
3182 5401 3239 5445 et
3271 5394 3477 5447 meliori

1924 5461 2260 5553 praefectura:
2290 5465 2398 5519 vita
2431 5468 2544 5521 lucc
2568 5473 2965 5540 committatur,
2993 5478 3483 5553 admirabiliorque

1923 5550 2088 5605 rebus
2134 5556 2361 5609 mutatio
2415 5558 2764 5624 decernatur,
2827 5573 2955 5621 tunc
3017 5550 3485 5639 supermundana-

1922 5655 2043 5695 rum
2072 5643 2378 5702 animarum
2427 5653 2703 5707 nonnullis
2737 5658 2963 5713 concedi
3026 5673 3298 5731 asserunt,
3333 5675 3389 5720 ut
3428 5666 3484 5723 in
