4274 6382
797 390 937 455 1100

2050 392 2344 453 ΝΙΟΕΤιΕ
2385 394 2786 455 (ἮΟΝΙΛΉΕ

3879 399 4027 466 ῙΞΟΟ

790 520 962 562 terras
990 505 1348 569 descendant,
1384 518 1617 574 moxque
1652 504 1742 560 ille
1766 518 1888 560 cum
1914 505 2192 577 triumpho
2212 522 2350 576 prae-
2379 514 2425 571 Α
2456 508 2554 563 des
2593 511 2771 564 redire
2792 524 2968 578 posse,
3001 525 3163 579 quam
3180 510 3225 566 si
3252 512 3578 578 corporibus
3607 521 3852 581 utantur,
3885 532 4025 586 pur-

788 596 1150 651 stantioribus
1204 594 1479 649 comitatae
1513 596 1725 649 naturis
1758 596 1866 650 huc
1918 595 2260 651 descendunt
2296 608 2351 652 et

788 688 1114 757 corporibus
1139 685 1430 755 przel'ectar,
1459 688 1616 755 longa
1646 686 1736 740 die
1766 686 2075 740 libertatem
2111 689 2270 742 simul
2298 699 2352 743 et

790 777 1019 829 salutem
1048 774 1115 827 iis
1142 785 1599 844 procurant,qu:e
1631 777 1686 828 in
1726 774 1837 828 vita
1863 774 1971 828 sibi
1994 774 2175 828 labem
2231 790 2353 845 per-

791 868 1099 934 niciemque
1132 872 1535 919 contraxerant.

1389 976 1542 1030 CAP.
1577 974 1793 1031 LXXX.

710 1108 717 1121 '
798 1092 870 1147 De
893 1094 1064 1155 idolTs,
1095 1110 1184 1147 seu
1212 1091 1424 1160 κρίνειν-ὗε
1468 1090 1726 1160 umbrisne
1752 1088 2171 1160 φιλοσωμάτρις,
2214 1091 2352 1160 circa

851 1166 1100 1232 sepulcra
1141 1158 1483 1216 versantibus.
1518 1159 1720 1212 Eadem
1750 1174 1964 1228 prorsus
2006 1158 2075 1211 ad
2115 1159 2353 1223 verbum,

864 1252 981 1301 qua:
1018 1251 1199 1301 supra.

861 1346 978 1399 Jam
1033 1346 1076 1399 si
1121 1345 1315 1400 anima:
1370 1361 1400 1399 a
1455 1342 1779 1413 quibusdam
1841 1355 2138 1410 corporum
2206 1339 2353 1395 idola

792 1436 948 1490 dicta:
1004 1446 1244 1499 sunt,ex
1292 1438 1391 1488 hoc
1428 1436 1629 1486 inferre
1689 1434 1960 1502 quispiam
2015 1432 2231 1500 poterit,
2285 1430 2354 1485 ab

791 1525 991 1579 animis
1051 1522 1419 1593 imaginativis
1476 1536 1861 1588 corporearum
1918 1520 2213 1573 formarum
2257 1519 2355 1571 im-

791 1618 1102 1686 pressiones
1130 1618 1178 1667 vi
1227 1600 1439 1675 eorum,
1497 1628 1618 1681 quze
1671 1614 1771 1664 sub
1802 1620 2079 1679 aspectum
2132 1610 2354 1675 cadunt,

793 1706 983 1774 recipi.
1021 1705 1232 1771 Corpus
1274 1703 1420 1755 enim
1469 1701 1635 1770 ﬁgura
1672 1711 1900 1764 rectum,
1950 1712 2095 1757 tactu
2131 1704 2353 1768 durum,

793 1798 979 1851 colore
1020 1797 1228 1859 album,
1253 1794 1486 1862 denique
1512 1810 1673 1862 grave
1704 1803 1773 1847 .et
1807 1810 2059 1862 asperum
2095 1806 2197 1856 est,
2259 1810 2357 1848 nec

2454 600 2753 669 gativisque
2807 601 3101 655 virtutibus
3142 603 3434 672 expientur
3472 621 3483 657 :
3520 606 3668 661 unde
3710 608 3768 662 ﬁt
3816 610 4019 674 etiam,

2456 695 2609 741 utne
2635 688 2974 743 damonibus
3010 689 3233 759 quidem
3279 692 3346 746 ad
3377 693 3663 762 pristinam
3691 698 4023 767 dignitatem

2455 776 2665 830 reditus
2734 794 2975 847 unquam
3031 788 3218 847 patere
3277 783 3472 850 possit,
3528 784 3621 852 qui
3678 787 3821 838 enim
3897 786 4026 840 ﬁeri

2454 876 2639 936 queat,
2669 877 2729 920 ut
2766 869 3022 923 diabolus
3060 870 3125 923 ad
3154 872 3335 924 lumen
3365 882 3695 932 revertatur.
3735 884 4021 941 potesrate

2456 960 2721 1013 redeundi
2754 960 3073 1028 denegata?
3122 962 3231 1016 Nec
3252 963 3396 1016 enim
3425 966 3635 1019 reditus
3682 965 3769 1019 ille
3809 967 4031 1020 reditui

2456 1066 2704 1121 personae
2766 1055 3090 1121 cujusquam
3125 1054 3319 1108 similis
3347 1064 3451 1113 est,
3488 1064 3541 1108 ut
3605 1072 3726 1108 cum
3778 1058 3954 1109 solem
3994 1074 4025 1110 a

2460 1150 2613 1211 tergo
2655 1143 2870 1205 habeat,
2928 1158 3159 1211 moxque
3196 1145 3567 1199 anterioribus
3621 1149 3673 1199 in
3711 1149 4026 1210 posteriora

2458 1235 2738 1288 conversis
2792 1235 2944 1286 illum
2994 1236 3243 1304 aspiciat,
3281 1237 3374 1290 sed
3422 1239 3644 1306 speculo
3706 1242 3885 1306 potius
3915 1242 3991 1290 ob

2457 1339 2621 1378 scuro
2671 1326 2931 1379 assimilis
2961 1327 3069 1378 dici
3132 1336 3327 1395 potest,
3369 1329 3512 1396 quod
3567 1331 3784 1397 quidem
3844 1334 3890 1384 si
3943 1332 4021 1384 ita

2458 1415 2528 1469 sit
2555 1416 2833 1481 affectum,
2868 1419 3170 1485 quamlibet
3200 1419 3298 1471 soli
3348 1431 3676 1487 exponatur,
3731 1436 4019 1488 nunquam

2458 1503 2512 1556 in
2566 1519 2624 1558 se
2685 1506 2868 1561 lumen
2928 1508 3199 1572 admittat,
3253 1524 3354 1561 nec
3434 1511 3725 1578 Splendore
3782 1526 3885 1563 suo
3942 1512 4023 1563 illi

2456 1597 2807 1662 respondeat,
2861 1600 2963 1653 nisi
3014 1600 3152 1654 forte
3209 1600 3361 1668 prius
3386 1610 3772 1668 perpurgetur,
3810 1611 3865 1653 et
3895 1617 4013 1668 per-

2457 1685 2711 1750 poliatur.
2740 1685 2807 1739 At
2836 1702 2987 1751 vero,
3014 1690 3107 1756 qui
3134 1690 3248 1741 lieri
3275 1689 3460 1756 possit,
3498 1698 3557 1741 ut
3608 1688 3861 1742 sordibus
3903 1692 4028 1743 suis

2457 1775 2676 1828 eluatur
2705 1775 2936 1839 daemon,
2970 1792 3095 1829 cum
3127 1779 3380 1833 voluntas
3403 1778 3453 1832 ei
3487 1794 3595 1831 non
3620 1778 3761 1830 adsit
3799 1794 3923 1846 quire
3949 1780 4023 1830 ad

791 1889 865 1940 ita
894 1895 1287 1954 comparatum.
1323 1894 1381 1936 ut
1424 1887 1475 1936 in
1503 1900 1631 1938 aere
1670 1885 2099 1939 eireumvolitel.
2140 1886 2352 1939 Idolum

2400 1856 2822 1932 Bexpiationem
2881 1867 3131 1933 suiliciat,
3191 1869 3509 1939 viribusque
3574 1872 3645 1924 sit
3694 1871 4025 1935 exhaustus,

792 1987 973 2030 autem
1032 1976 1433 2029 tenebricosum
1490 1984 1593 2035 est,
1666 1984 1720 2029 et
1771 1976 1977 2029 umbrae
2056 1977 2355 2045 persimile,

793 2067 957 2134 idque
1016 2067 1173 2128 adeo,
1235 2065 1380 2135 quod
1434 2066 1593 2135 quale
1656 2065 1726 2119 sit
1777 2066 1865 2118 vix
1901 2068 2179 2136 conjicias.
2231 2068 2361 2133 Qua:

799 2174 891 2212 res
954 2158 1231 2211 Platonem
1265 2172 1482 2226 quoque
1515 2158 1719 2220 movit,
1759 2168 1817 2210 ut
1857 2168 2067 2225 spectra
2121 2159 2208 2211 illa
2242 2175 2358 2211 um-

793 2249 1032 2303 bratdia.
1057 2264 1176 2317 qua:
1223 2249 1274 2301 in
1299 2247 1566 2317 sepulcris
1606 2254 1949 2314 apparerent,
1982 2248 2189 2301 animas
2209 2248 2357 2314 φιλο-

799 2341 1109 2408 σωμάτους,
1166 2341 1270 2393 hoc
1308 2348 1391 2392 est
1429 2354 1718 2407 corporum
1753 2348 2017 2400 amantes.
2048 2340 2361 2395 nominave-

792 2435 887 2495 rit,
940 2442 999 2485 ut
1046 2448 1165 2500 qua:
1223 2446 1289 2484 ne
1329 2439 1440 2483 tum
1471 2428 1713 2498 quidem,
1754 2445 1876 2482 cum
1922 2431 1990 2483 ab
2024 2430 2125 2484 hoc
2157 2430 2360 2485 mundo

800 2522 1053 2591 digressu:
1086 2522 1212 2581 sint,
1278 2521 1344 2573 ad
1375 2535 1573 2588 purum
1622 2519 1806 2571 lumcn
1846 2529 2226 2585 revertantur;
2264 2519 2360 2573 sed

793 2614 979 2675 etiam,
1025 2621 1152 2664 tunc
1191 2610 1333 2665 circa
1363 2623 1589 2677 corpora
1618 2618 1940 2671 versentur,
1976 2625 2095 2676 qua:
2141 2610 2361 2676 quidem

796 2704 1077 2757 servilium
1124 2703 1462 2769 voluptatum
1525 2700 1796 2752 illecebris
1823 2708 1993 2767 capue
2052 2699 2106 2751 iu
2170 2700 2363 2768 primis

813 2803 1086 2848 amarunt.
1142 2792 1354 2861 Corpus
1407 2806 1575 2859 porro
1636 2790 1839 2843 idolum
1894 2803 2109 2857 quoque
2168 2789 2363 2842 anima:

798 2886 1005 2940 dictum
1036 2893 1139 2943 est,
1172 2884 1298 2951 quia
1324 2880 1465 2950 quod
1495 2880 1568 2932 illi
1598 2880 1811 2941 oculus,
1834 2878 1963 2930 huic
1993 2891 2147 2930 mens
2175 2895 2188 2929 :
2218 2876 2363 2944 quod

799 2978 876 3031 illi
913 2985 1108 3040 tactus,
1154 2975 1283 3027 huic
1308 2974 1391 3047 vis
1420 2971 1507 3025 illa
1536 2981 1640 3031 est,
1669 2984 1773 3038 qua
1800 2983 1983 3021 rerum
2013 2967 2222 3020 veritas
2262 2982 2362 3020 ex-

798 3067 1050 3136 quiritur.
1074 3064 1327 3131 Quamvis
1348 3064 1460 3116 haec
1483 3062 1723 3132 gentium
1747 3060 1997 3129 dogmata
2022 3059 2224 3127 majore
2266 3057 2354 3112 sui

798 3172 861 3211 ex
901 3166 1050 3226 parte
1082 3156 1383 3210 redoleant.

1378 3286 1530 3341 CAP.
1562 3284 1797 3339 LXXXI.

804 3382 883 3434 Αη
948 3382 1140 3435 animi:
1205 3396 1324 3432 cum
1388 3379 1689 3500 corpizlreibns
1758 3381 1827 3428 ad
1908 3375 2162 3442 pristinas
2233 3371 2364 3438 ﬁdes

1469 3465 1524 3500 re
1594 3455 1709 3500 ant.

1469 3455 1709 3501 redeant.

874 3561 1130 3615 Gentium
1163 3559 1414 3629 dogmata
1445 3566 1499 3611 et
1526 3557 1631 3611 hoc
1669 3554 1900 3615 redolet,
1932 3553 1976 3607 si
2008 3553 2131 3623 quis
2161 3551 2368 3605 animas

808 3669 1022 3723 quoque
1054 3651 1291 3721 peccatis
1316 3649 1607 3709 obnoxias,
1671 3646 2026 3713 corporisque
2074 3642 2368 3695 fatniliares

808 3755 865 3797 et
898 3750 1156 3813 cognatas
1196 3756 1317 3796 esse
1354 3740 1522 3803 dicat,
1553 3753 1653 3791 nec
1686 3737 1845 3790 aliter
1884 3735 1952 3788 ad
1978 3733 2243 3803 pristinas
2281 3745 2369 3784 se-

818 3905 1109 3917 *ο*-

1114 3888 2486 3915 __________________________.__.___.__

2460 1952 2662 2020 quibus
2688 1954 2742 2005 id
2784 1956 3154 2026 assequatur?

3016 2090 3168 2144 CAP.
3195 2088 3438 2143 LXXXII

2459 2203 2539 2258 De
2552 2206 2888 2274 metangismo
2908 2219 2998 2257 seu
3024 2204 3446 2271 melempsychosi
3470 2202 4031 2272 Pgthagorica,eth¢c

2915 2290 3101 2343 supra,
3142 2274 3324 2325 iisdem
3372 2273 3563 2325 verbis.

2529 2384 2675 2439 Idem
2742 2399 2907 2452 porro
2959 2383 3386 2453 μεταγγισμοὺς,
3432 2398 3652 2451 quoque
3682 2382 4028 2445 animarum,

2459 2477 2564 2531 hoc
2589 2486 2670 2530 est
2687 2471 3093 2538 ’eltltriationes,
3122 2485 3177 2527 et
3206 2474 3274 2527 ab
3305 2489 3414 2527 uno
3430 2489 3552 2528 vase
3578 2476 3632 2526 in
3662 2475 3809 2527 aiiud
3840 2484 4028 2527 trans-

2460 2568 2703 2623 l'usioncs
2730 2567 3086 2620 tradiderunt.
3120 2565 3211 2617 Est
3257 2575 3439 2618 autem
3500 2570 3891 2633 μεταγγιςμτς,
3924 2565 4034 2617 hoc

2461 2669 2544 2714 est
2581 2659 2885 2721 elutriatio,
2916 2672 3039 2710 cum
3078 2671 3183 2708 una
3233 2663 3290 2709 et
3344 2655 3535 2710 eadem
3584 2657 3760 2709 anima
3815 2671 3883 2709 ex
3919 2657 4032 2709 hu:-

2463 2764 2624 2802 mano
2652 2762 2869 2817 egressa
2932 2761 3184 2814 corpore,
3234 2760 3434 2812 corpus
3490 2746 3542 2797 in
3576 2744 3721 2797 aliud
3776 2746 4008 2797 transmi

2463 2846 2603 2907 grat,
2634 2834 2935 2903 aliquando
2964 2836 3128 2888 etiam
3184 2835 3480 2887 volatilium
3509 2841 3564 2885 et
3609 2832 4030 2901 quadrupedum

2465 2942 2694 2993 corpora
2744 2926 2912 2979 subit.
2949 2924 3120 2993 Hujus
3171 2925 3251 2976 rei
3297 2922 3626 2991 Pythagoras
3663 2922 3752 2973 ille
3809 2921 4034 2976 Samius

2465 3012 2626 3063 testis
2654 3022 2757 3071 est.
2783 3010 2877 3078 qui
2918 3010 3270 3077 Euphorbum
3309 3009 3457 3060 illum
3517 3010 3865 3069 statuariurn,
3929 3008 4030 3076 qui

2469 3115 2568 3167 pro
2594 3099 2848 3166 Trojanis
2876 3108 3066 3152 contra
3106 3098 3326 3151 Graecos
3381 3097 3755 3158 diiuieaverat,
3798 3112 3855 3149 se
3906 3112 4035 3150 esse

2388 3178 2433 3236 ε
2466 3190 2847 3259 proﬁtebatur.
2905 3189 3086 3241 Testis
3152 3190 3276 3241 item
3332 3188 3521 3256 sybilla
3573 3188 3870 3257 Erythram.
3911 3203 4037 3254 qua

2470 3296 2595 3334 cum
2629 3282 2864 3349 primum
2900 3296 2930 3332 e
2972 3279 3166 3332 matris
3214 3288 3371 3331 utero
3408 3279 3634 3346 prodiit,
3660 3279 3726 3330 de
3758 3279 3866 3339 poli
3921 3292 4035 3331 cte-

2466 3370 2795 3438 lestiurnque
2848 3386 3137 3437 corporum
3181 3378 3373 3421 natura
3422 3368 3795 3436 philosophari
3830 3368 4028 3433 coepit.

2468 3460 2644 3513 Testis
2662 3459 2896 3525 denique
2915 3458 3166 3522 Tyaneus
3183 3455 3521 3523 Apollonius,
3539 3455 3857 3507 Zoroastres
3872 3454 4037 3522 (Egy-

2471 3550 2639 3619 ptius.
2676 3548 2738 3601 lli
2771 3549 2917 3601 enim
2954 3563 3019 3599 ex
3074 3547 3302 3599 aliarum
3327 3544 3631 3598 animarum
3663 3545 4040 3610 nictaiigismis

2476 3638 2577 3690 hoc
2606 3646 2692 3690 est
2721 3634 3166 3689 elutriationibus
3220 3643 3276 3687 et
3302 3632 3786 3696 transfusionibus,
3834 3647 3892 3685 se
3924 3632 4043 3685 ori-

2476 3728 2658 3798 ginem
2697 3727 2915 3779 duxisse
2939 3725 3213 3778 dicebant.

1490 4064 2244 4219 NICETle
2357 4049 3377 4210 CHONIATXE

1324 4350 2034 4469 THESAURI
2115 4336 3045 4460 ORTHODOX/E
3130 4334 3513 4449 FIDEI

1954 4590 2313 4678 LIBER
2382 4588 2525 4675 TE
2552 4585 2900 4675 RTIUS

1861 4784 1949 4840 DE
1979 4782 2187 4840 VERBI
2222 4780 2427 4837 DlVlNl
2462 4772 3000 4834 INCARNATIONE.

1441 5099 1669 5158 CAPUT
1709 5100 1753 5153 1.

824 5206 1207 5277 Prophetarum
1264 5200 1327 5253 de
1388 5196 1544 5251 Verbi
1607 5194 1767 5273 divini
1820 5190 2188 5244 incarnatione
2236 5187 2382 5240 testi-

1511 5264 1689 5316 monia
1708 5300 1722 5315 .

900 5391 1135 5449 lItilibus
1166 5387 1232 5441 de
1279 5376 1658 5437 incarnatione
1706 5373 1869 5429 Verbi
1924 5372 2218 5441 capitibus,
2260 5386 2385 5424 san-

823 5495 1147 5549 ctorumque
1205 5478 1425 5531 Patrum
1500 5465 1925 5529 assertionibus,
2012 5460 2389 5533 praemittenda

823 5585 953 5633 sunt
1007 5571 1395 5643 prophetarum
1450 5560 1753 5617 vaticinia:
1809 5555 2009 5625 quibus
2065 5553 2140 5606 illi
2193 5551 2389 5606 Filium

830 5668 923 5723 Dei
989 5641 1055 5718 ex
1130 5660 1351 5730 Virgine
1423 5667 1650 5711 carnem
1725 5655 2155 5716 assumpturum,
2211 5651 2267 5696 ct
2338 5641 2394 5693 in

902 5780 945 5811 "
999 5779 1139 5833 Psal.
1179 5791 1283 5835 cn,
1320 5773 1373 5827 '5.

2413 5092 2660 5152 Dcarne
2744 5100 2867 5141 eum
2951 5081 3266 5137 hominibus
3336 5086 3721 5141 versaturum,
3781 5079 4055 5148 sepelien-

2488 5183 2638 5241 dum,
2703 5186 3163 5239 resurrecturum,
3224 5181 3281 5226 et
3342 5171 3397 5225 in
3448 5171 3616 5225 etelos
3686 5183 4054 5224 ascensurum

2486 5271 2872 5343 praedixerunt.

2910 5359 2964 5413 1.
2989 5357 3063 5410 De
3086 5354 3280 5409 Christi
3306 5352 3661 5422 generatione.

2565 5454 2615 5511 l.
2646 5451 2860 5508 Psalmo
2892 5446 3191 5503 centesimo
3227 5459 3371 5498 nono
3398 5443 3627 5496 Davides
3647 5442 3757 5494 ait:
3796 5440 3881 5493 Ex
3906 5450 4057 5493 utero

2498 5555 2616 5601 ante
2659 5542 2938 5610 luciferum
2966 5538 3122 5609 genui
3148 5546 3196 5589 te
3248 5538 3312 5590 ¹³.
3349 5535 3416 5589 Et
3447 5535 3702 5588 Salomon
3733 5534 3787 5585 in
3819 5547 4058 5601 persona

2501 5635 2684 5694 Verbi.
2714 5631 2857 5701 quod
2886 5629 3031 5685 Patri
3065 5638 3399 5684 coaeternum
3431 5635 3551 5680 est:
3579 5624 3811 5683 Necdum
3858 5636 4060 5679 manus
