4274 6382
229 392 360 457 1201

1458 407 1848 471 THESAURI
1885 406 2034 469 LIB.
2089 406 2206 469 III.

3337 406 3356 467 I
3368 406 3470 466 202

225 508 374 579 gravi
421 508 559 562 moll
615 518 981 584 constiterant,
1028 523 1246 574 necdum
1311 524 1476 590 fontes
1537 537 1802 592 aquarum
1831 521 2058 588 Asupcr
2079 525 2269 590 fluctus
2319 523 2480 576 maris
2519 521 2564 554 ⁸⁸
2615 520 2910 593 [tanquam
2969 535 3138 589 super
3188 521 3460 588 pavimen-

223 609 532 667 πυρεταηι.
573 616 696 660 ante
726 625 908 663 omnes
937 612 1093 665 colles
1139 616 1479 680 parturiebar
1517 618 1583 668 “.
1631 616 1799 670 Item-

222 703 331 756 que
365 689 608 751 Davit‘ses
653 699 762 753 alio
804 701 857 754 in
903 701 1027 756 Ioco
1059 724 1072 757 :
1121 702 1427 758 Benedictus
1457 707 1546 774 qui
1581 710 1716 760 venit
1746 709 1800 759 in

227 781 438 832 nomine
465 780 684 840 Domini
715 806 733 842 :
780 791 917 846 Deus
959 793 1212 848 Dominus
1240 805 1288 849 et
1324 797 1500 850 illuxit
1556 800 1700 851 nobis
1733 802 1793 853 ¹⁸.

228 871 360 923 Item
389 886 403 920 :
435 871 578 932 Deus
603 889 781 933 noster
808 883 1083 952 manifeste
1109 889 1298 950 veniet,
1342 898 1389 941 et
1420 908 1522 944 non
1540 893 1710 945 silebit
1733 893 1797 946 ".

229 960 490 1030 negttabit
517 969 651 1022 Deus
668 988 824 1040 super
848 987 1027 1044 gentes
1055 979 1119 1033 ".
1150 978 1369 1034 Postula
1399 1000 1429 1035 a
1461 1000 1563 1047 me,
1595 994 1643 1036 et
1666 987 1801 1038 dabo

233 1055 325 1112 tibi
349 1071 524 1128 gentes
555 1063 913 1119 [nereditatem
947 1079 1094 1123 tuam
1125 1070 1189 1124 “.
1224 1077 1413 1127 Omnes
1437 1086 1615 1144 gentes
1640 1095 1803 1145 quas-

232 1167 435 1215 cunque
478 1155 666 1220 fecisti,
707 1158 934 1221 venient,
968 1169 1018 1211 et
1056 1163 1353 1216 adorabunt
1412 1183 1592 1219 coram
1653 1178 1702 1220 te
1735 1168 1800 1220 η.

234 1239 370 1293 Item
408 1243 591 1297 Isaias.
635 1245 755 1300 Non
805 1251 1054 1317 angelus,
1099 1268 1208 1305 non
1243 1254 1472 1324 legatus,
1519 1258 1612 1310 sed
1664 1259 1804 1312 Deus

233 1331 343 1396 ipse
367 1335 555 1398 veniet,
593 1337 701 1402 ipse
732 1337 962 1391 salvabit
1009 1357 1120 1395 nos.
1152 1341 1297 1396 Tunc
1323 1348 1632 1411 aperientur
1659 1348 1800 1400 oculi

141 1419 149 1427 ’
234 1439 513 1488 carcerum,
567 1435 615 1479 et
665 1446 819 1483 aures
849 1433 1134 1486 surdorum
1164 1439 1434 1504 patebunt.
1477 1438 1620 1492 Tunc
1648 1439 1803 1494 saliet

232 1515 365 1565 sicut
399 1531 577 1570 servus
635 1518 882 1582 claudus,
929 1533 978 1574 et
1021 1535 1208 1593 aperta
1252 1529 1350 1580 erit
1406 1527 1585 1597 lingua
1633 1539 1805 1583 muto.

192 1672 195 1675 τ
236 1621 354 1656 rum
378 1607 445 1657 ”.
474 1608 604 1662 Item
634 1626 646 1660 :
680 1613 814 1664 Ecce
842 1611 1001 1684 Virgo
1032 1618 1306 1681 concipiet,
1344 1629 1392 1670 et
1417 1622 1586 1686 pariet
1607 1621 1804 1688 ﬁlium,

237 1705 285 1748 et
313 1701 584 1754 vocabitur
623 1720 809 1758 nomen
839 1707 951 1774 eius
990 1708 1314 1764 Emmanuel
1343 1714 1407 1766 ".

313 1791 573 1846 Parvulas
631 1799 769 1849 enim
830 1810 996 1853 natus
1040 1814 1110 1854 est
1145 1805 1313 1868 nobis,
1367 1815 1417 1857 et
1467 1806 1613 1872 ﬁlius
1647 1811 1804 1863 datus

239 1891 316 1934 est
348 1882 516 1942 nobis,
553 1893 602 1936 et
630 1885 803 1951 factus
826 1901 916 1940 -cst
946 1892 1272 1959 principatus
1323 1871 1482 1963 super
1535 1902 1811 1952 humerum
1846 1871 1886 1924 Β

240 1972 354 2039 ejus
389 1989 408 2025 :
445 1984 496 2026 et
546 1978 814 2031 vocabitur
847 1997 1034 2035 nomen
1085 1984 1200 2053 ejus
1239 1987 1593 2063 admirabilis,
1635 1996 1812 2046 consi-

243 2061 453 2130 liarius,
493 2067 654 2132 Deus,
698 2069 900 2137 Fortis,
943 2071 1106 2128 Pater
1133 2076 1303 2144 futuri
1339 2061 1542 2142 sa'culi,
1569 2084 1811 2153 princeps

240 2159 388 2226 pacis
412 2159 479 2211 ".
511 2162 700 2216 Anien.

313 2248 462 2303 Idem
498 2253 605 2305 alio
639 2255 758 2309 loco
796 2275 809 2311 :
838 2256 1004 2312 Terra
1031 2261 1291 2327 Zabulon,
1327 2275 1377 2318 et
1405 2276 1547 2320 terra
1572 2269 1812 2337 Nephta-

241 2339 354 2400 lim,
381 2341 462 2394 via
492 2345 677 2408 maris,
733 2355 886 2400 trans
912 2349 1204 2406 Iordanem
1263 2353 1505 2411 Caliltete
1545 2363 1807 2426 gentium.

243 2429 502 2500 Papulas,
557 2438 649 2504 qui
719 2442 1032 2495 ambulabat
1100 2447 1152 2497 in
1193 2449 1595 2510 tenebris,vidit
1647 2451 1814 2506 lucem

244 2539 494 2593 magnam
521 2528 589 2581 “.
632 2528 765 2584 Item
786 2532 1071 2589 Michaeas:
1107 2536 1174 2591 Et
1203 2549 1285 2601 tn,
1315 2539 1599 2600 Bethleem.
1627 2546 1814 2599 domus

245 2613 508 2685 Ephrata,
531 2637 869 2688 nequaquam
892 2629 1110 2682 minima
1137 2647 1189 2682 es
1219 2632 1273 2683 in
1298 2632 1531 2687 millibus
1557 2634 1713 2689 Iuda.
1737 2637 1818 2691 Ea:

248 2711 299 2756 te
324 2708 464 2760 enim
487 2710 617 2763 mihi
651 2716 893 2767 adveniet
929 2718 1068 2777 Dux.
1098 2727 1153 2769 ut
1191 2721 1258 2771 sit
1301 2723 1541 2789 princeps
1583 2727 1636 2778 in
1685 2725 1818 2780 Hie-

249 2799 504 2861 rusalem,
538 2811 588 2854 et
627 2805 797 2856 exitus
841 2808 958 2868 eius
985 2825 1016 2860 a
1042 2809 1226 2863 diebus
1252 2813 1434 2866 saeculi
1462 2817 1526 2866 ".
1553 2816 1684 2870 Itetn
1715 2819 1822 2872 Da-

230 2888 404 2945 ,vides
436 2891 561 2945 alibi
591 2910 604 2945 :
630 2895 800 2948 later
817 2897 946 2952 Sion
971 2900 1103 2953 dicet
1141 2916 1154 2953 :
1187 2902 1378 2965 Homo,
1404 2916 1452 2959 et
1485 2909 1636 2961 homo
1662 2919 1820 2964 natus

249 2983 408 3037 estin
430 3001 515 3050 ea,
547 2996 597 3040 et
626 2990 736 3060 ipse
769 2992 1010 3058 fundavit
1032 3010 1148 3046 eam
1178 2995 1487 3052 Altissimus
1515 3000 1582 3051 ".

743 3104 800 3159 9.
835 3103 912 3159 De
941 3106 1067 3176 fuga
1103 3106 1318 3171 Christi,

1912 618 2047 664 tum.

1978 627 2047 664 m.

1978 610 2108 753 lteri:
2141 701 2432 756 Zacharias
2461 723 2472 756 :
2514 703 2736 756 Exsulta
2754 702 2902 764 satis,
2932 703 3046 766 ﬁlia
3085 703 3213 754 Sion
3241 721 3254 755 :
3292 704 3476 764 iubila,

1908 793 2026 861 ﬁlia
2076 793 2391 851 Jerusalem.
2431 795 2561 850 Ecce
2614 797 2722 850 Rex
2750 804 2868 850 tuus
2896 801 3029 850 venit
3081 799 3170 851 tibi
3212 802 3389 868 justus
3434 808 3480 848 ct

1910 886 2181 946 Salvator.
2211 889 2318 954 ipse
2349 906 2553 957 pauper
2584 901 2631 942 et
2664 892 2948 943 ascendens
2992 907 3149 959 super
3179 893 3404 952 asinam,
3433 897 3482 941 et

1908 995 2066 1048 super
2095 979 2301 1049 pullum
2335 980 2506 1046 ﬁlium
2545 984 2707 1036 asinae
2739 984 2806 1036 ".

2227 1116 2280 1169 6.
2322 1115 2398 1167 De
2431 1115 2574 1168 Iuda
2622 1115 2816 1168 Christi
2877 1118 3162 1179 proditore.

1983 1229 2249 1283 Prmterea
2282 1229 2515 1283 Davides
2543 1229 2610 1282 de
2637 1230 2789 1284 Iuda:
2825 1239 2880 1284 et
2931 1232 3328 1284 Pharismorum
3358 1247 3485 1299 pro-

1913 1320 2139 1380 ditione,
2207 1320 2352 1373 hunc
2429 1323 2481 1372 in
2537 1323 2758 1374 modum
2830 1323 3070 1378 scribit:
3133 1322 3235 1385 Qui
3303 1324 3488 1374 edebat

1913 1428 2075 1480 panes
2115 1428 2348 1474 mecum,
2389 1412 2745 1482 magniﬁcavit
2778 1430 2935 1482 super
2978 1431 3058 1466 me
3096 1415 3490 1484 supplantatio-

1915 1521 2033 1556 nem
2061 1506 2127 1560 ⁸³.

1985 1597 2117 1649 Item
2147 1615 2159 1648 :
2199 1596 2376 1661 Quare
2411 1600 2733 1666 fremuerunt
2765 1608 2962 1670 gentes,
3008 1609 3057 1653 ct
3112 1602 3289 1670 p0puli
3325 1602 3491 1655 medi-

1916 1691 2016 1741 tati
2045 1698 2168 1742 sunt
2209 1691 2392 1743 inania
2423 1691 2506 1742 “'l

2339 1829 2389 1883 7.
2451 1829 2525 1882 De
2562 1828 2758 1882 Christi
2786 1831 3105 1883 detentione.

1990 1942 2120 2012 Ejus
2166 1957 2388 2014 quoque
2429 1940 2807 1998 detentioncm
2855 1945 2942 1999 his
3003 1946 3188 1999 verbis
3242 1946 3490 2015 praedixit

1917 2032 2079 2089 Isaias
2113 2054 2127 2089 :
2168 2037 2257 2090 Vae
2289 2039 2487 2092 animae
2524 2055 2730 2100 eorum,
2757 2041 3005 2106 quoniam
3036 2040 3240 2090 reddita
3273 2050 3394 2092 sunt
3423 2040 3500 2092 eis

1917 2129 2060 2181 mala
2089 2130 2152 2192 ³⁸,
2179 2131 2382 2198 quippe
2418 2131 2510 2199 qui
2572 2132 2815 2184 dixerint
2853 2148 2867 2184 :
2901 2131 3386 2186 Circumveniamus
3409 2132 3499 2200 ju-

1920 2224 2081 2271 stum.
2112 2221 2237 2287 quia
2264 2221 2465 2273 inutilis
2495 2230 2570 2273 est
2595 2221 2739 2272 nobis
2769 2221 2834 2271 ".

2339 2357 2393 2410 8.
2429 2355 2504 2409 De
2545 2355 2751 2410 Christo
2787 2355 3056 2423 cruciﬁxo.

1997 2489 2144 2543 Idem
2201 2491 2469 2559 propheta
2521 2491 2588 2544 de
2637 2491 2839 2546 Christi
2877 2506 3094 2560 quoque
3148 2491 3501 2543 cruciﬁxione

1921 2584 2002 2637 sic
2057 2585 2223 2637 habet
2283 2604 2295 2638 :
2357 2583 2501 2637 Sicut
2548 2587 2654 2637 ovis
2705 2585 2773 2636 ad
2827 2585 3134 2636 occisionem
3171 2587 3411 2644 ducetur,
3454 2591 3502 2632 et

1920 2677 2072 2741 quasi
2101 2691 2266 2743 agnus
2292 2691 2469 2725 coram
2504 2676 2749 2726 tondente
2779 2691 2829 2726 se
2867 2674 3180 2725 obmutescet
3209 2689 3226 2724 :
3253 2691 3354 2724 non
3380 2689 3506 2739 apo-

1923 2768 2021 2819 riet
2052 2783 2106 2819 os
2137 2783 2309 2818 suum.
2333 2766 2408 2818 De
2438 2767 2680 2835 angustia
2711 2775 2759 2818 et
2801 2767 2863 2818 de
2904 2768 3108 2833 judicio
3145 2767 3382 2818 sublatus
3409 2774 3501 2818 est.

1924 2856 2327 2912 Cenerationem
2373 2859 2485 2925 ejus
2513 2859 2628 2925 quis
2681 2859 2953 2909 enarrabit
2986 2858 3075 2908 "?
3118 2857 3256 2912 'Iloc
3296 2872 3371 2909 νει
3413 2872 3508 2925 ge-

1924 2951 2265 3002 nerationem
2328 2951 2470 3016 ejus,
2523 2965 2644 3017 qua:
2707 2950 2902 3000 saecula
2963 2951 3143 3002 omnia
3203 2953 3503 3018 przeccssit)

1923 3053 2135 3112 propter
2165 3043 2332 3097 scelus
2367 3043 2546 3113 populi
2586 3044 2686 3095 mei
2741 3044 2970 3109 percussi
3022 3059 3161 3096 eum.
3221 3043 3396 3097 Item:
3441 3043 3506 3095 Et

1927 3137 2074 3188 dabit
2117 3137 2308 3204 impios
2365 3154 2460 3206 pro
2496 3134 2794 3204 sepultura,
2849 3145 2897 3189 et
2932 3137 3144 3189 divitem
3197 3153 3292 3204 pro
3340 3144 3506 3188 morte

318 3211 531 3270 Rursus
584 3215 752 3271 Isaias
807 3217 876 3272 de
909 3219 1112 3275 Christi
1166 3222 1289 3292 luga
1329 3226 1383 3280 in
1421 3225 1711 3300 Egyptum
1744 3233 1824 3289 sic
1850 3216 1892 3274 C
1924 3245 2022 3282 sua
2068 3227 2136 3282 ³⁸.

247 3301 326 3358 ait
357 3325 368 3358 :
403 3304 540 3359 Ecce
569 3307 821 3362 Dominus
857 3313 1101 3365 ascendet
1139 3329 1297 3385 super
1336 3318 1523 3372 nubem
1561 3320 1743 3386 levem,
1771 3332 1821 3376 et

243 3401 569 3468 ingredietur
596 3404 907 3476 ﬁggptum,
933 3416 982 3460 ct
1011 3412 1470 3468 commovebuntur
1530 3418 1820 3473 simulacra

246 3488 466 3564 Egypti
491 3512 522 3547 a
556 3497 691 3566 [acie
717 3499 832 3566 ejus
864 3499 929 3552 “.

657 3609 714 3664 3.
758 3610 835 3664 De
864 3611 1124 3682 baptismo
1165 3616 1379 3675 Christi.

278 3738 283 3742 ·
322 3723 455 3775 Item
485 3722 552 3777 de
581 3723 863 3792 Baptismo
892 3730 1012 3798 ejus
1067 3731 1195 3785 alibi
1232 3734 1464 3788 Davides
1498 3736 1570 3790 ita
1629 3738 1818 3794 canit:

261 3810 372 3867 Vo:
423 3814 632 3870 Domini
665 3835 826 3886 super
860 3836 1046 3889 aquas.
1072 3822 1209 3877 Deus
1238 3827 1530 3895 majestatis
1576 3827 1822 3894 intonuit,

252 3903 510 3961 Dominus
537 3925 696 3978 super
729 3927 898 3979 aquas
933 3911 1130 3968 multas
1163 3916 1227 3966 ".

563 4020 618 4074 4.
661 4021 738 4076 De
765 4007 956 4079 morbis
991 4042 1024 4079 a
1060 4027 1267 4083 Christo
1295 4033 1515 4084 curatis.

332 4131 468 4188 Item
501 4133 570 4188 de
621 4135 832 4190 morbis
860 4137 932 4192 ab
986 4154 1053 4194 eo
1088 4143 1296 4197 curatis
1325 4158 1341 4196 :
1378 4144 1500 4198 Vere
1546 4139 1830 4218 languorcs

252 4232 457 4280 nostros
507 4227 620 4296 ipse
680 4228 822 4295 tulit,
865 4237 918 4283 et
965 4231 1169 4288 dolores
1224 4246 1430 4291 nostros
1492 4240 1600 4309 ipse
1654 4250 1834 4303 porta—

601 4409 670 4490 5.Δ
701 4417 800 4489 υἱ
822 4436 1071 4491 descensu
1100 4439 1156 4493 in
1190 4439 1478 4512 Virginem.

2031 3363 2083 3420 9.
2122 3364 2194 3419 De
2239 3366 2535 3419 verberibus
2567 3372 2615 3416 et
2656 3364 2912 3434 colaphis,
2952 3363 3136 3434 quibus
3163 3361 3398 3417 Christus

2557 3451 2719 3488 casus
2768 3446 2863 3489 εει.

1999 3553 2192 3607 Itidem
2240 3553 2308 3608 de
2344 3555 2430 3617 iis,
2465 3554 2559 3623 qui
2596 3553 2925 3607 verberibus
2971 3570 3098 3608 eum
3158 3562 3214 3608 et
3257 3554 3504 3620 colaphis

1927 3644 2302 3707 confecerunt,
2331 3646 2472 3715 apud
2504 3645 2758 3698 eumdem
2781 3645 3102 3714 prophetam
3138 3647 3253 3700 haec
3283 3655 3336 3698 ct
3358 3648 3507 3714 ejus-

1928 3738 2074 3790 modi
2140 3737 2396 3807 leguntur
2430 3755 2443 3790 :
2483 3737 2684 3806 Corpus
2719 3755 2890 3791 meum
2935 3740 3053 3791 dedi
3101 3740 3505 3806 percutientibt.s

1928 3837 1980 3881 ct
2008 3845 2166 3896 genas
2193 3829 2519 3884 vellentibus.
2581 3829 2797 3884 Faciem
2841 3848 3013 3884 meam
3065 3847 3166 3884 non
3217 3835 3382 3884 averti
3443 3832 3505 3884 ab

1929 3923 2319 3991 increpantibus
2351 3933 2396 3977 et
2431 3927 2832 3993 conspuentibus
2858 3926 2924 3981 ”.

2004 4016 2125 4083 Ipse
2175 4032 2393 4085 quoque
2442 4017 2679 4070 Davides
2751 4017 2805 4070 in
2878 4033 3111 4086 persona
3167 4017 3373 4072 Christi
3425 4019 3508 4072 sic

1931 4106 2098 4163 habet
2130 4127 2142 4162 :
2180 4108 2439 4174 Quoniam
2466 4125 2558 4180 ego
2590 4113 2641 4162 in
2665 4111 2880 4180 ﬂagella
2910 4120 3132 4180 paratus
3161 4131 3298 4176 sum,
3347 4123 3399 4166 et
3422 4115 3513 4166 do-

1936 4200 2018 4255 lor
2051 4218 2193 4256 meus
2223 4203 2278 4256 in
2308 4211 2583 4271 conspectu
2609 4219 2719 4257 meo
2742 4221 2947 4275 semper
2968 4206 3038 4262 ".

2364 4340 2451 4395 I0.
2489 4339 2566 4393 De
2615 4340 2821 4396 Christo
2861 4333 3094 4396 vendito.

2011 4478 2084 4531 De
2109 4478 2424 4532 venditione
2484 4494 2704 4548 quoque
2755 4481 2876 4549 ejus
2937 4479 3204 4534 Ieremia:
3277 4481 3426 4535 hunc
3461 4482 3515 4536 in

323 4541 455 4598 Item
480 4544 549 4599 de
587 4547 852 4604 descensu
891 4551 1137 4621 ejusdem
1166 4554 1221 4609 in
1254 4551 1556 4628 virgineam
1589 4561 1769 4616 alvum
1810 4582 1824 4617 :
1862 4555 1906 4613 ί)
1937 4571 2157 4625 modum
2190 4571 2357 4626 verba
2394 4572 2523 4625 facit
2561 4590 2577 4626 :
2623 4571 2691 4624 Et
2727 4583 3040 4642 acceperunt
3078 4577 3296 4643 triginta
3334 4594 3518 4642 arqen-

252 4635 536 4691 Descendet
565 4639 698 4694 sicut
733 4642 913 4710 pluvia
944 4646 997 4698 in
1043 4647 1231 4712 vellus,
1293 4660 1343 4704 et
1384 4653 1518 4706 sicut
1555 4647 1831 4710 stillicidia

248 4728 512 4782 stillantia
533 4747 689 4799 super
721 4744 921 4789 terram
953 4739 1018 4790 ".
1055 4738 1123 4794 Et
1163 4743 1326 4810 paqu
1354 4755 1477 4813 post
1504 4761 1518 4798 :
1557 4750 1692 4802 Ante
1747 4766 1832 4803 so-

251 4821 353 4873 lem
385 4833 662 4891 permanet
695 4843 884 4881 nomen
920 4832 1055 4910 eius,
1101 4843 1151 4886 et
1205 4837 1574 4893 benedicentur
1626 4842 1679 4893 in
1720 4843 1832 4910 ipso

247 4928 426 4966 omnes
482 4915 648 4969 tribus
703 4925 884 4987 terror,
950 4903 1130 4980 omnes
1177 4938 1352 4998 gentes
1418 4903 1832 5003 magniﬁcabunt

320 5094 465 5150 Fieri
496 5107 678 5154 autem
713 5117 824 5157 non
854 5113 1058 5171 potest.
1102 5118 1163 5164 ut
1223 5111 1340 5165 haec
1387 5113 1456 5169 de
1515 5113 1830 5185 Salomone,

253 5196 514 5268 tanquam
537 5191 749 5262 Iudaeo,
778 5197 928 5253 dicta
972 5199 1105 5266 sint,
1136 5218 1238 5259 nec
1264 5205 1410 5260 enim
1445 5207 1549 5262 fuit
1590 5211 1677 5264 ille
1707 5222 1835 5268 ante

250 5279 442 5334 solem.

323 5373 456 5433 Item
485 5377 660 5434 Johns
690 5398 706 5436 :
741 5381 846 5449 Qui
869 5389 1103 5441 extendit
1133 5389 1290 5444 caelos
1320 5393 1485 5456 solus,
1514 5406 1560 5447 et
1586 5350 1836 5466 graditur

327 5534 373 5625 t‘
396 5533 562 5625 I’r-o‘v.
607 5553 725 5625 ξιιμ
764 5540 855 5596 25.
938 5516 1472 5625 "Ifsal.cx\'tl,26.
1554 5555 1762 5611 “Psal.
1819 5575 1960 5615 xm.
2018 5561 2072 5614 5.
2155 5562 2198 5591 "
2233 5562 2376 5614 Psal.
2437 5578 2581 5625 XLVI,
2641 5566 2694 5621 9.

249 5605 584 5698 "uanus-’2.
612 5609 664 5698 ’ἶ
690 5609 792 5664 1³³·
834 5620 1057 5698 “"L‘
1108 5605 1411 5698 PQ‘I’I-ﬁ'I
1441 5605 1544 5681 Isa.

986 5620 1057 5698 μδ
1108 5605 1411 5698 ΔδεδζέιτῖίἾίῙ
1441 5605 1544 5681 Isa.
1820 5605 2167 5688 “nil-Isaias.
2202 5605 2376 5683 6:";
2643 5605 2674 5688 ξ

249 5693 313 5764 in;
331 5675 384 5731 6.
413 5677 516 5764 ﬂ”.
545 5678 688 5764 I_’sal.
734 5675 1028 5764 ExxxvtLS.
1085 5675 1275 5764 alii.
1311 5698 1477 5750 xtx.l.
1557 5700 1600 5730 ³⁷
1632 5675 1767 5753 Psal.
1797 5718 1982 5760 xxvm.
2015 5703 2065 5756 5.
2146 5705 2190 5735 "
2224 5704 2325 5758 Isa.
2365 5719 2478 5764 ιλιι.
2523 5678 2585 5759 4..
2654 5710 2698 5739 ”

253 5747 334 5800 I'l.
412 5749 454 5780 "
489 5745 708 5810 lob.lx.
737 5753 786 5806 8.

242 5833 364 5880 LIII,
425 5820 474 5872 7.
554 5821 596 5852 ³⁸
629 5821 762 5878 Ibid.
802 5828 855 5883 8.
934 5833 976 5864 ³⁹
1018 5833 1138 5888 Isai.

870 5760 1136 5853 "
1161 5781 1234 5827 Ix,
1259 5767 1311 5853 9Δί
1390 5768 1604 5853 'f‘P'sal.‘
1630 5787 1712 5834 xi,
1746 5775 1825 5826 l0.
1892 5774 2110 5853 '_‘}‘sal._
2148 5791 2208 5853 !_I_.
2247 5775 2302 5853 1.
2375 5776 2419 5805 "
2448 5760 2549 5841 Isa.

1550 5771 1604 5853 ι1ζ
1630 5787 1712 5834 xi,
1746 5775 1825 5826 t0.
1892 5774 2110 5853 'f‘l‘sal.
2148 5791 2208 5853 l_l_.
2247 5775 2302 5853 1.
2375 5776 2419 5805 "
2448 5760 2549 5841 Isa.
2576 5795 2657 5853 In.
2690 5760 2760 5834 9:
2785 5760 3238 5853 Ἶῖδῖᾦῗίιῖἰδ.

1200 5852 1250 5903 ι,
1280 5837 1331 5892 6.
1414 5840 1457 5870 "
1488 5842 1604 5895 Psal
1675 5860 1872 5911 xxxv“,
1906 5846 1989 5900 I3.

1938 4673 2068 4719 teos.
2123 4665 2351 4731 pretium
2403 4665 2724 4734 appretiati,
2791 4683 2943 4734 quem
3002 4670 3431 4736 appretiarernnt
3488 4689 3521 4722 a

1935 4753 2062 4820 ﬁliis
2113 4753 2304 4813 Israel,
2349 4762 2399 4806 et
2441 4754 2696 4806 dederunt
2727 4772 2810 4811 eos
2857 4758 2915 4811 in
2962 4775 3151 4828 agrum
3187 4759 3357 4830 ﬁguli,
3388 4763 3524 4816 sicut

1937 4847 2204 4900 constituit
2251 4849 2376 4899 mihi
2411 4841 2665 4901 Dominus
2695 4847 2760 4903 ".

2008 4938 2074 4991 Et
2110 4937 2402 4992 Zacharias
2437 4943 2540 4992 :Et
2589 4941 2957 5008 appendcrunt
3001 4946 3288 4999 mercedem
3349 4964 3522 5003 meam

1934 5030 2154 5098 triginta
2190 5033 2454 5101 argenteis
2500 5033 2568 5084 δ’.
3371 5018 3383 5030 ’

2382 5170 2472 5225 Η.
2510 5169 2586 5224 De
2616 5174 2800 5240 spinea
2829 5190 3050 5230 corona.

2005 5306 2147 5372 Quin
2200 5315 2257 5361 et
2324 5308 2580 5363 Salomon
2631 5312 2683 5364 in
2735 5311 2966 5369 Cantico
2995 5322 3336 5375 canticorum
3391 5324 3518 5376 ait:

1937 5399 2296 5470 Egredimini,
2335 5414 2381 5455 et
2417 5403 2614 5477 videte,
2661 5403 2789 5470 ﬁlia:
2836 5405 2995 5474 Sion,
3050 5429 3225 5482 regem
3279 5413 3527 5471 Salomo-

2775 5568 2819 5598 "
2845 5570 2986 5623 Psal.
3053 5589 3111 5637 II,
3173 5575 3227 5629 8.
3307 5577 3523 5633 "Psal.

2688 5677 2700 5686 .
2779 5639 2824 5669 "‘
2889 5641 3050 5696 Mich.
3121 5663 3174 5708 v,
3226 5646 3522 5705 2;Malth.

2740 5709 2882 5764 Psal.
2915 5730 3056 5777 un,
3086 5715 3138 5770 6.
3243 5717 3286 5748 ³⁸
3321 5719 3398 5770 Ib.
3438 5720 3523 5779 I6.

3345 5790 3385 5820 ³⁷
3421 5791 3522 5845 Isa.

2073 5847 2111 5875 "
2158 5847 2347 5900 Matth.
2382 5864 2550 5913 xxvr,
2594 5849 2644 5902 9.
2727 5854 2770 5882 δ’
2798 5847 3063 5920 Ζπςιιξιι,
3100 5859 3186 5915 12.
