4274 6382
799 385 935 448 1‘203

794 586 847 637 in
871 587 952 638 die
983 587 1392 654 desponsationis
1424 591 1568 646 illius
1595 595 1661 649 ".

871 675 1140 751 Coronam
1173 688 1354 735 autem
1383 685 1626 751 spineam
1659 687 1930 755 intelligit,
1965 705 2072 759 qua
2127 705 2360 748 corona-

802 772 890 816 tus
918 775 1000 818 est
1043 766 1295 824 Christus
1357 781 1596 844 tempore
1631 778 1918 845 passionis,
1953 795 1984 833 a
2016 791 2188 837 matre
2235 799 2355 850 sua,

713 928 716 931 _
791 850 1104 909 Judzeorum
1137 856 1436 931 Synagoga.
1502 891 1512 901 -

855 1039 866 1049 ,
947 1043 950 1048 ,
1004 988 1091 1042 12.
1121 989 1198 1045 De
1221 993 1674 1073 clavis,-vestibus,
1721 1000 1862 1068 felle,
1897 1011 1945 1056 et
1983 1012 2146 1058 aceto.

869 1099 990 1154 Alio
1024 1102 1151 1158 item
1185 1105 1304 1162 loco
1331 1108 1562 1166 Davides
1586 1092 1651 1166 de
1689 1114 1898 1170 clavis:
1926 1115 2186 1174 Foderunt
2240 1139 2357 1178 ma-
2389 1150 2401 1161 -

795 1204 890 1242 nus
917 1208 1080 1258 meas,
1131 1198 1381 1268 et'pedes
1437 1221 1594 1270 meos,
1661 1207 2121 1265 dinumeraverunt
2178 1217 2355 1270 omnia

792 1296 909 1332 ossa
941 1299 1075 1341 mea.
1115 1287 1413 1344 Diviserunt
1459 1295 1556 1347 sibi
1591 1298 1898 1353 vestimenta
1939 1319 2076 1367 mea,
2105 1314 2154 1355 et
2201 1322 2356 1373 super

792 1379 984 1426 vestem
1037 1393 1206 1431 meam
1244 1383 1497 1437 miserunt
1525 1395 1716 1441 sortem
1757 1389 1822 1444 “.
1852 1391 1920 1445 Et
1954 1409 1968 1445 :
2000 1392 2265 1448 Dederunt
2299 1398 2354 1450 in

793 1477 962 1516 escam
1020 1483 1191 1520 meam
1239 1471 1330 1540 fel,
1389 1484 1437 1526 et
1491 1477 1543 1529 in
1600 1479 1690 1532 siti
1748 1498 1864 1534 mea
1914 1493 2222 1551 potaverunt
2273 1504 2354 1541 me

792 1562 940 1608 aceto
970 1556 1031 1610 ”.
1066 1557 1354 1617 Zacharias
1378 1581 1596 1636 quoque
1623 1571 1886 1641 propheta
1921 1574 1998 1630 sic
2033 1594 2046 1629 :
2095 1574 2163 1630 Et
2212 1580 2354 1633 dice:

794 1649 883 1694 tur
906 1653 990 1700 et:
1017 1645 1151 1712 Quid
1176 1663 1296 1704 sunt
1324 1654 1496 1724 plaga:
1524 1660 1638 1712 ista:
1673 1662 1726 1712 in
1754 1665 1921 1714 medio
1952 1682 2202 1720 manuum
2229 1680 2350 1722 tua-

792 1731 957 1782 rum?
1002 1733 1069 1785 Et
1098 1736 1272 1789 dicet:
1313 1740 1408 1794 His
1448 1743 1692 1813 plagatus
1718 1765 1832 1801 sum
1870 1753 1923 1802 in
1965 1755 2116 1807 domo
2149 1771 2349 1823 eorum,

789 1821 877 1886 qui
909 1822 1192 1892 diligebant
1225 1847 1303 1883 me
1331 1833 1395 1885 “.

933 1935 1017 1988 15.
1051 1935 1126 1990 De
1180 1943 1404 1997 tenebris
1433 1962 1464 1998 a
1496 1947 1687 2003 Christi
1714 1953 1954 2018 passione
1999 1956 2209 2010 obortis.

869 2045 943 2099 De
971 2049 1213 2106 tenebris
1265 2064 1444 2110 autem
1503 2059 1643 2114 idem
1675 2065 1937 2132 propheta
1982 2072 2214 2137 quodam
2247 2074 2353 2128 alio

788 2137 986 2194 inloco
1010 2140 1087 2196 sic
1117 2145 1190 2196 ait
1222 2165 1235 2199 :
1273 2145 1334 2199 Et
1373 2151 1470 2202 erit
1498 2151 1550 2204 in
1579 2153 1659 2206 die
1685 2155 1777 2208 illa
1811 2173 1829 2210 .'
1866 2175 1966 2212 non
1987 2162 2082 2213 erit
2120 2162 2230 2228 lux,
2264 2168 2354 2219 sed

789 2234 956 2301 frigus
990 2247 1036 2288 et
1067 2237 1204 2305 gelu.
1236 2240 1302 2293 Et
1341 2246 1438 2295 erit
1467 2246 1576 2300 dies
1603 2263 1732 2314 una,
1774 2269 1891 2321 qua:
1946 2263 2068 2308 nota
2122 2266 2198 2309 est
2251 2259 2352 2312 Do.

789 2327 951 2390 mino,
979 2345 1079 2382 non
1103 2332 1232 2398 dies,
1266 2351 1427 2404 neque
1458 2355 1580 2409 nox,
1624 2351 1672 2395 et
1697 2345 1751 2396 in
1785 2355 2013 2414 tempore
2035 2354 2232 2420 vesperi
2256 2355 2350 2405 erit

792 2419 886 2471 lux
912 2419 976 2474 ".

855 2510 1027 2565 Amos
1057 2513 1182 2568 item
1213 2518 1472 2588 pr0pheta
1507 2542 1519 2576 :
1550 2523 1618 2577 Et
1638 2517 1733 2579 erit
1765 2526 1817 2579 in
1850 2531 1928 2581 die
1952 2529 2066 2592 illa,
2093 2533 2214 2585 dicit
2247 2533 2352 2586 De-

788 2601 997 2656 minus:
1035 2606 1240 2660 Occidet
1271 2612 1351 2660 sol
1376 2613 1429 2664 in
1451 2615 1680 2681 meridie,
1700 2626 1746 2669 et
1777 2627 2127 2675 tenettrescere
2156 2624 2348 2691 faciant

789 2698 987 2744 terram
1014 2695 1067 2746 in
1088 2695 1170 2749 die
1200 2697 1412 2754 luminis
1444 2702 1511 2756 ⁸⁵⁸.

861 2784 1106 2856 Itemque
1133 2789 1250 2844 JoeI
1277 2805 1290 2849 :
1320 2792 1415 2847 Sol
1438 2805 1486 2849 et
1511 2795 1632 2851 luna
1673 2799 1832 2852 simul
1861 2802 2183 2858 obtenebrati
2204 2817 2346 2874 sunt,

790 2885 837 2926 et
860 2877 1029 2931 stellte
1063 2891 1404 2937 retraxerunt
1441 2887 1769 2953 splendorem
1797 2907 1972 2956 suum,
2021 2901 2068 2945 et
2098 2893 2346 2952 Dominus

786 2964 928 3018 dedit
951 2983 1123 3022 vocem
1147 2988 1300 3026 suam
1326 2975 1390 3027 δ’.

860 3056 919 3110 In
945 3059 1134 3126 primis
1163 3071 1344 3117 autem
1389 3064 1561 3122 Moses
1609 3070 1721 3126 ait:
1757 3071 2067 3142 Prophetam
2107 3079 2167 3130 de
2200 3093 2349 3147 gente

1955 389 1963 396 ’
2049 395 2344 457 ΝΙΟΕΤίΕ
2384 399 2783 463 CHONIAT/E

798 512 912 548 nem
945 499 993 548 in
1025 485 1339 560 diademate,
1379 518 1478 569 quo
1523 507 1789 558 coronavit
1836 506 1987 560 illum
2034 517 2204 563 mater
2233 525 2351 577 sua,
2381 520 2429 578 Α

3896 409 4051 474 12M

2769 518 2854 574 16.
2887 519 2962 573 De
3004 519 3276 577 Dominica
3309 523 3720 578 Resurrectione.

2533 629 2678 685 Idem
2723 647 2941 702 quoque
2964 633 3031 688 de
3063 638 3469 692 resurrectione
3521 645 3666 691 hunc
3713 638 3767 691 in
3803 635 4042 690 modum

2461 721 2790 776 vaticinatus
2833 734 2919 777 est
2949 740 2964 780 :
2994 725 3111 779 Non
3137 727 3465 796 derelinques
3493 733 3725 782 animam
3755 745 3931 780 meam
3973 729 4042 780 in

2462 810 2697 880 Inferna,
2729 817 3084 884 neque'dabis
3136 828 3377 873 sanctum
3423 830 3569 874 tuum
3612 823 3784 876 videre
3843 838 4043 874 corru-

2462 905 2691 970 ptionem
2732 905 2798 958 ⁸³.

2532 992 2661 1047 Item
2710 998 2881 1052 Osee:
2916 997 3110 1062 Venite,
3139 1006 3188 1050 et
3235 1005 3559 1052 revertamur
3603 999 3673 1052 ad
3717 999 4035 1064 Dominum,

2459 1087 2583 1153 quia
2612 1089 2721 1155 ipse
2743 1090 2895 1157 cepit,
2946 1096 2996 1141 et
3045 1090 3259 1143 sanabit
3294 1105 3385 1143 nos
3433 1099 3546 1158 post
3597 1094 3727 1145 duos
3775 1094 3908 1145 dies.
3963 1094 4036 1146 In

2459 1175 2541 1227 die
2596 1177 2753 1231 tertia
2797 1177 3066 1231 suseitabit
3109 1195 3231 1242 nos,
3284 1189 3334 1232 et
3386 1181 3613 1235 vivemus
3649 1184 3703 1236 in
3750 1198 4034 1253 conspectu

2455 1266 2570 1334 ejus
2607 1267 2673 1320 ".
3259 1266 3267 1275 ’

2742 1377 2828 1432 I7.
2860 1377 2937 1432 De
2979 1382 3354 1452 unguentiferis
3411 1383 3734 1440 mulieribus.

2530 1488 2603 1541 Dc
2651 1491 3050 1554 unguentil‘eris
3085 1509 3216 1549 vero
3243 1495 3570 1551 mulieribus
3625 1497 3770 1550 hunc
3804 1498 3869 1561 iis
3913 1512 4034 1550 mo-

2457 1576 2584 1630 dum
2615 1578 2778 1633 Isaias
2815 1582 3143 1638 vaticinatur
3181 1584 3476 1640 :Mulieres
3525 1589 3786 1641 venientes
3833 1600 3881 1641 et
3935 1593 4029 1640 do-

2455 1677 2625 1724 centes
2649 1686 2786 1724 eam.
2822 1669 2943 1725 Non
2967 1684 3041 1728 est
3067 1678 3203 1729 enim
3235 1678 3454 1747 populus
3477 1680 3686 1747 sapiens
3720 1680 3788 1732 ⁸⁷.

2839 1784 2922 1838 18.
2958 1785 3029 1838 De
3060 1786 3374 1842 Ascensione
3406 1789 3639 1844 Domini.

2527 1891 2631 1947 Sed
2688 1903 2742 1948 et
2791 1895 2858 1949 de
2903 1898 3220 1953 ascensione
3265 1899 3529 1954 Davidcs:
3583 1901 3820 1953 Ascendit
3861 1915 4032 1966 super

2456 1983 2754 2048 Cherubim,
2809 1999 2858 2040 et
2889 1989 3081 2042 volavit
3116 2006 3133 2044 :
3193 1992 3385 2046 volavit
3414 2008 3572 2062 super
3597 2008 3793 2062 pennas
3844 1999 4030 2045 vento-

2457 2095 2572 2132 rum
2597 2081 2664 2132 ⁵⁸.

2524 2171 2656 2226 Item
2690 2190 2704 2225 :
2735 2173 2974 2228 Ascendit
3004 2173 3142 2229 Deus
3169 2177 3222 2230 in
3269 2174 3462 2245 jubilo,
3518 2175 3772 2229 Dominus
3815 2178 3868 2229 in
3902 2192 4028 2231 vocs

2455 2263 2588 2315 tuba:
2610 2264 2678 2302 ⁸⁸⁸

2525 2353 2656 2407 Item
2695 2371 2710 2407 :
2739 2356 2978 2410 Attellite
2998 2364 3177 2426 portas
3206 2358 3464 2427 principes
3497 2367 3717 2421 vestras,
3742 2369 3789 2413 et
3835 2361 4024 2413 introi-

2452 2445 2522 2498 bit
2549 2444 2657 2498 Rea:
2678 2445 2862 2516 gloria:
2893 2449 2959 2502 ⁸⁸.

2521 2535 2654 2588 Item
2681 2537 2847 2592 Isaias
2879 2555 2893 2592 :
2926 2537 3052 2604 Quis
3110 2550 3185 2594 est
3217 2544 3334 2604 iste,
3368 2542 3458 2612 qui
3512 2545 3651 2597 venit
3707 2543 3771 2595 de
3807 2541 3976 2597 Edam
3999 2542 4026 2595 .’

2452 2628 2621 2680 tinctis
2645 2627 2866 2681 vestibus
2892 2631 2957 2682 de
2995 2631 3158 2686 ltosra
3179 2633 3221 2664 ⁸³
3251 2633 3274 2685 ?

2518 2717 2652 2772 Item
2687 2735 2700 2770 :
2731 2717 2907 2782 Quare
2933 2736 3054 2791 ergo
3085 2722 3299 2776 rubrum
3337 2734 3412 2778 est
3438 2725 3797 2778 indumentum
3827 2735 3980 2778 tuum
3999 2725 4027 2778 .’

2451 2818 2499 2861 et
2553 2810 2865 2864 vestimenta
2927 2821 3018 2864 tua
3065 2815 3200 2867 sicut
3261 2814 3582 2868 calcantium
3642 2819 3696 2868 in
3725 2815 4026 2868 torculuri.’

2455 2901 2692 2954 torcular
2723 2903 2922 2957 calcavi
2957 2913 3121 2970 satus,
3156 2916 3206 2960 et
3230 2911 3294 2959 de
3317 2909 3553 2975 gentibus
3576 2923 3677 2960 non
3697 2918 3770 2960 est
3797 2910 3876 2961 vir
3909 2923 4024 2960 me-

2451 3008 2568 3046 cum
2601 2993 2644 3022 ⁶²

2521 3085 2788 3140 Praeterea
2811 3101 2942 3140 vero
2991 3086 3280 3142 Zacharias
3332 3087 3407 3141 ait
3441 3087 3560 3142 :sEt
3605 3089 3817 3142 stabunt
3867 3089 4023 3156 pedes

790 3154 904 3209 tua,
932 3154 979 3198 et
1004 3148 1256 3216 fratribus
1285 3155 1386 3207 tuis
1424 3157 1556 3209 sicut
1608 3177 1708 3224 me,
1743 3165 2015 3218 suscitabit
2049 3167 2137 3220 tibi
2168 3168 2342 3221 Domi-
2372 3184 2418 3245 α
2457 3175 2664 3229 Domini
2688 3193 2844 3247 super
2871 3189 3097 3232 montem
3128 3179 3422 3245 Oliuarum,
3472 3182 3560 3249 qui
3586 3189 3660 3234 est
3697 3191 3882 3233 contra
3924 3178 4022 3234 Je-

791 3249 891 3287 nus
944 3236 1078 3291 Deus
1137 3250 1276 3304 tuus,
1315 3245 1487 3312 ipsum
1534 3249 1733 3303 audies.
1772 3251 1838 3304 Et
1883 3257 1976 3308 erit
2025 3257 2130 3310 vita
2175 3266 2347 3320 vestra

790 3327 1016 3393 pendens
1039 3339 1161 3384 ante
1185 3333 1361 3388 oculos
1390 3347 1585 3392 vestros
1617 3342 1681 3392 ⁸ο.

1254 3467 1336 3520 14.
1369 3468 1446 3521 De
1475 3469 1668 3525 Christi
1711 3484 1894 3529 morte.

860 3593 935 3647 De
974 3605 1148 3651 morte
1206 3607 1450 3671 ejusdem
1501 3605 1580 3658 sic
1637 3606 1851 3662 Isaias:
1905 3609 2084 3664 Justus
2135 3613 2265 3680 perit
2299 3621 2349 3666 et

791 3701 893 3736 non
922 3695 995 3738 est
1047 3690 1138 3756 qui
1180 3693 1424 3761 recogitet
1456 3696 1508 3747 in
1565 3700 1719 3750 corde
1748 3716 1861 3754 suo.
1895 3701 2194 3771 [Nimirum
2231 3707 2349 3774 ejus

792 3782 1308 3854 resurrectionem.)
1365 3786 1538 3839 Item:
1575 3791 1613 3842 Α
1657 3793 1790 3858 facie
1842 3793 2056 3847 malitia'
2107 3795 2346 3850 collectus

788 3878 866 3921 est
896 3871 1080 3934 iustus,
1115 3882 1162 3926 ct
1183 3877 1279 3927 erit
1303 3877 1356 3928 in
1379 3894 1506 3947 pace
1543 3880 1815 3948 sepultura
1845 3885 1958 3952 ejus
1984 3888 2046 3949 ⁸⁸,

861 3961 1133 4028 Quaesitus
1167 3967 1310 4020 enim
1349 3970 1520 4024 estah
1579 3971 1839 4040 losepho,
1882 3979 2042 4044 eique
2073 3977 2253 4043 datus,
2289 3989 2348 4032 ut

789 4055 1134 4121 sepeliretur.
1188 4056 1303 4123 Qua
1360 4062 1426 4113 de
1468 4077 1524 4114 re
1562 4063 1676 4130 ipse
1733 4079 1950 4134 quoque
1983 4067 2210 4122 Davides
2264 4069 2348 4123 his

787 4145 971 4198 verbis
1002 4147 1202 4202 cecinit
1237 4167 1250 4202 :
1284 4149 1576 4204 Posuerunt
1619 4170 1699 4206 me
1734 4156 1785 4207 in
1832 4155 1949 4208 lacu
1981 4158 2220 4227 inferiori
2245 4177 2264 4213 :
2293 4164 2345 4212 in

789 4239 1030 4300 tenebris,
1056 4247 1106 4291 et
1136 4241 1187 4292 in
1222 4243 1406 4294 umbra
1458 4245 1639 4298 mortis
1666 4244 1754 4300 ⁸¹“.
1783 4246 1914 4300 Item
1943 4263 1958 4300 :
1994 4247 2188 4302 Factus
2230 4266 2346 4304 sum

785 4331 916 4379 sicut
967 4329 1118 4381 homo
1161 4332 1273 4384 sine
1302 4333 1586 4402 adjutorio,
1647 4338 1784 4390 inter
1840 4346 2068 4391 mortuos
2123 4339 2250 4393 liber
2276 4342 2344 4394 ⁵⁸.

787 4414 899 4467 Iloe
919 4424 1003 4470 est
1041 4433 1069 4470 a
1105 4421 1344 4485 peccatis
1381 4422 1658 4477 immunis.

1036 4555 1120 4610 15.
1161 4555 1233 4608 De
1263 4556 1455 4612 Christi
1495 4559 1738 4613 descensu
1783 4563 1852 4613 ad
1883 4564 2096 4626 inferos.

850 4693 925 4746 I'a
969 4707 1093 4747 vero
1125 4694 1266 4763 apud
1291 4695 1486 4753 Johum
1519 4696 1780 4750 scribitur
1811 4715 1826 4755 :
1860 4699 2110 4770 Nunquid
2143 4711 2342 4771 aperta:

777 4792 900 4837 sunt
949 4784 1039 4835 tibi
1101 4795 1269 4846 porta:
1337 4787 1538 4849 mortis,
1587 4795 1637 4838 et
1695 4789 1829 4842 ostia
1885 4792 2152 4845 tenebrosa
2211 4793 2343 4846 ridi-

778 4876 844 4926 sti
881 4874 973 4926 ⁵³2

849 4964 908 5017 In
942 4967 1186 5019 eamdem
1228 4966 1551 5020 sententiam
1583 4967 1812 5022 Davides
1844 4985 1858 5023 :
1900 4970 2002 5035 Qui
2045 4974 2211 5026 educit
2233 4976 2346 5029 I-in-

781 5061 888 5108 ctos
912 5057 964 5107 in
989 5056 1313 5123 fortitudine,
1342 5055 1583 5109 similiter
1630 5071 1714 5110 eos
1761 5058 1852 5125 qui
1885 5072 2218 5128 exasperant,
2257 5066 2345 5132 qui

780 5147 1019 5200 habitant
1043 5149 1097 5200 in
1124 5147 1375 5217 sepulcris
1407 5148 1473 5200 ⁵⁵.

853 5309 896 5337 “
917 5308 1070 5361 Cant.
1103 5326 1179 5374 In,
1214 5311 1297 5361 II.
1377 5309 1420 5339 “
1451 5307 1594 5363 Psal.
1621 5324 1731 5372 xu,
1756 5309 1843 5370 I7,
1877 5310 1960 5363 I9.

2038 5314 2082 5344 "‘
2115 5314 2256 5368 I‘sal.
2287 5333 2470 5381 LXVIII,
2497 5320 2588 5374 22.

2455 3267 2688 3322 rusalem
2728 3268 2797 3322 ad
2836 3270 3089 3325 orientem
3131 3271 3196 3324 ⁸³.

2873 3402 2961 3458 19.
2999 3403 3071 3457 De
3101 3403 3312 3473 judicio
3346 3414 3596 3456 extremo.

2523 3537 2596 3590 De
2625 3535 2864 3590 secundo
2901 3543 3082 3590 autem
3119 3535 3377 3598 adventu,
3407 3534 3596 3588 Daniel
3645 3534 3714 3587 ita
3753 3531 4024 3584 vatic‘na-

2453 3637 2540 3679 tus
2593 3634 2678 3680 est
2704 3642 2718 3678 :
2748 3626 3073 3686 Aspiciebam
3123 3642 3245 3694 ergo
3275 3627 3331 3678 in
3353 3613 3570 3679 visione
3604 3625 3786 3686 noctis,
3815 3633 3863 3674 ct
3905 3639 4025 3675 ecce

2449 3734 2566 3769 cum
2603 3718 2818 3770 nubibus
2847 3717 2960 3770 eazli
3006 3719 3158 3785 quasi
3186 3715 3352 3771 Filius
3381 3717 3604 3771 hominis
3658 3715 3916 3778 veniebat,
3972 3725 4022 3765 et

2451 3823 2615 3874 usque
2641 3807 2709 3859 ad
2746 3805 3037 3874 Antiquam
3063 3807 3264 3858 dierum
3291 3805 3546 3874 pervenit,
3573 3815 3619 3857 et
3657 3806 3707 3857 in
3741 3814 4021 3868 conspectu

2451 3912 2562 3962 ejus
2591 3897 2892 3950 obtulerunt
2920 3913 3060 3950 eum.
3099 3896 3165 3949 Et
3196 3897 3335 3950 dedit
3368 3899 3416 3950 ei
3441 3905 3750 3966 potestatem
3777 3905 3823 3946 et
3849 3896 4023 3947 hono-

2451 4003 2581 4046 rem,
2615 3997 2660 4039 et
2701 4003 2940 4056 regnum.
2970 3996 3018 4040 et
3072 4003 3250 4040 omnes
3273 3987 3474 4056 populi,
3502 3985 3664 4038 tribus
3713 3996 3759 4037 et
3819 3986 4022 4054 lingua?

2447 4080 2545 4144 ipsi
2599 4079 2842 4131 servient.
2891 4077 3137 4132 Potestas
3195 4079 3306 4147 ejus
3365 4086 3593 4148 potestas
3631 4085 3854 4138 a‘terna,
3903 4095 4023 4144 qua:

2448 4183 2552 4220 non
2581 4168 2873 4235 auferetur,
2933 4177 2982 4221 ct
3030 4183 3247 4237 regnum
3304 4168 3416 4236 ejus
3470 4167 3605 4235 quod
3637 4183 3739 4220 non
3779 4182 4025 4219 corrum-

2448 4268 2600 4325 petur
2628 4259 2693 4310 “.

2517 4347 2649 4401 Item
2673 4347 2781 4400 alio
2801 4347 2942 4400 loco:
2960 4347 3289 4421 Aspicieba'm
3313 4348 3473 4400 donec
3496 4347 3649 4416 positi
3673 4355 3792 4399 sunt
3821 4347 4018 4408 throni,

2447 4444 2494 4488 et
2555 4437 2802 4504 antiquus
2839 4435 3044 4489 dierum
3065 4435 3222 4498 sedit,
3263 4436 3626 4488 vestimentum
3669 4435 3780 4503 ejus
3829 4437 4023 4488 eandi-

2374 4526 2419 4580 D
2449 4529 2594 4591 dum,
2630 4527 2783 4596 quasi
2834 4527 2944 4590 nix,
2996 4536 3044 4579 et
3076 4526 3262 4597 capilli
3317 4527 3503 4596 capitis
3545 4527 3656 4595 ejus
3685 4527 3836 4592 quasi
3891 4525 4019 4577 luna

2452 4617 2668 4670 munda.
2712 4617 2945 4670 Thronus
2974 4618 3087 4687 ejus
3123 4620 3353 4688 ﬂamma:
3384 4617 3540 4688 ignis.
3567 4615 3614 4668 F
3618 4617 3784 4670 lucius
3836 4618 4019 4686 igneus

2450 4708 2768 4777 rapidusque
2791 4709 3151 4776 egrediebatur
3183 4726 3214 4762 a
3242 4709 3374 4777 facie
3399 4709 3512 4777 ejus
3543 4723 3560 4760 :
3592 4707 3762 4761 millia
3791 4707 4018 4759 millium

2451 4797 2819 4851 ministrabant
2841 4799 2909 4864 ei,
2941 4799 3108 4852 decies
3133 4798 3323 4851 millies
3346 4806 3563 4851 centena
3610 4797 3783 4879 millia
3805 4797 4018 4849 assiste-

2451 4888 2577 4940 bant
2602 4889 2666 4940 ei.
2692 4885 2958 4941 Iudicium
2984 4889 3135 4952 sedit,
3163 4894 3212 4940 et
3244 4886 3364 4940 libri
3411 4887 3581 4956 aperti
3606 4895 3750 4938 sunt.
3787 4883 4019 4952 Aspicie-

2451 4979 2590 5042 bam,
2638 4989 2850 5047 propter
2905 4995 3079 5032 vocem
3137 4994 3438 5032 sermonum
3510 4977 3815 5046 grandium,
3886 4991 4016 5043 quos

2450 5088 2613 5126 cornu
2642 5072 2774 5124 illud
2805 5071 3132 5142 loquebatur,
3187 5081 3237 5124 et
3296 5071 3398 5125 vidi
3452 5071 3699 5140 quoniam
3741 5069 4016 5133 interfecta

2452 5170 2581 5215 esset
2600 5162 2762 5215 bestia
2780 5163 2822 5193 ⁸⁵
2857 5160 2983 5232 [qui
3008 5172 3092 5216 est
3118 5158 3552 5231 Antichristus.]
3587 5159 3722 5230 (21).

2666 5319 2713 5352 ⁵⁸
2745 5321 2908 5376 Zaeh.
2955 5338 3064 5386 nx,
3094 5325 3144 5375 6.
3223 5323 3265 5354 ν’
3289 5320 3454 5374 Zach.
3490 5333 3598 5379 xw,
3628 5316 3682 5376 6,
3706 5315 3758 5368 7.
3831 5385 3839 5386 7
3879 5316 3922 5386 ξ’
3947 5315 4023 5368 A-

778 5393 901 5460 rpos
930 5395 1041 5460 VIII2
1195 5381 1238 5411 "
1258 5379 1589 5460 JOCI.II,‘I_0,
1623 5379 1750 5460 1.1.“
1783 5378 1830 5460 ⁸⁶ξ
1849 5380 1987 5434 Deut
2035 5399 2186 5460 xr_III,
2228 5387 2289 5460 15
2315 5403 2429 5460 ;_xx_:

2374 5378 2506 5460 :xIII.
2529 5390 2616 5444 66.
2656 5459 2661 5460 ί
2694 5388 2733 5419 "‘
2772 5390 2871 5443 lsa.
2903 5378 3114 5455 ι,νιι,·’1.
3151 5393 3218 5424 ⁵¹⁶
3252 5391 3388 5460 Psal.
3414 5378 3719 5447 tumul
3800 5385 4015 5460 "Ibid.

870 5448 921 5502 6,
997 5449 1043 5478 ⁸³
1072 5448 1190 5502 .Iob.
1225 5465 1281 5502 x3

781 5518 835 5547 ⁸⁸
859 5517 996 5570 Pani.
1043 5532 1169 5578 xvu,
1201 5521 1281 5570 II.

777 5601 881 5654 vn,
909 5589 988 5652 t5,
1009 5587 1139 5641 lt."
1167 5587 1305 5642 Ibid.
1333 5587 1386 5649 9,
1419 5602 1571 5655 seqq.
1598 5586 1760 5655 paulo
1788 5597 1938 5644 ante.

997 5449 1043 5478 ⁸³
1072 5448 1190 5502 .lob.
1225 5464 1446 5507 xxxvi",
1477 5448 1564 5500 I7.
1638 5448 1683 5478 “
1712 5447 1853 5502 Psal.
1891 5465 2060 5516 vatt,
2089 5455 2140 5508 7.

2247 5459 2291 5488 ⁵⁵
2320 5458 2458 5511 PsaI.
2491 5475 2578 5522 xv,
2609 5459 2694 5522 IO,

1359 5518 1403 5548 "
1434 5517 1579 5571 Psal.
1614 5532 1722 5594 ινιε
1753 5517 1804 5570 6.
1870 5518 1915 5548 ⁶⁰
1947 5520 2087 5577 I’sal.
2109 5540 2262 5589 XXIII,
2295 5527 2324 5577 7
2401 5528 2442 5558 “
2471 5517 2575 5583 Isa.
2602 5517 2748 5594 uti",
2773 5532 2821 5583 I.

3359 5459 3400 5490 ⁵⁷
3444 5459 3547 5513 Isa.
3611 5469 3779 5516 xxv“,
3852 5454 3942 5506 11.

3359 5526 3723 5578 laehsmi.
3803 5523 3942 5578 “Di

3927 5539 4021 5583 an.

2807 5460 2853 5492 ⁸⁶
2877 5460 3034 5517 Osee.
3090 5479 3166 5519 VI.
3198 5463 3249 5515 I.

2903 5532 2946 5561 θ’
2975 5530 3090 5585 Ibid
3133 5532 3186 5586 ’2.
3263 5530 3308 5562 "
3351 5527 3646 5587 Zaehsw,
3676 5526 3723 5577 i.

852 5765 963 5834 (2t)
987 5764 1323 5825 Scutariotes
1364 5766 1453 5824 hic
1477 5767 1868 5838 prophetarum
1901 5776 2085 5826 contra
2123 5765 2339 5824 intimos
2374 5770 2683 5828 testimonia
2710 5773 3004 5830 desiderat.
