4274 6382
284 417 426 485 1205
1503 411 1895 475 THESAUBI
1940 413 2088 473 LIB.
2133 410 2251 470 Ill.
3371 392 3516 459 1206‘

909 526 1058 581 CAI‘.
1110 522 1174 579 ll.
1872 523 1915 577 Δ
1949 521 2115 584 tione,
2137 518 2284 573 nulla
2312 514 2579 570 divisione
2611 511 2748 566 facta
2784 528 2797 565 ε
2830 504 3137 563 divinitatis
3167 519 3280 559 suae
3315 512 3511 557 natura

342 618 561 674 Joannis
605 617 940 675 Damasceni.
979 618 1042 670 de
1076 615 1272 671 Christi
1301 618 1653 687 conceptione,
1683 631 1771 667 seu
1946 612 1999 665 in
2027 612 2208 665 carnis
2239 608 2529 663 essentiam
2564 604 2787 658 minime
2832 609 3059 660 mutata,
3091 610 3270 665 neque
3300 584 3509 653 contra.

453 689 629 741 divina
665 690 909 740 humana:
950 687 1125 740 carnis
1152 684 1508 753 assumptione
1534 684 1664 748 (‘22).
1946 704 2125 758 carnis
2164 716 2275 755 sua,
2318 696 2555 754 essentia
2611 694 2664 748 ίη
2736 707 2847 746 suam,
2904 687 3207 743 divinitatis
3261 691 3512 739 naturam

344 799 582 869 Angelus
619 798 831 853 Domini
889 797 1087 852 missus
1132 798 1199 852 ad
1244 808 1493 854 sanctam
1530 797 1840 865 Virginem,
1945 808 2232 855 conversa,
2261 808 2439 861 neque
2466 803 2573 845 una
2622 787 2925 869 eademque
2978 790 3172 835 natura
3212 779 3512 846 composita

277 906 397 961 ίιιιεε
430 868 600 961 lienus
659 904 727 943 ex
777 888 1035 947 Davidica
1094 889 1241 944 tribu
1302 888 1538 943 ducebat
1607 888 1846 954 (constat
1946 903 2011 943 ex
2046 885 2231 941 divina
2291 899 2387 939 sua
2431 868 2659 945 natura,
2687 885 2743 933 et
2792 877 3055 939 humana,
3089 887 3250 941 quam
3300 882 3517 924 assum-

275 982 422 1036 enim
453 981 741 1036 Dominum
782 996 846 1035 ex
904 980 1044 1036 Juda
1074 990 1253 1035 ortum
1313 981 1562 1049 traxisse,
1592 993 1709 1053 qua
1777 995 1843 1033 ex
1949 984 2152 1046 pserat.
3268 964 3274 973 ’

280 1074 458 1128 tribus
480 1073 668 1128 nullus
707 1072 949 1127 animum
995 1072 1062 1128 ad
1112 1073 1479 1129 sacerdotium
1511 1075 1741 1145 appulit,
1786 1084 1847 1129 ut
2609 1059 2758 1117 CAP.
2799 1057 2891 1113 ill.
3437 1128 3442 1135 η

280 1162 475 1217 beatus
500 1160 794 1230 Apostolus
823 1160 921 1221 ait,
954 1160 1022 1216 de
1045 1176 1155 1230 quo
1197 1173 1384 1232 postea
1413 1139 1661 1219 dicemus
1688 1180 1846 1234 aper-
1948 1163 1965 1181 ‘
1987 1159 2263 1231 Ejusdem,
2316 1158 2391 1234 d_e_
2418 1154 2617 1234 duabus
2650 1152 2883 1234 naturis,
2940 1143 3370 1234 ad‘versusmillios
3426 1139 3516 1210 qui

280 1253 435 1320 tius),
464 1215 964 1319 sic'Evangelizans
980 1215 1116 1307 dixit
1137 1215 1160 1305 7:
1199 1215 1848 1324 idvevqratiu‘plenafDo-

1646 1215 1848 1317 ᾗῖῐὸῥ,
2031 1215 2050 1231 ’
2130 1215 2293 1282 unam
2330 1228 2539 1282 Christo
2568 1231 2817 1278 naturam
2850 1235 2960 1275 esse
2986 1218 3165 1271 dicunt
3200 1215 3334 1286 (24),

284 1347 457 1399 minus
482 1353 672 1400 tecum.
705 1345 835 1412 Quae
866 1360 989 1400 cum
1026 1345 1244 1400 turbata
1266 1356 1411 1402 esset
1442 1323 1544 1402 hoc
1571 1328 1847 1414 sermone,
2018 1344 2240 1399 Natura:
2269 1341 2413 1395 inter
2445 1352 2526 1402 se,
2562 1335 2708 1390 nulla
2736 1331 3052 1389 inversione
3120 1335 3178 1381 et
3216 1323 3516 1380 mutatione

283 1440 517 1509 subjecit
547 1442 770 1511 angelus
796 1457 809 1494 :
844 1438 928 1493 Ne
958 1441 1165 1503 timeas,
1207 1441 1400 1497 Maria.
1432 1443 1676 1496 invenisti
1712 1445 1851 1495 enim
1950 1435 2113 1500 facta,
2149 1433 2460 1503 conjuncta:
2486 1437 2616 1485 sunt
2646 1444 2660 1482 :
2697 1425 2771 1479 ita
2803 1433 2859 1479 ut
2911 1435 3089 1491 neque
3114 1418 3295 1474 divina
3324 1423 3517 1468 natura

284 1534 515 1600 gratiam
546 1531 688 1600 apud
730 1529 1034 1594 Dominum,
1068 1538 1116 1583 et
1144 1532 1316 1599 paries
1354 1529 1585 1594 Filium;
1618 1538 1666 1582 et
1699 1546 1851 1583 voca-
1949 1543 1980 1581 e
2035 1525 2255 1594 pr0pria
2308 1522 2671 1593 simplicitate
2721 1514 3039 1576 excesserit,
3094 1527 3196 1565 nec
3224 1524 3255 1564 e
3304 1505 3522 1560 diverso

284 1619 359 1670 bis
388 1635 575 1671 nomen
603 1620 717 1687 ejus
759 1617 940 1671 Iesum
969 1617 1037 1671 “.
1091 1617 1211 1688 Ipse
1254 1619 1391 1671 enim
1441 1618 1647 1672 salvum
1696 1619 1851 1686 faciet
1954 1616 2197 1669 humana
2228 1613 2313 1668 vel
2368 1614 2425 1665 in
2479 1608 2784 1665 divinitatis
2819 1614 3068 1659 naturam
3105 1614 3284 1661 versa,
3318 1597 3404 1651 vel
3454 1594 3520 1648 ad

285 1708 535 1774 populum
561 1685 713 1762 suum
737 1726 768 1761 a
796 1709 1021 1776 peccatis
1048 1685 1227 1761 eorum
1251 1710 1315 1762 °'.
1348 1708 1503 1764 Unde
1532 1685 1703 1765 Jesus
1737 1726 1853 1766 ser-
1954 1705 2184 1760 nihilum
2218 1702 2437 1759 redacta
2467 1700 2563 1762 sit,
2595 1713 2775 1764 neque
2802 1696 2931 1750 item
2963 1693 3178 1748 duabus
3210 1704 3276 1742 ex
3308 1685 3522 1741 naturis

282 1810 524 1853 vatorem
552 1798 840 1867 signiﬁcat.
868 1798 1000 1864 Quae
1016 1812 1138 1852 cum
1165 1798 1424 1854 haesitans
1455 1800 1848 1867 respondisset:
1886 1862 1918 1867 _
1957 1816 2064 1855 una
2098 1796 2399 1866 composita
2430 1792 2734 1847 emerserit.
2783 1787 3064 1857 Siquidem
3100 1781 3400 1851 composita
3426 1794 3524 1831 na-

286 1887 554 1951 Quomodo
582 1887 669 1955 ﬁet
701 1887 858 1945 istud.
889 1888 1013 1956 quia
1036 1888 1205 1942 virum
1235 1905 1341 1942 non
1362 1862 1657 1959 cognosco?
1687 1890 1851 1962 Adje-
1886 1862 1924 1916 Β
1957 1900 2079 1944 tura
2100 1862 2293 1942 earum
2320 1899 2385 1938 ex
2421 1881 2624 1952 quibus
2648 1877 2879 1933 conﬂata
2912 1885 2995 1929 est
3037 1882 3358 1927 naturarum
3395 1883 3525 1921 neu-

285 1978 359 2031 cit
402 1978 624 2047 angelus
655 1998 666 2032 :
702 1976 932 2047 Spiritus
988 1988 1200 2033 sanctus
1238 1957 1563 2049 superveniet
1596 1984 1649 2035 in
1704 1957 1782 2045 te,
1800 1992 1848 2038 et
1955 1981 2026 2034 tri
2054 1970 2533 2033 consubstantialis
2569 1983 2688 2023 esse
2753 1974 2952 2036 potest,
3002 1978 3125 2016 cum
3179 1976 3245 2013 ex
3292 1957 3527 2012 diversis

284 2070 448 2122 virtus
480 2069 734 2123 Altissimi
786 2070 1116 2123 obumbrabit
1169 2072 1281 2124 tibi.
1306 2047 1543 2140 ideoque
1577 2073 1712 2140 quod
1751 2091 1847 2126 na-
1956 2071 2228 2126 diversum
2282 2064 2480 2120 eiliciat
2524 2076 2536 2113 :
2574 2055 3059 2129 quemadmodum,
3130 2050 3283 2103 verbi
3330 2047 3521 2118 gratia,

285 2166 457 2209 scetur
481 2171 545 2209 ea:
571 2165 618 2208 te
645 2154 919 2220 Sanctum,
940 2158 1206 2211 vocabitur
1233 2156 1404 2212 Filius
1422 2158 1537 2212 Dei.
1567 2159 1659 2213 Illa
1682 2175 1847 2215 vero:
1957 2177 2158 2232 corpus
2181 2169 2417 2231 quatuor
2449 2172 2513 2211 ex
2563 2150 2852 2208 elementis
2907 2145 3293 2214 compositum,
3350 2152 3528 2206 neque

290 2245 442 2309 Ecce,
478 2246 679 2316 ίηίιυίίο
729 2246 926 2300 "mm"
960 2247 1192 2312 υοηιῖηίο
1246 2248 1342 2315 ﬁat
1400 2251 1527 2303 mihi
1568 2256 1849 2304 secundum
1959 2228 2362 2322 ejusdctncum
2408 2246 2533 2315 igne
2588 2242 2843 2297 essentia:
2896 2235 3119 2295 dicitur,
3165 2245 3341 2300 neque
3387 2228 3528 2295 ignis

289 2334 497 2387 verbum
524 2335 755 2387 ⁸³¹⁸³⁰⁸⁶⁸·
1961 2345 2319 2402 nominatur:
2361 2352 2539 2406 neque
2585 2336 2714 2389 item
2756 2346 2870 2388 aer.
2926 2341 3103 2395 neque
3158 2337 3318 2390 aqua.
3353 2334 3529 2385 neque

362 2425 549 2494 Itaque
574 2426 665 2479 ubi
692 2428 926 2495 primum
950 2436 1136 2481 sancta
1163 2427 1440 2482 consensit
1468 2430 1651 2498 Virgo,
1683 2429 1853 2499 Spiri-
1961 2449 2045 2492 ter

1843 2463 1853 2471 -
1961 2449 2105 2492 terra
2134 2433 2359 2497 dicitur,
2414 2442 2518 2482 nec
2556 2426 2652 2481 ulli
2690 2435 2917 2494 prorsus
2945 2431 3138 2474 eorum
3170 2411 3531 2469 consubstan-

295 2526 383 2571 tus
413 2525 636 2571 sanctus
665 2521 718 2569 in
768 2533 887 2571 eam
912 2517 1221 2583 descendit,
1263 2527 1422 2585 prout
1464 2519 1725 2574 Dominus
1760 2537 1857 2591 per
1963 2527 2090 2580 tiale
2119 2533 2221 2578 est.

294 2608 542 2675 angelum
570 2606 801 2670 dixerat,
832 2615 1030 2660 uteam
1064 2618 1343 2676 purgaret.
1390 2608 1608 2678 vimque
1656 2610 1857 2664 divini-
2036 2616 2153 2671 Jam
2178 2616 2243 2677 si,
2278 2623 2339 2667 ut
2370 2608 2645 2665 haereticis
2671 2606 2867 2677 placet,
2905 2601 3160 2659 Christus
3218 2602 3343 2666 p081
3398 2608 3532 2649 00n-

296 2702 423 2753 tatis
478 2710 533 2753 et
572 2699 943 2766 generationis
994 2698 1152 2751 Verbi
1210 2713 1463 2765 capacem
1520 2710 1853 2771 suggereret.
1958 2709 2299 2780 junctionem
2351 2704 2511 2759 unica
2560 2699 2860 2769 composita
2915 2703 3107 2749 natura
3158 2702 3412 2747 constar?-
3449 2686 3532 2741 ἀί-

295 2792 557 2859 Tuncque
576 2804 589 2815 ’λ
608 2805 704 2859 per
732 2805 791 2845 se
818 2791 1122 2844 subsistens
1144 2790 1404 2845 Altissimi
1451 2793 1546 2846 Dei
1592 2795 1857 2862 sapientia

1843 2811 1857 2849 |
1958 2776 2189 2853 etttsest
2218 2811 2282 2849 ex
2326 2791 2562 2862 simplici
2610 2789 2797 2862 utique
2841 2794 3034 2840 natura
3088 2782 3139 2835 in
3172 2776 3531 2847 compositam

293 2886 561 2942 etvirtus.
599 2883 857 2937 nimirum
885 2883 976 2936 Dei
1003 2882 1167 2937 Filius
1188 2884 1332 2937 Patri
1356 2884 1855 2947 consubStant'alis,
1969 2887 2187 2942 transiit
2218 2904 2231 2940 :
2275 2885 2348 2938 ita
2395 2857 2457 2937 ut
2485 2884 2595 2952 jam
2626 2857 2739 2934 nec.
2780 2878 2948 2935 Patri.
2986 2877 3143 2945 cujus
3172 2872 3402 2939 simplex
3449 2877 3533 2921 est

296 2975 439 3027 haud
467 2987 626 3028 secus
656 2982 818 3042 atque
865 2971 1114 3025 divinum
1157 2987 1341 3027 semen
1387 2973 1750 3053 obumbravit,
1785 2976 1860 3029 si-
1967 2987 2185 3039 natura,
2241 2971 2723 3029 consubstantialis
2770 2969 2839 3024 sit
2885 2986 2897 3021 ε
2949 2979 3124 3033 neque
3174 2961 3349 3023 Matri,
3410 2972 3532 3027 qua

297 3066 462 3135 hique
490 3064 591 3134 ipsi
622 3080 690 3119 ex
712 3065 874 3119 castis
901 3066 1019 3133 ejus
1061 3073 1116 3118 et
1162 3050 1469 3133 purissimis
1501 3068 1859 3136 sanguinihus
1966 3069 2186 3139 quidem
2217 3084 2283 3121 ex
2306 3066 2589 3120 divinitate
2611 3071 2667 3117 et
2697 3062 3036 3115 humanitate
3076 3051 3184 3110 non
3229 3050 3533 3119 composita.

300 3172 518 3211 carnem
565 3155 795 3215 anima,
864 3154 1090 3209 rationis
1144 3163 1198 3208 et
1242 3154 1549 3208 intellectus
1596 3157 1860 3223 participe
1892 3194 1932 3251 c
1965 3178 1988 3216 ε

1840 3172 1860 3208 3
1892 3194 1932 3251 ο
1965 3171 2129 3223 esset,
2156 3174 2330 3225 neque
2362 3158 2490 3210 item
2519 3152 2824 3207 divinitatis
2864 3160 2919 3204 et
2966 3143 3323 3201 humanitatis
3353 3141 3528 3209 parti-

300 3247 591 3299 animatam
623 3246 917 3312 compegit,
952 3253 1154 3298 nostra:
1209 3257 1399 3298 massa:
1443 3244 1702 3314 primitia.
1754 3247 1867 3300 Nec
1894 3228 1932 3251 ν
1966 3268 1988 3307 c

1842 3262 1867 3300 ε
1894 3228 1932 3251 υ
1966 3267 2092 3320 ceps
2114 3263 2235 3305 esse
2266 3256 2452 3316 queat,
2485 3243 2722 3311 denique
2760 3253 2938 3310 neque
2968 3238 3060 3290 Dei
3090 3248 3264 3302 neque
3290 3228 3530 3285 hominis

302 3340 353 3393 id
395 3356 459 3393 ex
503 3338 734 3403 semine,
794 3338 887 3394 sed
926 3339 1114 3393 divino
1155 3337 1407 3401 artiﬁcio,
1453 3354 1550 3409 per
1604 3341 1865 3408 Spiritum
1964 3341 2184 3395 nomine
2215 3348 2544 3393 censeatur:
2602 3333 2696 3388 sed
2749 3331 3003 3386 Christus
3033 3328 3314 3385 duntavat,
3348 3334 3531 3389 neque

299 3444 547 3490 sanctum
593 3451 693 3490 nec
745 3437 913 3505 ﬁgura
946 3436 1211 3505 paulatim
1261 3432 1666 3489 accessionibus
1696 3431 1862 3487 etIor-
1971 3430 2222 3487 Christus
2255 3428 2363 3483 erit
2390 3427 2758 3497 hypostaseos
2809 3421 2928 3490 ejus
2989 3431 3207 3476 nomen,
3236 3411 3330 3466 sed
3368 3409 3531 3464 unius

303 3538 469 3593 mata,
532 3529 627 3582 sed
686 3543 797 3581 uno
872 3528 1177 3595 eodemque
1250 3532 1527 3579 momento
1607 3524 1867 3591 perfecta,
1965 3532 2173 3575 naturae
2199 3522 2253 3573 in
2284 3534 2349 3573 eo
2376 3514 2833 3586 deprehenditur.
2878 3508 2988 3562 Nos
3016 3515 3197 3559 autem
3245 3501 3530 3557 Christum

305 3622 483 3679 ittsum
520 3621 615 3675 Dei
657 3620 896 3674 Verbum
944 3619 1125 3672 carnis
1181 3615 1496 3686 hypostasin
1557 3614 1871 3681 assumpsit.
1967 3612 2132 3665 unius
2161 3618 2370 3664 natura:
2411 3603 2726 3674 composita:
2759 3601 2927 3654 fuisse
2984 3595 3402 3662 haudquaquam
3433 3587 3532 3641 do-

307 3710 326 3779 Ῐ⁴
350 3709 461 3779 (23)
491 3708 603 3763 Nec
631 3710 777 3763 enim
837 3723 955 3762 eam
1015 3706 1116 3761 sibi
1168 3706 1312 3760 Deus
1360 3704 1596 3758 Verbum
1651 3720 1870 3758 carnem
1973 3717 2183 3763 cetnus,
2243 3713 2423 3768 neque
2478 3712 2543 3751 ex
2596 3692 2825 3748 diversis
2864 3690 3139 3745 diversum
3170 3682 3323 3753 quid,
3358 3688 3419 3733 ut
3464 3693 3533 3732 ex

306 3799 620 3867 assumpsit,
651 3815 771 3867 quae
791 3814 890 3868 per
920 3813 978 3853 se
1017 3807 1172 3852 antea
1208 3796 1545 3858 subsisteret,
1574 3796 1668 3850 sed
1692 3798 1744 3849 in
1776 3811 1871 3850 sua
1970 3795 2146 3848 anima
2178 3801 2231 3844 et
2271 3803 2497 3857 corpore
2532 3785 2835 3847 hominem,
2868 3781 2952 3833 vel
2986 3786 3045 3833 ut
3073 3793 3137 3830 ex
3162 3782 3399 3843 quatuor
3424 3771 3538 3824 ele-

309 3891 482 3957 ipsius
540 3890 818 3961 hypostasi
869 3891 1081 3944 ratione
1135 3888 1692 3956 incircumscriptibili
1738 3904 1873 3941 ven-
1970 3882 2169 3937 mentis
2206 3893 2440 3947 corpus:
2492 3874 2587 3930 sed
2637 3889 2703 3928 ex
2728 3870 2959 3926 diversis
3002 3868 3194 3923 eadem
3230 3866 3365 3934 ipsa.
3398 3863 3534 3917 Nam

305 3994 442 4038 trem
466 3992 667 4037 sancta:
695 3981 933 4051 Virginis
961 3980 1302 4041 inhabitans,
1334 3996 1399 4033 ex
1450 3954 1617 4034 castis
1662 3994 1875 4046 semper
1971 3991 2037 4029 ex
2062 3973 2349 4027 divinitate
2376 3979 2432 4023 et
2469 3966 2808 4022 humanitate
2842 3961 3093 4017 eumdem
3140 3960 3311 4013 Deum
3357 3954 3535 4026 perfe-

305 4074 535 4142 virginis
563 4072 919 4143 sanguinibus
960 4085 1180 4127 carnem
1235 4071 1414 4125 anima
1446 4070 1674 4123 rationis
1707 4079 1762 4125 et
1793 4071 1878 4123 in-
1973 4076 2121 4120 ctum
2160 4073 2215 4118 et
2263 4063 2565 4132 perfectum
2619 4056 2900 4111 hominem
2950 4068 3071 4108 esse
3119 4061 3175 4105 et
3218 4050 3346 4113 dici,
3389 4054 3444 4103 et
3474 4062 3539 4099 ex

308 4167 560 4221 tellectus
593 4140 859 4234 participe
883 4164 1181 4217 animatam
1210 4162 1418 4215 subiit:
1453 4170 1653 4215 nostrae
1687 4176 1878 4215 massae
1977 4157 2190 4212 duabus
2230 4164 2287 4208 et
2330 4154 2383 4207 in
2429 4150 2642 4206 duabus
2690 4144 2904 4201 naturis
2946 4142 3290 4198 conﬁtemur.
3330 4140 3543 4193 Nomen

306 4255 574 4326 primitias
613 4268 915 4308 assumens.
948 4251 1183 4306 Verbum
1237 4251 1416 4320 ipsum
1462 4249 1663 4305 factum
1724 4251 1877 4303 carni
1978 4257 2179 4310 autem,
2209 4244 2485 4304 Christus,
2540 4254 2788 4310 personae
2827 4250 3026 4291 nomen
3074 4232 3390 4291 asserimus,
3419 4242 3545 4281 cum

310 4344 676 4415 hypostasis.]
726 4344 912 4413 Itaque
970 4358 1093 4397 cum
1153 4318 1387 4409 primum
1443 4357 1571 4395 caro
1606 4341 1727 4401 fuit,
1782 4341 1879 4395 Dei
1988 4352 2096 4390 non
2121 4350 2232 4389 uno
2261 4332 2424 4387 modo
2456 4331 2689 4384 dicatur.
2721 4327 2816 4382 sed
2839 4327 2974 4381 duas
3000 4332 3223 4378 naturas
3254 4318 3544 4386 signiticet.

311 4452 529 4505 quoque
554 4435 715 4488 Verbi
741 4409 868 4487 raro
894 4434 1009 4487 fuit.
1069 4434 1137 4487 Et
1181 4448 1303 4485 cum
1353 4432 1588 4500 primum
1645 4432 1881 4484 animata
1975 4423 2109 4476 Nam
2140 4424 2253 4491 ipse
2286 4420 2526 4489 seipsum
2566 4418 2743 4478 unxit,
2775 4431 2974 4483 corpus
3006 4413 3227 4481 quidem
3256 4409 3548 4465 divinitate

313 4543 461 4587 caro,
492 4525 831 4592 rationisque
863 4533 919 4577 et
976 4523 1287 4577 intellectus
1316 4522 1590 4591 particeps
1624 4520 1746 4581 fuit.
1781 4521 1873 4575 Dei
1912 4513 1952 4566 D
1981 4530 2077 4568 sua
2117 4524 2371 4581 tanquam
2409 4513 2553 4564 Deus
2590 4524 2821 4577 ungcns.
2862 4516 3059 4561 unctus
3092 4519 3224 4557 vero
3273 4509 3548 4569 quatenus

313 4630 531 4687 quoque
558 4614 719 4668 Verbi
740 4589 974 4668 animata
1007 4626 1154 4672 caro,
1185 4589 1608 4679 rationisque—et
1663 4611 1877 4664 intelle-
1982 4605 2164 4658 homo.
2201 4601 2481 4671 Siquidem
2506 4601 2622 4667 ipse
2648 4609 2703 4653 et
2737 4598 2840 4651 hoc
2864 4606 2918 4650 et
2965 4594 3097 4649 illud
3142 4601 3244 4647 est.
3283 4589 3549 4645 Divinitas

317 4716 434 4758 rtus
465 4704 733 4773 particeps
772 4702 896 4757 fuit.
933 4701 1202 4768 Quocirca
1250 4716 1359 4754 non
1403 4701 1679 4754 hominem
1724 4700 1878 4754 deiti-
1982 4708 2167 4751 autem
2218 4692 2574 4748 humanitatis
2609 4690 2797 4744 unctio
2843 4696 2947 4742 est.
3008 4687 3142 4740 Nam
3198 4685 3242 4737 si
3295 4683 3551 4739 Christus

313 4806 519 4855 catum,
584 4794 677 4848 sed
730 4792 966 4847 Verbum
1024 4791 1364 4844 incarnatum
1428 4790 1681 4845 dicimus.
1743 4793 1875 4845 Nam
1984 4799 2190 4842 natura:
2221 4785 2382 4839 unius
2408 4782 2723 4852 composita:
2772 4781 3043 4845 exsistens
3103 4775 3250 4830 Patri
3291 4768 3547 4828 consub-

314 4903 437 4942 cum
472 4884 743 4953 perfectus
769 4890 960 4935 natura
1002 4881 1145 4934 Deus
1171 4889 1336 4940 esset,
1369 4879 1513 4933 idem
1551 4880 1714 4934 homo
1742 4897 1881 4950 quo-
1986 4878 2253 4933 stantialis
2301 4883 2407 4938 est,
2495 4873 2835 4942 compositus
2872 4877 3019 4924 certe
3072 4868 3252 4929 Pater,
3293 4872 3349 4918 et
3387 4876 3552 4918 carne

316 4992 422 5045 que
453 4974 726 5043 perfectus
780 4979 974 5025 natura
1029 4972 1203 5024 factus
1243 4980 1346 5025 est.
1396 4970 1587 5039 Neque
1626 4979 1879 5025 naturam
1986 4964 2467 5028 consubstantialis
2524 4964 2650 5018 erit.
2707 4961 2862 5026 Quod
2933 4958 3155 5028 quidem
3230 4955 3550 5018 absurdum,

318 5077 555 5127 mutans,
594 5079 771 5131 neque
802 5078 899 5132 per
942 5061 1281 5131 phantasiam
1317 5076 1411 5114 seu
1466 5061 1878 5116 simulationem
1988 5060 2244 5127 nullaque
2287 5070 2397 5110 non
2431 5053 2773 5123 blasphemia
2805 5051 3066 5105 refertum
3104 5047 3353 5117 estaAge
3394 5058 3548 5108 vero,

318 5158 634 5225 disponens,
672 5154 766 5207 sed
815 5168 1034 5208 carnem
1084 5152 1262 5205 anima
1311 5147 1538 5205 rationis
1579 5164 1635 5206 et
1669 5153 1883 5208 intelle-
1987 5152 2079 5222 qui
2122 5149 2237 5204 ﬁeri
2266 5148 2457 5217 possit,
2480 5154 2542 5200 ut
2570 5161 2675 5198 una
2698 5153 2891 5197 natura
2922 5139 3323 5194 contrariarum
3360 5150 3551 5190 essen-

320 5257 443 5300 ctus
493 5244 763 5314 participe
812 5244 1105 5297 animatam
1163 5257 1229 5295 ex
1277 5251 1463 5296 sancta
1486 5242 1705 5311 Virgine
1730 5258 1885 5300 assu-
1993 5244 2202 5297 tialium
2253 5240 2687 5295 differentiarum
2743 5251 2910 5305 capax
2963 5234 3215 5287 dicatur?
3254 5232 3357 5298 Qui
3402 5231 3549 5285 enim

323 5352 496 5400 mens,
535 5350 764 5405 quaeque
789 5335 844 5389 in
880 5334 997 5403 ipso
1021 5333 1315 5388 essentiam
1348 5334 1594 5401 haberet,
1626 5334 1889 5404 hyposta-
1992 5335 2107 5390 ﬁeri
2158 5342 2339 5404 potest
2389 5341 2453 5386 ut
2514 5330 2708 5385 eadem
2763 5336 2957 5382 natura
3014 5326 3207 5381 eodem
3276 5332 3552 5377 momento

325 5427 429 5482 tice
458 5427 785 5490 coniunctus
808 5432 939 5481 est:
980 5423 1132 5478 nulla
1163 5422 1508 5490 confusione,
1546 5425 1691 5480 nulla
1709 5435 1889 5480 tnuta-
1987 5434 2172 5481 creata
2219 5434 2277 5480 et
2338 5423 2600 5485 increata,
2652 5419 2898 5474 mortalis
2944 5427 2998 5473 et
3052 5415 3396 5478 immortalis,
3446 5412 3553 5468 cir-

397 5559 440 5589 ⁶⁴
456 5558 588 5612 Luc.
609 5573 647 5620 t,
672 5557 744 5611 28
790 5532 942 5628 seqq.
1018 5558 1063 5589 "
1095 5557 1262 5614 Matth
1281 5598 1295 5612 .
1322 5575 1358 5621 ι,
1385 5557 1475 5612 2L
1552 5559 1594 5589 “
1623 5558 1753 5612 Luc.
1778 5574 1813 5623 l,
1839 5558 1909 5611 34
1938 5574 2092 5628 seqq.

538 5712 672 5796 Vide
705 5710 1017 5796 Dqtrotoqiw
1042 5724 1148 5796 toti)
1208 5711 1517 5796 IXCIV,.C0|.
1546 5712 1665 5763 983.
1714 5783 1725 5796 _
1755 5782 1763 5791 .
1990 5712 2247 5796 inirahul‘t".
2285 5711 2476 5796 iisdem
2498 5710 2678 5763 verbis
2710 5717 3051 5778 repetuntur.

400 5773 508 5851 (Ἦ)
538 5782 631 5836 liis
664 5775 807 5836 notis
834 5773 1040 5836 inclusa
1086 5781 1358 5851 Zigabeuo
1381 5782 1577 5841 desunt
1611 5794 1666 5837 ct
1714 5782 1801 5838 hic
1828 5793 1882 5838 et
2062 5783 2169 5849 (‘24)
2209 5781 2339 5835 Vide
2369 5773 2784 5845 Itautascemuu,
2824 5779 2985 5841 ibid,
3013 5775 3116 5832 cui.
3146 5773 3263 5826 787.
