4274 6382
741 346 876 409 1⁵207

1978 347 2274 414 NICETIE
2311 346 2721 409 CHONIATB

3830 346 3973 411 1208

734 459 1070 531 cumscripta
1098 469 1152 516 et
1191 459 1671 533 incircumscripta
1703 464 1815 519 sit?
1844 463 1997 530 Quod
2053 463 2097 518 si
2130 462 2297 517 etiam
2328 462 2373 518 Α
2402 472 2554 524 num,
2593 458 2666 512 ita
2697 464 2755 511 ut
2796 472 2824 511 a
2873 453 3093 511 Christo
3125 453 3378 512 Christus
3426 434 3589 511 natus
3630 454 3729 518 sit,
3765 455 3974 511 forma-

733 551 902 603 unius
944 561 1151 605 naturte
1181 550 1457 606 Christum
1507 552 1773 616 dicentes,
1817 554 2123 624 simplicem
2174 568 2297 606 eam

734 640 1064 709 intelligant,
1102 642 1180 693 vel
1226 641 1404 709 ipsum
1446 643 1653 695 nudum
1719 644 1888 698 Deum
1949 643 2297 699 conﬁtebun-

734 740 845 789 tur,
873 740 927 783 et
976 731 1343 799 phantasiam,
1376 746 1469 784 seu
1512 732 1690 786 ﬁctam
1733 734 1915 787 carnis
1964 734 2299 802 assumptio-

730 832 880 878 t.cm,
933 832 1034 885 pro
1085 817 1463 871 incarnatione
1517 821 1891 886 introducent,
1946 825 2029 877 vel
2091 823 2298 877 nudum

732 907 1032 972 hominem,
1081 910 1333 964 NestOrio
1386 913 1816 967 subscribentes.
1885 913 2166 986 [(25).lam
2205 915 2299 969 ubi

731 998 970 1066 perfecta
998 1000 1276 1065 divinitas,
1307 1003 1397 1056 ubi
1447 1006 1609 1057 etiam
1670 1003 1910 1073 perfecta
1964 1006 2297 1071 immanitas,

732 1104 858 1142 cum
919 1091 1148 1144 duarum
1206 1094 1368 1147 etiam
1432 1103 1752 1148 naturarum
1800 1095 2078 1149 Christum
2129 1096 2301 1151 fuisse

732 1180 940 1243 dicant,
978 1182 1155 1251 ipsum
1189 1193 1364 1238 tamen
1418 1195 1536 1253 post
1590 1187 2030 1254 conjunctionem
2084 1203 2301 1257 quoque

732 1270 901 1324 unius
940 1273 1253 1339 compositae
1288 1282 1498 1327 natura;
1533 1284 1807 1328 asserunt.
1846 1274 2122 1330 Christum
2154 1277 2301 1330 enim

730 1370 862 1413 ante
893 1363 1333 1431 conjunctionem
1367 1381 1473 1419 una
1529 1365 1696 1420 fuisse
1749 1376 1941 1421 natura
1988 1368 2298 1436 praeditum,

731 1452 868 1506 nulli
897 1447 1125 1508 dubium
1156 1458 1304 1528 cst.]

804 1543 873 1597 At
899 1560 1032 1599 vero
1058 1547 1164 1601 hoc
1192 1548 1321 1601 illud
1366 1557 1470 1613 est,
1530 1550 1673 1618 quod
1706 1550 1992 1605 haereticos
2053 1550 2107 1604 in
2153 1566 2306 1605 erro-

732 1650 848 1690 rem
907 1638 1157 1705 pellicit,
1225 1639 1355 1693 dum
1415 1650 1667 1695 naturam
1722 1652 1779 1696 et
1831 1641 2144 1712 hypostasin
2206 1657 2304 1710 pro

2397 564 2504 617 que
2554 548 2691 602 adeo
2761 547 3090 611 emerserit,
3164 560 3285 612 qua
3353 547 3553 600 multas
3622 546 3968 602 Christorum

2398 640 2719 707 hypostases
2768 638 3049 706 complexa
3100 637 3172 691 sit
3224 652 3238 691 :
3282 636 3377 690 sed
3437 652 3598 690 unam
3647 637 3969 707 bypostasiu

2396 730 2612 784 duabus
2649 744 2715 782 ex
2745 728 2974 792 naturis,
3024 737 3187 796 atque
3222 726 3441 780 duabus
3474 727 3528 780 in
3572 730 3786 781 naturis
3818 743 3971 781 com-

2398 819 2953 889 positam:duasque
3014 819 3152 872 adeo
3209 827 3472 883 naturas,
3531 818 3608 873 ita
3658 829 3719 873 ut
3773 829 3970 872 natura

2400 918 2631 979 utraque
2685 910 2769 963 vel
2815 919 2934 978 post
2966 909 3411 978 conjunctionem
3459 910 3735 977 proprium
3782 910 3977 963 termi-

2400 1013 2553 1061 num,
2595 999 2788 1068 legem,
2816 1006 3174 1064 mutuamque
3209 996 3574 1051 diﬁ‘erentiam
3605 1000 3971 1052 conservarit.

2401 1089 2681 1158 Siquidem
2731 1090 2784 1143 in
2825 1089 3068 1154 homine,
3102 1099 3373 1157 quatenus
3402 1090 3728 1144 dilferentiae
3764 1102 3972 1143 mutuze

2401 1178 2648 1247 corporis
2692 1189 2759 1248 ‘et
2810 1179 3005 1231 anima:
3052 1179 3194 1232 ratio
3250 1179 3505 1241 habetur,
3558 1179 3694 1232 duas
3747 1188 3978 1232 naturas

2402 1270 2635 1324 dicimus
2673 1286 2687 1323 :
2720 1279 2991 1338 quatenus
3027 1284 3161 1322 vero
3208 1270 3476 1323 naturalis
3506 1268 3815 1322 differentia
3851 1285 3977 1336 per-

2403 1376 2551 1416 sonae
2596 1376 2661 1416 ex
2702 1376 2932 1430 persona
2966 1376 3071 1413 non
3108 1369 3417 1428 spectatur,
3456 1375 3640 1412 unam.
3699 1360 3765 1412 Et
3810 1360 3978 1413 unius

2404 1455 2625 1522 quidem
2661 1462 2865 1507 natura:
2896 1452 3158 1508 dicuntur
3185 1470 3249 1508 ea
3272 1495 3286 1512 .
3319 1468 3442 1521 quae
3488 1467 3612 1506 cum
3664 1452 3773 1505 sint
3824 1453 3977 1519 ejus-

2403 1546 2527 1600 dem
2559 1545 2797 1614 speciei,
2847 1554 3029 1599 tamen
3076 1545 3418 1616 hypostatice
3467 1559 3565 1598 seu
3607 1558 3851 1611 persona:
3892 1559 3983 1595 ra-

2406 1638 2554 1691 tione
2582 1638 2881 1691 diﬁ'erunt:
2918 1638 3080 1690 unius
3103 1646 3283 1691 autem
3319 1636 3709 1705 hypostaseos,
3744 1651 3806 1687 ea
3855 1650 3981 1702 qua:

731 1727 922 1780 eadem
947 1743 1005 1781 re
1036 1728 1333 1797 accipiunt.
1365 1732 1500 1795 Quia
1529 1743 1707 1784 autem
1732 1732 2018 1787 hominum
2044 1742 2295 1785 naturam
2328 1721 2371 1777 Β
2400 1726 2742 1795 hypostatice
2797 1725 3209 1793 coniunguntur
3232 1763 3246 1785 ,
3294 1724 3642 1789 essentiaque
3686 1720 3981 1772 diﬁ‘erunt.

735 1832 899 1869 unam
926 1833 1045 1872 esse
1071 1819 1326 1880 dicimus,
1354 1821 1637 1875 sciendum
1675 1833 1758 1876 est
1794 1838 1893 1875 nos
1936 1824 2001 1875 ad
2051 1821 2167 1875 haec
2213 1822 2299 1875 di-

735 1907 908 1960 cenda
935 1924 1040 1961 non
1068 1909 1263 1962 adduci
1291 1949 1305 1972 ,
1341 1911 1549 1964 ratione
1582 1913 1776 1967 animae
1809 1914 2163 1983 corporisque
2200 1913 2302 1966 ha-

736 1996 871 2051 bita.
912 1997 1056 2055 (Nec
1089 1998 1234 2051 enim
1270 1999 1384 2053 ﬁeri
1424 2010 1622 2068 potest,
1653 2011 1714 2054 ut
1747 2002 1984 2056 animam
2014 2012 2069 2056 et
2100 2017 2304 2071 corpus

736 2090 882 2142 inter
906 2104 963 2143 se
988 2100 1178 2143 mutuo
1204 2091 1421 2153 collata,
1447 2094 1609 2145 unius
1630 2108 1748 2147 esse
1773 2100 1982 2146 natura:
2007 2092 2302 2162 dicamus.)

737 2177 844 2231 Sed
877 2177 1000 2245 quia
1031 2178 1312 2230 hominum
1352 2181 1761 2248 quamplurima:
1792 2190 1920 2234 sunt
1958 2181 2296 2249 hypostases,

739 2280 795 2323 et
827 2285 1016 2323 omnes
1062 2271 1252 2323 eadem
1292 2272 1503 2326 ratione
1550 2282 1757 2326 natura:
1798 2280 2050 2327 constant
2082 2275 2306 2345 (omnes

740 2362 887 2415 enim
913 2376 977 2414 ex
1010 2361 1189 2413 anima
1227 2368 1281 2414 et
1306 2376 1533 2430 corpore
1585 2364 1873 2431 compositi
1913 2373 2076 2427 sunt,
2120 2378 2309 2418 nemo-

743 2468 851 2520 que
908 2467 1016 2505 non
1059 2454 1253 2507 anima:
1292 2453 1516 2522 quidem
1562 2464 1780 2515 natura,
1830 2456 2076 2524 corporis
2124 2464 2306 2508 autem

739 2544 979 2597 essentia
1006 2542 1305 2615 censetur),
1333 2544 1539 2599 idcirco
1577 2560 1922 2599 communem
1956 2545 2099 2599 illam
2139 2543 2311 2612 pluri-

740 2649 951 2687 marum
985 2644 1040 2688 et
1068 2634 1408 2690 diversarum
1431 2637 1795 2707 hypostaseon
1831 2636 2098 2702 formam,
2147 2648 2307 2691 unam

740 2740 861 2777 esse
900 2734 1143 2778 naturam
1177 2726 1413 2779 dicimus
1444 2746 1455 2781 :
1491 2730 1718 2798 singulis
1744 2730 2000 2783 nimirum
2054 2731 2309 2799 hyposta-

743 2817 898 2869 sibus
940 2816 1077 2869 duas
1122 2827 1345 2873 naturas
1400 2820 1762 2887 habent-ibus,
1815 2830 1977 2890 atque
2022 2821 2310 2889 completis

744 2905 799 2958 in
826 2905 1036 2959 duabus
1072 2908 1303 2969 naturis,
1337 2910 1539 2971 anima,
1568 2910 1789 2978 inquam
1811 2949 1825 2973 ,
1862 2917 1919 2963 et
1952 2924 2204 2977 corpore.
2239 2908 2311 2962 At

744 2998 799 3050 iu
843 2998 1074 3051 Domino
1118 3009 1307 3053 nostro
1350 3000 1478 3055 Jesu
1518 2999 1734 3053 Christo
1774 3001 1947 3053 forma
2002 3000 2310 3054 communis

745 3090 974 3157 intelligi
1020 3106 1127 3142 non
1161 3099 1359 3159 potest,
1412 3107 1511 3145 nec
1541 3092 1685 3145 enim
1730 3090 1854 3151 fuit,
1904 3108 2006 3149 nec
2057 3102 2162 3154 est,
2210 3107 2311 3146 nec

746 3182 961 3233 futurus
976 3191 1061 3234 est
1084 3183 1223 3235 alius
1237 3182 1488 3236 Christus
1507 3199 1572 3236 ex
1590 3184 1874 3238 divinitate
1892 3193 1948 3238 et
1970 3185 2309 3239 humanitate

748 3272 843 3339 qui
872 3272 924 3323 in
950 3272 1233 3325 divinitate
1255 3282 1309 3325 et
1335 3274 1670 3329 humanitate
1693 3275 1833 3329 idem
1858 3276 2003 3329 Deus
2033 3277 2311 3345 perfectus

746 3371 805 3417 ct
824 3362 988 3416 homo
1039 3364 1316 3431 perfectus
1346 3366 1432 3418 sit.
1456 3365 1593 3436 [(26)
1614 3366 1717 3419 Sed
1740 3368 1918 3422 omnis
1933 3384 2150 3438 quoque
2167 3385 2318 3422 com-

750 3451 943 3518 posita:
987 3461 1195 3505 natura:
1216 3462 1427 3521 partes,
1474 3454 1635 3507 simul
1656 3466 1817 3523 atque
1847 3472 1911 3510 ex
1946 3457 2119 3510 nihilo
2143 3459 2192 3510 in
2229 3474 2316 3510 re-

750 3558 871 3594 rum
919 3553 1165 3595 naturam
1192 3544 1468 3611 productae
1501 3554 1650 3606 sunt,
1685 3546 1751 3598 ad
1779 3547 2022 3601 universi
2082 3550 2320 3615 comple-

750 3643 992 3687 mentum
1015 3634 1393 3703 disponuntur.
1417 3636 1665 3704 Fierique
1694 3646 1892 3706 potest,
1913 3648 1972 3690 ut
1988 3652 2106 3706 qua!
2123 3637 2315 3691 eodem

754 3737 997 3792 tempore
1045 3726 1477 3794 productaﬁsunt,
1501 3743 1660 3780 unam
1687 3729 2039 3797 compositam
2068 3737 2317 3781 naturam

753 3818 1055 3881 perﬁciant,
1085 3818 1394 3888 hujusmodi
1442 3819 1669 3873 limitem
1704 3829 1759 3873 et
1792 3820 2094 3874 naturalem
2143 3821 2314 3890 legem

751 3907 1019 3962 beneﬁcio
1067 3908 1340 3964 Creatoris
1369 3913 1558 3964 sortita
1602 3926 1618 3965 :
1674 3911 1747 3963 ita
1790 3921 1999 3965 naturae
2051 3911 2169 3981 lege
2218 3926 2315 3980 per

752 4001 1153 4054 successionem
1204 4001 1401 4055 similia
1441 4018 1507 4055 ex
1537 4001 1807 4055 similibus
1832 4012 2211 4070 procreentur.
2258 4006 2317 4056 In

753 4094 983 4145 Domino
1018 4100 1199 4146 autem
1227 4103 1550 4147 naturarum
1580 4095 1995 4164 conjunctarum
2035 4095 2139 4149 alia
2168 4097 2323 4163 prin-

752 4184 898 4251 cipio
939 4193 995 4236 et
1048 4192 1289 4251 tempore
1332 4194 1514 4248 caret,
1566 4200 1668 4239 nec
1702 4185 1879 4239 forma
1921 4186 2190 4255 producta
2237 4196 2321 4241 est

754 4276 821 4327 ad
881 4276 1120 4329 universi
1175 4278 1659 4345 complementum,
1709 4279 2153 4347 quandoquidem
2206 4294 2318 4333 non

2402 1817 2590 1884 Itaque
2672 1814 3083 1868 diversiformes
3150 1813 3473 1882 hypostases
3548 1811 3979 1879 haudquaquam

2404 1903 2743 1974 hypostatice
2794 1903 3190 1965 conferuntur,
3238 1908 3330 1953 aut
3402 1899 3825 1962 discernuntur,
3880 1899 3983 1953 sed

2404 1995 2733 2049 naturaliter
2775 1993 3281 2062 :arquil'ormesque
3324 1990 3652 2058 hypostases
3692 1991 3836 2044 haud
3885 2007 3986 2044 na-

2407 2087 2657 2140 turaliter
2687 2087 3051 2139 conferuntur
3089 2094 3184 2138 aut
3222 2084 3651 2146 discernuntur,
3680 2084 3773 2137 sed
3814 2084 3987 2153 hypo-

2406 2178 2622 2232 atatice.
2666 2177 2735 2231 Et
2772 2176 3231 2246 quemadmodum
3268 2177 3384 2230 ﬁeri
3434 2192 3541 2228 non
3589 2183 3770 2244 potest
3813 2184 3872 2227 ut
3918 2190 3985 2227 ea

2408 2286 2531 2340 qua:
2578 2269 2917 2340 hyposlatica
2971 2267 3278 2322 differentia
3323 2267 3624 2328 diﬁ'erunt,
3662 2267 3826 2320 unius
3872 2265 3988 2318 sint

2408 2362 2766 2432 hypostaseos
2795 2400 2809 2424 ,
2862 2359 2936 2412 ita
2978 2358 3095 2413 ﬁeri
3147 2359 3337 2426 nequit
3385 2366 3444 2410 ut
3485 2372 3547 2411 ea
3594 2373 3713 2425 qua:
3748 2355 3988 2409 naturali

2409 2451 2724 2507 differentia
2777 2450 3076 2514 diﬁerunt,
3134 2450 3299 2503 unius
3352 2460 3563 2504 natura:
3603 2449 3730 2501 sint.
3780 2446 3876 2500 liis
3916 2447 3989 2502 de

2411 2545 2591 2600 causis
2632 2559 2740 2598 una
2786 2543 2841 2597 in
2893 2543 3176 2596 Dominico
3231 2552 3418 2597 nostro
3464 2541 3594 2597 Jesu
3628 2541 3848 2596 Christo
3890 2556 3991 2594 na-

2413 2646 2538 2692 tura
2569 2636 2675 2691 dici
2707 2651 2813 2689 non
2852 2642 3053 2706 potest.
3081 2632 3102 2706 ]

2481 2734 2745 2801 Quocirca
2775 2726 2986 2786 duabus
3030 2742 3096 2786 ex
3144 2726 3357 2785 naturis
3408 2725 3693 2794 perfectis,
3744 2724 3935 2777 divina
3972 2766 3985 2783 ,

2412 2826 2657 2894 inquam.
2687 2834 2741 2878 et
2768 2823 3002 2876 humana
3024 2864 3036 2886 ,
3066 2821 3511 2890 conjunctionem
3565 2814 3763 2873 laetam
3817 2812 3993 2865 fuisse

2413 2918 2686 2977 dicimus,
2729 2929 2840 2967 non
2894 2912 3311 2973 commistione,
3366 2911 3451 2963 vel
3505 2908 3846 2971 confusione,
3900 2901 3994 2962 vel

2415 3008 2786 3068 concretione,
2832 3011 2891 3057 ut
2945 3019 3148 3056 vesano
3177 3003 3435 3055 Dioscoro
3460 3044 3475 3065 ,
3520 3001 3744 3062 Severo,
3780 3013 3835 3054 et
3868 3016 3991 3054 sce-

2414 3099 2597 3152 lcratae
2629 3111 2818 3151 eorum
2865 3094 3084 3149 factioni
3121 3093 3349 3161 placuit.
3383 3106 3558 3155 neque
3589 3106 3817 3157 persona
3845 3130 3860 3152 ,
3894 3100 3996 3143 aut

2417 3189 2630 3245 habitu.
2659 3199 2753 3240 aut
2782 3185 3043 3254 dignitate
3067 3222 3082 3246 ,
3132 3193 3224 3235 aut
3276 3164 3491 3233 eadem.
3519 3181 3797 3232 voluntate
3824 3218 3841 3243 ,
3894 3189 3993 3232 aut

2418 3278 2648 3331 honoris
2684 3276 2989 3329 uominisve
3043 3270 3425 3325 similitudine.
3478 3279 3572 3321 aut
3602 3270 3840 3336 denique
3890 3286 3993 3337 ap~

2421 3368 2761 3438 probatione,
2791 3376 2849 3420 ut
2880 3362 3049 3432 impio
3078 3363 3328 3416 Nestorio
3350 3401 3363 3419 ,
3393 3360 3631 3413 Diodoro
3654 3399 3669 3421 ,
3739 3361 3996 3428 Mopsue-

2420 3460 2606 3516 stiensi
2643 3457 2948 3517 Theodoro,
2989 3466 3039 3508 et
3066 3453 3339 3507 diabolico
3366 3467 3554 3504 eorum
3603 3453 3765 3504 coetui
3811 3451 3995 3503 visum

2418 3567 2498 3608 est
2529 3571 2541 3607 :
2570 3553 2664 3606 sed
2696 3548 3114 3617 compositione,
3168 3545 3282 3600 sive
3328 3543 3665 3613 hyposralice
3691 3584 3703 3603 ,
3730 3543 3865 3595 citra
3912 3544 4000 3595 in-

2421 3646 2751 3706 versionem,
2793 3639 3173 3700 mutationem,
3205 3636 3604 3695 confusionem,
3643 3634 3999 3697 divisionem,

2422 3749 2478 3794 et
2540 3735 2968 3805 distractionem.
3018 3732 3195 3799 Atque
3245 3729 3457 3783 duabus
3502 3728 3557 3780 in
3622 3727 3829 3779 naturis
3871 3740 4001 3793 per-

2425 3831 2584 3886 fectis
2620 3844 2783 3891 unam
2818 3825 2935 3880 Filii
2966 3825 3084 3886 Dei,
3114 3824 3341 3891 ejusque
3375 3819 3638 3873 incarnati
3661 3857 3676 3881 ,
3705 3832 3997 3887 personam

2425 3923 2784 3983 conﬁtemur,
2819 3916 3173 3983 eamdemque
3207 3914 3509 3968 divinitatis
3541 3916 3659 3982 ejus
3697 3924 3750 3967 et
3800 3914 3999 3965 huma-

2427 4015 2614 4069 nitatis
2644 4025 2931 4082 personam
2967 4023 3089 4062 esse
3117 4007 3367 4058 dicimus.
3399 4011 3572 4069 Atque
3604 4005 3739 4058 duas
3773 4016 4001 4059 naturas

2429 4106 2483 4160 in
2518 4107 2635 4173 ipso
2664 4112 2783 4170 post
2808 4099 3249 4169 coniunctionem
3300 4098 3542 4164 integras
3585 4095 3787 4147 servari
3820 4093 4002 4146 conﬁ-

2427 4205 2626 4250 temur.
2660 4192 2772 4247 Nec
2803 4200 2981 4245 tamen
3010 4190 3261 4257 privatim
3301 4188 3659 4256 separatimve
3706 4197 4000 4252 utramque

2428 4288 2705 4358 ponimus,
2744 4284 2839 4339 sed
2866 4283 3005 4337 inter
3041 4297 3100 4335 se
3132 4281 3452 4346 coniunctas
3489 4295 3594 4331 una
3628 4278 3681 4331 in
3717 4279 3997 4348 hypostasi

754 4368 1028 4436 requievit
1061 4368 1202 4422 Deus
1251 4372 1317 4423 ab
1359 4369 1616 4437 operibus
1644 4371 1758 4423 suis
1787 4371 2022 4438 septimo
2052 4371 2139 4424 die
2173 4390 2187 4425 :
2217 4384 2321 4425 nec
2356 4361 2397 4415 ο
2426 4377 2748 4446 composita.
2778 4371 3231 4442 Conjunctionem
3268 4371 3417 4423 enim
3457 4370 3805 4422 essentialem
3856 4367 4003 4421 dici-

754 4474 888 4512 vero
936 4462 1259 4514 naturaliter
1300 4466 1604 4528 conjunctae
1654 4470 1784 4515 sunt
1831 4461 1969 4515 :sed
2015 4462 2323 4517 admirabili

755 4553 988 4615 quadam
1032 4561 1087 4606 ct
1127 4534 1389 4606 ineﬁ‘abili
1424 4555 1654 4607 ratione.
1689 4553 1820 4618 Quae
1861 4562 2041 4608 autem
2090 4554 2327 4609 adrnira-

758 4644 884 4697 bilia
925 4654 1068 4704 sunt.
1097 4654 1155 4699 et
1183 4644 1451 4724 ineﬂabili
1497 4647 1708 4699 ratione
1755 4645 1914 4709 ﬁunt,
1963 4660 2027 4699 ea
2073 4655 2326 4701 naturam

757 4752 868 4790 non
918 4733 1209 4805 perﬁciunt
1240 4755 1250 4788 :
1282 4751 1381 4790 nec
1415 4737 1562 4789 enim
1599 4746 1844 4789 naturam
1896 4736 2019 4790 rubi
2068 4737 2325 4799 dicimus,

760 4841 882 4896 qua:
907 4827 1031 4896 igne
1074 4826 1292 4881 admoto
1319 4827 1604 4881 combusta
1648 4843 1754 4881 non
1804 4828 1896 4891 sit,
1943 4843 2120 4897 neque
2164 4838 2327 4881 natu-

760 4934 875 4973 ram
907 4919 1170 4981 hominis,
1206 4921 1300 4988 qui
1339 4921 1590 4975 sublimis
1621 4928 1674 4974 et
1704 4919 1959 4989 tanquam
2007 4921 2148 4976 caelo
2200 4935 2328 4990 pro-

706 5027 712 5037 ν
759 5012 939 5065 ximus
979 5011 1281 5066 evehatur:
1309 5027 1488 5081 neque
1517 5014 1762 5082 corporis
1795 5014 2019 5067 humani
2053 5024 2324 5076 naturam,

763 5118 885 5170 qua!
942 5102 996 5155 in
1044 5102 1169 5171 igne
1215 5102 1383 5156 veluti
1439 5118 1564 5157 rore
1611 5118 1905 5172 conspersa
1952 5104 2026 5157 sit
2055 5122 2067 5157 :
2096 5102 2190 5157 sed
2234 5102 2331 5155 ad-

765 5191 1037 5245 mirabilia
1066 5206 1133 5244 ca
1172 5200 1228 5244 et
1255 5192 1397 5245 circa
1444 5194 1753 5262 hypostasiu
1809 5208 1972 5246 unam
2014 5192 2155 5247 facta
2199 5191 2335 5246 dici-

766 5298 910 5346 mus,
961 5283 1035 5337 ita
1085 5283 1247 5336 etiam
1282 5284 1498 5338 Domini
1544 5284 1976 5339 incarnationem
2018 5284 2073 5337 in
2128 5284 2333 5337 divini-

764 5375 895 5428 tatis
973 5375 1335 5445 bypostaseon
1393 5392 1501 5429 una
1582 5392 1690 5430 non
1754 5377 1872 5446 lege
1938 5386 2163 5441 naturae,
2240 5374 2334 5430 sed

768 5466 1066 5522 inclfabilis
1105 5468 1507 5537 dispensatione
1539 5470 1980 5538 coniunctionem
2014 5479 2335 5522 naturarum

768 5562 1009 5616 evasisse
1052 5561 1289 5618 dicimus
1339 5579 1353 5616 :
1396 5577 1576 5633 neque
1627 5562 1679 5616 id
1730 5562 1867 5617 infra
1915 5569 2120 5617 naturae
2152 5560 2340 5617 termi-

846 5741 957 5813 (23)
989 5741 1053 5797 Et
1093 5741 1206 5800 haec
1238 5741 1521 5813 Zigabeno
1547 5741 1765 5799 desunt.

2426 4484 2549 4522 mus
2570 4508 2584 4532 ,
2623 4467 2728 4519 hoc
2752 4477 2835 4519 est
2857 4478 3041 4518 veram
3062 4504 3075 4525 ,
3109 4477 3216 4515 non
3252 4469 3434 4513 autem
3474 4460 3867 4528 phantasticam
3899 4475 3999 4512 seu

2428 4556 2877 4613 commmtitiam.
2913 4552 3269 4608 Essentialem
3298 4549 3422 4603 dico
3457 4566 3564 4602 non
3598 4550 3742 4618 quod
3783 4565 3813 4602 a
3858 4550 4003 4602 dua-

2430 4651 2532 4704 bus
2558 4646 2773 4701 naturis
2806 4655 3003 4698 natura
3051 4660 3156 4698 una
3188 4644 3486 4712 composita
3526 4643 3651 4704 ﬁat,
3704 4643 3798 4697 sed
3850 4642 4003 4711 quod

2432 4748 2626 4793 mutuo
2673 4752 2862 4791 revera
2914 4735 2970 4788 in
3029 4751 3191 4788 unam
3240 4735 3359 4788 Filii
3393 4734 3486 4787 Dei
3534 4748 3821 4801 personam
3860 4747 4002 4785 con-

2429 4831 2760 4902 iungantur,
2790 4834 2953 4894 atque
3002 4824 3074 4877 ila
3116 4824 3461 4877 essentialem
3507 4838 3695 4876 earum
3739 4820 4005 4873 diﬁ'eren-

2437 4921 2565 4975 tiam
2603 4918 2809 4973 servari
2843 4916 3152 4970 deﬁnimus.
3198 4913 3351 4979 Quod
3381 4913 3526 4966 enim
3574 4920 3816 4965 creatum
3854 4917 4000 4974 erat,

2436 5020 2681 5069 creatum
2735 5009 2935 5062 mansit
2982 5023 2997 5062 :
3045 5006 3191 5076 quod
3238 5005 3581 5061 increatum.
3630 5004 3932 5056 increatutn
3984 5018 3998 5052 :

2436 5101 2583 5172 quod
2617 5100 2869 5162 mortale,
2900 5097 3130 5152 mortale
3166 5114 3181 5152 :
3209 5094 3353 5164 quod
3381 5092 3685 5146 immortale
3711 5131 3726 5153 ,
3779 5091 4004 5143 immor-

2430 5196 2537 5249 tale
2567 5210 2581 5248 :
2608 5192 2752 5263 quod
2782 5190 3276 5257 circumscriptum,
3310 5187 3785 5253 circumscriptum
3810 5200 3823 5235 :
3854 5183 4003 5251 quod

2432 5286 2668 5351 visibile,
2714 5283 2928 5337 visibile
2964 5298 2977 5336 :
3013 5282 3157 5351 quod
3214 5278 3523 5336 invisibile,
3551 5275 3844 5329 invisibile.
3882 5274 4005 5328 Una

2436 5380 2654 5449 quidem
2683 5392 2810 5447 pars
2843 5373 3120 5429 miraculis
3144 5372 3395 5442 eﬁttlget,
3430 5372 3597 5425 altera
3650 5366 4004 5421 contumeliis

2435 5471 2670 5525 obnoxia
2700 5476 2803 5521 est.
2838 5467 3008 5521 Porro
3050 5462 3384 5517 Verbumea
3436 5461 3537 5515 sibi
3572 5477 3691 5531 quae
3728 5468 3857 5513 sunt
3908 5458 4009 5512 hn-

2440 5558 2911 5618 minis'assumit,
2954 5554 3219 5625 quasique
3261 5554 3557 5608 domestica
3620 5554 3763 5609 facit.
3830 5553 4005 5621 ipsius

2510 5738 2620 5811 (26)
2649 5736 2716 5793 Et
2739 5735 2854 5793 haec
2875 5737 3079 5805 omnia,
3107 5748 3279 5808 usque
3302 5732 3367 5788 ad
3402 5731 3717 5787 clausulam.
