4274 6382
263 390 399 455 i203

1487 405 1883 466 THESAURI
1928 408 2075 468 LIB.
2121 409 2241 470 III.

3362 416 3503 490 1210

255 500 403 555 enim
447 509 573 557 sunt
620 516 719 566 ea,
778 518 900 572 quae
954 505 1021 559 ad
1089 513 1329 562 sanctam
1402 511 1523 581 ejus
1604 496 2321 570 carnemAdimcultatem‘
2376 519 2849 588 comprehendas,
2907 521 2977 577 de
3047 533 3245 593 quarto
3319 537 3501 584 autem

257 590 566 658 pertinent,
608 607 938 662 carnemque
988 610 1219 661 eorum,
1270 614 1391 666 quae
1452 602 1669 668 propria
1718 602 1823 655 sibi

260 690 408 743 sunt,
447 693 645 737 mutuae
677 687 1137 753 compensationis
1169 688 1331 741 modo
1381 700 1437 743 et
1471 701 1672 745 mutuae
1706 708 1828 761 par-

260 770 397 823 tium
430 770 741 835 amnitatis,
787 769 1247 845 hyp'ostaticzeque
1293 780 1696 848 conjunctionis
1739 795 1830 831 ra-

262 860 431 923 tione,
466 863 781 931 participem
811 865 958 918 facit.
1000 867 1202 921 Adhaec
1233 870 1360 936 quia
1396 884 1536 923 unus
1576 869 1829 937 idemque

262 952 309 1006 is
354 962 491 1011 erat.
540 954 630 1023 qui
672 955 853 1009 divina
891 964 947 1009 et
996 957 1230 1012 humana
1282 960 1333 1012 in
1390 972 1619 1027 atraque
1656 958 1829 1013 forma

260 1042 591 1109 operabatur
640 1060 763 1097 cum
814 1045 1041 1099 alterius
1091 1047 1499 1102 communione.
1559 1048 1829 1113 Quocirca

264 1132 528 1187 Dominus
567 1150 784 1202 quoque
836 1137 1019 1204 gloria:
1067 1138 1361 1191 cruciﬁxus
1405 1154 1525 1192 esse
1581 1139 1783 1191 dicitur
1814 1175 1829 1200 ,
1866 1182 1869 1184 .

264 1225 515 1293 quamvis
546 1225 727 1278 divina
768 1227 886 1293 ejus
919 1236 1112 1280 natura
1154 1244 1307 1296 passa
1351 1245 1456 1282 non
1493 1229 1583 1282 sit.
1637 1229 1830 1282 Filium

268 1326 395 1369 item
432 1316 671 1369 hominis
704 1328 827 1371 ante
870 1320 1177 1386 passionem
1231 1318 1286 1372 in
1331 1321 1471 1374 caelo
1505 1319 1673 1373 fuisse
1703 1333 1835 1372 con-

266 1414 393 1468 stat,
447 1417 502 1459 ut
548 1406 809 1460 Dominus
864 1409 979 1476 ipse
1018 1410 1252 1465 dicebat.
1291 1408 1441 1464 Unus
1467 1410 1611 1464 enim
1663 1409 1839 1463 idem-

266 1509 373 1562 que
416 1496 600 1563 gloria:
640 1496 898 1550 Dominus
924 1498 968 1551 is
996 1510 1135 1563 erat,
1176 1500 1269 1568 qui
1298 1508 1491 1553 natura
1530 1507 1587 1553 et
1616 1514 1672 1552 re
1704 1512 1834 1551 vera

267 1583 438 1636 Filius
491 1584 762 1643 hominis.
810 1600 907 1639 seu
951 1588 1113 1641 homo
1159 1589 1336 1642 factus
1369 1588 1563 1642 'l‘uerat
1612 1607 1624 1642 :
1670 1602 1834 1657 atque

267 1672 529 1725 miracula
558 1674 676 1740 ejus
709 1674 1098 1743 passionesque
1126 1691 1233 1729 non
1264 1677 1611 1745 ignoramus,
1637 1689 1831 1743 quam-

267 1762 351 1815 vis
380 1764 486 1815 alia
513 1764 723 1817 ratione
775 1766 1036 1819 miracula
1062 1766 1271 1830 ederet,
1304 1768 1407 1821 alia
1454 1767 1583 1823 item
1624 1767 1834 1836 passio-

268 1850 429 1903 nihus
458 1851 726 1905 obnoxius
755 1863 920 1905 esset.
954 1852 1027 1908 Ut
1051 1854 1199 1908 enim
1231 1871 1390 1907 unam
1423 1855 1540 1925 ejus
1580 1834 1835 1929 hvposta-
1863 1834 1910 1894 Β

269 1939 387 2000 sin,
439 1940 508 1992 ita
565 1950 618 1993 et
679 1942 1027 1996 essentialem
1091 1952 1409 1998 naturarum
1469 1944 1835 1999 diﬂ‘erentiam

270 2030 475 2084 servari
506 2031 777 2085 novimus.
825 2032 940 2086 Jam
988 2035 1078 2102 qui
1133 2034 1249 2088 ﬁeri
1297 2044 1496 2105 potest,
1545 2044 1605 2088 ut
1644 2050 1837 2088 essen-

273 2122 415 2176 tialis
448 2121 755 2176 tliﬂerentia
787 2137 1000 2177 servata
1031 2125 1121 2189 sit,
1154 2128 1257 2179 nisi
1289 2142 1352 2180 ea
1377 2142 1595 2196 quoque
1620 2135 1835 2180 servata

270 2214 413 2274 sint,
466 2208 784 2282 quaeinter
834 2231 892 2269 se
940 2228 1129 2269 mutuo
1170 2216 1471 2270 dilTerunt?
1521 2218 1837 2272 Ditferentia

268 2303 414 2355 enim
453 2318 642 2356 eorum
681 2320 802 2373 qua:
838 2304 1102 2359 diﬂerunt
1146 2304 1456 2359 diii‘erentia
1500 2316 1602 2361 est.
1634 2305 1835 2360 Eadem

269 2394 437 2464 igitur
468 2398 709 2460 ratione,
746 2412 849 2465 qua
894 2396 1097 2451 Christi
1144 2407 1351 2452 natura:
1390 2399 1532 2452 inter
1572 2414 1631 2452 se
1679 2397 1841 2451 diﬂ‘e-

268 2495 432 2549 runt,
486 2486 589 2539 hoc
634 2498 718 2541 est
763 2490 1012 2542 essentia:
1078 2490 1323 2553 ratione,
1378 2490 1556 2559 ipsum
1616 2504 1837 2559 quoque

268 2588 392 2629 eum
417 2576 675 2629 extremis
702 2579 993 2632 convenire
1015 2621 1030 2645 ,
1066 2579 1353 2633 divinitate
1373 2618 1388 2643 .
1418 2581 1638 2648 inquam
1662 2622 1675 2644 ,
1712 2595 1838 2633 cum

267 2664 430 2719 Patre
457 2675 511 2719 et
545 2666 749 2732 Spiritu
784 2683 798 2720 ;
830 2669 1200 2730 humanitate,
1227 2685 1357 2723 vero
1407 2686 1533 2727 c.qu
1574 2670 1744 2723 Matre
1782 2677 1839 2722 et

270 2756 428 2810 nobis
456 2759 767 2811 asserimus.
802 2758 920 2827 Ipse
944 2760 1089 2813 enim
1114 2760 1260 2814 Patri
1298 2770 1354 2814 et
1385 2760 1612 2829 Spiritui
1648 2770 1839 2813 sancto

270 2846 573 2900 divinitatis
611 2850 820 2902 ratione
854 2853 1330 2906 consubstantialis
1379 2860 1501 2916 est,
1544 2853 1700 2907 Matri
1743 2868 1840 2905 au-

270 2945 379 2989 tem
422 2947 478 2990 et
534 2942 748 2993 cunctis
789 2940 1136 3005 hominibus,
1192 2944 1405 2997 ratione
1458 2945 1834 2997 humanitatis.

266 3028 381 3094 Qua
413 3040 594 3084 autem
625 3034 833 3085 ratione
859 3044 1069 3086 natura:
1096 3035 1215 3101 ejus
1255 3037 1611 3096 conveniunt,
1643 3035 1833 3088 eadem

267 3119 445 3189 ipsum
495 3137 711 3190 quoque
763 3123 984 3178 ditl'erre
1035 3125 1293 3187 dicimus,
1334 3136 1446 3178 tum
1491 3142 1519 3179 a
1571 3127 1733 3181 Patre
1782 3138 1838 3181 et

1928 605 2074 673 quod
2113 605 2390 662 diﬁicilius
2417 618 2520 674 est,
2551 612 2660 677 jam
2687 610 2979 667 dicendum
3012 614 3289 671 nobisest.
3325 617 3504 689 Euhy-

1931 709 2205 767 postatum
2242 701 2292 753 id
2324 711 2427 762 est.
2459 704 2604 772 quod
2638 718 2764 757 cum
2794 704 2901 759 alio
2937 708 3173 761 essentia
3193 707 3409 763 diverso
3437 712 3504 764 ad

1932 790 2095 843 unius
2145 792 2593 846 constitutionem
2648 809 2913 861 personae,
2952 799 3230 866 uniusque
3278 814 3506 868 genera—

1934 880 2134 934 tionem
2167 883 2546 952 hypostaseos,
2575 886 2949 953 componitur.
2988 895 3041 939 et
3078 904 3183 943 una
3207 890 3458 943 subsistit
3486 908 3501 945 :

1931 987 2039 1024 non
2071 984 2274 1036 autem,
2311 988 2407 1042 per
2431 988 2487 1026 se
2534 979 2906 1041 cognoscitur.
2960 978 3302 1033 Attendenda
3338 997 3500 1049 porro

1931 1071 2014 1116 cst
2043 1065 2155 1116 haec
2185 1064 2530 1131 enhvpostati
2562 1064 2830 1119 deﬁnitio.
2882 1066 3077 1122 Sancta
3126 1068 3363 1123 Ecclesia
3409 1085 3495 1124 ca-

1935 1154 2132 1207 tholica
2185 1154 2237 1206 in
2288 1154 2697 1222 dispensatione
2745 1157 3133 1214 incarnationis
3175 1176 3337 1215 uuam
3405 1162 3506 1232 hy-

1934 1245 2195 1314 postasin’,
2233 1243 2477 1313 duasque
2513 1254 2736 1299 naturas
2785 1247 3072 1316 proﬁtetur
3130 1268 3142 1302 :
3187 1251 3305 1321 hyv
3333 1253 3505 1305 stasin
3597 1285 3608 1298 ι

1934 1335 2196 1403 quidem,
2230 1337 2571 1389 incarnatum
2624 1337 2853 1401 Fililllll,
2892 1349 3118 1392 naturas
3150 1355 3278 1393 vero
3310 1341 3510 1395 duini-

1937 1438 2102 1482 tatem
2155 1438 2211 1481 et
2254 1426 2672 1482 humanitatem.
2719 1429 2932 1497 Corpus
2987 1430 3401 1499 itaque'anima
3454 1443 3511 1486 et

1935 1531 2119 1570 mente
2170 1516 2479 1584 praeditum,
2522 1532 2549 1570 a
2594 1517 2827 1571 Domino
2874 1527 3062 1571 nostro
3105 1520 3232 1573 Jesu
3286 1519 3509 1574 Christo

1937 1615 2315 1670 assmuptum,
2363 1606 2680 1676 hypostasiu
2730 1607 2953 1660 minime
2990 1617 3150 1661 vocat
3198 1624 3212 1660 :
3263 1624 3331 1662 ne
3371 1610 3510 1662 duas

1938 1696 2255 1765 hypostases
2303 1696 2525 1757 dicere,
2577 1698 2928 1764 Nestoriique
2978 1699 3326 1767 nugamentis
3375 1685 3511 1753 sub-

1938 1787 2179 1841 scribere
2219 1786 2658 1856 deprehendatur
2691 1804 2704 1839 :
2735 1787 2831 1840 sed
2865 1788 3284 1858 eultypostatum
3335 1791 3516 1843 nomi.

1940 1891 2064 1946 nat,
2105 1880 2180 1943 ὡς
2214 1882 2271 1931 ὲν
2317 1882 2380 1948 τῇ
2411 1879 2504 1930 τοῦ
2538 1878 2667 1931 Υἰοῦ
2716 1859 3018 1932 uitandum
3045 1880 3106 1931 τὸ
3148 1876 3291 1933 εἶναι
3322 1880 3513 1943 λαϐὸν,
3551 1878 3557 1885 ’

1940 1973 2044 2026 hoc
2075 1979 2158 2025 est
2186 1972 2314 2039 quia
2342 1972 2396 2023 in
2432 1970 2556 2023 Filii
2579 1970 2855 2040 hypostasi
2889 1972 3189 2024 essentiam
3234 1971 3507 2025 habuerit.

1938 2064 2220 2132 Siquidem
2250 2062 2503 2117 Christus
2529 2064 2645 2130 ipse
2672 2103 2685 2124 ,
2714 2078 2837 2117 cum
2865 2078 2971 2116 una
2998 2073 3139 2117 esset
3181 2049 3512 2134 hypostasis,

1939 2155 2048 2209 imo
2071 2169 2226 2217 vero,
2260 2161 2319 2207 ut
2354 2156 2597 2222 apertius
2621 2154 2797 2207 dicam
2820 2193 2834 2214 ,
2870 2154 2984 2223 ipse
3029 2154 3121 2208 Dei
3147 2154 3336 2219 Filius,
3388 2171 3512 2209 cum

1940 2262 2046 2299 una
2077 2256 2279 2300 sanctae
2328 2246 2612 2299 Trinitatis
2649 2246 2954 2314 hypostasis
2987 2254 3152 2311 esset,
3186 2246 3287 2300 fuit
3310 2254 3366 2300 et
3389 2261 3512 2300 cor-

1940 2336 2057 2404 pori
2114 2336 2259 2404 quod
2304 2337 2600 2403 assumpsit
2660 2335 2988 2404 hypostasis.
3059 2335 3243 2403 Itaque
3311 2351 3513 2405 corpus

1938 2426 2150 2479 Domini
2177 2426 2575 2496 enhypostatou
2603 2427 2824 2495 quidem
2847 2435 2963 2491 est,
2999 2426 3310 2496 hypostasis
3357 2442 3513 2490 vero,

1943 2519 2192 2573 minime.

2606 2627 2758 2682 CAP.
2800 2628 2865 2683 V.

1939 2718 2016 2772 De
2038 2721 2372 2779 homoousiis.
2398 2734 2491 2771 seu
2512 2720 2597 2783 iis,
2625 2735 2741 2787 qua:
2772 2727 2893 2771 sunt
2918 2717 3149 2787 ejusdem
3176 2717 3509 2773 substantiis.

2011 2831 2361 2895 llomoousia,
2398 2832 2501 2884 hoc
2550 2838 2635 2883 cst
2669 2830 3157 2883 consubstantialia
3180 2869 3194 2893 ,
3231 2845 3296 2884 ea
3341 2840 3513 2897 sunt,

1940 2939 2281 2993 quaecunque
2308 2923 2694 2993 hypostasibus
2724 2922 2942 2990 quidem
2994 2936 3024 2974 a
3068 2935 3126 2974 se
3163 2929 3352 2974 mutuo
3380 2922 3516 2975 diri-

1940 3025 2197 3079 muntur,
2234 3016 2469 3069 essentia
2522 3029 2651 3066 vero
2703 3014 3129 3082 cunjunguntur.
3194 3011 3263 3067 Ut
3309 3027 3411 3083 ego
3458 3020 3516 3065 et
3576 3068 3582 3075 ,

1941 3115 1998 3160 ttt
2026 3115 2082 3160 et
2109 3120 2300 3159 omnes
2328 3105 2524 3173 singuli
2556 3106 2804 3159 homines
2827 3108 3145 3176 Itypostases
3175 3106 3513 3162 homoousia:

270 3212 475 3278 Spiritu
512 3222 729 3276 sancto,
761 3223 873 3268 tum
905 3230 933 3268 a
960 3216 1125 3269 Matre
1157 3226 1211 3269 et
1249 3220 1461 3272 caeteris
1493 3221 1830 3275 hominibus.
1868 3170 1889 3226 ί

1943 3211 2167 3259 sumus,
2228 3196 2333 3249 hoc
2395 3206 2477 3248 cst
2553 3194 2795 3264 ejusdem
2861 3198 3113 3252 essentia:
3190 3198 3509 3267 participes.

267 3301 613 3355 Conveniunt
672 3304 818 3356 enim
864 3306 983 3373 ejus
1050 3317 1260 3361 natura:
1322 3324 1419 3376 per
1476 3310 1831 3380 hypostasin,

268 3406 393 3444 cum
425 3409 529 3447 una
567 3396 841 3463 hypostasi
875 3392 1173 3464 composita
1217 3408 1497 3462 constent,
1531 3400 1832 3455 secundum

270 3499 432 3552 quam
463 3492 574 3536 tum
606 3502 635 3537 a
664 3487 821 3540 Patre
846 3497 900 3542 et
933 3486 1161 3556 Spiritu,
1199 3496 1312 3541 tum
1345 3504 1373 3541 a
1402 3489 1569 3544 Matre
1593 3501 1647 3546 et
1673 3493 1832 3547 nobis

272 3573 406 3643 ipsis
437 3574 641 3629 diil'ert.

908 3717 1059 3773 CAP.
1111 3720 1198 3774 IV.

273 3824 463 3900 Capita
494 3827 737 3895 quedam
773 3844 996 3897 quorum
1037 3833 1260 3900 cognitio
1293 3835 1356 3887 iis
1398 3834 1692 3886 necessaria
1734 3843 1831 3897 est,

343 3897 433 3963 qui
463 3907 720 3964 quantum
752 3900 885 3950 ratio
923 3897 1124 3965 patitur
1153 3904 1386 3956 humana
1412 3942 1426 3964 ,
1470 3901 1618 3955 Verbi
1660 3904 1835 3954 incar-

343 3967 454 4018 nati
480 3969 785 4042 mysterium
820 3983 1123 4042 cognoscere
1148 3975 1383 4038 cupiunt.
1429 3971 1503 4025 De
1522 3973 1837 4042 euhypusta-

344 4045 431 4100 to,
475 4037 874 4105 heterOposlato,
906 4050 953 4091 et
984 4037 1266 4108 hypostasi.

345 4146 773 4217 Enhypostatum
797 4149 901 4205 hoc
926 4160 1009 4206 est
1046 4153 1096 4231 id
1121 4154 1266 4222 quod
1303 4172 1397 4222 per
1444 4172 1501 4212 se
1542 4172 1750 4227 suaque
1780 4158 1834 4212 vi

277 4240 555 4305 subsistit,
590 4242 643 4293 in
679 4243 993 4297 universum
1042 4260 1142 4314 pro
1170 4247 1318 4300 omni
1362 4248 1713 4303 subsistentia
1744 4247 1871 4303 ca-'

279 4329 458 4396 pitur,
511 4345 808 4399 corporea,
860 4334 1119 4400 inquam,
1170 4345 1224 4389 et
1266 4336 1586 4407 incorporea
1614 4379 1628 4401 ,
1675 4349 1839 4408 prout

276 4417 421 4472 ferre
453 4429 627 4486 potest
670 4439 683 4475 :
719 4438 828 4491 quo
866 4424 918 4477 in
951 4425 1253 4493 signiﬁcatu
1287 4427 1438 4480 color
1481 4444 1702 4498 quoque
1748 4445 1839 4485 es-

1947 3287 2107 3340 Pater
2142 3286 2323 3354 itaque
2373 3296 2429 3338 et
2479 3284 2668 3347 Filius,
2704 3286 3030 3355 et'Spiritus
3070 3296 3291 3342 sanctus
3344 3289 3517 3358 hypo-

1946 3378 2185 3432 stasibus
2245 3377 2463 3443 quidem
2511 3376 2833 3431 dividuntur
2887 3378 3071 3447 (alius
3115 3382 3262 3432 enim
3309 3380 3509 3444 Pater,

1946 3470 2087 3524 alius
2114 3470 2240 3521 item
2279 3468 2481 3532 Filius,
2519 3468 2659 3521 alius
2687 3468 2923 3536 denique
2965 3468 3202 3536 Spiritus
3250 3474 3509 3537 sanctus)

1946 3559 2182 3612 essentia
2212 3572 2343 3610 vero
2386 3558 2809 3626 conjunguntur.
2854 3557 2977 3611 Usia
3018 3572 3222 3619 autem,
3276 3574 3394 3624 seu,
3426 3574 3511 3613 es-

1949 3649 2158 3714 sentia,
2192 3649 2498 3701 communis
2525 3659 2608 3702 est
2641 3650 3000 3718 Itypostaseon
3039 3650 3209 3713 ratio,
3247 3652 3361 3704 sive
3403 3668 3510 3703 una

1950 3740 2226 3802 divinitas,
2264 3756 2367 3792 una
2398 3740 2593 3793 forma.
2629 3741 2789 3794 Pater
2813 3758 2942 3811 ergo
2972 3752 3029 3797 et
3062 3743 3231 3797 Filius
3256 3783 3270 3807 ,
3303 3751 3358 3798 et
3391 3742 3512 3811 Spi-
3571 3761 3590 3777 υ

1950 3833 2088 3886 ritus
2126 3842 2383 3898 sanctus,
2438 3848 2524 3885 res
2566 3835 2977 3903 suntqejusdem
3035 3836 3287 3896 essentia:
3317 3854 3329 3887 :
3364 3834 3511 3903 quod

1951 3924 2115 3977 unius
2146 3924 2256 3978 sint
2294 3931 2348 3977 et
2377 3924 2622 3993 ejusdem
2676 3927 2926 3981 essentia:
2973 3928 3266 3996 participes
3298 3945 3311 3980 :
3345 3928 3513 3996 hypo—

1950 4011 2187 4065 stasibus
2214 4021 2417 4075 autem,
2444 4013 2558 4065 sive
2590 4014 2857 4081 personis,
2893 4025 2951 4068 ut
2977 4016 3182 4069 dictum
3216 4025 3321 4079 est,
3373 4017 3516 4069 divi-

1951 4102 2160 4155 duntur
2183 4142 2198 4163 ,
2233 4111 2289 4155 at
2318 4104 2554 4157 essentia
2576 4142 2591 4167 ,
2624 4104 2738 4160 sive
2785 4115 2999 4171 natura,
3047 4108 3451 4177 conjuuguntur
3498 4122 3512 4159 :

1950 4208 2127 4262 eaque
2183 4192 2252 4247 de
2303 4209 2466 4247 causa
2522 4196 2783 4264 ὁμοφυεῖς
2839 4199 3082 4268 ejusdem
3145 4209 3386 4262 natura},
3460 4207 3522 4252 et

1953 4284 2227 4353 ὁμοούσιοι
2256 4286 2501 4354 ejusdem
2540 4292 2813 4353 essentiaa,
2842 4294 3141 4362 participes
3165 4292 3444 4346 dicuntur.

2585 4421 2739 4476 CAP.
2775 4423 2867 4479 Vl.

277 4513 452 4564 sentia
497 4527 594 4580 per
636 4527 693 4566 se
743 4515 1048 4571 subsistens
1095 4517 1203 4570 dici
1245 4530 1453 4588 queat:
1488 4537 1612 4575 cum
1664 4531 1843 4577 tamen
1876 4508 1922 4564 ι)
1954 4523 2030 4579 De
2065 4523 2557 4605 Homoltypouatis,
2598 4530 2693 4583 hoc
2722 4543 2796 4585 est
2828 4533 3077 4605 £1},un
3122 4543 3247 4587 sunt
3287 4510 3529 4605 ejusdem

279 4604 499 4671 proprie
538 4605 688 4659 color
719 4607 791 4660 sit
834 4608 1301 4677 heteropostaton,
1357 4613 1459 4666 hoc
1504 4624 1589 4667 est
1632 4630 1718 4668 res
1749 4630 1844 4684 per

280 4694 443 4747 alium
473 4695 779 4751 subsistens
812 4714 825 4751 :
867 4700 1084 4767 propria
1113 4702 1258 4754 enim
1288 4702 1645 4757 subsistentia
1668 4713 1839 4769 caret,

281 4786 375 4839 sed
423 4787 636 4855 corpori
692 4799 947 4858 tanquam
986 4792 1231 4860 subjecto
1289 4793 1538 4848 inhaeret.
1593 4795 1842 4852 Esseutia

281 4890 415 4930 vero
452 4877 668 4946 proprie
703 4879 1009 4948 hypostasis
1038 4891 1141 4944 est,
1186 4897 1282 4936 seu
1318 4885 1703 4952 subsistentia,
1736 4905 1844 4942 non

281 4978 463 5021 autem
493 4970 934 5039 enhypostatum.
965 4972 1205 5028 Abusive
1251 4985 1429 5031 tamen
1485 4978 1599 5033 haec
1630 4996 1849 5049 quoque

279 5067 595 5126 enypostata
613 5061 891 5116 dicuntur.
912 5064 1342 5134 Euhypostatum
1362 5079 1622 5138 praeterea
1644 5072 1846 5128 dicitur

282 5140 446 5195 homo
496 5145 858 5212 universalis,
897 5151 1043 5217 quod
1085 5155 1298 5207 externi
1348 5158 1655 5228 philosophi
1706 5158 1843 5225 εἶδος

281 5233 641 5301 εξδικώτατον,
676 5238 778 5292 huc
802 5249 887 5293 est
912 5243 1147 5309 speciem
1166 5247 1612 5314 specialissimam
1637 5267 1732 5305 seu
1762 5254 1845 5307 in-

283 5323 461 5380 ﬁmam
536 5336 753 5409 vocant.
826 5329 1247 5401 Enhypostatum
1294 5348 1475 5393 autem
1524 5344 1847 5399 universalis

283 5413 447 5468 homo
476 5414 703 5477 dicitur,
728 5426 985 5487 tanquam
1022 5421 1075 5475 in
1109 5423 1492 5493 hypostasibus
1525 5428 1842 5484 considera-

284 5514 390 5570 tus,
451 5517 509 5560 ut
556 5509 611 5561 in
662 5509 823 5563 Petro
867 5519 923 5564 et
971 5514 1185 5568 caeteris
1237 5515 1552 5573 hominibus
1593 5520 1840 5589 singulis.

285 5594 582 5669 Hchorro
604 5601 706 5662 tria
738 5603 1081 5674 enhypostati
1103 5606 1403 5676 signiﬁcata
1433 5612 1568 5667 citra
1593 5628 1839 5683 magnam

355 5786 465 5855 (27)
492 5787 695 5843 Contra
729 5790 1033 5859 Origenem.

2306 4600 2640 4667 hypostaseos
2673 4617 2764 4654 seu
2801 4600 3168 4657 subsistentiis.

2023 4706 2522 4779 Homohypostata,
2578 4711 2682 4764 hoc
2738 4724 2823 4766 est
2873 4714 3431 4778 consubsistentialia,
3456 4729 3520 4771 ea

1950 4798 2241 4864 dicuntur,
2300 4815 2638 4869 quaecunque
2687 4803 2830 4858 in‘ter
2870 4820 2928 4859 se
2978 4806 3218 4860 essentia
3292 4808 3519 4876 quidem

1947 4890 2231 4953 diﬂ‘erunt,
2278 4891 2332 4944 in
2375 4908 2537 4945 unam
2581 4903 2763 4948 autem
2803 4904 2858 4950 et
2903 4898 3151 4952 eamdem
3200 4900 3516 4970 hypostasin

1945 4978 2088 5033 inter
2117 4994 2175 5034 se
2198 4991 2644 5050 componuntur:
2677 4993 2739 5038 ut
2763 5000 2863 5054 ego
2899 4994 2955 5040 et
2998 4996 3083 5050 tu,
3118 4996 3175 5042 et
3223 4988 3519 5057 unusquis-

1942 5083 2049 5136 que
2100 5078 2351 5123 nostrum
2401 5071 2583 5126 anima
2642 5080 2701 5127 et
2753 5088 2985 5143 corpore
3035 5084 3373 5129 constamus.
3426 5076 3520 5131 Ha:

1942 5174 2111 5226 porro
2150 5170 2378 5229 rpartes,
2421 5164 2604 5218 anima
2655 5174 2713 5217 et
2759 5180 2961 5233 corpus
3005 5167 3241 5221 essentia
3268 5167 3514 5236 .quidem

1946 5249 2176 5307 diversae
2228 5261 2357 5308 sunt
2392 5272 2404 5308 :
2438 5255 2577 5325 (alia
2629 5255 2775 5308 enim
2820 5256 3054 5321 animas,
3109 5258 3212 5311 alia
3269 5259 3522 5321 corporis

1942 5344 2180 5398 essentia
2209 5360 2314 5400 εει.
2342 5345 2361 5415 )
2386 5345 2862 5416 Homohypostata:
2884 5363 3034 5410 vero,
3086 5364 3182 5403 seu
3198 5350 3525 5407 .subsisten-
3560 5401 3574 5414 ι

1948 5436 2034 5489 tia:
2062 5436 2329 5503 ejusdem,
2361 5436 2661 5491 secundum
2693 5439 3114 5493 christianorum
3150 5441 3368 5511 placita.
3408 5441 3523 5498 Nec

1947 5525 2093 5579 enim
2124 5528 2305 5581 anima
2333 5527 2450 5595 ipso
2480 5542 2710 5596 corpore
2738 5530 3015 5597 antiquior
3038 5571 3053 5595 ,
3091 5547 3269 5601 neque
3318 5518 3521 5600 corpus
3589 5573 3593 5577 -
3640 5517 3645 5526 ’

1948 5631 2065 5671 esse
2095 5626 2383 5687 coeperunt
2410 5618 2544 5688 (27).
2586 5619 2932 5690 Quaecunque
2966 5637 3097 5693 ergo
3135 5623 3364 5678 essentia
3396 5625 3530 5692 qui?
