4274 6382
751 402 883 474 1211

1968 390 2262 458 ΝΙΟΕΤᾼΕ
2303 397 2501 462 ΟΠ.οΝ
2513 397 2707 456 ῙΑΤἎΕ

3841 390 3983 454 fil?

746 520 869 573 dem
907 512 1204 575 differunt,
1241 509 1432 567 eodem
1491 518 1673 564 tamen
1710 519 1951 579 tempore
1978 550 1993 575 ,
2040 518 2095 564 et
2146 510 2308 564 simul
2342 514 2382 570 Α
2416 509 2581 565 Maria
2613 511 2817 565 nudum
2850 520 2905 566 et
2935 511 3234 580 simplicem
3271 511 3547 564 hominem
3603 520 3787 563 natum
3832 527 3981 577 esse,

747 605 1133 669 substiterunt,
1196 601 1647 671 bomohypostata
1698 609 1863 661 sunt,
1914 612 1969 655 et
2024 602 2302 655 dicuntur.

750 701 934 767 Itaque
983 697 1142 750 Pater
1170 701 1225 747 et
1255 692 1447 757 Filius,
1483 699 1537 745 et
1589 690 1826 759 Spiritus
1866 701 2087 745 sanctus
2118 692 2309 743 homo-

753 792 1035 860 hypostata
1078 801 1189 840 non
1240 793 1406 849 sunt,
1456 784 1705 853 quamvis
1765 784 1870 837 illis
1928 784 2207 853 antiquius
2254 793 2309 837 ct

750 877 1026 933 recentius
1076 875 1213 930 nihil
1259 876 1369 939 sit,
1420 876 1547 943 quia
1600 888 1731 927 vero
1790 874 2025 928 essentia
2079 874 2309 928 minime

750 967 1046 1030 differunt,
1086 963 1287 1019 idcirco
1316 963 1478 1016 etiam
1523 961 1843 1016 bomoousia
1878 972 1933 1016 et
1982 970 2107 1015 sunt
2137 971 2192 1016 et
2221 962 2307 1016 tli-

749 1068 975 1111 cuntur.

1380 1165 1533 1222 CAP.
1573 1166 1685 1220 VII.

748 1259 827 1312 De
851 1257 1143 1329 differentia
1181 1264 1231 1329 et
1270 1258 1631 1329 conjunctione
1652 1294 1666 1316 ,
1691 1270 1854 1329 eaque
1882 1255 2104 1329 triplici,
2139 1272 2312 1310 essen-

1091 1327 1208 1381 tiali
1227 1366 1242 1393 ,
1270 1326 1566 1393 personati,
1598 1334 1646 1378 et
1680 1326 1958 1379 Itabituali.

826 1434 1149 1488 Essentialis
1178 1433 1489 1502 coniunctio
1533 1440 1648 1497 est,
1681 1447 1802 1502 quae
1830 1434 2030 1487 multas
2062 1434 2315 1503 hyposta-

752 1539 840 1579 ses
870 1524 935 1578 ad
978 1538 1139 1577 unam
1171 1523 1467 1577 essentiam
1498 1533 1821 1593 congregat;
1872 1534 1933 1577 ut
1965 1540 2156 1578 omnes
2202 1525 2316 1577 sin-

751 1615 863 1684 guli
915 1614 1166 1670 homines
1214 1613 1600 1684 hypostasibus
1649 1614 1870 1683 quidem
1915 1630 2011 1669 seu
2067 1615 2317 1683 personis

753 1704 1098 1772 dividuntur,
1127 1704 1364 1759 essentia
1392 1719 1544 1767 vero,
1584 1719 1682 1758 seu
1711 1705 1920 1759 ratione
1960 1704 2318 1761 humanitatis

754 1796 1182 1865 coniunguntur.
1211 1795 1399 1864 Itaque
1434 1796 1551 1850 haec
1588 1810 1942 1864 personarum
1978 1797 2312 1864 coniunctio,

2412 617 2540 671 erga
2592 618 2751 671 quem
2800 604 2941 656 Deus
2980 602 3215 657 Verbum
3262 601 3453 655 eadem
3504 616 3572 656 ex
3624 603 3983 669 generatione

2413 693 2732 749 benevolum
2780 691 3194 759 dispositionem
3254 691 3668 745 atl‘ectionemve
3724 690 3981 745 haberet.

2414 786 2590 852 Atque
2638 783 3078 852 coniunctionem
3116 782 3338 851 quidem
3394 783 3699 847 fatebatur,
3748 798 3855 835 non
3902 793 3985 836 ta-

2415 889 2538 927 men
2573 873 2966 942 hypostaticam
2989 912 3003 928 .
3040 872 3134 926 sed
3166 873 3482 927 schetieam.
3528 873 3607 927 Ex
3649 888 3758 942 quo
3793 873 3981 937 fiebat,

2417 968 2478 1011 ut
2516 971 2626 1011 non
2672 974 2832 1010 unam
2879 960 3194 1028 hypostasin
3241 960 3409 1014 miser
3468 961 3557 1015 ille
3605 963 3983 1029 profiteretur,

2417 1047 2510 1101 sed
2548 1049 2705 1110 duas,
2734 1064 2855 1117 quae
2894 1048 3035 1103 inter
3078 1065 3139 1104 se
3164 1048 3384 1118 quidem
3430 1050 3666 1105 essentia
3710 1060 3764 1104 et
3813 1052 3988 1118 hypo-

2418 1138 2545 1191 stasi
2579 1138 2959 1192 dividerentur
2988 1156 3002 1191 :
3032 1141 3273 1193 amicitia
3297 1156 3428 1195 vero
3451 1141 3751 1210 eademque
3786 1145 3989 1193 volun-

2422 1238 2563 1293 tate,
2594 1231 2678 1284 vel
2730 1231 3037 1285 voluntaria
3084 1232 3444 1300 dispositione
3498 1234 3985 1303 coniungerentur,

2420 1327 2723 1388 ceteraque
2754 1319 2809 1374 id
2837 1336 3011 1388 genus
3035 1322 3225 1377 deliria
3253 1322 3647 1380 deblaterabat.

3069 1432 3219 1488 CAP.
3259 1433 3327 1488 X.

2482 1519 2557 1575 De
2588 1532 2771 1577 sancta
2808 1523 3081 1579 Trinitate.
3116 1526 3298 1591 Pater,
3342 1524 3531 1589 Filius,
3554 1538 3603 1579 et
3633 1526 3860 1594 Spiritus
3898 1529 3957 1581 in

2703 1609 2804 1662 quo
2835 1595 3102 1664 differant,
3139 1598 3194 1648 in
3226 1612 3327 1663 quo
3358 1598 3688 1649 conveniant.

2496 1682 2653 1738 Pater
2702 1684 2925 1753 quidem
2973 1700 3134 1740 causa
3190 1698 3361 1748 caret.
3414 1695 3606 1757 estque
3665 1688 3991 1757 ingenitus:

2425 1789 2526 1828 nec
2556 1776 2702 1829 enim
2751 1776 2819 1830 ab
2861 1778 2995 1840 ullo,
3042 1794 3109 1833 ne
3138 1793 3166 1831 a
3204 1780 3385 1846 seipse
3430 1779 3649 1847 quidem
3695 1780 3994 1833 essentiam

752 1855 875 1954 qua;
907 1855 1005 1953 pe",
1029 1900 1190 1937 “nam
1219 1883 1278 1938 ﬁt
1308 1855 1622 1946 gssemiam',
1664 1884 1979 1953 conj-unctio
2011 1855 2318 1939 esgenlialis
2355 1855 2393 1911 Β
2425 1863 2608 1927 habet,
2653 1865 2823 1920 Filius
2851 1876 3031 1921 autem
3071 1883 3100 1921 a
3136 1868 3296 1921 Patre
3339 1868 3557 1937 genitus
3599 1877 3703 1922 est.
3756 1869 3995 1923 Sanctus

755 1976 978 2030 dicitur.
1023 1976 1345 2037 Essentialis
1396 1990 1525 2030 vero
1570 1974 1875 2030 differentia
1927 1986 2050 2037 est.
2102 1976 2321 2044 quando

754 2066 1061 2135 coniuncta:
1101 2080 1261 2120 unam
1316 2067 1369 2119 in
1412 2067 1728 2137 hypostasin
1759 2076 1998 2133 naturze,
2049 2068 2167 2122 sine
2216 2069 2322 2123 ulla

754 2156 1078 2212 confusione
1102 2165 1159 2212 et
1189 2156 1571 2212 imminutione
1595 2171 1817 2214 manent
1847 2177 1859 2213 :
1888 2172 1949 2214 ut
1976 2160 2095 2214 duae
2117 2160 2322 2215 Christi

754 2254 986 2312 naturae,
1013 2248 1128 2301 sive
1166 2247 1428 2301 divinitas
1459 2257 1513 2301 et
1549 2248 1882 2312 humanitas,
1913 2249 1968 2301 in
2005 2264 2165 2302 unam
2199 2265 2325 2303 con-

754 2352 954 2405 gressae
1008 2336 1356 2407 hypostasin,
1438 2338 1859 2408 haudquaquam
1912 2340 2153 2395 confusae
2223 2343 2325 2395 im-

758 2437 1046 2482 mutataeve
1076 2440 1205 2484 sunt
1237 2446 1251 2481 :
1286 2429 1380 2483 sed
1400 2430 1676 2484 essentiali
1702 2430 2011 2485 differentia
2041 2431 2320 2487 differunt.

758 2518 995 2571 Duarum
1039 2520 1184 2573 enim
1219 2533 1536 2573 naturarum
1572 2531 1763 2575 neutra
1813 2524 2152 2577 commisceri
2195 2540 2325 2577 con-

756 2610 1045 2679 fundique,
1071 2612 1320 2664 essentize
1352 2611 1538 2665 habita
1574 2613 1805 2676 ratione,
1838 2624 2035 2682 potest,
2069 2630 2167 2669 nec
2198 2632 2325 2670 vero

759 2699 903 2753 inter
930 2714 988 2755 se
1032 2699 1299 2755 differunt
1344 2702 1622 2771 hypostasi
1654 2720 1666 2755 :
1695 2719 1800 2756 una
1842 2705 1991 2757 enim
2040 2706 2323 2759 ambarum

759 2789 1066 2861 hypostasis
1087 2800 1191 2857 est,
1221 2800 1277 2845 at
1298 2792 1577 2847 essentiali
1606 2793 1938 2848 differentia.

1379 2926 1530 2980 CAP.
1571 2924 1709 2980 Vill.

878 3015 955 3069 De
991 3017 1317 3087 hypostatica
1347 3019 1732 3157 sgiﬂpersonali
1763 3020 2130 3090 conjunctione
2156 3029 2203 3073 et

1417 3105 1431 3140 t
1474 3098 1694 3141 erentta.

1417 3098 1694 3141 tﬂerentia.

832 3195 1204 3264 Ilypostatica,
1254 3212 1352 3252 seu
1395 3198 1703 3266 personalis
1747 3198 2060 3269 coniunctio
2104 3214 2168 3255 ea
2207 3210 2327 3264 est,
2357 3174 2399 3234 ο

760 3300 882 3356 qua:
922 3286 1169 3340 diversas
1208 3287 1477 3341 essentias
1525 3287 1641 3341 sive
1684 3297 1907 3340 naturas
1955 3288 2012 3342 in
2056 3304 2228 3343 unum
2273 3298 2330 3344 et

760 3392 926 3429 unam
950 3378 1306 3445 eamdemque
1330 3377 1646 3446 hypostasin
1667 3378 1876 3447 colligit
1898 3387 1954 3432 et
1994 3378 2235 3449 colligat,
2267 3390 2330 3435 ut

760 3467 815 3521 in
855 3466 1685 3534 dispensationeincarnationis
1717 3468 1931 3523 Domini
1978 3470 2149 3523 nostri
2192 3470 2328 3526 Jesu

757 3558 962 3613 Christi
1001 3562 1334 3630 hypostatica
1362 3561 1673 3630 coniunctio
1706 3560 1830 3615 fuit.
1870 3561 1999 3616 Duae
2025 3563 2172 3615 enim
2210 3563 2329 3632 eius

761 3660 969 3703 natura:
996 3651 1051 3703 in
1090 3667 1249 3704 unam
1279 3652 1638 3721 eamdemque
1664 3652 1980 3722 hypostasin
2024 3652 2160 3707 citra
2199 3668 2332 3707 con-

764 3741 1033 3794 fusionem
1086 3744 1393 3811 coniuncta:
1422 3751 1566 3795 sunt.
1608 3743 1951 3812 Hypostatica
1999 3757 2128 3796 vero
2173 3742 2330 3798 diffe-

764 3833 939 3884 rentia
990 3841 1105 3896 est,
1161 3832 1380 3900 quando
1431 3834 1767 3903 hypostases,
1822 3850 1946 3903 qua:
1997 3834 2100 3888 sub
2167 3850 2327 3888 unam

759 3922 1057 3975 essentiam
1109 3921 1332 3984 cadunt,
1370 3922 1512 3977 inter
1551 3938 1609 3977 se
1642 3922 1989 3984 dividuntur,
2021 3932 2077 3976 et
2129 3924 2182 3976 in
2233 3939 2330 3976 nu-

764 4026 977 4065 merum
1018 4013 1533 4079 multitudinemque
1572 4014 2031 4070 characteristicis
2068 4030 2163 4069 seu
2198 4016 2333 4084 ligu-

764 4104 955 4159 rativis
1003 4106 1427 4174 pr0prietatibus
1476 4107 1701 4161 cedunt.
1748 4107 1853 4161 Alii
1908 4108 2054 4161 enim
2094 4108 2163 4163 ab
2209 4108 2331 4162 aliis

766 4193 1129 4262 hyposlaseon
1167 4198 1376 4252 ratione
1419 4198 1742 4252 differimus.
1779 4198 1940 4253 Verbi
1988 4202 2193 4267 gratia,
2229 4215 2330 4268 ego

764 4282 986 4349 quidem
1036 4300 1156 4338 sum
1226 4296 1482 4355 provecta
1538 4297 1734 4351 mtate,
1786 4288 1942 4357 nigro
1994 4289 2219 4352 colore,
2275 4298 2331 4343 et

766 4386 889 4425 sum
928 4374 1120 4429 balbus
1151 4393 1165 4428 :
1202 4385 1256 4429 tu
1292 4389 1473 4430 autem
1519 4379 1695 4432 media
1725 4388 1905 4441 aitate,
1952 4380 2144 4443 albus,
2205 4396 2331 4433 ver-

766 4460 943 4532 taque
973 4466 1227 4522 distincte
1262 4468 1495 4537 profers.
1529 4470 1735 4523 Eodem
1772 4471 1933 4524 modo
1962 4473 2144 4526 c:eteri
2192 4488 2330 4541 quo-

763 4567 872 4621 que
944 4556 1142 4625 singuli
1202 4558 1453 4614 homines
1510 4560 1822 4630 huiusmodi
1903 4562 2330 4632 proprietatibus

766 4644 1107 4715 hypostatﬁce
1150 4648 1434 4706 differunt.

1398 4763 1549 4818 CAP.
1608 4764 1698 4818 IX.

769 4848 847 4903 De
876 4853 1097 4907 schetice
1130 4869 1219 4928 ten
1247 4854 1503 4928 nnoituali
1531 4858 1911 4925 conjunctione,
1935 4867 1981 4910 ct
2015 4859 2329 4928 differentia,

1153 4925 1215 4975 de
1243 4925 1535 4993 differentia
1566 4935 1739 4979 tamen
1772 4929 1923 4980 nihil.

841 5031 1128 5096 Schetica,
1183 5048 1280 5087 seu
1323 5034 1620 5090 habitualis
1672 5036 2004 5104 coniunctio,
2055 5038 2228 5091 amica
2278 5046 2333 5092 et

769 5120 1031 5175 benevola
1080 5121 1365 5192 dispositio
1415 5134 1521 5187 est,
1578 5126 1662 5179 vel
1710 5140 1942 5179 concors
1990 5126 2331 5181 voluntatum

765 5225 1094 5266 consensus.
1126 5214 1226 5279 Qui
1256 5229 1386 5283 ergo
1413 5224 1600 5268 mutua
1645 5230 1702 5268 se
1732 5214 2106 5269 benevolentia
2146 5232 2333 5284 prose-

771 5311 1037 5368 quuntur,
1059 5304 1312 5357 amicitia:
1328 5316 1574 5374 respectu
1589 5306 1827 5360 schetice
1848 5307 2120 5374 coniuncti
2143 5307 2333 5360 dicun-

775 5395 1188 5450 tnrJImreticus
1208 5398 1354 5451 enim
1382 5397 1580 5457 impius
1602 5397 1688 5450 ille
1702 5397 1991 5451 Nestoritts
2008 5399 2332 5452 ecclesiasti-

770 5501 889 5538 eam
913 5486 1214 5541 doctrinam
1239 5503 1347 5543 non
1374 5488 1687 5550 admittens.
1719 5505 1823 5558 qua
1854 5490 1966 5557 ipse
1998 5490 2137 5541 Deus
2171 5490 2333 5541 homo

774 5577 970 5642 factus,
1029 5586 1337 5647 nostraeque
1397 5588 1605 5633 natura:
1662 5580 1987 5649 coniunctus
2034 5583 2325 5645 .ssvrilttr,

771 5667 1164 5737 {typustatlcam
1196 5669 1417 5739 quidem
1463 5686 1555 5724 seu
1607 5671 1945 5738 personalcnt
1992 5670 2329 5738 conjunctio-

775 5774 899 5814 ttCtll
952 5775 1067 5813 esse
1120 5760 1349 5828 negabat
1479 5762 1781 5830 nugahatnr
1832 5772 2013 5818 autem
2065 5776 2090 5817 ς
2144 5772 2326 5814 sancta

2426 1954 2659 2025 denique
2691 1956 2930 2024 Spiritus
2957 1966 3013 2013 et
3043 1958 3158 2026 ipse
3184 1958 3404 2027 quidem
3452 1974 3518 2013 ex
3560 1959 3741 2021 Patre,
3777 1966 3833 2011 at
3880 1975 3992 2011 non

2425 2048 2829 2113 generationis,
2880 2048 2975 2104 sed
3057 2050 3418 2118 processionis
3483 2051 3665 2104 modo.
3716 2050 3783 2103 Et
3828 2048 3995 2103 simul

2427 2148 2587 2204 atque
2624 2138 2739 2191 Filii
2771 2154 2835 2193 ex
2861 2139 3019 2193 Patre
3052 2142 3329 2209 generatio
3363 2140 3487 2203 fuit,
3516 2140 3619 2195 fuit
3656 2149 3712 2195 et
3754 2139 3996 2207 Spiritus

2427 2232 2599 2285 sancti
2638 2232 2936 2298 processio.
2960 2232 3081 2297 Quo
3111 2247 3289 2286 autem
3321 2233 3485 2287 modo
3520 2241 3575 2287 et
3620 2232 3899 2301 generatio
3939 2238 3998 2283 et

2426 2325 2701 2390 processio
2759 2322 3033 2389 differant,
3071 2338 3232 2378 nemo
3257 2324 3428 2378 novit.
3459 2324 3645 2391 Itaque
3672 2324 3996 2393 hypostases

2428 2413 2560 2466 solis
2628 2414 2981 2483 hypostaticis
3044 2414 3474 2484 proprietatibus
3521 2414 3780 2468 diﬂcrunt
3812 2454 3825 2475 ,
3873 2412 3996 2466 sive

2430 2518 2536 2556 non
2560 2509 2934 2572 generatione,
2964 2505 3341 2575 generatione.
3375 2514 3430 2558 et
3459 2504 3805 2573 processione
3831 2520 3845 2557 :
3872 2518 3997 2570 quze

2429 2593 2706 2647 individue
2738 2608 2961 2663 quoque
2987 2594 3326 2648 dividuntur.
3360 2594 3547 2647 Trium
3583 2604 3765 2647 autem
3798 2605 3997 2661 perso-

2427 2699 2620 2738 narum
2680 2702 3020 2755 unaquaeque
3064 2686 3301 2755 perfecta
3332 2695 3545 2740 constat
3585 2682 3883 2754 hypostasi.
3938 2682 3996 2735 In

2428 2775 2603 2830 tribus
2652 2776 2799 2831 enim
2846 2776 3102 2845 perfectis
3151 2776 3536 2847 hypostasibus
3591 2788 3696 2828 una
3760 2773 3998 2840 simplex

2432 2867 2577 2922 inest
2601 2868 2861 2931 essentia,
2888 2884 3007 2937 qua:
3037 2870 3328 2923 terminum
3376 2882 3593 2921 omnem
3639 2865 3898 2934 praecedit
3941 2871 3998 2917 et

2429 2969 2739 3028 exsuperat.
2792 2960 3132 3014 Paraclctum
3196 2972 3376 3013 autem
3428 2974 3523 3011 seu
3580 2957 3904 3010 advocatum
3944 2960 4004 3006 et

2432 3048 2694 3116 Spiritum
2733 3060 2787 3105 et
2824 3050 3019 3104 Filium
3048 3065 3327 3113 vocamus,
3370 3060 3425 3102 ut
3468 3048 3561 3116 qui
3613 3047 4000 3099 universorum

2431 3143 2819 3199 advocationes
2870 3156 2927 3200 et
2977 3146 3278 3213 patrocinia
3339 3142 3661 3211 suscipiant.
3731 3138 3997 3207 Spiritum

2431 3231 2651 3299 quidem
2684 3241 2835 3286 certe
2892 3248 2920 3286 a
2958 3233 3115 3286 Patre
3164 3232 3259 3301 [et
3294 3229 3473 3301 Filio]
3523 3227 3818 3297 procedere
3863 3226 4002 3281 dici-

2432 3338 2555 3379 mus
2577 3366 2591 3389 ,
2617 3324 2693 3379 ita
2720 3336 2899 3380 tamen
2935 3334 2995 3378 ut
3024 3338 3124 3393 per
3153 3322 3349 3377 Filium
3380 3320 3747 3391 impertiatur.

3078 3432 3232 3489 CAP.
3274 3432 3367 3486 XI.

2867 3523 2951 3578 De”
2981 3524 3135 3578 Verbi
3169 3523 3561 3578 Incarnatione.

2502 3636 2703 3690 Errore
2738 3650 2847 3688 non
2884 3646 3057 3699 caret,
3090 3634 3133 3686 si
3170 3641 3426 3693 naturam
3461 3630 3701 3684 divinam
3744 3630 3999 3684 incarna-

2432 3734 2541 3779 tam
2578 3725 2747 3779 fuisse
2772 3723 3042 3784 dicamus,
3065 3736 3188 3775 eum
3219 3721 3383 3775 Verbi
3428 3720 3737 3790 hypostasis
3763 3719 3999 3775 dicenda

2431 3813 2521 3867 sit.
2551 3812 2605 3867 Si
2647 3814 2795 3868 enim
2826 3826 3043 3866 carnem
3089 3826 3117 3865 a
3164 3820 3359 3863 natura
3411 3809 3595 3863 divina
3659 3820 3997 3878 assumptam

2431 3902 2601 3957 fuisse
2639 3903 2963 3967 dixerimus,
2990 3903 3180 3971 utique
3214 3917 3321 3954 una
3368 3902 3584 3955 Patrem
3626 3909 3681 3953 et
3730 3900 3997 3969 Spiritum

2431 3993 2983 4063 comprehendemus,
3009 4008 3131 4047 cum
3171 4008 3275 4046 una
3310 3991 3523 4046 Sancta:
3561 3991 3849 4045 Trinitatis
3901 4009 4003 4047 na-

2433 4092 2552 4137 tura
2588 4084 2677 4137 sit.
2713 4082 3067 4153 Synalmpha,
3109 4098 3205 4137 seu
3236 4084 3514 4141 counctio.
3549 4082 3770 4151 proprie
3805 4084 4005 4137 confa-

2430 4175 2513 4228 sio
2550 4180 2655 4236 est,
2687 4174 2881 4236 ἓνωσις
2916 4186 3099 4228 autem
3153 4188 3248 4227 seu
3296 4173 3633 4241 coniunctio,
3684 4188 3810 4226 cum
3866 4174 3998 4242 quid

2432 4264 2568 4318 citra
2605 4264 2924 4319 mistionem
2954 4265 3046 4318 alii
3076 4264 3313 4334 cuipiam
3347 4263 3680 4332 applicatur,
3723 4274 3781 4318 ut
3811 4263 3999 4317 oleum

2430 4371 2603 4425 aquae.
2631 4356 2941 4410 Divinitatis
2971 4365 3217 4409 naturam
3251 4353 3605 4407 humanitatis
3625 4363 3833 4406 naturte
3859 4369 3998 4407 con-

2429 4447 2667 4516 iunctam
2710 4447 2876 4501 fuisse
2923 4462 3032 4500 non
3067 4447 3319 4509 dicimus,
3350 4447 3458 4499 imo
3505 4446 3685 4514 potius
3719 4444 3872 4497 verbi
3904 4445 4001 4514 hy-

2434 4538 2679 4608 postasin
2714 4537 3053 4592 incarnatatn
3097 4536 3287 4590 fuisse.

3053 4649 3205 4704 CAP.
3246 4648 3363 4702 XII.

2561 4742 2637 4795 De
2669 4744 2893 4797 essentia
2926 4741 3168 4812 [natura,
3195 4740 3479 4810 hypostasi,
3510 4750 3557 4793 et
3588 4738 3855 4810 persona].

2503 4857 2756 4911 Essentia
2787 4857 3007 4926 proprie
3037 4856 3240 4909 dicitur
3288 4854 3342 4908 id
3393 4854 3539 4923 quod
3588 4862 3692 4911 est.
3740 4867 3841 4906 nec
3890 4854 4000 4906 alio

2430 4962 2573 5020 eget,
2612 4960 2672 5003 ut
2716 4949 3000 5011 subsistat,
3032 4948 3222 5001 multis
3259 4958 3441 5000 autem
3492 4945 3670 4999 modis
3704 4944 3995 5012 accipitur.

2435 5048 2495 5094 ut
2523 5040 2761 5094 essentia
2795 5039 2913 5102 Dei,
2942 5037 3183 5093 essentia
3214 5035 3416 5105 angeli,
3454 5034 3691 5089 essentia
3734 5034 3995 5094 hominis.

2433 5128 2675 5198 itemque
2705 5128 2887 5182 omnia
2915 5127 2983 5181 ab
3012 5127 3078 5181 iis
3111 5126 3325 5189 diversa
3353 5124 3606 5180 essentia:
3645 5123 3868 5177 nomine
3902 5124 4000 5177 de-

2434 5206 2739 5290 signantur.
2779 5218 2946 5283 ltem,
2991 5217 3229 5273 essentia
3278 5226 3383 5278 est.
3438 5216 3582 5284 quod
3631 5229 3728 5282 per
3767 5228 3826 5266 se
3866 5228 3993 5267 sua-

2432 5327 2537 5381 que
2591 5313 2642 5365 vi
2690 5312 2935 5373 substat,
2994 5324 3098 5363 nec
3152 5308 3221 5361 ab
3276 5307 3383 5360 alio
3439 5305 3731 5359 essentiam
3793 5302 3995 5366 habet,

2434 5416 2613 5470 neque
2664 5400 2772 5453 alio
2822 5414 3096 5469 quoquam
3140 5397 3381 5451 extrario
3430 5394 3656 5459 indiget,
3693 5403 3751 5446 ut
3784 5393 3879 5446 sit.
3912 5391 3995 5446 Si-

2432 5492 2652 5560 qnitlem
2686 5492 2850 5546 colori
2886 5491 3010 5545 albo
3038 5502 3094 5543 et
3121 5491 3278 5558 nigro
3307 5498 3363 5542 et
3390 5488 3439 5541 id
3471 5500 3644 5554 genus
3672 5483 3886 5538 caeteris
3906 5498 3994 5537 es-

2433 5583 2623 5636 sentia!
2672 5598 2869 5634 nomen
2919 5581 3337 5648 haudquaquam
3382 5576 3696 5639 tribuimus,
3727 5574 3856 5639 quia
3902 5588 3995 5641 per

2434 5689 2490 5726 se
2525 5674 2823 5727 subsistere
2851 5688 2955 5726 non
2986 5672 3196 5726 possint
3266 5670 3472 5738 absque
3512 5681 3738 5734 corpore
3774 5665 3993 5718 illorum

2434 5780 2650 5836 capace.
