4274 6382
285 430 425 496 1213

1487 422 1916 488 ’ΤΙΙΕΞΑΗΒΙ
1960 428 2106 488 LIB.
2154 432 2272 490 ιιι.

3374 426 3513 490 12H

356 543 555 597 Natura
582 554 713 609 vero
741 549 1029 593 esteorum
1055 552 1176 606 qua:
1206 546 1332 591 sunt
1357 544 1536 591 motus
1562 546 1617 591 et
1647 535 1847 604 quietis
1878 518 1929 595 A'
1951 549 2131 592 autem
2162 539 2401 593 essentia
2431 548 2484 593 et
2525 554 2718 610 genus.
2756 539 2812 595 Si
2854 555 2986 610 ergo
3033 541 3221 594 dicas:
3250 540 3514 594 Divinitas

282 632 640 703 principium,
674 631 727 682 in
769 629 968 696 quibus
998 629 1230 697 primum
1270 627 1436 681 inest.
1464 642 1559 694 per
1605 641 1684 686 se,
1733 641 1839 678 non

281 736 383 791 per
410 719 684 774 accidens.
709 717 874 772 Verbi
902 718 1072 786 gratia
1107 728 1356 770 naturam
1387 730 1644 769 vocamus
1681 716 1840 778 quie-

286 822 398 864 tem
424 820 478 863 et
509 819 714 862 motum
746 824 867 876 qua:
899 808 1171 862 essentiali
1208 808 1419 860 ratione
1447 816 1604 860 terra
1634 808 1844 871 insunt,

284 914 386 953 nec
423 899 475 952 id
511 898 673 952 ullius
709 912 886 952 causa:
914 897 1163 951 beneﬁcii
1205 896 1274 950 ad
1302 910 1523 965 germen
1568 904 1624 949 et
1672 895 1840 949 fetum

285 990 455 1044 rebus
508 988 856 1043 naturalibus
904 987 1265 1059 suggerenda.
1318 985 1623 1039 Deductum
1674 1000 1841 1054 porro

282 1077 497 1147 φύσεως
526 1084 870 1131 seu‘naturae
893 1092 1091 1130 nomen
1130 1085 1233 1135 est,
1263 1074 1413 1141 παρὰ
1445 1074 1505 1126 τὸ
1539 1074 1842 1143 πεφυκέναι

281 1169 563 1222 τουτέστιν
599 1168 885 1237 ὑπάρχειν,
914 1168 1017 1221 hoc
1046 1179 1131 1221 est
1170 1167 1238 1221 ab
1262 1182 1328 1220 eo
1354 1166 1498 1236 quod
1529 1167 1625 1219 sit.-
1656 1166 1843 1233 Itaque

280 1258 471 1320 οὗσεας
504 1259 596 1310 καὶ
628 1260 845 1324 φύσεως
878 1258 981 1310 hoc
1014 1268 1099 1312 est
1123 1259 1373 1312 essentia!
1410 1266 1465 1310 et
1496 1265 1705 1310 natura:
1741 1271 1845 1310 n0-

284 1350 494 1402 minum
526 1352 715 1402 eadem
752 1348 1080 1417 signiﬁcatio
1106 1358 1211 1412 est,
1260 1363 1494 1416 quorum
1525 1347 1659 1400 illud
1691 1347 1844 1414 παρὰ

281 1438 345 1490 τὸ
378 1435 518 1490 εἶναι
556 1453 696 1502 esse,
735 1438 839 1492 hoc
870 1450 999 1492 vero
1032 1437 1179 1507 παρὰ
1211 1438 1272 1489 τὸ
1298 1437 1599 1503 πεφυκέναι
1626 1437 1729 1489 hoc
1759 1444 1843 1489 est

283 1537 481 1581 natura
513 1529 584 1583 ita
614 1539 989 1599 comparatum
1022 1544 1165 1595 esse,
1184 1530 1491 1583 deducitur.
1526 1529 1842 1599 Hypostasis

284 1628 465 1671 autem
502 1634 587 1672 res
621 1628 705 1673 est
735 1620 1044 1675 subsistens
1064 1631 1120 1675 et
1144 1621 1471 1683 essentialis,
1499 1620 1551 1673 in
1587 1634 1692 1689 qua
1718 1621 1843 1688 qui-

284 1707 409 1761 dem
462 1709 825 1763 accidentium
872 1712 1251 1772 coacervatio,
1319 1722 1573 1780 tanquam
1623 1726 1733 1763 uno
1782 1709 1835 1762 in

1952 639 2198 683 nostrum
2247 633 2490 684 onmium
2547 641 2732 685 custos
2787 643 2903 696 est,
2961 644 3125 687 totam
3181 633 3508 686 Trinitatem

1950 730 2190 773 sanctam
2220 720 2571 787 signiﬁcasti:
2603 722 2645 773 si
2686 735 2813 773 vero
2859 722 3040 775 dicas:
3074 722 3364 775 Vobiscum
3427 720 3514 771 Fi-

1949 809 2056 863 lius
2086 810 2199 873 Dei,
2227 824 2293 862 ex
2320 810 2494 863 tribus
2523 811 2907 878 hypostasibus
2934 828 3094 864 unam
3130 821 3410 877 totamque
3433 809 3514 860 di-

1950 900 2234 955 vinitatem
2285 899 2671 968 pronuntiasti.
2726 902 2856 954 llazc
2902 911 3165 968 prmterea
3212 901 3277 952 de
3323 900 3513 951 iisdem

1950 991 2155 1046 audito.
2182 991 2467 1053 Divinitas,
2495 1005 2623 1044 ecce
2642 992 3111 1055 communitatem,
3137 990 3514 1044 et‘absolutam

1950 1081 2341 1150 perfectionem
2411 1081 2679 1135 essentia}.
2750 1082 3075 1143 Paternitas,
3146 1095 3275 1134 ecce
3322 1094 3509 1147 persu-

1949 1187 2074 1226 nam
2107 1188 2201 1226 seu
2257 1172 2590 1241 hypostasim
2622 1187 2807 1224 unam.
2854 1172 3137 1235 Filialitas,
3173 1183 3301 1223 ecce
3350 1167 3512 1220 aliam

1952 1264 2285 1334 hypostasin.
2320 1261 2559 1330 Spiritus
2613 1269 2855 1321 sanctus,
2911 1275 3039 1314 ecce
3093 1259 3276 1312 aliam.
3338 1256 3513 1309 (ἐωιο-

1950 1368 2068 1406 rum
2101 1362 2212 1407 tres
2248 1351 2596 1421 hypostaticae
2632 1351 2999 1419 preprietates
3032 1356 3161 1401 sunt
3209 1347 3261 1398 in
3315 1343 3513 1397 divini-

1947 1435 2094 1498 tate':
2138 1443 2440 1513 ingenitum
2484 1443 2679 1505 Patris,
2729 1443 2970 1511 genitum
3033 1438 3177 1501 Filii,
3233 1435 3514 1505 processio

1946 1534 2183 1602 Spiritus
2213 1533 2406 1588 sancti.
2453 1533 2563 1587 Nec
2612 1531 2758 1586 enim
2814 1531 3028 1599 genitus
3080 1539 3163 1584 est
3197 1522 3374 1589 Pater,
3409 1540 3513 1580 nec

1944 1624 2248 1696 procedens
2277 1622 2470 1686 Filius,
2494 1638 2596 1677 nec
2626 1622 2846 1691 genitus
2872 1619 3107 1689 Spiritus
3136 1628 3378 1673 sanctus.

2570 1735 2720 1788 CAP.
2752 1732 2891 1785 XVI.

283 1801 533 1871 subjecto
565 1818 755 1872 reapse
783 1813 1016 1872 actuque
1052 1804 1321 1858 subsistit.
1351 1806 1649 1871 Πρυσωπην
1682 1816 1837 1862 vero,
1877 1840 1917 1894 Β

1824 1840 1837 1862 ’
1877 1840 1917 1894 Β
1946 1806 2219 1899 Synopsis.
2273 1792 2363 1879 seu
2414 1826 2801 1895 compendium,
2826 1821 2910 1899 __de
2941 1821 3120 1899 modo.
3157 1819 3510 1899 ῥντιὸόσεως,

284 1906 379 1946 seu
430 1908 685 1961 persona,
730 1894 782 1949 id
824 1905 928 1958 est,
965 1897 1109 1965 quod
1164 1896 1401 1966 prOpriis
1449 1894 1755 1950 actionibus
1790 1900 1846 1947 et

286 1983 716 2051 proprietatibus
767 1995 970 2040 certam
1002 1996 1059 2041 et
1087 1986 1363 2040 deﬁnitam
1395 2002 1583 2040 eorum
1619 1999 1739 2053 qua:
1768 1998 1846 2036 se-

286 2088 409 2127 cum
438 2074 680 2143 ejusdem
714 2087 839 2131 sunt
869 2078 1121 2132 essentia:
1156 2079 1487 2133 evidentiam
1521 2079 1763 2133 exhibet.

828 2205 979 2260 CAP.
1012 2205 1298 2259 XIII-XIV.

293 2289 665 2349 Ecclesiastt'ca
696 2306 902 2350 natura:
946 2296 1199 2364 deﬁnitio.
1261 2297 1398 2362 Quid
1447 2295 1756 2353 Severianos
1790 2300 1843 2351 in

780 2382 1010 2420 errarent
1043 2367 1357 2435 propulerit.

357 2472 560 2528 Natura
593 2475 720 2531 item
757 2493 822 2530 ex
852 2480 1118 2533 sententia
1145 2481 1419 2544 Ecclesia),
1448 2495 1575 2536 vera
1602 2482 1679 2536 rei
1714 2482 1843 2536 sub-

296 2562 547 2619 sistentia
583 2579 683 2621 est.
723 2566 791 2621 Ut
820 2581 1003 2624 autem
1029 2571 1349 2627 Aristoteles
1377 2581 1432 2626 et
1460 2574 1637 2627 caeteri
1670 2574 1841 2628 Graeci

293 2668 557 2713 auctores
586 2669 738 2724 sunt,
764 2664 948 2717 multis
975 2664 1151 2719 modis
1176 2674 1367 2719 natura
1397 2666 1691 2731 deﬁnitur;
1722 2668 1845 2735 qui-

286 2745 390 2801 bus
413 2750 633 2819 quidem
661 2751 1077 2809 deﬁnitionibus
1091 2754 1219 2809 dum
1243 2757 1552 2810 accuratius
1578 2757 1843 2810 inhaerent
1882 2782 1885 2783 ν

288 2834 567 2893 Severiaui
598 2842 650 2894 in
680 2858 925 2898 errorem
954 2844 1191 2914 prolapsi
1240 2855 1386 2899 sunt.
1431 2846 1711 2914 Siquidem
1748 2862 1861 2899 ηις--

293 2938 433 2995 tura,
465 2941 525 2985 ut
559 2933 615 2987 Β.
643 2934 902 3004 Apostolo
938 2938 1133 3006 placet,
1163 2952 1347 3002 omne,
1375 2938 1426 2991 id
1466 2947 1572 3003 est,
1606 2938 1748 3006 quod
1782 2954 1841 2991 re

288 3034 419 3075 vera
451 3032 552 3077 est.
585 3023 844 3092 Apertius
868 3025 1127 3095 deinceps
1157 3026 1209 3080 id
1235 3027 1647 3095 explicabimus.
1673 3029 1840 3084 Natu-

288 3124 402 3164 ram
433 3122 592 3167 vocat
621 3114 859 3170 Ecclesia
889 3132 1077 3171 eorum
1109 3134 1230 3187 quae
1252 3129 1378 3173 sunt
1412 3120 1718 3185 veritatem,
1744 3135 1840 3174 seu

289 3200 343 3254 id
371 3205 514 3270 quod
543 3206 622 3260 eis
667 3206 825 3261 inest.
869 3208 1031 3277 φύσις
1074 3220 1255 3264 autem
1306 3211 1449 3265 dicta
1493 3221 1597 3273 est,
1646 3213 1733 3264 διὰ
1781 3212 1842 3264 τὸ

286 3292 591 3360 πεφύκεναι
619 3298 711 3349 καὶ
734 3296 896 3362 εἶναι,
928 3301 1072 3368 quod
1109 3302 1178 3354 ita
1213 3311 1521 3370 comparata
1554 3312 1654 3367 est,
1684 3313 1742 3355 ut
1772 3303 1843 3355 sit

286 3385 744 3451 quemadmodum
777 3390 934 3443 οὐσία
965 3392 996 3460 ἡ
1034 3391 1189 3455 οὖσα,
1222 3397 1454 3447 essentia
1486 3409 1606 3462 qua.-
1648 3403 1750 3455 est,
1786 3395 1838 3448 in

288 3478 517 3532 veritate
557 3482 921 3549 cognoscitur.
962 3484 1189 3549 Natura,
1233 3489 1489 3549 essentia,
1534 3488 1617 3554 id,
1647 3507 1839 3560 genus,

286 3576 341 3621 et
375 3569 556 3639 μορφὴ
598 3587 691 3626 seu
727 3572 918 3639 forma,
952 3591 1049 3644 pro
1082 3592 1187 3629 una
1218 3578 1518 3647 eademque
1564 3596 1621 3634 re
1658 3583 1709 3634 in
1753 3597 1843 3637 ec-

287 3659 603 3715 clesiasticis
656 3664 924 3733 dogmatis
986 3669 1276 3737 capiuntur
1308 3663 1332 3724 ἐ
1382 3675 1838 3741 quemadmodum

289 3752 443 3817 panis
457 3763 512 3805 et
536 3753 799 3808 buceelta.
824 3757 1089 3823 Quocirca
1114 3760 1353 3829 ἔμφυτον
1373 3774 1425 3816 et
1447 3766 1704 3830 ἐνούσω,
1726 3767 1839 3822 sive

287 3839 339 3891 id
372 3842 515 3909 quod
551 3844 772 3897 insitum
802 3856 905 3911 est,
936 3857 992 3902 et
1026 3849 1077 3901 id
1105 3852 1249 3917 quod
1286 3852 1427 3906 inest
1461 3856 1601 3908 idem
1633 3855 1840 3924 signiﬁ-

287 3941 430 3987 cant.
463 3932 709 4001 Quatuor
735 3946 914 3992 autem
948 3940 1124 3994 modis
1155 3956 1345 3996 natura
1380 3944 1598 4006 dicitur,
1644 3957 1704 4000 ut
1728 3946 1837 4017 jam

290 4028 500 4090 monui,
547 4029 633 4084 his
683 4029 941 4084 nimirum
989 4034 1248 4101 essentia,
1295 4043 1509 4102 natura,
1563 4052 1734 4109 genus
1785 4050 1840 4095 et

285 4114 478 4174 forma.

913 4257 1061 4314 CAP.
1094 4258 1206 4315 XV.

736 4365 919 4423 ersona
950 4361 1019 4435 ⁸ει
1058 4355 1329 4435 character
1365 4357 1419 4408 in
1477 4354 1583 4407 Deo
1625 4355 1766 4425 quid.

736 4424 1033 4489 ypostaticw
1084 4424 1446 4492 proprietates.

336 4345 658 4416 Hypostasis,

353 4525 662 4598 Hypostasis
688 4544 904 4599 quoque
939 4531 1191 4602 insuper,
1241 4549 1307 4588 ex
1361 4535 1732 4591 ecclesiastica
1780 4505 1912 4592 etD

283 4621 573 4688 apostolica
597 4621 911 4687 traditione,
934 4629 1221 4694 πρόσωπον
1238 4636 1320 4681 est
1335 4641 1428 4680 seu
1450 4642 1701 4696 persona,
1725 4628 1837 4682 sive

282 4713 582 4777 character,
619 4715 1074 4783 quemadmodum
1110 4718 1309 4772 Paulus
1342 4718 1535 4772 Filium
1579 4719 1837 4788 splendo-

284 4820 391 4857 rem
426 4806 611 4874 gloria:
641 4806 835 4869 Patris,
878 4808 1004 4861 item
1056 4818 1112 4861 et
1159 4809 1516 4878 hypostaseos
1553 4811 1675 4879 ejus
1704 4811 1838 4865 cha-

282 4904 541 4948 racterem
599 4909 694 4948 seu
756 4895 977 4965 ﬁguram
1026 4905 1206 4958 vocat,
1256 4895 1358 4950 hoc
1411 4906 1495 4949 est
1549 4911 1838 4964 personam

280 4982 516 5051 ejusdem
541 4984 791 5038 essentia:
828 4999 950 5039 eum
979 4985 1292 5039 charactere
1327 4997 1381 5039 et
1416 4986 1691 5055 bypostasi
1740 4986 1839 5040 Pa-

282 5073 399 5126 tris.
432 5073 699 5129 Personas
722 5083 903 5129 autem
940 5085 997 5130 et
1036 5076 1383 5131 characteres
1420 5077 1476 5129 in
1515 5077 1620 5131 Deo
1658 5076 1839 5131 incor-

283 5164 585 5232 purcajpsa
617 5164 871 5230 dicimus,
902 5176 956 5221 et
985 5181 1050 5221 ea
1079 5181 1200 5235 quae
1223 5167 1600 5220 circumscribi
1650 5168 1838 5235 expri-

283 5256 463 5321 mique
496 5268 602 5307 non
639 5264 887 5323 possunt.
935 5257 1169 5311 Persona
1205 5272 1332 5310 vero
1374 5272 1470 5309 seu
1508 5257 1835 5326 hypostasis,

279 5358 343 5397 ex
374 5352 689 5398 sanctorum
724 5346 940 5400 Patrum
973 5347 1261 5407 sententia,
1285 5348 1563 5413 proprium
1597 5354 1682 5399 est
1703 5362 1840 5414 prm-

283 5445 362 5489 ter
413 5451 766 5490 commune:
819 5438 1178 5491 communitas
1212 5437 1357 5490 enim
1412 5449 1512 5493 est.
1572 5437 1838 5491 uniuscu-

281 5529 471 5598 iusque
503 5529 579 5582 rei
614 5539 808 5582 natura
846 5548 855 5581 :
890 5530 1120 5598 propria:
1159 5544 1307 5591 vero,
1362 5530 1676 5599 hypostases
1712 5531 1838 5599 ipsa:

283 5630 423 5672 sant.
459 5617 618 5672 Verbi
651 5619 820 5687 gratia
870 5630 1058 5671 natura
1114 5618 1227 5671 sive
1282 5620 1521 5672 essentia
1573 5628 1676 5679 est,
1731 5634 1837 5671 una

283 5711 474 5770 duitas,
502 5710 839 5781 hypostsses,
870 5725 997 5765 vero
1030 5725 1155 5771 tres,
1192 5710 1368 5769 Pater,
1406 5711 1594 5772 Filius,
1630 5719 1683 5763 et
1717 5710 1838 5776 Spi-

288 5805 425 5858 ritus
456 5814 709 5858 sanctus:
742 5813 849 5855 tros
892 5818 1156 5871 personae,
1188 5817 1283 5856 seu
1332 5803 1694 5862 characteres.
1732 5820 1837 5857 una

2013 1890 2104 1951 seti
2134 1904 2327 1950 mutua:
2359 1890 2677 1949 naturarum
2709 1891 3064 1945 retributionis
3109 1890 3195 1962 [de
3224 1905 3324 1959 quo
3357 1904 3512 1958 aper-

2018 1970 2119 2021 tius
2153 1975 2201 2018 et
2229 1966 2439 2035 planius
2484 1964 2677 2033 infra].
2705 2020 2716 2030 ,

2018 2079 2366 2133 Divinitatem
2398 2077 2621 2146 quidem
2660 2085 2717 2131 et
2760 2058 3149 2130 humanitatem
3198 2086 3322 2125 cum
3374 2069 3508 2123 dici-

1946 2186 2088 2235 mus,
2124 2179 2290 2223 totam
2324 2167 2631 2223 divinitatis
2662 2176 2938 2231 naturam,
2966 2172 3022 2218 et
3056 2171 3221 2216 totam
3255 2161 3508 2214 humani-

1947 2263 2072 2316 tatis
2100 2272 2348 2315 naturam
2379 2259 2718 2323 indicamus;
2752 2272 2875 2312 cum
2910 2269 3039 2309 vero
3072 2255 3271 2308 Deum.
3302 2261 3359 2305 ct
3399 2251 3511 2303 .ho-

1946 2359 2146 2409 minem
2175 2354 2429 2415 dicimus,
2462 2367 2566 2406 non
2599 2366 2823 2421 prorsus
2855 2359 3174 2403 naturarum
3210 2343 3507 2400 totalitates

1946 2449 2409 2505 demonstramus,
2436 2443 2527 2497 sed
2561 2443 2854 2511 aliquando
2879 2450 2936 2495 et
2961 2452 3221 2509 personas
3250 2444 3303 2490 et
3336 2435 3510 2504 hype-

1947 2549 2142 2593 stases.
2171 2536 2306 2590 Cum
2345 2549 2474 2603 ergo
2502 2549 2602 2587 nos
2638 2534 2690 2585 in
2722 2532 2892 2586 Deum
2920 2529 3165 2591 credere,
3190 2523 3513 2595 absque'ad-

1941 2629 2130 2698 juncto
2174 2626 2427 2687 dicimus,
2488 2632 2652 2677 totam
2714 2616 3508 2687 divinitatemgsigniﬁcamus.

1943 2716 2078 2771 Cum
2116 2730 2247 2769 vero
2284 2714 2453 2767 Deum
2500 2712 2778 2765 hominem
2831 2710 3035 2763 factum
3082 2722 3203 2761 esse
3253 2704 3543 2761 dicimus-

1939 2807 2049 2876 jam
2084 2820 2194 2859 non
2233 2803 2581 2857 divinitatem
2633 2800 2979 2863 denotamus,
3029 2796 3124 2852 sed
3171 2796 3346 2853 solum
3386 2792 3508 2849 Filii

1944 2912 2144 2951 nomen
2196 2894 2573 2963 exprimimus.
2625 2892 2848 2955 Adhaac,
2880 2889 3150 2959 siquidem
3197 2887 3285 2941 bis
3330 2884 3511 2939 verbis

1944 2998 2092 3042 utar:
2119 2986 2263 3039 Deus
2295 2992 2517 3053 propter
2542 2983 2819 3037 hominem
2847 2982 3168 3035 incarnatus
3203 2990 3307 3041 εει,
3339 2987 3506 3031 totam
3561 3051 3569 3059 ι

1945 3080 2338 3135 humanitatem
2375 3061 2603 3143 designo
2627 3090 2641 3127 :
2668 3074 2711 3128 si
2744 3088 2877 3127 vero
2901 3073 3020 3126 his:
3046 3070 3278 3135 Quidam
3310 3069 3504 3121 homo:

1871 3170 1914 3229 C
1949 3173 2100 3226 illum
2128 3169 2303 3222 solum
2335 3167 2540 3221 indico.
2586 3166 2773 3233 Itaque
2802 3165 2855 3218 in
2895 3163 3127 3218 Domino
3157 3168 3347 3214 nostro
3377 3157 3506 3212 Jesu

1945 3264 2164 3319 Christo
2191 3261 2329 3315 duas
2352 3258 2571 3327 quidem
2597 3265 2846 3320 naturas,
2870 3254 3239 3313 divinitatem,
3262 3251 3508 3318 inquam,

1941 3364 1997 3408 et
2022 3352 2440 3411 humanitatem,
2483 3358 2537 3400 at
2585 3360 2745 3401 unam
2791 3344 3106 3414 hypostasin
3158 3357 3219 3395 ex
3273 3350 3507 3408 utraque

1944 3444 2301 3509 compositam
2332 3438 2678 3494 conﬁtemur.
2706 3436 2774 3490 Et
2798 3450 2922 3490 eum
2950 3435 3125 3503 ipsius
3146 3432 3369 3502 quidem
3411 3445 3509 3482 na-

1943 3542 2094 3587 turas
2117 3529 2909 3592 consideratnus,divinitatem
2926 3536 2982 3580 et
3008 3519 3402 3579 humanitatem
3428 3520 3511 3574 di-

1945 3627 2119 3681 cimus
2143 3642 2159 3679 :
2182 3638 2305 3678 cum
2340 3636 2471 3676 vero
2505 3620 2838 3691 hypostasim
2869 3619 3038 3683 illam,
3069 3630 3190 3686 quae
3215 3614 3423 3667 duabus
3443 3627 3509 3665 ex

1943 3714 2156 3769 naturis
2185 3714 2471 3781 conjuncta
2504 3718 2611 3770 est,
2663 3724 2810 3763 nunc
2853 3708 3077 3777 quidem
3117 3704 3421 3766 Christum,
3452 3709 3507 3754 et

1943 3804 2218 3859 hominem
2250 3800 2618 3863 nominamus,
2652 3812 2797 3852 nunc
2823 3812 2955 3851 vero
2987 3796 3158 3850 Deum
3201 3794 3401 3851 solum,
3450 3797 3507 3843 et

1942 3896 2221 3950 hominem
2248 3892 2447 3945 solum.
2475 3890 2587 3945 Nec
2643 3904 2768 3943 cum
2814 3888 2983 3942 Deum
3037 3886 3210 3939 solum
3246 3882 3501 3943 dicimus,

1942 3986 2119 4055 ipsum
2149 3982 2218 4036 ab
2249 3981 2470 4034 homine
2506 3993 2824 4049 separamus
2849 3995 2863 4032 :
2893 3993 2995 4031 nec
3038 3990 3164 4027 cum
3222 3972 3503 4025 hominem

1938 4074 2113 4130 solum
2142 4072 2511 4137 nominamus,
2551 4069 2730 4140 ipsum
2762 4084 2794 4122 a
2828 4069 2939 4123 Deo
2995 4063 3353 4136 sejungimus.
3410 4060 3503 4113 lli--

1867 4198 1871 4205 -
1939 4166 2061 4220 dem
2092 4179 2214 4218 cum
2247 4164 2588 4217 divinitatem
2622 4161 2877 4223 dicimus,
2911 4174 3015 4212 una
3048 4172 3172 4211 cum
3208 4170 3270 4208 ea
3304 4155 3501 4206 buma-

1938 4255 2125 4309 nitatis
2167 4254 2534 4323 proprietates
2575 4268 2682 4306 non
2727 4249 3341 4320 comprehendimusze
3370 4257 3504 4317 c‘on-

1938 4361 2098 4399 verso
2144 4359 2266 4398 cum
2304 4328 2699 4397 humanitatem
2752 4340 3125 4399 enuntiamus,
3171 4337 3224 4389 in
3258 4350 3321 4388 ea
3364 4332 3506 4386 divi-
3556 4357 3565 4366 -

1938 4424 2129 4489 nitatis
2170 4434 2537 4502 proprietates
2590 4447 2709 4485 non-
2751 4428 3103 4498 intelligimus
3137 4443 3151 4479 :
3189 4438 3313 4477 nec;
3352 4422 3497 4474 enim

1938 4526 2292 4596 impatibilem
2326 4534 2381 4579 et
2432 4525 2731 4578 inereatam
2775 4519 3171 4574 humanitatem
3220 4514 3493 4567 dicimus:

1938 4628 1994 4673 at
2019 4619 2072 4671 in
2111 4631 2216 4670 una
2262 4614 2543 4687 bypostasi
2579 4628 2688 4669 non
2739 4613 2812 4665 ita
2859 4610 3044 4665 dicere
3094 4602 3498 4667 solemus,’sed

1939 4711 2200 4766 audacter
2232 4717 2289 4763 et
2327 4708 2503 4763 solum
2532 4709 2726 4771 Deum,
2767 4714 2823 4761 et
2868 4706 3044 4759 solum
3078 4700 3379 4761 hominem,
3418 4704 3501 4747 at-

1940 4821 2045 4873 que
2073 4802 2374 4866 Christum,
2408 4799 2497 4869 qui
2533 4808 2827 4867 utrumque
2857 4790 3296 4865 comprehcndit,
3329 4785 3497 4841 contis

1942 4908 2158 4954 temur:
2187 4895 2550 4963 eamdemque
2589 4894 2761 4948 Deum
2795 4890 3075 4961 patibilem
3099 4884 3357 4946 dicimus,
3397 4880 3505 4932 hu—

1942 4986 2218 5042 manitatis
2252 4986 2485 5049 ratione,
2519 4991 2575 5038 et
2605 4998 2805 5051 purum
2835 4981 2929 5049 qui
2967 4978 3072 5032 fuit
3106 4984 3234 5029 ante
3276 4971 3500 5033 saecula,
3528 5008 3529 5011 η

1942 5078 2152 5131 ratione
2180 5074 2504 5129 divinitatis.
2528 5076 2705 5143 Atque
2741 5071 2832 5126 hic
2873 5070 3194 5129 ἀντιδόσεως
3229 5080 3326 5119 seu
3372 5080 3497 5131 muv

1942 5181 2047 5221 tuae
2080 5177 2399 5220 naturarum
2442 5163 2846 5225 retributionis,
2889 5161 3087 5215 modus
3120 5166 3227 5221 est,
3266 5171 3377 5225 qua
3416 5154 3497 5215 ﬁt,

1943 5270 2000 5310 ut
2029 5268 2254 5324 utraque
2285 5267 2496 5315 natura,
2527 5270 2650 5323 quae
2673 5255 2892 5323 propria
2925 5252 3027 5306 sibi
3059 5256 3187 5304 sunt
3209 5248 3502 5306 retribuat,

1942 5349 2150 5401 ratione
2211 5339 2573 5417 hypostaseos'
2607 5346 2885 5415 ejusdem,
2938 5352 2994 5397 et
3047 5350 3247 5394 mutum
3286 5340 3501 5393 illarum

1940 5438 2236 5493 afﬁnitatis.
2279 5439 2655 5494 Conﬁtendum
2698 5453 2862 5507 porro
2890 5446 2993 5497 est,
3035 5431 3498 5488 Verbi‘naturam

1943 5531 2309 5593 incarnatam,
2365 5530 2479 5582 sive
2539 5528 2690 5582 carni
2750 5528 3093 5596 conjunctam
3150 5523 3336 5581 fuisse,
3392 5538 3498 5574 non

1941 5621 2066 5689 quia
2104 5630 2294 5673 natura
2336 5620 2389 5674 in
2422 5635 2583 5674 carne
2620 5635 2775 5688 passa
2825 5619 2916 5671 sit.
2967 5617 3121 5683 Quod
3163 5616 3309 5668 enim
3362 5612 3503 5667 Deus

1943 5713 2126 5774 homo,
2169 5728 2431 5778 versaque
2480 5713 2593 5764 vice
2648 5711 2812 5765 homo
2856 5711 2999 5764 Deus
3044 5709 3241 5770 fuerit,
3284 5705 3333 5759 id
3377 5720 3503 5758 vero

1941 5804 2071 5858 illud
2125 5804 2297 5871 ipsum
2344 5812 2452 5870 est,
2512 5803 2655 5872 quod
2714 5803 3036 5857 conﬁtemur
3073 5820 3083 5853 :
3115 5800 3259 5869 quod
3320 5806 3529 5854 autem.
