4274 6382
725 410 859 470 1213

723 620 948 674 nitatem
986 620 1196 686 induta,
1233 623 1402 684 nullo,
1435 639 1665 693 usquam
1694 626 1857 680 modo
1889 627 2219 682 audivimus.

1327 801 1480 857 CAP.
1539 803 1697 857 XVII.

719 941 876 995 Item.
911 941 974 992 de
1015 953 1209 992 natura
1243 953 1290 993 el
1332 943 1617 1012 Itypnstrlsi.
1702 942 1865 993 Variis
1899 943 2148 1009 exemplis
2192 959 2295 992 non

796 1019 995 1063 tantum
1051 1014 1113 1062 ab
1159 1011 1595 1062 iiilullectuullbtts
1617 1053 1629 1071 ,
1656 1011 1663 1012 ί
1694 1012 2042 1062 rationali/ms
2063 1052 2077 1070 ,
2110 1021 2157 1063 et
2182 1014 2299 1063 mti-

790 1082 982 1133 nmtis.
1019 1081 1109 1130 rd
1157 1083 1314 1132 etiam
1354 1083 1416 1131 ab
1465 1083 1711 1131 inanimis
1740 1121 1752 1141 ,
1799 1081 2169 1141 immobilibus,
2248 1089 2296 1132 et

789 1151 1209 1201 insemilvihhus.
1258 1153 1484 1201 ostendit
1534 1151 1728 1202 (-Iltrisli
1775 1166 1987 1200 carnem
2028 1168 2128 1202 non
2181 1166 2300 1214 pcr-

792 1235 998 1279 smmm,
1040 1219 1128 1270 sed
1168 1223 1448 1271 essentiam
1494 1236 1618 1272 esse.
1660 1220 2037 1288 llyposluseos.
2070 1225 2299 1288 eli/typo-

792 1291 953 1350 stuti,
986 1299 1095 1345 etc.
1134 1288 1473 1354 lle/initium:
1505 1300 1551 1341 et
1583 1287 1887 1358 exciuplu.]
2141 1289 2148 1303 ’

764 1457 766 1460 ’
793 1448 994 1502 Natura
1032 1449 1234 1502 dicitur
1265 1451 1375 1517 ipsa
1407 1450 1669 1516 angelitas
1691 1489 1704 1507 .
1751 1449 2066 1517 hypostases
2117 1457 2297 1501 autem

721 1539 1060 1603 singularum
1099 1541 1468 1604 angelicarum
1504 1554 1862 1607 personarum
1913 1538 2297 1607 proprietates.

719 1633 966 1692 Gabriel,
1005 1631 1253 1683 Michael.
1298 1631 1430 1682 Item
1458 1671 1471 1690 ,
1509 1641 1699 1682 natura
1748 1646 1852 1682 una
1895 1639 1948 1682 et
1991 1630 2300 1682 communis

720 1731 803 1774 est
834 1723 1165 1784 humanitas,
1201 1721 1510 1790 hvpostasis
1540 1735 1670 1772 vero
1706 1721 1901 1773 Petrus
1929 1730 1983 1772 et
2016 1720 2216 1771 Paulus
2245 1727 2302 1771 ct

721 1823 932 1864 ceterae
969 1827 1233 1878 personat.
1265 1823 1314 1863 et
1350 1814 1714 1863 characteres.
1750 1811 1952 1862 Natura
1987 1812 2166 1876 itaque
2195 1811 2300 1861 do-

724 1904 868 1956 mina
907 1914 1008 1961 est.
1036 1914 1091 1954 et
1127 1918 1316 1966 causa,
1369 1913 1425 1954 et
1461 1904 1693 1967 genitrix
1747 1903 2130 1970 hypostaseon.
2179 1916 2301 1969 quae

723 1996 775 2046 in
809 2011 869 2047 ea
914 1997 1136 2057 insunt,
1196 2005 1358 2062 atque
1396 1995 1602 2047 idcirco
1649 1990 1967 2062 hypostases
2017 1993 2298 2058 dicuntur,

720 2087 846 2155 quia
889 2100 1094 2138 natane
1145 2101 1403 2152 tanquam
1450 2086 1584 2138 fonti
1622 2086 2013 2154 siibjiciuntur.
2062 2085 2118 2138 Si
2169 2100 2300 2155 ergo

721 2179 870 2230 dicas
899 2196 912 2230 :
945 2179 1087 2230 Bulla
1127 2188 1322 2230 natura
1359 2188 1441 2230 est
1479 2179 1719 2245 angelus.
1761 2187 1927 2230 totam
1973 2192 2166 2231 eorum
2211 2193 2300 2231 es-

719 2271 950 2320 sentiam
981 2268 1275 2336 signiﬁcas.
1326 2267 1379 2321 Si
1412 2283 1542 2321 vero
1575 2269 1725 2322 dii-as
1763 2285 1776 2318 :
1811 2269 2038 2337 Magnus
2068 2278 2153 2324 cst
2194 2268 2303 2323 Ga-

720 2362 890 2422 briel.
938 2377 1098 2413 uuam
1145 2378 1209 2415 ex
1261 2360 1519 2414 omnibus
1575 2362 1890 2432 hypostasin
1943 2363 2191 2417 denotas.
2244 2360 2299 2416 Si

717 2471 872 2516 vero,
925 2455 1273 2514 humanitas.
1327 2471 1454 2509 ecce
1511 2465 1678 2508 totam
1732 2457 2048 2509 essentiam.
2109 2455 2300 2508 Conon

719 2555 900 2598 autem
933 2555 986 2598 et
1017 2545 1202 2596 Sll'mll
1249 2545 1570 2614 hypostases
1595 2556 1741 2598 sunt.
1782 2545 2020 2599 Rursum
2048 2543 2093 2598 si
2127 2545 2299 2612 dicas,

719 2635 960 2686 volueris
999 2647 1256 2692 munra."
1299 2649 1419 2688 esse
1463 2637 1658 2692 levem.
1708 2649 1835 2690 ecce
1868 2636 2179 2688 universam
2209 2648 2304 2689 es-

721 2728 952 2780 sentiam
991 2726 1220 2788 indicas,
1260 2727 1303 2778 si
1341 2742 1471 2780 vero
1508 2727 1795 2789 columba,
1828 2727 1910 2780 vel
1964 2735 2169 2789 turtur,
2216 2727 2299 2780 vel

721 2819 952 2872 luscinia
987 2819 1093 2882 sit,
1126 2833 1252 2870 ecce
1286 2819 1366 2869 h'e
1402 2829 1528 2871 sunt
1576 2818 1917 2888 hypostases.
1946 2818 2057 2873 Nec
2089 2829 2300 2872 tantum

720 2912 775 2965 in
811 2914 1024 2964 ratione
1067 2912 1349 2965 intellectu
1375 2911 1668 2979 animaque
1696 2911 1939 2977 prasditis
1965 2909 2156 2963 eadem
2190 2911 2305 2965 haec

720 3003 906 3069 regula
942 3003 1119 3055 loc~m
1173 3001 1336 3054 habet
1363 3041 1376 3062 .
1427 3001 1520 3054 sed
1573 3003 1624 3054 in
1657 3003 1806 3055 omni
1852 3017 2071 3071 quoque
2105 3013 2301 3058 natura

719 3097 916 3148 animze
954 3106 1132 3147 illotus
1166 3103 1220 3147 et
1272 3110 1468 3147 sensus
1503 3103 1750 3162 experte.
1794 3094 1959 3148 Verbi
2005 3096 2175 3163 gratia
2204 3135 2218 3158 ,
2256 3095 2302 3148 si

1969 424 2265 484 NICETIE
2301 427 2708 489 CHUNIAT£

719 524 982 576 divinitas
1016 525 1179 578 homo
1211 525 1348 579 facta
1382 527 1473 593 sit,
1500 527 1586 582 vel
1614 527 1926 595 incantata,
1975 535 2057 585 vel
2113 536 2299 587 huma-
2329 545 2373 594 Α

3829 428 3972 492 I216

2993 538 3144 594 CAP.
3191 539 3377 594 XVIII.

3032 630 3108 683 De
3139 631 3343 684 habitu.

2474 717 2707 772 Habitus
2743 730 2828 774 est
2867 720 3124 774 universa
3164 728 3374 773 natura:
3410 719 3641 775 facultas
3685 722 3751 775 ad
3802 723 3985 792 quali-

2403 818 2568 863 tatem
2605 811 2795 876 relata,
2822 827 2926 880 qua
2953 811 3177 880 quidem
3211 809 3467 865 facultate
3504 811 3673 878 ipsam
3706 827 3734 864 a
3765 816 3984 869 αξιοι-ὴ

2400 903 2665 956 discernit
2693 913 2747 957 et
2789 913 3076 973 segregat,
3117 903 3580 974 quemadmodum
3616 903 3808 957 beatus
3851 905 3978 958 Dio-

2400 992 2589 1061 nysius
2626 993 2701 1046 ait
2731 993 2817 1046 his
2851 995 3066 1048 verbis:
3095 996 3391 1060 Curi-nptio
3421 995 3568 1048 enim
3602 1009 3696 1047 seu
3723 996 3984 1049 interitus

2400 1099 2648 1148 naturze,
2711 1085 3000 1141 inﬁrmitas
3058 1099 3141 1143 est
3215 1099 3269 1142 et
3325 1087 3576 1141 defectus
3647 1088 3984 1141 naturalium

2402 1176 2712 1241 habituum,
2748 1178 3026 1231 actionum
3068 1189 3124 1232 et
3154 1179 3496 1234 facultatum.

3013 1292 3164 1345 (ZAP.
3208 1293 3350 1348 XIX.

2524 1378 2601 1432 De
2624 1380 2916 1436 uoluntate.
2948 1380 3087 1446 Quid
3113 1386 3178 1435 sil
3203 1386 3466 1448 voluntas.
3498 1386 3562 1439 de
3583 1401 3814 1455 quonam
3833 1426 3848 1451 ,

2843 1463 2891 1504 οε
2921 1463 3043 1520 quot
3080 1455 3242 1507 modis
3277 1457 3506 1508 dicatur.

2472 1532 2737 1595 Voluntas
2787 1545 3010 1612 quidem
3058 1557 3146 1599 est
3196 1548 3450 1602 essentia:
3499 1549 3887 1604 intellectualis
3925 1556 3990 1603 et

2403 1631 2692 1686 rationalis
2727 1633 3065 1688 desiderium
3101 1636 3167 1689 ad
3197 1652 3312 1690 rem
3344 1641 3712 1707 concupitam.
3755 1641 3990 1694 Constat

2402 1723 2548 1774 enim
2599 1725 2865 1792 quidquid
2927 1727 3281 1794 intelligentia
3345 1732 3628 1797 preditum
3695 1739 3777 1784 est
3839 1731 3986 1784 idem

2405 1827 2622 1880 quoque
2654 1815 2793 1868 velle
2825 1830 3006 1884 posse.
3057 1815 3291 1886 Θὲλησις
3335 1819 3481 1872 enim
3529 1836 3623 1874 seu
3677 1822 3867 1874 volitio
3899 1829 3990 1874 est

2404 1903 2559 1968 quasi
2594 1904 2815 1970 quidam
2844 1906 2965 1959 l'ons
2985 1915 3040 1960 et
3073 1911 3228 1970 vita.’
3251 1925 3371 1977 qua:
3420 1913 3565 1964 enini
3603 1911 3855 1965 rationali
3889 1926 3991 1963 na-

2406 2000 2543 2057 tura:
2573 1995 2940 2050 essentialiter
2977 1999 3141 2052 inest.
3176 1999 3385 2053 Dicitur
3409 2011 3590 2056 autem
3621 2002 3835 2069 θέλημα
3884 2016 3986 2055 seu

2404 2084 2679 2149 voluntas,
2740 2089 2881 2140 κατὰ
2922 2087 2983 2140 τὸ
3013 2089 3159 2142 Θέειν
3190 2091 3310 2142 λίαν
3350 2091 3466 2159 ἅμα
3516 2096 3584 2160 τῇ
3644 2093 3805 2160 φύσει
3851 2095 3990 2161 πρὸς

2405 2177 2574 2246 αὐτὴν
2609 2178 2809 2244 λῆγον,
2847 2181 2948 2234 hoc
2979 2192 3065 2235 est
3107 2186 3236 2251 quia
3269 2193 3479 2237 natura:
3508 2185 3801 2239 admodum
3849 2199 3988 2238 con-

2404 2277 2608 2330 currat.
2644 2280 2700 2322 et
2736 2270 2788 2323 in
2818 2272 2932 2340 ipsa
2960 2274 3178 2328 tandem
3210 2274 3447 2328 desinat.
3472 2275 3744 2331 Caeterum
3789 2276 3990 2345 triplex

2404 2358 2790 2414 consideratur
2836 2364 3130 2429 voluntas,
3181 2367 3399 2430 divina,
3451 2369 3718 2437 angelica.
3767 2379 3823 2422 et
3863 2369 3993 2420 ani-

2405 2451 2583 2506 malis.
2613 2452 2894 2521 Siquidcm
2935 2465 3049 2510 tres
3092 2457 3174 2511 hae
3206 2467 3415 2512 natura;
3459 2468 3515 2511 et
3548 2460 3676 2513 sola:
3705 2459 3994 2512 voluntate

2404 2545 2646 2614 pmdita:
2699 2555 2850 2599 sunt.
2901 2547 3195 2617 Triplieem
3244 2551 3375 2604 item
3419 2551 3606 2603 divina
3657 2547 3877 2619 quoque
3933 2550 3991 2604 in

2404 2635 2690 2705 Scriptura
2739 2639 3074 2694 voluntatem
3119 2640 3321 2694 dictam
3363 2642 3869 2710 deprehendimus.
3905 2641 3994 2694 di-

2405 2727 2611 2789 vinam,
2646 2717 2949 2784 naturalem
2997 2746 3094 2784 seu
3140 2733 3375 2786 mediam
3402 2772 3417 2794 .
3453 2743 3511 2787 et
3563 2737 3841 2787 carnalem
3880 2742 3994 2787 ter-

2404 2819 2538 2873 tiam
2559 2857 2577 2883 ,
2605 2835 2713 2889 qua
2751 2822 2971 2890 quidem
3001 2823 3273 2878 diabolica
3305 2824 3667 2894 signiﬁcatur.
3712 2824 3994 2879 Naturalis

2405 2921 2588 2964 autem
2617 2913 2872 2965 voluntas
2899 2931 2928 2966 a
2958 2915 3066 2968 Deo
3097 2926 3280 2968 creata
3317 2916 3558 2968 hominis
3583 2925 3694 2978 est,
3724 2917 3989 2968 nimirmn

2407 3003 2622 3071 cupidze
2657 3006 2830 3072 partis
2863 3006 3063 3057 anima:
3102 3017 3282 3059 motus
3310 3007 3667 3075 inti-ltigentia
3703 3020 3991 3069 constans,

2407 3095 2502 3163 qui
2535 3095 2816 3149 hominem
2845 3105 3040 3149 natura
3092 3098 3159 3150 ad
3202 3112 3317 3151 rem
3349 3099 3698 3164 concupitam
3733 3098 3990 3165 impellit.

719 3190 966 3242 dicamus
995 3205 1008 3238 :
1042 3186 1191 3240 Fecit
1220 3187 1364 3240 Dens
1396 3187 1581 3240 lumen
1607 3228 1621 3250 ,
1669 3188 1982 3240 universam
2016 3188 2301 3242 stellarum
2332 3209 2376 3265 ο
2410 3185 2604 3238 Divina
2647 3201 2778 3238 vero
2810 3186 3064 3238 voluntas
3094 3187 3236 3252 apud
3289 3185 3540 3240 homines
3580 3195 3697 3249 est,
3745 3201 3871 3240 cum
3909 3187 3998 3239 in-

716 3281 1017 3334 ementiam
1062 3278 1482 3348 signiﬁcamus:
1520 3279 1565 3332 si
1616 3293 1746 3331 vero
1797 3280 1976 3332 solare
2017 3279 2176 3347 jubar
2217 3279 2300 3334 di-

717 3390 940 3435 camus,
983 3374 1284 3441 ipsnmmet
1330 3372 1500 3426 solem
1539 3372 1822 3425 innuimus
1880 3388 1892 3423 :
1941 3371 2305 3440 quemadmo-

719 3470 850 3521 dum
919 3478 972 3520 et
1036 3468 1252 3521 lunare.
1301 3473 1356 3518 et
1412 3476 1707 3517 astrorum.
1758 3463 1906 3516 Idem
1961 3477 2181 3532 quoque
2228 3463 2307 3518 ‘de

722 3560 919 3620 ventis,
953 3568 1009 3612 et
1058 3557 1124 3611 de
1158 3557 1297 3625 ignis
1338 3558 1574 3611 essentia
1621 3557 1807 3610 dicere
1858 3570 2154 3623 possumus
2177 3597 2190 3620 ,
2223 3570 2308 3609 se-

720 3665 919 3710 cantur
956 3656 1102 3708 enim
1160 3655 1212 3727 in
1263 3653 1567 3716 essentias,
1614 3652 1729 3705 sive
1765 3653 1818 3704 in
1863 3651 2175 3718 aquilonem
2203 3694 2217 3713 ,
2252 3650 2306 3703 in

722 3756 997 3810 austrum,
1033 3747 1087 3799 in
1139 3746 1368 3818 lyclmos
1405 3756 1461 3799 et
1494 3744 1793 3813 lampadas.
1828 3743 2014 3812 Itaque
2062 3755 2307 3806 sanctam

721 3839 927 3894 Christi
969 3854 1192 3893 carnem
1239 3836 1558 3908 hypostasin
1607 3851 1704 3890 seu
1753 3851 2044 3905 personam
2079 3851 2185 3888 non
2225 3835 2310 3888 di-

721 3935 925 3995 cimus,
953 3931 1048 3986 sed
1097 3921 1392 3984 essentiam
1419 3971 1434 3992 ,
1471 3942 1530 3981 ut
1562 3937 1732 3982 totam
1765 3938 2016 3980 naturam
2065 3936 2307 3980 nostram

722 4027 790 4078 ah
821 4026 914 4078 illo
944 4034 1281 4092 assumptam
1311 4032 1364 4075 et
1411 4031 1681 4075 servatam
1713 4022 1881 4074 fuisse
1914 4020 2308 4090 signiﬁcemus.

725 4116 781 4168 Si
834 4119 983 4168 enim
1032 4117 1204 4184 ipsam
1253 4113 1567 4182 hypostasin
1615 4110 1956 4174 dixerimus,
2007 4126 2174 4164 unum
2212 4111 2312 4164 ali-

722 4223 885 4278 quem
917 4208 1195 4261 hominem
1221 4207 1406 4259 dicere
1433 4202 1938 4271 deprchendemur.
1971 4203 2117 4273 quod
2149 4203 2313 4256 nimi-

724 4316 844 4353 rum
875 4299 1129 4354 Christus
1180 4298 1544 4366 assumpserit
1583 4304 1639 4347 et
1677 4293 1999 4349 servaverit.
2039 4293 2309 4349 (laterum

721 4409 790 4446 ne
823 4392 1135 4463 hypostasis
1159 4392 1380 4461 quidem
1429 4391 1538 4444 dici
1575 4397 1771 4458 potest.
1801 4398 2077 4458 quatenus
2106 4403 2235 4441 caro
2276 4402 2308 4441 a

723 4487 914 4540 divino
965 4485 1148 4539 Verbo
1198 4484 1444 4552 separari
1496 4483 1691 4550 nequit
1743 4498 1758 4535 :
1804 4481 2110 4550 hypostasis
2160 4480 2307 4533 enim

2409 3282 2573 3326 natus
2619 3272 3005 3326 intellectualis
3053 3275 3333 3340 appetitus
3370 3274 3438 3326 ad
3487 3289 3583 3334 ea.
3614 3291 3738 3344 qua
3783 3287 3998 3331 natura

2409 3363 2776 3425 conveniunt;
2804 3363 2873 3415 ab
2905 3362 3028 3416 aliis
3049 3378 3182 3430 qua
3212 3373 3422 3418 natura:
3461 3378 3768 3434 repugnant
3794 3356 4005 3435 prepe-I

2411 3462 2516 3509 rat.
2553 3451 2807 3507 Carnalis
2847 3452 3087 3522 denique
3133 3453 3382 3522 pathica.
3433 3468 3532 3508 seu
3565 3456 3999 3522 perturbationi-

2410 3539 2516 3600 bus
2563 3547 2930 3600 succumbens
2982 3546 3180 3601 animaa
3227 3547 3608 3614 pravaricatio
3674 3556 3759 3602 est
3812 3549 3882 3601 ab
3926 3564 3995 3602 eo

2411 3635 2557 3708 quod
2598 3645 2812 3691 natura:
2852 3636 3132 3699 convenit.
3174 3637 3244 3691 ad
3283 3636 3339 3692 id
3374 3637 3521 3706 quod
3571 3641 3783 3692 natura:
3834 3652 3998 3707 repta-

2412 3740 2563 3802 gnat.
3377 3777 3380 3781 λ

2484 3825 2748 3879 Voluntas
2810 3822 3121 3878 essentiahs
3160 3838 3226 3878 ea
3268 3831 3393 3888 est,
3445 3837 3568 3892 qua
3627 3823 3998 3877 communiter

2415 3921 2470 3975 in
2506 3928 2704 3972 natura
2733 3917 3009 3972 consimili
3051 3917 3214 3970 modo
3242 3916 3462 3970 videtur
3488 3956 3502 3980 .
3531 3917 3681 3986 quali
3726 3918 3998 3971 essentia-

2414 4009 2537 4066 Iiter
2575 4009 2790 4064 Domini
2835 4024 2969 4062 caro
3009 4009 3232 4076 prmdita
3267 4017 3387 4063 erat
3426 4023 3554 4062 cum
3600 4009 3738 4061 mori
3783 4009 3957 4062 nollet
3983 4049 3998 4073 .

2416 4113 2477 4158 ut
2509 4102 2680 4156 sancti
2718 4101 2905 4155 Patres
2954 4101 3162 4155 dicunt.
3201 4101 3256 4154 Si
3287 4101 3409 4154 talis
3437 4103 3694 4155 voluntas
3733 4104 3787 4154 in
3835 4101 4001 4156 Patre

2415 4204 2472 4252 ct
2513 4193 2720 4263 Spiritu
2763 4201 2956 4248 sancto
3004 4191 3357 4256 inveniatur,
3397 4208 3505 4246 una
3547 4207 3772 4261 prorsus
3815 4192 4002 4246 carnis

2416 4296 2468 4343 et
2504 4287 2808 4341 divinitatis
2835 4286 3029 4339 volitio
3058 4285 3245 4339 fuerit.
3295 4284 3576 4339 Naturalis
3607 4285 3861 4338 Voluntas
3902 4285 4004 4336 boy-

2420 4379 2605 4443 minis,
2644 4390 2702 4433 ut
2730 4379 2904 4433 sancti
2943 4377 3179 4433 Basilius
3203 4385 3259 4432 et
3285 4375 3526 4448 Cyrillus
3552 4386 3810 4430 auctores
3842 4387 3997 4439 sunt,

2416 4484 2501 4526 est
2541 4473 2656 4541 ipse
2712 4471 2838 4524 vita:
2889 4485 3066 4522 amor.
3119 4468 3280 4522 Omni
3334 4469 3482 4522 enim
3532 4468 3749 4520 homini
3787 4469 3897 4519 vita
3945 4479 4002 4521 et

716 4594 954 4647 persona
989 4587 1240 4646 separata
1288 4576 1514 4630 dicitur.
1550 4574 1670 4640 Quo
1707 4572 1784 4637 ﬁt,
1813 4582 1872 4626 ut
1901 4572 2304 4642 tsiihypostaton
2337 4565 2384 4624 Ι)
2412 4563 2550 4618 lucis
2581 4563 2769 4618 l’ruitio
2802 4562 2966 4615 chara
2995 4571 3100 4621 est.
3128 4574 3257 4614 ecce
3291 4559 3407 4612 hac
3452 4568 3537 4612 est
3567 4559 3878 4611 communis
3909 4573 4004 4610 vo-

722 4688 919 4741 tpsam,
949 4673 1001 4726 id
1035 4681 1151 4734 cst,
1191 4685 1290 4741 per
1322 4687 1380 4724 se
1412 4684 1630 4737 suaque
1655 4668 1706 4720 vi
1757 4659 2173 4728 subsistentem,
2200 4680 2308 4716 non

719 4778 905 4821 autem
944 4762 946 4764 ’
986 4764 1302 4836 hypostasin
1359 4762 1630 4816 dicanms.
1703 4760 2096 4812 Ἐνυπόστατον
2161 4757 2308 4812 enim

730 4863 791 4912 τὸ
833 4861 1083 4927 ὑπάρχον
1111 4857 1316 4911 dicitur
1343 4896 1358 4921 ,
1391 4856 1505 4909 sive
1537 4854 1611 4916 id,
1636 4851 1783 4922 quod
1814 4850 2065 4904 subsistit
2087 4867 2099 4902 :
2120 4864 2314 4918 quem-

716 4952 1020 5006 admodum
1101 4958 1295 5002 contra
1381 4945 1761 4998 ἀνυπόστατον
1825 4941 1877 4995 id
1936 4939 2085 5009 quod
2129 4940 2311 4994 subsi-

721 5045 922 5100 stentia
993 5043 1110 5096 sive
1179 5039 1421 5095 essentia
1485 5045 1656 5102 caret,
1724 5046 1786 5090 ut
1849 5033 2186 5118 insomnium
2254 5040 2312 5086 et

719 5137 960 5192 essentia
989 5145 1046 5188 et
1090 5132 1448 5188 subsistentia
1475 5141 1632 5186 caret
1671 5149 1686 5185 :
1718 5130 1926 5199 quippe
1952 5127 2101 5198 quod
2130 5141 2158 5184 a
2195 5127 2312 5180 sola

719 5229 1008 5300 phantasia
1035 5227 1366 5293 dependeat.
1399 5224 1826 5278 Ἀνυπόστατον.
1852 5230 1904 5275 el
1936 5219 2311 5288 ἀνυπάρκτον,

719 5333 778 5376 et
821 5321 1076 5375 ἁνούσιον
1109 5319 1162 5373 id
1207 5321 1385 5390 ipsum
1436 5327 1563 5380 est,
1612 5314 1761 5384 quod
1806 5313 2037 5366 verbum
2089 5310 2311 5380 quidem

718 5432 865 5481 θωνα
919 5414 1220 5484 profertur,
1247 5412 1393 5467 nulla
1426 5421 1606 5462 tamen
1647 5408 1701 5461 in
1736 5405 1976 5462 essentia
2017 5404 2100 5458 vel
2143 5405 2312 5476 hypo-

723 5506 854 5562 stasi
914 5507 1299 5572 dignoscitur;
1337 5510 1398 5556 ut
1438 5513 1628 5563 Iners,
1687 5498 1960 5553 infernus.
2033 5497 2314 5552 Ἐνούσιον

717 5610 910 5654 contra
954 5599 1191 5662 dicimus
1237 5598 1322 5650 vel
1373 5595 1425 5648 id
1471 5597 1648 5662 ipsum
1683 5591 1830 5661 quod
1885 5600 2004 5656 est,
2053 5591 2139 5644 vel
2186 5605 2316 5659 pro-

729 5695 1012 5764 prietatem
1039 5734 1054 5758 ,
1093 5707 1218 5762 qua:
1247 5695 1305 5745 in
1332 5691 1575 5746 essentia
1608 5687 1907 5742 innotescit
1929 5726 1945 5750 ,
1994 5693 2052 5738 ut
2095 5685 2312 5755 ingeni-
2340 5718 2343 5723 ς

725 5802 839 5844 tum
872 5791 926 5844 in
964 5789 1076 5843 Deo
1112 5788 1309 5850 Patre,
1343 5785 1586 5855 genitum
1631 5783 1685 5836 in
1721 5781 1859 5835 Filio
1883 5819 1898 5845 ,
1930 5779 2212 5850 processio
2256 5779 2311 5833 in

723 5884 936 5955 Spiritu
962 5890 1174 5946 sancto,
1208 5887 1266 5932 ut
1292 5891 1456 5948 supra
1489 5875 1696 5930 dictum
1728 5883 1828 5929 est.

2415 4659 2613 4711 Iunias.
2664 4656 2940 4712 Gnomieaa
2982 4669 3186 4724 porro,
3238 4668 3335 4707 seu
3387 4652 3627 4706 scientes
3690 4652 4005 4705 voluntates

2414 4750 2468 4804 in
2519 4760 2710 4803 nostra
2765 4758 2961 4802 natura
3013 4747 3200 4800 multa:
3249 4755 3397 4808 sunt,
3449 4746 3590 4798 alius
3639 4745 3786 4798 enim
3837 4745 4005 4798 homo

2413 4843 2668 4915 privatim
2721 4856 2904 4896 secum
2960 4854 3122 4910 agere
3157 4841 3294 4901 vult,
3326 4838 3470 4892 alius
3519 4835 3792 4892 aediﬁcare
3815 4877 3830 4895 .
3863 4836 4004 4888 alios

2413 4952 2572 4990 arare
2597 4976 2611 5000 ,
2645 4935 2789 4988 alius
2815 4933 3093 5000 navigare,
3128 4942 3184 4987 et
3210 4933 3393 4986 caeteri
3418 4929 3783 4985 Consimiliter
3811 4929 4003 4981 multis

2412 5029 2680 5100 gnomicis
2731 5028 3110 5082 voluntatibus
3143 5041 3240 5080 seu
3295 5023 3608 5094 spontinis,
3663 5038 3770 5075 una
3813 5031 4002 5076 autem

2414 5119 2693 5185 naturali,
2737 5119 2842 5173 hoc
2891 5127 2975 5172 est
3007 5117 3226 5170 vivendi
3267 5114 3606 5188 cupiditate,
3653 5112 3870 5182 praediti
3907 5127 4001 5166 su-

2414 5233 2557 5271 mus.
2597 5215 2706 5269 Nec
2739 5229 2872 5268 vero
2900 5212 3101 5267 frustra
3127 5221 3234 5270 est.
3267 5208 3414 5278 quod
3439 5207 3648 5262 homini
3681 5207 3848 5262 chara
3895 5206 4001 5259 vita

2412 5317 2520 5370 est,
2573 5306 2684 5359 imo
2732 5315 2929 5358 natura
2970 5301 3316 5370 unumjllnd
3347 5300 3694 5370 signiﬁcans.
3743 5301 3889 5365 quod
3934 5299 4002 5354 ab

2417 5401 2578 5455 initio
2611 5399 2849 5455 habebat
2878 5403 3027 5467 (nata
3067 5396 3214 5451 enim
3259 5403 3344 5450 est
3379 5393 3445 5448 ad
3485 5393 3999 5452 immortalitateml.

2417 5497 2597 5564 ipsum
2629 5493 2825 5561 diligit,
2855 5503 2912 5547 et
2955 5499 3123 5544 amat.
3175 5489 3367 5542 Divina
3415 5486 3693 5542 voluntas.
3748 5486 4002 5538 mandata

2416 5587 2512 5642 Dei
2539 5593 2687 5639 sunt.
2723 5581 3003 5638 Naturalis
3045 5580 3300 5634 voluntas
3351 5587 3565 5632 natura
3611 5576 3824 5630 ratione
3869 5591 4005 5645 pne-

2417 5681 2531 5734 dita
2561 5677 2701 5732 nihil
2735 5676 2884 5731 aliud
2917 5683 3038 5739 est,
3069 5690 3232 5743 quam
3266 5671 3467 5727 divinat
3515 5670 3652 5741 legis
3697 5670 4004 5724 evsecutio.

2421 5772 2688 5825 Voluntas
2721 5768 2957 5823 cat-nalis
2996 5766 3131 5821 nihil
3177 5766 3363 5827 aliud.
3401 5779 3567 5834 quam
3620 5762 3818 5819 divina!
3869 5762 4004 5832 legis

2415 5873 2795 5935 contemptus.
