4274 6382
267 448 403 512 ιῖΠ

890 554 1041 611 CAP.
1088 553 1206 611 XX.

266 650 403 719 Quid
440 649 767 721 ριόριςὶειιιε,Δ
790 645 851 699 de
882 664 1109 721 quonam
1136 648 1366 721 dicatur,
1390 656 1452 721 et
1480 654 1607 721 quot
1640 647 1827 702 modis.

533 674 534 687 ι
575 666 756 708 rmas,
790 666 851 699 ac
882 666 1109 716 quonam
1136 666 1366 708 aicawr.
1403 666 1452 700 et
1480 666 1549 717 qu

533 666 711 790 (Quid
748 717 1060 786 [typostasis,
1094 718 1219 782 quid
1254 717 1549 789 uccidms.]

347 831 603 900 Ἰδιωμα,
657 843 751 882 seu
801 829 1106 899 proprietas
1159 831 1385 896 dicitur,
1421 835 1563 886 κατὰ
1611 833 1672 886 τὸ
1729 832 1831 884 ista

264 918 403 975 εἶναι
432 924 550 990 ἅμα.
577 923 641 985 τῆ
672 922 777 993 ἰδίᾳ
807 922 997 989 φύσει,
1021 922 1217 990 ἀμιγὲς
1244 924 1351 976 τῶν
1384 925 1587 977 λοιπῶν
1631 924 1830 977 οὐσιῶν

266 1011 532 1079 ὕπαρχον,
566 1011 667 1065 hoc
695 1022 778 1065 est
810 1012 937 1080 quia
969 1014 1217 1081 privatim
1259 1017 1493 1084 promite
1519 1024 1729 1070 naturte
1758 1016 1828 1070 ita

268 1102 438 1163 insit,
472 1112 530 1155 ut
559 1119 679 1156 rum
711 1103 921 1157 cwtcris
949 1107 1205 1159 essentiis
1236 1107 1454 1160 misceri
1491 1124 1598 1160 non
1638 1109 1826 1177 possit.

269 1191 674 1260 (Proprietates
718 1194 863 1249 enim
915 1210 943 1248 a
980 1198 1193 1251 naturis
1230 1207 1284 1252 et
1330 1199 1712 1268 hypostasibus
1748 1216 1831 1253 se-

267 1284 443 1350 parari
496 1300 604 1336 non
659 1290 941 1352 possunt)
994 1290 1108 1343 sive
1159 1291 1461 1358 preprictas
1511 1293 1560 1344 id
1612 1292 1829 1362 proprie

264 1383 349 1427 est
373 1413 386 1436 ,
421 1374 564 1443 quod
597 1375 777 1444 aliqua
822 1377 877 1451 in
914 1387 1104 1432 natura
1143 1381 1398 1448 privatim
1456 1386 1828 1452 cognoscitur,

269 1462 325 1514 in
380 1462 481 1514 alia
531 1478 664 1516 vero
709 1478 817 1517 non
873 1466 1195 1521 invenitur:
1231 1477 1288 1521 ut
1337 1472 1481 1523 verbi
1535 1474 1726 1541 gratia,
1777 1473 1829 1525 in

269 1560 461 1605 natura
492 1551 673 1605 divina
716 1554 768 1607 id
800 1557 944 1623 quod
978 1564 1104 1610 ante
1140 1559 1333 1612 Sa'cula
1358 1601 1372 1624 ,
1402 1561 1701 1615 increaturn
1729 1604 1741 1625 ,
1777 1574 1831 1617 et

266 1642 841 1711 incircumscriptibile
863 1655 965 1708 est,
992 1663 1113 1714 qua:
1143 1651 1362 1716 quidem
1398 1652 1489 1704 alii
1525 1654 1829 1721 cuicunque

267 1730 518 1783 essentia:
561 1746 668 1784 non
709 1733 928 1796 insunt,
960 1750 1026 1787 ne
1073 1737 1172 1803 ipsi
1217 1739 1439 1807 quidem
1490 1745 1830 1798 sanctissimo

267 1816 469 1871 Christi
500 1822 756 1889 corpori,
797 1838 898 1877 nec
937 1827 1081 1879 enim
1117 1839 1243 1881 ante
1277 1831 1474 1883 saecula
1500 1843 1613 1896 est,
1652 1850 1828 1904 neque

271 1911 572 1964 iucreatum
616 1950 630 1973 ,
689 1928 862 1980 neque
922 1914 1487 1986 incircumsriptihile.
1562 1894 1830 1992 Angelius
1864 1894 1903 1948 Β

271 2008 478 2052 naturae
520 2002 824 2068 prOprietas
877 2006 1113 2058 essentia
1151 2015 1235 2060 est
1283 2008 1602 2077 impatibilis
1645 2051 1661 2076 ,
1710 2029 1830 2081 quae

271 2086 375 2139 sibi
429 2102 457 2137 a
493 2088 746 2143 laudibus
780 2092 890 2144 Deo
929 2095 1189 2149 canendis
1234 2098 1510 2152 silentium
1565 2102 1833 2170 imperare

272 2192 382 2230 non
422 2189 621 2246 potest.
673 2181 974 2249 ltnpatibile
1021 2201 1181 2253 porro
1230 2188 1282 2240 in
1327 2189 1394 2243 iis
1429 2191 1479 2243 id
1514 2192 1655 2254 dixi,
1690 2194 1833 2261 quod

272 2268 577 2323 immortale
605 2278 707 2323 est.
754 2272 1035 2341 l’rOprium
1070 2276 1309 2331 hominis
1360 2279 1413 2332 id
1460 2284 1680 2350 prOprie
1711 2293 1832 2349 est,

270 2358 415 2427 quod
449 2374 514 2413 ex
556 2363 773 2416 mortali
811 2374 865 2416 et
903 2365 1197 2419 immortali
1233 2380 1423 2424 natura
1454 2383 1696 2440 constat,
1734 2390 1835 2429 nec

272 2446 329 2498 in
364 2447 468 2501 alia
504 2450 615 2502 ulla
655 2452 894 2505 essentia
946 2456 1317 2522 cegnoscitur.
1376 2459 1656 2517 Naturales
1704 2480 1832 2532 pro-

273 2537 531 2604 prietates
573 2554 651 2593 ea:
692 2551 839 2607 sunt,
888 2559 1024 2613 quas
1064 2548 1174 2615 jam
1230 2550 1338 2603 dixi
1379 2569 1390 2604 :
1435 2566 1562 2606 sunt
1602 2571 1732 2608 vero
1781 2566 1836 2611 ει

273 2624 650 2695 hypostaticae,
690 2642 747 2683 ut
771 2632 985 2698 albedo,
1019 2637 1252 2703 sitnitas,
1301 2641 1606 2711 longitudo,
1638 2645 1835 2700 decur-

278 2717 431 2778 tatio,
484 2720 752 2785 viriditas,
793 2726 1144 2791 truculentia,
1175 2739 1230 2783 et
1290 2743 1483 2784 caetera
1538 2734 1589 2788 id
1640 2752 1831 2805 genus,

279 2822 400 2874 quae
437 2811 691 2864 omnibus
727 2813 780 2866 itt
831 2814 1145 2871 hominibus
1185 2819 1326 2873 haud
1363 2822 1524 2875 simili
1557 2825 1718 2877 modo
1757 2840 1835 2879 re-

275 2897 606 2961 periuntur,
661 2915 761 2953 nec
802 2904 947 2955 enim
997 2920 1189 2959 omnes
1229 2918 1357 2961 sunt
1403 2911 1610 2965 similes
1662 2931 1676 2967 :
1728 2930 1836 2968 non

279 2999 466 3039 omnes
498 2998 626 3041 sunt
654 2994 967 3057 truculenti,
1016 3010 1125 3049 non
1168 3012 1361 3053 omnes
1390 3000 1533 3055 flavi.
1584 3004 1735 3059 Unde
1780 3006 1839 3061 fit

276 3073 464 3163 etiam,
507 3086 564 3128 ut
612 3077 919 3151 hypostasin
972 3086 1217 3138 nonnulli
1270 3090 1539 3156 privatum
1590 3105 1645 3147 et
1673 3112 1839 3163 pecu-

1496 444 1893 507 THESAURI
1937 444 2083 504 LIB.
2126 440 2251 502 Ill.

1863 564 1904 618 Α
1937 562 2051 607 tum
2098 565 2290 607 eorum
2354 562 2474 618 quae
2524 547 2779 610 mobilia,
2827 546 3067 601 volatum
3124 560 3314 601 eorum
3376 565 3500 617 qua:

3362 436 3502 503 12I8

1930 643 2197 705 volatilia,
2254 640 2590 693 uatationem
2647 652 2838 692 eorum
2913 654 3021 707 qua
3075 639 3359 703 natatilia,
3414 656 3501 693 re-

1934 736 2180 806 ptionem
2210 746 2398 786 eorum
2431 745 2553 801 quae
2581 729 2817 798 reptil‘a,
2841 729 3293 783 llluminationem
3308 744 3499 783 eorum

1931 842 2053 895 qua:
2116 823 2410 878 illuminari
2460 834 2706 893 possunt.
2745 823 2980 876 calorem
3026 839 3219 877 eorum
3260 839 3383 893 qua:
3415 839 3504 877 ca-

1930 916 2064 977 lida,
2110 915 2313 967 fluxum
2357 930 2551 968 eorum
2609 929 2728 981 quae
2769 912 2941 978 ﬂuxa,
2978 915 3496 983 contemplationem

1931 1020 2163 1068 eorum,
2235 1020 2353 1073 quae
2411 1003 2855 1071 contemplatiOni
2922 1012 3140 1071 patent,
3192 1005 3503 1073 generatio-

1936 1111 2059 1149 nem
2114 1111 2304 1149 eorum
2359 1111 2480 1164 qua:
2511 1095 2845 1163 generatioui
2891 1094 3125 1148 obnoxia
3185 1107 3331 1156 sunt,
3378 1110 3502 1149 esse

1932 1187 2195 1249 dicimus,
2232 1195 2416 1255 atque,
2470 1198 2529 1240 ut
2570 1187 2624 1239 in
2658 1186 2974 1238 universum
3033 1186 3243 1248 dicam,
3284 1186 3493 1239 nuliius

1933 1294 2039 1331 non
2091 1288 2301 1332 natura:
2330 1276 2653 1347 signiﬁcatio
2683 1288 2737 1329 et
2781 1276 3162 1329 determinatio
3195 1292 3224 1330 a
3265 1276 3501 1331 naturali

1934 1368 2049 1437 ejus
2084 1368 2297 1420 actione
2325 1367 2699 1428 constituitur,
2731 1382 2837 1434 qtta
2864 1366 3097 1424 sublata,
3132 1380 3353 1433 prorsus
3386 1368 3500 1435 ipsa

1932 1473 2151 1527 quoque
2192 1465 2385 1510 natura
2437 1457 2754 1525 depcrditnr
2782 1465 2836 1508 et
2883 1456 3086 1507 interit.
3143 1455 3368 1508 Sublato
3408 1471 3503 1507 ca-

1933 1549 2070 1612 lore,
2106 1549 2246 1616 ignis
2279 1550 2665 1618 exstinguitur,
2694 1548 2912 1600 sublato
2938 1548 3235 1608 intellectu,
3267 1563 3345 1599 eae
3372 1560 3508 1614 quo-

1933 1658 2040 1712 que
2072 1653 2251 1711 partes
2278 1642 2473 1695 anima:
2520 1642 2808 1699 tolluntur,
2846 1657 2965 1709 qnzc
2997 1640 3273 1694 intellectu
3319 1650 3373 1694 ot
3412 1656 3499 1693 ra—

1934 1736 2079 1786 tione
2131 1733 2369 1802 praedita:
2409 1743 2567 1795 sunt,
2622 1745 2769 1786 motu
2824 1732 2950 1785 item
2982 1733 3231 1783 animalis
3265 1732 3500 1796 sublato,

1934 1825 2256 1893 dcprrdilur
2290 1825 2510 1877 attimal.
2546 1824 2729 1893 anue
2760 1823 2826 1875 dc
2858 1838 3020 1876 causa
3049 1838 3183 1874 ultas
3205 1824 3256 1874 in
3282 1822 3500 1875 Christo

1936 1919 2243 1970 voluntates
2287 1926 2341 1969 et
2375 1917 2619 1969 actiones
2685 1915 2957 1978 dicimus,
3005 1930 3073 1967 ne
3143 1914 3498 1967 inanimatam

1934 2024 2151 2075 corpus,
2189 2007 2532 2073 animamque.
2561 2005 2786 2056 rationis
2820 2014 3103 2070 expertem
3147 2005 3198 2055 in
3229 2004 3344 2070 ipso
3377 2018 3510 2055 con-

1938 2098 2206 2149 fiteantur.
2253 2095 2488 2149 Animati
2534 2095 2680 2147 enim
2712 2096 2959 2161 corporis
2996 2093 3136 2146 actio
3189 2092 3505 2145 deambula-

1938 2187 2080 2240 tione
2119 2197 2171 2238 ct
2206 2188 2521 2251 operatione
2561 2198 2576 2235 :
2609 2186 2886 2238 rationalis
2936 2193 3115 2237 autem
3144 2184 3338 2237 anima:
3365 2184 3507 2237 actio

1934 2280 2260 2345 cognatione
2291 2279 2425 2345 ,ipsa
2455 2277 2734 2339 delinitur,
2766 2291 2870 2344 qua
2914 2275 3181 2338 volumus,
3213 2275 3507 2327 ratiOcina-

1935 2388 2077 2433 tnur,
2109 2382 2160 2423 ct
2188 2370 2583 2424 consultamus.

2004 2463 2113 2514 Nec
2151 2462 2204 2513 in
2235 2462 2491 2512 animatis
2521 2468 2575 2510 et
2607 2457 2899 2510 tnobiLbus
2934 2463 3166 2517 tantum,
3214 2454 3306 2507 sed
3343 2454 3395 2506 in
3442 2454 3507 2508 iis

1935 2551 2132 2613 etiam,
2197 2566 2321 2617 qua:
2377 2547 2558 2600 anima
2616 2556 2874 2614 motuque
2940 2555 3157 2607 carent,
3231 2546 3509 2597 naturales

1936 2643 2175 2695 actiones
2206 2639 2537 2707 deprehendi
2578 2646 2823 2705 possunt,
2855 2648 2908 2688 ut
2948 2638 2999 2688 ιιι
3035 2636 3367 2688 scammonia
3411 2652 3505 2702 pa-

1938 2739 2033 2791 tet,
2066 2739 2121 2783 ct
2150 2728 2361 2782 caeteris
2394 2728 2816 2794 expurganttbus
2862 2725 3199 2791 pharmacis,
3232 2740 3351 2791 que
3382 2725 3508 2791 qui-

1936 2823 2058 2873 dem
2090 2818 2390 2872 evacuandi
2441 2820 2752 2869 facultatem
2789 2817 2989 2867 habent
3016 2830 3028 2865 :
3064 2827 3192 2868 ttem
3221 2825 3505 2882 argentum

1938 2912 2119 2963 vivum
2152 2910 2338 2963 lethali
2371 2907 2588 2961 actione
2637 2907 2925 2976 praeditum
2955 2922 2969 2960 :
3025 2916 3077 2958 et
3105 2911 3281 2960 cicuta
3329 2908 3512 2960 consi-

1938 3005 2158 3066 militer,
2194 3018 2298 3071 qua
2330 3004 2536 3055 nullum
2585 3002 2653 3053 ad
2705 3010 2934 3052 mortem
2981 2999 3323 3052 inferendam
3363 3015 3504 3068 prae-

1940 3094 2149 3147 sentius
2180 3108 2446 3145 venenum
2478 3102 2582 3145 est.

276 3160 467 3260 liarem
502 3165 1062 3225 characteristicarum
1108 3191 1203 3227 seu
1249 3179 1657 3245 ligurativarum
1707 3202 1834 3255 pro.
1868 3220 1911 3278 ο
2012 3184 2168 3237 Nulla
2196 3199 2325 3236 vero
2371 3198 2475 3235 non
2531 3181 2893 3235 admiratione
2951 3181 3172 3250 dignum
3207 3188 3310 3244 est,
3360 3181 3507 3250 quod

278 3250 609 3318 prietatutn,
667 3270 801 3323 quas
857 3261 1114 3326 praedixi,
1175 3280 1507 3323 concursum
1554 3250 1837 3332 deliniant.

277 3339 566 3395 Naturales
614 3355 794 3398 autem
851 3354 1218 3417 proprietates
1261 3372 1327 3409 ex
1371 3375 1527 3429 aequo
1580 3364 1632 3417 in
1690 3369 1838 3421 onmi

278 3446 477 3499 genere
507 3436 860 3491 consimiliter
895 3438 1272 3512 inveniuntur,
1320 3460 1380 3503 ut
1429 3468 1618 3508 omnes
1663 3455 1839 3510 homi-

279 3539 378 3578 nes
423 3528 696 3589 mortales,
747 3530 1014 3586 consimili
1060 3538 1223 3590 modo
1272 3541 1435 3594 morti
1473 3546 1717 3609 obnoxii,
1750 3564 1837 3601 ra-

285 3615 469 3677 tionis,
506 3619 909 3687 respirationis,
936 3626 1109 3678 somni
1134 3637 1188 3679 et
1210 3631 1593 3688 ambulationis
1618 3641 1839 3705 partici-

280 3719 379 3773 pes
423 3718 573 3770 sunt,
625 3722 814 3762 omnes
858 3711 983 3765 latis
1037 3720 1310 3783 unguibus
1353 3724 1602 3789 prmditi,
1649 3741 1839 3783 omnes

280 3794 517 3863 denique
584 3795 967 3864 agriculturae,
1042 3804 1318 3861 artibusve
1394 3814 1603 3867 cwteris
1668 3817 1834 3872 dediti

279 3895 425 3939 sunt.

894 4010 1046 4065 CAP.
1088 4011 1229 4065 XXI.

807 4096 943 4162 Quid
974 4100 1055 4151 aid
1081 4104 1338 4155 accidens.

354 4206 622 4261 Accidens
644 4207 864 4275 dicitur,
914 4212 965 4264 id
1014 4214 1159 4280 quod
1205 4215 1359 4270 adest
1414 4218 1498 4272 vel
1543 4221 1734 4286 abest,
1782 4236 1840 4280 ut

285 4296 514 4350 infantia
568 4308 624 4352 et
683 4299 836 4354 adest
876 4312 930 4355 et
986 4303 1142 4358 abest
1204 4306 1558 4375 perfectionis
1608 4315 1836 4371 ratione.

280 4386 564 4441 Consitnili
601 4390 762 4442 modo
802 4391 1008 4445 sanitas
1049 4408 1266 4464 quoque
1307 4408 1549 4455 mutatur
1578 4412 1636 4457 et
1691 4420 1841 4459 mor-

282 4482 406 4545 bus,
442 4491 499 4534 et
546 4484 717 4546 calor,
749 4494 804 4538 et
835 4488 1071 4550 siccitas,
1103 4499 1266 4557 atque
1307 4502 1366 4545 ut
1397 4509 1504 4549 uno
1543 4499 1711 4551 verbo
1747 4500 1845 4553 ab—

283 4574 488 4625 solvam
539 4574 803 4642 quidquid
836 4579 1164 4632 commutari
1204 4589 1403 4649 potest,
1437 4584 1491 4640 id
1544 4589 1845 4645 accidentis

284 4664 507 4716 nomine
542 4665 921 4733 signiﬁcatum.

893 4778 1045 4837 CAP.
1079 4780 1241 4837 XXII.

709 4870 785 4925 De
814 4876 1047 4943 energia,
1079 4893 1169 4930 seu
1201 4882 1422 4938 actione.

357 4982 588 5052 Energia
637 4982 841 5053 itaque,
876 4998 971 5038 seu
1028 4987 1193 5050 actio,
1247 4999 1310 5045 ut
1359 5008 1580 5053 sanctus
1638 5001 1847 5073 Grego-

284 5077 404 5129 rius
461 5076 737 5145 Nyssenus
791 5075 1002 5144 inquit,
1051 5082 1313 5136 naturalis
1367 5095 1451 5139 est
1506 5091 1843 5159 singularum

283 5167 647 5222 essentiarum
710 5164 938 5221 facultas
980 5177 1034 5221 et
1084 5176 1301 5235 motus,
1363 5176 1520 5244 cujus
1574 5195 1743 5234 unum
1790 5185 1842 5238 id

285 5274 482 5327 expers
515 5268 618 5315 εει.
652 5256 797 5323 quod
832 5256 885 5309 in
921 5273 1103 5311 rerum
1143 5269 1337 5315 natura
1374 5281 1478 5319 non
1532 5280 1634 5322 est.
1689 5272 1843 5338 Quod

286 5352 433 5405 enim
466 5348 716 5402 essentia:
746 5347 971 5416 alicujus
1009 5351 1280 5420 particeps
1296 5362 1398 5417 est,
1426 5361 1653 5413 omnino
1670 5367 1843 5417 actio-

287 5443 375 5496 nis
420 5440 581 5493 etiam
637 5439 783 5493 illam
831 5438 1166 5508 designantis
1210 5446 1483 5514 particeps
1522 5450 1647 5504 erit.
1710 5454 1844 5509 Vera

284 5532 555 5601 siquidem
589 5532 800 5584 ratione
840 5531 1182 5595 instruimttr,
1218 5538 1581 5592 essentiarum
1626 5541 1759 5598 fines
1793 5548 1843 5599 in

287 5624 434 5677 veris
478 5636 668 5676 earum
725 5621 1034 5675 actionibus
1068 5622 1390 5689 consistere,
1431 5629 1842 5699 intelligentiam

285 5724 469 5768 autem
508 5726 697 5765 eorum
731 5726 852 5780 qua:
889 5713 1169 5767 intellectu
1227 5716 1449 5783 praedita
1501 5730 1628 5775 sunt
1668 5727 1843 5779 actio-

290 5820 413 5858 netn
445 5818 585 5868 esse,
623 5813 680 5857 ut
716 5816 936 5858 sensum
968 5816 1159 5857 eorum
1207 5820 1328 5873 quae
1365 5809 1664 5877 sensibilia,
1724 5830 1841 5870 mo-

1946 3277 2183 3330 divcrsae
2239 3275 2485 3345 quaedam
2538 3285 2745 3327 naturae
2787 3275 3107 3342 plerumque
3164 3275 3505 3328 naturalibus

1942 3367 2256 3421 aetionibus
2305 3366 2549 3434 privatae,
2601 3366 2733 3416 altas
2770 3366 3016 3417 actiones
3051 3366 3281 3432 pariant.
3322 3375 3379 3417 ut
3424 3367 3505 3418 la-

1940 3459 2023 3527 pis
2057 3458 2253 3511 ardens
2286 3458 2498 3508 actione
2528 3452 2720 3524 frigida
2750 3458 3012 3523 privatur.
3049 3459 3167 3509 calx
3200 3459 3346 3509 enim
3382 3459 3502 3511 viva

1940 3548 2078 3601 facta
2096 3548 2203 3598 vim
2217 3560 2503 3614 corporum
2522 3545 2824 3597 adustivam
2856 3547 2958 3598 sibi
2986 3560 3284 3614 comparat,
3313 3563 3475 3615 quem

1942 3640 2233 3693 admodum
2276 3640 2469 3690 cedrus
2513 3652 2729 3705 quoque
2780 3637 2977 3690 ardens
3032 3640 3244 3691 actione
3279 3643 3500 3706 quidem

1943 3728 2177 3784 naturali
2224 3736 2279 3781 et
2330 3731 2655 3795 vegetativa,
2708 3734 2763 3779 et
2825 3726 3179 3794 germinativa
3232 3739 3499 3794 privatur,

1941 3824 2211 3878 actionem
2238 3838 2366 3875 vero
2398 3838 2490 3873 seu
2520 3820 2828 3872 facultatem
2858 3821 3177 3883 sauativam,
3211 3830 3267 3873 et
3296 3821 3500 3874 vermi-

1940 3909 2043 3963 bus
2072 3909 2343 3961 exitialcm
2380 3908 2580 3959 emittit
2636 3922 2757 3974 quae
2795 3908 3011 3960 ccdrata
3041 3909 3263 3961 dicitur.

2536 4025 2688 4078 CAP.
2723 4024 2913 4078 XXIII.

2070 4116 2383 4186 Conjunctio
2409 4116 2532 4186 quid
2559 4124 2655 4189 est,
2689 4133 2921 4183 quanam
2949 4116 3011 4169 de
3040 4132 3114 4182 re,
3150 4125 3378 4189 quotque

2501 4188 2667 4237 modis
2711 4189 2937 4237 dicatur.

2011 4275 2341 4345 Conjunctio
2380 4276 2517 4329 nihil
2561 4276 2705 4329 aliud
2736 4286 2839 4340 est,
2886 4293 3047 4346 quam
3091 4278 3372 4336 familiaris
3421 4281 3505 4335 di-

1944 4369 2205 4422 stantium
2242 4384 2423 4421 rerum
2455 4383 2776 4422 concursus.
2809 4369 2854 4421 A
2882 4367 3080 4424 Graecis
3106 4380 3285 4425 autem
3316 4372 3507 4436 ἒνωσις

1945 4456 2172 4520 dicitur,
2212 4458 2300 4509 διὰ
2338 4457 2397 4508 τὸ
2438 4459 2513 4516 εἰς
2542 4457 2598 4508 ἓν
2624 4451 2795 4519 ὦσαι,
2828 4465 3076 4510 τουτέστι
3106 4460 3410 4528 συνωτῆσξιι
3440 4463 3510 4513 τὰ

1880 4539 1922 4592 D
1952 4550 2272 4617 πράγματα,
2307 4548 2408 4601 hoc
2437 4548 2666 4615 estquia
2703 4548 2757 4600 in
2788 4564 2954 4601 unum
2986 4564 3072 4603 res
3100 4560 3255 4620 cogat
3278 4563 3333 4605 et
3356 4567 3479 4605 com

1950 4640 2132 4710 pellat.
2166 4638 2436 4693 Craterum
2470 4640 2782 4708 conjunctio
2811 4641 3135 4710 quintuplex
3167 4653 3271 4707 est,
3317 4644 3510 4697 confu-

1948 4730 2082 4793 siva,
2152 4737 2211 4781 ut
2263 4728 2371 4780 vini
2418 4738 2471 4781 et
2516 4743 2708 4796 aqum:
2752 4729 3017 4796 divisiva,
3063 4740 3121 4784 ut
3167 4732 3400 4787 hominis
3441 4734 3509 4787 ad

1950 4820 2269 4874 hominem:
2324 4819 2649 4881 habitualis,
2705 4828 2763 4872 ut
2802 4835 3017 4874 aurum.
3071 4821 3274 4877 Christi
3323 4834 3506 4878 autem

1950 4912 2261 4982 conjunctio
2298 4924 2461 4977 super
2490 4907 2588 4961 has
2629 4923 2818 4964 omnes
2867 4909 3201 4980 hypostatica
3233 4928 3328 4967 seu
3386 4931 3513 4983 per-

1950 5002 2153 5055 sonalis
2191 5000 2410 5053 dicitur.

2020 5091 2364 5161 Hypostatica
2392 5102 2552 5157 porro
2581 5088 2895 5157 conjunctio
2920 5104 3221 5147 concursus
3249 5093 3341 5148 ille
3368 5095 3508 5149 dua-

1950 5199 2069 5235 rum
2119 5192 2434 5235 naturarum
2466 5180 2588 5241 fuit,
2624 5179 2714 5247 qui
2757 5195 2851 5248 per
2889 5196 2946 5235 se
2973 5198 3180 5252 suaque
3210 5186 3261 5238 vi
3305 5186 3360 5240 in
3408 5189 3504 5244 Dei

1949 5274 2240 5328 Cenitricis
2276 5286 2435 5328 utero
2461 5276 2579 5329 fuit.

2019 5366 2205 5434 Neque
2235 5367 2379 5418 enim
2409 5383 2608 5438 corpus
2662 5379 2788 5424 ante
2818 5370 2909 5423 Dei
2952 5369 3189 5423 Verbum
3240 5368 3506 5433 substitit,
3539 5413 3547 5422 ι

1948 5472 2125 5525 neque
2155 5459 2353 5523 anima,
2396 5466 2489 5515 sed
2530 5463 2687 5517 simul
2716 5474 2877 5531 atque
2905 5462 3040 5515 facta
3072 5470 3155 5515 est
3182 5477 3331 5526 caro,
3363 5462 3507 5517 Deus

1949 5563 2167 5616 quoque
2201 5546 2459 5611 Verbum,
2499 5561 2661 5621 atque
2713 5554 2947 5607 animata
2988 5568 3116 5607 caro
3169 5554 3507 5623 rationisque

1948 5640 2239 5707 particeps.
2297 5640 2355 5694 ln
2407 5642 2526 5711 ipso
2578 5645 2724 5698 enim
2783 5646 3049 5707 subsistit,
3089 5654 3148 5699 ut
3199 5646 3328 5698 mihi
3374 5647 3502 5713 qui-

1947 5732 2069 5784 dem
2122 5730 2355 5796 vidotur,
2401 5734 2856 5802 quemadmodum
2898 5744 3079 5791 nostra
3112 5749 3331 5805 quoque
3369 5749 3504 5791 con-

1947 5820 2139 5878 (cutio.
