4274 6382
762 317 898 383 1219

1978 320 2018 378 Ν
2036 319 2268 378 ΙΟΕΤίΕ
2328 316 2731 377 CLIONIATJi

3851 319 3869 379 1
3881 318 3996 381 ΞῨᾶ

824 428 1017 483 Anima
1071 427 1215 481 enim
1266 442 1360 495 per
1413 440 1469 480 se
1517 427 1678 496 vique
1726 444 1818 480 sua
1870 428 2138 483 exsistens
2188 446 2312 483 eum
2342 431 2383 491 Α
2417 440 2557 483 terra
2594 438 2839 497 corrupta
2879 437 2992 480 erat
3041 440 3249 494 peccato
3273 427 3338 483 ⁶⁹.
3385 429 3512 482 Item
3549 426 3614 481 de
3663 430 3993 489 hominibus

753 534 983 588 corpore
1026 518 1324 572 concurrit.
1370 518 1481 572 Nec
1513 520 1657 572 enim
1690 534 1891 588 corpus
1936 536 2029 588 per
2071 523 2311 589 scipsum

753 612 1122 670 constituitur,
1157 623 1255 661 nec
1295 610 1476 663 anima
1525 613 1737 679 corpori
1790 613 2133 680 praeexsistit,
2193 629 2315 681 quae

754 698 970 765 quidem
1003 697 1442 765 eonjunctionem
1468 698 1668 752 Christi
1695 699 1850 751 velut.
1882 701 2213 769 pradigurat.

1360 833 1508 885 CAP.
1545 831 1731 893 XXIV,

753 921 1127 985 llomoousion,
1162 940 1249 975 seu
1296 922 1735 994 ronsubstantiule
1783 925 1927 993 quid,
1974 941 2205 994 quanam
2256 925 2318 977 de

1153 1009 1227 1055 re,
1259 1002 1483 1061 quotque
1530 992 1695 1045 modis
1727 993 1956 1046 dicatur.

828 1128 1160 1183 Homousion
1204 1127 1254 1179 id
1295 1126 1515 1195 quidem
1556 1134 1657 1188 est,
1711 1125 1855 1194 quod
1904 1127 2148 1191 ejusdem
2181 1126 2314 1179 sub-

755 1224 968 1275 stantiae
996 1232 1049 1273 et
1076 1219 1310 1272 actionis
1340 1220 1477 1271 citra
1515 1218 1996 1270 commutationem
2050 1217 2320 1284 particeps

753 1321 857 1373 est,
890 1321 946 1364 ut
989 1312 1150 1363 homo
1182 1309 1420 1370 homini,
1463 1308 1686 1376 angelus
1725 1310 1937 1374 angelo,
1969 1308 2165 1360 animal
2202 1309 2321 1359 ani-

753 1404 905 1466 mali,
940 1402 1167 1455 ﬂamma'
1191 1400 1454 1453 ﬂammae:
1490 1399 1977 1453 consubstantialia
2016 1406 2163 1459 sunt,
2194 1413 2318 1452 cum

754 1489 985 1543 diversis
1035 1489 1089 1541 in
1145 1486 1528 1557 hypostasibus
1574 1486 1817 1539 eamdem
1858 1485 2090 1537 habeant
2130 1500 2317 1539 essen-

760 1582 909 1634 liam.
960 1581 1171 1634 Dicitur
1206 1589 1388 1632 autem
1418 1576 1722 1645 ὁμοοὺσιον,
1758 1578 1883 1644 quia
1924 1577 2170 1629 eamdem
2218 1578 2321 1629 sibi

755 1678 1050 1729 essentiam
1085 1674 1305 1741 vimque
1334 1671 1693 1739 comparavit.
1738 1670 1981 1737 Quatuor
2010 1686 2170 1739 porro
2210 1688 2323 1723 mo-

756 1770 841 1819 dis
899 1768 1098 1819 dicitur
1152 1765 1457 1833 ὀμοούσιον,
1504 1764 1618 1817 sive
1670 1763 1719 1814 id
1757 1764 1901 1830 quod
1951 1765 2191 1831 ejusdem
2237 1771 2320 1815 est
2355 1760 2394 1814 Β

754 1858 1091 1921 διιὶιειειιιιίερ,
1131 1858 1413 1917 nimirum,
1454 1854 1736 1921 ὃμοίενὲς,
1777 1857 2023 1923 ejusdem
2078 1855 2314 1921 generis,

767 1947 1055 2014 συγγενὲς,
1090 1954 1402 2015 cognatum,
1436 1943 1747 2011 ὁμοιογενὲς
1782 1944 1977 1997 similis
2006 1946 2241 2011 generis,
2264 1956 2318 1997 et

756 2039 1026 2107 ὁμόφυλον
1064 2036 1308 2106 ejusdem
1354 2035 1549 2089 tribus.
1604 2035 1933 2088 llomousion
1987 2048 2105 2095 est,
2172 2038 2316 2103 quod

758 2128 999 2195 potentia
1056 2126 1239 2179 minus
1280 2126 1395 2193 ipsa
1432 2127 1513 2177 sui
1564 2125 1800 2177 essentia
1835 2134 1937 2181 est,
1973 2133 2031 2174 nt
2070 2124 2205 2191 lapis
2229 2139 2320 2176 ea-

760 2216 937 2268 riisus
967 2225 1021 2269 et
1068 2214 1210 2282 lapis
1247 2214 1439 2269 durus.
1489 2211 1559 2265 ita
1612 2220 1667 2266 et
1722 2213 1927 2281 lignum
1978 2212 2206 2279 palmae,
2247 2214 2314 2265 Ii-

758 2323 922 2376 gnum
955 2306 1271 2367 ebeninum,
1301 2306 1429 2359 item
1468 2318 1597 2359 caro
1637 2304 1801 2373 piscis
1833 2313 1888 2356 et
1944 2319 2069 2356 caro
2103 2306 2318 2359 cameli.

759 2397 1146 2462 lleteronsion,
1194 2413 1290 2451 seu
1332 2396 1926 2459 diversisubstantiale,
1969 2397 2021 2449 id
2060 2397 2319 2466 estquod

759 2488 939 2542 modis
983 2488 1236 2542 omnibus
1280 2487 1375 2540 alii
1419 2487 1685 2541 dissimile
1720 2497 1800 2540 est
1857 2496 1912 2541 ut
1957 2487 2129 2557 ignis,
2183 2504 2322 2555 aqua

759 2591 814 2633 et
846 2580 1029 2641 homo,
1080 2580 1223 2632 Deus
1254 2586 1308 2632 et
1339 2578 1584 2646 angelus,
1629 2578 1801 2630 lutum
1854 2588 1909 2632 et
1953 2579 2035 2631 sol
2075 2579 2140 2630 ad
2196 2595 2322 2645 gra-

760 2686 885 2725 men
929 2668 1338 2738 proferendum.
1394 2667 1735 2732 Hemiusion,
1784 2670 1882 2722 hoc
1926 2679 2007 2721 est
2053 2670 2325 2723 semisuh-

759 2764 1035 2835 stantiale,
1071 2779 1103 2818 a
1130 2763 1458 2832 quibusdam
1495 2762 1725 2816 cadaver
1769 2763 1973 2816 dictum
2018 2770 2120 2824 est,
2155 2777 2182 2813 a
2214 2774 2323 2827 quo

762 2860 870 2909 vita
905 2857 1189 2911 abscessiz.
1235 2854 1593 2923 'Etspocpuég,
1632 2866 1685 2909 et
1718 2854 2004 2920 ἁλλογενές
2048 2864 2101 2907 et
2142 2854 2327 2919 ἑτερο-

763 2950 915 3014 γενὲς
939 2988 953 3010 ,
980 2958 1034 3003 et
1090 2949 1193 3002 hoc
1218 2956 1303 3002 est
1332 2947 1565 3001 diversa:
1608 2955 1817 2999 natura:
1835 2987 1847 3009 ,
1884 2946 2110 2998 alterius
2136 2944 2325 2998 diver-

2419 522 2564 574 linnc
2608 521 2658 571 in
2719 518 2940 569 modum
2989 518 3148 571 verba
3199 516 3343 569 facit.
3388 517 3633 586 Corrupti
3699 530 3824 572 sunt
3853 562 3868 581 ,
3940 534 3990 574 ct

2417 608 2794 665 abominabiles
2831 608 2957 676 facti
3003 620 3123 661 sunt
3165 610 3219 661 in
3262 609 3715 661 adinventionibus
3767 613 3878 663 suis
3914 614 3989 665 τ’.

2417 704 2674 770 Superest
2705 714 2855 767 ergo,
2896 712 2951 751 ut
2997 713 3121 751 cum
3186 698 3344 751 audis
3400 698 3677 752 doctorem
3736 701 3991 753 incorru-

2416 794 2609 861 ptibile
2656 790 2867 845 Domini
2915 803 3120 856 corpus
3172 789 3442 844 dicentem
3475 799 3764 857 antequam
3800 792 3981 845 cruci-

2419 884 2725 952 ligeretur,’
2775 891 2832 936 ιιι
2901 890 3107 950 peccati
3198 881 3606 949 corruptionem
3688 881 3987 953 intelligas.

2415 974 2557 1027 Dicit
2578 978 2758 1029 autem
2785 973 3061 1041 ἄφθαρτον
3092 971 3529 1041 incorruptihiIe,
3556 971 3669 1025 sive
3690 972 3992 1038 ἀμίαντον,

2418 1064 2523 1118 hoc
2554 1074 2638 1118 est
2685 1065 3070 1134 impollutum:
3114 1078 3222 1115 non
3274 1072 3455 1117 autem
3494 1064 3621 1132 quia
3674 1061 3993 1117 subtilitate

2419 1157 2597 1225 aliqua
2629 1165 2724 1209 aut
2756 1172 2785 1208 a
2823 1157 3024 1211 nostris
3062 1154 3387 1223 corporibus
3430 1156 3749 1209 diversitate
3781 1154 3995 1221 pra-dio

2421 1254 2533 1298 tum
2590 1246 2773 1299 fuerit.
2833 1246 2969 1299 Nam
3024 1245 3442 1312 ineorruptibile
3495 1246 3718 1313 proprie
3771 1243 3823 1296 id
3880 1252 3992 1306 est,

2420 1336 2563 1403 quod
2610 1337 2678 1390 ab
2731 1338 2875 1390 omni
2919 1339 3172 1405 passione
3202 1380 3215 1402 ,
3255 1335 3499 1398 materia,
3548 1347 3603 1389 et
3652 1344 3794 1388 tactu
3852 1333 3995 1385 1in-

2421 1439 2540 1476 rum
2569 1436 2670 1478 est.
2734 1426 3151 1493 Ineorruptibile
3210 1426 3263 1478 id
3326 1423 3495 1478 etiam
3538 1432 3646 1485 est,
3705 1422 3854 1491 quod
3917 1422 3994 1474 ab

2422 1516 2525 1567 alia
2581 1517 2815 1569 essentia
2870 1516 2989 1570 lzedi
3044 1531 3151 1568 non
3202 1525 3395 1584 potest.
3456 1512 3897 1579 Incorruptibile'
3938 1513 3994 1563 id

2423 1621 2660 1674 quoque,
2708 1606 2851 1676 quod
2882 1607 3057 1661 modis
3096 1608 3351 1662 omnibus
3384 1622 3413 1660 a
3466 1605 3633 1667 ﬂuxu,
3662 1603 3906 1659 deiectu.
3936 1612 3995 1653 et

2426 1697 2647 1750 ltcsione
2694 1699 2926 1752 liberum
2982 1708 3085 1752 est.
3125 1698 3289 1766 Atqui
3322 1698 3725 1751 sanctissimum
3778 1694 3992 1747 Christi

2424 1803 2623 1855 corpus
2684 1804 2898 1857 passum
2936 1801 3040 1855 est,
3090 1790 3259 1844 clavis
3301 1787 3613 1842 confossum
3666 1795 3719 1839 cl
3771 1787 3990 1847 lanea,

2425 1879 2739 1947 sanguinem
2769 1891 2824 1931 et
2852 1894 3049 1947 aquam
3080 1879 3283 1941 emisit,
3316 1893 3346 1931 e
3392 1877 3512 1930 vivo
3570 1876 3804 1943 denique
3841 1892 3995 1928 inor-

2429 1978 2581 2021 tnmn
2646 1969 2838 2023 evasit.
2893 1969 3262 2038 Corruptibile
3317 1979 3435 2032 est,
3491 1966 3758 2037 quidquid
3825 1964 3995 2016 merti

2426 2061 2719 2113 obnoxium
2752 2077 2781 2115 a
2814 2061 2919 2114 vita
2945 2061 3184 2130 separari
3229 2071 3428 2129 potest.
3475 2060 3770 2126 Corruptio
3803 2066 3995 2110 autem

2429 2156 2656 2209 naturae,
2700 2156 2760 2200 ut
2794 2158 3017 2202 sanctus
3046 2147 3336 2217 Dionysius
3366 2149 3469 2210 ait,
3510 2146 3643 2199 nihil
3688 2146 3835 2198 aliud
3886 2151 3993 2200 est,

2428 2252 2589 2304 quam
2629 2237 2977 2292 imbecillitas
3034 2248 3088 2291 et
3133 2237 3381 2291 defectus
3442 2235 3773 2289 naturalium
3829 2231 3994 2285 hahi-

2429 2335 2603 2387 tuum,
2632 2328 2906 2381 actionum
2960 2338 3011 2379 et
3048 2327 3388 2379 facultatum.
3446 2324 3518 2380 L't
3545 2334 3724 2379 autem
3758 2324 3997 2391 quibus-

2428 2416 2550 2471 dam
2606 2419 2841 2485 placuit,
2890 2417 3297 2471 sanctissimum
3339 2416 3545 2471 Christi
3587 2430 3789 2482 corpus
3841 2425 4000 2481 pote-

2431 2513 2568 2558 state
2603 2504 2823 2572 quidem
2867 2505 3163 2572 corruptile
3193 2512 3332 2565 erat,
3376 2503 3478 2557 hoc
3509 2510 3596 2555 est
3624 2501 4000 2567 corruptionis

2432 2609 2638 2662 capax:
2700 2603 2825 2648 actu
2882 2607 3013 2647 vero
3057 2592 3477 2661 ineorruptibile
3524 2592 3580 2644 in
3637 2598 4000 2644 monumento

2432 2702 2459 2739 a
2490 2684 2651 2739 Verbi
2684 2685 2969 2739 divinitate
3023 2693 3409 2739 conservatum
3442 2692 3546 2738 est.

3005 2841 3157 2897 CAP.
3212 2839 3424 2895 XXVII.

2926 2971 3000 3023 De
3050 2972 3213 3025 libero
3258 2972 3501 3025 arbitrio.

761 3038 917 3104 siqua
960 3036 1177 3106 generis
1217 3046 1512 3103 utrumque
1576 3035 1792 3088 diversa
1840 3035 2079 3089 essentia
2124 3032 2326 3101 prtedi-
2369 3058 2431 3106 ,ι

766 3140 877 3182 tum
929 3128 1150 3193 dicitur,
1196 3127 1457 3181 nimirum
1510 3127 1615 3180 hoc
1643 3137 1697 3180 et
1741 3127 1895 3191 illud,
1937 3127 2053 3180 sive
2085 3126 2266 3179 ambo.

1361 3260 1512 3315 CAP.
1564 3260 1729 3314 XXV.

782 3350 1060 3406 Innovatio
1086 3353 1211 3421 quid
1241 3370 1502 3422 quamque
1554 3354 1851 3406 necessaria
1905 3355 2021 3421 ejus
2056 3356 2303 3424 cognitio.

836 3487 1118 3540 lnnevatio
1170 3488 1373 3541 dicitur
1429 3488 1695 3557 quidquid
1759 3488 1938 3543 modis
1990 3490 2248 3543 omnibus
2305 3506 2332 3542 a

765 3576 1072 3629 communis
1102 3585 1313 3630 natura:
1362 3578 1479 3646 lege
1522 3577 1866 3632 immutatum
1920 3587 2026 3641 est,
2083 3594 2182 3632 nec
2217 3579 2324 3632 ulla

767 3664 821 3717 in
864 3681 921 3719 re
973 3666 1211 3720 assimile
1246 3676 1331 3720 est
1372 3667 1456 3729 ei,
1489 3668 1637 3736 quod
1675 3668 1824 3721 inter
1857 3669 2103 3723 homines
2153 3684 2252 3722 usu
2282 3677 2339 3721 et

766 3758 1165 3809 consuetudine
1222 3756 1470 3809 invaluit
1545 3766 1601 3810 et
1641 3747 1939 3812 ‘inolevitf
1994 3758 2091 3811 llic
2148 3742 2330 3813 auiem

771 3847 964 3899 modus
1014 3847 1325 3900 necessario
1378 3846 1707 3901 ediscendus
1758 3856 1878 3909 est,
1943 3856 2170 3917 propter
2237 3864 2334 3902 eos

768 3936 860 4003 qui
932 3936 1069 3989 male
1130 3935 1539 3989 innovationem
1601 3936 1653 3988 in
1713 3936 1933 3992 Christo
1999 3938 2329 4008 intelligunt.

769 4026 882 4079 Etsi
915 4026 1058 4080 enim
1102 4034 1294 4079 natura
1340 4026 1643 4086 innovavit,
1690 4043 1811 4082 eum
1840 4028 1957 4082 sine
1992 4029 2200 4083 semine
2234 4046 2335 4084 na-

771 4126 859 4170 tus
886 4125 987 4178 est,
1024 4130 1051 4168 a
1085 4126 1245 4185 partu
1290 4127 1473 4170 tamen
1515 4117 1691 4171 aetatis
1738 4118 2163 4182 incrementum,
2193 4121 2333 4173 mul-

774 4212 933 4272 taque
993 4204 1317 4273 corporibus
1386 4203 1642 4256 humanis
1699 4203 2030 4266 accidentia,
2090 4204 2336 4257 ciborum

774 4293 1107 4361 ingestiones
1153 4302 1208 4346 et
1246 4292 1579 4361 egestiones,
1622 4291 2120 4350 circumcisionem,
2160 4301 2339 4344 trans-

772 4383 1181 4451 migrationem,
1220 4381 1473 4445 formam,
1511 4380 1779 4444 membra,
1809 4381 2152 4448 capillorum,
2198 4382 2336 4435 den-

776 4474 912 4526 tium
965 4480 1019 4525 et
1050 4471 1310 4539 unguium
1341 4469 1764 4532 exereseentias,
1798 4469 2119 4534 balbutiem,
2163 4467 2340 4537 pueri-

773 4564 959 4631 lesque
995 4561 1509 4615 deambulationes:
1551 4560 1689 4622 haec,
1736 4561 1982 4627 inquam,
2018 4559 2205 4612 omnia
2243 4573 2340 4626 per

770 4648 1180 4707 innovatiOnem
1218 4665 1326 4702 non
1369 4648 1583 4713 habuit,
1632 4647 1724 4701 sed
1761 4647 1830 4699 ad
1870 4648 2043 4700 nostri
2086 4647 2345 4700 similitu-

774 4740 958 4794 dinem
1019 4739 1240 4809 dempto
1296 4748 1557 4807 peccato,
1617 4737 2079 4806 quemadmodum
2144 4738 2345 4790 Paulus

774 4833 1059 4887 exclamat.

1376 4963 1529 5018 CAP.
1563 4962 1753 5017 XXVI.

917 5055 1264 5127 Corruptibile
1302 5055 1458 5124 quid,
1500 5055 1684 5127 unde,
1730 5062 1957 5123 quotque
2017 5053 2183 5106 modis

1451 5126 1693 5178 dicatur.

866 5239 1165 5307 Corruptio
1224 5237 1444 5291 duobus
1496 5235 1673 5289 modis
1725 5247 1881 5287 sacra
1954 5234 2007 5285 in
2071 5233 2350 5302 Scriptura

788 5329 1021 5391 dicitur,
1081 5329 1340 5381 nimirum
1412 5329 1656 5396 corporis
1707 5336 1763 5381 et
1814 5324 2047 5381 animae,
2098 5333 2155 5376 ut
2212 5338 2347 5377 cum

796 5418 955 5474 licit:
1004 5417 1141 5472 Vidit
1168 5429 1343 5473 autem
1383 5418 1635 5473 Dominus
1664 5417 1826 5484 Deus,
1873 5422 1919 5467 et
1956 5429 2067 5467 ecce
2105 5431 2347 5468 universa

886 5625 925 5653 ἰτ
959 5581 1092 5677 Cen’.
1126 5639 1199 5685 vt,
1248 5623 1333 5675 12.
1408 5624 1453 5654 "°
1483 5622 1624 5677 Psal.
1654 5638 1772 5686 xm,
1813 5623 1863 5675 I.
1940 5620 2167 5676 “Joan.
2194 5637 2243 5679 v.
2284 5622 2370 5675 19.

2361 3095 2403 3153 C
2508 3088 2901 3171 Αὐτεξούσιον,
2959 3122 3053 3160 seu
3120 3106 3350 3159 liberum
3424 3105 3746 3168 arbitrium,
3792 3112 3873 3158 est
3941 3104 4003 3155 τὸ

2439 3201 2829 3251 αὑτοδὲςποτον
2865 3198 2969 3250 hoc
3013 3207 3097 3249 est
3134 3197 3277 3265 quod
3324 3198 3375 3248 in
3427 3198 3692 3263 cujusque
3724 3206 4005 3263 potestate

2437 3292 2600 3345 situm
2636 3300 2740 3345 est.
2770 3288 2927 3356 Quod
2954 3288 3100 3341 enim
3128 3287 3360 3341 Domino
3384 3286 3685 3354 subjectum
3703 3295 3807 3351 est,
3839 3286 4003 3340 liberi

2439 3381 2651 3435 arbitrii
2681 3395 2784 3433 non
2816 3388 2920 3433 est.

2510 3495 2941 3563 Λύτεξουτιότης
2991 3507 3143 3561 ergo,
3174 3507 3267 3545 seu
3326 3491 3537 3546 arbitrii
3585 3492 3834 3551 libertas,
3867 3506 4002 3559 pro-

2439 3584 2555 3651 prie
2584 3595 2687 3640 est.
2734 3582 2908 3635 libera
2940 3594 3042 3635 nec
3076 3582 3239 3633 ullius
3270 3580 3635 3634 dominationi
3672 3579 3892 3634 subdita
3935 3581 4004 3632 ad

2440 3691 2553 3728 rem
2605 3674 2948 3742 concupitam
2999 3671 3319 3726 dominatio.

2510 3783 2735 3838 Arbitrii
2768 3783 2989 3837 libertas
3028 3781 3413 3836 intellectualis
3446 3783 3661 3843 animm,
3706 3791 3789 3835 est
3826 3783 4005 3838 libera

2438 3876 2648 3944 cupida:
2687 3874 2854 3943 partis
2892 3874 3088 3928 animae
3115 3873 3183 3926 ad
3216 3873 3475 3926 virtutem
3504 3874 3586 3927 vel
3614 3874 3806 3927 vitium
3844 3876 4006 3929 incli-

2441 3967 2587 4019 natio
2621 3973 2675 4019 et
2721 3975 2922 4019 nmtus.
2966 3963 3067 4018 Ubi
3101 3972 3283 4017 autem
3342 3963 3488 4016 nulla
3540 3962 3761 4017 virtutis
3803 3973 3857 4017 et
3889 3966 4008 4017 vitii

2442 4072 2619 4126 pugna
2648 4067 2749 4116 est,
2798 4055 2873 4108 ibi
2907 4068 3086 4121 neque
3116 4052 3331 4107 arbitrii
3366 4054 3562 4107 anima:
3592 4053 3817 4107 libertas
3852 4055 4012 4107 inno-

2444 4157 2652 4199 tescere
2688 4151 2882 4212 potest.
2916 4141 3019 4207 Qui
3051 4142 3204 4222 enim
3240 4140 3356 4196 ﬁeri
3394 4152 3590 4210 potest,
3625 4152 3683 4194 ut
3727 4141 3801 4196 ibi
3835 4143 4012 4198 libera

2444 4239 2739 4292 voluntatis
2778 4236 2974 4290 electio
3002 4242 3280 4304 appareat,
3311 4232 3407 4287 ubi
3460 4235 3866 4287 contrariorum
3892 4249 4013 4289 cer-

2449 4328 2637 4381 tamini
2670 4329 2822 4381 locus
2850 4323 3196 4380 nullus'est?
3229 4322 3354 4378 Sola
3385 4323 3567 4391 itaque
3597 4323 3798 4378 Christi
3832 4338 4012 4389 mens,

2376 4407 2865 4471 Detsanetissima
2915 4416 3036 4484 ejus
3070 4413 3268 4477 anima,
3326 4412 3395 4465 ab
3442 4414 3589 4465 omni
3632 4414 3759 4465 mali
3819 4428 4015 4482 sugge-

2445 4510 2623 4563 stione
2653 4506 2911 4561 immunis
2946 4517 3002 4560 et
3049 4505 3219 4559 libera
3258 4502 3381 4557 fuit.
3440 4503 3590 4557 Servi
3645 4504 3789 4558 enim
3840 4506 4015 4559 forma

2444 4608 2589 4663 erat,
2632 4613 2751 4666 qure
2803 4606 3058 4665 tanquam
3097 4595 3324 4650 habenis
3356 4604 3412 4648 et
3464 4594 3693 4663 imperio
3733 4594 3829 4648 Dei
3862 4596 4015 4649 verbi

2449 4676 2760 4757 regebatur,
2821 4688 2914 4755 qui
2943 4686 3163 4755 quidem
3193 4685 3244 4738 ei
3294 4684 3619 4753 conjunctus
3665 4692 3805 4737 erat.
3871 4684 4019 4749 Quo-

2450 4782 2595 4833 circa
2642 4780 2805 4834 homo
2860 4779 2950 4832 ille
2982 4778 3220 4840 dicebat,
3276 4776 3368 4846 qui
3412 4776 3478 4830 de
3519 4776 3809 4831 Servatore
3854 4777 4020 4829 intel~

2459 4872 2649 4941 Iigitur
2670 4888 2684 4925 :
2706 4871 2818 4925 Non
2838 4886 3046 4939 possum
3074 4886 3165 4938 ego
3189 4886 3221 4923 a
3244 4870 3435 4936 meipso
3465 4869 3634 4937 facere
3660 4868 4019 4935 quidquam".

2455 4964 2589 5018 Cum
2620 4964 2766 5018 enim
2796 4977 2960 5031 supra
3000 4970 3211 5016 naturae
3254 4970 3451 5013 nostra:
3496 4958 3758 5012 terminos
3788 4968 3846 5011 et
3874 4959 4021 5027 leges

2448 5059 2566 5113 sine
2618 5056 2825 5111 semine
2885 5055 3244 5114 subsisteret,
3305 5060 3363 5105 ut
3410 5051 3503 5118 qui
3554 5049 3649 5103 Dei
3710 5064 3911 5115 corpus
3963 5062 4017 5100 et

2450 5148 2630 5200 anima
2661 5131 2808 5200 esset
2840 5144 3054 5198 Domini
3091 5141 3247 5196 nutui
3269 5140 3556 5196 confestim
3597 5139 3880 5207 subjectus
3913 5151 4031 5201 est,

2452 5248 2708 5305 tanquam
2734 5236 2827 5290 Dei
2858 5235 3030 5289 forma
3062 5233 3338 5303 praeditus.

2534 5326 2834 5392 Sequuntur
2885 5325 3203 5376 diversorum
3251 5320 3473 5375 Patrum
3526 5320 3587 5373 de
3633 5318 4019 5371 incarnationis

2452 5418 2841 5487 dispensatione
2873 5414 3197 5472 assertiones.
