4274 6382
260 405 396 474 1221

823 524 974 580 CAP.
1023 523 1258 581 XXVIII.

257 619 327 674 Β.
360 618 592 687 Dionysii
633 619 952 687 dreopagitw
986 633 1001 667 :
1045 617 1116 669 De
1153 619 1331 670 divina
1369 617 1732 687 incarnatione
1757 634 1818 669 ea:

551 688 717 754 cupJ
752 686 826 737 De
864 686 1051 738 dwmis
1083 687 1376 738 nominibus
1403 686 1537 754 (28).

336 796 389 848 1.
417 794 720 849 Thearchia
748 794 835 848 illa
880 810 973 848 seu
993 810 1202 848 summa
1224 795 1532 856 dtvtnttas,l
1560 815 1720 851 uman
1769 815 1818 850 m

255 900 427 953 genus
469 885 729 952 singulart
779 886 1012 954 quodam
1046 899 1234 938 amore
1263 888 1648 954 prosequitur:
1687 903 1816 955 pu.a

255 991 376 1044 quae
399 991 462 1029 ea
513 974 757 1035 omnino,
785 977 986 1045 quibus
1026 976 1245 1029 obnoxii
1293 992 1503 1039 smnus,
1538 980 1590 1030 in
1649 978 1818 1049 hypo-

253 1077 474 1120 staseon
532 1081 752 1120 suarum
788 1083 894 1119 una
949 1067 1200 1131 subierit,
1236 1069 1527 1121 humanam
1555 1069 1814 1126 vilitatem

250 1172 348 1210 seu
379 1158 734 1228 abjectiouem
782 1159 849 1212 ad
887 1163 1118 1228 seipsam
1155 1177 1415 1215 revocans
1442 1173 1492 1216 et
1520 1166 1816 1229 asciseens,

249 1261 320 1298 ex
350 1262 452 1312 qua
478 1247 739 1300 iueﬂabili
773 1248 980 1300 ratione
1005 1250 1094 1317 qui
1129 1249 1355 1316 simplex
1378 1261 1459 1303 cst
1485 1252 1644 1306 Jesus
1675 1270 1821 1307 eom-

250 1338 466 1403 positus
500 1346 603 1396 est,
637 1345 691 1390 et
717 1338 806 1404 qui
832 1346 1070 1391 aiternus
1096 1347 1203 1400 est,
1248 1342 1507 1408 tentporis
1540 1344 1818 1396 extensio-

249 1442 377 1480 nem
436 1427 672 1480 ascivit:
736 1439 936 1482 nostra:
987 1428 1224 1496 denique
1281 1441 1488 1485 naturae
1533 1433 1735 1486 ﬁnibus
1774 1436 1818 1487 is

250 1526 546 1570 contentus
589 1527 692 1579 est,
734 1520 824 1586 qui
880 1521 1322 1586 superessentiali
1355 1523 1566 1577 ratione
1599 1540 1813 1579 omnem

251 1605 523 1659 universas
558 1616 766 1660 naturze
787 1610 1028 1661 ordinem
1060 1610 1307 1664 excedit:
1340 1627 1444 1665 una
1476 1629 1597 1666 cum
1621 1616 1816 1669 intutu-

250 1694 402 1747 tabili
453 1696 784 1763 minimeque
841 1699 1067 1752 confusa
1124 1701 1522 1767 proprietatum
1584 1719 1809 1760 suarum

249 1787 684 1840 conservatione.

318 1874 373 1926 2.
407 1874 812 1946 Eiusdcm(?.9),
834 1892 907 1954 ex
945 1880 1172 1947 epistola
1205 1884 1268 1934 ad
1287 1882 1475 1936 Caium
1496 1884 1809 1953 'l‘herapeu-

247 1970 339 2015 ten
375 1965 492 2033 (50)
562 1965 662 2030 Qui
705 1968 816 2019 fieri
850 1978 1044 2033 potest,
1075 1972 1252 2039 inquit
1285 1973 1394 2034 ille,
1424 1982 1479 2025 ttt
1508 1973 1688 2036 Jesus,
1718 1976 1808 2043 qui

247 2055 414 2107 rebus
453 2057 709 2111 omnibus
765 2062 1060 2125 antecellit,
1119 2078 1242 2115 cu.n
1309 2065 1473 2118 rebus
1540 2070 1809 2121 umvcrs?s

247 2144 615 2198 essentialiter
687 2151 1104 2203 constituatur?
1153 2165 1254 2204 nec
1322 2154 1468 2207 enim
1538 2166 1810 2224 quatenus

248 2231 528 2286 hominum
577 2246 768 2289 auctor
805 2248 904 2291 est.
949 2239 1112 2292 homo
1143 2239 1363 2302 dtcitur,
1415 2242 1506 2295 sed
1543 2255 1812 2310 quatenus

248 2331 358 2376 tota
396 2323 510 2387 ipsa
559 2337 794 2380 essentia
839 2344 964 2383 vere
1009 2329 1170 2383 homo
1217 2343 1319 2386 est.
1363 2333 1430 2386 At
1481 2348 1578 2386 uos
1622 2335 1808 2388 Jesum

244 2414 390 2468 haud
447 2415 685 2468 humano
743 2433 891 2471 more
939 2420 1248 2474 definimus.
1293 2422 1404 2477 Nec
1455 2425 1600 2477 enim
1665 2426 1809 2480 Deus

244 2511 453 2557 tantum
484 2512 588 2570 est,
611 2505 705 2560 sed
739 2507 901 2561 etiam
933 2523 1060 2562 vere
1092 2509 1256 2563 homo
1284 2523 1390 2570 est.
1425 2514 1516 2578 qui
1546 2515 1806 2583 singulari

241 2593 479 2660 quodam
511 2611 699 2649 antore
753 2613 926 2665 genus
975 2600 1273 2654 humanum
1334 2608 1724 2672 prosequitur:
1755 2616 1809 2660 et

239 2682 335 2749 qui
364 2724 377 2744 .
414 2699 536 2738 cum
590 2687 841 2741 homines
887 2691 1270 2754 antecelleret,
1314 2691 1626 2748 hominibus
1669 2695 1809 2752 adte-

238 2781 441 2840 quatus
479 2783 581 2838 est,
626 2792 692 2830 ex
719 2778 1003 2830 hominum
1038 2780 1272 2832 essentia
1310 2783 1669 2837 substantiam
1700 2789 1802 2841 sibi

237 2876 601 2930 comparans,
650 2865 743 2932 qui
784 2881 944 2929 supra
985 2881 1202 2919 omnem
1253 2872 1545 2925 essentiam
1600 2878 1803 2930 consti-

240 2961 393 3007 tutus
424 2964 565 3008 erat.
630 2957 740 3008 Nec
788 2958 970 3006 minus
1018 2965 1196 3010 tamen
1241 2966 1805 3027 superessentialitate

235 3057 400 3108 quam
448 3043 798 3107 plenissimus
841 3052 955 3106 est,
1003 3045 1096 3111 qui
1132 3060 1408 3113 nunquam
1452 3063 1808 3116 superessen-

1486 417 1871 476 T'rIESAUIll
1926 419 2070 476 LIB.
2118 420 2234 482 IlI.

1851 532 1895 584 Α
1924 527 1995 577 sit
2051 529 2324 595 pr0pitius
2386 527 2466 591 is,
2515 543 2678 597 quem
2719 544 2910 582 eorum
2967 532 3189 585 nomine
3247 534 3459 590 relehra

3359 420 3494 482 1222

1928 628 2081 678 mus,
2126 630 2247 682 qua:
2296 631 2472 683 neque
2527 618 2668 670 ratio
2720 629 2904 672 nostra
2956 621 3257 687 consequi,
3315 637 3492 690 neque

1925 709 2102 759 oratio
2147 708 2459 776 exprimere
2505 720 2702 777 queat,
2757 714 3005 778 quamvis
3051 713 3107 766 in
3143 714 3229 766 his
3271 729 3491 781 quoque

1928 799 2407 862 srtperessentialis
2469 803 2714 862 easist'tt,
2765 818 2870 853 non
2927 805 3102 856 solum
3159 805 3286 870 quia
3349 805 3487 858 citra

1924 885 2281 940 mulationem
2315 898 2370 941 et
2401 890 2779 945 confusionem
2833 901 3043 945 natune
3092 901 3291 946 nostra:
3318 892 3489 961 parti-

1921 994 2070 1044 tzt‘ps,
2125 978 2261 1031 nihil
2306 995 2495 1047 passus
2529 990 2612 1034 est
2657 982 2725 1034 ab
2776 982 3035 1035 tneil'abtlt
3071 984 3483 1051 conjuuettone,

1921 1067 2066 1134 quod
2099 1069 2421 1122 exuberanti
2455 1071 2783 1139 plenitudini
2818 1086 2930 1124 suae
2973 1083 3336 1138 repugnaret,
3388 1072 3483 1124 sed

1923 1159 2051 1225 quia
2081 1160 2242 1212 etiam
2271 1161 2438 1229 (quod
2460 1162 2680 1229 quidem
2714 1176 2852 1214 nova
2893 1162 3076 1214 omnia
3118 1161 3356 1214 novitate
3389 1176 3486 1214 sua

1928 1247 2167 1303 inaudite
2194 1252 2437 1320 superat)
2487 1254 2537 1304 in
2600 1269 2665 1304 tts
2696 1269 2816 1314 quae
2854 1251 3012 1304 nobis
3045 1253 3310 1304 naturalia
3362 1261 3489 1304 sunt

1921 1341 2254 1406 superiorem
2293 1353 2503 1401 natura.
2540 1352 2592 1395 et
2631 1360 2682 1395 III
2716 1344 2782 1395 iis
2819 1358 2848 1408 q
2895 1357 2940 1394 :e
2982 1342 3140 1393 nobis
3167 1343 3482 1395 essentialia

1919 1439 2079 1493 sunt,
2137 1433 2375 1484 essentia
2447 1435 2708 1500 majorem
2777 1449 2835 1486 se
2899 1433 3190 1500 praestitit:
3250 1433 3490 1498 denique

1918 1520 2100 1572 omnia
2140 1536 2260 1586 qua:
2302 1522 2461 1574 nobis
2507 1524 2728 1585 insunt,
2764 1522 2998 1590 quadam
3046 1524 3256 1577 ratione
3301 1525 3487 1575 modo-

1918 1628 2024 1677 quc
2050 1611 2208 1663 nobis
2243 1613 2504 1666 inusitato
2533 1615 2797 1682 possedit.

2519 1723 2668 1776 CAP.
2727 1724 2918 1778 XXIX.

2039 1810 2222 1881 Magni
2247 1809 2504 1880 Gregorii,
2526 1828 2587 1864 ex
2606 1816 2845 1864 Oratione
2873 1817 2927 1865 in
2957 1815 3093 1868 diem
3122 1815 3356 1867 natalem

2497 1882 2707 1934 Domini
2743 1885 2880 1950 (51).

1987 1970 2036 2022 1.
2061 1970 2415 2036 Posteaquam
2439 1987 2568 2024 vero
2585 1973 2779 2026 diaboli
2807 1975 3099 2033 invidia.et
3125 1977 3472 2031 fraudulenta

1912 2060 2058 2112 IIIlUS
2099 2063 2172 2122 vi,
2206 2078 2367 2127 quam
2422 2062 2643 2123 mulier,
2678 2075 2737 2116 ut
2775 2073 2830 2117 ct
2865 2067 3193 2119 llllDCClIItOt‘
3219 2083 3475 2135 perpessa

1913 2153 2021 2203 est,
2056 2155 2111 2196 et
2160 2146 2227 2197 ad
2291 2148 2734 2214 persuadendum
2773 2152 2949 2218 aptior
2997 2153 3237 2206 obtrusit
3276 2156 3395 2208 viro
3430 2160 3487 2224 (ο

1915 2233 2285 2290 iniirmitatem
2347 2254 2552 2302 meam,
2597 2257 2712 2293 mea
2762 2242 2906 2294 enim
2935 2255 3019 2296 est
3051 2246 3208 2312 prtttti
3243 2249 3487 2314 parentis

1916 2327 2227 2394 inﬁrmitas)
2285 2329 2552 2395 mandati,
2599 2331 2742 2398 quod
2781 2344 3070 2402 acceperat
3121 2338 3238 2404 ipse
3281 2339 3488 2393 oblitus

1910 2427 2024 2480 est,
2083 2429 2137 2470 et
2200 2435 2386 2472 amore
2440 2423 2584 2488 pomi
2623 2433 2914 2489 superatus
2953 2427 3115 2478 simul
3157 2438 3210 2481 et
3260 2444 3287 2480 a
3333 2430 3487 2498 ligno

1909 2521 2055 2572 vtae,
2102 2521 2156 2563 et
2191 2528 2218 2563 a
2246 2512 2491 2578 paradiso
2515 2553 2529 2576 ,
2576 2524 2629 2567 et
2657 2533 2683 2567 a
2722 2518 2868 2578 Deo,
2911 2526 3168 2587 tanquam
3202 2522 3353 2574 exsul
3388 2539 3487 2575 ex-

1913 2601 2188 2665 truditur,
2227 2612 2281 2656 et
2321 2604 2564 2672 pellicris
2612 2607 2856 2660 induitur
2910 2614 3282 2672 vestimentis,
3339 2629 3494 2668 cras-

1912 2691 2056 2745 siore
2090 2693 2352 2745 nimirum
2388 2710 2574 2757 carne,
2611 2712 2733 2765 quae
2763 2710 2995 2753 mortem
3024 2701 3256 2763 subiret,
3284 2713 3340 2756 et
3381 2705 3491 2771 spi-

1911 2783 2041 2834 I‘lIIII
2108 2797 2456 2853 repugnaret.
2522 2789 2598 2839 Ac
2655 2790 2892 2855 primum
2956 2791 3178 2857 quidem
3237 2796 3484 2861 agnoscit

1900 2872 2308 2938 xturpitudtuem
2344 2890 2498 2927 suam
2523 2917 2536 2939 ,
2572 2886 2735 2945 atque
2766 2878 2892 2931 ideo
2920 2895 2977 2932 se
3004 2879 3099 2932 Dei
3128 2893 3487 2949 conspectum

1912 2959 2126 3027 fugiens
2178 2963 2487 3016 abscondit.
2548 2965 2642 3020 llic
2690 2975 2871 3021 tamen
2930 2970 3176 3022 Inc-ratur
3230 2984 3485 3034 inertem,

1913 3065 2007 3117 per
2038 3067 2200 3118 quam
2257 3068 2541 3120 peccatum
2594 3057 2975 3120 abscinditur,
3032 3078 3097 3114 ne
3154 3063 3372 3116 miseria
3417 3067 3489 3117 sit

239 3132 385 3182 tialis
415 3145 534 3183 esse
570 3131 733 3184 desiit
768 3148 780 3182 :
825 3135 982 3200 cujus
1021 3137 1278 3188 nimirum
1329 3139 1665 3196 abundantia
1727 3145 1776 3198 fa
1833 3167 1878 3226 ρ
1913 3141 2256 3208 immortalis,
2295 3153 2506 3198 etcum
2544 3151 2814 3216 supplicio
2865 3153 3187 3206 beneficum
3257 3157 3488 3224 conjun-

235 3225 383 3270 ctutn
409 3226 512 3280 est,
545 3227 603 3272 ut
627 3233 748 3271 cum
779 3219 831 3273 itt
865 3221 1098 3275 hominis
1135 3226 1425 3279 essentiam
1461 3243 1586 3282 vere
1621 3239 1771 3284 trans

236 3309 426 3368 iissct,
475 3311 914 3376 superessentiali
965 3313 1171 3364 ratione
1227 3315 1464 3369 hominis
1503 3323 1798 3376 essentiam

232 3399 562 3466 assumpsit,
608 3405 772 3466 atque
814 3401 950 3452 adeo
1012 3413 1174 3468 supra
1228 3403 1501 3459 hominem
1551 3425 1614 3462 ea
1674 3427 1801 3465 sue-

232 3497 540 3548 cesserunt,
597 3504 718 3556 qua:
761 3501 889 3543 sunt
951 3493 1205 3548 homints.
1269 3496 1448 3550 Testis
1501 3510 1584 3554 est
1639 3501 1802 3572 Virgo

229 3590 564 3644 superantur
604 3581 637 3630 li
681 3580 893 3632 ratione
928 3585 1276 3652 concipiens,
1307 3597 1470 3656 atque.
1506 3607 1643 3659 aqua
1703 3611 1803 3647 tm-

235 3667 476 3731 mobilis,
527 3671 888 3723 materiahum
940 3683 1396 3746 terrenorumque
1433 3684 1628 3747 pedum
1664 3701 1803 3752 pon-

232 3755 339 3809 dus
368 3759 666 3820 sustinens,
701 3776 802 3814 nec
844 3761 1059 3816 illorum
1113 3780 1145 3832 g
1252 3769 1368 3820 'tati
1413 3775 1777 3828 succumbens

231 3847 328 3899 sed
373 3853 776 3914 supernaturali
814 3852 1072 3908 facultate
1106 3856 1175 3906 ita
1212 3859 1526 3924 constituta,
1564 3873 1624 3917 ut
1671 3881 1803 3918 neu-

231 3944 372 3988 tram
408 3937 459 3988 in
493 3947 701 4004 partem
735 3940 1026 3995 difﬂueret.
1064 3943 1202 4008 Quid
1237 3962 1400 4014 porro
1430 3965 1567 4018 opus
1600 3966 1702 4016 est,
1743 3967 1802 4010 ttt

227 4039 291 4077 ea
323 4025 446 4091 quis
500 4032 831 4092 percurrat?
874 4034 1042 4086 multa
1082 4035 1192 4099 illa,
1237 4038 1490 4105 inquam,
1557 4054 1797 4110 etquam

232 4114 470 4181 plurima
524 4120 725 4184 quibus
786 4121 879 4188 qui
955 4123 1141 4179 divina
1216 4133 1575 4199 contemplari
1626 4138 1797 4198 novit,

230 4211 396 4263 supra
447 4203 646 4255 mentis
699 4217 913 4272 captum
957 4210 1122 4262 etiam
1162 4213 1262 4274 iis,
1310 4232 1431 4281 qua:
1489 4220 1556 4272 de
1605 4222 1801 4276 huma-

233 4288 401 4341 nitate
432 4290 557 4345 Jesu
588 4293 951 4357 affirmantttr,
987 4303 1460 4361 excellentissima:
1494 4315 1802 4380 negationis

228 4377 341 4428 vim
385 4382 558 4434 inesse
590 4396 899 4454 cognoscet.
930 4387 1086 4449 Nam,
1120 4404 1176 4445 ttt
1211 4409 1323 4446 rem
1365 4399 1415 4449 itt
1461 4377 1630 4466 pauca
1667 4419 1799 4457 cou-

1910 3243 2058 3284 ctum
2081 3244 2355 3288 cernatur.
2377 3235 2487 3289 IIac
2519 3255 2666 3290 enim
2687 3241 2892 3293 ratione
2922 3244 3081 3304 Deus,
3109 3255 3166 3296 ttt
3200 3245 3328 3297 mihi
3361 3247 3489 3313 qui-

1908 3323 2034 3375 dem
2081 3327 2406 3391 persuadeo,
2444 3330 2620 3395 punit.
2663 3329 2928 3385 Cat-terum
2965 3350 3088 3387 cum
3120 3339 3282 3390 variis
3323 3353 3486 3391 occa-

1909 3413 2187 3475 sionibtts,
2222 3425 2384 3483 atque
2426 3421 2767 3487 temporibus
2801 3423 3095 3476 humanum
3131 3441 3301 3494 genus
3344 3428 3484 3481 mul~

1913 3510 2089 3553 torum
2130 3513 2504 3568 peccatorum,
2556 3520 2678 3573 qua:
2719 3508 2809 3560 illa
2841 3510 3061 3564 malitia:
3093 3514 3246 3565 radix
3293 3524 3485 3582 protu-

1908 3590 2064 3654 lerat,
2104 3594 2290 3646 multis
2325 3595 2524 3658 modis,
2553 3613 2747 3667 nt-mpc
2778 3600 3046 3662 oratione,
3079 3603 3214 3670 ligo,
3250 3605 3486 3673 prophe-

1910 3679 2002 3740 tis,
2042 3679 2356 3746 bent-liciis,
2409 3687 2605 3748 minis,
2641 3689 2844 3756 plagis,
2874 3691 3243 3756 CIU\ittltlbllS,
3293 3694 3482 3748 incen-

1909 3771 2035 3834 diis,
2075 3773 2253 3837 bellis,
2284 3777 2527 3831 victoriis
2551 3818 2565 3838 ,
2594 3780 2874 3843 cladibus,
2922 3781 3185 3851 prodigiis
3224 3800 3288 3837 ex
3319 3788 3483 3850 (mlo,

1905 3874 1971 3912 es
2008 3876 2156 3924 aere,
2209 3881 2275 3916 ex
2326 3876 2490 3931 terra,
2524 3883 2587 3920 ex
2624 3886 2782 3930 mari,
2830 3873 3128 3939 insperatis
3166 3875 3476 3943 hom'num,

1910 3951 2212 4016 eivitatum,
2236 3959 2478 4023 gentium
2507 3962 2886 4014 eversionibus
2914 3964 3140 4031 (quibus
3169 3969 3484 4024 rationibus

1916 4045 2051 4096 nihil
2081 4046 2229 4099 aliud
2253 4049 2543 4116 agebatur,
2584 4053 2688 4106 nisi
2728 4065 2786 4105 ut
2834 4057 3037 4109 malitia
3085 4062 3475 4125 everteretur.)

1907 4136 2109 4189 frustra
2162 4140 2316 4205 prius
2364 4153 2510 4193 esset
2551 4144 2889 4198 admonitum
2948 4158 3004 4200 et
3060 4151 3482 4217 reprehensum,

1908 4235 1963 4277 ct
1995 4227 2296 4292 majoribus
2323 4233 2583 4297 peccatis,
2618 4245 2676 4286 ut
2711 4237 2919 4291 mutuis
2954 4239 3293 4306 homicidiis,
3324 4245 3481 4295 adul-

1911 4318 2086 4381 teriis,
2142 4320 2422 4389 perjttriis,
2473 4323 2684 4378 insanis
2739 4328 3020 4380 hominum
3069 4334 3374 4398 amoribus,
3427 4345 3483 4388 et

1908 4406 2075 4472 (quod
2110 4411 2356 4462 omnium
2397 4414 2662 4466 malorum
2704 4419 3085 4485 graviSsimnm
3117 4427 3255 4491 erat)
3307 4425 3482 4477 simu-

1916 4467 1960 4472 --
3121 4467 3253 4491 om,

233 4467 537 4535 trabamus,
575 4487 642 4526 ne
683 4474 846 4529 hmno
875 4479 1095 4546 quidem
1122 4493 1258 4544 erat,
1308 4501 1416 4540 non
1451 4492 1596 4556 quod
1635 4492 1798 4549 homo
1833 4491 1873 4543 D
1904 4497 2175 4550 lacrorum
2206 4503 2379 4566 cultu,
2405 4519 2516 4572 quo
2542 4505 2794 4562 homines
2825 4514 3073 4579 neglecto
3097 4515 3475 4578 Procreatore,

229 4573 345 4610 non-
366 4571 544 4626 esset,
581 4564 673 4617 sed
714 4569 857 4634 quod
916 4585 983 4623 ex
1028 4571 1361 4643 hominibus,
1420 4594 1585 4648 supra
1627 4600 1790 4652 quam

229 4647 479 4703 homines
505 4652 747 4716 soleant,
779 4664 942 4724 atque
977 4674 1140 4729 supra
1175 4664 1450 4722 hominem
1482 4647 1606 4727 vere
1639 4691 1799 4732 natus

228 4735 392 4790 homo
421 4741 489 4791 sit
517 4755 531 4792 :
563 4753 676 4796 tum
715 4758 974 4812 praterea
1019 4768 1196 4821 neque
1239 4757 1422 4813 divma
1457 4762 1674 4830 dtvme,
1706 4786 1800 4825 ue-

227 4845 337 4897 que
397 4831 635 4886 humana
701 4837 938 4895 humane
991 4855 1293 4912 operatus.
1358 4853 1454 4906 sed
1515 4858 1799 4914 inearnato

225 4920 338 4975 Deo
367 4938 563 4977 novam
594 4929 886 4995 quamdam
926 4934 1324 5005 theandricam,
1369 4943 1475 4999 hoc
1503 4957 1587 5002 est
1613 4949 1707 5004 Dei
1737 4964 1794 5008 et

225 5011 488 5077 hominis,
525 5018 795 5073 actionem
837 5024 996 5078 nobis
1020 5028 1353 5086 exhibuerit.

297 5105 351 5158 '5.
372 5105 651 5175 Ejusdem,
679 5127 743 5165 ex
763 5113 1083 5184 theologicis
1104 5120 1391 5181 elementis
1409 5132 1580 5185 sancti
1605 5132 1793 5188 lliero-

227 5193 379 5247 thei:
435 5195 570 5261 Quia
623 5213 752 5253 vero
783 5216 897 5269 prae
948 5220 1049 5260 suo
1097 5222 1225 5279 erga
1280 5227 1450 5281 genus
1496 5218 1791 5275 humanum

227 5292 413 5338 amore
443 5289 509 5341 ad
555 5299 794 5344 nostram
831 5309 1004 5361 usque
1034 5308 1280 5354 naturam
1311 5306 1488 5370 venit,
1518 5321 1667 5366 certe
1708 5329 1794 5368 es-

223 5375 456 5431 sentiam
484 5394 704 5450 quoque
741 5397 988 5441 nostram
1025 5405 1154 5447 vere
1202 5394 1399 5461 subiit,
1438 5413 1792 5473 summusque

225 5464 364 5522 adeo
382 5469 526 5524 Deus
556 5472 720 5528 homo
734 5485 789 5530 et
814 5478 990 5534 factus
1006 5491 1060 5535 et
1081 5481 1256 5538 dictus
1282 5495 1384 5542 est.
1415 5489 1581 5546 Nobis
1607 5464 1787 5553 autem

446 5626 765 5703 Patro/agna
791 5639 923 5687 tom.
963 5638 1050 5703 III,
1071 5642 1177 5696 col.
1206 5641 1332 5700 647.

270 5694 408 5762 I29)
429 5696 580 5752 ‘lbtd.
609 5694 711 5754 rel.
758 5704 911 5758 IO7I.

295 5766 404 5833 (δυ)
445 5767 561 5822 Non
591 5773 864 5839 medicum,
891 5790 946 5832 ut
970 5780 1156 5847 Zinus,
1188 5785 1281 5839 sed
1322 5794 1656 5848 monachum.
1690 5795 1778 5849 Sic

1900 4587 1966 4638 ad
2007 4605 2092 4642 res
2118 4603 2432 4658 procreatas
2461 4597 2720 4652 colendas
2749 4603 3132 4658 etadorandas
3163 4621 3220 4660 se
3247 4623 3478 4662 conver-

1900 4678 2105 4740 tebant,
2139 4682 2577 4753 obstringeretur
2629 4705 2642 4740 :
2682 4693 3041 4760 gravioraque
3060 4696 3170 4763 jatn
3202 4699 3475 4764 ejusmodi

1901 4770 2070 4822 morti
2105 4773 2350 4826 remedia
2386 4776 2890 4847 medicamentaque
2915 4785 3279 4851 requirerent,
3305 4789 3480 4856 majo-

1899 4877 1979 4921 ra,
2025 4863 2385 4930 gravioraque
2433 4878 2560 4921 sunt
2611 4870 2875 4924 adhibita.
2932 4874 3112 4941 Ipsum
3165 4877 3312 4931 enim
3374 4880 3475 4933 Dei

1897 4952 2162 5015 Verbum,
2188 4954 2333 5021 quod
2368 4965 2453 5009 est
2483 4968 2610 5011 ante
2639 4962 2858 5026 srecula,
2892 4964 3036 5030 quod
3073 4968 3472 5033 comprehendi

1900 5057 2008 5094 non
2043 5052 2247 5112 potest,
2287 5048 2432 5113 quod
2485 5063 2686 5118 corpus
2724 5068 2832 5105 non
2889 5053 3054 5108 habet
3106 5056 3184 5125 (et
3229 5074 3350 5126 qua:
3383 5075 3470 5113 se-

1897 5144 2178 5206 quuntur)
2211 5141 2323 5208 ipsa
2372 5143 2465 5196 Dei
2527 5147 2705 5213 imago
2752 5148 3243 5214 incommutabilis,
3293 5154 3472 5209 l’atris

1895 5229 2141 5286 definitio
2168 5241 2221 5285 et
2253 5233 2412 5296 ratio,
2448 5234 2744 5306 imaginem
2780 5256 2944 5309 quam
2979 5243 3188 5298 homini
3229 5243 3467 5314 impres-

1894 5329 2040 5373 serat
2095 5323 2211 5390 ipse
2261 5326 2490 5392 suscipit
2541 5340 2596 5382 et
2643 5341 2867 5399 propter
2925 5349 3188 5401 carnem,
3245 5350 3468 5392 carnem

1895 5412 2054 5478 gerit,
2086 5424 2141 5466 et
2171 5415 2352 5466 animo
2387 5420 2597 5473 ratione
2645 5422 2874 5490 prtedito
2925 5441 3024 5493 pro
3069 5427 3244 5484 salute
3298 5428 3468 5483 animi

1894 5513 2302 5568 comtmscetur,
2335 5516 2391 5558 ut
2423 5509 2588 5564 simili
2621 5513 2853 5568 similem
2879 5527 3096 5586 purget,
3123 5519 3175 5573 in
3211 5523 3471 5579 omnibus

1892 5657 2036 5738 enim
2072 5664 2323 5738 monachi
2355 5666 2648 5733 primitivre
2671 5669 2931 5728 Ecclesiae
2990 5676 3358 5735 dicebantur:
3398 5695 3469 5738 ex

1890 5727 2373 5789 l‘hiloneJustino
2420 5739 2616 5792 Euseb.
2644 5741 2708 5795 lU
2743 5753 2850 5796 etc.

1963 5800 2073 5866 (5|)
2111 5800 2240 5856 Vide
2270 5815 2400 5860 tottt.
2435 5808 2670 5874 XXXVI,
2699 5813 2802 5865 Col.
2838 5815 2960 5868 525.
