4274 6382
297 407 435 473 1225

1520 408 1909 473 THESAURI
1950 415 2098 477 LIB.
2139 417 2253 480 III.

3316 439 3446 502 l226

288 531 451 586 opera
478 513 672 568 similia
701 514 765 567 iis
795 527 915 581 quae
942 511 1141 602 scripta
1168 519 1312 576 sunt,
1344 512 1539 580 quibus
1568 525 1821 585 tanquam
1851 531 1893 586 Α
1924 535 2042 576 esse
2074 524 2345 590 concedis,
2382 541 2446 581 ex
2479 528 2676 583 eisdem
2709 532 2861 587 dabis
2895 537 3135 600 omnino,
3166 550 3219 594 et
3267 559 3445 602 ortum

289 607 451 668 notis,
502 612 692 656 natura
745 602 924 654 divina
978 601 1307 664 declaratur,
1363 602 1605 672 locuples
1659 609 1816 663 nobis

286 694 579 747 divinitatis
602 694 717 759 ejus
746 691 1113 743 testimonium
1162 690 1415 744 alferunt.
1446 692 1541 745 Dei
1586 710 1817 765 namque

284 796 402 836 esse
440 780 831 849 cognoscimus,
875 777 1185 831 hominibus
1214 780 1375 833 vitam
1407 782 1664 838 tribuere.
1703 785 1814 851 Dei,

285 886 347 923 ea
375 885 493 938 qua:
527 876 653 920 sunt
680 867 1019 935 providentia
1049 870 1206 930 tueri,
1242 884 1304 923 ac
1328 885 1671 928 conservare.
1698 877 1814 939 Dei,

282 961 460 1013 cibum
503 967 558 1009 et
608 964 787 1024 potum
840 957 907 1008 iis
953 972 1070 1024 quae
1113 959 1166 1011 in
1208 974 1369 1013 carne
1403 962 1558 1015 vitam
1592 966 1812 1035 degunt,

282 1042 515 1109 elargiri.
552 1043 662 1105 Dei,
710 1044 777 1094 de
806 1045 1132 1110 pauperibus
1177 1055 1229 1098 et
1279 1048 1644 1117 indigentibus
1676 1056 1813 1109 bene

282 1132 496 1181 mereri.
530 1130 645 1191 Dei,
682 1140 925 1182 naturam
958 1147 1076 1199 qua:
1108 1134 1415 1191 inﬁrmitate
1443 1155 1538 1194 sua
1571 1142 1638 1195 de
1663 1154 1809 1198 recta

278 1219 363 1270 via
396 1218 706 1284 deﬂexerat,
742 1221 1000 1275 reducere
1052 1222 1118 1274 ad
1169 1226 1450 1281 sanitatem
1475 1269 1490 1291 ,
1519 1242 1575 1284 et
1608 1233 1661 1285 in
1696 1235 1810 1301 pri-

277 1309 479 1360 stinum
513 1317 710 1360 statum
741 1323 992 1363 revocare
1024 1327 1039 1375 ;
1072 1311 1186 1376 Dei,
1217 1317 1430 1385 cunctis
1474 1333 1624 1385 teque
1651 1323 1810 1379 rebus

274 1394 573 1461 procreatis
624 1396 911 1462 imperare,
936 1456 937 1459 η
963 1404 1136 1461 terrm,
1171 1403 1325 1464 mari,
1358 1404 1489 1467 aeri,
1520 1416 1573 1459 et
1606 1407 1670 1461 iis
1691 1426 1807 1478 qum

274 1494 435 1547 supra
478 1498 655 1535 aerem
699 1485 800 1536 sita
841 1493 984 1537 sunt.
1032 1487 1145 1549 Dei,
1178 1501 1488 1557 perpetuam
1527 1498 1577 1548 in
1628 1503 1804 1555 omnia

273 1580 592 1635 potestatem
641 1571 866 1635 habere,
914 1574 1284 1644 imprimisque
1346 1596 1464 1636 esse
1528 1598 1700 1642 morte
1750 1598 1805 1643 et

270 1660 617 1725 corruptione
643 1664 993 1729 superiorem.
1015 1664 1213 1718 Horqu
1237 1669 1280 1721 si
1308 1671 1438 1738 quid
1474 1673 1527 1727 in
1557 1677 1798 1743 historia,

268 1764 374 1816 qua
402 1752 506 1802 vita
536 1752 706 1818 ipsius
734 1755 1081 1817 describitur,
1128 1756 1486 1828 desideratur,
1522 1766 1599 1820 illi
1632 1771 1721 1836 qui
1770 1786 1798 1824 a

271 1838 527 1905 religione
560 1850 687 1892 sunt
716 1843 919 1907 alieni,
957 1845 1152 1898 merito
1194 1853 1505 1917 mysterium
1551 1867 1797 1912 nostrum

268 1928 630 1992 repudiarent.
665 1929 757 1983 Sin
788 1934 969 1987 omnia
1016 1936 1213 2002 quibus
1254 1939 1395 1994 Deus
1438 1947 1797 2011 cognoscitur,

265 2017 320 2068 in
342 2032 403 2070 ea
428 2020 849 2086 conspiciuntur,
873 2024 1001 2092 quid
1032 2029 1280 2095 prohibet
1322 2034 1612 2099 quominus
1638 2037 1796 2092 fidem

273 2106 699 2177 religionemque
750 2115 1052 2183 suscipias?
1078 2121 1145 2171 At
1174 2122 1339 2183 enim,
1367 2124 1596 2191 inquies,
1648 2129 1795 2181 nasci

265 2204 322 2247 et
351 2195 503 2250 obire
551 2200 763 2267 propria
804 2213 930 2257 sunt
975 2205 1201 2272 hujusce
1248 2211 1447 2264 carnis.
1496 2212 1793 2271 Concedo:

262 2296 451 2336 verum
484 2299 546 2337 ea
576 2301 693 2353 quae
728 2298 905 2341 ortum
948 2293 1065 2359 ejus
1106 2307 1523 2361 praecesserunt,
1569 2315 1793 2370 qumque

262 2383 486 2425 mortem
516 2386 640 2427 SUlll
670 2378 974 2440 subsecuta,
997 2395 1335 2437 communem
1369 2396 1572 2440 natura:
1598 2400 1792 2445 nostra:

256 2462 620 2516 conditionem
643 2480 937 2533 superant:
960 2486 1081 2522 nam
1107 2473 1151 2524 si
1184 2484 1471 2543 utrumque
1500 2483 1787 2535 terminum

258 2545 506 2600 humanae
536 2551 656 2602 vita:
694 2554 1026 2615 consideres,
1064 2557 1269 2612 videbis
1300 2562 1440 2615 unde
1468 2564 1789 2632 incipiamus

252 2644 308 2689 et
339 2652 447 2704 quo
476 2640 825 2698 deducamur.
846 2645 889 2695 Α
915 2652 1265 2715 corruptione
1294 2654 1437 2703 enim
1464 2656 1786 2723 principium

251 2724 523 2790 ducimus,
554 2738 608 2780 et
639 2731 690 2781 in
731 2734 1136 2799 corruptionem
1166 2737 1503 2794 desinimus:
1541 2745 1657 2812 ejus
1692 2762 1787 2799 au-

252 2825 359 2865 tem
413 2832 512 2869 nec
563 2829 741 2871 ortum
786 2836 885 2875 nec
944 2834 1173 2879 mortem
1227 2831 1437 2897 excepit
1485 2839 1781 2903 corruptio.

251 2901 364 2955 Hoc
397 2904 492 2955 tibi
524 2906 897 2961 admirandum
930 2912 1142 2965 videtur
1169 2924 1223 2968 et
1252 2916 1610 2976 incredibile?
1641 2901 1783 2979 Cau-

250 2991 373 3043 deo.
408 2994 535 3055 Quae
564 2998 708 3047 enim
746 3012 907 3065 supra
935 3016 1093 3066 quam
1124 3005 1269 3058 credi
1294 3009 1515 3074 possint,
1548 3014 1776 3068 admira-

248 3079 377 3132 bilia
424 3092 614 3147 putas,
663 3100 726 3137 ea
779 3100 941 3153 supra
996 3099 1244 3144 naturain
1311 3110 1430 3150 esse
1483 3102 1844 3177 confiteris.c

246 3166 581 3234 Quapropter
633 3171 736 3225 hoc
802 3174 896 3226 tibi
928 3177 1230 3235 divinitatis
1258 3184 1374 3252 ejus
1416 3190 1776 3247 certissimum

245 3257 317 3305 sit
352 3267 755 3323 argumentum,
791 3264 934 3329 quod
967 3282 1086 3332 qua:
1131 3271 1197 3321 de
1248 3273 1339 3325 illo
1388 3279 1771 3347 praedicantur,

243 3358 351 3395 non
374 3355 676 3411 sequuntur
692 3355 913 3405 omnino
937 3357 1182 3409 ordinem
1205 3366 1503 3420 naturalem
1526 3387 1538 3421 :
1568 3374 1770 3427 etenim

243 3431 288 3483 si
330 3447 391 3484 ea
442 3449 560 3501 quae
591 3436 657 3488 de
696 3437 914 3494 Christo
946 3448 1220 3500 memoria:
1253 3454 1464 3517 prodita
1500 3470 1646 3526 sunt,
1680 3478 1771 3516 na-

244 3532 375 3574 tura:
403 3526 647 3579 terminis
673 3531 850 3582 omnia
875 3535 1298 3604 continerentur,
1324 3545 1410 3596 ubi
1441 3548 1584 3603 illius
1624 3566 1769 3609 esset

240 3609 531 3664 divinitas?
558 3614 690 3665 Cum
727 3632 855 3670 vero
883 3622 1196 3686 multorum,
1232 3631 1428 3695 quibus
1476 3635 1631 3690 ﬁdem
1659 3657 1765 3696 non

239 3695 425 3761 habes,
459 3706 594 3754 ratio
626 3714 871 3758 naturam
900 3721 1139 3777 superet,
1169 3716 1282 3770 haec
1313 3721 1425 3787 ipsa
1458 3728 1767 3784 testimonio

237 3795 385 3848 sunt,
421 3788 569 3842 illum
604 3807 762 3858 quem
810 3799 1166 3862 prtedicamus
1200 3805 1364 3859 Deum
1414 3814 1575 3867 etiam
1624 3834 1761 3873 esse.

237 3869 492 3925 Homines
549 3878 691 3928 enim
738 3894 1063 3947 generantur
1106 3904 1169 3940 ex
1218 3906 1497 3958 parentum
1541 3905 1763 3972 conjun-

233 3958 429 4023 ctione,
460 3971 661 4029 etpost
702 3978 928 4022 mortem
964 3974 1128 4039 ipsam
1163 3993 1596 4047 corrumpuntur.
1633 3992 1761 4057 Qua:

232 4046 276 4098 si
316 4047 381 4099 de
430 4050 547 4118 ipso
583 4053 913 4123 dicerentur,
953 4062 1119 4117 Deum
1149 4082 1267 4122 esse
1298 4088 1404 4126 non
1432 4092 1616 4143 posses
1643 4086 1759 4136 exi-

232 4135 469 4199 stimare,
505 4156 664 4206 quem
697 4148 940 4200 eamdem
976 4166 1133 4218 quam
1169 4172 1299 4220 nos,
1328 4161 1525 4220 habere
1552 4179 1759 4226 natura:

226 4223 586 4279 conditionem
630 4230 976 4301 intelligeres.
1025 4240 1093 4292 At
1146 4258 1266 4296 cum
1324 4250 1477 4305 illum
1531 4260 1751 4325 quidem

226 4320 410 4365 natum
459 4330 576 4368 esse
617 4320 791 4383 audis,
839 4324 930 4376 sed
976 4333 1230 4385 nascendi
1267 4339 1474 4394 ratione
1511 4360 1753 4403 commu-

223 4411 345 4451 nem
389 4412 594 4455 natura:
626 4420 822 4461 nostra:
863 4412 1107 4470 ordinem
1139 4434 1440 4490 superasse,
1473 4435 1751 4489 eumdem-
1786 4423 1825 4474 θ

220 4500 322 4551 que
359 4503 630 4544 mortuum
660 4497 901 4561 quidem,
936 4505 1028 4556 sed
1058 4514 1457 4577 corruptionem
1490 4534 1597 4574 non
1628 4531 1751 4578 atti-

216 4575 353 4641 gisse
390 4593 403 4627 :
442 4594 773 4648 consequens
796 4587 955 4652 foret,
983 4601 1040 4643 ut
1067 4596 1110 4646 si
1146 4598 1461 4659 alterutrum
1494 4610 1589 4662 tibi
1622 4628 1745 4668 cre-

217 4664 449 4717 dendqu
481 4684 583 4721 non
614 4683 778 4735 esset,
819 4676 1090 4734 hominem
1122 4686 1301 4751 potius
1334 4706 1457 4747 eum
1486 4712 1602 4753 esse
1639 4719 1743 4757 nou

211 4752 481 4819 crederes,
513 4773 676 4812 unum
704 4778 770 4816 ex
795 4765 859 4817 iis
882 4770 974 4834 qui
1009 4771 1060 4822 in
1088 4784 1278 4830 natura
1308 4786 1735 4855 conspiciuntur,

209 4847 266 4889 et
297 4854 455 4905 quem
490 4860 595 4897 non
644 4863 763 4902 esse
799 4851 1071 4909 hominem
1101 4866 1366 4932 crederes,
1397 4886 1518 4924 eum
1542 4891 1736 4933 neces-

208 4925 350 4977 sario
385 4928 551 4983 Deum
580 4949 697 4987 esse
721 4938 1082 4997 arbitrareris.
1107 4948 1206 5011 Qui
1237 4956 1380 5007 enim
1410 4974 1531 5012 eum
1559 4974 1733 5021 ortum

1920 620 1973 662 et
2010 623 2233 668 mortem
2257 617 2373 685 ejus
2396 632 2425 669 a
2458 623 2801 687 corruptione
2828 627 3011 692 procul
3041 627 3293 684 abfuisse.
3318 634 3443 697 Qua:

1918 700 1960 751 si
1990 709 2236 755 naturam
2268 713 2548 772 superant,
2592 705 2638 760 is
2688 710 2824 763 intra
2862 723 3106 768 naturam
3136 733 3242 772 non
3274 725 3446 774 conti-

1919 798 2113 855 netur,
2169 794 2261 859 qui
2319 805 2540 864 propter
2593 797 2705 851 haec
2750 811 2937 855 natura
2981 808 3227 874 superior
3277 810 3443 866 fuisse

1916 877 2336 935 demonstratur.

2489 995 2639 1052 CAP.
2672 997 2859 1053 XXXI.

1914 1095 2166 1163 Maximi,
2202 1102 2263 1153 de
2298 1104 2471 1157 divina
2500 1108 2877 1185 incarnatione,
2921 1127 2983 1164 ea:
3017 1114 3440 1185 interpretatione

1981 1169 2232 1221 orationis
2298 1175 2359 1222 de
2434 1185 2573 1227 ret-ta
2630 1169 2961 1251 confessione.
3015 1169 3439 1251 [lncdmutionis

1979 1240 2216 1318 mysteriq
2242 1240 2430 1318 nullius
2450 1245 2691 1309 facundia
2716 1240 2934 1313 exprimi
2964 1240 3190 1318 possunt,
3215 1240 3439 1311 sedsovla

1974 1303 2073 1369 ﬁde
2100 1305 2417 1378 creduntur.]

1980 1415 2029 1467 1.
2070 1416 2272 1483 Ecquis
2309 1428 2513 1474 tantum
2564 1426 2776 1479 excellit
2810 1427 3025 1482 dicendi
3057 1430 3327 1499 facultate,
3376 1449 3436 1492 ut

1904 1503 2117 1565 audeat,
2150 1515 2243 1557 aut
2278 1511 2444 1574 possit
2475 1514 2760 1579 explicare,
2792 1521 3061 1584 quomodo
3080 1528 3434 1595 comprehen-

1904 1605 1995 1644 sus
2022 1593 2092 1644 sit
2124 1594 2304 1649 Deus?

1970 1682 2023 1735 2.
2066 1683 2348 1747 Quomodo
2378 1704 2504 1743 caro
2538 1695 2654 1747 sine
2684 1700 2888 1754 semine
2921 1715 3171 1770 generata
3198 1709 3292 1761 sit?

1972 1768 2025 1821 3.
2060 1770 2342 1834 Quomodo
2396 1778 2511 1830 sine
2561 1768 3430 1863 corruptioneimulieris‘partus

1898 1861 2199 1914 exstiterit?

1963 1950 2017 2002 ι.
2072 1952 2354 2016 Quomodo
2402 1960 2553 2027 virgo
2592 1963 2743 2017 nullo
2792 1964 3160 2027 intercedente
3208 1974 3425 2033 homine

1896 2047 2068 2093 mater
2092 2046 2361 2097 evaserit?

1966 2128 2015 2181 5.
2056 2130 2336 2195 Quomodo
2366 2147 2553 2203 mater,
2589 2151 2742 2208 partu
2778 2145 3141 2216 virginitatem
3174 2170 3281 2209 non
3308 2162 3422 2213 sol-

1894 2225 2073 2282 vente,
2106 2221 2251 2287 virgo
2276 2230 2669 2289 permanserit?

1959 2306 2011 2359 6.
2054 2307 2120 2359 Et
2147 2310 2226 2376 (ut
2256 2325 2496 2366 extremo
2528 2316 2642 2371 loco
2675 2322 2816 2387 quod
2846 2324 3079 2391 primum
3108 2338 3191 2383 est
3219 2332 3419 2403 dicam)

1889 2398 2160 2463 quomodo
2190 2401 2329 2455 Deus
2359 2403 2535 2457 factus
2567 2410 2635 2461 sit
2670 2410 2864 2465 homo?

1959 2486 2008 2538 7.
2047 2487 2114 2539 Et
2144 2488 2304 2556 (quod
2333 2495 2503 2562 majus
2529 2502 2839 2566 mysterium
2862 2509 3123 2577 continet)
3145 2519 3417 2581 quomodo

1887 2588 1982 2640 per
2001 2580 2286 2632 essentiam
2312 2586 2601 2639 secundum
2625 2605 2903 2657 personam
2921 2598 2971 2649 in
2990 2615 3147 2655 carne
3162 2609 3415 2672 existens,

1887 2677 1982 2729 per
2007 2670 2294 2721 essentiam
2326 2676 2620 2730 secundum
2646 2695 2926 2745 personam
2956 2697 3100 2743 totus
3129 2700 3412 2764 sempcrin

1885 2753 2040 2808 Patre
2074 2757 2275 2812 fuerit?

1950 2845 2002 2897 8.
2043 2845 2321 2910 Quomodo
2364 2861 2419 2907 et
2475 2866 2618 2911 totus
2644 2859 2714 2913 sit
2745 2873 2935 2919 natura
2970 2869 3143 2936 Deus,
3176 2884 3228 2926 et
3267 2886 3410 2932 totus

1948 3202 1997 3253 1.
2037 3204 2155 3258 Haec
2182 3206 2314 3263 fides
2342 3214 2453 3268 sola
2485 3222 2914 3291 comprehendit,
2942 3245 3063 3285 cum
3081 3249 3263 3290 eorum
3283 3257 3400 3308 qum

1877 3298 2107 3343 mentem
2130 3303 2184 3347 et
2202 3301 2580 3366 cogitationem
2606 3324 2870 3378 superant
2897 3318 3284 3379 demonstratio
3305 3331 3398 3393 sit,

1871 3385 2030 3444 atque
2055 3384 2215 3436 etiam
2247 3391 2485 3456 cognitio
2508 3406 2563 3448 et
2595 3400 2842 3468 scientia,
2870 3421 2988 3474 qua:
3016 3413 3176 3467 nullis
3213 3419 3395 3471 verbis

1869 3464 2221 3524 demonstrari
2257 3480 2445 3541 possit.

1937 3556 1989 3607 2.
2029 3558 2315 3627 Ejusdem,
2366 3569 2600 3627 Adamus
2650 3591 2678 3629 a
2727 3579 2910 3635 divino
2946 3588 3194 3643 mandato
3237 3608 3389 3648 reen-

1866 3639 2000 3695 dens
2027 3645 2079 3696 in
2109 3663 2265 3701 causa
2303 3651 2423 3715 fuit,
2462 3669 2519 3710 ut
2547 3662 2775 3718 hominis
2816 3656 3137 3739 principium
3171 3678 3237 3729 sit
3264 3694 3387 3734 cum

1865 3732 2154 3799 voluptate,
2192 3739 2311 3793 finis
2357 3758 2477 3796 cum
2527 3750 2732 3805 dolore.
2781 3732 2910 3809 Nam
2957 3775 3078 3813 eum
3113 3766 3387 3835 voluptate

1864 3821 2118 3887 gignitur,
2150 3841 2271 3879 cum
2297 3830 2481 3886 dolore
2509 3842 2758 3894 moritur.
2792 3846 3037 3903 Christus
3084 3866 3261 3908 autem
3307 3860 3388 3913 fa-

1863 3916 1979 3960 ctus
2022 3914 2278 3971 obediens
2318 3922 2481 3975 alium
2517 3940 2581 3978 ex
2619 3928 2820 3997 Spiritu
2865 3949 3042 3992 ortum
3076 3943 3385 4004 hominibus

1861 3997 2087 4066 largitus
2116 4017 2218 4068 est,
2250 4012 2405 4078 cujus
2440 4016 2650 4070 initium
2687 4036 2715 4073 a
2744 4023 2928 4080 dolore
2969 4031 3185 4097 quidem
3224 4052 3385 4092 exeo-

1861 4082 2030 4139 lenda:
2078 4090 2313 4157 virtutis,
2366 4108 2420 4150 et
2467 4102 2741 4161 laboribus
2786 4116 3060 4168 nascitur:
3106 4124 3226 4177 linis
3259 4142 3382 4180 vero

1860 4173 2184 4241 voluptatem
2233 4192 2288 4235 et
2339 4190 2572 4253 quietem
2617 4204 2987 4268 consequitur.
3021 4208 3380 4271 Quamobrem

1856 4269 1910 4313 et
1938 4262 2048 4329 ipse
2077 4281 2197 4320 cum
2231 4273 2391 4326 vellet.
2419 4276 2579 4334 homo
2606 4282 2738 4350 fieri,
2777 4296 3022 4357 quamvis
3051 4304 3253 4358 semine
3281 4321 3380 4359 no-

1858 4351 2018 4405 luerit
2048 4364 2334 4426 generari,
2391 4380 2615 4425 mortem
2672 4386 2848 4433 tamen
2900 4386 3141 4450 perferre
3184 4396 3378 4459 voluit.

1855 4454 1960 4494 non
1992 4453 2050 4496 ut
2080 4449 2400 4518 voluptatis,
2430 4473 2546 4524 qua:
2577 4465 2723 4518 nulla
2770 4449 2966 4536 fuerat,
3005 4490 3144 4531 esset
3197 4499 3375 4549 pmna.

1855 4529 1943 4549 ﬂ,
2267 4541 2276 4549 .

2953 4529 2965 4536 .
3198 4529 3371 4549 r.-----.

1852 4529 1944 4580 sed
1991 4542 2047 4585 ut
2097 4550 2195 4590 nos
2246 4541 2526 4600 damnatos
2572 4553 2904 4625 absolveret,
2960 4576 3019 4617 ut
3067 4582 3237 4626 morte
3278 4591 3371 4628 sua

1851 4629 2079 4672 mortem
2112 4639 2347 4682 nostram
2383 4635 2738 4707 interimeret,
2770 4657 2822 4701 et
2865 4654 3177 4712 conciliaret
3219 4666 3374 4719 nobis

1848 4707 2319 4774 immortalitatem.

1915 4798 1948 4850 ὃ
2007 4801 2281 4870 Ejusdem.
2314 4811 2548 4879 JEquum
2577 4818 2698 4883 fuit,
2730 4832 2788 4875 ut.
2835 4828 2997 4896 Deus,
3042 4838 3133 4903 qui
3180 4850 3371 4899 natura

1842 4895 1897 4938 et
1919 4888 2111 4952 bonus,
2140 4907 2193 4949 et
2218 4902 2446 4965 sapiens,
2474 4915 2529 4957 et
2552 4909 2750 4976 justus,
2774 4925 2826 4968 et
2854 4930 3044 4984 potens
3059 4888 3174 4991 lest,
3196 4946 3374 5001 neque

1842 4977 1912 5001 nl:
1948 4977 2118 5001 I.....---
2166 4984 2178 5001 ¹
2295 4989 2304 4998 ⁸
2353 4988 2363 4998 ⁸

2854 4977 2867 4984 -
3112 4977 3123 4979 θ
3140 4977 3174 4991 ~v
3196 4977 3366 5001 ""1""

1840 4977 1913 5029 uti
1948 4977 2120 5034 bonus
2165 4984 2397 5042 hominis
2422 5006 2451 5043 a
2477 5009 2532 5047 se
2564 5007 2827 5064 procreati
2875 5008 3176 5077 despiceret
3210 5021 3366 5075 intir~

205 5027 323 5065 esse
357 5022 629 5073 memoriae
682 5026 920 5093 tradidit,
981 5033 1119 5087 idem
1169 5054 1234 5092 ex
1284 5043 1496 5114 Virgine
1547 5065 1731 5109 natum

210 5108 433 5157 testatus
479 5119 580 5160 est.
633 5111 995 5174 Quamobrem
1053 5126 1097 5177 si
1146 5129 1429 5197 scriptoris
1474 5143 1635 5196 verba
1680 5156 1731 5201 te

201 5189 495 5259 adducunt,
531 5207 587 5250 ut
616 5211 797 5255 natum
824 5208 1030 5276 credas,
1052 5215 1236 5270 eadem
1258 5222 1537 5291 scriptoris
1568 5233 1729 5287 verba

205 5279 298 5330 tibi
333 5282 482 5335 illum
530 5288 604 5341 ita
648 5303 829 5345 natum
863 5311 980 5351 esse
1029 5308 1383 5365 persuadeant
1423 5330 1435 5365 :
1470 5318 1559 5383 qui
1585 5323 1727 5375 enim

199 5377 380 5421 ortum
416 5366 584 5439 ipsius
619 5386 919 5446 'enarravit,
955 5387 1098 5442 idem
1139 5410 1260 5448 cum
1291 5414 1354 5451 ex
1386 5403 1596 5472 Virgine
1629 5412 1726 5464 ad-

193 5458 365 5522 junxit
389 5465 656 5520 exstitisse
688 5480 779 5524 :et
808 5475 899 5540 qui
938 5476 1002 5529 de
1036 5493 1207 5537 morte
1231 5494 1553 5546 mentionem
1575 5498 1719 5567 fecit,

198 5555 642 5609 resurrectionem
689 5562 848 5615 etiam
896 5578 1016 5634 post
1046 5585 1270 5629 mortem
1297 5590 1379 5634 est
1410 5593 1716 5645 atlestatus.

197 5632 342 5698 Quod
377 5642 416 5694 si
449 5657 511 5696 ex
546 5644 610 5699 iis
632 5661 752 5715 qua:
781 5632 955 5718 audis,
983 5667 1035 5710 et
1070 5674 1338 5723 mortuum
1383 5682 1435 5726 et
1472 5679 1714 5744 genitum

465 5738 726 5804 Panos.
760 5746 871 5808 Gn.
905 5750 1208 5815 CXXXIX.

1840 5067 2075 5120 mitatcm
2114 5089 2125 5123 :
2161 5084 2215 5126 et
2261 5078 2333 5129 uti
2366 5082 2581 5148 sapiens
2632 5090 2749 5157 ejus
2796 5101 3047 5153 curanda:
3098 5107 3363 5164 rationem

1832 5162 2096 5224 cognitam
2149 5164 2416 5249 haberet;
2442 5180 2498 5224 et.
2529 5177 2604 5228 uti
2630 5180 2808 5246 justus
2853 5200 2948 5238 eos
2988 5193 3081 5257 qui
3116 5196 3363 5252 volentes

1835 5250 2081 5302 servituti
2109 5266 2228 5307 sese
2254 5241 2618 5329 subjeceraut,
2651 5272 2795 5323 nulla
2829 5274 3084 5333 violentia
3114 5283 3167 5335 in
3194 5284 3361 5339 liber-

1831 5340 1991 5385 tatem
2021 5337 2315 5396 vindicaret
2344 5365 2355 5397 :
2384 5356 2437 5401 et
2460 5359 2515 5401 ut
2540 5362 2730 5419 potens
2756 5360 2821 5411 ad
2844 5362 2945 5417 hoc
2971 5368 3358 5433 perficiendum

1826 5426 1969 5477 vires
2002 5436 2056 5479 et
2083 5427 2394 5491 facultatem
2428 5440 2719 5501 obtineret.

1894 5514 1945 5565 4.
1989 5516 2078 5569 Dei
2118 5520 2350 5577 Verbum
2388 5544 2548 5585 carne
2595 5539 2759 5592 semel
2802 5557 3115 5609 generatum
3147 5552 3352 5622 Spiritu

1895 5600 2046 5622 ἱ--,.ει

1825 5600 2131 5660 volentibus
2195 5625 2408 5683 semper
2458 5634 2766 5687 generatur.
2802 5600 2988 5690 vMores
3015 5600 3347 5711 virtutesque

1824 5693 1974 5758 quasi
2001 5708 2195 5766 corpus
2232 5704 2349 5773 ejus
2376 5713 2733 5785 constituunt,
2762 5734 3033 5781 sermones
3059 5729 3111 5782 in
3146 5731 3348 5803 Spiritu

2885 5818 2958 5877 39
