4274 6382
888 336 1015 399 1227

2114 339 2155 396 Ν
2174 339 2402 397 ΙΕΕΤᾸΞ
2441 339 2838 399 (ΞΗΟΝΙΑΤᾹΞ

3920 355 4062 419 1223

885 441 1054 495 habiti
1091 441 1325 495 animam
1351 479 1365 502 .
1407 448 1640 496 mentem
1670 455 1800 496 vero
1832 441 2130 509 theologica
2177 453 2423 495 conlem-
2446 448 2494 506 Α
2521 444 2855 512 phantasiam
2907 462 3001 501 seu
3033 449 3428 508 simulationem
3471 454 3783 527 disponens,
3805 463 3900 517 sed
3933 480 4065 519 car-

882 532 1068 599 platio.

951 622 1004 673 5.
1047 619 1317 689 Ejusdem.
1350 618 1450 684 Qui
1481 621 1598 674 sine
1636 630 1860 689 peccato
1908 620 2080 675 factus
2123 628 2208 675 est
2234 621 2417 686 homo,

880 711 1100 764 omnino
1130 708 1247 761 sine
1281 707 1581 762 mulatione
1632 709 1933 762 divinitatis
1980 708 2255 762 hominem
2282 710 2420 762 divi-

882 811 1008 848 num
1032 793 1245 856 elliciet,
1271 810 1505 864 eumque
1536 810 1633 863 per
1656 812 1713 849 se
1738 803 1944 848 tantum
1972 797 2214 860 extollet,
2243 812 2415 865 quan—

879 894 993 938 tum
1025 899 1122 952 per
1153 885 1303 937 illum
1336 900 1455 939 sese
1500 886 1772 939 submisit.
1813 885 1871 938 In
1909 886 2122 939 sasculis
2152 888 2298 940 enim
2333 886 2418 938 lu-

878 976 1035 1037 turis,
1095 984 1155 1027 ut
1222 976 1298 1028 ait
1356 976 1691 1043 Apostolus,
1752 976 2008 1043 patelient
2090 977 2415 1032 excellentes

878 1066 1079 1117 divitia:
1117 1066 1375 1117 bonitatis
1405 1080 1530 1133 erga
1565 1081 1661 1118 nos
1693 1066 1808 1116 Dei.

947 1155 997 1206 6.
1039 1154 1503 1219 Quemadmodum
1554 1156 1604 1205 in
1661 1155 1779 1206 lana
1830 1154 2094 1216 candida,
2139 1156 2181 1207 si
2234 1154 2415 1206 colore

877 1260 1130 1312 purpurae
1159 1246 1454 1308 imbuatur,
1486 1262 1594 1297 non
1625 1244 1733 1295 duo
1753 1254 1900 1305 sunt,
1929 1246 2022 1297 sed
2058 1260 2194 1297 unus
2226 1244 2410 1296 color:

875 1336 953 1388 sic
983 1337 1035 1387 in
1073 1345 1251 1388 mente
1293 1337 1524 1387 humana
1561 1351 1590 1387 a
1625 1335 1731 1387 Deo
1769 1344 2043 1402 assumpta
2070 1374 2085 1399 ,
2119 1336 2412 1401 divinaque

878 1426 1107 1485 reddita,
1149 1440 1257 1478 non
1306 1426 1415 1478 duo
1462 1435 1584 1478 sunt
1633 1426 1911 1493 principes
1948 1426 2089 1477 Deus
2136 1433 2191 1476 et
2238 1439 2407 1485 mens,

873 1515 967 1568 sed
1005 1524 1143 1568 unus
1172 1515 1263 1583 qui
1298 1527 1535 1568 mentem
1564 1515 1801 1567 divinam
1832 1513 2064 1567 reddidit
2094 1513 2256 1565 Deus.

1434 1646 1582 1699 CAP.
1638 1645 1852 1699 XXXII.

1263 1759 1484 1812 Joannis
1531 1759 1847 1809 Damasceni
1887 1757 2018 1825 (55).

943 1872 1177 1942 Angelus
1220 1870 1429 1923 Domini
1481 1870 1677 1921 missus
1716 1867 1781 1920 ad
1842 1880 2083 1922 sanctam
2118 1870 2409 1939 Virginem,

873 1979 991 2032 quae
1037 1978 1209 2029 genus
1260 1976 1326 2014 ex
1366 1960 1619 2013 Davidica
1672 1960 1815 2012 tribu
1868 1959 2129 2023 ducebat,
2182 1962 2412 2029 (constat

874 2069 1017 2107 enim
1070 2054 1355 2106 Dominum
1403 2066 1469 2103 ex
1522 2050 1659 2104 Juda
1690 2061 1867 2102 ortum
1916 2050 2181 2116 traxisse),
2214 2066 2412 2118 quaex

876 2143 1019 2196 tribu
1069 2142 1250 2194 nullus
1316 2140 1553 2193 animum
1603 2138 1668 2190 ad
1701 2138 2056 2189 sacerdotium
2088 2139 2316 2205 appulit.
2397 2176 2412 2192 .

876 2336 936 2377 ut
978 2325 1166 2375 beatus
1216 2320 1509 2388 Apostolus
1544 2321 1636 2383 ait,
1673 2321 1739 2370 de
1782 2334 1889 2386 quo
1946 2328 2128 2386 postea
2170 2319 2413 2371 dicemus

875 2418 1143 2484 apertius)
1181 2415 1256 2467 sic
1285 2411 1662 2479 evangelizans
1694 2410 1829 2462 dixit
1858 2428 1871 2463 :
1906 2411 2009 2464 Ave
2038 2411 2208 2477 gratia
2237 2409 2411 2475 plena,

874 2509 1123 2559 Dominus
1159 2512 1343 2554 tecum.
1395 2500 1524 2563 Quae
1567 2512 1688 2551 cuni
1734 2499 1946 2549 turbata
1978 2508 2122 2548 esset
2159 2497 2255 2546 hoc
2296 2508 2408 2545 ser-

876 2612 1052 2659 mone,
1090 2594 1317 2660 subjecit
1343 2591 1563 2658 angelus
1592 2587 1703 2640 :Ne
1727 2590 1930 2649 linteas,
1962 2584 2152 2648 Maria,
2178 2583 2415 2635 invenisti

875 2687 1010 2739 enim
1055 2685 1285 2753 gratiora
1312 2681 1448 2742 apud
1487 2678 1786 2738 Dominum,
1818 2685 1863 2728 et
1894 2678 2061 2742 paries
2116 2673 2332 2733 Filium,
2367 2680 2415 2724 cl

881 2775 1084 2829 vocabis
1112 2787 1293 2824 nomen
1317 2771 1425 2837 cjus
1448 2768 1645 2821 Jesum.
1684 2765 1803 2834 Ipse
1831 2768 1967 2816 enim
2001 2764 2223 2815 servabit
2253 2778 2415 2830 popu-

877 2871 982 2918 lum
1006 2881 1158 2917 suum
1191 2881 1221 2915 a
1248 2864 1464 2930 peccatis
1490 2877 1665 2911 eorum
1695 2875 1712 2911 :
1742 2858 1883 2911 unde
1907 2858 2065 2911 Iesus
2088 2865 2414 2909 servatorem

875 2958 1158 3026 signiﬁcat.
1177 2954 1303 3018 Quae
1324 2968 1444 3005 cum
1473 2951 1722 3003 haesitans
1739 2947 2133 3016 respondisset:
2155 2945 2417 3008 Quomodo

873 3048 960 3115 [iet
987 3047 1143 3107 istud,
1177 3048 1299 3113 quia
1323 3059 1489 3095 virum
1516 3057 1617 3092 non
1660 3040 1944 3108 cognosco?
1966 3038 2162 3105 adjecit
2200 3036 2419 3104 angelus
2443 3071 2485 3131 Ο

876 3137 1103 3203 Spiritus
1128 3145 1336 3185 sanctus
1365 3129 1685 3191 superveniet
1714 3129 1767 3178 in
1797 3137 1864 3186 te,
1897 3138 1944 3177 et
1977 3127 2135 3177 virtus
2158 3125 2415 3177 Altissimi

876 3223 1199 3276 obumbmbil
1229 3222 1341 3284 tibi,
1368 3222 1579 3286 ideoque
1599 3223 1732 3285 quod
1753 3225 1994 3268 nascetur
2018 3230 2083 3267 ea:
2099 3225 2145 3266 te
2166 3213 2412 3267 Sanctum

875 3315 1139 3366 vocabitur
1164 3312 1327 3363 lt'ilius
1359 3312 1469 3362 1ὶεὶ.
1508 3309 1596 3360 Illa
1620 3322 1782 3360 vero:
1821 3307 1967 3365 Ecce,
2000 3306 2195 3372 inquit,
2224 3301 2416 3357 ancilla

878 3403 1105 3461 Domini,
1140 3399 1235 3466 ﬁat
1274 3398 1398 3449 milii
1425 3397 1699 3447 secundant
1730 3394 1936 3446 verbum
1963 3405 2111 3445 luunt
2140 3395 2206 3446 ".

948 3492 1133 3559 Itaque
1166 3488 1255 3541 ubi
1289 3489 1519 3555 primum
1552 3496 1735 3537 sancta
1781 3482 2055 3535 consensit
2083 3482 2263 3549 Virgo,
2296 3479 2419 3547 Spi-

883 3580 1022 3634 ritus
1060 3586 1283 3631 sanctus
1305 3578 1359 3628 in
1382 3590 1500 3628 eam
1518 3574 1819 3635 descendit,
1846 3582 2003 3639 prout
2028 3572 2285 3623 Dominus
2315 3585 2412 3637 per

879 3671 1131 3739 angelum
1157 3669 1387 3725 dixerat,
1415 3674 1475 3718 ut
1513 3678 1631 3717 eam
1666 3672 1939 3731 purgaret,
1977 3661 2192 3727 vimque
2224 3660 2421 3711 divini-

885 3762 1011 3815 tatis
1072 3768 1127 3811 ct
1178 3755 1546 3825 generationis
1578 3753 1740 3806 Verbi
1788 3767 2038 3819 capacem
2088 3761 2418 3818 suggereret.

883 3850 1151 3915 'l'nncquc
1182 3861 1279 3914 per
1313 3859 1369 3897 se
1418 3843 1720 3895 subsistens
1750 3842 1997 3893 altissuni
2028 3840 2120 3893 Dei
2158 3839 2420 3906 sapientia

881 3954 937 3993 et
962 3941 1155 4000 virtus,
1183 3937 1433 3988 nimirum
1464 3936 1557 3987 Dei
1602 3934 1770 3985 Filius
1805 3932 1946 3983 Patri
1986 3931 2419 3983 consubstantia-

881 4032 970 4093 lis,
1003 4028 1143 4081 haud
1181 4041 1336 4079 secus
1374 4035 1533 4092 atque
1574 4024 1817 4076 divinum
1874 4036 2056 4073 semen
2086 4036 2203 4073 eam
2232 4022 2422 4071 eburn-

886 4126 1079 4185 ltravit,
1108 4120 1317 4186 sibique
1346 4120 1442 4185 ipsi
1471 4132 1535 4170 ex
1563 4118 1726 4168 castis
1750 4115 1866 4181 ejus
1888 4123 1941 4165 et
1974 4111 2276 4179 purissimis
2302 4126 2426 4162 san-

887 4213 1140 4282 guiatbus
1175 4223 1393 4261 carnem
1428 4208 1603 4258 anima
1636 4204 1862 4256 rationis
1895 4214 1949 4254 et
1979 4201 2282 4253 intellectus
2311 4213 2428 4264 par-

889 4302 1051 4368 ticipe
1073 4301 1361 4350 animatum
1394 4293 1679 4361 compegit,
1713 4300 1909 4343 nostra:
1933 4304 2122 4341 massae
2147 4288 2381 4354 primitia
2411 4300 2423 4337 :

2521 551 2642 588 nem
2688 539 2864 590 anima
2917 540 3141 593 rationis
3188 552 3244 595 et
3286 544 3591 602 intellectus
3623 552 3887 621 participe
3942 558 4062 609 ani-

2518 635 2713 678 niatam
2739 641 2802 679 ex
2833 635 3017 681 sancta
3046 627 3260 699 Virgine
3284 647 3585 699 assumens,
3607 655 3827 709 qumque
3862 643 3915 696 in
3939 645 4061 712 ipso

2516 718 2809 768 essentiam
2862 717 3127 782 haberet,
3180 721 3512 790 hypostatice
3563 730 3885 797 conjunctus
3945 746 4057 797 est,

2518 804 2665 855 nulla
2701 806 3048 870 confusione,
3076 809 3221 862 nulla
3258 816 3573 875 mutatione,
3608 820 3753 872 nulla
3786 820 4057 874 divisione.

2514 893 2671 955 facta,
2703 894 2998 951 divinitatis
3046 912 3154 951 suae
3195 909 3385 955 natura
3429 905 3482 957 in
3533 908 3712 961 carnis
3762 911 4057 963 essentiam

2515 980 2740 1033 minime
2772 992 2999 1049 mutata,
3036 1002 3210 1054 neque
3236 1000 3447 1053 contra,
3476 993 3650 1046 carnis
3680 1010 3790 1048 sua:
3814 1000 4057 1052 essentia

2516 1066 2570 1120 in
2599 1083 2706 1120 sua:
2739 1068 3042 1125 divinitatis
3084 1084 3326 1128 naturam
3377 1092 3633 1132 conversa
3666 1096 3679 1131 :
3708 1096 3884 1149 neque
3946 1101 4056 1137 una

2514 1158 2810 1225 eademque
2843 1167 3056 1221 natura,
3092 1166 3386 1231 composita
3407 1181 3470 1220 ex
3496 1169 3677 1224 divina
3709 1186 3803 1224 sua
3832 1183 4055 1242 natura,

2511 1255 2568 1298 et
2602 1246 2841 1298 humana
2865 1262 3022 1315 quain
3054 1264 3441 1319 assumpScr-at.

3084 1380 3228 1435 CAP.
3251 1382 3484 1441 XXXIII.

2512 1489 2782 1554 Eiusdem,
2820 1492 2893 1544 De
2939 1493 3086 1544 modo
3112 1496 3446 1571 ἅντιδὸδξεως,
3481 1515 3572 1571 seu
3601 1511 3791 1557 mittiue
3817 1506 4063 1571 proprio-

2995 1571 3161 1614 tatum
3200 1567 3565 1619 relribuiouis.

2586 1693 2752 1747 Voces
2800 1694 2881 1747 hae
2922 1694 3217 1751 divinitatis
3265 1709 3319 1752 et
3367 1700 3732 1766 immanitatis,
3762 1707 4059 1759 essentiam

2517 1782 2630 1836 sive
2647 1791 2892 1836 naturam
2917 1786 3239 1853 signiﬁcant.
3276 1788 3380 1841 Illa:
3404 1805 3548 1854 vero,
3579 1791 3718 1845 Deus
3754 1800 3809 1846 et
3868 1794 4058 1857 homo,

2511 1874 2671 1926 modo
2699 1876 2986 1927 essentiam
3025 1876 3279 1941 indicant,
3328 1888 3384 1930 ut
3428 1893 3550 1932 eum
3604 1883 3866 1935 dicimus:
3914 1884 4062 1937 Deus

2507 1965 2738 2015 essentia
2772 1975 2853 2017 est
2883 1979 3002 2032 quae
3028 1967 3406 2032 comprehendi
3469 1984 3574 2021 non
3629 1980 3831 2038 petest,
3881 1973 4008 2025 item
4044 1988 4056 2022 :

2509 2050 2650 2105 Deus
2677 2061 2761 2104 est
2782 2066 2921 2104 unus
2945 2068 2958 2103 :
2990 2054 3146 2106 modo
3164 2070 3418 2122 personas
3451 2057 3743 2122 declarant,
3764 2060 3830 2112 de
3861 2061 4063 2126 quibus

2511 2139 2580 2191 ita
2615 2140 2811 2193 dicitur
2851 2150 2908 2193 ut
2933 2142 3141 2208 species
3165 2144 3232 2195 de
3287 2147 3400 2197 suis
3446 2146 3754 2205 indisiduis,
3785 2157 3842 2197 ut
3897 2148 3951 2199 in
3993 2164 4064 2200 eo

2512 2228 2802 2295 Scriptura:
2868 2231 3026 2285 loco:
3077 2229 3356 2299 Pmpterea
3412 2238 3559 2286 unxit
3587 2244 3633 2286 te
3700 2235 3859 2298 Deus,
3918 2236 4064 2289 Deus

2511 2319 2736 2380 tuus"';
2766 2334 2892 2371 ecce
2914 2321 3055 2372 enim
3088 2321 3174 2374 hic
3192 2322 3398 2375 Patrem
3426 2335 3477 2376 et
3499 2325 3686 2376 Fidum
3716 2329 4060 2394 signiﬁcavit.

2509 2405 2721 2459 Etcum
2766 2407 2899 2474 legis
2938 2408 2993 2460 in
3025 2410 3129 2461 alio
3183 2412 3305 2464 loco
3334 2430 3346 2464 :
3379 2416 3546 2465 Homo
3586 2414 3794 2481 quidam
3846 2424 3959 2467 erat
4004 2417 4061 2468 ia

2511 2495 2720 2560 regione
2759 2495 3085 2559 Ausitide";
3124 2495 3293 2549 Jobus
3338 2506 3483 2551 enim
3543 2502 3694 2552 solus
3763 2502 4061 2555 indicatur.

2511 2582 2771 2646 Quoniam
2792 2583 2951 2652 igitur
2971 2586 3021 2636 in
3043 2586 3265 2638 Domino
3308 2596 3500 2641 nostro
3526 2587 3649 2640 Jesu
3679 2587 3895 2642 Christo
3923 2592 4063 2645 duas

2513 2682 2734 2726 naturas
2761 2674 3117 2741 agnoscimus,
3170 2688 3225 2728 et
3288 2692 3447 2729 unam
3508 2686 3711 2730 tantum
3771 2693 4062 2745 personam

2515 2780 2633 2831 qua:
2656 2778 2719 2816 ex
2744 2774 2969 2831 utraque
2992 2774 3202 2816 constat
3255 2778 3446 2818 natura
3468 2806 3483 2829 ,
3517 2768 3739 2832 proinde
3801 2784 3924 2821 cum
3958 2786 4062 2821 na-

2518 2862 2663 2905 turas
2696 2852 3141 2919 contemplamur,
3176 2854 3511 2906 divinitatem
3565 2866 3619 2907 et
3666 2859 4061 2911 humanitatem

2516 2941 2766 2995 dicimus.
2796 2943 3019 3006 Quando
3049 2954 3224 2997 autem
3248 2958 3314 2995 ex
3335 2953 3523 2996 natura
3568 2954 3899 2999 constantem
3934 2962 4061 3007 per—

2518 3047 2724 3095 sonam,
2750 3034 2794 3086 si
2818 3049 2881 3085 cx
2914 3044 3137 3099 utraque
3167 3042 3366 3101 naturaj
3390 3046 3634 3086 constare
3658 3037 4061 3099 consideretur,

2516 3136 2632 3175 eam
2660 3134 2769 3174 tum
2799 3122 3091 3183 Christum,
3132 3132 3241 3175 tum
3261 3124 3424 3175 Deum
3452 3133 3508 3175 et
3556 3124 3827 3178 hominem
3872 3128 4063 3190 simul,

2516 3220 2628 3263 tum
2658 3212 2825 3265 Deum
2854 3214 3186 3265 incarnatum
3235 3227 3518 3265 vocamus:
3554 3214 3636 3265 sin
3665 3228 3729 3265 ex
3778 3226 3906 3275 una,
3948 3225 4062 3266 tum

2516 3303 2683 3354 Deum
2714 3307 3061 3365 duntaxat,et
3094 3304 3285 3355 Filium
3319 3304 3430 3361 Dei.
3459 3313 3566 3354 tum
3594 3305 3862 3354 hominem
3882 3308 4063 3355 solum

2517 3391 2864 3458 appellamus.
2892 3392 2954 3443 lit
2982 3390 3269 3457 aliquando
3301 3392 3516 3456 quidem
3560 3406 3625 3442 ex
3648 3391 4065 3442 sublimioribus

2517 3481 2833 3541 rationibus,
2865 3481 3151 3547 aliquando
3206 3488 3383 3531 autem
3415 3494 3477 3531 ex
3524 3478 3903 3532 humilioribus
3927 3495 4063 3531 cou-

2517 3570 2822 3622 sideratur:
2850 3584 2987 3620 unus
3016 3569 3157 3621 enim
3181 3577 3284 3626 est,
3325 3568 3434 3618 sive
3462 3567 3561 3617 hoc
3592 3569 3701 3617 sive
3742 3567 3834 3617 illo
3898 3567 4064 3617 modo

2517 3662 2756 3711 exsistat.
2792 3658 2905 3711 lam
2945 3672 3066 3708 cum
3098 3658 3429 3708 divinitatem
3458 3655 3701 3715 dicimus,
3724 3669 3841 3706 eam
3870 3655 4065 3706 huma-

2519 3748 2703 3800 nitatis
2759 3745 3179 3815 proprietatibus
3222 3760 3329 3796 non
3391 3742 3835 3795 denominamus:
3887 3756 4067 3807 neque

2518 3840 2661 3892 enim
2704 3826 2932 3891 dicimus
2963 3836 3294 3889 divinitatem
3329 3837 3460 3902 pati,
3497 3844 3590 3886 aut
3625 3844 3856 3886 creatam
3920 3847 4065 3885 esse.

2519 3929 2625 3982 Nec
2647 3944 2857 3982 rursum
2890 3932 2953 3979 de
3004 3916 3186 3988 carne,
3238 3936 3331 3977 aut
3371 3927 3701 3977 humanitate
3758 3923 4068 3975 divinitatis

2522 4020 2872 4087 preprietates
2915 4016 3274 4068 enuntiamns.
3319 4013 3757 4082 Quandoquidem
3798 4026 3899 4063 nec
3947 4025 4071 4061 ear-

2521 4126 2645 4162 nem
2687 4124 2787 4161 nec
2818 4108 3202 4159 humanitatem
3254 4107 3542 4159 incrcatam
3591 4108 3946 4173 appellamus.
3999 4110 4069 4160 At

2525 4212 2782 4264 personae,
2815 4198 2925 4249 sive
2949 4212 3012 4249 ex
3047 4213 3169 4257 una,
3200 4197 3310 4248 sive
3339 4202 3403 4248 ex
3435 4206 3655 4262 utraque
3685 4211 3833 4262 parte
3881 4198 4067 4247 nomi-

2529 4302 2735 4349 nemus,
2767 4288 3045 4352 utriusque
3081 4296 3281 4338 natura:
3324 4290 3673 4352 pro;~riclates
3693 4286 4063 4339 attribuimus.

890 4407 991 4445 nec
1017 4392 1066 4443 id
1093 4406 1157 4441 cx
1184 4389 1409 4447 semine,
1442 4387 1534 4439 sed
1562 4385 1747 4437 divino
1768 4382 2018 4443 artiﬁcio,
2040 4396 2133 4448 per
2166 4379 2421 4445 Spiritum
2456 4375 2501 4433 Ι)
2531 4376 2736 4429 Etenim
2789 4376 3055 4436 Christus,
3106 4373 3554 4441 quemadmodum
3608 4382 3897 4439 utrumque
3961 4384 4067 4434 est,

892 4491 1141 4537 sanctum
1205 4497 1218 4530 :
1283 4492 1381 4530 nec
1455 4477 1625 4544 ﬁgura
1696 4474 1951 4542 paulatim
2029 4470 2430 4523 accessionibus

893 4545 1196 4632 cll'ormata,
1234 4568 1326 4619 sed
1371 4582 1477 4618 uno
1522 4565 1821 4628 eodemque
1880 4570 2151 4615 momento
2195 4560 2428 4626 perleca

895 4665 1072 4727 ipsum
1111 4658 1199 4711 Dei
1244 4658 1477 4710 Verbum
1529 4656 1708 4707 carnis
1753 4651 2063 4721 hypostasin
2114 4647 2425 4711 assumpsit.

899 4754 1080 4816 itaque
1110 4763 1230 4800 cum
1287 4745 1519 4813 primum
1557 4756 1681 4794 caro
1730 4740 1855 4799 fuit,
1890 4739 1981 4790 Dei
2022 4750 2235 4803 quoque
2266 4734 2426 4786 Verbi

898 4854 1025 4889 caro
1061 4836 1162 4887 luit
1193 4852 1204 4885 :
1233 4843 1288 4885 ct
1312 4848 1433 4885 cum
1462 4831 1692 4898 primum
1726 4826 1963 4878 animata
1992 4836 2141 4882 caro,
2176 4818 2430 4872 rationis-

898 4943 1001 4995 que
1032 4936 1087 4978 et
1119 4923 1423 4977 intellectus
1457 4921 1726 4988 particeps
1746 4916 1865 4975 fuit,
1905 4913 1997 4966 Dei
2028 4925 2242 4978 quoque
2267 4906 2428 4960 Verbi

900 5024 1133 5068 animata
1168 5025 1315 5071 caro,
1352 5008 1683 5072 rationisque
1726 5012 1780 5056 et
1831 5001 2134 5054 intellectus
2167 4996 2432 5065 particeps

903 5106 1021 5158 Iuit.
1053 5103 1313 5169 Quocirca
1343 5114 1450 5153 non
1479 5098 1752 5149 hominem
1791 5093 2122 5153 deilicatum,
2168 5088 2261 5141 sed
2301 5086 2432 5139 Ver-

903 5201 1028 5249 bum
1059 5173 1393 5247 incarnatum
1419 5189 1670 5243 dicimus.
1703 5186 1834 5243 Nam
1871 5196 1993 5237 cum
2026 5183 2295 5249 perlectus
2335 5191 2430 5229 na-

905 5298 1021 5340 tura
1070 5285 1211 5337 Deus
1287 5292 1449 5345 esset,
1526 5278 1669 5331 idem
1747 5277 1908 5329 homo
1979 5286 2194 5340 quoque
2254 5268 2429 5336 perfe-

901 5384 1021 5426 ctus
1069 5381 1151 5423 ρει
1199 5385 1213 5420 ς
1258 5384 1430 5435 neque
1488 5375 1735 5418 naturam
1809 5369 2043 5423 mutans,
2105 5372 2281 5424 neque
2334 5371 2431 5423 per

980 5534 1021 5561 τ’
1068 5532 1199 5583 Luc.
1230 5544 1265 5590 t,
1296 5528 1365 5580 28
1391 5542 1541 5594 seqq.
1618 5526 1680 5554 ἠ’
1713 5522 1850 5576 Psal.
1885 5535 2021 5585 xuv,
2046 5519 2098 5571 8.

976 5647 1083 5708 (⁸53)
1131 5645 1280 5697 Tom.
1318 5640 1489 5703 XCIV,
1521 5640 1643 5693 983.

2528 4468 2604 4517 sic
2630 4467 2789 4517 etiam
2811 4464 3026 4526 dicitur,
3050 4474 3158 4515 tum
3188 4463 3325 4515 Deus
3353 4472 3405 4514 et
3455 4462 3632 4522 homo,
3689 4472 3800 4511 tum
3850 4473 4072 4514 creatus

2527 4562 2580 4605 cl
2612 4554 2905 4610 iucreatus.
2948 4562 3057 4604 tum
3084 4552 3192 4619 pati
3250 4560 3439 4603 etnon
3517 4550 3660 4620 pati:
3726 4548 3859 4613 quin
3903 4552 4069 4600 etiam

2527 4660 2645 4696 cum
2672 4660 2736 4697 ex
2762 4656 2863 4695 una
2881 4651 3085 4694 tantum
3120 4648 3288 4707 parte,
3314 4637 3396 4689 vel
3423 4637 3560 4689 Deus
3608 4646 3700 4688 aut
3758 4636 3930 4688 Filius
3978 4638 4072 4689 Dei

2528 4733 2857 4793 nominatur,
2889 4731 3184 4796 conjunctae
3208 4728 3303 4780 sibi
3334 4735 3536 4778 natura:
3565 4741 3655 4776 seu
3682 4726 3862 4775 carnis
3897 4726 4072 4776 susci-

2530 4824 2659 4890 cipit
2689 4823 3058 4890 preprietitcs.
3091 4819 3325 4885 Itemque
3366 4816 3504 4867 Deus
3560 4828 3765 4879 passus,
3793 4822 3848 4864 et
3886 4813 4073 4866 Domi-

2531 4927 2631 4963 nus
2655 4910 2833 4979 glorite
2856 4910 3040 4961 alIixus
3072 4908 3239 4966 cruci,
3292 4920 3395 4957 non
3442 4914 3703 4971 Quatenus
3756 4901 3923 4964 Deus,
3981 4902 4072 4954 sed

2534 5011 2800 5069 quatenus
2824 5001 2983 5051 homo
3008 4998 3245 5050 dicitur:
3288 4996 3371 5046 vel
3396 4995 3574 5054 homo,
3610 5001 3701 5043 aut
3763 4991 3942 5043 Filius
3976 4992 4073 5042 ho-

2536 5091 2696 5142 minis
2763 5098 3006 5150 vocatur,
3067 5084 3311 5138 essentiae
3372 5083 3559 5136 divinae
3612 5081 3981 5147 proprietates
4024 5084 4076 5129 et

2535 5180 2820 5246 dignitates
2856 5176 3108 5237 admittit,
3132 5182 3453 5240 vocaturque
3474 5171 3728 5239 puerulus
3752 5175 3876 5218 ante
3900 5180 4075 5218 saeuo

2531 5266 2601 5327 Ia,
2634 5276 2686 5319 et
2718 5266 2876 5319 homo
2907 5266 3021 5317 sine
3042 5263 3336 5331 principio:
3370 5275 3474 5311 non
3532 5267 3795 5324 quatenus
3816 5264 3899 5307 est
3941 5266 4074 5319 pue-

2535 5356 2683 5409 rulus
2738 5362 2830 5408 aut
2899 5355 3091 5416 homo,
3146 5352 3238 5405 sed
3290 5361 3555 5417 quatenus
3609 5346 3750 5399 Deus
3807 5344 4076 5396 exsisteus

2206 5515 2249 5546 ⁷³
2277 5514 2397 5569 Job.
2425 5528 2464 5577 t,
2502 5513 2546 5565 l.
