4274 6382
267 401 399 467 1229

1485 394 1867 457 THESAURI
1888 393 2049 453 LIB.
2089 392 2201 451 IlI.

3288 394 3420 457 1230

262 518 385 563 ante
414 505 629 571 sarcula,
666 504 718 558 in
743 503 1046 558 novissimis
1087 511 1243 557 natus
1267 510 1349 556 est
1374 503 1600 557 saeculis.
1627 505 1799 571 Atque
1828 505 1870 561 Α
1898 499 2148 555 omnibus
2173 496 2520 552 humanitatis
2550 495 2794 565 personis
2844 495 3141 554 secundum
3174 512 3431 565 personas

263 600 375 653 haec
394 597 608 665 quidem
641 604 721 650 est
756 594 889 648 ratio
922 603 1121 646 mutuae
1141 593 1466 659 alternaeque
1491 592 1800 647 attributio-

262 688 348 741 nis
379 686 657 752 utriusque
678 691 880 735 natura:
920 695 1039 749 quae
1066 694 1189 733 suas
1243 691 1469 748 utraque
1516 678 1804 748 preprieta-

265 786 345 830 tes
375 775 525 828 alteri
581 772 816 826 vicissim
869 771 1087 839 praebet,
1119 778 1398 838 propterea
1456 769 1598 836 quod
1644 782 1801 821 unam

270 877 325 921 et
368 866 610 920 eamdem
662 878 942 931 personam
1006 862 1358 923 constituunt,
1410 874 1572 926 seque
1617 867 1803 911 mutuo

265 955 749 1022 comprehendunt.
782 952 855 1003 Ex
885 965 992 1017 quo
1012 949 1087 1011 lit,
1132 959 1187 1001 ut
1248 949 1313 1001 de
1374 948 1588 1001 Christo
1633 948 1803 1016 possi-

264 1058 385 1097 mus
403 1044 584 1097 diCere
617 1059 630 1093 :
671 1041 763 1093 llic
791 1041 931 1092 Deus
970 1051 1170 1102 noster,
1222 1039 1275 1091 iu
1331 1046 1472 1091 terra
1514 1039 1659 1091 visus
1700 1044 1801 1102 est,

264 1141 319 1184 et
377 1146 497 1184 cum
585 1129 896 1182 hominibus
975 1137 1240 1180 versatus.
1302 1126 1472 1179 item:
1510 1124 1607 1179 llic
1646 1126 1803 1178 homo

265 1236 364 1277 nec
421 1231 636 1274 creatus
712 1231 939 1283 est,nec
995 1217 1217 1285 patitur,
1270 1231 1369 1270 nec
1420 1216 1530 1269 ullo
1571 1216 1803 1270 termino

266 1310 747 1365 circumscribitur.

825 1437 973 1493 CAP.
1002 1436 1236 1492 XXXIV.

273 1552 540 1622 Ejusdem.
592 1552 771 1604 Totam
809 1554 1031 1605 divinam
1069 1561 1310 1604 naturam
1357 1553 1408 1603 in
1446 1566 1547 1602 una
1588 1566 1803 1603 suarum

339 1623 1042 1688 personarumrotihumanw
1081 1631 1284 1688 natura:
1321 1622 1650 1680 coniunctam
1672 1634 1801 1681 esse,

337 1687 439 1740 non
512 1703 684 1740 autem
736 1700 933 1754 partem
988 1692 1168 1753 parti:
1202 1687 1215 1755 Ι
1244 1702 1357 1754 qua:
1392 1688 1593 1752 quidem
1635 1690 1802 1739 oratio

335 1759 623 1807 necessaria
642 1766 714 1807 est
744 1759 899 1807 etiam
920 1756 1316 1821 adversusfillos,
1342 1758 1429 1823 qui
1452 1757 1507 1807 in
1529 1764 1711 1806 sancta
1755 1763 1802 1806 et

338 1826 567 1891 ejusdem
625 1836 858 1876 essentne
919 1816 1175 1891 Trinitatis
1238 1811 1365 1875 tres'
1406 1831 1647 1876 asserunt
1691 1837 1804 1876 esse
1836 1811 1877 1865 Β

337 1889 629 1959 singulares
659 1889 953 1961 essentias.]

335 2022 463 2087 Quae
487 2038 768 2076 commune
800 2031 856 2077 et
916 2023 1248 2086 universum,
1287 2038 1349 2077 ac
1408 2022 1568 2075 veluti
1632 2030 1804 2076 totum

270 2114 521 2182 quiddam
555 2114 907 2178 censtituunt,
936 2130 999 2167 ea
1016 2113 1083 2167 de
1117 2114 1376 2182 subjectis
1404 2113 1508 2165 sibi
1566 2112 1809 2180 partibus

268 2204 539 2255 dicuntur.
572 2202 755 2269 itaque
777 2217 899 2256 eum
918 2202 1151 2255 essentia
1194 2214 1480 2253 commune
1514 2208 1568 2253 et
1595 2200 1811 2253 univer-

271 2306 386 2344 sum
439 2291 697 2358 quiddam
744 2292 833 2353 sit,
898 2306 960 2343 ac
1016 2292 1181 2343 totius
1260 2291 1517 2343 rationem
1572 2289 1811 2343 obtineat

272 2393 495 2445 persona
525 2392 700 2432 autem
737 2394 879 2447 pars,
916 2381 1091 2447 (pars.
1126 2379 1364 2447 inquam,
1389 2395 1494 2432 non
1526 2380 1668 2448 quod
1703 2397 1804 2432 na-

278 2478 413 2520 tur-.e
474 2477 680 2535 partem
747 2467 961 2530 habeat,
1018 2476 1223 2535 partem
1291 2484 1397 2521 non
1452 2468 1666 2531 habeat,
1715 2468 1806 2522 sed

274 2570 497 2607 numero
526 2570 668 2622 pars,
703 2563 757 2606 ut
812 2556 1176 2618 individuum;
1222 2570 1449 2608 numero
1506 2557 1675 2616 enim,
1704 2570 1810 2608 non

279 2654 471 2695 natura
513 2644 770 2696 dilieruut
795 2645 1071 2710 personae)
1116 2647 1349 2696 essentia
1387 2644 1587 2697 dicitur
1606 2645 1671 2697 de
1691 2660 1812 2712 per-

274 2747 421 2784 sona.
447 2732 709 2794 Quoniam
739 2733 790 2782 in
820 2746 1138 2797 unaquaque.
1180 2732 1423 2798 ejusdem
1472 2731 1667 2798 speciei
1694 2747 1811 2800 per-

279 2838 530 2875 sonarum
556 2833 638 2875 est
669 2823 899 2875 essentia
923 2824 1176 2889 perlecta.

342 2908 700 2973 Quamobrem
769 2924 1009 2975 persona:
1094 2908 1325 2961 essentia
1396 2922 1502 2961 non
1556 2907 1814 2961 dill'erunt

274 2997 412 3049 inter
443 3011 520 3056 se,
552 2997 644 3048 sed
667 2996 1051 3048 accidentibus.
1096 2996 1402 3048 Accidentia
1447 3009 1579 3047 voco
1625 2996 1815 3047 chara-

1902 605 2019 645 esse
2054 588 2387 657 conjunctas.
2422 586 2575 639 Nulla
2620 585 2763 640 enim
2794 585 2921 648 alia,
2955 583 3059 637 nisi
3090 584 3434 653 approbatioc

1902 681 1985 732 nis
2005 692 2059 733 et
2088 676 2385 730 voluntatis
2417 675 2625 728 ratione
2652 674 2807 729 Pater
2844 682 2899 727 et
2928 672 3162 743 Spiritus
3193 684 3435 735 sanctus,

1902 775 2187 833 assumpta
2204 782 2232 818 a
2258 766 2368 819 Deo
2386 764 2563 819 Verbo
2603 764 2920 817 humanitati
2943 762 3437 817 communicarunt.
3484 794 3492 823 ς

1904 857 2091 910 Totam
2149 871 2276 908 vero
2330 854 2627 908 divinitatis
2692 856 2976 907 essentiam
3033 855 3129 908 ιοιί
3184 854 3435 908 humanas

1902 956 2107 997 natura:
2136 945 2473 1010 conjunctam
2494 942 2803 996 asserimus.
2838 942 2972 1006 Quia
3030 943 3164 996 nihil
3223 956 3436 1005 eorum,

1902 1050 2019 1103 quae
2051 1044 2255 1087 natura:
2288 1043 2482 1086 nostra:
2527 1034 2667 1086 Deus
2729 1033 2962 1085 Verbum
3014 1032 3260 1093 inseruit,
3314 1045 3439 1084 cum

1903 1123 2061 1177 initio
2094 1138 2192 1176 nos
2227 1132 2560 1191 procrearet,
2594 1122 2821 1184 dimisit,
2849 1121 2942 1175 sed
2970 1121 3148 1173 omnia
3184 1122 3439 1188 suscepit.

1902 1228 2093 1282 nempe
2124 1228 2339 1281 corpus,
2369 1215 2599 1266 animam
2643 1222 2826 1266 mente
2878 1213 3193 1278 rationeque
3244 1210 3438 1278 pradi-

1906 1320 2035 1369 tam,
2078 1319 2138 1361 et
2193 1319 2374 1359 eorum
2428 1302 3033 1372 preprietates(animal
3091 1302 3234 1353 enim
3290 1299 3437 1368 quod

1903 1400 2093 1454 barum
2118 1397 2293 1465 aliqua
2323 1405 2469 1463 parte
2518 1404 2679 1453 caret.
2703 1410 2809 1447 non
2865 1401 2949 1447 est
3004 1390 3219 1457 homo).
3247 1390 3441 1443 Totum

1901 1487 2044 1542 enim
2080 1495 2224 1539 totus
2241 1483 2550 1551 assumpsit,
2588 1491 2643 1535 et
2678 1490 2820 1535 totus
2851 1482 2945 1535 toti
2989 1481 3306 1548 conjunctus
3338 1488 3442 1539 est.

1904 1585 1962 1628 ut
1991 1574 2084 1627 toti
2113 1574 2337 1627 salutem
2372 1572 2672 1639 largiretur.
2729 1570 2880 1634 Quod
2935 1570 3077 1624 enim
3138 1586 3245 1623 non
3299 1578 3444 1624 esset

1903 1671 2253 1729 assumptum,
2297 1661 2438 1714 foret
2485 1660 2803 1715 incurabiie.
2869 1658 3228 1727 Conjunctum
3278 1660 3443 1727 igitur

1903 1760 1983 1805 est
2014 1754 2158 1804 carni
2182 1751 2413 1805 Verbum
2447 1750 2562 1812 Dei,
2601 1759 2656 1802 et
2681 1749 2822 1803 Deus
2876 1763 2970 1817 per
3015 1750 3247 1800 mentem
3302 1748 3442 1799 inter

1909 1841 2002 1894 Dei
2033 1842 2320 1909 puritatem
2344 1850 2399 1893 et
2449 1838 2629 1892 carnis
2656 1837 3072 1891 crassitudinem
3097 1836 3436 1889 interceden—

1908 1940 2035 1984 tem.
2072 1931 2205 1983 Nam
2236 1930 2429 1983 animas
2473 1929 2689 1996 quidem
2732 1930 3015 1995 carnisque
3052 1928 3302 1996 princeps
3359 1934 3444 1980 est

1907 2035 2078 2083 mens,
2108 2026 2294 2087 utpote
2349 2018 2637 2086 purissima
2671 2015 2844 2084 ipsius
2874 2017 3068 2069 animas
3118 2031 3259 2084 pars,
3303 2017 3445 2069 Deus

1907 2118 2083 2161 autem
2118 2107 2289 2174 ipsius
2307 2106 2518 2166 mentis,
2555 2120 2674 2172 quae
2702 2118 2823 2157 cum
2871 2105 3014 2159 cedit
3060 2105 3447 2173 prmstantiori,

1908 2196 2265 2265 principatum
2299 2194 2533 2247 ostendit
2562 2209 2743 2247 suum.
2793 2193 3088 2247 ‘Sicautem
3134 2208 3260 2247 cum
3304 2209 3449 2263 prc-

1908 2289 2151 2343 stantiori
2175 2289 2537 2357 conjungitur,
2559 2296 2718 2355 atque
2744 2287 2819 2341 illi
2848 2287 3184 2355 obsequitur,
3208 2296 3266 2339 ut
3287 2287 3449 2341 faciat

1908 2391 2259 2445 quaecumque
2313 2376 2562 2428 voluntas
2588 2375 2770 2427 divina
2828 2374 3155 2443 praescribit.
3191 2375 3340 2429 Mens
3361 2384 3449 2429 est

1909 2465 2211 2519 divinitatis
2254 2463 2357 2517 sibi
2400 2478 2495 2531 per
2553 2476 2834 2530 personam
2911 2464 3214 2533 conjuncta:
3272 2464 3445 2525 locus,

1909 2554 2356 2624 quemadmodum
2386 2562 2439 2606 et
2461 2568 2605 2615 caro,
2638 2567 2743 2615 non
2772 2562 2951 2607 autem
3002 2554 3162 2607 simul
3225 2553 3448 2607 inhabi-

1912 2655 2005 2703 tat.
2039 2657 2099 2699 ut
2128 2645 2396 2713 opinionis
2417 2658 2601 2696 errore
2636 2643 2981 2709 decipiuntur
3027 2642 3283 2704 lueretici,
3310 2642 3400 2710 qui
3430 2660 3444 2695 :

1908 2735 2203 2800 Quomodo,
2236 2733 2516 2801 inquiunt.
2566 2732 2711 2800 quod
2748 2746 2912 2785 unum
2950 2740 3157 2784 tantum
3210 2732 3448 2785 modium

1910 2826 2070 2892 capit.
2089 2825 2224 2877 duos
2250 2824 2457 2875 modios
2476 2821 2771 2875 continebit
2791 2819 2901 2890 (36)
2924 2821 2946 2872 ’ἔ
2967 2822 3159 2874 Errant
3192 2820 3446 2888 imperiti,

1910 2915 2035 2981 quia
2065 2915 2270 2965 ratione
2304 2926 2559 2979 corporea
2593 2911 2891 2981 dijudicant
2940 2924 3021 2973 ea,
3053 2926 3170 2977 quae
3193 2926 3223 2963 a
3278 2919 3449 2964 mate-

1913 3002 1991 3053 ria
2044 3010 2171 3053 sunt
2230 3000 2612 3052 remotissima.
2680 2998 2964 3062 Quomodo
3002 2998 3147 3051 enim
3197 2997 3448 3052 Christus

277 3097 451 3138 cteres
482 3100 546 3136 ac
576 3096 731 3136 notas
780 3086 892 3137 illas
919 3085 1182 3151 proprias,
1228 3100 1346 3151 qua:
1372 3099 1676 3151 personam,
1705 3099 1807 3136 non
1835 3116 1877 3171 α
1913 3090 2122 3142 dicetur
2142 3089 2407 3156 perfectus
2445 3088 2603 3149 Deus,
2636 3096 2690 3140 et
2713 3088 2980 3155 perlectus
3012 3089 3189 3151 homo,
3222 3099 3279 3141 et
3308 3089 3451 3156 ejus-

275 3183 453 3224 autem
510 3174 797 3225 essentiam
837 3174 1139 3241 designant.
1196 3173 1283 3224 Sic
1330 3173 1471 3224 enim
1524 3188 1808 3239 personam

274 3263 553 3323 deﬁniunt,
586 3274 642 3315 ut
670 3264 738 3314 sit
770 3265 1000 3316 essentia
1043 3277 1160 3314 cum
1187 3261 1552 3315 accidentibus
1597 3263 1814 3329 conjun-

278 3363 385 3403 cta.
421 3352 595 3414 Quare
622 3366 847 3418 persona
904 3351 1065 3403 habet
1098 3351 1171 3413 id,
1203 3349 1345 3417 quod
1401 3360 1483 3401 est
1529 3364 1813 3401 commune

274 3457 394 3494 cum
426 3444 636 3509 propria
687 3452 809 3493 nota
858 3442 1184 3508 copulatum.
1237 3441 1481 3492 Esseutia
1533 3454 1658 3492 vero
1706 3454 1812 3494 non

275 3546 369 3597 per
426 3546 484 3582 se
550 3531 819 3592 subsistit,
886 3531 977 3582 sed
1012 3529 1065 3580 in
1119 3528 1360 3596 persentis
1419 3528 1810 3583 consideratur.

273 3617 457 3684 itaque
487 3632 606 3670 cum
630 3634 734 3670 una
771 3618 967 3686 patitur
1003 3630 1369 3683 personarum,
1402 3617 1578 3670 omnis
1627 3632 1814 3670 essen-

275 3706 374 3766 tia,
405 3720 502 3772 per
536 3722 693 3773 quam
732 3718 814 3758 est
857 3720 1102 3772 persona,
1135 3707 1189 3757 in
1222 3720 1325 3757 una
1350 3720 1567 3757 suarum
1630 3721 1816 3772 perso-

275 3807 463 3843 narum
496 3793 693 3845 dicitur
729 3808 901 3860 passa.
933 3792 1039 3845 Nec
1074 3802 1250 3845 tamen
1284 3794 1528 3859 sequitur
1569 3807 1815 3846 necessa-

276 3883 375 3945 rio,
411 3892 468 3934 ut
492 3898 676 3934 omnes
701 3883 938 3949 ejusdem
963 3884 1161 3949 speciei
1190 3897 1427 3948 persona:
1472 3882 1629 3935 simul
1681 3897 1807 3935 cum

279 3972 364 4025 illa
391 3986 508 4037 qua:
536 3987 688 4037 passa
740 3980 857 4033 est,
890 3972 1017 4039 ipsa:
1065 3987 1283 4038 quoque
1338 3987 1500 4039 passa:
1549 3974 1812 4026 dicantur.

277 4060 364 4111 Sic
386 4074 511 4125 ergo
546 4059 864 4111 conﬁtemur
913 4068 1077 4111 totam
1108 4060 1413 4112 divinitatis
1465 4070 1707 4113 naturam
1760 4063 1813 4114 in

275 4145 497 4211 singulis
541 4147 783 4210 personis
850 4146 963 4197 suis
1016 4160 1135 4197 esse
1192 4146 1507 4212 perfectam,
1561 4154 1730 4198 totam
1761 4149 1814 4200 in

275 4231 433 4285 Patre
464 4271 477 4293 ,
513 4242 674 4285 tutam
729 4233 780 4284 in
835 4232 990 4295 Filio,
1046 4244 1209 4285 totam
1262 4234 1315 4284 in
1360 4232 1562 4300 Spiritu
1609 4246 1811 4290 sancto.

276 4319 537 4383 Quocirca
566 4330 621 4374 et
654 4321 923 4387 perfectus
958 4321 1096 4372 Deus
1121 4331 1203 4374 est
1235 4322 1412 4385 Pater,
1449 4332 1503 4375 et
1550 4324 1816 4390 perfectus

1910 3178 2031 3231 dem
2060 3191 2181 3230 cum
2212 3178 2368 3230 Patre
2389 3184 2445 3229 et
2506 3177 2783 3230 nobiscum
2832 3177 3096 3239 essentia,
3153 3177 3196 3230 si
3243 3186 3447 3245 partem

1911 3268 2107 3320 divina:
2138 3275 2341 3318 naturae
2365 3281 2486 3318 cum
2520 3274 2673 3332 parte
2703 3268 3176 3318 naturarhumanaa
3198 3266 3249 3318 in
3271 3266 3449 3334 seipse

1912 3354 2230 3422 coniungat?
2280 3354 2445 3406 Porro
2507 3352 2736 3405 dicimus
2803 3360 3051 3405 naturam
3109 3360 3347 3406 nostram
3413 3366 3444 3404 a

1912 3443 2138 3496 mortuis
2153 3441 2468 3503 surrexisse,
2497 3449 2551 3493 et
2581 3440 2639 3492 in.
2673 3440 2867 3492 ctelum
2918 3438 3251 3499 ascendisse,
3277 3444 3332 3490 et
3364 3452 3452 3489 se-

1912 3531 2056 3585 disse
2078 3531 2143 3583 ad
2166 3531 2439 3583 dexteram
2471 3530 2664 3590 Patris,
2696 3544 2800 3580 non
2832 3527 2975 3593 quod
3002 3541 3192 3580 omnes
3210 3525 3452 3579 omnium

1913 3620 2192 3674 hominum
2251 3634 2491 3686 personae
2544 3618 2900 3677 surrexerint,
2948 3625 3003 3669 et
3065 3614 3131 3668 ad
3175 3616 3451 3669 dexteram

1913 3711 2083 3763 Patris
2113 3709 2478 3771 consederint,
2505 3708 2611 3783 sed.
2636 3706 2777 3774 quod
2807 3707 2981 3759 omnis
3016 3715 3205 3759 natura
3264 3713 3454 3759 nostra

1914 3799 2027 3852 haec
2058 3800 2108 3850 in
2134 3797 2332 3851 Christi
2362 3811 2588 3864 persona
2635 3796 2707 3849 sit
2735 3803 3022 3849 consecuta
3049 3810 3062 3846 :
3098 3794 3227 3858 Nos,
3278 3794 3455 3862 inquit

1914 3890 2100 3942 beatus
2127 3888 2428 3954 Apostolus,
2452 3901 2755 3953 consurgere
2817 3894 2863 3935 et
2887 3884 3146 3935 considere
3206 3884 3324 3951 fecit
3400 3882 3457 3933 in

1915 3977 2115 4031 Christo
2135 3978 2177 4006 ⁷⁸
2196 4011 2210 4026 .
2231 3976 2489 4027 Praeterea
2523 3974 2753 4026 dicimus
2778 3972 3210 4041 conjunctionem
3237 3970 3374 4023 hanc
3390 3983 3456 4022 ex

1915 4065 2348 4120 eommmunibus
2398 4063 2652 4116 essentiis
2702 4062 3024 4114 conlectam.
3086 4060 3218 4113 Nam
3280 4060 3455 4113 omnis

1914 4155 2167 4215 essentia,
2204 4163 2262 4207 ut
2292 4168 2577 4206 commune
2623 4162 2781 4219 atque
2829 4153 3136 4203 universum
3171 4149 3454 4217 quiddam,

1915 4254 2100 4292 omnes
2128 4237 2228 4290 sibi
2282 4238 2551 4305 subjectus
2607 4251 2865 4305 personas
2914 4236 3309 4303 complectitur.
3343 4235 3457 4289 Nec

1916 4329 2043 4381 licet
2097 4338 2343 4379 naturam
2402 4328 2513 4378 sive
2567 4327 2854 4378 essentiam
2917 4326 3077 4377 ullam
3123 4325 3450 4392 singularem

276 4408 415 4461 Deus
464 4418 544 4462 est
604 4408 787 4471 Filius,
827 4418 881 4461 et
933 4410 1201 4476 perlectus
1242 4410 1380 4462 Deus
1454 4420 1534 4463 est
1584 4412 1813 4479 Spiritus
1844 4406 1887 4462 ο
1916 4416 2282 4481 privatamque
2308 4412 2688 4479 reperirezsic
2706 4412 2852 4477 enim
2887 4420 3030 4464 esset
3072 4412 3457 4473 necessarium,

276 4507 509 4549 sanctus.
546 4495 633 4549 Sic
657 4497 783 4547 item
808 4496 862 4547 in
890 4496 1222 4547 humanitate
1248 4506 1523 4563 assumpta
1584 4500 1650 4551 ab
1701 4514 1810 4550 uno

257 4593 470 4636 sanctae
512 4584 787 4635 Trinitatis
842 4586 946 4634 Deo
968 4582 1142 4635 Verbo
1188 4592 1353 4636 totam
1416 4596 1473 4638 et
1525 4586 1814 4652 perfectam

275 4669 575 4721 divinitatis
600 4680 868 4731 naturam,
946 4670 999 4721 in
1055 4685 1159 4723 una
1181 4686 1399 4723 suarum
1461 4688 1814 4740 personarum

276 4758 371 4809 toti
429 4758 673 4810 humanae
736 4767 956 4821 naturae,
1014 4773 1124 4811 non
1178 4769 1354 4812 autem
1427 4772 1629 4827 partem
1678 4764 1817 4830 parti

274 4844 437 4899 fuisse
468 4849 803 4915 conjunctam
840 4850 1087 4901 dicimus.
1122 4848 1252 4901 Nam
1290 4858 1348 4901 ut
1402 4849 1592 4903 beatus
1642 4851 1818 4918 inquit

274 4940 583 5005 Apostolus,
612 4940 663 4989 in
696 4941 802 5005 ipso
848 4939 1108 4991 inhabitat
1139 4940 1301 4990 omnis
1328 4938 1592 5005 plenitudo
1630 4942 1816 4994 divini-

274 5031 395 5080 tatis
426 5029 765 5094 corporaliter
787 5027 832 5057 ⁷⁸
856 5066 869 5090 ,
903 5027 953 5079 id
983 5035 1084 5089 est,
1116 5029 1169 5078 in
1200 5044 1356 5080 carne
1385 5031 1518 5097 ejus.
1541 5030 1606 5083 Et
1661 5031 1810 5085 Pauli

271 5117 569 5183 discipulus
629 5118 681 5167 in
731 5116 890 5169 rebus
948 5116 1145 5169 divinis
1165 5118 1496 5184 explicandis
1543 5121 1811 5173 excellen-

272 5203 513 5256 tissimus
534 5204 850 5272 Dionysius:
873 5204 940 5258 Se
968 5213 1153 5265 totam,
1176 5204 1371 5270 inquit,
1398 5205 1448 5257 in
1472 5222 1573 5258 uua
1592 5222 1809 5261 suarum

274 5308 625 5360 personarum
677 5294 1109 5345 communicavit.
1174 5291 1283 5345 Nec
1339 5301 1513 5345 tamen
1555 5308 1810 5361 cogemur

271 5382 449 5435 dicere
480 5397 684 5445 omnes,
723 5398 817 5438 seu
848 5393 956 5436 tres
976 5393 1171 5436 sanctae
1218 5384 1513 5440 divinitatis
1554 5400 1811 5453 personas

340 5533 383 5566 "
411 5532 527 5586 Col.
552 5548 608 5597 ιι,
643 5534 695 5588 9.
770 5537 814 5567 "
845 5534 959 5587 Col.
987 5551 1043 5589 ιιι
1097 5540 1147 5592 i.

1913 4518 2171 4571 personas
2202 4503 2344 4569 ipsas
2363 4503 2610 4554 essentia:
2636 4510 2691 4553 et
2723 4501 2963 4568 ejusdem
2991 4514 3111 4553 esse
3129 4508 3183 4553 et
3208 4500 3455 4560 diversae,

1913 4602 1965 4645 et
2016 4601 2257 4644 sanctam
2293 4590 2611 4643 Trinitatem
2660 4590 2910 4656 ejusdem
2933 4604 3071 4650 esse,
3127 4588 3459 4655 diversaeque

1912 4680 2183 4740 essentiae,
2203 4688 2462 4745 quantum
2495 4678 2727 4744 pertinet
2749 4678 2813 4729 ad
2860 4677 3216 4730 divinitatem.
3249 4676 3451 4729 Eadem

1915 4768 2078 4835 igitur
2128 4777 2317 4819 natura
2372 4766 2598 4831 singulis
2649 4766 2896 4832 personis
2942 4765 3337 4819 censideratur.
3392 4763 3460 4823 Et

1913 4855 2126 4924 quando
2148 4857 2396 4917 dicimus,
2425 4855 2586 4908 Verbi
2618 4864 2862 4907 naturam
2890 4868 3104 4907 carnem
3133 4854 3452 4921 assumpsis-

1915 4958 1994 5006 se,
2029 4943 2383 5017 divinitatem,
2420 4958 2483 4995 ει
2514 4944 2794 4995 beatorum
2839 4943 3115 4997 Athanasii
3166 4943 3456 5012 Cyrillique

1915 5033 2199 5095 sententia,
2220 5033 2367 5086 carni
2391 5047 2510 5085 esse
2529 5034 2870 5101 conjunctam
2892 5032 3232 5085 allirniamus.
3258 5032 3455 5097 Quam-

1913 5121 2099 5175 obrem
2133 5137 2239 5174 non
2266 5136 2547 5189 possumus
2578 5122 2783 5185 dicere,
2817 5122 2977 5175 Verbi
3032 5130 3279 5175 naturam
3336 5136 3456 5176 esse

1912 5225 2145 5278 passam,
2179 5211 2509 5278 nequeenim
2562 5210 2822 5264 divinitas
2869 5211 2925 5263 in
2972 5212 3089 5279 ipso
3144 5226 3298 5279 passa
3350 5221 3454 5265 est.

1914 5298 2162 5352 Dicentes
2190 5308 2368 5353 autem
2402 5309 2647 5352 naturam
2691 5300 2984 5353 humanam
3026 5300 3194 5354 fuisse
3244 5315 3454 5368 passam

1913 5389 1966 5442 in
1991 5387 2226 5454 Christo,
2255 5405 2361 5444 non
2385 5404 2571 5443 omnes
2640 5390 2917 5445 hominum
2969 5403 3228 5460 personas
3253 5389 3456 5459 signiti-

345 5650 453 5722 (5.6)
477 5650 587 5704 Hoc
637 5650 909 5706 Philonius
950 5651 1181 5717 dicebat,
1237 5659 1293 5704 ut
1345 5648 1676 5704 Seutariotss
1729 5648 1818 5702 hic
1854 5647 2087 5703 adnotat.
