4274 6382
856 376 985 440 1231

2086 373 2376 433 NICETE
2408 374 2808 436 CHONIATE

3887 384 4033 445 1232

847 495 1052 544 tamus,
1115 480 1208 533 sed
1279 479 1330 532 in
1392 487 1579 532 natura
1632 478 1865 531 humana
1934 477 2208 533 Christum
2263 498 2383 537 esse
2418 491 2690 550 Aquanto
2738 484 2905 555 magis
2960 485 3010 539 id
3059 487 3190 542 solis
3252 498 3439 543 auctor
3514 499 3566 544 et
3612 492 3874 546 Dominus
3929 496 4052 563 ipse

846 585 1061 638 passum
1111 570 1445 624 conﬁtemur.
1486 568 1675 633 .Quare
1726 583 1851 622 cum
1915 568 2074 624 Verbi
2137 582 2383 624 naturam

847 663 1111 721 dicimus,
1142 662 1314 728 ipsum
1344 660 1573 712 Verbum
1627 658 1944 713 indicamus.
2013 660 2242 713 Verbum
2291 677 2389 715 au-

848 760 1032 800 temet
1058 747 1299 800 essentia.-
1325 747 1767 801 communitatem
1821 747 2047 810 obtinet,
2101 757 2155 800 et
2200 763 2386 816 perso-

848 852 930 890 nae
953 825 1353 904 proprietatem.

1425 970 1573 1026 CAP.
1595 971 1804 1027 XXXV.

842 1078 1111 1146 Ejusdem.
1160 1080 1231 1134 De
1281 1098 1387 1136 una
1440 1064 1546 1205 Ι)εὲ
1584 1084 1735 1203 γει·ξὶ
1779 1084 2061 1151 composita
2137 1098 2380 1152 persona.

1553 1170 1638 1205 an.
1720 1190 1735 1205 .

1553 1170 1638 1219 ap.
1690 1170 1735 1205 ι.

910 1284 1170 1337 Eumdem
1247 1284 1406 1349 igitur
1451 1281 1615 1336 etiam
1666 1292 1785 1351 post
1836 1284 2123 1335 humanam
2166 1298 2381 1336 carnem

840 1383 1167 1439 assumptam
1204 1386 1367 1423 unum
1401 1371 1590 1423 Filium
1624 1373 1715 1423 Dei
1773 1381 1827 1423 et
1875 1370 2069 1422 Filium
2126 1372 2381 1435 hominis,

843 1479 1008 1515 unum
1029 1462 1320 1521 Christum,
1354 1476 1518 1512 unum
1561 1461 1865 1521 Dominum,
1908 1461 2238 1528 unigenitum
2289 1461 2380 1513 Fi-

826 1555 992 1613 Jium,
1020 1563 1073 1604 ct
1096 1551 1331 1603 Verbum
1396 1550 1489 1602 Dei
1539 1549 1721 1602 Jcsum
1794 1550 2078 1601 Dominum
2136 1561 2377 1603 nostrum

836 1640 1176 1693 conﬁtemur.
1205 1640 1349 1694 Duos
1389 1639 1552 1706 ipsius
1609 1649 1762 1691 ortus
1825 1647 2167 1702 venerantes,
2213 1656 2378 1693 unum

743 1746 755 1758 ’
836 1730 1055 1798 quidem
1075 1745 1141 1782 ex
1173 1731 1331 1783 Patre
1361 1738 1484 1780 ante
1514 1730 1728 1789 saecula,
1775 1729 1919 1780 omni
1956 1744 2114 1781 causa
2136 1739 2188 1782 et
2221 1734 2381 1784 ratio-

2490 576 2765 641 praestabit
2788 576 2809 629 ?

3061 689 3456 748 CAP.XXXVI.

2492 771 2857 848 Eiusdem.De
2902 788 3093 835 natura
3162 784 3212 836 in
3254 787 3419 848 specie
3462 795 3509 839 et
3552 788 3815 841 individuo
3870 792 4054 842 consi-

2555 844 2757 921 ἀξίαισι
2808 863 3008 921 necnon
3070 853 3131 904 de
3177 844 3548 921 conjunctionis
3578 866 3624 908 et
3669 860 4054 910 incarnationis

2558 912 2874 980 differentia.

2556 1018 2761 1077 Natura
2791 1026 2872 1080 vel
2902 1028 3227 1097 cogitatione
3250 1032 3362 1086 sola
3383 1043 3440 1087 et
3461 1035 3604 1087 nuda
3637 1036 4046 1099 consideratur,

2489 1121 2660 1174 persc
2686 1114 2828 1165 enim
2857 1131 2959 1168 non
2978 1120 3250 1173 subsistit:
3282 1123 3363 1175 vel
3400 1125 3757 1177 communiter
3807 1125 3862 1177 in
3916 1141 4047 1177 om-

2487 1198 2651 1255 nibus
2683 1205 2923 1272 ejusdem
2954 1212 3153 1275 speciei
3186 1217 3451 1279 personis,
3513 1231 3603 1268 eas
3652 1217 3763 1281 ipsa
3805 1220 4045 1285 conjun-

2485 1292 2707 1357 gens.Et
2725 1295 2921 1349 dicitur
2939 1299 2987 1350 in
3018 1302 3193 1368 specie
3215 1314 3309 1355 aut
3325 1306 3680 1359 communiter
3697 1308 4046 1360 considerata

2486 1388 2678 1431 natura
2702 1385 2909 1441 eadem.
2938 1403 3057 1454 quae
3080 1392 3371 1457 assumptis
3417 1395 3785 1447 accidentibus
3821 1397 3874 1447 in
3930 1411 4043 1449 una

2487 1482 2735 1534 persona.
2772 1471 2833 1524 Et
2861 1474 3061 1527 dicitur
3092 1479 3144 1530 in
3193 1480 3471 1534 individuo
3525 1485 3861 1538 considerata
3916 1502 4021 1554 per

2487 1572 2617 1614 sona
2686 1565 2873 1618 eadem
2936 1584 3070 1631 esse,
3128 1587 3247 1638 quze
3287 1574 3340 1627 in
3416 1576 3593 1642 Specie
3639 1579 4021 1630 consideratur

2488 1647 2630 1702 Deus
2680 1652 2843 1720 igitur
2920 1656 3153 1711 Verbum
3212 1678 3425 1716 carnem
3485 1681 3782 1729 assumens,
3856 1682 4043 1733 neque

2489 1738 2631 1790 nuda
2678 1751 2733 1793 et
2770 1746 2881 1796 sola
2925 1750 3249 1815 cogitatione
3291 1755 3728 1817 comprehensam
3784 1765 4040 1808 naturam

834 1836 905 1874 ne
930 1830 1040 1873 tum
1069 1820 1324 1887 temporis
1349 1830 1459 1871 tum
1504 1829 1706 1871 natura:
1738 1820 2066 1885 superiorem
2094 1834 2107 1868 :
2145 1820 2378 1873 alterum
2418 1830 2458 1884 Β
2488 1829 2691 1894 accepit
2730 1830 3093 1898 (nequeenim
3126 1836 3178 1888 id
3206 1849 3348 1890 esset
3367 1854 3583 1893 carnem
3609 1857 3907 1906 assumere,
3930 1844 4036 1896 sed

830 1920 1015 1964 autem
1043 1909 1349 1962 novissimis
1380 1909 1713 1976 temporibus
1762 1919 1979 1976 prepter
2033 1924 2150 1971 nos,
2206 1920 2262 1962 et
2311 1926 2376 1964 ex

836 2002 1012 2062 nobis,
1043 2010 1097 2053 et
1165 2015 1325 2067 supra
1385 2013 1515 2051 nos:
1565 2006 1782 2065 propter
1831 2012 1946 2057 nos,
1986 1999 2113 2065 quia
2164 2008 2381 2067 propter

837 2090 1065 2142 salutem
1095 2099 1369 2140 nostram:
1402 2103 1464 2140 ex
1490 2087 1662 2146 nobis,
1688 2086 1812 2152 quia
1853 2100 1919 2139 ex
1950 2088 2172 2139 muliere
2225 2096 2379 2140 natus

841 2186 926 2230 est
948 2178 1107 2229 homo
1137 2178 1374 2245 legitimo
1398 2186 1587 2243 partus
1612 2186 1850 2243 tempore
1875 2194 1889 2228 :
1921 2190 2080 2243 supra
2116 2192 2231 2238 nos,
2254 2181 2378 2244 quia

834 2270 951 2319 sine
970 2268 1172 2319 semine
1202 2281 1269 2318 ex
1309 2265 1511 2332 Spiritu
1554 2272 1758 2325 sancto,
1792 2274 1847 2316 et.
1904 2274 2085 2316 sancta
2142 2264 2376 2333 Virgine,

834 2372 998 2424 supra
1022 2355 1266 2423 pariendi
1343 2354 1535 2422 legem.
1586 2352 1694 2405 Nec
1751 2353 1917 2405 Deum
1972 2354 2145 2405 solum
2202 2355 2375 2420 ipsum

833 2446 1192 2514 praedicamus
1224 2461 1253 2498 a
1287 2455 1465 2497 nostra
1512 2445 1815 2511 sejunctum
1868 2443 2223 2505 humanitate,
2277 2459 2377 2497 nec

834 2539 1006 2589 solum
1031 2538 1300 2589 hominem
1324 2544 1642 2589 remotuma
1696 2534 1997 2597 divinitate,
2057 2550 2156 2588 nec
2212 2536 2372 2589 alium

834 2640 993 2696 atque
1019 2628 1203 2690 alium,
1235 2627 1327 2679 sed
1362 2641 1525 2678 unum
1559 2636 1613 2678 et
1662 2626 1933 2688 eumdem,
1995 2625 2152 2677 simul
2208 2626 2375 2678 Deum

834 2725 994 2782 atque
1025 2714 1323 2766 hominem:
1378 2713 1545 2765 Deum
1596 2712 1913 2780 perfectum,
1968 2720 2023 2763 et
2082 2712 2373 2778 perfectum

835 2803 1131 2864 nominem,
1162 2810 1330 2853 totum
1377 2801 1541 2851 Deum
1611 2809 1665 2851 et
1696 2809 1865 2853 totum
1900 2800 2193 2863 hominem,
2225 2815 2376 2852 eum-

833 2893 955 2943 tlent
988 2900 1153 2942 totum
1181 2891 1345 2941 Deum
1383 2889 1542 2941 etiam
1576 2903 1696 2941 cum
1744 2905 1904 2942 carne
1951 2903 2047 2943 sua
2096 2898 2149 2942 et
2205 2898 2372 2942 totum

832 2980 1104 3033 hominem
1133 2979 1291 3031 etiam
1324 2992 1444 3030 cum
1473 2994 1679 3030 summa
1703 2978 2019 3032 divinitate:
2055 2988 2113 3029 ut
2135 2979 2376 3031 dicentes

832 3072 1126 3138 perfectum
1150 3071 1318 3122 Deum
1347 3080 1401 3123 ct
1427 3070 1721 3138 perfectum
1750 3070 2043 3133 hominem,
2075 3071 2371 3123 absolutam

833 3172 886 3211 et
914 3159 1059 3211 nulla
1095 3174 1149 3211 re
1205 3158 1546 3211 deﬁcientem
1611 3168 1923 3209 naturarum
1986 3158 2372 3226 plenitudinem

833 3249 1222 3309 ostendamus;
1252 3248 1492 3299 dicentes
1515 3257 1692 3299 autem
1729 3257 1902 3297 totum
1930 3248 2096 3299 Deum
2121 3258 2175 3299 et
2206 3257 2373 3300 totum

833 3338 1129 3396 hominem,
1163 3338 1372 3388 unicam
1400 3346 1454 3388 et
1506 3337 1828 3400 singularem
1867 3349 2148 3404 persciiam
2197 3335 2377 3388 decla-

836 3441 1031 3478 iemus.
1087 3426 1251 3479 Unam
1310 3426 1435 3478 item
1487 3425 1579 3477 Dei
1637 3424 1793 3489 Verbi
1849 3436 2092 3478 naturam
2159 3439 2374 3478 carnem

831 3520 1184 3586 assumpsisse
1212 3521 1550 3580 conﬁtemur,
1606 3519 1656 3571 id
1706 3527 1808 3579 est,
1855 3519 2030 3571 carnis
2063 3518 2371 3581 essentiam,

834 3621 895 3663 ut
935 3609 1126 3663 beatus
1156 3610 1686 3679 Cyrillusintclligit.
1735 3609 1960 3661 Carnem
2029 3608 2190 3675 igitur
2247 3607 2378 3660 Ver-

832 3700 962 3752 hum
986 3701 1297 3766 assumpsit,
1328 3713 1426 3749 nec
1456 3708 1630 3749 tanien
1680 3714 1707 3747 a
1765 3707 1955 3748 natura
2000 3712 2096 3749 sua
2153 3695 2376 3747 recessit

833 3792 1071 3845 materia:
1095 3800 1337 3856 experte,
1367 3799 1423 3841 Cl
1443 3804 1563 3841 ωιη
1595 3798 1756 3840 totam
1787 3801 2003 3839 carnem
2068 3800 2375 3852 {ISSHIIIPSC-

836 3883 927 3942 rit,
955 3890 1124 3933 totum
1173 3889 1347 3930 tamen
1408 3878 1557 3929 nullo
1612 3876 1839 3949 termino
1894 3876 2374 3928 circumscribitur.

833 3971 1070 4036 Corpore
1096 3969 1374 4029 minuitur,
1405 3976 1563 4035 atque
1592 3966 1954 4027 contrahitur,
2019 3974 2073 4016 at
2097 3965 2377 4017 divinitate

835 4075 942 4111 non
976 4058 1459 4120 circumscribitur,
1497 4072 1618 4109 eum
1669 4057 1784 4124 cjns
1842 4070 1969 4107 caro
1994 4070 2155 4120 super
2182 4053 2379 4105 divini-

838 4159 966 4212 tate,
1000 4163 1118 4216 qua:
1147 4147 1515 4201 circumscribi
1552 4162 1656 4198 non
1687 4154 1881 4213 potest,
1904 4159 2012 4197 non
2035 4144 2376 4197 extendatur.

837 4238 1006 4289 Totus
1031 4252 1158 4305 ergo
1189 4237 1459 4304 perfectus
1483 4246 1564 4289 est
1608 4236 1771 4296 Deus,
1819 4250 1925 4287 non
1978 4243 2146 4287 totum
2197 4243 2375 4285 autem

836 4326 1000 4387 Deus,
1030 4340 1202 4392 neque
1230 4326 1374 4377 enim
1405 4325 1575 4377 solum
1636 4324 1797 4386 Deus,
1858 4323 1949 4375 sed
1978 4324 2137 4375 etiam
2196 4322 2373 4373 homo.

837 4417 903 4467 lat
938 4426 1082 4467 totus
1112 4416 1400 4482 perfectus,
1433 4429 1537 4466 non
1578 4424 1756 4465 autem
1798 4423 1970 4465 totum
2037 4413 2221 4475 homo,
2280 4428 2376 4464 ne-
2410 4448 2452 4500 ι)

839 4519 944 4570 que
968 4506 1107 4555 enim
1139 4504 1311 4556 solum
1345 4503 1524 4564 homo,
1549 4502 1643 4555 sed
1677 4503 1839 4555 etiam
1866 4502 2027 4565 Deus,
2071 4512 2131 4552 ut
2200 4512 2373 4554 ictum

839 4593 1055 4659 quidem
1085 4590 1329 4645 naturam
1389 4592 1699 4652 constituat,
1752 4600 1892 4644 totus
1951 4599 2128 4645 autem
2194 4606 2377 4659 perso-

839 4699 985 4743 nam,
1005 4684 1240 4749 itemque
1259 4690 1462 4733 natura:
1485 4680 1554 4733 sit
1573 4680 1740 4743 aliud,
1766 4680 1903 4732 alius
1918 4689 2097 4731 autem
2116 4694 2375 4745 personae.

842 4786 897 4824 tn
924 4773 1174 4824 omnibus
1200 4781 1337 4836 erat,
1366 4780 1419 4823 et
1446 4785 1607 4838 super
1646 4772 1848 4832 omnia,
1889 4770 2048 4823 etiam
2102 4770 2160 4820 iu
2225 4778 2379 4820 utero

840 4863 1035 4914 “nime
1057 4861 1370 4914 Genitricis:
1416 4862 1466 4913 in
1528 4863 1631 4913 hoc
1696 4872 1870 4913 tamen
1921 4875 1984 4913 ea
2042 4860 2376 4926 potissimum

841 4963 1070 5016 actione,
1102 4966 1206 5018 qua
1228 4967 1442 5004 carnem
1485 4952 1760 5004 induebat.

911 5044 1043 5097 lllud
1073 5045 1349 5097 sciendum
1399 5053 1502 5105 est,
1562 5043 1809 5111 quamvis
1864 5041 2110 5095 dicamus
2164 5042 2374 5094 Domini

845 5146 1065 5187 naturas
1112 5136 1252 5188 inter
1308 5149 1365 5188 so
1402 5145 1588 5187 mutuo
1626 5147 1949 5194 commeare,
2017 5132 2069 5183 id
2120 5143 2297 5185 tamen
2348 5147 2377 5183 a

844 5235 1037 5279 natura
1062 5208 1241 5278 divina
1296 5224 1583 5294 proﬁcisci.
1645 5224 1761 5291 Ipsa
1790 5225 1956 5285 enim,
2008 5232 2067 5273 ut
2098 5224 2229 5284 vult,
2285 5238 2379 5290 per

845 5317 1025 5369 omnia
1050 5324 1329 5377 commeat,
1372 5315 1582 5377 transit,
1642 5328 1703 5366 ac
1757 5322 2023 5380 penetrat,
2071 5328 2167 5380 per
2209 5314 2378 5379 ipsam

844 5422 972 5460 vero
998 5406 1150 5459 nihil.
1181 5407 1353 5473 Atque
1378 5407 1490 5473 ipsa
1518 5404 1737 5473 quidem
1762 5405 2058 5473 dignitates
2078 5419 2201 5456 suas
2229 5404 2377 5456 carni

846 5502 926 5552 sic
960 5496 1236 5565 elargitur,
1271 5506 1327 5548 ut
1355 5498 1487 5550 nihil
1517 5497 1771 5565 patiatur,
1792 5504 1847 5547 et
1915 5495 2092 5547 carnis
2138 5494 2380 5546 affectio-

848 5601 976 5640 num
1009 5601 1197 5651 expers
1229 5596 1463 5639 maneat.
1509 5587 1640 5640 Nam
1702 5586 1747 5638 si
1800 5584 1956 5638 nobis
2003 5584 2082 5637 sol
2142 5585 2381 5637 actiones

850 5676 1091 5745 impertit
1189 5692 1333 5744 suas,
1410 5684 1465 5729 et
1549 5691 1579 5728 a
1657 5674 1855 5731 nostris
1941 5673 2074 5726 nihil
2161 5675 2378 5741 εει-ἱρὴ,

2480 1913 2750 1981 decipere,
2782 1926 2838 1970 et
2861 1921 3038 1973 carnis
3080 1926 3498 1992 assumptionem
3552 1932 3898 1997 contingere)
3932 1947 4040 1983 ne-

2479 2018 2584 2069 que
2617 2016 2867 2060 naturam
2899 2010 3063 2075 illam,
3119 2029 3238 2080 quae
3288 2017 3342 2068 in
3391 2021 3568 2086 specie
3621 2023 4031 2075 consideratur:

2480 2105 2654 2158 neque
2675 2096 2817 2149 enim
2844 2113 3099 2166 personas
3117 2116 3306 2158 omnes
3340 2111 3565 2175 accepit,
3618 2112 3710 2164 sed
3775 2123 4032 2166 naturam

2480 2181 2532 2233 in
2563 2183 2863 2251 individuo,
2886 2193 3208 2256 quaeeadem
3252 2205 3335 2249 est
3388 2211 3509 2250 cum
3544 2200 3655 2259 illa.
3698 2217 3816 2268 qua
3842 2212 3927 2257 est
3974 2206 4031 2257 in

2477 2276 2655 2339 Specie
2686 2276 2979 2343 (primitias
3019 2284 3162 2337 enim
3219 2289 3422 2355 accepit
3450 2299 3643 2343 nostra:
3675 2296 3894 2358 massa)
3917 2308 4030 2346 non

2476 2376 2573 2428 per
2606 2379 2662 2417 se
2684 2367 3082 2431 subsistentem.
3106 2385 3161 2426 et
3188 2391 3306 2444 qua:
3358 2380 3505 2445 prius
3547 2382 3901 2444 inditiduum,
3968 2393 4032 2436 ut

2476 2450 2641 2503 sicab
2699 2456 2815 2523 ipso
2870 2471 3250 2527 assumeretur,
3304 2469 3393 2519 sed
3442 2484 3560 2534 qua:
3610 2470 3661 2521 in
3711 2487 3804 2523 sua
3858 2473 4032 2539 ipsius

2473 2542 2752 2597 exsisteret
2771 2561 3021 2612 persona.
3068 2551 3199 2604 Nam
3232 2554 3341 2621 ipsa
3390 2554 3482 2607 Dei
3523 2556 3678 2608 Verbi
3697 2559 4028 2626 hypostasis,

2475 2629 2587 2682 sive
2622 2647 2869 2699 persona,
2891 2642 3069 2692 carnis
3094 2642 3387 2709 hypostasis
3407 2645 3519 2697 sive
3546 2661 3769 2712 persona
3796 2653 4024 2704 exstitit.

2472 2721 2646 2788 Atque
2674 2724 2747 2776 ita
2769 2725 3002 2779 Verbum
3032 2742 3157 2782 caro
3210 2731 3403 2785 factum
3433 2744 3533 2798 est,
3559 2740 3672 2789 sine
3711 2738 4028 2793 incitatione

2475 2816 2674 2871 tamen,
2711 2820 2766 2864 et
2819 2828 2945 2867 caro
2996 2816 3248 2882 Verbum,
3299 2823 3413 2875 sine
3457 2828 3896 2881 commutatione.
3957 2830 4029 2881 Et

2474 2894 2613 2948 Deus
2641 2898 2819 2962 homo,
2867 2911 2919 2955 et
2944 2903 3106 2958 homo
3160 2908 3317 2971 Deus,
3375 2911 3443 2963 ob
3493 2914 3628 2965 hanc
3685 2919 4028 2981 pcrsonalem

2476 2985 2927 3051 conjunctionem.
2964 2989 3301 3061 Quapropter
3319 2996 3457 3048 idem
3492 3008 3572 3051 est
3600 3001 3801 3062 dicere,
3863 3018 4028 3055 natu-

2478 3087 2588 3124 ram
2626 3074 2801 3138 Verbi,
2834 3090 2888 3133 et
2916 3090 3159 3136 naturam
3194 3086 3245 3137 in
3299 3087 3595 3142 individuo.
3645 3091 3827 3158 Neque
3877 3096 4026 3146 enim

2477 3162 2527 3214 id
2557 3164 2910 3230 individuum,
2944 3186 3038 3223 seu
3069 3188 3347 3239 personam
3392 3180 3605 3243 prOprie
3650 3189 3705 3231 et
3729 3182 4028 3247 singulari—

2478 3261 2558 3305 ter
2615 3255 2866 3321 declarat,
2916 3275 3089 3328 ncque
3160 3278 3506 3329 personarum
3558 3272 4024 3335 communitatem,

2476 3342 2568 3394 sed
2598 3358 2933 3401 communem
2966 3359 3235 3414 naturam,
3266 3368 3386 3420 qua:
3439 3357 3490 3406 in
3526 3364 3629 3410 una
3664 3374 4022 3425 personarum

2476 3433 2851 3488 consideratur
2900 3448 2955 3491 et
3007 3443 3349 3507 expenditur.
3396 3446 3553 3499 Aliud
3607 3448 3767 3516 igitur
3795 3461 4028 3505 estcon-

2474 3520 2681 3586 junctio
2717 3561 2730 3585 ,
2763 3524 2908 3577 aliud
2934 3531 3109 3582 carnis
3154 3536 3467 3601 assumptio.
3532 3537 3852 3606 Conjunctio
3874 3544 4023 3596 enim

2476 3610 2643 3662 solam
2708 3613 2907 3667 indicat
2963 3620 3361 3685 cepulationem
3402 3662 3416 3687 ,
3483 3640 3604 3678 cum
3658 3643 3765 3695 quo
3839 3641 4025 3685 autem

2475 3698 2568 3751 ﬁat
2599 3702 2711 3769 ipsa
2749 3706 3019 3771 copulatio
3076 3724 3180 3762 non
3240 3711 3511 3780 declarat;
3568 3727 3621 3767 at
3669 3720 3868 3782 carnis,
3924 3737 4023 3775 seu

2477 3790 2663 3855 (quod
2747 3793 2887 3846 idem
2969 3797 3084 3865 est)
3139 3800 3483 3856 humanitatis
3547 3809 3842 3873 assumptio
3894 3825 4023 3863 cum

2476 3893 2657 3941 carne,
2751 3885 2863 3937 sive
2944 3902 3065 3939 cum
3121 3889 3335 3944 homine
3407 3896 3843 3961 conjunctionem
3926 3901 4024 3953 de-

2477 3984 2758 4040 monstrat,
2839 3981 3288 4045 quemadmodum
3381 3996 3435 4040 et
3515 3988 3702 4056 ignitio
3760 3994 3853 4059 (ut
3948 3996 4023 4049 ita

2476 4062 2685 4132 dicam)
2743 4064 2867 4119 ferri
2929 4082 3050 4121 cum
3119 4071 3239 4138 igne
3315 4076 3739 4144 coajunctionem
3837 4090 4025 4135 osten-

2478 4151 2571 4204 dit.

3034 4265 3179 4321 CAP.
3208 4270 3467 4326 XXXVII.

2485 4347 2750 4430 Eiusdem.
2783 4352 2854 4430 De
2880 4359 3224 4430 naturalibus,
3266 4371 3313 4411 et
3362 4364 3494 4415 nulli
3534 4369 3741 4420 crimini
3784 4372 4024 4430 obnoxiis

2551 4420 2921 4499 a/fertiombus.
3003 4420 3236 4490 Verbum,
3295 4430 3497 4497 dempto
3558 4420 4022 4499 peccaloftol-uvm

2547 4488 2821 4550 lwmincm,
2869 4499 2915 4541 et
2954 4502 3133 4544 cuncta
3158 4488 3271 4561 quia
3295 4488 3419 4549 sum'
3446 4488 3687 4566 hominis,
3713 4488 4020 4577 assumpsi}:

2546 4594 2743 4650 Adhaac
2796 4598 3137 4661 conﬁtemur,
3201 4616 3322 4655 eum
3378 4620 3565 4662 omnes
3629 4617 3914 4669 naturales
3966 4631 4022 4673 et

2479 4686 2632 4753 culpa
2694 4698 2941 4742 carentes
3002 4690 3309 4745 all‘ectiones
3388 4696 3624 4751 hominis
3689 4708 4017 4771 suscepisse.

2479 4776 2847 4829 Totumenim
2910 4780 3203 4844 hominem,
3276 4793 3331 4836 et
3404 4801 3522 4851 qua:
3583 4798 3707 4840 sunt
3780 4792 4023 4850 hominis

2478 4866 2765 4932 assumpsit
2841 4868 3018 4920 omnia
3106 4879 3296 4935 praeter
3361 4884 3659 4937 peccatum.
3718 4877 3829 4932 Hoc
3870 4884 4016 4935 enim

2478 4969 2652 5020 neque
2681 4956 2921 5009 naturale
2953 4965 3057 5021 est,
3082 4973 3255 5025 neque
3283 4976 3311 5012 a
3333 4964 3487 5014 nobis
3509 4965 3725 5017 insitum
3758 4983 3790 5019 a
3852 4972 4021 5024 Crea-

2479 5052 2613 5105 tore,
2646 5044 2739 5095 sed
2767 5044 2965 5098 diaboli
3014 5055 3130 5099 satu
3168 5050 3222 5099 in
3283 5050 3455 5103 libero
3500 5064 3686 5107 nostro
3737 5062 4018 5125 proposito

2478 5133 2634 5186 nobis
2707 5134 3024 5200 volentibus,
3070 5152 3178 5189 non
3235 5149 3411 5192 autem
3460 5143 3639 5198 invitis
3687 5150 3909 5211 coaluit,
3964 5161 4018 5202 et

2476 5231 2821 5288 propagatum
2839 5233 2939 5283 est,
2970 5222 3310 5292 dominioque
3334 5230 3579 5292 potitum.
3621 5228 3687 5280 At
3721 5236 4014 5297 naturales,

2476 5321 2532 5364 et
2560 5312 2691 5365 vitio
2713 5313 2972 5380 culpaque
2995 5324 3244 5369 vacantes
3272 5315 3581 5370 affectiones
3602 5330 3729 5374 sunt
3751 5321 3873 5383 illae,
3897 5340 4017 5391 qua

2480 5405 2533 5457 in
2557 5412 2815 5468 potestate
2844 5414 3023 5457 nostra
3042 5419 3150 5457 non
3182 5413 3329 5469 sunt,
3360 5422 3479 5473 quae
3508 5409 3769 5462 nimirum
3803 5427 3871 5465 ex
3920 5416 4013 5467 ad—

2478 5493 2625 5545 missi
2641 5492 2845 5560 peccati
2876 5492 3237 5557 damnatione,
3272 5503 3328 5547 et
3350 5510 3488 5548 noxa
3522 5496 3574 5547 in
3628 5499 3791 5550 vitam
3821 5502 4014 5555 huma-

2480 5598 2601 5634 nam
2634 5582 3025 5636 irrueruntzut
3073 5583 3262 5647 fames,
3321 5585 3458 5648 sitis,
3501 5587 3783 5651 lassitudo,
3837 5592 4012 5652 dolor.

2483 5675 2748 5743 lacrymze,
2829 5675 3100 5732 interitus.
3173 5677 3359 5735 mortis
3414 5678 3740 5747 deprecatio,
3829 5686 4010 5739 timor.
