4274 6382
288 424 418 488 1233

1510 435 1886 498 THESAURI
1923 437 2070 498 LIB.
2108 435 2217 496 lII'.

3319 426 3457 495 1238·

283 550 472 603 angor,
532 548 603 588 ex
639 551 744 604 quo
791 546 1052 615 sudores,
1099 538 1376 610 sanguinis
1430 555 1612 612 guttae,
1659 561 1818 615 auge-
1847 553 1890 604 Α
1923 545 2205 604 tribueret.
2260 551 2313 598 et
2347 551 2488 597 esset
2511 531 2871 609 omnipotens,
2897 545 2947 593 el
2974 535 3150 592 omnia
3179 550 3446 594 cerneret.

284 621 455 676 lorum
489 636 708 704 propter
741 612 942 682 natura;
997 631 1413 686 imbecillitatem
1494 612 1813 697 subsidium,

281 725 336 766 et
361 716 674 767 consolatio.
708 716 827 771 Heec
849 729 902 771 et
928 721 1026 773 alia
1048 722 1097 774 id
1127 739 1316 791 genus,
1368 740 1486 791 qure
1562 727 1816 779 omnibus

284 800 791 860 insunthominibus
839 810 1175 876 naturaliter,
1230 814 1409 864 omnia
1458 815 1709 881 suscepit,
1763 825 1819 868 ιιι

283 892 461 942 omnia
485 907 702 958 prorsus
729 907 910 948 sancta
939 898 1207 953 redderet.

353 973 635 1034 Naturales
662 994 839 1036 autem
874 1000 1062 1040 omnes
1102 988 1413 1044 aﬁ‘ectiones
1440 1001 1494 1044 et
1515 1007 1577 1044 ex
1605 1002 1815 1054 natura,

282 1078 335 1120 et
364 1081 524 1135 supra
582 1081 825 1126 naturam
891 1087 1044 1130 erant
1088 1079 1140 1131 in
1191 1079 1424 1134 Christo.
1486 1083 1561 1135 Ex
1624 1095 1815 1137 natura

280 1157 427 1209 enim
468 1159 520 1210 in
550 1174 614 1212 eo
661 1165 1032 1225 movebantur,
1062 1181 1182 1219 cum
1237 1171 1582 1235 permittebat
1642 1174 1816 1235 carui,

282 1259 480 1314 utqute
510 1253 722 1317 propria
758 1253 899 1307 illius
941 1265 1090 1318 sunt,
1148 1267 1438 1324 pateretur,
1475 1268 1632 1326 atque
1654 1264 1819 1314 senti-

283 1345 382 1389 ret.
414 1338 584 1407 Supra
653 1351 899 1395 naturam
957 1360 1107 1404 vero.
1149 1348 1399 1414 quoniam
1459 1351 1726 1403 naturales
1765 1353 1817 1405 in

283 1427 511 1484 Domino
537 1442 713 1484 motus
778 1441 832 1485 et
867 1433 1178 1488 aﬂectiones
1221 1438 1338 1505 ejus
1397 1438 1657 1491 voluntati
1710 1455 1815 1493 non

282 1517 614 1584 imperabant
650 1538 661 1571 :
700 1523 832 1574 nihil
854 1524 998 1574 enim
1032 1523 1105 1576 in-
1141 1539 1206 1576 eo
1272 1535 1534 1589 coactum,
1569 1527 1815 1591 invitum,

277 1611 704 1662 etnecessarium
733 1612 1120 1674 consideratur,
1153 1612 1244 1665 sed
1279 1613 1456 1666 omnia
1487 1615 1815 1682 voluntaria;

280 1698 466 1752 volens
515 1701 658 1752 enim
709 1703 900 1766 esurit,
932 1701 1115 1756 volens
1155 1701 1343 1767 sitivit,
1385 1704 1568 1759 volens
1619 1707 1813 1772 timuit,

277 1789 462 1843 volens
497 1800 740 1844 mortuus
755 1802 854 1848 est.
1731 1774 1754 1791 Ἰ

827 1903 975 1958 CAP.
1007 1904 1287 1959 XXXVIII.

281 1991 412 2044 Item
440 1994 547 2047 alia
595 1996 655 2048 de
695 1997 865 2049 divina
901 1999 1274 2052 incarnatione.
1322 1997 1551 2051 Aliorum
1603 1999 1815 2054 Patrum

344 2063 798 2135 demonstrationes
883 2065 1230 2135 syllogisticc,
1318 2083 1378 2118 e1:
1463 2071 1815 2122 communibus

349 2133 653 2183 nationibus.

345 2238 394 2289 l.
428 2239 484 2290 Si
516 2239 652 2306 ignis
677 2240 728 2292 in
759 2255 855 2293 suo
884 2242 1002 2294 loco
1027 2257 1249 2296 manens
1271 2257 1391 2296 cum
1426 2243 1567 2298 ferro
1588 2246 1814 2313 conjun-

275 2326 438 2392 gitur,
471 2329 639 2380 multo
672 2331 836 2395 magis
858 2330 945 2382 ille.
985 2332 1074 2398 qui
1095 2341 1175 2384 est
1201 2333 1563 2399 omnipotens,
1619 2335 1808 2386 immo-

274 2414 634 2469 bilismanens
689 2427 974 2485 assumpta
1022 2420 1166 2471 carni
1227 2422 1551 2488 conjunctus
1605 2429 1706 2484 cst,
1755 2431 1812 2484 ut

271 2505 362 2568 qui
383 2514 524 2557 totus
547 2516 662 2558 erat
685 2506 736 2558 in
763 2507 938 2567 Patre,
972 2515 1113 2560 totus
1135 2509 1189 2560 in
1217 2508 1304 2561 illa
1331 2510 1811 2576 essetassumptio—

275 2595 517 2656 no.0ure
564 2595 779 2662 quidem
860 2595 992 2647 ratio
1017 2597 1060 2647 si
1111 2605 1313 2650 natura:
1382 2599 1487 2650 vim
1571 2608 1805 2667 supcrat,

272 2683 342 2735 nil
375 2686 565 2735 mirum
587 2695 687 2746 est,
723 2686 937 2751 quando
963 2686 1145 2749 Filius,
1197 2694 1251 2739 et
1290 2681 1523 2740 Verbum
1570 2689 1681 2756 ipsa
1727 2700 1809 2743 est

273 2782 462 2822 natura
491 2774 848 2839 prazstantius.

335 2862 385 2911 2.
445 2862 498 2914 Si
536 2878 683 2914 mens
736 2866 927 2916 animos
986 2879 1182 2932 corpus
1227 2865 1486 2919 incolenti
1523 2869 1806 2936 conjuncta

269 2951 512 3014 quolibet
548 2954 908 3018 progreditur,
935 2955 1103 3020 ipsam
1146 2956 1378 3008 animam
1426 2972 1532 3009 non
1565 2958 1803 3011 derelin-

267 3055 456 3105 quens,
494 3051 546 3092 et
574 3043 996 3108 impenetrabilis
1031 3047 1110 3110 (ut
1141 3045 1210 3096 ita
1243 3046 1437 3114 dicam)
1499 3063 1595 3115 per
1623 3049 1800 3103 omnia

265 3139 551 3189 commeat,
580 3140 634 3182 et
686 3143 953 3198 penetrat,
979 3149 1437 3199 supervacaneum
1499 3146 1580 3191 est
1641 3140 1799 3194 dubi-

267 3227 400 3277 tare,
442 3221 711 3285 quomodo
748 3222 912 3274 Filius
941 3231 991 3273 et
1041 3224 1182 3276 Deus
1217 3241 1313 3280 nec
1364 3229 1575 3281 Patrem
1633 3232 1799 3284 relin-
1826 3202 1867 3258 Ο

263 3322 454 3373 quens,
490 3324 586 3360 nec
612 3310 805 3361 caelum
875 3311 1121 3364 deferens
1147 3314 1197 3364 in
1255 3323 1450 3368 terram
1499 3319 1794 3375 descende-

264 3397 353 3454 rit.
388 3405 442 3447 et
467 3413 589 3450 cum
627 3408 856 3466 nequeat
886 3403 1290 3468 comprehendi,
1317 3406 1385 3458 sit
1412 3408 1478 3460 ab
1517 3410 1694 3462 anima
1744 3423 1798 3465 et

264 3500 487 3550 corpore
515 3489 959 3555 comprehensus.
993 3491 1122 3542 Nam
1155 3493 1196 3544 si
1229 3509 1312 3545 res
1345 3508 1622 3562 procreata
1658 3501 1795 3555 hanc

262 3576 469 3629 obtinet
514 3587 853 3642 potestatem,
919 3581 1090 3646 qualis
1127 3582 1229 3633 erit
1284 3583 1603 3639 Procreator
1659 3587 1792 3657 ipse,

261 3665 593 3718 admirabilis
628 3667 805 3734 hujus,
833 3683 950 3735 qua:
989 3669 1166 3725 verbis
1193 3674 1446 3741 explicari
1471 3692 1574 3729 non
1599 3690 1792 3746 potest,

260 3752 557 3818 elargitor?

329 3841 382 3892 5.
417 3841 609 3893 Totum
642 3843 896 3908 Verbum,
938 3848 1030 3914 qui
1060 3849 1199 3903 Deus
1221 3861 1321 3914 est,
1359 3868 1574 3908 carnem
1589 3872 1793 3911 assum-

262 3927 386 3994 psit,
415 3937 469 3979 et
508 3938 674 3982 totum
702 3934 888 3999 nequit
918 3936 1326 4001 comprehendi.
1359 3939 1711 4003 Quamobrem
1737 3956 1792 3999 et

263 4025 432 4068 totum
465 4028 582 4071 erat
609 4019 661 4070 itt
687 4022 809 4072 sinu
831 4023 924 4074 Dei
953 4032 1007 4076 et
1054 4025 1245 4089 Patris,
1296 4037 1351 4080 et
1400 4038 1568 4084 totum
1633 4035 1789 4088 simul

261 4107 311 4157 in
365 4116 517 4159 utero
577 4107 770 4161 divinae
818 4112 1018 4176 Matris,
1072 4115 1180 4167 illic
1249 4127 1308 4169 ut
1347 4121 1495 4174 nullo
1557 4126 1789 4177 termino

259 4197 726 4261 comprehensum,
759 4199 844 4252 hic
887 4211 1086 4264 autem,
1144 4215 1201 4257 ut
1257 4206 1500 4262 indutum
1553 4211 1787 4267 humana

257 4298 436 4335 carne.

323 4374 377 4427 4.
407 4373 520 4425 Jam
548 4386 674 4429 ante
699 4378 882 4430 mundi
918 4381 1383 4448 constitutionem,
1440 4399 1498 4440 ut
1524 4390 1663 4441 Deus
1689 4390 1788 4442 hu-

254 4472 461 4511 manam
487 4478 702 4516 carnem
725 4481 1042 4530 assumeret,
1075 4473 1394 4537 praeﬁnitum
1456 4486 1587 4529 erat.
1624 4479 1787 4530 Num—
1814 4500 1861 4558 Ι)

251 4565 410 4616 quam
464 4563 642 4604 autem
699 4566 821 4609 ante
857 4560 1248 4613 sanctissimam
1282 4563 1522 4626 Mariam,
1584 4567 1780 4620 divinae

247 4641 425 4692 carnis
453 4645 819 4709 assumptione
843 4647 1060 4714 dignum
1117 4662 1387 4717 repertum
1417 4662 1501 4705 est
1555 4655 1781 4708 domici-

170 4759 191 4764 η
246 4727 398 4780 llum.
433 4729 532 4782 Ubi
569 4743 745 4785 autem
784 4746 1053 4802 repertum
1080 4749 1182 4802 est,
1245 4741 1529 4794 humanam
1561 4759 1774 4799 Carnem

246 4819 541 4884 assumpsit
576 4821 735 4874 Deus.
792 4823 891 4888 Qui
948 4826 1069 4880 ideo
1124 4829 1174 4879 in
1227 4831 1491 4894 desponsa
1558 4833 1774 4902 Virgine

247 4905 450 4971 concipi
476 4909 666 4971 voluit,
707 4920 764 4963 ut
797 4922 851 4965 et
891 4918 1318 4982 matrimonium,
1344 4923 1496 4986 cujus
1559 4923 1770 4978 initium

245 4996 478 5058 sponsati
511 5006 654 5062 sunt,
684 5002 1081 5057 commendaret
1112 5015 1166 5058 et
1213 5008 1261 5059 ei
1299 5009 1656 5078 virginitatem
1679 5027 1773 5064 an-

244 5090 544 5147 teponeret.

310 5170 361 5220 5.
398 5169 731 5238 Humanitas,
757 5190 874 5242 quae
893 5195 988 5247 pcr
1017 5185 1444 5251 conjunctionem
1475 5188 1525 5238 in
1551 5203 1650 5239 una
1682 5203 1772 5240 ea-

242 5256 468 5326 demque
489 5277 718 5327 persona
736 5281 1008 5335 assumpta
1035 5281 1136 5333 est,
1168 5289 1230 5325 ex
1251 5275 1363 5340 ipsa
1393 5278 1766 5343 conjunctione

242 5355 291 5394 et
345 5351 723 5404 communione
771 5354 961 5408 eﬂ‘eeta
1021 5359 1200 5413 divina
1231 5371 1332 5428 est,
1385 5366 1668 5431 statimque
1699 5368 1768 5418 ab

245 5435 486 5490 humanae
504 5450 707 5494 natura:
739 5447 983 5500 terminis
1012 5464 1116 5501 non
1143 5453 1416 5515 recedens,
1447 5456 1767 5507 excellentes

240 5533 294 5575 et
324 5528 630 5594 magniﬁcas
687 5533 982 5592 divinitatis
1009 5539 1160 5594 dotes
1185 5547 1407 5610 accepit,
1449 5554 1502 5596 ut
1533 5553 1582 5596 ct
1605 5545 1763 5597 vitam

305 5696 348 5725 "
373 5695 522 5752 Joan.
563 5716 599 5758 t.
629 5703 684 5754 5.

1917 635 2126 688 Dicitur
2154 644 2330 688 autem
2357 649 2508 687 serva
2545 641 2598 684 et
2628 632 2836 700 ignara,
2893 639 2945 682 et
2998 629 3118 682 aliis
3173 628 3446 696 ejusmodi

1916 725 2222 778 nominibus
2257 725 2572 789 appellatur,
2605 721 2646 774 si
2678 720 2800 788 quis
2826 720 2904 788 (ut
2937 718 3107 786 inquit
3160 716 3456 785 Gregorius

1917 813 2237 880 Theologus)
2269 811 2378 863 sola
2409 811 2552 862 nuda
2593 807 2915 875 cogitatione
2973 817 3186 872 separet
3209 804 3282 865 id,
3307 802 3452 870 quod

1915 900 2144 962 videtur,
2172 900 2238 953 ab
2264 915 2329 952 eo
2360 900 2501 966 quod
2526 898 2865 963 intelligitur.
2895 896 2948 948 In
2977 896 3074 946 hac
3094 904 3271 948 autem
3295 892 3453 946 Chri-

1916 996 2030 1039 stus
2049 988 2313 1040 ohnoxius
2341 987 2440 1037 fuit
2464 985 2797 1038 naturalibus
2844 995 2898 1036 et
2923 983 3079 1049 culpa
3129 981 3448 1033 vacantibus

1915 1073 2288 1126 allectionibus
2315 1082 2372 1124 ut
2402 1087 2501 1124 nec
2549 1087 2577 1124 a
2613 1073 2822 1138 propria
2874 1079 3064 1122 natura
3116 1069 3444 1126 discederet.

1915 1173 1967 1216 et
1993 1179 2047 1216 se
2068 1178 2196 1216 vere
2220 1178 2437 1215 carnem
2470 1163 2760 1214 humanam
2779 1160 3132 1226 assumpsisse
3158 1159 3450 1210 conﬁrma-

1916 1263 2013 1310 ret.
2041 1262 2096 1306 et
2129 1253 2403 1304 doloribus
2431 1253 2544 1305 suis
2569 1261 2786 1303 nostros
2823 1260 3055 1303 curaret.
3085 1259 3138 1302 et
3186 1247 3446 1301 naturali-

1916 1341 2013 1393 bus
2039 1340 2436 1400 atl’ectionibus,
2463 1355 2554 1391 eas
2591 1354 2709 1405 qure
2770 1345 2894 1400 sunt
2947 1346 3138 1403 praeter
3198 1348 3448 1387 naturam

1916 1430 2190 1490 aboleret;
2235 1438 2289 1480 et
2311 1429 2539 1494 denique
2573 1437 2631 1479 ut
2662 1428 3004 1500 easvvincens
3033 1427 3142 1492 ipse
3193 1435 3444 1492 tanquam

1916 1519 2076 1570 homo
2107 1518 2265 1570 nobis
2294 1517 2453 1568 simili
2493 1525 2684 1568 natura
2709 1533 2888 1569 seoum
2936 1515 3236 1583 conjunctis
3265 1526 3320 1568 et
3353 1529 3450 1568 co-

1916 1609 2090 1677 guatis
2121 1608 2402 1660 victoriam
2435 1608 2602 1674 ipsam
2633 1607 2935 1674 largiretur.
2968 1606 3249 1658 Peccatum
3299 1604 3448 1656 enim

1918 1714 2022 1750 non
2054 1706 2136 1752 est
2163 1697 2376 1750 aﬁ‘ectio
2411 1696 2694 1760 naturalis,
2724 1705 2777 1750 et
2809 1711 3143 1763 quaecunque
3167 1695 3444 1760 ad'pecca—

1920 1794 2032 1838 tum
2061 1787 2349 1853 pertinent.

1805 1897 1891 1955 ,Β
1987 1876 2038 1929 6.
2070 1877 2300 1943 Virginis
2333 1877 2536 1930 ferrum
2587 1876 2812 1944 ignitum
2863 1886 2916 1930 et
2951 1877 3162 1931 illustre
3198 1875 3436 1930 reddens

1915 1965 2229 2032 frigiditatis
2257 1965 2632 2035 etnigredinis
2694 1967 2812 2033 ejus
2866 1965 3132 2031 particeps
3165 1965 3277 2032 ipse
3333 1979 3441 2016 non

1911 2054 2159 2118 efﬁcitur,
2196 2046 2547 2132 ituii'vinitas
2603 2055 2857 2107 virtutem
2913 2068 3062 2107 suam
3120 2054 3459 2106 humanitati.

1913 2128 2318 2197 communicanti
2345 2129 2460 2217 e'jus
2503 2158 2609 2196 non
2633 2143 2830 2210 accipit
2855 2143 3302 2195 imbecillitatem.

1983 2235 2031 2286 7.
2067 2233 2278 2286 Puritas
2307 2232 2525 2301 quidem
2560 2247 2683 2285 cum
2718 2229 2974 2284 sordibus
3000 2233 3200 2283 nostris
3258 2245 3447 2283 versa-

1913 2332 2018 2384 tur,
2038 2323 2129 2376 sed
2156 2324 2282 2391 ipsae.
2307 2333 2482 2376 tamen
2505 2323 2692 2376 sordes
2713 2322 3000 2389 puritatem
3023 2335 3130 2372 non
3157 2319 3403 2373 inﬁciunt
3427 2339 3439 2370 :

1911 2414 2021 2468 Lua:
2047 2415 2211 2478 enim,
2239 2414 2433 2480 inquit,
2469 2416 2520 2466 in
2553 2413 2769 2464 tenebris
2803 2412 2955 2472 lucet,
2991 2420 3039 2462 et
3079 2412 3298 2464 tenebrae
3324 2426 3439 2462 eam

1909 2520 2011 2556 non
2040 2503 2527 2569 comprehenderunt
2547 2503 2609 2554 ⁷⁸.
2641 2501 2773 2555 Nam
2802 2515 2932 2554 cum
2955 2501 3187 2553 tenebrae
3209 2515 3445 2566 praesen-

1910 2594 1982 2646 tia
2033 2595 2302 2646 radiorum
2359 2592 2717 2661 expellantur,
2769 2590 2848 2645 sol
2917 2599 3149 2643 tamena
3203 2589 3448 2643 tenebris-

1906 2699 2013 2737 non
2044 2685 2383 2738 obscuratur.

1977 2773 2030 2826 8.
2063 2774 2238 2827 Unum
2274 2773 2473 2826 dicitur
2503 2773 2554 2824 in
2584 2772 2650 2826 iis
2687 2772 2925 2840 quidem,
2960 2785 3079 2838 qua:
3135 2775 3257 2822 sunt
3293 2767 3440 2834 ejus-

1905 2861 2025 2915 dem
2049 2864 2314 2926 essentize,
2340 2878 2462 2915 cum
2488 2862 2674 2916 cadent
2706 2869 2786 2912 est
2817 2867 3030 2922 natura,
3086 2867 3142 2911 et
3213 2855 3442 2908 diversae

1904 2967 2168 3021 personae.
2206 2953 2280 3005 Ex
2317 2967 2422 3020 quo
2454 2951 2581 3004 illud
2619 2968 2631 3002 :
2669 2954 2734 3003 Et
2776 2953 2875 3002 tria
2900 2965 3059 3000 unum
3101 2955 3240 3000 sunt.
3281 2946 3337 2997 In
3376 2945 3443 2996 iis

1902 3053 2080 3096 autem
2114 3058 2232 3110 qua:
2254 3044 2478 3095 diversa:
2507 3051 2632 3093 sunt
2660 3041 2925 3101 essentiae,
2982 3053 3147 3090 unum
3213 3037 3436 3100 dicitur,

1901 3149 2022 3186 cum
2052 3136 2236 3186 eadem
2274 3147 2500 3200 persona
2558 3140 2659 3192 est,
2713 3140 2767 3183 et
2818 3129 3044 3181 diversa:
3093 3135 3322 3187 naturae.
3370 3141 3437 3178 ex

1899 3238 2006 3288 quo
2035 3223 2183 3283 illud,
2216 3223 2281 3274 Et
2310 3230 2594 3287 utrumque
2651 3234 2839 3272 unum.
2888 3219 3061 3272 Unum
3118 3225 3296 3269 autem
3329 3230 3432 3267 non

1900 3321 2112 3374 natura,
2145 3315 2238 3365 sed
2293 3312 2675 3381 conjunctione
2731 3308 2957 3362 duarum
3020 3317 3335 3360 naturarum
3380 3307 3434 3358 in

1899 3416 2000 3453 una
2039 3416 2288 3468 persona.
2481 3405 2486 3408 ’

1963 3489 2174 3542 9.ldem
2199 3487 2398 3541 dicitur
2425 3488 2507 3542 vel
2540 3487 2782 3542 essentia
2811 3501 2904 3538 seu
2941 3483 3104 3552 (quod
3139 3483 3276 3536 idem
3323 3483 3428 3548 est)

1896 3586 2106 3639 natura,
2146 3586 2201 3629 ut
2230 3578 2421 3631 Petrus
2453 3588 2507 3631 et
2539 3578 2736 3629 Paulus
2764 3576 2903 3628 idem
2933 3583 3122 3627 natura
3148 3582 3294 3635 sunt,
3339 3574 3425 3626 vel

1893 3683 2108 3735 genere,
2143 3680 2200 3721 ut
2238 3670 2333 3722 bos
2380 3677 2433 3721 et
2485 3682 2655 3734 equus
2705 3667 2844 3719 idem
2893 3675 3018 3719 sunt
3051 3681 3289 3734 genere:
3342 3664 3451 3716 vel-7

1894 3759 2090 3824 specie,
2127 3766 2185 3810 ut
2214 3758 2369 3810 Titus
2397 3768 2448 3810 et
2473 3756 2791 3809 Timotheus
2853 3744 3009 3808 idem”
3045 3766 3170 3808 sunt
3221 3755 3423 3822 specie,

1892 3863 2012 3899 nam
2039 3846 2138 3898 sub
2166 3847 2384 3899 homine
2412 3853 2535 3897 sunt
2565 3845 2724 3897 ambo
2755 3844 2871 3904 ;vel
2905 3858 3150 3905 numero,
3185 3852 3242 3897 ut
3275 3845 3420 3911 quod

1896 3936 2056 3987 multa
2113 3934 2272 3987 habet
2301 3934 2537 3996 nomina,
2561 3932 2766 4001 gladius
2815 3932 2980 3991 enim,
3016 3933 3182 3993 ensis,
3213 3947 3419 3993 mucro,

1893 4024 2030 4077 idem
2056 4038 2301 4083 numero,
2327 4024 2410 4076 his
2437 4024 2579 4076 enim
2607 4039 2776 4074 unum
2814 4021 3095 4089 subjicitur
3124 4038 3137 4073 :
3186 4023 3267 4074 vel
3294 4037 3422 4074 ana-

1890 4116 2048 4182 logia,
2115 4129 2210 4167 seu
2260 4113 2656 4176 convenientia,
2699 4123 2790 4164 aut
2848 4113 3211 4179 proportione.
3267 4111 3419 4176 Quod

1888 4205 2031 4257 enim
2063 4211 2142 4255 est
2170 4203 2359 4256 oculus
2383 4203 2434 4254 in
2461 4216 2704 4268 corpore.
2735 4202 2875 4254 idem
2907 4211 2987 4253 est
3042 4216 3192 4253 mens
3224 4201 3277 4252 in
3303 4200 3421 4252 ani-

1887 4309 2011 4358 mo;
2040 4295 2122 4346 vel
2152 4308 2373 4361 persona
2408 4300 2464 4344 ut
2494 4293 2545 4344 in
2574 4291 2813 4355 Christo,
2860 4291 2976 4361 ejus
2997 4290 3142 4342 enim
3189 4291 3432 4344 diversat-

1888 4395 2092 4436 naturaa
2122 4397 2351 4449 persona
2388 4382 2527 4434 idem
2560 4391 2703 4442 sunt,
2731 4383 2840 4434 sive
2885 4397 3073 4436 unum.

1960 4473 2044 4525 l0.
2076 4472 2396 4541 Conjunctio
2429 4479 2510 4523 est
2561 4481 2780 4523 mutuus
2834 4486 3014 4524 rerum
3080 4472 3415 4526 diversarum

1885 4578 2200 4624 concursus,
2254 4562 2312 4614 ﬁt
2361 4572 2538 4614 autem
2587 4563 2749 4614 variis
2769 4562 2959 4622 modis,
3001 4563 3082 4614 vel
3145 4564 3414 4626 mistione,

1886 4665 1943 4708 ut
2003 4654 2054 4705 in
2083 4654 2165 4712 iis,
2189 4665 2306 4718 quac
2353 4651 2556 4719 liquida
2619 4660 2763 4713 sunt,
2820 4652 2975 4718 quale
3007 4663 3087 4704 est
3144 4652 3414 4706 vinumet

1880 4759 2038 4810 aqua,
2076 4741 2156 4792 vel
2195 4754 2409 4802 acervo,
2441 4748 2498 4789 ut
2532 4740 2581 4789 in
2613 4738 2679 4790 iis
2702 4754 2820 4804 qua:
2858 4751 2983 4793 sunt
3019 4740 3191 4798 arida.
3226 4751 3283 4794 ut
3318 4744 3414 4795 tri-

1881 4833 2041 4885 ticum
2093 4842 2148 4882 et
2177 4829 2435 4880 hordeum
2466 4844 2479 4892 ;
2508 4829 2590 4879 vel
2636 4828 2966 4881 imbibitione
3001 4839 3057 4882 ut
3090 4831 3141 4882 in
3195 4832 3417 4885 humido

1876 4932 1930 4974 et
1952 4922 2113 4979 sicco,
2140 4918 2310 4985 qualis
2341 4927 2422 4969 est
2453 4926 2590 4968 terra
2628 4925 2682 4969 et
2719 4932 2852 4983 aqua
2881 4935 2894 4980 ;
2931 4919 3010 4971 vel
3077 4920 3411 4983 remistione,

1878 5022 1936 5065 ut
1965 5012 2014 5063 in
2039 5009 2264 5063 diversis
2291 5008 2510 5063 farinis:
2544 5009 2625 5061 vel
2659 5009 2999 5068 confusione.
3026 5020 3084 5061 ut
3114 5011 3165 5063 in
3202 5012 3266 5063 iis
3292 5028 3412 5078 qua:

1875 5099 2174 5168 liqueﬁunt.
2198 5099 2374 5165 qualia
2398 5106 2520 5150 sunt
2543 5113 2754 5160 aurum,
2778 5107 2831 5151 et
2859 5108 3157 5166 argentum,
3179 5107 3232 5153 et
3263 5116 3406 5165 cera,

1875 5201 1929 5243 et
1956 5191 2080 5257 piv;
2118 5189 2199 5240 vel
2227 5188 2600 5254 congruentia,
2629 5195 2685 5238 ut
2717 5188 2767 5238 in
2787 5187 3094 5252 lapidibus;
3132 5190 3213 5242 vel
3243 5205 3410 5257 appo-

1872 5280 2087 5340 sitione,
2121 5286 2178 5328 ut
2206 5278 2258 5328 in
2291 5277 2524 5338 tabulis;
2558 5277 2638 5327 vel
2667 5277 3067 5343 conjunctione,
3108 5289 3162 5329 ut
3192 5278 3243 5330 in
3269 5280 3410 5331 lanio-

1872 5367 2028 5435 pade,
2065 5381 2182 5431 qua?
2204 5381 2269 5418 ex
2305 5366 2424 5432 igne
2451 5364 2834 5431 proﬁciscitur,
2860 5373 2913 5416 et
2940 5381 3150 5418 rursum
3183 5369 3404 5436 conjun-

1870 5456 2051 5518 gitur;
2086 5455 2164 5506 vel
2190 5452 2449 5514 essentia,
2503 5462 2559 5505 ut
2585 5453 2636 5505 in
2707 5453 3023 5515 individuis,
3052 5455 3237 5511 quales
3273 5465 3401 5508 sunt

1869 5544 2058 5596 Petrus
2101 5549 2155 5594 ct
2220 5542 2435 5604 Paulus,
2476 5549 2567 5593 aut
2628 5541 2788 5607 aliqui
2815 5541 2893 5595 vel
2916 5541 3036 5610 equi
3084 5544 3164 5598 vel
3209 5544 3396 5611 boves.l
