4274 6382
814 321 954 387 1235

2045 322 2335 385 ΝΙΕΕΤΕ
2371 325 2565 381 CHUN
2578 325 2766 383 ΙΑΤιἘ

3844 324 3985 386 1236

800 444 891 488 aut
944 436 1046 488 alia
1066 432 1352 495 animalia;
1390 431 1473 485 vel
1505 431 1717 495 habitu,
1750 440 1809 485 ut
1836 431 1890 485 in
1913 430 2103 486 amicis
2127 438 2183 485 et
2215 446 2337 485 sen-
2364 426 2411 484 A
2438 437 2541 491 est,
2572 428 2820 497 quamvis
2846 427 3135 496 aliquando
3157 427 3403 484 dicamus
3456 428 3622 482 Deum
3674 429 3981 493 hominem,

793 525 982 579 tentiis
1010 526 1062 578 in
1111 538 1272 576 uuam
1322 522 1654 575 voluntatem
1710 520 2194 583 convenientibus;
2246 518 2330 572 vel

793 613 1209 681 compositione,
1238 619 1298 663 ut
1319 610 1371 663 in
1399 612 1575 663 anima
1601 621 1656 665 et
1684 624 1912 679 corpore
1936 625 1950 672 ;
1972 609 2055 662 vel
2079 623 2329 677 persona,

794 701 850 756 id
881 702 1021 769 quod
1046 702 1112 754 de
1140 702 1253 754 sola
1288 700 1572 753 divinitate
1598 709 1655 753 et
1707 699 2039 752 humanitate
2074 699 2127 751 in
2171 696 2328 751 Chrio

796 805 882 844 sto
910 791 1128 843 dicitur.
1152 787 1264 843 Hoc
1281 798 1460 842 autem
1491 787 1891 855 coniunctionis
1920 801 2091 855 genus
2118 787 2329 853 primus

796 879 1016 933 tradidit
1047 887 1267 931 sanctus
1280 876 1534 943 Cyrillus,
1558 892 1679 929 cum
1713 883 2037 944 repugnaret
2058 875 2329 939 Nestorio,

793 970 885 1036 qui
912 969 1141 1020 duarum
1193 967 1246 1019 in
1308 966 1523 1020 Christo
1555 976 1865 1019 naturarum
1932 965 2331 1033 copulationem

794 1058 981 1111 habitu
1008 1056 1123 1108 tleri
1153 1055 1398 1109 docebat.
1430 1056 1783 1109 Exsecrandie
1825 1056 1970 1109 enim
2020 1056 2165 1109 illius
2196 1056 2332 1109 resi-

795 1155 945 1197 stens
968 1144 1207 1211 opinioni
1242 1144 1674 1212 coniunctionem
1702 1158 1820 1212 quae.
1865 1146 1933 1198 sit
1966 1161 2061 1214 per
2082 1146 2332 1214 hyposta-

793 1232 897 1291 sin,
927 1233 1038 1285 sive
1096 1246 1402 1298 personam,
1460 1231 1689 1294 induxit,
1740 1247 1845 1300 qua
1895 1234 2014 1286 duae
2044 1233 2329 1286 naturaain

795 1335 899 1371 una
931 1334 1179 1387 persona.
1220 1335 1328 1372 non
1359 1331 1534 1373 autem
1561 1320 1613 1370 in
1637 1320 1867 1384 duabus,
1930 1330 1990 1375 ut
2013 1322 2179 1389 nugis
2220 1324 2332 1375 suis

796 1407 1076 1460 asserebat
1124 1408 1424 1468 Nestorius,
1487 1409 1831 1477 copulantur.
1890 1409 2095 1462 Dicitur
2147 1421 2331 1463 autem

794 1495 907 1547 haec
930 1504 985 1547 et
1032 1496 1310 1562 οὑσιώδης,
1368 1496 1470 1549 hoc
1507 1506 1591 1549 est
1646 1499 1947 1550 essentialis
2000 1499 2330 1565 coniunctio,

793 1582 934 1648 quod
969 1596 1095 1634 vera
1130 1582 1220 1643 sit,
1252 1596 1359 1633 non
1400 1592 1580 1636 autem
1616 1585 1728 1637 sola
1776 1586 2027 1652 opinione
2080 1585 2328 1653 ﬁngatur.

795 1672 1010 1739 Alioqui
1045 1673 1345 1739 personalis
1375 1674 1684 1741 coniunctio
1705 1682 1787 1726 est
1811 1689 2020 1735 eorum,
2091 1692 2209 1742 quae
2245 1676 2330 1728 di-

2432 519 2723 587 aliquando
2748 519 3021 572 hominem
3068 520 3257 581 Deum,
3278 518 3613 571 divinitatem
3646 530 3827 573 tamen
3876 522 3984 575 ho-

2433 612 2655 672 minem,
2683 619 2776 664 aut
2802 611 3196 664 humanitatem
3228 611 3395 663 Deum
3432 624 3532 662 nos
3562 626 3838 679 nunquam
3896 613 3985 665 di-

2432 716 2574 754 cere.

2508 792 2591 842 Η.
2636 789 2747 843 Etsi
2812 790 3020 842 nullum
3075 796 3254 857 potest
3303 790 3607 857 exemplum
3658 791 3983 858 excogitari,

2430 879 2573 950 quod
2616 880 2771 947 plane
2810 894 2921 932 rem
2941 878 3265 946 propositam
3289 879 3556 946 exprimat
3578 919 3593 939 ,
3622 895 3720 933 nos
3797 890 3983 933 tamen

2431 967 2633 1035 aliquid
2676 966 2871 1019 aderre
2918 967 3259 1027 conabimur,
3315 969 3459 1035 quod
3510 969 3731 1035 quidem
3805 970 3848 1021 si
3901 968 3984 1021 rei

2436 1055 2794 1124 magnitudini
2845 1055 3024 1108 minus
3084 1055 3455 1122 respondebit,
3490 1048 3742 1123 apposite
3799 1063 3984 1107 tamen

2432 1157 2705 1210 utcunque
2738 1144 3018 1195 veritatem
3050 1143 3411 1197 adumbrabit.
3436 1144 3899 1209 Quemadmodum
3935 1144 3985 1196 si

2434 1244 2579 1287 totus
2605 1237 2922 1287 exardescat
2983 1249 3094 1295 aer,
3136 1234 3218 1285 vel
3276 1234 3455 1300 potius
3500 1235 3570 1285 sit
3618 1243 3761 1286 totus
3817 1235 3985 1299 ignis,

2432 1324 2683 1391 exiguum
2712 1333 2889 1375 autem
2922 1323 3050 1375 ferri
3076 1321 3364 1374 frustulum
3386 1323 3437 1373 in
3459 1322 3608 1373 illum
3631 1323 3982 1379 coniiciatur.

2430 1426 2649 1464 necesse
2679 1411 2894 1478 quidem
2924 1411 3029 1463 erit
3091 1410 3220 1463 illud
3255 1410 3333 1463 sic
3370 1409 3535 1469 allici,
3587 1419 3647 1461 ut
3665 1410 3799 1462 nihil
3829 1407 3985 1461 aliud

2432 1512 2593 1565 quam
2624 1499 2761 1565 ignis
2788 1513 2906 1549 esse
2929 1498 3195 1557 videatur,
3218 1504 3451 1548 attamen
3478 1496 3551 1547 illi
3570 1498 3818 1548 essentia:
3841 1496 3987 1547 ratio

2434 1586 2793 1652 permanebit.
2832 1586 3030 1638 Eodem
3062 1585 3223 1636 modo
3254 1593 3449 1635 natura
3496 1584 3730 1635 humana
3782 1583 3987 1635 divina:

2434 1676 2740 1743 conjuncta,
2776 1675 2853 1727 sic
2881 1676 2947 1727 ah
2980 1676 3065 1727 illa
3086 1676 3474 1740 comprehensa
3499 1682 3581 1726 est
3608 1684 3663 1725 et
3693 1684 3978 1738 superata.

796 1775 965 1812 versa:
994 1767 1119 1813 sunt
1146 1762 1416 1823 essentite,
1469 1761 1520 1812 in
1565 1776 1725 1813 unam
1783 1776 2063 1827 personam
2098 1779 2330 1816 concur-
2368 1738 2404 1791 Β
2438 1773 2496 1816 ιιι
2536 1779 2640 1816 ιιοιι
2675 1764 2907 1832 amplius
2943 1773 3136 1816 natura
3181 1763 3416 1815 hominis
3443 1778 3562 1815 esse
3602 1762 3867 1813 videatur.
3911 1761 3986 1813 Et

798 1859 910 1907 sus,
970 1860 1066 1897 sua
1098 1847 1294 1913 cuique
1350 1847 1434 1899 vel
1471 1855 1592 1914 post
1652 1849 2081 1915 coniunctionem
2126 1861 2332 1903 servata

794 1939 1145 2002 proprietate.
1177 1935 1305 1999 Quae
1328 1936 1543 2002 quidem
1577 1937 1885 2004 coniunctio
1911 1939 2139 2005 quadrat
2170 1942 2332 1992 etiam

793 2025 983 2077 anima:
1004 2031 1058 2077 et
1075 2026 1283 2093 corpori
1305 2026 1356 2077 in
1386 2041 1545 2078 unam
1564 2028 1881 2081 coeuntibus
1894 2044 2174 2096 personam
2200 2031 2330 2099 (57),

797 2122 857 2166 ιιι
900 2115 1262 2167 Damascenus
1281 2115 1520 2170 edocuit.

869 2203 954 2255 tl.
1026 2204 1507 2273 llomoypostaton,
1563 2221 1655 2260 seu
1711 2204 1952 2275 ejusdem
1977 2222 2239 2274 personm.
2274 2208 2328 2260 id

796 2305 919 2343 esse
946 2290 1168 2353 dicitur,
1203 2292 1345 2359 quod
1374 2293 1426 2345 in
1470 2310 1571 2346 una
1608 2295 1907 2360 eademque
1932 2311 2159 2362 persona
2206 2311 2329 2349 cum

795 2380 921 2441 alio,
952 2395 980 2432 a
1011 2394 1119 2447 quo
1152 2380 1332 2432 diﬂ‘ert
1359 2383 1613 2445 essentia,
1640 2383 1987 2450 coniungitur
2011 2398 2028 2435 :
2052 2393 2107 2434 ut
2138 2384 2188 2436 in
2220 2386 2333 2436 ani-

795 2485 881 2522 ma
911 2484 1129 2537 quoque
1154 2471 1211 2523 lit
1238 2482 1292 2525 et
1326 2486 1573 2539 corpore.
1613 2472 1879 2524 Omnibus
1909 2472 2128 2539 quidem
2168 2474 2333 2525 rebus

795 2560 1074 2614 immistus
1095 2569 1179 2615 est
1210 2562 1353 2615 Deus
1383 2577 1479 2629 per
1514 2563 1832 2630 potentiam,
1863 2572 2106 2615 naturam
2147 2563 2332 2630 cuius-

2436 1852 2534 1905 hac
2568 1853 2633 1905 de
2673 1868 2832 1906 causa
2871 1854 3057 1905 Patres
3083 1852 3249 1905 nostri
3282 1852 3425 1919 quod
3453 1862 3740 1918 exsuperat
3762 1858 3816 1903 et
3882 1849 3989 1901 do—

2436 1945 2695 2005 minatur,
2724 1943 2776 1995 id
2813 1944 3109 2005 intuentes,
3142 1944 3283 1995 illam
3311 1944 3477 1995 Deum
3506 1958 3627 1995 esse
3673 1942 3867 1993 factam
3891 1942 3984 1992 di-

2436 2040 2648 2091 xerunt,
2678 2030 2906 2096 ideoque
2930 2038 3149 2098 propter
3208 2046 3370 2083 unam
3428 2030 3621 2083 horum
3658 2044 3982 2096 personam,

2433 2129 2489 2172 et
2512 2120 2943 2172 iudissolubilem
3005 2119 3464 2184 coniunctionem,
3499 2134 3665 2171 unum
3730 2120 3855 2171 item
3888 2119 3981 2171 his

2436 2208 2769 2261 adorationis
2793 2208 2997 2260 cultum
3015 2207 3221 2260 deberi.

2500 2296 2583 2349 l5.
2613 2295 2968 2349 Personarum
3015 2296 3232 2362 quidem
3308 2295 3361 2347 in
3388 2294 3603 2348 Christo
3646 2294 3985 2347 differentias

2430 2400 2536 2437 non
2597 2384 2949 2446 admittimus,
2978 2399 3045 2437 ne
3068 2393 3313 2452 quartam
3356 2398 3636 2450 personam
3698 2384 3751 2435 in
3787 2394 3981 2436 sancta

2429 2474 2691 2527 Trinitate
2723 2475 3122 2541 conlingamus.
3146 2473 3465 2526 Naturarum
3500 2481 3678 2523 autem
3714 2471 3976 2524 dilferen—

2430 2564 2532 2617 tias
2564 2564 2924 2630 agnoscimus.
2954 2579 3020 2615 ne
3058 2576 3276 2615 carnem
3302 2561 3540 2627 eiusdem
3580 2577 3676 2627 per
3725 2572 3979 2613 naturam

794 2664 899 2715 que
927 2657 1203 2717 regentem
1229 2657 1283 2702 et
1316 2659 1729 2703 conservantem
1760 2667 1773 2713 ;
1811 2649 1978 2703 Filius
2031 2662 2211 2702 autem
2276 2658 2332 2702 et
2426 2654 2668 2705 essentia:
2697 2666 2817 2704 cum
2849 2650 3064 2704 Christo
3088 2650 3373 2701 credamus
3392 2663 3508 2700 esse
3540 2651 3673 2713 (37).

795 2736 938 2789 Dens
971 2753 1092 2791 cum
1124 2738 1459 2792 humanitate
1491 2748 1765 2808 assumpta
1787 2739 1982 2793 mistus
1996 2748 2080 2794 est
2105 2755 2200 2810 per
2217 2756 2332 2810 per-

796 2842 1002 2880 sonam.

866 2918 952 2971 12.
986 2917 1042 2971 Si
1079 2924 1351 2984 assumpta
1381 2918 1691 2972 humanitas
1746 2929 1831 2973 est
1883 2919 2041 2973 Verbi
2094 2920 2327 2988 pr0pria,

2500 2742 2585 2793 16.
2618 2741 3009 2808 Coniunctione
3035 2739 3265 2790 duarum
3295 2747 3611 2788 naturarum
3640 2738 3693 2787 in
3751 2734 3974 2788 Christo

2427 2830 2563 2884 facta
2588 2832 2694 2900 iam
2732 2845 2838 2882 non
2868 2828 3081 2887 divisio,
3122 2827 3213 2879 sed
3244 2825 3546 2877 ditl‘erentia
3604 2824 3829 2877 dicenda
3859 2831 3968 2875 est.

2428 2921 2741 2974 Dill'erentia
2778 2919 2921 2972 enim
2970 2918 3103 2969 ratio
3135 2925 3219 2970 est
3260 2931 3354 2983 per
3382 2930 3539 2982 quam
3572 2929 3748 2967 rerum
3800 2913 3973 2989 subis;

799 3023 919 3075 quae
950 3007 1303 3060 humanitatis
1358 3019 1646 3078 assumpta:
1702 3009 1918 3076 propria
1967 3016 2115 3068 sunt,
2169 3017 2640 3101 eruntcctarum
2692 3009 2793 3061 alia
2841 3007 3024 3061 differt
3079 3006 3144 3058 ab
3194 3005 3319 3057 alia.
3368 3005 3639 3056 Divisione
3697 3019 3829 3056 vero
3884 3017 3976 3055 res

797 3099 957 3150 etiam
987 3097 1145 3150 Verbi
1174 3099 1412 3166 propria,
1446 3100 1572 3152 licet
1593 3100 1674 3151 eis
1702 3099 1938 3165 seipsum
1999 3112 2108 3151 non
2160 3097 2332 3167 subji-

798 3187 926 3246 ciat,
960 3187 1051 3240 sed
1107 3189 1181 3240 illi
1211 3190 1571 3242 communicet
1600 3202 1718 3255 qum
1740 3204 1833 3240 sua
1892 3196 2037 3250 sunt,
2092 3188 2337 3255 quamvis

803 3292 907 3330 non
932 3291 997 3328 eo
1018 3277 1200 3337 modo,
1226 3292 1334 3344 quo
1361 3292 1421 3329 ea
1447 3292 1474 3328 a
1500 3292 1557 3329 se
1584 3278 1950 3344 possidentur.
1988 3276 2135 3328 Hanc
2155 3286 2333 3329 autem

801 3376 1003 3421 mutuae
1031 3368 1343 3420 tributionis
1365 3368 1629 3419 rationem
1656 3380 1931 3429 vocamus,
1975 3381 2079 3434 qua
2132 3376 2336 3418 natura:

783 3475 859 3523 se
894 3458 1124 3511 vicissim
1155 3459 1395 3524 capiunt,
1420 3466 1473 3509 et
1502 3471 1619 3524 quae
1669 3456 1883 3524 utrique
1939 3456 2157 3524 propria
2214 3463 2338 3508 sunt

802 3546 905 3598 sibi
940 3554 1127 3597 mutuo
1154 3544 1421 3597 tribuunt.
1448 3546 1515 3595 At
1560 3544 1769 3597 tametsi
1819 3544 2053 3598 vicissim
2099 3559 2161 3597 ac
2218 3559 2336 3595 mu-

805 3648 896 3688 tuo
918 3636 1017 3688 has
1038 3636 1176 3687 inter
1214 3649 1270 3687 se
1301 3648 1602 3685 commeare
1627 3633 1874 3696 dicimus,
1906 3633 2006 3686 hoc
2064 3643 2242 3686 tamen
2272 3649 2340 3687 ex

802 3725 982 3778 divina
1012 3723 1226 3792 proprie
1252 3732 1439 3775 natura
1462 3722 1677 3790 pendet,
1698 3737 1815 3789 qua:
1840 3737 1936 3789 per
1956 3725 2134 3776 omnia
2163 3732 2338 3776 traus~

803 3815 863 3873 it.
893 3824 949 3868 et
980 3821 1262 3874 commeat,
1301 3822 1357 3866 et
1386 3818 1636 3879 penetrat
1682 3811 1775 3865 ubi
1822 3812 1971 3879 vult;
2040 3827 2138 3880 per
2195 3812 2338 3865 illam

804 3914 983 3957 autem
1018 3905 1169 3956 nihil.

876 3995 958 4047 15.
990 3993 1110 4047 Haec
1140 4004 1323 4047 mutua
1374 3993 1597 4048 tributio
1630 3994 1732 4047 tria
1754 3993 2017 4061 imprimis
2053 3993 2336 4061 signiﬁcat.

804 4084 935 4137 Nam
968 4083 1049 4135 vel
1085 4084 1137 4135 in
1172 4084 1487 4137 nominibus
1520 4085 1917 4146 consideratur,
1938 4092 2139 4136 utcum
2169 4083 2343 4136 homi-

805 4186 927 4224 nem
960 4171 1192 4224 dicimus
1221 4172 1407 4232 Deum.
1440 4180 1495 4224 et
1550 4172 1716 4225 Deum
1773 4172 2091 4225 hominem:
2146 4171 2229 4225 vel
2286 4172 2339 4225 in

810 4264 993 4324 rebus,
1032 4271 1087 4314 et
1118 4262 1231 4314 haec
1255 4271 1336 4314 est
1360 4262 1577 4329 duplex.
1606 4264 1713 4315 Aut
1747 4262 1890 4315 enim
1915 4262 2138 4330 aqualis
2180 4272 2261 4314 est
2287 4270 2343 4313 et

2434 3104 2632 3156 caulem
2664 3114 2885 3169 prorsus
2913 3109 2967 3151 et
2997 3099 3048 3152 in
3080 3098 3391 3151 universum
3452 3110 3481 3148 a
3534 3110 3590 3148 se
3649 3094 3979 3163 disiungun-

2436 3203 2542 3245 tur.

2510 3283 2593 3333 l7.
2621 3281 2852 3332 Verbum
2874 3287 2929 3332 et.
2955 3278 3097 3331 Deus
3121 3287 3211 3331 aut
3236 3277 3543 3329 universum
3572 3282 3662 3326 aut
3718 3271 3971 3337 singula-

2436 3385 2547 3423 rem
2579 3368 2869 3435 assumpsit
2895 3366 3194 3420 hominem.
3224 3367 3277 3419 Si
3311 3366 3642 3424 universum,
3676 3362 3849 3414 oculis
3871 3376 3981 3412 non

2436 3468 2773 3512 cerneretur.
2800 3457 2995 3509 Natura
3029 3456 3170 3507 enim
3195 3454 3444 3507 universa
3490 3467 3596 3505 non
3627 3460 3709 3504 est
3762 3450 3985 3516 conspi-

2437 3564 2556 3602 cna.
2584 3549 2846 3602 Prteterea
2878 3546 3072 3599 multas
3109 3544 3332 3597 haberet
3375 3556 3632 3610 personas
3666 3541 3889 3607 :plures
3918 3554 3982 3592 e-

2436 3640 2546 3691 nim
2580 3652 2752 3706 genus
2784 3636 3095 3689 universum
3130 3633 3531 3700 complectitur.
3578 3630 3686 3683 Nec
3735 3630 3979 3696 eiusdem

2436 3728 2593 3783 nobis
2628 3736 2773 3780 esset
2798 3723 3137 3786 substantiae,
3182 3736 3280 3774 nos
3295 3722 3438 3773 enim
3465 3733 3650 3772 sumus
3676 3716 3979 3777 individua,

2438 3827 2492 3871 et
2542 3818 2710 3869 multa
2771 3813 3037 3882 eiusmodi
3076 3808 3409 3863 incommoda
3446 3815 3822 3873 sequerentur.
3882 3803 3978 3858 Sin

2439 3905 2709 3958 hominem
2739 3901 3037 3969 assumpsit
3066 3901 3410 3967 singularem.
3436 3897 3569 3949 duas
3604 3892 3979 3961 deprehende-

2440 4005 2526 4047 tur
2561 3995 2759 4047 habere
2786 4006 3063 4060 personas.
3098 3990 3381 4055 Reliquum
3412 3987 3575 4055 igitur
3619 3994 3723 4044 est,
3759 3994 3819 4034 ut
3844 3998 3979 4035 neu-

2441 4092 2584 4136 trqu
2614 4080 2987 4149 assumpserit.
3013 4077 3104 4131 sed
3129 4075 3438 4144 singularis,
3472 4074 3575 4125 hoc
3596 4080 3679 4124 est
3706 4069 3979 4122 individui

2438 4182 2682 4224 naturam
2717 4166 2969 4229 hominis,
3009 4164 3163 4232 cuius
3186 4165 3301 4230 ipse
3326 4175 3556 4229 persona
3588 4159 3711 4212 fuit.
3770 4158 3973 4225 Singuo

2440 4259 2570 4313 laris
2600 4267 2779 4311 autem
2811 4254 3044 4307 hominis
3073 4260 3268 4304 natura
3298 4249 3602 4303 communis
3624 4246 3841 4315 quidem
3872 4255 3981 4307 est,

806 4349 1103 4413 dissimilis,
1138 4357 1197 4401 ut
1226 4351 1280 4401 in
1313 4349 1421 4401 Deo
1446 4348 1663 4401 homine
1724 4347 1889 4407 facto.
1918 4356 1973 4401 et
2030 4347 2080 4400 in
2122 4348 2337 4401 homine
2369 4356 2413 4413 Ι)
2441 4348 2607 4403 scdin
2633 4344 2934 4400 individuo.
2968 4342 3305 4410 Singularem
3346 4352 3474 4392 vero
3504 4337 3732 4389 dicimus
3798 4334 3980 4387 homi-

807 4440 949 4492 facto
995 4439 1124 4491 Deo.
1182 4437 1333 4490 Licet
1360 4437 1502 4490 enim
1560 4447 1768 4491 tantum
1827 4447 2137 4505 assumptus
2179 4439 2340 4492 homo

808 4528 979 4580 lactus
1000 4527 1070 4579 sit
1096 4527 1260 4589 Deus,
1284 4536 1544 4594 quantum
1580 4526 1730 4580 Deus
1754 4526 2027 4580 hominem
2062 4542 2341 4581 assumens

807 4617 979 4669 Tactus
1033 4624 1114 4667 est
1158 4614 1319 4667 homo
1371 4617 1486 4682 (per
1534 4629 1731 4681 corpus
1790 4616 1933 4668 enim
1996 4623 2051 4667 et
2109 4618 2338 4668 animam

809 4712 865 4754 ct
897 4714 1149 4765 mentem,
1219 4712 1508 4769 utrumque
1572 4702 1769 4754 factum
1794 4701 1923 4769 est),
1951 4717 2057 4755 non
2090 4703 2341 4756 similiter

810 4802 1010 4844 tamen.
1048 4792 1187 4845 Deus
1217 4794 1361 4845 enim
1392 4807 1489 4860 per
1536 4801 1777 4843 naturam
1813 4791 1987 4844 factus
2031 4800 2113 4845 est
2143 4792 2335 4855 homo;

810 4881 973 4933 homo
1003 4888 1106 4933 aut.
1127 4895 1175 4931 ιιι
1208 4895 1303 4948 per
1325 4871 1547 4948 gratiam
1570 4880 1741 4933 {actus
1768 4890 1852 4934 est
1916 4881 2073 4935 Deus.
2121 4884 2228 4935 Aut
2270 4884 2341 4935 si-

813 4972 957 5024 milis
988 4981 1039 5024 et
1080 4970 1379 5037 inaequalis,
1404 4982 1461 5024 ut
1481 4974 1529 5025 in
1560 4974 1739 5027 anima
1766 4975 1926 5026 aDeo
1957 4973 2165 5026 homini
2194 4974 2338 5037 data,

813 5070 872 5111 ut
914 5060 967 5113 in
990 5075 1148 5113 carne
1172 5065 1236 5113 an
1260 5062 1475 5114 homine
1503 5062 1611 5114 Deo
1633 5073 1687 5115 et
1712 5063 1886 5117 Verbo
1913 5062 2134 5116 tributa.
2169 5060 2342 5130 Imago

811 5148 956 5200 enim
985 5144 1075 5200 Dii
1107 5159 1209 5210 est,
1236 5158 1291 5201 et
1348 5150 1522 5218 quoad
1579 5150 1693 5203 ﬁeri
1746 5159 1924 5218 potest
1987 5149 2097 5209 Deo
2152 5149 2345 5203 similis

812 5235 1023 5298 anima;
1049 5238 1478 5301 aequalisautem
1505 5239 1651 5292 nullo
1686 5240 1868 5294 modo.
1890 5239 1958 5293 Et
1978 5248 2105 5292 tunc
2131 5239 2347 5306 quidem

815 5323 867 5375 id
898 5323 1065 5385 dedit,
1086 5327 1227 5393 quod
1256 5331 1597 5395 praestantius
1625 5340 1759 5392 erat,
1794 5339 1915 5397 post
1934 5338 2111 5382 autem
2132 5328 2182 5380 id
2206 5327 2348 5395 quod

817 5413 1057 5467 deterius
1090 5425 1231 5481 erat,
1277 5418 1502 5487 accepit.
1558 5420 1758 5472 Verum
1804 5416 2343 5473 animadvertendum

886 5590 995 5660 (57)
1029 5589 1267 5647 Danasc.
1296 5590 1712 5660 ὁμοῦττόστατον.

2439 4452 2586 4494 nem.
2618 4445 2674 4487 ut
2700 4431 3037 4486 individuum
3067 4428 3285 4496 speciei,
3344 4442 3451 4479 non
3500 4425 3731 4477 animam
3780 4424 3978 4482 solam,

2440 4537 2755 4591 autcorpus
2786 4522 2985 4583 solum,
3050 4519 3144 4572 sed
3185 4516 3330 4586 quod
3385 4532 3451 4569 ex
3480 4525 3709 4581 utroque
3756 4513 3982 4566 conﬁci-

2444 4626 2551 4669 lUl‘.

2514 4700 2598 4755 l8.
2635 4700 2763 4765 Quae
2794 4699 2847 4751 in
2874 4705 3067 4750 natura
3127 4694 3361 4747 humana
3409 4698 3535 4743 sunt
3562 4704 3592 4741 ιι
3632 4686 3764 4739 vitio
3796 4700 3979 4752 repre-

2444 4794 2818 4856 hensioneque
2884 4788 3081 4848 aliena,
3138 4798 3201 4836 ea
3242 4780 3491 4834 Christus
3561 4777 3757 4844 partim
3812 4790 3977 4841 supra

2446 4882 2695 4937 homines
2716 4877 2941 4946 accepit,
2968 4875 3163 4944 partim
3193 4882 3252 4925 ut
3276 4870 3543 4929 homines.
3606 4867 3801 4935 partim
3826 4865 3979 4932 abie-

2449 4975 2591 5027 ctius
2641 4983 2799 5038 quam
2850 4966 3114 5019 homines.
3152 4962 3324 5029 Supra
3380 4958 3624 5011 homines
3676 4955 3796 5018 fuit,
3834 4953 3978 5020 quod

2450 5061 2565 5115 sine
2586 5059 3117 5122 semine-conceptus
3135 5061 3237 5114 est,
3263 5048 3404 5118 quod
3431 5063 3497 5101 ex
3524 5046 3749 5113 Virgine
3798 5050 3977 5104 nath,

2445 5160 2501 5203 et
2554 5157 2746 5201 cmtera
2788 5146 2980 5198 horum
3027 5142 3246 5196 similia.
3314 5137 3598 5190 Hominum
3653 5148 3806 5187 more
3855 5132 3980 5193 luit.

2447 5237 2591 5306 quod
2623 5236 2818 5289 divinae
2857 5231 3152 5287 Genitricis
3178 5240 3391 5282 uterum
3422 5225 3722 5280 infantulus
3752 5223 3979 5276 tumefe-

2444 5328 2538 5390 cit,
2569 5324 2714 5392 quod
2743 5337 2935 5377 novem
2967 5321 3225 5373 mentium
3253 5317 3427 5386 spatio
3466 5324 3627 5368 natus
3683 5322 3785 5375 est,
3832 5311 3977 5379 quod

2443 5414 2620 5468 hausit
2653 5414 2755 5477 lac,
2788 5410 2928 5481 quod
2960 5409 3210 5478 ploravit,
3254 5415 3311 5460 et
3338 5404 3391 5459 id
3447 5417 3614 5459 aeuus
3642 5403 3763 5455 alia.
3820 5399 3981 5467 Abie-

2517 5588 2624 5656 (38)
2657 5588 2797 5642 lnl’ra
2832 5594 3023 5641 contra
3062 5583 3215 5637 Joan.
3246 5579 3626 5649 Philoponum.
