4274 6382
287 422 418 489 1237

1508 418 1888 480 TllESAURI
1932 419 2078 482 LIB.
2122 419 2236 480 IlI.

3308 425 3440 489 1238

281 533 421 586 ctius
444 539 497 585 et
527 529 808 592 humilius.
827 542 985 597 quam
1009 542 1105 596 pro
1123 526 1401 580 hominum
1425 524 1813 580 consuetudine
1839 521 1889 581 Α
1983 525 2033 578 6.
2065 526 2224 579 Arius
2257 533 2310 579 et
2339 523 2632 579 Eunomius
2661 526 2728 580 ab
2761 527 2851 579 illo
2908 527 3080 580 solum
3132 543 3326 596 corpus
3354 547 3441 588 as.

281 619 404 680 fuit.
442 617 588 686 quod
611 618 728 686 ejus
752 617 960 684 species
989 617 1044 670 in
1071 630 1232 669 cruce
1257 615 1429 684 turpis
1461 613 1728 682 apparuit.
1759 621 1814 668 et

281 723 402 762 cum
449 706 738 774 ignominia
770 715 864 768 .et
919 705 1200 765 deﬁciens.
1227 705 1402 772 inquit
1448 704 1626 762 Isaias.
1654 717 1814 770 supra

285 798 426 849 lilio:
454 797 753 856 hominum.
782 796 1035 863 quodque
1081 797 1229 863 prius
1253 809 1411 861 quam
1438 795 1695 855 latrones,
1722 792 1814 860 qui

283 884 439 937 simul
463 885 515 935 in
546 898 760 936 crucem
784 883 888 934 acti
917 893 1072 935 erant
1129 897 1244 950 prae
1290 883 1566 934 clavorum
1626 880 1815 932 dolore

284 981 531 1026 mortuus
573 981 678 1025 est.
734 972 882 1025 Adde
911 981 964 1024 et
996 973 1147 1030 illttd.
1186 973 1228 1024 si
1257 971 1602 1038 placet,iquod
1629 971 1815 1023 humili

286 1062 456 1115 forma
492 1063 752 1114 hortulani
789 1077 844 1114 se
877 1071 992 1128 post
1015 1063 1464 1115 resurrectionem
1490 1063 1820 1128 conspicien-

284 1153 413 1204 dum
447 1152 696 1218 prazbuit.
727 1151 1056 1217 etapostolis
1103 1151 1404 1211 cicatrices.
1453 1161 1507 1202 et
1546 1152 1661 1204 loca
1697 1152 1818 1202 vul-

287 1253 477 1293 lterum
513 1241 767 1299 ostendit.
795 1240 1049 1307 quodque
1074 1240 1252 1292 cibum
1299 1241 1456 1306 cepit.
1515 1239 1641 1291 Nam
1697 1239 1820 1291 reli-

287 1332 380 1399 qui
415 1332 659 1383 homines
689 1341 1046 1398 posteaquatn
1075 1329 1274 1381 fuerint
1305 1331 1356 1381 in
1378 1330 1542 1382 vitam
1565 1331 1818 1393 revocati,

205 1433 210 1438 ‘
288 1422 559 1489 fulgebunt
586 1430 640 1472 ut
673 1424 752 1472 sol
780 1422 845 1483 ",
871 1436 968 1473 nec
994 1421 1133 1471 ullus
1162 1433 1348 1471 eorunt
1395 1419 1658 1486 ejusmodi
1684 1421 1824 1471 cica-

289 1514 452 1564 trices
477 1513 528 1564 in
563 1526 811 1580 corpore,
837 1519 933 1563 aut
968 1512 1252 1564 vulnerum
1277 1510 1391 1563 loca
1419 1510 1692 1571 retinebit,
1722 1523 1823 1562 nec

290 1606 558 1658 comedet.

249 1683 255 1686 ’
364 1695 448 1744 l5.
477 1694 644 1746 Filius
680 1695 795 1754 Dei.
829 1703 990 1760 atque
1024 1694 1161 1745 idem
1181 1693 1342 1751 Deus.
1372 1701 1425 1744 et
1452 1703 1744 1757 conceptus
1771 1699 1825 1742 et

293 1796 452 1836 natus
483 1799 602 1837 esse
622 1786 845 1842 dicitur.
891 1794 946 1835 et
980 1784 1254 1842 docuisse.
1285 1793 1336 1833 et
1371 1797 1456 1832 res
1481 1779 1826 1832 admirandas

292 1871 504 1929 fecisse.
528 1883 582 1925 et
601 1876 680 1936 (ut
703 1873 1083 1939 paucisomnia
1105 1871 1456 1938 complectar)
1478 1879 1586 1921 tum
1615 1869 1826 1935 eguisse

296 1972 404 2012 tum
439 1977 623 2028 passus
683 1978 822 2022 esse.
860 1973 913 2013 et
950 1972 1214 2022 mortuus,
1245 1969 1300 2011 ct
1329 1960 1644 2011 surrexisse.
1682 1958 1826 2020 Quo-

295 2052 437 2102 niam
469 2061 756 2116 assumpta:
781 2052 961 2103 carnis
985 2052 1096 2118 ipse
1133 2051 1231 2102 fuit
1257 2062 1501 2117 persona.
1535 2064 1654 2115 qua:
1711 2048 1830 2114 qui-

295 2141 416 2192 dem
458 2156 584 2192 caro
600 2142 714 2192 sine.
740 2142 942 2193 semine
959 2142 1135 2207 genita
1163 2141 1360 2192 nullam
1379 2141 1532 2191 aliam
1557 2139 1828 2205 propriam

297 2245 578 2296 personam
614 2231 822 2282 habuit.
851 2230 1116 2294 Quocirca
1145 2245 1266 2281 cutn
1319 2223 1640 2281 assuntentis
1667 2238 1720 2280 ct
1748 2243 1832 2281 as-

298 2330 522 2387 sumpta:
552 2321 797 2370 humanae
824 2331 1028 2373 natura!
1047 2335 1149 2372 una
1173 2321 1238 2373 sit
1264 2320 1557 2386 eademque
1584 2334 1829 2386 persona.

298 2410 414 2474 ipse
445 2409 646 2462 dicitur
669 2420 724 2461 et
751 2426 906 2475 agerc
935 2422 989 2462 et
1017 2413 1122 2478 pati
1154 2426 1218 2467 ex
1247 2414 1384 2478 ejus.
1438 2411 1582 2478 quod
1631 2425 1833 2462 assum-

297 2501 418 2567 psit.
441 2514 648 2554 natura.
675 2500 738 2554 Et
761 2518 880 2568 qum
910 2504 1052 2555 illius
1095 2504 1307 2570 propria
1363 2513 1506 2562 sunt.
1568 2504 1669 2555 sibi
1696 2503 1832 2555 asci-

299 2589 400 2640 acit
433 2599 490 2641 ut
523 2593 757 2656 propria.
795 2594 992 2659 qtzippe
1051 2593 1141 2657 qtti
1196 2593 1266 2646 sit
1341 2594 1455 2660 ejus
1509 2591 1832 2661 hypostasis.

299 2689 458 2746 atque
491 2697 740 2748 persona,
769 2695 827 2736 ut
849 2684 1357 2738 demonstravimus.

857 2811 1009 2866 CAP.
1042 2812 1275 2866 XXXIX.

299 2896 453 2970 Item,
487 2897 559 2950 De
601 2898 726 2952 Filii
754 2901 840 2951 Dei
869 2905 1248 2956 incarnatione.
1318 2902 1597 2970 [Trrdecim
1626 2908 1838 2958 heresi-

370 2966 460 3019 bus
488 2971 709 3034 rejectis.
751 2971 991 3021 Et'clcsia'
1015 2988 1185 3022 verum
1214 2973 1274 3022 de
1303 2966 1492 3024 Christi
1549 2977 1838 3028 nominibus

367 3045 414 3108 et
429 3038 788 3108 incarnatione
815 3041 1103 3105 opinionem
1121 3040 1286 3093 solam
1311 3043 1714 3108 amplexandam
1735 3057 1838 3097 esse

365 3102 556 3173 ἄρεω]

373 3214 564 3282 Opera:
594 3219 823 3284 pretium
857 3235 987 3272 vero
1018 3222 1148 3275 mihi
1169 3223 1634 3288 facturusvideor,
1665 3227 1708 3278 si
1736 3227 1844 3294 jam

301 3306 574 3373 proﬁtear.
607 3312 734 3377 quid
770 3311 836 3364 de
864 3313 1309 3370 divinahumanze
1334 3321 1849 3386 carnisassutnptio-

303 3411 372 3448 ne
396 3401 647 3452 sentiam.
679 3400 788 3453 Hac
816 3405 958 3455 enim
989 3392 1204 3458 ratione
1228 3409 1340 3474 ipsa
1383 3409 1496 3470 Dei,
1527 3412 1616 3476 qui
1651 3426 1848 3477 corpus

308 3486 408 3540 hoc
455 3490 826 3546 universitatis
882 3493 1209 3560 moderatur,
1260 3498 1593 3563 providentia
1650 3500 1850 3554 clarius

302 3575 622 3631 innotescet.

375 3668 424 3718 1.
457 3667 776 3721 Valentinus
809 3671 988 3738 itaque
1015 3673 1068 3723 in
1100 3672 1369 3728 fabulosis
1405 3677 1513 3730 illis
1558 3694 1850 3743 nugamen-

304 3749 375 3806 tis
395 3755 509 3807 suis
527 3757 687 3810 altum
711 3757 1081 3826 Unigcnitum,
1118 3763 1265 3816 aliud
1314 3763 1548 3818 Verbum
1579 3769 1850 3834 continge-

305 3845 399 3897 bat
425 3864 437 3898 :
468 3859 630 3914 atque
657 3852 819 3900 etiam
850 3851 1014 3903 alium
1036 3852 1335 3912 Christum.
1362 3857 1452 3922 qui
1485 3857 1626 3909 intra
1674 3859 1852 3924 plero-

308 3950 416 3996 tna,
451 3951 545 3989 seu
583 3939 999 4005 plenitudinem.
1052 3945 1641 4011 comprehenderetur;
1689 3948 1850 4000 alium

307 4028 436 4079 item
462 4026 642 4080 Iesum
673 4045 687 4092 ;
716 4022 879 4083 alium
924 4033 1157 4099 denique
1207 4033 1506 4096 Christum.
1543 4039 1635 4104 qui
1698 4049 1848 4092 extra

309 4118 544 4182 pleroma
565 4120 904 4196 consisteret.
932 4121 1113 4174 Jesum
1146 4139 1308 4190 porro
1357 4125 1627 4179 hominem
1657 4129 1852 4181 factum

307 4206 578 4258 exteriore
616 4207 708 4260 illo
737 4207 958 4267 Christo
989 4212 1257 4273 indutum.
1315 4228 1546 4283 corpore
1565 4232 1630 4270 ex
1663 4221 1853 4271 anima:

307 4299 542 4348 essentia
587 4298 688 4350 sibi
744 4310 1042 4366 assumpto,
1106 4303 1387 4369 solumque
1427 4306 1707 4358 transitum
1760 4322 1855 4374 per

311 4383 581 4451 Virgtnem
617 4387 889 4446 habuisse.
924 4403 1022 4441 nec
1048 4389 1282 4442 humana
1344 4407 1410 4445 ex
1452 4403 1646 4446 natura
1697 4398 1850 4462 quid-

310 4485 472 4539 quam
494 4476 844 4540 assumpsiJse
864 4475 1228 4531 fabulabatur.

377 4562 431 4615 2.
460 4563 720 4618 Basilides
775 4570 965 4619 eodem
1014 4555 1204 4631 'modo.
1237 4573 1402 4625 alium
1455 4589 1670 4641 quoque
1699 4573 1856 4627 Citri-

312 4660 481 4714 stum,
518 4654 665 4707 aliud
694 4655 947 4720 Verbum.
974 4660 1130 4712 aliain
1150 4661 1384 4729 denique
1403 4663 1732 4730 Sapientiam
1770 4664 1852 4719 di-

311 4743 486 4794 cebat.

382 4835 435 4887 3.
461 4834 657 4896 Cerdo.
679 4836 897 4901 Marcio.
931 4849 984 4892 et
1011 4840 1190 4896 Manes
1209 4842 1483 4897 Christum
1516 4846 1730 4912 quidem
1760 4846 1854 4897 ho-

315 4926 444 4976 mini
467 4927 698 4979 similem
728 4919 1067 4996 apparuisse,
1104 4932 1326 4987 humani
1349 4945 1526 4988 tamen
1577 4936 1714 4988 nihil
1760 4937 1856 4989 ha-

316 5013 498 5066 buisse
530 5015 804 5071 dicebant.

385 5105 420 5157 4
457 5105 753 5160 Corinthus
780 5109 965 5165 Jesum
997 5127 1061 5166 ex
1091 5114 1328 5183 Josepho
1357 5126 1411 5168 et
1460 5116 1623 5169 Maria
1669 5131 1860 5170 secun-

315 5192 442 5244 dum
488 5209 829 5251 communem
882 5201 1159 5256 hominum
1235 5207 1402 5275 legem
1455 5217 1638 5260 natum
1719 5222 1858 5270 esse,

315 5275 589 5339 Christum
611 5296 788 5342 autem
812 5293 1028 5347 caelitus
1059 5296 1109 5347 in
1138 5296 1319 5348 Jesutn
1352 5297 1718 5351 descendisse.

389 5376 439 5429 5.
475 5377 713 5433 Ebionazi
765 5394 967 5449 autem,
1037 5385 1420 5448 Theodotiani.
1467 5373 1862 5452 Artemoniani,

317 5473 373 5515 et
397 5463 727 5530 Photiniani,
769 5470 1062 5537 Christum
1113 5475 1318 5529 nudum
1337 5486 1392 5530 et
1425 5478 1726 5545 simplicem
1768 5479 1863 5529 ho-

320 5555 520 5609 minem
556 5572 624 5612 ex
652 5571 835 5614 sancta
862 5563 1079 5634 Virgine
1106 5575 1292 5621 natura
1346 5569 1616 5623 dicebant.

389 5666 655 5740 "pllatth.
691 5688 811 5740 xm,
843 5675 931 5732 43.

320 5752 399 5798 ttt.
430 5738 478 5790 7.

1008 5679 1052 5711 "
1084 5680 1272 5736 Matth.
1335 5696 1370 5747 l,
1399 5683 1482 5736 Si.
1565 5687 1605 5715 ’θ
1635 5685 1772 5738 l‘s‘al.
1833 5697 1972 5739 XLI".
2002 5679 2051 5728 8-
2130 5673 2173 5703 ”
2206 5671 2346 5726 Psal.
2408 5690 2516 5736 th,
2551 5677 2596 5727 l.

1915 623 2186 679 sumptum
2240 615 2423 677 fuisse.
2459 614 2791 670 divinitatem
2841 632 2967 670 vero
3021 617 3213 671 anima:
3269 633 3446 686 partes

1914 704 2267 771 supplevisse.

1984 793 2035 842 7.
2063 791 2422 858 Apollinarius
2452 794 2683 860 denique
2711 795 3005 847 animatum
3041 797 3260 863 quidem
3330 816 3450 853 esse

1917 880 2216 934 Servatoris
2241 898 2438 947 corpus
2480 885 2680 944 aiebat.
2747 894 2938 936 atnon
2999 887 3175 939 anima
3231 889 3454 941 rationis

1916 971 2174 1038 participe
2206 988 2221 1024 :
2256 970 2526 1038 superﬂua
2549 976 2690 1024 enim
2718 972 2906 1026 fuisset
2930 989 3100 1037 mens,
3127 975 3301 1043 inquit
3339 978 3448 1040 ille.

1918 1061 2091 1116 Verbo
2124 1074 2403 1131 prmsentc.

2537 1197 2686 1252 CAP.
2717 1199 2829 1252 XL.

2165 1309 2462 1378 Confutatio
2489 1317 2885 1380 praecedentium
2934 1317 3215 1367 htrrcseon.

1989 1424 2250 1475 Caeterum
2283 1423 2393 1474 inec
2439 1425 2724 1474 multarum
2756 1427 3029 1478 ltaareseon
3085 1426 3333 1493 dogmata
3383 1425 3463 1477 vi-

1923 1527 2038 1564 sum
2092 1521 2172 1563 est
2227 1513 2532 1568 ascribere.
2599 1521 2655 1563 ut
2711 1513 2960 1565 Ecclesiae
3019 1516 3293 1566 veritatem
3359 1515 3460 1565 hoc

1926 1609 2080 1666 pacto
2105 1599 2486 1662 patefacerent.
2543 1599 2824 1659 Eumdem,
2893 1602 2981 1663 qui
3017 1601 3349 1663 littigenittts.
3405 1609 3461 1651 et

1927 1688 2067 1738 Deus
2103 1687 2352 1746 Verbum.
2391 1701 2438 1738 et
2472 1688 2743 1744 Servatur.
2793 1700 2846 1739 ct
2883 1689 3140 1739 Dominus
3171 1689 3326 1739 Jesns
3360 1698 3463 1748 est,

1933 1774 2162 1826 Ecclesia
2201 1774 2394 1828 Filium
2422 1774 2697 1824 nominat:
2726 1774 2796 1824 ita
2825 1784 3000 1824 tamen
3032 1783 3088 1824 ut
3151 1773 3317 1824 Filius
3342 1774 3470 1823 Uni-

1929 1865 2161 1930 gcttitus,
2188 1874 2242 1915 et
2267 1865 2406 1915 Deus
2439 1863 2694 1921 Verbum,
2721 1873 2773 1915 et
2805 1864 3084 1924 Dominus,
3142 1864 3304 1914 etiam
3346 1874 3470 1914 ante

1931 1969 2147 2006 carnem
2195 1964 2522 2019 assumptam
2580 1953 2757 2005 dictus
2817 1956 2905 2009 sit.
2962 1965 3123 2018 atque
3176 1954 3469 2004 etiamnum

1931 2059 2092 2097 carne
2129 2051 2403 2108 assumpta
2436 2042 2628 2094 iisdent
2665 2042 2975 2094 nominibus
3025 2043 3258 2094 dicatur.
3316 2043 3474 2094 .Iesus

1931 2146 2108 2188 autem
2140 2136 2387 2187 Christus
2438 2147 2641 2187 tattturn
2689 2145 2810 2204 post.
2873 2151 3084 2187 carnem
3147 2149 3478 2192 assumptam

1932 2226 2036 2277 dici
2059 2227 2305 2291 cmperit.
2329 2225 2635 2293 hujnsntodi
2666 2227 2876 2278 nomina
2905 2228 3065 2278 rebus
3092 2226 3158 2278 ab
3191 2227 3319 2292 ipsis
3343 2227 3475 2279 ade-

1933 2328 2072 2385 ptus.
2102 2317 2257 2370 Jesus
2274 2318 2417 2369 enim
2448 2327 2697 2381 tanquam
2751 2316 3004 2369 Servatur
3063 2318 3396 2378 nominatur,
3420 2327 3478 2370 et

1931 2408 2224 2474 exponitur
2251 2422 2263 2455 :
2292 2409 2448 2470 cuius
2508 2407 2968 2472 interpretationis
2999 2406 3213 2459 Gabriel
3246 2408 3359 2475 ipse
3405 2419 3482 2460 te-

1933 2499 2030 2548 stis
2053 2506 2154 2552 est.
2185 2512 2306 2548 cum
2332 2497 2599 2563 Virginem
2635 2497 2719 2547 his
2747 2497 2926 2549 verbis
2951 2499 3244 2564 alloquitur
3272 2517 3283 2550 :
3331 2497 3484 2550 l'oca—

1934 2585 2006 2637 bis
2063 2602 2244 2637 nomen
2295 2587 2404 2652 ejus
2441 2586 2635 2645 Iesum.
2677 2588 2920 2651 quoniam
2963 2590 3067 2652 ipse
3105 2589 3323 2639 servabit
3390 2605 3482 2652 po-

1935 2677 2277 2741 pulumsunm
2334 2695 2361 2725 (ι
2397 2678 2615 2742 peccatis
2643 2693 2820 2727 eorum
2849 2678 2915 2727 ⁷⁸.
2946 2679 3146 2728 Christi
3183 2689 3362 2729 autem
3395 2694 3487 2732 c0-

1935 2782 2161 2834 gnnmett
2192 2769 2417 2832 accepit,
2451 2769 2517 2817 ab
2559 2769 2814 2819 unctione
2840 2769 3072 2832 Spiritus
3113 2785 3122 2818 :
3164 2768 3486 2820 ltt'ntnificus

1936 2856 2076 2906 enim
2106 2854 2327 2907 Davides
2346 2857 2446 2908 ait:
2473 2856 2751 2922 Propterea
2780 2859 2922 2908 unxit
2945 2866 2990 2908 te
3010 2857 3162 2917 Deus,
3191 2859 3323 2908 licus
3349 2868 3487 2918 tuus,

1938 2944 2264 2997 olcola'titiav.
2326 2963 2433 3006 prie
2481 2948 2801 2997 consortibus
2847 2949 2947 2997 tuis
2979 2949 3041 2997 ⁷³.
3097 2948 3213 3013 Ipse
3274 2963 3488 3013 quoque

1943 3037 2204 3088 Dominus
2259 3051 2353 3102 per
2397 3038 2717 3102 Prophetatn
2764 3037 2978 3101 inquit:
3026 3036 3253 3102 Spiritus
3284 3036 3490 3088 homini

1869 3141 1908 3194 ο
1940 3141 2093 3191 super
2117 3141 2215 3186 me,
2240 3136 2553 3192 quapropter
2582 3130 2723 3177 unxit
2754 3144 2830 3177 me
2854 3128 2920 3178 ⁸ο.
2955 3127 3029 3178 Ita
3071 3137 3248 3178 autem
3274 3129 3335 3178 tle
3374 3142 3496 3194 pro-

1956 3215 2137 3282 phetia
2221 3217 2309 3267 illa
2402 3218 2747 3269 sentiendum
2841 3233 2958 3270 esse
3051 3220 3308 3270 Dominus
3383 3219 3493 3284 ipse

1944 3319 2043 3355 nos
2099 3305 2302 3356 docuit.
2371 3304 2646 3371 Ingressus
2723 3310 2866 3359 enim
2938 3323 3296 3376 synagogam,
3358 3308 3496 3359 libro

1947 3410 2055 3460 quo
2090 3396 2388 3461 prophetia:
2419 3397 2842 3449 continebantur
2883 3415 2993 3465 pra:
3057 3401 3303 3450 manibus
3352 3415 3500 3450 sum-

1950 3494 2060 3552 pto,
2087 3486 2401 3552 przetlictum
2430 3488 2643 3553 quidem
2679 3489 2856 3540 loc-unt
2914 3491 3039 3556 legit
3070 3506 3080 3540 :
3117 3497 3171 3539 at
3217 3489 3498 3552 praesenti-

1951 3575 2084 3626 bus:
2124 3574 2311 3634 llodie.
2341 3577 2534 3642 inquit,
2569 3579 2781 3641 impleta
2807 3589 2878 3631 est
2918 3582 3177 3645 scriptura
3210 3582 3315 3632 haec
3366 3581 3414 3628 in
3444 3595 3501 3630 υ-

1949 3665 2075 3715 culis
2108 3667 2287 3716 vestris
2318 3665 2384 3717 “.
2415 3666 2700 3731 PrOphetis
2753 3683 2813 3719 ea
2865 3684 3080 3736 quoque
3139 3678 3502 3720 consentanea

1952 3755 2192 3814 inerunt,
2235 3771 2354 3821 qua:
2382 3771 2602 3819 magnus
2635 3757 2722 3808 ille
2754 3758 2946 3810 Petrus
2975 3759 3309 3825 pra-dicavit.
3360 3757 3500 3811 Cum

1947 3847 2090 3897 enim
2129 3846 2191 3894 iis
2213 3846 2302 3906 qui
2331 3845 2470 3911 apud
2501 3845 2811 3898 Cornelium
2841 3849 3148 3916 congregati
3177 3857 3334 3900 erant
3389 3864 3504 3917 my-

1950 3935 2172 3987 sterium
2212 3936 2529 4001 aperuisset.
2565 3936 2634 3988 ita
2656 3936 2969 4013 subiunxit:
3012 3937 3106 3990 Vos
3133 3941 3272 3990 scitis
3299 3939 3504 3991 verbum

1953 4027 2086 4094 quod
2129 4031 2321 4093 [actum
2355 4038 2428 4080 est
2457 4045 2545 4094 per
2577 4047 2876 4082 mttversam
2931 4031 3195 4095 Juda'am,
3255 4035 3508 4100 incipiens

1953 4136 1982 4170 a
2016 4118 2235 4172 Galilten
2262 4131 2372 4187 post
2398 4123 2730 4186 baptismum.
2761 4141 2908 4185 quem
2933 4127 3226 4186 praedicavit
3253 4126 3505 4183 Joannes.

1950 4209 2125 4261 Jesum
2143 4210 2499 4268 Nazarenam.
2537 4215 2789 4279 quomodo
2815 4217 2964 4265 unxit
2997 4231 3114 4266 cum
3147 4217 3281 4268 Deus
3308 4216 3506 4284 Spiritu

1952 4309 2132 4352 sancto
2162 4307 2212 4350 et
2265 4302 2544 4354 virtute“.
2575 4303 2645 4353 lix
2692 4304 2758 4355 iis
2787 4318 2908 4371 qua:
2979 4319 3142 4371 supra
3182 4306 3324 4358 dicta
3382 4316 3509 4359 sunt

1955 4393 2297 4457 perspicuum
2313 4391 2676 4444 estChristum
2695 4394 2744 4444 id
2763 4394 2997 4446 nominis
3011 4396 3215 4449 idcirco
3226 4396 3476 4450 sortitum
3490 4437 3505 4458 ,

1960 4480 2083 4545 quia
2105 4491 2300 4534 unctus
2316 4496 2342 4531 a
2361 4479 2561 4546 Spiritu
2579 4485 2774 4534 fuerat.
2792 4483 2998 4537 Unctus
3016 4496 3308 4540 autemest.
3329 4496 3511 4536 nonut

1961 4568 2122 4626 Deus.
2141 4568 2235 4622 sed
2276 4577 2332 4621 ut
2375 4568 2556 4621 homo.
2596 4569 2852 4633 Quamvis
2886 4583 3065 4625 autem
3098 4574 3307 4626 ratione
3330 4577 3511 4626 carnis

1962 4667 2249 4724 assutttpta:
2276 4667 2492 4720 unctus,
2525 4667 2581 4710 et
2601 4670 2719 4726 post
2748 4670 3075 4729 assumptam
3105 4678 3324 4715 carnem
3357 4665 3513 4715 Chri—

1962 4755 2078 4799 stus
2129 4747 2440 4799 nominatus
2492 4747 2581 4803 sit.
2629 4749 2772 4802 'al'tus
2827 4760 3002 4803 tamen
3057 4767 3164 4804 non
3222 4752 3322 4804 fuit
3375 4754 3514 4806 Deus

1958 4838 2214 4897 Verbum,
2271 4839 2518 4906 aliusque
2568 4839 2858 4893 Christus:
2897 4844 3037 4894 Deus
3097 4845 3240 4895 enim
3277 4843 3512 4895 Verbutu

1961 4937 2232 4994 asstmtpta
2261 4943 2422 4981 carne
2458 4945 2650 4982 nomen
2682 4928 2807 4982 Jesu
2832 4929 3033 4984 Christi
3068 4933 3297 4999 adeptus
3324 4943 3426 4984 est.

2030 5018 2259 5071 Carnem
2321 5036 2485 5086 porro
2540 5024 2835 5088 assumpsit
2877 5034 2933 5075 ut
2989 5034 3240 5076 naturam
3292 5034 3516 5091 peccato

1962 5121 2272 5176 corruptam
2307 5112 2635 5164 restitueret.
2667 5114 2960 5181 Propterea
3007 5115 3316 5166 universam
3372 5130 3514 5175 eam.

1964 5215 2081 5265 qum
2108 5210 2440 5264 peccaverat.
2467 5204 2779 5269 assumpsit,
2809 5213 2867 5254 ttt
2897 5205 3210 5257 universam
3273 5217 3513 5258 sanaret.

1968 5290 2074 5343 Nec
2101 5291 2242 5342 enim
2277 5301 2334 5342 ut
2357 5291 2696 5346 divinitatem
2729 5295 3030 5364 obtegeret,
3092 5306 3340 5348 naturam
3398 5311 3521 5349 cor-

1969 5395 2185 5449 porcam
2215 5383 2522 5449 assumpsit,
2577 5395 2633 5437 ut
2663 5385 2823 5438 Arius
2878 5393 2932 5439 et
2983 5385 3288 5441 Eunomius
3342 5389 3518 5442 insani

1969 5470 2337 5522 deliramentis
2367 5473 2478 5523 suis
2504 5482 2878 5525 asseruerunt.
2910 5473 3090 5528 Facile
3142 5491 3381 5544 namque
3433 5477 3517 5530 vci

1971 5562 2086 5616 sine
2117 5575 2366 5627 corpore,
2390 5561 2682 5615 videndum
2707 5578 2763 5616 se
2784 5566 3024 5630 praebere
3060 5573 3292 5633 poterat,
3324 5583 3522 5634 quem-

2708 5676 2744 5706 ⁸·
2781 5675 2911 5729 lttc.
2974 5691 3049 5739 tv,
3119 5677 3204 5731 '21.
3321 5679 3365 5710 ⁸³
3403 5679 3520 5732 Act.
