4274 6382
264 407 391 474 1‘2“

1489 397 1877 457 THESAURI
1923 397 2067 456 LIB.
2111 397 2207 456 IV.

3301 395 3441 461 1242

261 521 365 574 mel
393 525 687 584 assumpta,
716 515 876 567 homo
920 511 1100 573 fuerit,
1133 520 1186 565 et
1219 511 1502 566 audiverit.
1547 512 1799 564 Eamdem
1835 517 1866 568 Α

1835 517 1873 568 Α
1905 508 2291 573 viviﬁcabuntur
2308 523 2324 559 :
2344 507 2644 561 communis
2667 507 2806 562 enim
2829 507 3154 562 resurrectio
3173 519 3256 563 est
3286 526 3299 561 :
3324 524 3443 579 post

259 612 415 663 nobis
445 607 733 676 Apostolus
767 605 1066 658 doctrinam
1097 606 1150 656 in
1178 619 1237 658 ea
1267 618 1481 671 quoque
1522 603 1798 670 proposuit

261 697 516 764 Epistola,
557 710 715 763 quam
747 694 810 746 ad
844 694 1153 747 Corinthios
1183 693 1416 756 scripsit.
1457 691 1545 743 ubi
1573 692 1648 743 sic
1681 694 1756 744 ait
1783 708 1796 743 :

1898 600 2343 652 resurrectionem
2366 598 2845 666 autem,judicium
2886 601 3008 660 erit,
3036 600 3179 667 quod
3219 600 3433 666 quidem

1897 689 2216 757 significavit
2245 691 2308 742 iis
2337 704 2456 757 quae
2472 689 2749 757 subjunxit
2774 705 2785 739 :
2811 689 3163 758 Unusquisque
3193 701 3363 742 autem
3390 693 3444 746 in

260 788 408 840 Nunc
435 795 604 839 autem
649 787 880 838 Christus
921 785 1199 835 resurrexit
1225 801 1256 834 a
1286 782 1520 844 mortuis,
1556 783 1798 847 primitiis
1890 799 1982 834 suo
2012 783 2188 834 ordine
2210 783 2271 833 ”.
2303 781 2450 834 Multi
2477 782 2780 840 suntenim,
2802 790 2855 832 et
2881 795 3065 832 eorum
3091 783 3180 848 qui
3208 781 3448 847 puniun-

261 879 624 928 durmientium
653 893 672 929 :
701 877 947 944 quoniam
991 876 1193 940 quidem
1225 889 1316 939 per
1346 873 1600 924 hominem
1653 887 1790 923 mors

259 976 308 1018 et
340 982 428 1030 per
455 965 713 1017 hominem
741 967 1051 1025 resurrectio
1075 973 1414 1014 mortuorum.
1448 963 1582 1014 Tum
1607 963 1798 1015 deinde

260 1071 289 1108 a
320 1065 508 1107 natura
537 1056 600 1106 ad
636 1069 892 1122 personas
931 1056 1136 1115 transit,
1183 1053 1266 1107 his
1297 1053 1513 1106 verbis:
1544 1052 1612 1104 Et
1667 1054 1798 1104 sicut

262 1145 314 1196 in
344 1145 509 1198 Adam
555 1159 726 1196 omnes
772 1145 1084 1206 moriuntur,
1125 1145 1197 1196 ita
1223 1152 1271 1196 et
1298 1145 1350 1196 in
1381 1139 1580 1196 Christo
1628 1157 1801 1194 omnes

341 1299 387 1330 ”
420 1300 438 1350 ι
489 1299 613 1352 Cor.
641 1314 727 1360 xv,
767 1295 837 1348 20
886 1310 1032 1363 seqq.

1897 882 1984 925 tur
2013 880 2068 925 et
2108 885 2293 924 eorum
2339 871 2429 938 qui
2469 878 2770 930 servantur,
2794 869 3041 929 ordines;
3067 869 3327 936 siquidem
3351 883 3448 934 pro

1896 962 2117 1032 justitiaz
2159 961 2416 1028 qualitate
2441 970 2496 1014 et
2524 961 2846 1029 quantitate,
2895 959 3161 1012 donorum
3207 963 3444 1012 retribu-

1904 1051 2074 1104 tiones
2105 1051 2252 1113 ﬂent,
2295 1051 2590 1118 eodemque
2635 1050 2815 1114 modo,
2849 1065 2943 1117 pro
2973 1059 3309 1116 peccatorum
3337 1048 3418 1100 dif
3423 1077 3438 1086 -

1903 1141 2148 1207 ferentia,
2197 1155 2368 1210 ptnnte
2415 1156 2627 1209 quoque
2652 1148 2707 1194 et
2733 1141 2991 1209 supplicia
3042 1141 3441 1208 irrogabuntur.

937 1614 1674 1766 NICETIE
1769 1613 2770 1768 CHONIATfE

775 1898 1477 2010 THESAURI
1557 1896 2480 2008 ORTHODOX/E
2564 1903 2938 2014 FIDEI

1368 2132 1722 2221 LIBER
1805 2133 2338 2221 QUARTUS

768 2329 1128 2385 ADVERSUS
1160 2325 1636 2381 ANTEARIANAS
1672 2325 2004 2381 HERESES
2041 2325 2530 2390 QUADRAGINTA
2572 2329 2916 2396 QUATUm.

915 2484 1246 2560 Unicuique
1268 2484 1460 2558 capiti
1485 2501 1590 2540 seu
1609 2483 1821 2544 hteresi
1851 2503 1962 2543 sua
1997 2502 2240 2545 annexa
2271 2493 2359 2544 est
2400 2490 2760 2564 con/utalia.

840 2802 1217 2857 PREFATIO.

564 2917 638 2970 De
665 2916 851 2970 Christi
878 2925 926 2966 et
959 2914 1172 2967 Satante
1203 2914 1474 2966 ministris.

321 3030 453 3086 Cum
487 3029 909 3096 sapientissimus
932 3027 1299 3079 universorum
1333 3027 1472 3079 Deus
1516 3027 1797 3079 humanam

255 3131 480 3190 propter
497 3134 593 3172 nos
624 3134 852 3170 massam
884 3117 1244 3179 subiisset,ita
1275 3116 1511 3178 demum,
1543 3117 1800 3183 quemad-

259 3212 478 3262 modum
511 3209 616 3275 jam
649 3209 896 3267 diximus,
933 3206 1212 3258 Trinitatis
1250 3206 1452 3265 lumen,
1483 3205 1655 3272 primo
1682 3206 1800 3271 qui-

259 3299 381 3350 dem
413 3314 702 3365 paucorum
750 3298 1094 3363 piscatorum,
1130 3295 1322 3347 deinde
1352 3311 1478 3348 vero
1516 3295 1798 3348 doctorum

256 3388 472 3455 pietatis
522 3401 682 3452 opera
710 3395 763 3437 et
798 3385 1117 3442 ministerio,
1151 3399 1246 3451 per
1273 3384 1583 3436 universum
1635 3395 1800 3437 terra-

258 3494 376 3529 rum
413 3477 597 3529 orbem
652 3475 982 3542 pr0pagavit,
1013 3485 1067 3526 et
1093 3475 1294 3526 erroris
1332 3474 1493 3535 illius,
1533 3475 1624 3540 qui
1673 3475 1800 3526 deo-

255 3579 372 3616 rum
405 3579 626 3616 examen
670 3562 1120 3632 myrmeciamque
1177 3563 1476 3626 invexerat,
1507 3571 1686 3616 sentes
1715 3579 1796 3616 ra-

255 3651 453 3705 dicitus
486 3653 822 3720 exstirpavit.

327 3743 477 3806 Quod
515 3757 634 3793 cum
685 3741 774 3793 ille
799 3741 1100 3793 communis
1141 3740 1415 3792 hominum
1464 3740 1800 3794 adversarius

254 3849 410 3902 aequo
439 3833 617 3884 animo
649 3831 792 3882 ferre
824 3845 928 3880 non
975 3839 1174 3896 posset,
1211 3838 1270 3880 ut
1296 3831 1384 3896 qui
1422 3828 1520 3881 sibi
1556 3830 1800 3886 subditos

258 3939 287 3974 a
315 3937 372 3974 se
399 3920 591 3973 abduci
620 3927 885 3980 cerneret,
921 3918 1198 3969 hominum
1233 3933 1326 3970 sua
1359 3918 1524 3983 ipsius
1559 3921 1797 3985 nequitia

257 4011 540 4078 dignorum
593 4008 920 4066 ministerio,
974 4005 1096 4057 ﬁdei
1150 4005 1464 4058 orthodoxae
1517 4006 1801 4060 insidiatus

258 4109 362 4162 est,
395 4099 524 4150 nihil
555 4099 703 4164 prius
732 4108 823 4149 aut
849 4096 1124 4162 antiquius
1173 4095 1397 4158 habens,
1429 4111 1587 4162 quam
1616 4107 1673 4148 ut
1705 4097 1800 4148 ho-
1823 4097 1866 4157 C

258 4190 430 4241 mines
472 4188 524 4238 in
569 4187 790 4238 exitium
836 4186 1189 4248 pertraheret.
1243 4184 1316 4235 Ex
1361 4199 1466 4251 quo
1512 4187 1710 4248 evenit,
1739 4195 1797 4237 ut

256 4292 375 4329 cum
410 4277 496 4327 vix
524 4274 700 4327 adhuc
737 4275 1101 4340 apostolorum
1143 4273 1454 4324 conlirmata
1485 4273 1795 4340 praedicatio

256 4375 420 4426 esset,
446 4378 632 4417 verum
671 4364 970 4429 primorum
1000 4363 1293 4413 etiamnum
1323 4361 1793 4416 fundamentorum

260 4455 564 4504 lirmitatem
612 4452 962 4517 experiretur,
998 4451 1086 4501 ille
1119 4451 1398 4502 confestim
1444 4453 1648 4504 semina
1701 4455 1797 4506 im-

258 4543 470 4609 pietatis
493 4542 542 4594 ei
571 4544 916 4608 permiscere,
956 4554 1125 4606 eaque
1167 4542 1596 4606 superseminare
1620 4556 1799 4609 cmpe-

259 4641 345 4683 ΙῚι.

911 4741 1059 4794 CAP.
1101 4742 1140 4794 Ι.

399 4831 580 4884 Prima
635 4833 864 4896 hwresis,
897 4830 1120 4884 Simonis
1154 4831 1296 4898 Magi
1327 4841 1373 4883 et
1403 4831 1664 4886 Basilidis.

327 4944 498 5012 Hujus
542 4943 674 4997 adeo
698 4944 1012 4997 vaframenti
1039 4943 1222 4996 Simon
1248 4943 1450 5010 primus
1484 4943 1802 4998 administer

261 5033 422 5085 fuisse
470 5033 663 5096 fertur,
700 5033 791 5100 qui
837 5032 1032 5086 Git'this
1075 5041 1224 5083 ortus
1254 5033 1322 5099 (is
1351 5032 1599 5084 Samaria:
1652 5035 1799 5087 vicus

261 5123 362 5186 est)
390 5136 510 5174 cum
561 5121 852 5188 praestigias
886 5135 1044 5172 omne
1091 5135 1256 5187 genus
1283 5119 1346 5170 ad
1377 5135 1605 5188 unguem
1653 5130 1799 5174 tene-

265 5219 365 5269 ret,
405 5210 602 5262 multos
651 5208 1029 5260 miraculorum
1065 5207 1300 5258 editione
1329 5220 1480 5258 suam
1511 5207 1562 5258 in
1589 5217 1801 5258 senten-

265 5300 388 5350 tiam
421 5295 743 5366 pelliciebat.
775 5297 946 5362 Atque
974 5295 1016 5346 si
1044 5295 1259 5360 quando
1298 5309 1418 5345 cum
1456 5293 1654 5345 Jutlzeis
1681 5309 1802 5346 ver-

1828 2806 1871 2859 B
1901 2801 2154 2865 munique
2207 2799 2450 2854 doctrina
2507 2801 2842 2860 concludam.
2892 2804 3126 2872 seipsum
3177 2808 3440 2865 infinitam

1900 2888 1991 2938 Dei
2027 2888 2318 2954 potentiam
2371 2887 2698 2940 nominabat.
2750 2890 3151 2958 Principatuum
3199 2905 3253 2949 et
3292 2907 3440 2961 pote-

1899 2986 2092 3031 statum
2143 2981 2383 3038 nomina,
2426 2980 2697 3046 cmlosque
2746 2983 3116 3049 confingebat;
3149 2995 3203 3039 et
3230 2988 3440 3042 unicui-

1899 3083 2002 3134 que
2050 3069 2186 3121 etnlo
2234 3077 2525 3135 potestates
2590 3070 2792 3137 aliquot
2842 3072 3084 3127 barbaris
3133 3077 3440 3131 nominibus

1899 3159 2068 3210 dictas
2116 3159 2439 3212 ascribebat.
2476 3159 2695 3227 Insuper
2745 3163 3013 3216 meretrici
3037 3165 3247 3218 cuidam
3271 3167 3443 3236 Tyria

1899 3262 2110 3314 genere,
2157 3247 2472 3315 Heleua'que
2523 3250 2758 3312 nomine,
2795 3267 2952 3318 quam
2990 3269 3171 3306 secum
3205 3257 3438 3310 circum-

1899 3339 2167 3401 ductabat,
2207 3338 2387 3404 prima:
2433 3340 2667 3391 notionis
2699 3342 3110 3408 appellationem
3154 3346 3438 3411 indiderat,

1897 3437 1950 3479 et
1995 3427 2444 3493 quemadmodum
2493 3444 2550 3480 se
2599 3429 2764 3482 Deum
2814 3432 3046 3495 Patrem,
3087 3435 3159 3487 ita
3203 3447 3259 3489 et
3294 3438 3439 3490 illam

1897 3517 2125 3568 aliorum
2156 3517 2263 3585 (39)
2297 3532 2412 3570 esse
2464 3527 2686 3570 matrem
2717 3541 2726 3571 :
2755 3535 2849 3586 per
2880 3536 3103 3589 eamque
3135 3539 3191 3577 se
3221 3527 3440 3598 angelos

1898 3617 1950 3657 et
1982 3606 2330 3673 archangelos
2375 3607 2584 3669 fecisse,
2617 3608 2724 3659 imo
2763 3609 2934 3676 ipsum
2961 3611 3026 3662 ab
3051 3613 3252 3680 angelis
3285 3629 3444 3667 mun-

1898 3695 2024 3746 dum
2048 3695 2320 3748 conditum
2348 3696 2513 3749 fuisse
2541 3699 2832 3752 asserebat.
2856 3697 2946 3751 His
2971 3701 3218 3763 addebat,
3248 3719 3441 3770 quem-

1897 3785 2186 3837 admodum
2225 3787 2436 3840 Helenm
2469 3789 2766 3842 invidentes
2810 3792 3000 3858 angeli,
3042 3807 3159 3844 eam
3193 3809 3356 3860 penes
3381 3811 3442 3850 se

1900 3875 2260 3937 detinuerant,
2297 3886 2354 3928 ut
2401 3879 2490 3944 qui
2525 3880 2640 3946 ejus
2686 3894 2848 3946 opera
2892 3896 2986 3933 seu
3035 3894 3292 3937 creatura:
3334 3886 3445 3941 dici

1899 3965 2120 4015 nollent.
2156 3964 2305 4018 Unde
2342 3965 2539 4017 factum
2579 3977 2742 4028 esset,
2775 3978 2833 4020 ut
2862 3983 2976 4020 eam
3006 3970 3058 4021 in
3089 3972 3444 4036 plurimarum

1901 4053 2213 4105 feminarum
2246 4069 2466 4120 corpora
2490 4055 2862 4117 delrusissent,
2890 4059 3285 4128 novissimeque
3309 4063 3447 4116 adeo

1900 4143 1952 4193 in
1993 4143 2247 4194 Helenam
2294 4143 2549 4212 Tyndari,
2601 4160 2716 4212 qua:
2761 4145 2991 4213 Trojano
3039 4148 3178 4200 bello
3224 4165 3443 4204 causam

1896 4231 2152 4284 dedisset.
2185 4233 2240 4284 ln
2268 4233 2427 4299 hujus
2470 4233 2681 4286 Helena:
2714 4237 2935 4302 gratiam
2964 4237 3099 4290 caelo
3125 4253 3180 4290 se
3212 4238 3441 4292 descen-

1896 4321 2037 4372 disse
2085 4321 2458 4388 subjungehat,
2494 4330 2550 4373 ut
2579 4337 2695 4374 eam
2722 4339 2750 4375 a
2779 4325 3026 4387 vinculis,
3063 4326 3262 4385 quibus
3302 4327 3443 4380 deti-

1903 4410 2152 4472 nebatur,
2202 4411 2473 4463 adsereret
2502 4426 2513 4460 :
2549 4411 2965 4480 hominibusque
2993 4415 3044 4464 in
3074 4416 3304 4482 seipsum
3328 4431 3447 4470 cre-

1896 4498 2150 4551 dentibus
2186 4500 2375 4552 salutis
2417 4509 2604 4552 auctor
2643 4511 2809 4553 esset.
2845 4502 3270 4571 ldem‘mysteria
3311 4520 3446 4572 quo-

1896 4604 2001 4655 que
2054 4589 2292 4641 fteditate
2351 4604 2510 4641 omne
2559 4605 2726 4657 genus
2786 4591 3170 4655 refertissima,
3218 4609 3444 4662 quaeque

1899 4677 2103 4728 idcirco
2156 4677 2352 4741 linguis
2417 4678 2668 4730 humanis
2733 4681 2957 4747 exprimi
3030 4692 3331 4748 nequeant,
3391 4685 3444 4737 in

1899 4763 2072 4830 ipsum
2110 4764 2450 4816 credentibus
2477 4803 2492 4826 ,
2537 4767 2667 4817 viris
2703 4767 2917 4834 quidem
2962 4785 3056 4835 per
3088 4771 3332 4835 genitalls
3358 4785 3444 4824 se-

1900 4851 2057 4903 minis
2114 4851 2443 4913 deiluvium,
2504 4852 2718 4906 feminis
2769 4864 2947 4906 autem
2999 4871 3093 4922 per
3139 4865 3446 4909 menstruos

1899 4939 2144 4992 deﬂuxus
2195 4941 2536 5007 suggerebat,
2591 4951 2752 5011 atque
2801 4944 3107 5013 hujusmodi
3158 4963 3443 5014 μυσταγω-

1899 5028 2041 5094 γίαν,
2099 5042 2191 5079 seu
2246 5029 2624 5089 initiationem,
2676 5030 3112 5097 impurissimam,
3169 5033 3443 5098 γνώσεως,

1902 5115 2003 5167 hoc
2027 5126 2110 5168 est
2136 5117 2376 5170 scientia:
2423 5118 2848 5186 cognitionisque
2901 5123 3115 5174 nomine
3155 5122 3315 5176 homo
3345 5125 3446 5176 im-

1901 5206 2218 5273 purissimus
2264 5207 2601 5273 insigniebat.
2655 5209 2808 5262 Unde
2855 5209 3228 5263 Gnosticorum
3279 5215 3443 5265 etiam

1903 5294 2275 5346 haereticorum
2329 5295 2548 5348 heeresis
2592 5298 2990 5364 suppullulavit.
3027 5300 3246 5366 Insuper
3275 5303 3444 5354 actio-

266 5396 493 5446 saretur,
525 5403 582 5440 se
604 5387 694 5439 Dei
726 5386 917 5438 Filium
946 5402 958 5436 :
987 5384 1029 5436 si
1060 5398 1180 5435 eum
1228 5382 1595 5445 Samaritanis,
1632 5384 1796 5436 Deum
1828 5402 1878 5458 ι)
1905 5399 2022 5436 nem
2081 5399 2293 5452 quoque
2343 5387 2674 5452 quamlibet,
2737 5389 2817 5440 vel
2870 5389 3218 5442 lmdissimam
3240 5432 3254 5453 ,
3307 5393 3443 5443 citra

270 5478 474 5530 Patrem
505 5495 516 5538 ;
548 5478 591 5529 si
623 5491 742 5528 cum
777 5475 998 5540 reliquis
1030 5473 1357 5530 nationibus.
1388 5471 1647 5538 Spiritum
1683 5488 1804 5524 san-

265 5577 409 5620 ctum
439 5565 956 5634 essesrrotitebatur.
987 5564 1052 5618 Ut
1079 5560 1396 5631 generaliori
1431 5562 1596 5614 verbo
1658 5578 1805 5614 com-

337 5683 443 5746 (39)
475 5681 707 5736 lrenaus
737 5681 986 5745 omnium,
1012 5687 1069 5732 ut
1095 5677 1211 5730 ὄὶον
1238 5691 1333 5744 pro
1357 5675 1525 5728 ἄλλων
1553 5677 1721 5743 legas.

1911 5474 2074 5525 ullum
2127 5475 2415 5528 discrimen
2473 5476 2772 5528 obeundum
2821 5493 2937 5530 esse
2983 5479 3226 5532 docebat.
3278 5481 3445 5548 Hujus

1910 5564 2202 5619 hzeresibus
2251 5564 2538 5619 Menander
2603 5565 2970 5621 Samaritanus
3019 5567 3296 5632 imbutus,
3345 5585 3450 5622 nec
