4274 6382
781 317 908 378 120

2000 322 2292 384 ΝΙΟΕΤᾸΞ
2330 320 2725 386 ΕΗΟΝΙΑΤᾸΞ

3835 321 3989 386 1244

775 445 962 484 eorum
1022 429 1335 497 quidquam.
1376 446 1494 498 qua
1545 431 1830 494 didicerat.
1885 435 2192 495 immutans.
2239 433 2325 487 Si-
2354 435 2395 486 Α
2425 438 2646 490 omnino
2679 447 3015 499 tractassem.
3054 437 3143 505 qui
3181 445 3355 490 tamen
3400 436 3657 489 intactum
3681 435 3814 489 nihil
3838 439 3986 490 reli-

778 532 935 570 mone
965 519 1124 570 etiam
1162 519 1276 584 ipso
1305 520 1560 586 majorem
1593 536 1647 573 se.
1675 522 2044 588 proﬁtebatur.

848 607 904 659 In
956 607 1115 668 hujus
1148 617 1326 659 autem
1372 624 1584 662 errores
1637 611 1891 663 Basilides
1921 621 1974 663 et
1996 613 2324 664 Saturninus

773 695 1104 761 iuraverant.
1135 695 1333 759 quibus
1369 697 1528 746 etiam
1579 698 1812 748 Simonis
1844 699 2056 750 decreta
2088 713 2322 750 summo-

780 797 905 848 pere
938 782 1230 845 plac-ebant.
1271 783 1533 832 (Ia-terum
1567 784 1825 837 Basilides
1877 789 2130 849 quasdam
2162 787 2323 836 etiam

779 871 1104 936 appendices
1153 859 1399 933 magistri
1443 875 1525 925 sui
1566 874 1943 925 fabulamentis
2003 876 2328 926 interserens

781 961 1076 1025 ingenitum
1111 977 1228 1012 esse
1274 962 1508 1018 diccbat.
1541 981 1607 1015 eo
1640 966 1852 1015 nomine
1905 966 2075 1034 solum
2116 964 2326 1014 Patrem

779 1049 1019 1098 omnium
1073 1051 1104 1101 ii
1135 1051 1377 1114 telligens
1408 1068 1419 1102 :
1450 1068 1512 1104 ex
1565 1068 1629 1104 eo
1679 1054 2026 1106 intelieetum.
2070 1069 2131 1102 ev
2177 1053 2333 1103 intel-

781 1138 918 1187 lectu
966 1153 1294 1192 Sermonem.
1332 1157 1393 1190 ex
1430 1156 1679 1193 sermone
1729 1142 2086 1208 prudentiam,
2117 1158 2176 1212 es
2207 1158 2333 1206 pru-

783 1226 960 1277 deutia
999 1230 1246 1276 virtutem
1297 1238 1347 1276 ct
1381 1229 1721 1292 sapientiam.
1763 1245 1824 1280 ex
1857 1230 2114 1288 sapientia
2151 1240 2202 1279 et
2232 1230 2334 1278 vir-

786 1325 895 1365 tute
935 1315 1283 1377 principatus.
1341 1327 1648 1380 potestates.
1684 1327 1736 1368 et
1770 1319 2006 1383 angelos.
2044 1334 2104 1368 ex
2136 1318 2337 1380 angelis

786 1403 1020 1462 denique
1071 1404 1399 1453 intellectum
1457 1409 1684 1468 primum
1725 1415 1775 1454 et
1807 1422 2073 1456 summum
2129 1419 2339 1469 proces-

785 1492 914 1541 sisse
941 1491 1277 1542 fabulabatur
1309 1509 1318 1542 :
1355 1508 1380 1543 a
1411 1494 1602 1556 quibus
1650 1495 1820 1559 angeli
1876 1494 1996 1545 facti
2047 1494 2338 1545 secundum

788 1581 982 1626 cmimn
1037 1582 1480 1637 constt-inissent.
1537 1589 1588 1628 et
1636 1580 1767 1631 alios
1830 1582 2047 1644 insuper
2105 1583 2339 1646 angelos.

787 1669 875 1728 qui
905 1667 1035 1714 alios
1073 1667 1252 1716 ili-lem
1287 1667 1524 1725 angelos.
1578 1668 1828 1731 aliudque
1862 1669 2052 1719 cmlum
2089 1670 2342 1720 fabricas-

787 1769 926 1817 si'n‘,
961 1771 1129 1817 eoque
1165 1771 1273 1805 rem
1311 1756 1683 1815 deduxissent,
1716 1767 1774 1807 ut
1807 1759 2030 1807 trecenti
2070 1758 2342 1824 sexaginta

790 1859 915 1908 quin
944 1860 1026 1899 :ue.
1075 1845 1194 1895 ραιξί
1231 1860 1325 1909 pro
1359 1845 1566 1895 dieru'u
1602 1846 1724 1894 anni
1775 1861 1999 1896 numero
2045 1847 2349 1911 reperiren-

795 1946 898 1983 tur.
941 1935 976 1984 ΙΙ
1006 1952 1030 1984 s
1072 1933 1322 1985 addebat.
1371 1933 1628 1985 tnundum
1656 1934 1722 1984 ab
1755 1935 1820 1986 iis
1858 1937 2061 1996 angelis
2100 1944 2348 1987 constru-

792 2035 839 2074 ι·ι
870 2040 936 2072 im
970 2040 1107 2079 esse.
1149 2026 1236 2085 qui
1275 2025 1468 2075 ei'clum
1524 2026 1784 2083 intimum,
1835 2027 1976 2088 quod
2024 2023 2346 2087 aspectabile

794 2116 948 2164 nobis
983 2122 1084 2171 est.
1130 2115 1442 2172 incolerent.
1499 2123 1758 2177 terr:cque
1814 2117 1946 2166 adeo
1992 2115 2346 2179 principatum

795 2203 938 2251 inter
986 2216 1041 2251 se
1093 2200 1402 2251 divisissent
1443 2217 1454 2250 :
1495 2215 1616 2251 eum
1657 2201 1888 2267 denique
1940 2203 2209 2266 angelum,
2262 2201 2346 2250 cui

796 2294 987 2344 sort?to
1027 2293 1296 2356 provincia
1341 2292 1644 2344 Judaeorum
1687 2293 1988 2359 obtigisset.
2037 2294 2348 2358 angelorum

799 2382 1097 2449 principem
1157 2381 1360 2440 fuisse,
1415 2383 1497 2431 cui
1555 2381 1771 2446 quidem
1841 2391 2059 2432 ('tcteras
2110 2381 2352 2432 nationes

797 2471 998 2523 Judteis
1053 2471 1318 2533 subjicere
1374 2470 1592 2522 \‘olenti.
1631 2469 1800 2529 angeli
1846 2471 2188 2520 restitissent.
2226 2471 2354 2532 Qui-

800 2559 897 2607 bus
931 2559 1222 2620 perspectis
1255 2556 1526 2620 lugenitas
1567 2557 1899 2607 lutel'ectuut
1932 2557 2346 2622 primogenitum

802 2661 957 2696 suum
1006 2646 1291 2702 amisisset.
1327 2646 1709 2710 Christumque
1758 2648 2104 2701 nominasset,
2139 2655 2190 2695 ιιι
2239 2659 2356 2696 cre-

803 2736 993 2786 dentes
1029 2747 1217 2785 (mines
1256 2734 1431 2784 salvos
1469 2736 1682 2784 laci-iet.
1721 2733 1885 2784 Porro
1933 2731 2206 2784 Christum
2239 2747 2357 2797 pa.-

803 2839 919 2872 sum
951 2837 1052 2872 non
1084 2836 1223 2880 esse.
1258 2821 1347 2871 sed
1378 2819 1649 2871 Simonem
1673 2820 2053 2886 Cyrenensem.
2079 2819 2351 2871 Christum

803 2914 943 2962 enim
976 2912 1186 2962 eminus
1243 2924 1502 2976 ι-χετιιιίιιε
1546 2913 1629 2963 teli
1664 2914 1882 2978 jacsum.
1931 2912 2161 2975 sli-tisse,
2196 2920 2356 2977 atque

802 3007 1107 3059 Juda'orum
1163 3005 1490 3055 dementiam
1548 3006 1802 3064 irrisiSse.
1844 3005 2164 3070 tandemque
2207 3005 2355 3055 velut

807 3097 1131 3160 pastiiunuio
1177 3096 1240 3146 a-J
1290 3094 1586 3161 Illg‘ttil'lm
1641 3097 1862 3146 remisse.
1917 3113 1944 3145 a
1995 3111 2103 3160 quo
2159 3094 2356 3146 miSsas

807 3185 1004 3235 fuerat.
1055 3185 1394 3234 (redemtum
1448 3199 1608 3250 porro
1659 3185 1891 3244 diei-bal,
1937 3199 2039 3232 non
2085 3189 2132 3231 in
2181 3182 2356 3232 cruci-

809 3280 995 3333 tixutu.
1032 3276 1123 3327 sed
1162 3277 1211 3326 in
1240 3291 1361 3327 eum
1396 3276 1486 3336 qui
1541 3275 1830 3327 crucifixus
1876 3273 2176 3326 videbatur.
2219 3273 2361 3323 Basi-

808 3367 944 3418 lies
993 3367 1229 3430 insuper.
1260 3374 1316 3414 ut
1347 3364 1530 3416 Simon
1587 3375 1639 3415 et
1670 3373 1904 3429 quoquo!
1943 3363 2182 3427 ejusdem
2230 3361 2363 3412 deli-

812 3466 1049 3506 r..menta
1112 3454 1506 3518 verborumque
1553 3463 1796 3519 portenta
1851 3455 2154 3511 tuebantur.
2186 3450 2364 3502 carnis

813 3547 1265 3597 resurrectionem
1326 3546 1545 3610 negabat
1577 3587 1589 3604 ,
1639 3545 1706 3595 ab
1754 3559 1927 3610 eoque
2000 3542 2224 3608 angelo,
2271 3538 2364 3608 qui

811 3637 1009 3687 hilaris
1059 3643 1332 3701 praeesset.
1377 3635 1636 3686 mundttm
1689 3633 1883 3685 factu'm
1935 3633 2096 3684 fuisse
2135 3631 2364 3682 dicebat.

814 3726 1120 3789 Qui-mlibct
1145 3725 1304 3776 etiam
1341 3725 1678 3782 hortabatur.
1709 3734 1764 3774 ut
1793 3739 1891 3787 pro
1928 3721 2156 3774 libidine
2202 3721 2370 3772 idolo-

817 3818 982 3882 thytis
1036 3817 1134 3866 huc
1165 3824 1267 3871 est.
1298 3815 1360 3865 iis
1392 3830 1509 3880 qua!
1557 3816 1714 3865 idolis
1763 3823 1946 3864 essent
1988 3812 2254 3864 immolata
2281 3825 2373 3861 ve-

818 3915 1058 3957 st-erctur
1084 3922 1097 3967 ;
1127 3904 1437 3970 iilicitisque
1462 3903 1595 3956 adeo
1629 3903 1931 3955 actionibus
1953 3902 2086 3954 citra
2106 3901 2371 3953 delectum

819 3998 1059 4046 vacabat.
1100 3995 1239 4046 Idem
1297 4004 1552 4061 pra-terea
1607 3992 2052 4047 iueantationum.
2084 3989 2375 4056 praestigia-

821 4101 1048 4152 rmnque
1068 4087 1313 4136 inventor
1336 4085 1494 4136 fuisse
1513 4083 1856 4150 perhibetur:
1880 4097 2012 4149 quas
2035 4079 2377 4132 (lenientibus

823 4187 1028 4242 postea.
1075 4184 1130 4226 et
1195 4174 1442 4236 vesanis,
1485 4173 1637 4240 quasi
1692 4187 1787 4240 per
1834 4185 2025 4222 manus
2070 4167 2374 4220 tradiderit.

823 4300 1095 4339 IERESEOS
1124 4299 1486 4337 PRECEDENTIS
1517 4299 1837 4337 εοπιιτιιτιο
1866 4298 1962 4336 PER
1996 4295 2204 4335 ευιιυε-ιι
2235 4294 2380 4333 NICE-

1377 4369 1476 4406 TAI
1506 4368 1819 4407 CIIONIATAII.

819 4465 927 4529 ’.Οιιὶ
972 4464 1036 4516 ab
1067 4467 1163 4516 hac
1190 4463 1372 4516 haeresi
1403 4481 1455 4516 se
1483 4464 1552 4516 ad
1599 4463 1885 4516 Ecclesium
1911 4459 2218 4513 catholicam
2254 4457 2382 4511 reci-

1317 4536 1464 4602 piunt
1481 4572 1494 4594 .
1535 4533 1891 4599 baptizaretur.
2071 4550 2075 4554 ·

902 4649 1241 4702 ExSimonis
1294 4631 1674 4700 traditionibus
1727 4643 1867 4712 nulla
1898 4653 2001 4704 est.
2041 4655 2161 4708 qua!
2189 4639 2377 4693 confu-

836 4749 1004 4791 catore
1052 4739 1300 4806 indigeat.
1359 4737 1558 4790 Omnes
1588 4736 1730 4787 enim
1778 4747 1894 4786 sese
1933 4732 2064 4784 satis
2113 4743 2381 4798 superque

832 4825 1170 4882 subvertunt.
1202 4827 1252 4876 in
1280 4825 1475 4892 quibus
1505 4824 1646 4874 nulla
1677 4822 1745 4873 sit
1778 4822 1999 4872 omnino
2047 4832 2384 4883 consequen-

841 4920 926 4973 tia.
965 4915 1205 4982 nihilque
1234 4913 1388 4975 adeo,
1421 4913 1562 4980 quod
1592 4912 1735 4963 sanis
1759 4911 1984 4961 auribus
2021 4907 2277 4959 arrideat.

903 5007 1178 5073 Siquidem
1213 5005 1320 5067 ille,
1350 5005 1476 5056 dum
1508 5002 1606 5055 sibi
1640 5003 1769 5053 alias
1815 5000 2012 5053 Patris.
2043 4998 2174 5049 alias
2217 4995 2387 5062 Spiri-

838 5114 924 5149 lus
966 5097 1159 5157 sancti,
1200 5097 1329 5148 alias
1376 5094 1608 5161 denique
1654 5091 1912 5144 Potentia:
1957 5088 2154 5140 divinae
2189 5101 2384 5139 nomen

835 5189 1091 5255 tmponit,
1114 5202 1177 5239 eo
1211 5189 1324 5253 ipso
1359 5187 1488 5238 satis
1530 5199 1589 5236 ca
1636 5183 1770 5236 nihil
1819 5195 2039 5247 prorsus
2072 5194 2191 5231 esse
2238 5193 2389 5230 coar-

832 5279 970 5344 guit,
1020 5293 1136 5344 qua:
1182 5277 1282 5330 sibi
1331 5284 1609 5341 tantopere
1661 5273 2004 5326 dissentanea
2057 5269 2387 5322 vindicabat.

838 5369 951 5422 lmo
1009 5383 1172 5429 vero.
1223 5369 1350 5421 dum
1405 5367 1664 5420 caelorum
1713 5377 1931 5430 quoque
1985 5360 2391 5412 multitudinem

842 5457 1149 5513 uitroducit.
1183 5456 1251 5509 de
1299 5456 1496 5523 quibus
1543 5452 1851 5507 Gra‘corum
1902 5446 2208 5519 philosophi
2258 5444 2390 5499 nihil

916 5636 960 5666 sl
989 5638 1028 5667 si
1060 5637 1172 5688 Αςι,
1213 5651 1325 5697 ιλιι,
1360 5633 1418 5685 l9
1447 5647 1596 5699 seqq.

2421 535 2677 592 querunt.
2740 541 2914 594 neque
2966 535 3121 579 vetus
3168 526 3276 584 illa.
3325 534 3380 578 et
3426 523 3494 578 ab
3537 525 3652 589 ipso
3696 524 3803 578 Deo
3845 525 3986 577 data

2423 616 2721 680 Scriptura.
2767 617 3088 666 mentionem
3134 615 3292 667 ullam
3345 615 3578 673 fecisset,
3615 614 3701 665 illa
3732 615 3983 676 insuper,

2423 717 2542 768 quae
2571 711 2696 753 sunt
2725 702 2774 751 in
2811 715 2989 752 rerum
3025 708 3237 762 natura,
3272 700 3338 751 ab
3364 701 3567 767 angelis
3592 709 3768 753 creata
3801 713 3988 765 nuga-

2427 798 2605 848 batur.
2641 797 2751 862 (qui
2788 805 2963 847 tamen
2997 794 3132 846 nihil
3180 794 3322 845 aliud
3355 802 3498 849 sunt.
3547 807 3704 857 quam
3746 795 3988 841 virtutes

2428 887 2732 938 ministerio
2769 885 3056 950 deputatae.
3105 897 3240 948 quas
3286 883 3425 933 Deus
3475 881 3744 946 produxit,
3769 889 3820 930 et
3854 895 3988 943 qum

2429 973 2490 1025 ad
2519 974 2631 1036 eius
2663 972 3020 1024 ministerium
3052 985 3264 1037 semper
3287 978 3554 1035 apparata:
3580 975 3724 1025 sunt)
3754 968 3981 1018 interim

2433 1064 2522 1116 Dei
2556 1064 2726 1115 Patris
2752 1064 3146 1123 universorum,
3174 1063 3447 1127 sanctique
3475 1059 3724 1124 Spiritus.
3762 1073 3983 1110 neeuon

2435 1157 2706 1205 immensa:
2732 1152 2822 1204 Dei
2855 1152 3111 1204 Potentim
3140 1151 3238 1202 ~ibi
3271 1165 3461 1202 nomen
3495 1150 3766 1215 allii-gens.
3795 1146 3988 1210 Οιιιιιί-

2436 1259 2540 1309 que.
2594 1242 2737 1293 nulla
2788 1256 2891 1291 non
2946 1241 3296 1307 blasphemia,
3348 1240 3488 1290 nulla
3547 1253 3651 1289 non
3705 1237 3989 1302 impietate

2439 1337 2638 1385 scatet.
2679 1330 2745 1379 ab
2797 1327 2994 1379 Helena
3042 1342 3255 1392 quoque
3307 1327 3485 1377 nescio
3539 1340 3641 1390 qua
3700 1323 3991 1374 mere'ricc

2440 1418 2618 1483 Tyria.
2654 1421 2805 1483 cujus
2851 1419 3128 1480 illegitimo
3183 1416 3538 1468 contubernio
3584 1415 3854 1474 uteba'ur.
3889 1429 3993 1464 an-

2441 1507 2583 1571 gelos
2611 1517 2817 1558 creatos
2847 1521 2965 1557 esse
2995 1506 3312 1556 allirmahat.

2513 1594 2762 1644 Pluribus
2793 1596 2972 1660 itaque
3004 1594 3203 1652 verbis,
3235 1594 3300 1643 ad
3333 1591 3630 1658 hujusmmli
3665 1599 3993 1654 nugamenta

2449 1682 2681 1733 Simonis
2721 1683 3076 1745 explananda.
3131 1683 3257 1747 quid
3296 1684 3473 1748 opus?
3503 1697 3619 1746 quae
3652 1696 3810 1746 quam
3848 1693 3992 1728 vana

2445 1771 2575 1830 sint,
2605 1779 2656 1820 et
2691 1769 2943 1825 absurda.
2989 1771 3360 1835 ejusmodique
3407 1769 3560 1830 adeo,
3594 1779 3650 1819 ut
3682 1771 3758 1819 vel
3803 1782 3903 1818 suo
3931 1782 3998 1818 se

2445 1858 2619 1925 gladio
2656 1858 2921 1921 juguleot.
2971 1858 3100 1909 satis
3149 1872 3414 1922 snperque
3455 1858 3637 1908 Simon
3676 1857 3785 1922 ipse
3829 1870 3896 1907 ex
3929 1856 4000 1906 iis

2446 1945 2800 2005 conﬁrmavit.
2852 1961 2969 2012 qua:
2999 1947 3064 1996 ab
3098 1947 3353 2010 apostolis
3377 1956 3426 1997 et
3459 1945 3678 2000 audivit.
3711 1955 3765 1997 et
3804 1960 4002 2011 passus

2448 2044 2553 2085 est.
2608 2033 2741 2085 Cum
2793 2038 2936 2084 enim
2991 2035 3272 2100 Philippus
3305 2036 3354 2084 in
3388 2033 3674 2086 Samariam
3715 2049 3771 2085 se
3800 2042 4001 2085 contu-

2448 2124 2620 2184 lisset,
2657 2123 2742 2173 ille.
2773 2122 2986 2185 quidem
3015 2138 3078 2174 ex
3109 2135 3312 2189 septem
3362 2123 3601 2174 diaconis
3632 2139 3789 2180 unus.
3823 2124 4002 2187 iisque

2449 2211 2585 2263 adeo
2637 2209 2728 2274 qui
2782 2210 2979 2262 ibidem
3032 2212 3081 2261 in
3131 2212 3344 2262 nomine
3403 2211 3608 2261 Domini
3657 2211 3822 2261 nostri
3871 2210 4000 2262 Jrsu

2448 2301 2650 2354 Christi
2710 2301 2956 2368 baptizati
3010 2301 3240 2355 fuerant.
3298 2301 3478 2354 Simon
3506 2313 3552 2351 et
3590 2303 3700 2366 ipse
3749 2300 4004 2352 lustrales

2450 2391 2515 2442 ad
2553 2405 2716 2458 aquas
2767 2391 3011 2448 accessit.
3061 2391 3333 2458 cepitque
3373 2391 3686 2442 familiarius
3720 2405 3838 2452 cum
3871 2390 4003 2441 Phi-

2453 2481 2600 2545 lippo
2660 2482 2883 2534 versati.
2945 2496 3152 2546 magna.
3203 2488 3259 2529 ut
3307 2494 3414 2542 prce
3457 2494 3513 2530 se
3557 2478 3779 2536 ferebat.
3835 2476 4003 2528 animi

2453 2568 2751 2620 constantia
2808 2583 2929 2618 cum
2981 2567 3071 2616 illo
3120 2579 3487 2631 peiseverans.
3544 2564 3642 2625 Qui
3697 2578 3817 2615 cum
3866 2565 4005 2612 mira

2457 2660 2563 2716 illa.
2602 2675 2718 2724 qum
2750 2674 2776 2709 a
2809 2657 3055 2721 Philippo
3110 2656 3327 2714 fiebant,
3374 2669 3551 2705 coram
3594 2662 3856 2704 Certterct.
3908 2650 4010 2701 avl—

2457 2747 2741 2797 ntirationc
2778 2744 3103 2809 rapiebatur.
3140 2742 3272 2792 Cum
3320 2756 3444 2793 vero
3488 2740 3698 2790 tandem
3736 2740 3786 2790 iu
3819 2739 3976 2790 Silllrﬂ

2458 2838 2613 2889 riam.
2645 2833 2973 2898 promulgata
2994 2832 3100 2896 jam
3124 2830 3353 2895 Philippi
3385 2829 3781 2894 praedicatione.
3817 2829 4011 2878 Petrus

2457 2935 2510 2977 et
2557 2923 2789 2976 Joannes
2833 2921 3056 2987 apostoli
3123 2921 3410 2971 venissent.
3460 2928 3515 2970 et
3560 2918 3910 2968 credentibus
3955 2917 4010 2966 in

2457 3014 2732 3066 Christum
2764 3012 2929 3062 sancti
2961 3010 3197 3075 Spiritus
3238 3009 3779 3060 communicationem
3811 3021 4012 3070 appre—

2460 3106 2562 3157 cati
2595 3104 2841 3160 fuissent.
2896 3101 3154 3164 illumque
3186 3098 3320 3149 adeo
3353 3112 3444 3162 per
3483 3110 3735 3147 manuum
3784 3095 4013 3159 imposio

2465 3195 2664 3245 tionem
2701 3190 3046 3254 recepissent.
3090 3188 3207 3238 Ilzec
3253 3187 3362 3250 ipsa
3393 3199 3569 3235 coram
3614 3183 3794 3234 Simon
3842 3181 4017 3232 intui-

2464 3291 2571 3339 tus.
2632 3279 2885 3346 pecunias
2940 3278 3193 3341 apostols
3257 3274 3456 3325 obtulit
3511 3271 3736 3322 dicens:
3784 3270 3916 3320 Date
3967 3278 4017 3319 et

2465 3373 2585 3437 milii
2621 3372 2752 3420 hanc
2786 3376 3104 3433 potestatem,
3139 3374 3190 3416 ut
3226 3368 3527 3430 cuicumque
3567 3364 3857 3428 imposuere
3904 3377 4020 3410 ma-

2466 3475 2582 3517 nus.
2613 3458 2832 3519 accipiat
2868 3454 3114 3520 Spiritum
3161 3463 3418 3504 sanctum.
3451 3450 3632 3502 Petrus
3673 3459 3845 3499 autem
3885 3448 4020 3497 dixit

2469 3549 2536 3600 ad
2565 3564 2677 3599 eum
2709 3562 2725 3598 :
2760 3545 2979 3596 f'ecunia
3019 3553 3106 3594 tua
3141 3551 3305 3593 tecum
3333 3545 3394 3592 sit
3426 3543 3475 3592 iu
3511 3539 3864 3606 perdiuotiem.
3893 3551 4020 3602 quo;

2468 3641 2611 3691 niam
2641 3639 2832 3688 donum
2862 3621 2960 3685 [Dei
2991 3635 3296 3684 existimasti
3329 3633 3544 3699 pecunia
3606 3629 3872 3692 possideri.
3905 3627 4019 3678 Non

2469 3739 2541 3783 est
2568 3731 2656 3782 tibi
2683 3745 2828 3795 pars,
2870 3741 3031 3793 neque
3076 3740 3185 3776 sors
3240 3726 3292 3775 in
3320 3739 3550 3774 sermone
3595 3725 3701 3772 hoc.
3740 3720 3840 3772 Cor
3883 3721 4021 3769 enim

2472 3830 2615 3870 tuum
2644 3833 2745 3869 mm
2776 3824 2846 3867 est
2879 3825 3072 3865 rectum
3106 3827 3282 3862 corum
3316 3810 3440 3862 Deo.
3484 3809 3649 3876 [Roga
3685 3824 3804 3874 ergo
3837 3806 4021 3863 (leum.

2472 3911 2513 3961 si
2543 3910 2672 3972 forte
2721 3906 3017 3956 remittatur
3049 3902 3137 3952 tibi
3163 3903 3267 3952 haec
3297 3901 3538 3966 cogitatio
3589 3899 3754 3948 cord.’s
3804 3893 3929 3963 tui.]
3963 3895 4024 3946 In

2475 3996 2594 4063 felle
2641 3997 2774 4047 enim
2810 3991 3210 4055 amaritudinis,
3255 3997 3302 4041 et
3351 3987 3665 4055 obligatione
3711 3985 4022 4052 iniquitatis,

2475 4088 2695 4139 vidimus
2729 4093 2775 4135 te
2800 4081 3060 4135 essem“.

2547 4175 2778 4229 Proinde
2831 4172 3139 4242 huiusmodi
3210 4169 3479 4236 repulsam
3552 4165 3888 4219 miserrimus
3940 4163 4026 4215 ille

2481 4282 2690 4336 passus.
2724 4276 2777 4318 et
2803 4266 2866 4318 ad
2897 4265 3171 4332 proprium
3205 4263 3463 4314 vomitum
3492 4273 3759 4313 reversus.
3787 4256 4026 4307 Samaria

2411 4361 2454 4415 ι)
2481 4357 2729 4412 excessit.
2762 4363 2816 4407 et
2848 4354 2912 4405 ad
2945 4369 3004 4405 ea
3033 4368 3090 4405 se
3142 4350 3338 4417 oppida
3378 4349 3726 4412 civitatesque
3776 4344 4026 4401 Contulit,

2483 4449 2683 4517 quibus
2730 4444 2968 4498 nondum
3029 4442 3298 4508 Evangelii
3353 4440 3532 4491 lumen
3588 4437 3876 4489 illuxerat.
3922 4434 4026 4498 jam

2482 4549 2704 4604 tumque
2739 4535 3000 4586 adversus
3033 4531 3189 4584 Verbi
3237 4528 3402 4581 divini
3461 4526 3773 4593 przeeonesi
3841 4536 4030 4587 prinrs

2481 4640 2658 4682 autem
2683 4627 2920 4686 Petrum,
2945 4637 3159 4676 crucem
3183 4635 3238 4672 se
3274 4619 3627 4683 Satanamque
3653 4631 3746 4680 pra
3761 4625 3903 4665 stare
3930 4628 4030 4665 cte-

2482 4719 2580 4786 pit.
2623 4715 2898 4781 Siquidem
2921 4727 3043 4765 cum
3077 4710 3373 4776 nihilpnus
3400 4716 3454 4758 et
3483 4706 3755 4772 antiquius
3789 4703 4026 4759 haberet.

2485 4822 2645 4875 quam
2678 4815 2737 4858 ut
2758 4805 2881 4857 Petr
2904 4817 3024 4869 vper
3052 4803 3227 4852 omnia
3257 4797 3628 4862 refragaretur.
3649 4793 3712 4845 ad
3731 4807 3880 4856 etim,
3913 4806 4029 4843 cum

2488 4898 2740 4965 pietatem
2780 4895 2830 4945 in
2861 4891 3252 4946 confertissima
3284 4888 3462 4955 popula
3501 4883 3760 4936 concione
3791 4882 4030 4940 doceret.

2489 5003 2674 5039 canem
2707 4985 2868 5045 misit.
2891 4985 2979 5050 qui
2998 4982 3110 5034 haec
3125 4978 3373 5032 humanis
3391 4976 3567 5028 verbis
3583 4974 4026 5042 proloqueretur-

2492 5078 2676 5131 Finem
2712 5077 2837 5136 tuis.
2886 5075 3063 5133 Petre.
3116 5070 3313 5138 quibus
3350 5065 3603 5134 pupulum
3653 5062 4029 5118 circumvenis.

2493 5166 2807 5231 imposturis
2844 5159 3127 5228 imponito.
3161 5155 3542 5231 Mosrvieissim
3599 5151 3749 5204 ranis
3799 5150 3942 5202 idem
3975 5149 4032 5202 ad

2492 5230 2765 5311 Simonem
2798 5271 2824 5306 a
2855 5254 3014 5307 Petro
3053 5230 3334 5318 relegatus,
3353 5236 3535 5299 eadem
3563 5242 3637 5295 illi
3688 5243 4031 5294 renuntiavit.

2492 5349 2729 5405 Tandem
2765 5362 2886 5399 eum
2920 5346 3091 5398 multo
3116 5359 3182 5396 ex
3213 5341 3339 5399 illis.
3378 5351 3514 5406 quos
3548 5335 3740 5389 Petrus
3769 5333 4037 5391 coneioni-

2494 5443 2598 5496 bus
2645 5439 2758 5492 suis
2806 5437 3164 5498 instruxerat,
3214 5431 3277 5485 ad
3329 5429 3592 5497 privatum
3644 5423 3835 5494 dogma
3891 5435 4034 5476 suum
