  <div class='ocr_page' id='page_1' title='image "/cluster/home/n/w/nwhite01/storage/ocr_20150623/139/nnc1.0046979840/640.png"; bbox 0 0 4274 6382; ppageno 0'>
   <div class='ocr_carea' id='block_1_1' title="bbox 270 414 400 474">
    <p class='ocr_par' dir='ltr' id='par_1_1' title="bbox 270 414 400 474">
     <span class='ocr_line' id='line_1_1' title="bbox 270 414 400 474; baseline -0.031 0"><span class='ocrx_word' id='word_1_1' title='bbox 270 414 400 474; x_wconf 66' lang='grc'><strong>1245</strong></span> 
     </span>
    </p>
   </div>
   <div class='ocr_carea' id='block_1_2' title="bbox 1485 415 2194 478">
    <p class='ocr_par' dir='ltr' id='par_1_2' title="bbox 1485 415 2194 478">
     <span class='ocr_line' id='line_1_2' title="bbox 1485 415 2194 478; baseline -0.004 0"><span class='ocrx_word' id='word_1_2' title='bbox 1485 415 1872 478; x_wconf 80' lang='lat' dir='ltr'><strong>THESAURI</strong></span> <span class='ocrx_word' id='word_1_3' title='bbox 1914 416 2058 474; x_wconf 85' lang='lat' dir='ltr'><strong>LIB.</strong></span> <span class='ocrx_word' id='word_1_4' title='bbox 2100 418 2194 475; x_wconf 86' lang='lat' dir='ltr'><strong>IV.</strong></span> 
     </span>
    </p>
   </div>
   <div class='ocr_carea' id='block_1_3' title="bbox 3298 419 3430 483">
    <p class='ocr_par' dir='ltr' id='par_1_3' title="bbox 3298 419 3430 483">
     <span class='ocr_line' id='line_1_3' title="bbox 3298 419 3430 483; baseline -0.015 0"><span class='ocrx_word' id='word_1_5' title='bbox 3298 419 3430 483; x_wconf 66' lang='grc'><strong>1246</strong></span> 
     </span>
    </p>
   </div>
   <div class='ocr_carea' id='block_1_4' title="bbox 265 524 3430 598">
    <p class='ocr_par' dir='ltr' id='par_1_4' title="bbox 265 524 3430 598">
     <span class='ocr_line' id='line_1_4' title="bbox 265 524 3430 598; baseline 0.001 -20"><span class='ocrx_word' id='word_1_6' title='bbox 265 525 448 578; x_wconf 91' lang='lat' dir='ltr'><strong>Simon</strong></span> <span class='ocrx_word' id='word_1_7' title='bbox 505 524 806 590; x_wconf 80' lang='lat' dir='ltr'><strong>pellexisset</strong></span> <span class='ocrx_word' id='word_1_8' title='bbox 831 566 844 587; x_wconf 90' lang='lat'><strong>.</strong></span> <span class='ocrx_word' id='word_1_9' title='bbox 888 526 992 595; x_wconf 79' lang='lat' dir='ltr'><strong>jam</strong></span> <span class='ocrx_word' id='word_1_10' title='bbox 1032 525 1098 580; x_wconf 91' lang='lat' dir='ltr'><strong>de</strong></span> <span class='ocrx_word' id='word_1_11' title='bbox 1129 526 1249 579; x_wconf 88' lang='lat' dir='ltr'><strong>fidei</strong></span> <span class='ocrx_word' id='word_1_12' title='bbox 1285 541 1392 580; x_wconf 75' lang='lat' dir='ltr'><strong>sine</strong></span> <span class='ocrx_word' id='word_1_13' title='bbox 1437 528 1722 580; x_wconf 94' lang='lat' dir='ltr'><strong>traditione</strong></span> <span class='ocrx_word' id='word_1_14' title='bbox 1751 537 1806 579; x_wconf 90' lang='lat' dir='ltr'><strong>et</strong></span> <span class='ocrx_word' id='word_1_15' title='bbox 1834 531 1875 585; x_wconf 82' lang='grc' dir='ltr'><strong>Α</strong></span> <span class='ocrx_word' id='word_1_16' title='bbox 1905 526 2109 580; x_wconf 77' lang='lat' dir='ltr'><strong>advena</strong></span> <span class='ocrx_word' id='word_1_17' title='bbox 2151 530 2312 582; x_wconf 71' lang='lat' dir='ltr'><strong>Linter</strong></span> <span class='ocrx_word' id='word_1_18' title='bbox 2371 530 2640 598; x_wconf 76' lang='lat' dir='ltr'><strong>apostolos</strong></span> <span class='ocrx_word' id='word_1_19' title='bbox 2683 531 3030 587; x_wconf 73' lang='lat' dir='ltr'><strong>versabatur.</strong></span> <span class='ocrx_word' id='word_1_20' title='bbox 3093 526 3194 581; x_wconf 80' lang='lat' dir='ltr'><strong>sub</strong></span> <span class='ocrx_word' id='word_1_21' title='bbox 3234 527 3430 593; x_wconf 80' lang='lat' dir='ltr'><strong>quibus</strong></span> 
     </span>
    </p>
   </div>
   <div class='ocr_carea' id='block_1_5' title="bbox 263 612 1803 682">
    <p class='ocr_par' dir='ltr' id='par_1_5' title="bbox 263 612 1803 682">
     <span class='ocr_line' id='line_1_5' title="bbox 263 612 1803 682; baseline 0.001 -18"><span class='ocrx_word' id='word_1_22' title='bbox 263 612 592 677; x_wconf 78' lang='lat' dir='ltr'><strong>expositione</strong></span> <span class='ocrx_word' id='word_1_23' title='bbox 632 615 912 681; x_wconf 76' lang='lat' dir='ltr'><strong>cogitabat.</strong></span> <span class='ocrx_word' id='word_1_24' title='bbox 940 617 1002 666; x_wconf 78' lang='lat' dir='ltr'><strong>At</strong></span> <span class='ocrx_word' id='word_1_25' title='bbox 1027 631 1090 668; x_wconf 94' lang='lat' dir='ltr'><strong>ne</strong></span> <span class='ocrx_word' id='word_1_26' title='bbox 1141 617 1218 669; x_wconf 88' lang='lat' dir='ltr'><strong>sic</strong></span> <span class='ocrx_word' id='word_1_27' title='bbox 1240 616 1454 682; x_wconf 86' lang='lat' dir='ltr'><strong>quidem</strong></span> <span class='ocrx_word' id='word_1_28' title='bbox 1481 618 1668 669; x_wconf 77' lang='lat' dir='ltr'><strong>Petrus</strong></span> <span class='ocrx_word' id='word_1_29' title='bbox 1689 616 1803 668; x_wconf 88' lang='lat' dir='ltr'><strong>ani-</strong></span> 
     </span>
    </p>
   </div>
   <div class='ocr_carea' id='block_1_6' title="bbox 266 703 1802 773">
    <p class='ocr_par' dir='ltr' id='par_1_6' title="bbox 266 703 1802 773">
     <span class='ocr_line' id='line_1_6' title="bbox 266 703 1802 773; baseline 0.003 -21"><span class='ocrx_word' id='word_1_30' title='bbox 266 716 412 753; x_wconf 85' lang='lat' dir='ltr'><strong>mum</strong></span> <span class='ocrx_word' id='word_1_31' title='bbox 453 703 736 770; x_wconf 80' lang='lat' dir='ltr'><strong>despondit</strong></span> <span class='ocrx_word' id='word_1_32' title='bbox 763 722 774 755; x_wconf 87' lang='lat'>:</span> <span class='ocrx_word' id='word_1_33' title='bbox 806 705 912 757; x_wconf 92' lang='lat' dir='ltr'><strong>imo</strong></span> <span class='ocrx_word' id='word_1_34' title='bbox 936 721 1062 757; x_wconf 76' lang='lat' dir='ltr'><strong>vero</strong></span> <span class='ocrx_word' id='word_1_35' title='bbox 1095 708 1144 758; x_wconf 92' lang='lat' dir='ltr'><strong>in</strong></span> <span class='ocrx_word' id='word_1_36' title='bbox 1176 707 1407 759; x_wconf 90' lang='lat' dir='ltr'><strong>Simonis</strong></span> <span class='ocrx_word' id='word_1_37' title='bbox 1450 707 1617 773; x_wconf 85' lang='lat' dir='ltr'><strong>ipsius</strong></span> <span class='ocrx_word' id='word_1_38' title='bbox 1644 713 1802 772; x_wconf 87' lang='lat' dir='ltr'><strong>caput</strong></span> 
     </span>
    </p>
   </div>
   <div class='ocr_carea' id='block_1_7' title="bbox 264 792 1353 848">
    <p class='ocr_par' dir='ltr' id='par_1_7' title="bbox 264 792 1353 848">
     <span class='ocr_line' id='line_1_7' title="bbox 264 792 1353 848; baseline 0.003 -5"><span class='ocrx_word' id='word_1_39' title='bbox 264 792 614 845; x_wconf 71' lang='lat' dir='ltr'><strong>fraudulenta:</strong></span> <span class='ocrx_word' id='word_1_40' title='bbox 644 806 784 846; x_wconf 88' lang='lat' dir='ltr'><strong>artes</strong></span> <span class='ocrx_word' id='word_1_41' title='bbox 810 810 996 848; x_wconf 88' lang='lat' dir='ltr'><strong>omnes</strong></span> <span class='ocrx_word' id='word_1_42' title='bbox 1030 795 1353 848; x_wconf 87' lang='lat' dir='ltr'><strong>reciderunt.</strong></span> 
     </span>
    </p>
   </div>
   <div class='ocr_carea' id='block_1_8' title="bbox 336 880 1798 945">
    <p class='ocr_par' dir='ltr' id='par_1_8' title="bbox 336 880 1798 945">
     <span class='ocr_line' id='line_1_8' title="bbox 336 880 1798 945; baseline 0.002 -13"><span class='ocrx_word' id='word_1_43' title='bbox 336 880 572 932; x_wconf 80' lang='lat' dir='ltr'><strong>Tandem</strong></span> <span class='ocrx_word' id='word_1_44' title='bbox 609 898 756 945; x_wconf 80' lang='lat' dir='ltr'><strong>vero,</strong></span> <span class='ocrx_word' id='word_1_45' title='bbox 789 899 910 934; x_wconf 92' lang='lat' dir='ltr'><strong>cum</strong></span> <span class='ocrx_word' id='word_1_46' title='bbox 954 885 1197 943; x_wconf 79' lang='lat' dir='ltr'><strong>Romam.</strong></span> <span class='ocrx_word' id='word_1_47' title='bbox 1234 885 1473 935; x_wconf 92' lang='lat' dir='ltr'><strong>omnium</strong></span> <span class='ocrx_word' id='word_1_48' title='bbox 1520 885 1798 935; x_wconf 79' lang='lat' dir='ltr'><strong>civitatum</strong></span> 
     </span>
    </p>
   </div>
   <div class='ocr_carea' id='block_1_9' title="bbox 265 969 1782 1039">
    <p class='ocr_par' dir='ltr' id='par_1_9' title="bbox 265 969 1782 1039">
     <span class='ocr_line' id='line_1_9' title="bbox 265 969 1782 1039; baseline 0.001 -17"><span class='ocrx_word' id='word_1_49' title='bbox 265 969 449 1024; x_wconf 84' lang='lat' dir='ltr'><strong>decus.</strong></span> <span class='ocrx_word' id='word_1_50' title='bbox 511 971 860 1037; x_wconf 71' lang='lat' dir='ltr'><strong>appulisstent,</strong></span> <span class='ocrx_word' id='word_1_51' title='bbox 905 972 973 1024; x_wconf 87' lang='lat' dir='ltr'><strong>ibi</strong></span> <span class='ocrx_word' id='word_1_52' title='bbox 1027 974 1386 1024; x_wconf 67' lang='lat' dir='ltr'><strong>controversis</strong></span> <span class='ocrx_word' id='word_1_53' title='bbox 1444 974 1782 1039; x_wconf 76' lang='lat' dir='ltr'><strong>dogmatibus</strong></span> 
     </span>
    </p>
   </div>
   <div class='ocr_carea' id='block_1_10' title="bbox 266 1062 1797 1120">
    <p class='ocr_par' dir='ltr' id='par_1_10' title="bbox 266 1062 1797 1120">
     <span class='ocr_line' id='line_1_10' title="bbox 266 1062 1797 1120; baseline 0.003 -10"><span class='ocrx_word' id='word_1_54' title='bbox 266 1069 666 1113; x_wconf 81' lang='lat' dir='ltr'><strong>conrertarunt.</strong></span> <span class='ocrx_word' id='word_1_55' title='bbox 722 1062 836 1114; x_wconf 83' lang='lat' dir='ltr'><strong>Jam</strong></span> <span class='ocrx_word' id='word_1_56' title='bbox 894 1072 1071 1114; x_wconf 91' lang='lat' dir='ltr'><strong>autem</strong></span> <span class='ocrx_word' id='word_1_57' title='bbox 1120 1063 1258 1120; x_wconf 83' lang='lat' dir='ltr'><strong>apud</strong></span> <span class='ocrx_word' id='word_1_58' title='bbox 1311 1064 1576 1115; x_wconf 84' lang='lat' dir='ltr'><strong>Romanos</strong></span> <span class='ocrx_word' id='word_1_59' title='bbox 1613 1063 1797 1116; x_wconf 88' lang='lat' dir='ltr'><strong>Simon</strong></span> 
     </span>
    </p>
   </div>
   <div class='ocr_carea' id='block_1_11' title="bbox 271 1151 1800 1211">
    <p class='ocr_par' dir='ltr' id='par_1_11' title="bbox 271 1151 1800 1211">
     <span class='ocr_line' id='line_1_11' title="bbox 271 1151 1800 1211; baseline 0.002 -11"><span class='ocrx_word' id='word_1_60' title='bbox 271 1158 470 1200; x_wconf 87' lang='lat' dir='ltr'><strong>tantam</strong></span> <span class='ocrx_word' id='word_1_61' title='bbox 506 1151 738 1201; x_wconf 84' lang='lat' dir='ltr'><strong>nominis</strong></span> <span class='ocrx_word' id='word_1_62' title='bbox 796 1151 1158 1203; x_wconf 85' lang='lat' dir='ltr'><strong>celebritatem</strong></span> <span class='ocrx_word' id='word_1_63' title='bbox 1190 1164 1521 1205; x_wconf 88' lang='lat' dir='ltr'><strong>consecutus</strong></span> <span class='ocrx_word' id='word_1_64' title='bbox 1549 1163 1687 1211; x_wconf 85' lang='lat' dir='ltr'><strong>erat.</strong></span> <span class='ocrx_word' id='word_1_65' title='bbox 1743 1161 1800 1204; x_wconf 92' lang='lat' dir='ltr'><strong>ut</strong></span> 
     </span>
    </p>
   </div>
   <div class='ocr_carea' id='block_1_12' title="bbox 263 1240 1800 1310">
    <p class='ocr_par' dir='ltr' id='par_1_12' title="bbox 263 1240 1800 1310">
     <span class='ocr_line' id='line_1_12' title="bbox 263 1240 1800 1310; baseline 0.005 -23"><span class='ocrx_word' id='word_1_66' title='bbox 263 1251 403 1289; x_wconf 66' lang='lat' dir='ltr'><strong>aerea</strong></span> <span class='ocrx_word' id='word_1_67' title='bbox 445 1247 616 1290; x_wconf 89' lang='lat' dir='ltr'><strong>statua</strong></span> <span class='ocrx_word' id='word_1_68' title='bbox 643 1240 876 1290; x_wconf 90' lang='lat' dir='ltr'><strong>donatus</strong></span> <span class='ocrx_word' id='word_1_69' title='bbox 906 1249 1051 1292; x_wconf 81' lang='lat' dir='ltr'><strong>esset</strong></span> <span class='ocrx_word' id='word_1_70' title='bbox 1078 1256 1103 1292; x_wconf 91' lang='lat' dir='ltr'><strong>a</strong></span> <span class='ocrx_word' id='word_1_71' title='bbox 1132 1240 1355 1294; x_wconf 87' lang='lat' dir='ltr'><strong>Claudio</strong></span> <span class='ocrx_word' id='word_1_72' title='bbox 1378 1241 1605 1295; x_wconf 59' lang='lat' dir='ltr'><strong>Cmsare.</strong></span> <span class='ocrx_word' id='word_1_73' title='bbox 1634 1244 1800 1310; x_wconf 84' lang='lat' dir='ltr'><strong>Cujus</strong></span> 
     </span>
    </p>
   </div>
   <div class='ocr_carea' id='block_1_13' title="bbox 263 1325 1795 1395">
    <p class='ocr_par' dir='ltr' id='par_1_13' title="bbox 263 1325 1795 1395">
     <span class='ocr_line' id='line_1_13' title="bbox 263 1325 1795 1395; baseline 0.005 -19"><span class='ocrx_word' id='word_1_74' title='bbox 263 1340 326 1376; x_wconf 89' lang='lat' dir='ltr'><strong>ea</strong></span> <span class='ocrx_word' id='word_1_75' title='bbox 388 1325 548 1378; x_wconf 80' lang='lat' dir='ltr'><strong>fuisse</strong></span> <span class='ocrx_word' id='word_1_76' title='bbox 602 1328 770 1378; x_wconf 88' lang='lat' dir='ltr'><strong>fertur</strong></span> <span class='ocrx_word' id='word_1_77' title='bbox 823 1329 1102 1395; x_wconf 89' lang='lat' dir='ltr'><strong>inscriptio</strong></span> <span class='ocrx_word' id='word_1_78' title='bbox 1140 1332 1375 1383; x_wconf 89' lang='lat' dir='ltr'><strong>:Simoni</strong></span> <span class='ocrx_word' id='word_1_79' title='bbox 1438 1333 1545 1384; x_wconf 87' lang='lat' dir='ltr'><strong>Deo</strong></span> <span class='ocrx_word' id='word_1_80' title='bbox 1591 1344 1795 1385; x_wconf 78' lang='lat' dir='ltr'><strong>sancto.</strong></span> 
     </span>
    </p>
   </div>
   <div class='ocr_carea' id='block_1_14' title="bbox 262 1413 1797 1488">
    <p class='ocr_par' dir='ltr' id='par_1_14' title="bbox 262 1413 1797 1488">
     <span class='ocr_line' id='line_1_14' title="bbox 262 1413 1797 1488; baseline 0.004 -22"><span class='ocrx_word' id='word_1_81' title='bbox 262 1413 396 1466; x_wconf 90' lang='lat' dir='ltr'><strong>Cum</strong></span> <span class='ocrx_word' id='word_1_82' title='bbox 427 1416 603 1482; x_wconf 84' lang='lat' dir='ltr'><strong>itaque</strong></span> <span class='ocrx_word' id='word_1_83' title='bbox 637 1416 819 1468; x_wconf 90' lang='lat' dir='ltr'><strong>Simon</strong></span> <span class='ocrx_word' id='word_1_84' title='bbox 854 1419 1012 1470; x_wconf 84' lang='lat' dir='ltr'><strong>Petro</strong></span> <span class='ocrx_word' id='word_1_85' title='bbox 1073 1419 1451 1488; x_wconf 72' lang='lat' dir='ltr'><strong>refragari-tur,</strong></span> <span class='ocrx_word' id='word_1_86' title='bbox 1492 1432 1650 1486; x_wconf 89' lang='lat' dir='ltr'><strong>atque</strong></span> <span class='ocrx_word' id='word_1_87' title='bbox 1679 1438 1797 1486; x_wconf 88' lang='lat' dir='ltr'><strong>par-</strong></span> 
     </span>
    </p>
   </div>
   <div class='ocr_carea' id='block_1_15' title="bbox 266 1502 1793 1574">
    <p class='ocr_par' dir='ltr' id='par_1_15' title="bbox 266 1502 1793 1574">
     <span class='ocr_line' id='line_1_15' title="bbox 266 1502 1793 1574; baseline 0.005 -23"><span class='ocrx_word' id='word_1_88' title='bbox 266 1502 359 1552; x_wconf 89' lang='lat' dir='ltr'><strong>tim</strong></span> <span class='ocrx_word' id='word_1_89' title='bbox 414 1502 644 1566; x_wconf 82' lang='lat' dir='ltr'><strong>Spiritus</strong></span> <span class='ocrx_word' id='word_1_90' title='bbox 704 1507 873 1556; x_wconf 91' lang='lat' dir='ltr'><strong>sancti</strong></span> <span class='ocrx_word' id='word_1_91' title='bbox 931 1507 1144 1566; x_wconf 81' lang='lat' dir='ltr'><strong>verbis.</strong></span> <span class='ocrx_word' id='word_1_92' title='bbox 1231 1509 1425 1574; x_wconf 88' lang='lat' dir='ltr'><strong>partim</strong></span> <span class='ocrx_word' id='word_1_93' title='bbox 1503 1509 1793 1568; x_wconf 87' lang='lat' dir='ltr'><strong>miraculis.</strong></span> 
     </span>
    </p>
   </div>
   <div class='ocr_carea' id='block_1_16' title="bbox 264 1591 1795 1661">
    <p class='ocr_par' dir='ltr' id='par_1_16' title="bbox 264 1591 1795 1661">
     <span class='ocr_line' id='line_1_16' title="bbox 264 1591 1795 1661; baseline 0.007 -23"><span class='ocrx_word' id='word_1_94' title='bbox 264 1591 545 1656; x_wconf 62' lang='lat' dir='ltr'><strong>praestigias</strong></span> <span class='ocrx_word' id='word_1_95' title='bbox 607 1592 748 1643; x_wconf 92' lang='lat' dir='ltr'><strong>illius</strong></span> <span class='ocrx_word' id='word_1_96' title='bbox 824 1603 877 1644; x_wconf 85' lang='lat' dir='ltr'><strong>et</strong></span> <span class='ocrx_word' id='word_1_97' title='bbox 933 1594 1240 1660; x_wconf 70' lang='lat' dir='ltr'><strong>iinposturse</strong></span> <span class='ocrx_word' id='word_1_98' title='bbox 1297 1597 1636 1661; x_wconf 90' lang='lat' dir='ltr'><strong>patuissent,</strong></span> <span class='ocrx_word' id='word_1_99' title='bbox 1708 1596 1795 1648; x_wconf 85' lang='lat' dir='ltr'><strong>ille</strong></span> 
     </span>
    </p>
   </div>
   <div class='ocr_carea' id='block_1_17' title="bbox 263 1680 1796 1752">
    <p class='ocr_par' dir='ltr' id='par_1_17' title="bbox 263 1680 1796 1752">
     <span class='ocr_line' id='line_1_17' title="bbox 263 1680 1796 1752; baseline 0.004 -22"><span class='ocrx_word' id='word_1_100' title='bbox 263 1680 409 1747; x_wconf 85' lang='lat' dir='ltr'><strong>gravi</strong></span> <span class='ocrx_word' id='word_1_101' title='bbox 458 1696 513 1731; x_wconf 90' lang='lat' dir='ltr'><strong>se</strong></span> <span class='ocrx_word' id='word_1_102' title='bbox 575 1681 709 1732; x_wconf 80' lang='lat' dir='ltr'><strong>allici</strong></span> <span class='ocrx_word' id='word_1_103' title='bbox 753 1691 896 1735; x_wconf 81' lang='lat' dir='ltr'><strong>ratus</strong></span> <span class='ocrx_word' id='word_1_104' title='bbox 948 1683 1256 1750; x_wconf 82' lang='lat' dir='ltr'><strong>ignominia.</strong></span> <span class='ocrx_word' id='word_1_105' title='bbox 1293 1685 1343 1736; x_wconf 93' lang='lat' dir='ltr'><strong>in</strong></span> <span class='ocrx_word' id='word_1_106' title='bbox 1381 1687 1544 1738; x_wconf 61' lang='lat' dir='ltr'><strong>caelos</strong></span> <span class='ocrx_word' id='word_1_107' title='bbox 1573 1687 1634 1737; x_wconf 91' lang='lat' dir='ltr'><strong>ad</strong></span> <span class='ocrx_word' id='word_1_108' title='bbox 1673 1701 1796 1752; x_wconf 88' lang='lat' dir='ltr'><strong>pro-</strong></span> 
     </span>
    </p>
   </div>
   <div class='ocr_carea' id='block_1_18' title="bbox 266 1770 1796 1840">
    <p class='ocr_par' dir='ltr' id='par_1_18' title="bbox 266 1770 1796 1840">
     <span class='ocr_line' id='line_1_18' title="bbox 266 1770 1796 1840; baseline 0.005 -22"><span class='ocrx_word' id='word_1_109' title='bbox 266 1784 438 1832; x_wconf 84' lang='lat' dir='ltr'><strong>prium</strong></span> <span class='ocrx_word' id='word_1_110' title='bbox 485 1770 694 1821; x_wconf 79' lang='lat' dir='ltr'><strong>Patrem</strong></span> <span class='ocrx_word' id='word_1_111' title='bbox 743 1786 1087 1823; x_wconf 84' lang='lat' dir='ltr'><strong>ascensurum</strong></span> <span class='ocrx_word' id='word_1_112' title='bbox 1132 1788 1228 1831; x_wconf 87' lang='lat' dir='ltr'><strong>se.</strong></span> <span class='ocrx_word' id='word_1_113' title='bbox 1283 1789 1573 1840; x_wconf 64' lang='lat' dir='ltr'><strong>poenasque</strong></span> <span class='ocrx_word' id='word_1_114' title='bbox 1603 1775 1668 1825; x_wconf 93' lang='lat' dir='ltr'><strong>de</strong></span> <span class='ocrx_word' id='word_1_115' title='bbox 1718 1775 1796 1825; x_wconf 86' lang='lat' dir='ltr'><strong>in-</strong></span> 
     </span>
    </p>
   </div>
   <div class='ocr_carea' id='block_1_19' title="bbox 263 1858 1796 1925">
    <p class='ocr_par' dir='ltr' id='par_1_19' title="bbox 263 1858 1796 1925">
     <span class='ocr_line' id='line_1_19' title="bbox 263 1858 1796 1925; baseline 0.003 -15"><span class='ocrx_word' id='word_1_116' title='bbox 263 1858 502 1910; x_wconf 87' lang='lat' dir='ltr'><strong>credulis</strong></span> <span class='ocrx_word' id='word_1_117' title='bbox 567 1859 686 1911; x_wconf 91' lang='lat' dir='ltr'><strong>inde</strong></span> <span class='ocrx_word' id='word_1_118' title='bbox 746 1861 1121 1925; x_wconf 90' lang='lat' dir='ltr'><strong>repetiturum,</strong></span> <span class='ocrx_word' id='word_1_119' title='bbox 1169 1864 1524 1914; x_wconf 73' lang='lat' dir='ltr'><strong>comminatus</strong></span> <span class='ocrx_word' id='word_1_120' title='bbox 1573 1873 1675 1916; x_wconf 91' lang='lat' dir='ltr'><strong>est.</strong></span> <span class='ocrx_word' id='word_1_121' title='bbox 1731 1863 1796 1914; x_wconf 87' lang='lat' dir='ltr'><strong>Et</strong></span> 
     </span>
    </p>
   </div>
   <div class='ocr_carea' id='block_1_20' title="bbox 265 1948 1795 2014">
    <p class='ocr_par' dir='ltr' id='par_1_20' title="bbox 265 1948 1795 2014">
     <span class='ocr_line' id='line_1_20' title="bbox 265 1948 1795 2014; baseline 0.005 -17"><span class='ocrx_word' id='word_1_122' title='bbox 265 1962 384 1997; x_wconf 82' lang='lat' dir='ltr'><strong>cum</strong></span> <span class='ocrx_word' id='word_1_123' title='bbox 420 1948 562 1999; x_wconf 89' lang='lat' dir='ltr'><strong>dicto</strong></span> <span class='ocrx_word' id='word_1_124' title='bbox 589 1964 616 1999; x_wconf 89' lang='lat' dir='ltr'><strong>a</strong></span> <span class='ocrx_word' id='word_1_125' title='bbox 647 1948 984 2000; x_wconf 59' lang='lat' dir='ltr'><strong>dii-monibus</strong></span> <span class='ocrx_word' id='word_1_126' title='bbox 1019 1951 1069 2000; x_wconf 93' lang='lat' dir='ltr'><strong>in</strong></span> <span class='ocrx_word' id='word_1_127' title='bbox 1099 1954 1262 2003; x_wconf 73' lang='lat' dir='ltr'><strong>caelos</strong></span> <span class='ocrx_word' id='word_1_128' title='bbox 1329 1952 1624 2014; x_wconf 73' lang='lat' dir='ltr'><strong>ferebatur,</strong></span> <span class='ocrx_word' id='word_1_129' title='bbox 1674 1967 1795 2005; x_wconf 92' lang='lat' dir='ltr'><strong>cum</strong></span> 
     </span>
    </p>
   </div>
   <div class='ocr_carea' id='block_1_21' title="bbox 265 2035 1796 2108">
    <p class='ocr_par' dir='ltr' id='par_1_21' title="bbox 265 2035 1796 2108">
     <span class='ocr_line' id='line_1_21' title="bbox 265 2035 1796 2108; baseline 0.007 -22"><span class='ocrx_word' id='word_1_130' title='bbox 265 2035 454 2088; x_wconf 85' lang='lat' dir='ltr'><strong>Petrus</strong></span> <span class='ocrx_word' id='word_1_131' title='bbox 481 2037 684 2089; x_wconf 91' lang='lat' dir='ltr'><strong>orando</strong></span> <span class='ocrx_word' id='word_1_132' title='bbox 734 2039 842 2090; x_wconf 87' lang='lat' dir='ltr'><strong>Deo</strong></span> <span class='ocrx_word' id='word_1_133' title='bbox 890 2040 1152 2101; x_wconf 89' lang='lat' dir='ltr'><strong>intentus,</strong></span> <span class='ocrx_word' id='word_1_134' title='bbox 1207 2041 1507 2107; x_wconf 88' lang='lat' dir='ltr'><strong>spiritibus,</strong></span> <span class='ocrx_word' id='word_1_135' title='bbox 1542 2044 1796 2108; x_wconf 91' lang='lat' dir='ltr'><strong>aquibus</strong></span> 
     </span>
    </p>
   </div>
   <div class='ocr_carea' id='block_1_22' title="bbox 265 2125 1795 2200">
    <p class='ocr_par' dir='ltr' id='par_1_22' title="bbox 265 2125 1795 2200">
     <span class='ocr_line' id='line_1_22' title="bbox 265 2125 1795 2200; baseline 0.007 -24"><span class='ocrx_word' id='word_1_136' title='bbox 265 2125 354 2177; x_wconf 89' lang='lat' dir='ltr'><strong>ille</strong></span> <span class='ocrx_word' id='word_1_137' title='bbox 397 2127 725 2192; x_wconf 88' lang='lat' dir='ltr'><strong>rapiebatur,</strong></span> <span class='ocrx_word' id='word_1_138' title='bbox 772 2129 1092 2196; x_wconf 85' lang='lat' dir='ltr'><strong>increpatis,</strong></span> <span class='ocrx_word' id='word_1_139' title='bbox 1131 2131 1312 2184; x_wconf 82' lang='lat' dir='ltr'><strong>effecit</strong></span> <span class='ocrx_word' id='word_1_140' title='bbox 1346 2141 1401 2182; x_wconf 90' lang='lat' dir='ltr'><strong>ut</strong></span> <span class='ocrx_word' id='word_1_141' title='bbox 1438 2132 1488 2182; x_wconf 95' lang='lat' dir='ltr'><strong>in</strong></span> <span class='ocrx_word' id='word_1_142' title='bbox 1539 2145 1696 2200; x_wconf 84' lang='lat' dir='ltr'><strong>caput</strong></span> <span class='ocrx_word' id='word_1_143' title='bbox 1732 2150 1795 2186; x_wconf 79' lang='lat' dir='ltr'><strong>ex</strong></span> 
     </span>
    </p>
   </div>
   <div class='ocr_carea' id='block_1_23' title="bbox 262 2214 1799 2290">
    <p class='ocr_par' dir='ltr' id='par_1_23' title="bbox 262 2214 1799 2290">
     <span class='ocr_line' id='line_1_23' title="bbox 262 2214 1799 2290; baseline 0.008 -27"><span class='ocrx_word' id='word_1_144' title='bbox 262 2214 370 2265; x_wconf 84' lang='lat' dir='ltr'><strong>alto</strong></span> <span class='ocrx_word' id='word_1_145' title='bbox 422 2214 602 2282; x_wconf 83' lang='lat' dir='ltr'><strong>Magus</strong></span> <span class='ocrx_word' id='word_1_146' title='bbox 661 2218 965 2281; x_wconf 85' lang='lat' dir='ltr'><strong>corruerit,</strong></span> <span class='ocrx_word' id='word_1_147' title='bbox 1020 2220 1350 2287; x_wconf 85' lang='lat' dir='ltr'><strong>pedibusque</strong></span> <span class='ocrx_word' id='word_1_148' title='bbox 1413 2222 1464 2272; x_wconf 93' lang='lat' dir='ltr'><strong>in</strong></span> <span class='ocrx_word' id='word_1_149' title='bbox 1492 2237 1613 2274; x_wconf 86' lang='lat' dir='ltr'><strong>aera</strong></span> <span class='ocrx_word' id='word_1_150' title='bbox 1675 2238 1799 2290; x_wconf 92' lang='lat' dir='ltr'><strong>pro-</strong></span> 
     </span>
    </p>
   </div>
   <div class='ocr_carea' id='block_1_24' title="bbox 265 2305 1798 2372">
    <p class='ocr_par' dir='ltr' id='par_1_24' title="bbox 265 2305 1798 2372">
     <span class='ocr_line' id='line_1_24' title="bbox 265 2305 1798 2372; baseline 0.009 -18"><span class='ocrx_word' id='word_1_151' title='bbox 265 2305 454 2364; x_wconf 87' lang='lat' dir='ltr'><strong>tensis,</strong></span> <span class='ocrx_word' id='word_1_152' title='bbox 511 2308 758 2358; x_wconf 89' lang='lat' dir='ltr'><strong>miseram</strong></span> <span class='ocrx_word' id='word_1_153' title='bbox 793 2308 1023 2360; x_wconf 89' lang='lat' dir='ltr'><strong>animam</strong></span> <span class='ocrx_word' id='word_1_154' title='bbox 1052 2311 1327 2372; x_wconf 75' lang='lat' dir='ltr'><strong>exhalans,</strong></span> <span class='ocrx_word' id='word_1_155' title='bbox 1354 2313 1524 2365; x_wconf 85' lang='lat' dir='ltr'><strong>effuso</strong></span> <span class='ocrx_word' id='word_1_156' title='bbox 1551 2314 1688 2366; x_wconf 85' lang='lat' dir='ltr'><strong>viam</strong></span> <span class='ocrx_word' id='word_1_157' title='bbox 1712 2330 1798 2368; x_wconf 43' lang='lat' dir='ltr'><strong>cce</strong></span> 
     </span>
    </p>
   </div>
   <div class='ocr_carea' id='block_1_25' title="bbox 264 2394 796 2461">
    <p class='ocr_par' dir='ltr' id='par_1_25' title="bbox 264 2394 796 2461">
     <span class='ocr_line' id='line_1_25' title="bbox 264 2394 796 2461; baseline 0.006 -17"><span class='ocrx_word' id='word_1_158' title='bbox 264 2394 424 2445; x_wconf 88' lang='lat' dir='ltr'><strong>rehro</strong></span> <span class='ocrx_word' id='word_1_159' title='bbox 457 2395 796 2461; x_wconf 80' lang='lat' dir='ltr'><strong>disperserit.</strong></span> 
     </span>
    </p>
   </div>
   <div class='ocr_carea' id='block_1_26' title="bbox 402 2502 1662 2567">
    <p class='ocr_par' dir='ltr' id='par_1_26' title="bbox 402 2502 1662 2567">
     <span class='ocr_line' id='line_1_26' title="bbox 402 2502 1662 2567; baseline 0.006 -12"><span class='ocrx_word' id='word_1_160' title='bbox 402 2502 697 2567; x_wconf 78' lang='lat' dir='ltr'><strong>Menandri,</strong></span> <span class='ocrx_word' id='word_1_161' title='bbox 726 2503 1020 2566; x_wconf 81' lang='lat' dir='ltr'><strong>Saturnini.</strong></span> <span class='ocrx_word' id='word_1_162' title='bbox 1054 2516 1103 2560; x_wconf 81' lang='lat' dir='ltr'><strong>et</strong></span> <span class='ocrx_word' id='word_1_163' title='bbox 1136 2507 1377 2563; x_wconf 78' lang='lat' dir='ltr'><strong>Basilidis</strong></span> <span class='ocrx_word' id='word_1_164' title='bbox 1401 2512 1662 2564; x_wconf 66' lang='lat' dir='ltr'><strong>hazreseon</strong></span> 
     </span>
    </p>
   </div>
   <div class='ocr_carea' id='block_1_27' title="bbox 879 2576 1667 2641">
    <p class='ocr_par' dir='ltr' id='par_1_27' title="bbox 879 2576 1667 2641">
     <span class='ocr_line' id='line_1_27' title="bbox 879 2576 1667 2641; baseline 0.013 -16"><span class='ocrx_word' id='word_1_165' title='bbox 879 2576 1187 2641; x_wconf 77' lang='lat' dir='ltr'><strong>confatalia.</strong></span> <span class='ocrx_word' id='word_1_166' title='bbox 1664 2587 1667 2590; x_wconf 84' lang='grc'><strong>’</strong></span> 
     </span>
    </p>
   </div>
   <div class='ocr_carea' id='block_1_28' title="bbox 329 2662 1799 2730">
    <p class='ocr_par' dir='ltr' id='par_1_28' title="bbox 329 2662 1799 2730">
     <span class='ocr_line' id='line_1_28' title="bbox 329 2662 1799 2730; baseline 0.007 -15"><span class='ocrx_word' id='word_1_167' title='bbox 329 2662 440 2715; x_wconf 83' lang='lat' dir='ltr'><strong>Jam</strong></span> <span class='ocrx_word' id='word_1_168' title='bbox 479 2663 520 2714; x_wconf 93' lang='lat' dir='ltr'><strong>si</strong></span> <span class='ocrx_word' id='word_1_169' title='bbox 565 2663 769 2730; x_wconf 90' lang='lat' dir='ltr'><strong>primus</strong></span> <span class='ocrx_word' id='word_1_170' title='bbox 813 2665 1166 2719; x_wconf 86' lang='lat' dir='ltr'><strong>absurdorum</strong></span> <span class='ocrx_word' id='word_1_171' title='bbox 1217 2678 1402 2730; x_wconf 81' lang='lat' dir='ltr'><strong>auctor</strong></span> <span class='ocrx_word' id='word_1_172' title='bbox 1433 2671 1573 2723; x_wconf 92' lang='lat' dir='ltr'><strong>hunc</strong></span> <span class='ocrx_word' id='word_1_173' title='bbox 1596 2673 1714 2726; x_wconf 70' lang='lat' dir='ltr'><strong>vitae</strong></span> <span class='ocrx_word' id='word_1_174' title='bbox 1740 2673 1799 2725; x_wconf 80' lang='lat' dir='ltr'><strong>fi-</strong></span> 
     </span>
    </p>
   </div>
   <div class='ocr_carea' id='block_1_29' title="bbox 262 2756 1800 2823">
    <p class='ocr_par' dir='ltr' id='par_1_29' title="bbox 262 2756 1800 2823">
     <span class='ocr_line' id='line_1_29' title="bbox 262 2756 1800 2823; baseline 0.007 -19"><span class='ocrx_word' id='word_1_175' title='bbox 262 2769 381 2804; x_wconf 85' lang='lat' dir='ltr'><strong>nem</strong></span> <span class='ocrx_word' id='word_1_176' title='bbox 418 2756 639 2806; x_wconf 86' lang='lat' dir='ltr'><strong>sortitus</strong></span> <span class='ocrx_word' id='word_1_177' title='bbox 689 2763 789 2815; x_wconf 85' lang='lat' dir='ltr'><strong>est,</strong></span> <span class='ocrx_word' id='word_1_178' title='bbox 842 2757 977 2806; x_wconf 91' lang='lat' dir='ltr'><strong>haud</strong></span> <span class='ocrx_word' id='word_1_179' title='bbox 1039 2756 1199 2809; x_wconf 90' lang='lat' dir='ltr'><strong>dubie</strong></span> <span class='ocrx_word' id='word_1_180' title='bbox 1250 2759 1555 2823; x_wconf 81' lang='lat' dir='ltr'><strong>Menander,</strong></span> <span class='ocrx_word' id='word_1_181' title='bbox 1617 2763 1800 2814; x_wconf 89' lang='lat' dir='ltr'><strong>Satur-</strong></span> 
     </span>
    </p>
   </div>
   <div class='ocr_carea' id='block_1_30' title="bbox 260 2829 1800 2911">
    <p class='ocr_par' dir='ltr' id='par_1_30' title="bbox 260 2829 1800 2911">
     <span class='ocr_line' id='line_1_30' title="bbox 260 2829 1800 2911; baseline 0.007 -18"><span class='ocrx_word' id='word_1_182' title='bbox 260 2843 441 2901; x_wconf 85' lang='lat' dir='ltr'><strong>ninus.</strong></span> <span class='ocrx_word' id='word_1_183' title='bbox 473 2851 526 2893; x_wconf 90' lang='lat' dir='ltr'><strong>et</strong></span> <span class='ocrx_word' id='word_1_184' title='bbox 555 2842 828 2904; x_wconf 74' lang='lat' dir='ltr'><strong>Basilides,</strong></span> <span class='ocrx_word' id='word_1_185' title='bbox 859 2845 1100 2911; x_wconf 90' lang='lat' dir='ltr'><strong>ejusdem</strong></span> <span class='ocrx_word' id='word_1_186' title='bbox 1139 2848 1286 2898; x_wconf 83' lang='lat' dir='ltr'><strong>exitii</strong></span> <span class='ocrx_word' id='word_1_187' title='bbox 1349 2829 1657 2903; x_wconf 68' lang='lat' dir='ltr'><strong>cohaeredes</strong></span> <span class='ocrx_word' id='word_1_188' title='bbox 1705 2853 1800 2904; x_wconf 77' lang='lat' dir='ltr'><strong>ali-</strong></span> 
     </span>
    </p>
   </div>
   <div class='ocr_carea' id='block_1_31' title="bbox 259 2933 1800 3003">
    <p class='ocr_par' dir='ltr' id='par_1_31' title="bbox 259 2933 1800 3003">
     <span class='ocr_line' id='line_1_31' title="bbox 259 2933 1800 3003; baseline 0.008 -22"><span class='ocrx_word' id='word_1_189' title='bbox 259 2933 490 2998; x_wconf 83' lang='lat' dir='ltr'><strong>quando,</strong></span> <span class='ocrx_word' id='word_1_190' title='bbox 527 2942 579 2983; x_wconf 91' lang='lat' dir='ltr'><strong>et</strong></span> <span class='ocrx_word' id='word_1_191' title='bbox 625 2943 901 2986; x_wconf 88' lang='lat' dir='ltr'><strong>consortes</strong></span> <span class='ocrx_word' id='word_1_192' title='bbox 951 2943 1131 2997; x_wconf 89' lang='lat' dir='ltr'><strong>erunt,</strong></span> <span class='ocrx_word' id='word_1_193' title='bbox 1182 2937 1272 3003; x_wconf 92' lang='lat' dir='ltr'><strong>qui</strong></span> <span class='ocrx_word' id='word_1_194' title='bbox 1325 2953 1430 2990; x_wconf 90' lang='lat' dir='ltr'><strong>non</strong></span> <span class='ocrx_word' id='word_1_195' title='bbox 1475 2941 1632 2993; x_wconf 87' lang='lat' dir='ltr'><strong>modo</strong></span> <span class='ocrx_word' id='word_1_196' title='bbox 1706 2942 1800 2994; x_wconf 88' lang='lat' dir='ltr'><strong>do-</strong></span> 
     </span>
    </p>
   </div>
   <div class='ocr_carea' id='block_1_32' title="bbox 264 3023 1798 3092">
    <p class='ocr_par' dir='ltr' id='par_1_32' title="bbox 264 3023 1798 3092">
     <span class='ocr_line' id='line_1_32' title="bbox 264 3023 1798 3092; baseline 0.009 -20"><span class='ocrx_word' id='word_1_197' title='bbox 264 3033 503 3090; x_wconf 86' lang='lat' dir='ltr'><strong>gmalum</strong></span> <span class='ocrx_word' id='word_1_198' title='bbox 545 3023 776 3075; x_wconf 85' lang='lat' dir='ltr'><strong>Simonis</strong></span> <span class='ocrx_word' id='word_1_199' title='bbox 811 3032 1100 3078; x_wconf 85' lang='lat' dir='ltr'><strong>sectatores</strong></span> <span class='ocrx_word' id='word_1_200' title='bbox 1130 3029 1467 3092; x_wconf 80' lang='lat' dir='ltr'><strong>exstiterunt,</strong></span> <span class='ocrx_word' id='word_1_201' title='bbox 1489 3046 1672 3084; x_wconf 76' lang='lat' dir='ltr'><strong>verum</strong></span> <span class='ocrx_word' id='word_1_202' title='bbox 1695 3034 1798 3086; x_wconf 89' lang='lat' dir='ltr'><strong>illis</strong></span> 
     </span>
    </p>
   </div>
   <div class='ocr_carea' id='block_1_33' title="bbox 261 3111 1862 3185">
    <p class='ocr_par' dir='ltr' id='par_1_33' title="bbox 261 3111 1862 3185">
     <span class='ocr_line' id='line_1_33' title="bbox 261 3111 1862 3185; baseline 0.007 -23"><span class='ocrx_word' id='word_1_203' title='bbox 261 3111 576 3163; x_wconf 83' lang='lat' dir='ltr'><strong>absurdiora</strong></span> <span class='ocrx_word' id='word_1_204' title='bbox 615 3127 827 3178; x_wconf 90' lang='lat' dir='ltr'><strong>quoque</strong></span> <span class='ocrx_word' id='word_1_205' title='bbox 857 3115 1024 3164; x_wconf 90' lang='lat' dir='ltr'><strong>multo</strong></span> <span class='ocrx_word' id='word_1_206' title='bbox 1061 3124 1425 3180; x_wconf 80' lang='lat' dir='ltr'><strong>attexuerunt,</strong></span> <span class='ocrx_word' id='word_1_207' title='bbox 1460 3120 1638 3185; x_wconf 89' lang='lat' dir='ltr'><strong>qualia</strong></span> <span class='ocrx_word' id='word_1_208' title='bbox 1668 3130 1794 3172; x_wconf 92' lang='lat' dir='ltr'><strong>sunt</strong></span> <span class='ocrx_word' id='word_1_209' title='bbox 1822 3123 1862 3179; x_wconf 87' lang='lat' dir='ltr'><strong>C</strong></span> 
     </span>
    </p>
   </div>
   <div class='ocr_carea' id='block_1_34' title="bbox 261 3202 1792 3271">
    <p class='ocr_par' dir='ltr' id='par_1_34' title="bbox 261 3202 1792 3271">
     <span class='ocr_line' id='line_1_34' title="bbox 261 3202 1792 3271; baseline 0.005 -18"><span class='ocrx_word' id='word_1_210' title='bbox 261 3216 342 3260; x_wconf 86' lang='lat' dir='ltr'><strong>ea,</strong></span> <span class='ocrx_word' id='word_1_211' title='bbox 377 3202 572 3267; x_wconf 89' lang='lat' dir='ltr'><strong>quibus</strong></span> <span class='ocrx_word' id='word_1_212' title='bbox 616 3202 788 3252; x_wconf 83' lang='lat' dir='ltr'><strong>varios</strong></span> <span class='ocrx_word' id='word_1_213' title='bbox 829 3203 1139 3269; x_wconf 83' lang='lat' dir='ltr'><strong>angelorum</strong></span> <span class='ocrx_word' id='word_1_214' title='bbox 1189 3216 1339 3257; x_wconf 89' lang='lat' dir='ltr'><strong>ortus</strong></span> <span class='ocrx_word' id='word_1_215' title='bbox 1381 3215 1695 3271; x_wconf 88' lang='lat' dir='ltr'><strong>commenti,</strong></span> <span class='ocrx_word' id='word_1_216' title='bbox 1726 3225 1792 3261; x_wconf 77' lang='lat' dir='ltr'><strong>eo</strong></span> 
     </span>
    </p>
   </div>
   <div class='ocr_carea' id='block_1_35' title="bbox 259 3292 1792 3358">
    <p class='ocr_par' dir='ltr' id='par_1_35' title="bbox 259 3292 1792 3358">
     <span class='ocr_line' id='line_1_35' title="bbox 259 3292 1792 3358; baseline 0.006 -15"><span class='ocrx_word' id='word_1_217' title='bbox 259 3292 425 3344; x_wconf 68' lang='lat' dir='ltr'><strong>caelos</strong></span> <span class='ocrx_word' id='word_1_218' title='bbox 471 3307 695 3343; x_wconf 86' lang='lat' dir='ltr'><strong>numero</strong></span> <span class='ocrx_word' id='word_1_219' title='bbox 755 3298 1246 3358; x_wconf 68' lang='lat' dir='ltr'><strong>corrotunitarunt,</strong></span> <span class='ocrx_word' id='word_1_220' title='bbox 1301 3305 1358 3347; x_wconf 88' lang='lat' dir='ltr'><strong>ut</strong></span> <span class='ocrx_word' id='word_1_221' title='bbox 1403 3298 1621 3350; x_wconf 89' lang='lat' dir='ltr'><strong>totidem</strong></span> <span class='ocrx_word' id='word_1_222' title='bbox 1675 3315 1792 3352; x_wconf 89' lang='lat' dir='ltr'><strong>esse</strong></span> 
     </span>
    </p>
   </div>
   <div class='ocr_carea' id='block_1_36' title="bbox 260 3378 1788 3454">
    <p class='ocr_par' dir='ltr' id='par_1_36' title="bbox 260 3378 1788 3454">
     <span class='ocr_line' id='line_1_36' title="bbox 260 3378 1788 3454; baseline 0.004 -22"><span class='ocrx_word' id='word_1_223' title='bbox 260 3378 641 3438; x_wconf 80' lang='lat' dir='ltr'><strong>conﬂuxeriut.</strong></span> <span class='ocrx_word' id='word_1_224' title='bbox 672 3389 800 3445; x_wconf 90' lang='lat' dir='ltr'><strong>quot</strong></span> <span class='ocrx_word' id='word_1_225' title='bbox 840 3381 889 3432; x_wconf 92' lang='lat' dir='ltr'><strong>in</strong></span> <span class='ocrx_word' id='word_1_226' title='bbox 937 3382 1061 3433; x_wconf 90' lang='lat' dir='ltr'><strong>anni</strong></span> <span class='ocrx_word' id='word_1_227' title='bbox 1115 3385 1386 3436; x_wconf 80' lang='lat' dir='ltr'><strong>curriculo</strong></span> <span class='ocrx_word' id='word_1_228' title='bbox 1431 3385 1548 3438; x_wconf 89' lang='lat' dir='ltr'><strong>dies</strong></span> <span class='ocrx_word' id='word_1_229' title='bbox 1595 3387 1788 3454; x_wconf 86' lang='lat' dir='ltr'><strong>depre-</strong></span> 
     </span>
    </p>
   </div>
   <div class='ocr_carea' id='block_1_37' title="bbox 259 3467 1790 3537">
    <p class='ocr_par' dir='ltr' id='par_1_37' title="bbox 259 3467 1790 3537">
     <span class='ocr_line' id='line_1_37' title="bbox 259 3467 1790 3537; baseline 0.005 -18"><span class='ocrx_word' id='word_1_230' title='bbox 259 3467 588 3519; x_wconf 84' lang='lat' dir='ltr'><strong>henduntur.</strong></span> <span class='ocrx_word' id='word_1_231' title='bbox 642 3467 790 3530; x_wconf 87' lang='lat' dir='ltr'><strong>Quod</strong></span> <span class='ocrx_word' id='word_1_232' title='bbox 845 3468 887 3520; x_wconf 88' lang='lat' dir='ltr'><strong>si</strong></span> <span class='ocrx_word' id='word_1_233' title='bbox 940 3468 1264 3536; x_wconf 76' lang='lat' dir='ltr'><strong>Cyrenensis</strong></span> <span class='ocrx_word' id='word_1_234' title='bbox 1313 3471 1398 3524; x_wconf 92' lang='lat' dir='ltr'><strong>ille</strong></span> <span class='ocrx_word' id='word_1_235' title='bbox 1448 3473 1672 3537; x_wconf 91' lang='lat' dir='ltr'><strong>Simon,</strong></span> <span class='ocrx_word' id='word_1_236' title='bbox 1732 3484 1790 3528; x_wconf 91' lang='lat' dir='ltr'><strong>ut</strong></span> 
     </span>
    </p>
   </div>
   <div class='ocr_carea' id='block_1_38' title="bbox 259 3553 1789 3628">
    <p class='ocr_par' dir='ltr' id='par_1_38' title="bbox 259 3553 1789 3628">
     <span class='ocr_line' id='line_1_38' title="bbox 259 3553 1789 3628; baseline 0.007 -24"><span class='ocrx_word' id='word_1_237' title='bbox 259 3553 335 3606; x_wconf 90' lang='lat' dir='ltr'><strong>illi</strong></span> <span class='ocrx_word' id='word_1_238' title='bbox 369 3555 550 3605; x_wconf 91' lang='lat' dir='ltr'><strong>volunt</strong></span> <span class='ocrx_word' id='word_1_239' title='bbox 574 3593 586 3612; x_wconf 92' lang='lat'><strong>.</strong></span> <span class='ocrx_word' id='word_1_240' title='bbox 623 3570 809 3621; x_wconf 89' lang='lat' dir='ltr'><strong>passus</strong></span> <span class='ocrx_word' id='word_1_241' title='bbox 833 3566 935 3620; x_wconf 88' lang='lat' dir='ltr'><strong>est,</strong></span> <span class='ocrx_word' id='word_1_242' title='bbox 959 3558 1078 3623; x_wconf 89' lang='lat' dir='ltr'><strong>quis</strong></span> <span class='ocrx_word' id='word_1_243' title='bbox 1126 3560 1262 3611; x_wconf 90' lang='lat' dir='ltr'><strong>alter</strong></span> <span class='ocrx_word' id='word_1_244' title='bbox 1288 3561 1396 3621; x_wconf 90' lang='lat' dir='ltr'><strong>ille,</strong></span> <span class='ocrx_word' id='word_1_245' title='bbox 1450 3577 1650 3628; x_wconf 71' lang='lat' dir='ltr'><strong>quaaso,</strong></span> <span class='ocrx_word' id='word_1_246' title='bbox 1688 3562 1789 3615; x_wconf 88' lang='lat' dir='ltr'><strong>fuit</strong></span> 
     </span>
    </p>
   </div>
   <div class='ocr_carea' id='block_1_39' title="bbox 258 3644 1790 3716">
    <p class='ocr_par' dir='ltr' id='par_1_39' title="bbox 258 3644 1790 3716">
     <span class='ocr_line' id='line_1_39' title="bbox 258 3644 1790 3716; baseline 0.008 -23"><span class='ocrx_word' id='word_1_247' title='bbox 258 3644 350 3710; x_wconf 90' lang='lat' dir='ltr'><strong>qui</strong></span> <span class='ocrx_word' id='word_1_248' title='bbox 392 3646 622 3696; x_wconf 83' lang='lat' dir='ltr'><strong>surrexit</strong></span> <span class='ocrx_word' id='word_1_249' title='bbox 653 3659 680 3694; x_wconf 92' lang='lat' dir='ltr'><strong>a</strong></span> <span class='ocrx_word' id='word_1_250' title='bbox 717 3647 965 3706; x_wconf 90' lang='lat' dir='ltr'><strong>mortuis,</strong></span> <span class='ocrx_word' id='word_1_251' title='bbox 1000 3648 1245 3710; x_wconf 89' lang='lat' dir='ltr'><strong>vulnera,</strong></span> <span class='ocrx_word' id='word_1_252' title='bbox 1286 3665 1404 3716; x_wconf 74' lang='lat' dir='ltr'><strong>quae</strong></span> <span class='ocrx_word' id='word_1_253' title='bbox 1435 3650 1485 3702; x_wconf 92' lang='lat' dir='ltr'><strong>in</strong></span> <span class='ocrx_word' id='word_1_254' title='bbox 1513 3666 1672 3704; x_wconf 88' lang='lat' dir='ltr'><strong>cruce</strong></span> <span class='ocrx_word' id='word_1_255' title='bbox 1702 3667 1790 3706; x_wconf 90' lang='lat' dir='ltr'><strong>ac-</strong></span> 
     </span>
    </p>
   </div>
   <div class='ocr_carea' id='block_1_40' title="bbox 256 3733 1787 3808">
    <p class='ocr_par' dir='ltr' id='par_1_40' title="bbox 256 3733 1787 3808">
     <span class='ocr_line' id='line_1_40' title="bbox 256 3733 1787 3808; baseline 0.006 -24"><span class='ocrx_word' id='word_1_256' title='bbox 256 3742 491 3798; x_wconf 86' lang='lat' dir='ltr'><strong>ceperat.</strong></span> <span class='ocrx_word' id='word_1_257' title='bbox 524 3733 758 3785; x_wconf 86' lang='lat' dir='ltr'><strong>ostendit</strong></span> <span class='ocrx_word' id='word_1_258' title='bbox 792 3736 1064 3800; x_wconf 86' lang='lat' dir='ltr'><strong>apostolis,</strong></span> <span class='ocrx_word' id='word_1_259' title='bbox 1110 3737 1340 3805; x_wconf 90' lang='lat' dir='ltr'><strong>denique</strong></span> <span class='ocrx_word' id='word_1_260' title='bbox 1390 3755 1509 3792; x_wconf 93' lang='lat' dir='ltr'><strong>cum</strong></span> <span class='ocrx_word' id='word_1_261' title='bbox 1560 3755 1787 3808; x_wconf 89' lang='lat' dir='ltr'><strong>corpore</strong></span> 
     </span>
    </p>
   </div>
   <div class='ocr_carea' id='block_1_41' title="bbox 263 3820 1788 3893">
    <p class='ocr_par' dir='ltr' id='par_1_41' title="bbox 263 3820 1788 3893">
     <span class='ocr_line' id='line_1_41' title="bbox 263 3820 1788 3893; baseline 0.008 -23"><span class='ocrx_word' id='word_1_262' title='bbox 263 3820 314 3871; x_wconf 92' lang='lat' dir='ltr'><strong>in</strong></span> <span class='ocrx_word' id='word_1_263' title='bbox 363 3821 528 3871; x_wconf 60' lang='lat' dir='ltr'><strong>celos</strong></span> <span class='ocrx_word' id='word_1_264' title='bbox 570 3822 848 3886; x_wconf 36' lang='lat' dir='ltr'><strong>asceniliti?</strong></span> <span class='ocrx_word' id='word_1_265' title='bbox 884 3822 1047 3875; x_wconf 88' lang='lat' dir='ltr'><strong>Porro</strong></span> <span class='ocrx_word' id='word_1_266' title='bbox 1099 3825 1149 3876; x_wconf 91' lang='lat' dir='ltr'><strong>in</strong></span> <span class='ocrx_word' id='word_1_267' title='bbox 1187 3826 1352 3878; x_wconf 90' lang='lat' dir='ltr'><strong>Deum</strong></span> <span class='ocrx_word' id='word_1_268' title='bbox 1404 3828 1576 3893; x_wconf 86' lang='lat' dir='ltr'><strong>ipsum</strong></span> <span class='ocrx_word' id='word_1_269' title='bbox 1619 3832 1788 3882; x_wconf 91' lang='lat' dir='ltr'><strong>mani-</strong></span> 
     </span>
    </p>
   </div>
   <div class='ocr_carea' id='block_1_42' title="bbox 259 3907 1782 3985">
    <p class='ocr_par' dir='ltr' id='par_1_42' title="bbox 259 3907 1782 3985">
     <span class='ocr_line' id='line_1_42' title="bbox 259 3907 1782 3985; baseline 0.009 -27"><span class='ocrx_word' id='word_1_270' title='bbox 259 3907 395 3960; x_wconf 70' lang='lat' dir='ltr'><strong>fest:</strong></span> <span class='ocrx_word' id='word_1_271' title='bbox 445 3909 788 3962; x_wconf 88' lang='lat' dir='ltr'><strong>refractarius</strong></span> <span class='ocrx_word' id='word_1_272' title='bbox 838 3923 956 3970; x_wconf 89' lang='lat' dir='ltr'><strong>est,</strong></span> <span class='ocrx_word' id='word_1_273' title='bbox 1021 3927 1142 3963; x_wconf 89' lang='lat' dir='ltr'><strong>cum</strong></span> <span class='ocrx_word' id='word_1_274' title='bbox 1179 3913 1462 3966; x_wconf 80' lang='lat' dir='ltr'><strong>Mosaicam</strong></span> <span class='ocrx_word' id='word_1_275' title='bbox 1497 3916 1667 3985; x_wconf 82' lang='lat' dir='ltr'><strong>legem</strong></span> <span class='ocrx_word' id='word_1_276' title='bbox 1714 3919 1782 3971; x_wconf 90' lang='lat' dir='ltr'><strong>ab</strong></span> 
     </span>
    </p>
   </div>
   <div class='ocr_carea' id='block_1_43' title="bbox 261 3997 1788 4072">
    <p class='ocr_par' dir='ltr' id='par_1_43' title="bbox 261 3997 1788 4072">
     <span class='ocr_line' id='line_1_43' title="bbox 261 3997 1788 4072; baseline 0.008 -24"><span class='ocrx_word' id='word_1_277' title='bbox 261 3997 462 4062; x_wconf 84' lang='lat' dir='ltr'><strong>angelis</strong></span> <span class='ocrx_word' id='word_1_278' title='bbox 493 3999 666 4049; x_wconf 81' lang='lat' dir='ltr'><strong>datam</strong></span> <span class='ocrx_word' id='word_1_279' title='bbox 695 4013 812 4051; x_wconf 87' lang='lat' dir='ltr'><strong>esse</strong></span> <span class='ocrx_word' id='word_1_280' title='bbox 862 4001 1076 4053; x_wconf 87' lang='lat' dir='ltr'><strong>asserit.</strong></span> <span class='ocrx_word' id='word_1_281' title='bbox 1133 4001 1241 4054; x_wconf 90' lang='lat' dir='ltr'><strong>Nec</strong></span> <span class='ocrx_word' id='word_1_282' title='bbox 1296 4003 1437 4055; x_wconf 90' lang='lat' dir='ltr'><strong>enim</strong></span> <span class='ocrx_word' id='word_1_283' title='bbox 1473 4005 1642 4072; x_wconf 78' lang='lat' dir='ltr'><strong>angeli</strong></span> <span class='ocrx_word' id='word_1_284' title='bbox 1695 4007 1788 4060; x_wconf 92' lang='lat' dir='ltr'><strong>de-</strong></span> 
     </span>
    </p>
   </div>
   <div class='ocr_carea' id='block_1_44' title="bbox 260 4089 1790 4158">
    <p class='ocr_par' dir='ltr' id='par_1_44' title="bbox 260 4089 1790 4158">
     <span class='ocr_line' id='line_1_44' title="bbox 260 4089 1790 4158; baseline 0.007 -18"><span class='ocrx_word' id='word_1_285' title='bbox 260 4089 476 4149; x_wconf 91' lang='lat' dir='ltr'><strong>derunt,</strong></span> <span class='ocrx_word' id='word_1_286' title='bbox 512 4091 603 4140; x_wconf 87' lang='lat' dir='ltr'><strong>sed</strong></span> <span class='ocrx_word' id='word_1_287' title='bbox 642 4090 685 4141; x_wconf 92' lang='lat' dir='ltr'><strong>is</strong></span> <span class='ocrx_word' id='word_1_288' title='bbox 717 4090 932 4141; x_wconf 90' lang='lat' dir='ltr'><strong>demum</strong></span> <span class='ocrx_word' id='word_1_289' title='bbox 996 4091 1086 4157; x_wconf 91' lang='lat' dir='ltr'><strong>qui</strong></span> <span class='ocrx_word' id='word_1_290' title='bbox 1128 4091 1256 4143; x_wconf 83' lang='lat' dir='ltr'><strong>Mosi</strong></span> <span class='ocrx_word' id='word_1_291' title='bbox 1305 4093 1520 4147; x_wconf 88' lang='lat' dir='ltr'><strong>locutus</strong></span> <span class='ocrx_word' id='word_1_292' title='bbox 1573 4106 1676 4158; x_wconf 85' lang='lat' dir='ltr'><strong>est,</strong></span> <span class='ocrx_word' id='word_1_293' title='bbox 1733 4103 1790 4150; x_wconf 88' lang='lat' dir='ltr'><strong>et</strong></span> 
     </span>
    </p>
   </div>
   <div class='ocr_carea' id='block_1_45' title="bbox 257 4177 1786 4244">
    <p class='ocr_par' dir='ltr' id='par_1_45' title="bbox 257 4177 1786 4244">
     <span class='ocr_line' id='line_1_45' title="bbox 257 4177 1786 4244; baseline 0.008 -18"><span class='ocrx_word' id='word_1_294' title='bbox 257 4178 513 4242; x_wconf 89' lang='lat' dir='ltr'><strong>seipsum,</strong></span> <span class='ocrx_word' id='word_1_295' title='bbox 556 4177 690 4228; x_wconf 88' lang='lat' dir='ltr'><strong>Eum</strong></span> <span class='ocrx_word' id='word_1_296' title='bbox 756 4179 844 4244; x_wconf 92' lang='lat' dir='ltr'><strong>qui</strong></span> <span class='ocrx_word' id='word_1_297' title='bbox 891 4186 992 4239; x_wconf 87' lang='lat' dir='ltr'><strong>est,</strong></span> <span class='ocrx_word' id='word_1_298' title='bbox 1037 4181 1352 4233; x_wconf 77' lang='lat' dir='ltr'><strong>nominavit.</strong></span> <span class='ocrx_word' id='word_1_299' title='bbox 1403 4182 1481 4234; x_wconf 94' lang='lat' dir='ltr'><strong>llli</strong></span> <span class='ocrx_word' id='word_1_300' title='bbox 1528 4185 1671 4236; x_wconf 90' lang='lat' dir='ltr'><strong>enim</strong></span> <span class='ocrx_word' id='word_1_301' title='bbox 1721 4201 1786 4237; x_wconf 82' lang='lat' dir='ltr'><strong>ex</strong></span> 
     </span>
    </p>
   </div>
   <div class='ocr_carea' id='block_1_46' title="bbox 261 4265 1787 4339">
    <p class='ocr_par' dir='ltr' id='par_1_46' title="bbox 261 4265 1787 4339">
     <span class='ocr_line' id='line_1_46' title="bbox 261 4265 1787 4339; baseline 0.007 -23"><span class='ocrx_word' id='word_1_302' title='bbox 261 4265 430 4316; x_wconf 91' lang='lat' dir='ltr'><strong>nihilo</strong></span> <span class='ocrx_word' id='word_1_303' title='bbox 475 4265 722 4330; x_wconf 88' lang='lat' dir='ltr'><strong>producti</strong></span> <span class='ocrx_word' id='word_1_304' title='bbox 759 4275 903 4326; x_wconf 90' lang='lat' dir='ltr'><strong>sunt.</strong></span> <span class='ocrx_word' id='word_1_305' title='bbox 935 4274 992 4318; x_wconf 91' lang='lat' dir='ltr'><strong>ut</strong></span> <span class='ocrx_word' id='word_1_306' title='bbox 1032 4267 1096 4317; x_wconf 91' lang='lat' dir='ltr'><strong>ad</strong></span> <span class='ocrx_word' id='word_1_307' title='bbox 1131 4268 1222 4319; x_wconf 87' lang='lat' dir='ltr'><strong>Dei</strong></span> <span class='ocrx_word' id='word_1_308' title='bbox 1275 4269 1591 4337; x_wconf 85' lang='lat' dir='ltr'><strong>obsequium</strong></span> <span class='ocrx_word' id='word_1_309' title='bbox 1617 4275 1787 4339; x_wconf 87' lang='lat' dir='ltr'><strong>parati</strong></span> 
     </span>
    </p>
   </div>
   <div class='ocr_carea' id='block_1_47' title="bbox 1902 616 3428 681">
    <p class='ocr_par' dir='ltr' id='par_1_47' title="bbox 1902 616 3428 681">
     <span class='ocr_line' id='line_1_47' title="bbox 1902 616 3428 681; baseline -0.001 -14"><span class='ocrx_word' id='word_1_310' title='bbox 1902 629 2023 667; x_wconf 92' lang='lat' dir='ltr'><strong>cum</strong></span> <span class='ocrx_word' id='word_1_311' title='bbox 2055 617 2404 671; x_wconf 89' lang='lat' dir='ltr'><strong>christianam</strong></span> <span class='ocrx_word' id='word_1_312' title='bbox 2453 619 2609 671; x_wconf 86' lang='lat' dir='ltr'><strong>fidem</strong></span> <span class='ocrx_word' id='word_1_313' title='bbox 2655 620 2973 681; x_wconf 84' lang='lat' dir='ltr'><strong>imbibisset,</strong></span> <span class='ocrx_word' id='word_1_314' title='bbox 3003 616 3282 669; x_wconf 89' lang='lat' dir='ltr'><strong>viduarum</strong></span> <span class='ocrx_word' id='word_1_315' title='bbox 3331 631 3428 668; x_wconf 84' lang='lat' dir='ltr'><strong>cu—</strong></span> 
     </span>
    </p>
   </div>
   <div class='ocr_carea' id='block_1_48' title="bbox 1902 707 3434 773">
    <p class='ocr_par' dir='ltr' id='par_1_48' title="bbox 1902 707 3434 773">
     <span class='ocr_line' id='line_1_48' title="bbox 1902 707 3434 773; baseline 0.002 -18"><span class='ocrx_word' id='word_1_316' title='bbox 1902 720 2011 756; x_wconf 88' lang='lat' dir='ltr'><strong>ram</strong></span> <span class='ocrx_word' id='word_1_317' title='bbox 2068 707 2440 760; x_wconf 83' lang='lat' dir='ltr'><strong>demandatam</strong></span> <span class='ocrx_word' id='word_1_318' title='bbox 2496 724 2616 761; x_wconf 92' lang='lat' dir='ltr'><strong>cum</strong></span> <span class='ocrx_word' id='word_1_319' title='bbox 2657 723 2746 762; x_wconf 80' lang='lat' dir='ltr'><strong>sex</strong></span> <span class='ocrx_word' id='word_1_320' title='bbox 2800 709 2922 761; x_wconf 87' lang='lat' dir='ltr'><strong>aliis</strong></span> <span class='ocrx_word' id='word_1_321' title='bbox 2972 707 3244 773; x_wconf 81' lang='lat' dir='ltr'><strong>suscepit.</strong></span> <span class='ocrx_word' id='word_1_322' title='bbox 3297 720 3434 771; x_wconf 88' lang='lat' dir='ltr'><strong>quos</strong></span> 
     </span>
    </p>
   </div>
   <div class='ocr_carea' id='block_1_49' title="bbox 1903 792 3433 861">
    <p class='ocr_par' dir='ltr' id='par_1_49' title="bbox 1903 792 3433 861">
     <span class='ocr_line' id='line_1_49' title="bbox 1903 792 3433 861; baseline 0.001 -19"><span class='ocrx_word' id='word_1_323' title='bbox 1903 792 2044 844; x_wconf 91' lang='lat' dir='ltr'><strong>inter</strong></span> <span class='ocrx_word' id='word_1_324' title='bbox 2077 793 2356 859; x_wconf 84' lang='lat' dir='ltr'><strong>Philippus</strong></span> <span class='ocrx_word' id='word_1_325' title='bbox 2398 803 2452 846; x_wconf 90' lang='lat' dir='ltr'><strong>et</strong></span> <span class='ocrx_word' id='word_1_326' title='bbox 2495 794 2800 861; x_wconf 83' lang='lat' dir='ltr'><strong>Stephanus</strong></span> <span class='ocrx_word' id='word_1_327' title='bbox 2851 795 3051 860; x_wconf 90' lang='lat' dir='ltr'><strong>primas</strong></span> <span class='ocrx_word' id='word_1_328' title='bbox 3089 795 3243 847; x_wconf 79' lang='lat' dir='ltr'><strong>facile</strong></span> <span class='ocrx_word' id='word_1_329' title='bbox 3287 805 3433 844; x_wconf 85' lang='lat' dir='ltr'><strong>tene-</strong></span> 
     </span>
    </p>
   </div>
   <div class='ocr_carea' id='block_1_50' title="bbox 1901 880 3432 946">
    <p class='ocr_par' dir='ltr' id='par_1_50' title="bbox 1901 880 3432 946">
     <span class='ocr_line' id='line_1_50' title="bbox 1901 880 3432 946; baseline 0.001 -15"><span class='ocrx_word' id='word_1_330' title='bbox 1901 880 2056 937; x_wconf 83' lang='lat' dir='ltr'><strong>bant,</strong></span> <span class='ocrx_word' id='word_1_331' title='bbox 2109 896 2334 946; x_wconf 91' lang='lat' dir='ltr'><strong>quorum</strong></span> <span class='ocrx_word' id='word_1_332' title='bbox 2395 883 2480 934; x_wconf 90' lang='lat' dir='ltr'><strong>ille</strong></span> <span class='ocrx_word' id='word_1_333' title='bbox 2526 884 2820 936; x_wconf 81' lang='lat' dir='ltr'><strong>Samariam</strong></span> <span class='ocrx_word' id='word_1_334' title='bbox 2855 884 2918 935; x_wconf 92' lang='lat' dir='ltr'><strong>ad</strong></span> <span class='ocrx_word' id='word_1_335' title='bbox 2977 883 3131 935; x_wconf 84' lang='lat' dir='ltr'><strong>fidem</strong></span> <span class='ocrx_word' id='word_1_336' title='bbox 3190 881 3432 941; x_wconf 74' lang='lat' dir='ltr'><strong>adduxit.</strong></span> 
     </span>
    </p>
   </div>
   <div class='ocr_carea' id='block_1_51' title="bbox 1901 969 3428 1039">
    <p class='ocr_par' dir='ltr' id='par_1_51' title="bbox 1901 969 3428 1039">
     <span class='ocr_line' id='line_1_51' title="bbox 1901 969 3428 1039; baseline 0 -19"><span class='ocrx_word' id='word_1_337' title='bbox 1901 969 2261 1022; x_wconf 85' lang='lat' dir='ltr'><strong>e’tCandacen</strong></span> <span class='ocrx_word' id='word_1_338' title='bbox 2295 970 2598 1037; x_wconf 84' lang='lat' dir='ltr'><strong>baptizavit,</strong></span> <span class='ocrx_word' id='word_1_339' title='bbox 2652 974 2735 1025; x_wconf 94' lang='lat' dir='ltr'><strong>hic</strong></span> <span class='ocrx_word' id='word_1_340' title='bbox 2786 973 2991 1039; x_wconf 86' lang='lat' dir='ltr'><strong>primus</strong></span> <span class='ocrx_word' id='word_1_341' title='bbox 3041 973 3278 1022; x_wconf 91' lang='lat' dir='ltr'><strong>omnium</strong></span> <span class='ocrx_word' id='word_1_342' title='bbox 3329 983 3428 1036; x_wconf 89' lang='lat' dir='ltr'><strong>pro</strong></span> 
     </span>
    </p>
   </div>
   <div class='ocr_carea' id='block_1_52' title="bbox 1899 1058 3077 1130">
    <p class='ocr_par' dir='ltr' id='par_1_52' title="bbox 1899 1058 3077 1130">
     <span class='ocr_line' id='line_1_52' title="bbox 1899 1058 3077 1130; baseline 0.001 -18"><span class='ocrx_word' id='word_1_343' title='bbox 1899 1058 2096 1112; x_wconf 89' lang='lat' dir='ltr'><strong>Christi</strong></span> <span class='ocrx_word' id='word_1_344' title='bbox 2143 1061 2354 1112; x_wconf 85' lang='lat' dir='ltr'><strong>nomine</strong></span> <span class='ocrx_word' id='word_1_345' title='bbox 2395 1063 2703 1130; x_wconf 84' lang='lat' dir='ltr'><strong>martyrium</strong></span> <span class='ocrx_word' id='word_1_346' title='bbox 2751 1078 2939 1130; x_wconf 78' lang='lat' dir='ltr'><strong>passus</strong></span> <span class='ocrx_word' id='word_1_347' title='bbox 2976 1070 3077 1113; x_wconf 87' lang='lat' dir='ltr'><strong>est.</strong></span> 
     </span>
    </p>
   </div>
   <div class='ocr_carea' id='block_1_53' title="bbox 1969 1147 3430 1217">
    <p class='ocr_par' dir='ltr' id='par_1_53' title="bbox 1969 1147 3430 1217">
     <span class='ocr_line' id='line_1_53' title="bbox 1969 1147 3430 1217; baseline -0.001 -17"><span class='ocrx_word' id='word_1_348' title='bbox 1969 1149 2222 1201; x_wconf 86' lang='lat' dir='ltr'><strong>Nicolaus</strong></span> <span class='ocrx_word' id='word_1_349' title='bbox 2269 1165 2415 1217; x_wconf 80' lang='lat' dir='ltr'><strong>ergo,</strong></span> <span class='ocrx_word' id='word_1_350' title='bbox 2463 1166 2582 1202; x_wconf 92' lang='lat' dir='ltr'><strong>cum</strong></span> <span class='ocrx_word' id='word_1_351' title='bbox 2638 1150 2921 1202; x_wconf 85' lang='lat' dir='ltr'><strong>formosam</strong></span> <span class='ocrx_word' id='word_1_352' title='bbox 2969 1149 3280 1202; x_wconf 85' lang='lat' dir='ltr'><strong>uxorculam</strong></span> <span class='ocrx_word' id='word_1_353' title='bbox 3333 1147 3430 1199; x_wconf 90' lang='lat' dir='ltr'><strong>du-</strong></span> 
     </span>
    </p>
   </div>
   <div class='ocr_carea' id='block_1_54' title="bbox 1898 1236 3432 1305">
    <p class='ocr_par' dir='ltr' id='par_1_54' title="bbox 1898 1236 3432 1305">
     <span class='ocr_line' id='line_1_54' title="bbox 1898 1236 3432 1305; baseline 0.001 -18"><span class='ocrx_word' id='word_1_354' title='bbox 1898 1236 2086 1294; x_wconf 82' lang='lat' dir='ltr'><strong>xisset.</strong></span> <span class='ocrx_word' id='word_1_355' title='bbox 2122 1240 2352 1304; x_wconf 90' lang='lat' dir='ltr'><strong>primum</strong></span> <span class='ocrx_word' id='word_1_356' title='bbox 2406 1238 2622 1305; x_wconf 90' lang='lat' dir='ltr'><strong>quidem</strong></span> <span class='ocrx_word' id='word_1_357' title='bbox 2674 1239 2740 1290; x_wconf 92' lang='lat' dir='ltr'><strong>ab</strong></span> <span class='ocrx_word' id='word_1_358' title='bbox 2801 1240 2886 1290; x_wconf 90' lang='lat' dir='ltr'><strong>illa</strong></span> <span class='ocrx_word' id='word_1_359' title='bbox 2961 1254 3018 1291; x_wconf 89' lang='lat' dir='ltr'><strong>se</strong></span> <span class='ocrx_word' id='word_1_360' title='bbox 3081 1238 3432 1297; x_wconf 70' lang='lat' dir='ltr'><strong>continebat.</strong></span> 
     </span>
    </p>
   </div>
   <div class='ocr_carea' id='block_1_55' title="bbox 1900 1325 3433 1392">
    <p class='ocr_par' dir='ltr' id='par_1_55' title="bbox 1900 1325 3433 1392">
     <span class='ocr_line' id='line_1_55' title="bbox 1900 1325 3433 1392; baseline 0 -15"><span class='ocrx_word' id='word_1_361' title='bbox 1900 1325 2090 1377; x_wconf 89' lang='lat' dir='ltr'><strong>deinde</strong></span> <span class='ocrx_word' id='word_1_362' title='bbox 2125 1340 2310 1376; x_wconf 90' lang='lat' dir='ltr'><strong>rursus</strong></span> <span class='ocrx_word' id='word_1_363' title='bbox 2344 1326 2855 1392; x_wconf 86' lang='lat' dir='ltr'><strong>congredicbantur.</strong></span> <span class='ocrx_word' id='word_1_364' title='bbox 2903 1325 3166 1378; x_wconf 67' lang='lat' dir='ltr'><strong>Caeterum</strong></span> <span class='ocrx_word' id='word_1_365' title='bbox 3202 1327 3292 1377; x_wconf 91' lang='lat' dir='ltr'><strong>hic</strong></span> <span class='ocrx_word' id='word_1_366' title='bbox 3339 1340 3433 1377; x_wconf 88' lang='lat' dir='ltr'><strong>ne-</strong></span> 
     </span>
    </p>
   </div>
   <div class='ocr_carea' id='block_1_56' title="bbox 1900 1414 3433 1482">
    <p class='ocr_par' dir='ltr' id='par_1_56' title="bbox 1900 1414 3433 1482">
     <span class='ocr_line' id='line_1_56' title="bbox 1900 1414 3433 1482; baseline 0 -17"><span class='ocrx_word' id='word_1_367' title='bbox 1900 1417 2096 1466; x_wconf 87' lang='lat' dir='ltr'><strong>miuem</strong></span> <span class='ocrx_word' id='word_1_368' title='bbox 2131 1414 2194 1464; x_wconf 88' lang='lat' dir='ltr'><strong>ad</strong></span> <span class='ocrx_word' id='word_1_369' title='bbox 2240 1414 2398 1465; x_wconf 86' lang='lat' dir='ltr'><strong>vitam</strong></span> <span class='ocrx_word' id='word_1_370' title='bbox 2437 1424 2689 1466; x_wconf 57' lang='lat' dir='ltr'><strong>aeternam</strong></span> <span class='ocrx_word' id='word_1_371' title='bbox 2745 1426 3128 1482; x_wconf 91' lang='lat' dir='ltr'><strong>perventurum</strong></span> <span class='ocrx_word' id='word_1_372' title='bbox 3187 1430 3303 1467; x_wconf 86' lang='lat' dir='ltr'><strong>esse</strong></span> <span class='ocrx_word' id='word_1_373' title='bbox 3353 1414 3433 1465; x_wconf 84' lang='lat' dir='ltr'><strong>di—</strong></span> 
     </span>
    </p>
   </div>
   <div class='ocr_carea' id='block_1_57' title="bbox 1900 1502 3434 1570">
    <p class='ocr_par' dir='ltr' id='par_1_57' title="bbox 1900 1502 3434 1570">
     <span class='ocr_line' id='line_1_57' title="bbox 1900 1502 3434 1570; baseline -0.001 -14"><span class='ocrx_word' id='word_1_374' title='bbox 1900 1504 2075 1558; x_wconf 86' lang='lat' dir='ltr'><strong>cebat.</strong></span> <span class='ocrx_word' id='word_1_375' title='bbox 2102 1502 2191 1568; x_wconf 91' lang='lat' dir='ltr'><strong>qui</strong></span> <span class='ocrx_word' id='word_1_376' title='bbox 2224 1517 2280 1553; x_wconf 86' lang='lat' dir='ltr'><strong>se</strong></span> <span class='ocrx_word' id='word_1_377' title='bbox 2331 1503 2572 1568; x_wconf 91' lang='lat' dir='ltr'><strong>quotidie</strong></span> <span class='ocrx_word' id='word_1_378' title='bbox 2613 1504 2758 1555; x_wconf 90' lang='lat' dir='ltr'><strong>vitiis</strong></span> <span class='ocrx_word' id='word_1_379' title='bbox 2802 1518 3131 1570; x_wconf 66' lang='lat' dir='ltr'><strong>onum-genus</strong></span> <span class='ocrx_word' id='word_1_380' title='bbox 3175 1519 3281 1554; x_wconf 90' lang='lat' dir='ltr'><strong>non</strong></span> <span class='ocrx_word' id='word_1_381' title='bbox 3334 1504 3434 1554; x_wconf 80' lang='lat' dir='ltr'><strong>im-</strong></span> 
     </span>
    </p>
   </div>
   <div class='ocr_carea' id='block_1_58' title="bbox 1898 1592 3431 1658">
    <p class='ocr_par' dir='ltr' id='par_1_58' title="bbox 1898 1592 3431 1658">
     <span class='ocr_line' id='line_1_58' title="bbox 1898 1592 3431 1658; baseline 0.001 -15"><span class='ocrx_word' id='word_1_382' title='bbox 1898 1603 2181 1658; x_wconf 84' lang='lat' dir='ltr'><strong>mergeret.</strong></span> <span class='ocrx_word' id='word_1_383' title='bbox 2218 1593 2352 1643; x_wconf 83' lang='lat' dir='ltr'><strong>Hinc</strong></span> <span class='ocrx_word' id='word_1_384' title='bbox 2381 1607 2510 1658; x_wconf 88' lang='lat' dir='ltr'><strong>ergo</strong></span> <span class='ocrx_word' id='word_1_385' title='bbox 2557 1592 2820 1651; x_wconf 86' lang='lat' dir='ltr'><strong>Gnostici.</strong></span> <span class='ocrx_word' id='word_1_386' title='bbox 2858 1610 2884 1645; x_wconf 87' lang='lat' dir='ltr'><strong>a</strong></span> <span class='ocrx_word' id='word_1_387' title='bbox 2921 1594 3138 1646; x_wconf 91' lang='lat' dir='ltr'><strong>Simone</strong></span> <span class='ocrx_word' id='word_1_388' title='bbox 3181 1593 3303 1653; x_wconf 84' lang='lat' dir='ltr'><strong>sati.</strong></span> <span class='ocrx_word' id='word_1_389' title='bbox 3349 1594 3431 1645; x_wconf 83' lang='lat' dir='ltr'><strong>in-</strong></span> 
     </span>
    </p>
   </div>
   <div class='ocr_carea' id='block_1_59' title="bbox 1896 1680 3430 1745">
    <p class='ocr_par' dir='ltr' id='par_1_59' title="bbox 1896 1680 3430 1745">
     <span class='ocr_line' id='line_1_59' title="bbox 1896 1680 3430 1745; baseline 0.001 -15"><span class='ocrx_word' id='word_1_390' title='bbox 1896 1688 2165 1730; x_wconf 78' lang='lat' dir='ltr'><strong>crementa</strong></span> <span class='ocrx_word' id='word_1_391' title='bbox 2216 1688 2604 1744; x_wconf 84' lang='lat' dir='ltr'><strong>susceperunt,</strong></span> <span class='ocrx_word' id='word_1_392' title='bbox 2657 1694 2884 1744; x_wconf 88' lang='lat' dir='ltr'><strong>quorum</strong></span> <span class='ocrx_word' id='word_1_393' title='bbox 2924 1681 3137 1745; x_wconf 91' lang='lat' dir='ltr'><strong>quidem</strong></span> <span class='ocrx_word' id='word_1_394' title='bbox 3193 1680 3282 1731; x_wconf 89' lang='lat' dir='ltr'><strong>alii</strong></span> <span class='ocrx_word' id='word_1_395' title='bbox 3327 1680 3430 1731; x_wconf 73' lang='lat' dir='ltr'><strong>alia</strong></span> 
     </span>
    </p>
   </div>
   <div class='ocr_carea' id='block_1_60' title="bbox 1898 1769 3434 1835">
    <p class='ocr_par' dir='ltr' id='par_1_60' title="bbox 1898 1769 3434 1835">
     <span class='ocr_line' id='line_1_60' title="bbox 1898 1769 3434 1835; baseline 0.001 -15"><span class='ocrx_word' id='word_1_396' title='bbox 1898 1769 2289 1828; x_wconf 84' lang='lat' dir='ltr'><strong>fabulabantur.</strong></span> <span class='ocrx_word' id='word_1_397' title='bbox 2321 1771 2408 1821; x_wconf 78' lang='lat' dir='ltr'><strong>alii</strong></span> <span class='ocrx_word' id='word_1_398' title='bbox 2442 1784 2568 1820; x_wconf 91' lang='lat' dir='ltr'><strong>vero</strong></span> <span class='ocrx_word' id='word_1_399' title='bbox 2602 1769 2850 1820; x_wconf 88' lang='lat' dir='ltr'><strong>feminam</strong></span> <span class='ocrx_word' id='word_1_400' title='bbox 2876 1770 3182 1835; x_wconf 90' lang='lat' dir='ltr'><strong>quamdam,</strong></span> <span class='ocrx_word' id='word_1_401' title='bbox 3213 1769 3434 1822; x_wconf 85' lang='lat' dir='ltr'><strong>nomine</strong></span> 
     </span>
    </p>
   </div>
   <div class='ocr_carea' id='block_1_61' title="bbox 1897 1857 3436 1925">
    <p class='ocr_par' dir='ltr' id='par_1_61' title="bbox 1897 1857 3436 1925">
     <span class='ocr_line' id='line_1_61' title="bbox 1897 1857 3436 1925; baseline 0.003 -15"><span class='ocrx_word' id='word_1_402' title='bbox 1897 1859 2209 1919; x_wconf 83' lang='lat' dir='ltr'><strong>Prunicum,</strong></span> <span class='ocrx_word' id='word_1_403' title='bbox 2251 1857 2518 1918; x_wconf 89' lang='lat' dir='ltr'><strong>colebant,</strong></span> <span class='ocrx_word' id='word_1_404' title='bbox 2576 1859 2734 1925; x_wconf 90' lang='lat' dir='ltr'><strong>eique</strong></span> <span class='ocrx_word' id='word_1_405' title='bbox 2779 1860 2886 1909; x_wconf 92' lang='lat' dir='ltr'><strong>vim</strong></span> <span class='ocrx_word' id='word_1_406' title='bbox 2936 1859 3076 1911; x_wconf 82' lang='lat' dir='ltr'><strong>illam</strong></span> <span class='ocrx_word' id='word_1_407' title='bbox 3129 1859 3436 1914; x_wconf 75' lang='lat' dir='ltr'><strong>adscribere</strong></span> 
     </span>
    </p>
   </div>
   <div class='ocr_carea' id='block_1_62' title="bbox 1899 1948 3435 2015">
    <p class='ocr_par' dir='ltr' id='par_1_62' title="bbox 1899 1948 3435 2015">
     <span class='ocr_line' id='line_1_62' title="bbox 1899 1948 3435 2015; baseline 0.001 -15"><span class='ocrx_word' id='word_1_408' title='bbox 1899 1963 2002 2000; x_wconf 91' lang='lat' dir='ltr'><strong>non</strong></span> <span class='ocrx_word' id='word_1_409' title='bbox 2038 1948 2396 2010; x_wconf 87' lang='lat' dir='ltr'><strong>verebantur,</strong></span> <span class='ocrx_word' id='word_1_410' title='bbox 2447 1963 2566 2015; x_wconf 70' lang='lat' dir='ltr'><strong>qua:</strong></span> <span class='ocrx_word' id='word_1_411' title='bbox 2623 1948 2841 2014; x_wconf 84' lang='lat' dir='ltr'><strong>genitali</strong></span> <span class='ocrx_word' id='word_1_412' title='bbox 2887 1950 3077 2001; x_wconf 83' lang='lat' dir='ltr'><strong>semini</strong></span> <span class='ocrx_word' id='word_1_413' title='bbox 3135 1950 3290 2000; x_wconf 89' lang='lat' dir='ltr'><strong>insita</strong></span> <span class='ocrx_word' id='word_1_414' title='bbox 3329 1962 3435 2002; x_wconf 86' lang='lat' dir='ltr'><strong>est:</strong></span> 
     </span>
    </p>
   </div>
   <div class='ocr_carea' id='block_1_63' title="bbox 1896 2035 3429 2102">
    <p class='ocr_par' dir='ltr' id='par_1_63' title="bbox 1896 2035 3429 2102">
     <span class='ocr_line' id='line_1_63' title="bbox 1896 2035 3429 2102; baseline 0 -13"><span class='ocrx_word' id='word_1_415' title='bbox 1896 2036 1986 2089; x_wconf 87' lang='lat' dir='ltr'><strong>alii</strong></span> <span class='ocrx_word' id='word_1_416' title='bbox 2031 2037 2263 2102; x_wconf 89' lang='lat' dir='ltr'><strong>denique</strong></span> <span class='ocrx_word' id='word_1_417' title='bbox 2297 2035 2578 2089; x_wconf 87' lang='lat' dir='ltr'><strong>Caulacam</strong></span> <span class='ocrx_word' id='word_1_418' title='bbox 2611 2039 3028 2090; x_wconf 86' lang='lat' dir='ltr'><strong>venerabantur.</strong></span> <span class='ocrx_word' id='word_1_419' title='bbox 3073 2037 3209 2090; x_wconf 89' lang='lat' dir='ltr'><strong>Sunt</strong></span> <span class='ocrx_word' id='word_1_420' title='bbox 3250 2048 3429 2089; x_wconf 74' lang='lat' dir='ltr'><strong>autem</strong></span> 
     </span>
    </p>
   </div>
   <div class='ocr_carea' id='block_1_64' title="bbox 1896 2125 3428 2193">
    <p class='ocr_par' dir='ltr' id='par_1_64' title="bbox 1896 2125 3428 2193">
     <span class='ocr_line' id='line_1_64' title="bbox 1896 2125 3428 2193; baseline 0 -15"><span class='ocrx_word' id='word_1_421' title='bbox 1896 2126 2072 2178; x_wconf 92' lang='lat' dir='ltr'><strong>omnia</strong></span> <span class='ocrx_word' id='word_1_422' title='bbox 2103 2125 2214 2176; x_wconf 73' lang='lat' dir='ltr'><strong>haec</strong></span> <span class='ocrx_word' id='word_1_423' title='bbox 2243 2125 2599 2177; x_wconf 76' lang='lat' dir='ltr'><strong>elfeminatam</strong></span> <span class='ocrx_word' id='word_1_424' title='bbox 2643 2127 2922 2179; x_wconf 90' lang='lat' dir='ltr'><strong>mollitiem</strong></span> <span class='ocrx_word' id='word_1_425' title='bbox 2951 2126 3304 2193; x_wconf 88' lang='lat' dir='ltr'><strong>significantia</strong></span> <span class='ocrx_word' id='word_1_426' title='bbox 3331 2140 3428 2178; x_wconf 91' lang='lat' dir='ltr'><strong>no-</strong></span> 
     </span>
    </p>
   </div>
   <div class='ocr_carea' id='block_1_65' title="bbox 1899 2214 3434 2283">
    <p class='ocr_par' dir='ltr' id='par_1_65' title="bbox 1899 2214 3434 2283">
     <span class='ocr_line' id='line_1_65' title="bbox 1899 2214 3434 2283; baseline 0 -16"><span class='ocrx_word' id='word_1_427' title='bbox 1899 2217 2040 2267; x_wconf 90' lang='lat' dir='ltr'><strong>mina</strong></span> <span class='ocrx_word' id='word_1_428' title='bbox 2073 2215 2139 2267; x_wconf 90' lang='lat' dir='ltr'><strong>ab</strong></span> <span class='ocrx_word' id='word_1_429' title='bbox 2184 2214 2288 2266; x_wconf 91' lang='lat' dir='ltr'><strong>illis</strong></span> <span class='ocrx_word' id='word_1_430' title='bbox 2320 2218 2639 2282; x_wconf 81' lang='lat' dir='ltr'><strong>excogitata.</strong></span> <span class='ocrx_word' id='word_1_431' title='bbox 2675 2216 2766 2283; x_wconf 92' lang='lat' dir='ltr'><strong>qui</strong></span> <span class='ocrx_word' id='word_1_432' title='bbox 2794 2217 3108 2282; x_wconf 82' lang='lat' dir='ltr'><strong>spurcitiam</strong></span> <span class='ocrx_word' id='word_1_433' title='bbox 3136 2215 3434 2282; x_wconf 82' lang='lat' dir='ltr'><strong>quamlibet</strong></span> 
     </span>
    </p>
   </div>
   <div class='ocr_carea' id='block_1_66' title="bbox 1899 2301 3428 2370">
    <p class='ocr_par' dir='ltr' id='par_1_66' title="bbox 1899 2301 3428 2370">
     <span class='ocr_line' id='line_1_66' title="bbox 1899 2301 3428 2370; baseline -0.003 -15"><span class='ocrx_word' id='word_1_434' title='bbox 1899 2301 2039 2355; x_wconf 87' lang='lat' dir='ltr'><strong>laudi</strong></span> <span class='ocrx_word' id='word_1_435' title='bbox 2062 2310 2111 2354; x_wconf 89' lang='lat' dir='ltr'><strong>et</strong></span> <span class='ocrx_word' id='word_1_436' title='bbox 2139 2303 2330 2353; x_wconf 91' lang='lat' dir='ltr'><strong>honori</strong></span> <span class='ocrx_word' id='word_1_437' title='bbox 2356 2302 2640 2354; x_wconf 89' lang='lat' dir='ltr'><strong>ducebant.</strong></span> <span class='ocrx_word' id='word_1_438' title='bbox 2663 2302 3111 2370; x_wconf 86' lang='lat' dir='ltr'><strong>Quandoquidem</strong></span> <span class='ocrx_word' id='word_1_439' title='bbox 3142 2301 3428 2368; x_wconf 74' lang='grc' dir='ltr'><strong>προὺνιχος</strong></span> 
     </span>
    </p>
   </div>
   <div class='ocr_carea' id='block_1_67' title="bbox 1896 2391 3432 2459">
    <p class='ocr_par' dir='ltr' id='par_1_67' title="bbox 1896 2391 3432 2459">
     <span class='ocr_line' id='line_1_67' title="bbox 1896 2391 3432 2459; baseline 0.001 -17"><span class='ocrx_word' id='word_1_440' title='bbox 1896 2393 2096 2444; x_wconf 82' lang='lat' dir='ltr'><strong>coitum</strong></span> <span class='ocrx_word' id='word_1_441' title='bbox 2128 2391 2412 2459; x_wconf 84' lang='lat' dir='ltr'><strong>signiﬁcat.</strong></span> <span class='ocrx_word' id='word_1_442' title='bbox 2440 2392 2607 2444; x_wconf 68' lang='lat' dir='ltr'><strong>Graeci</strong></span> <span class='ocrx_word' id='word_1_443' title='bbox 2647 2394 2813 2456; x_wconf 91' lang='lat' dir='ltr'><strong>enim,</strong></span> <span class='ocrx_word' id='word_1_444' title='bbox 2839 2393 2883 2444; x_wconf 91' lang='lat' dir='ltr'><strong>si</strong></span> <span class='ocrx_word' id='word_1_445' title='bbox 2912 2392 2977 2445; x_wconf 91' lang='lat' dir='ltr'><strong>de</strong></span> <span class='ocrx_word' id='word_1_446' title='bbox 3019 2392 3287 2459; x_wconf 89' lang='lat' dir='ltr'><strong>virginum</strong></span> <span class='ocrx_word' id='word_1_447' title='bbox 3337 2391 3432 2444; x_wconf 87' lang='lat' dir='ltr'><strong>de-</strong></span> 
     </span>
    </p>
   </div>
   <div class='ocr_carea' id='block_1_68' title="bbox 1897 2481 3431 2548">
    <p class='ocr_par' dir='ltr' id='par_1_68' title="bbox 1897 2481 3431 2548">
     <span class='ocr_line' id='line_1_68' title="bbox 1897 2481 3431 2548; baseline -0.002 -15"><span class='ocrx_word' id='word_1_448' title='bbox 1897 2482 2243 2534; x_wconf 85' lang='lat' dir='ltr'><strong>ﬂoratoribus</strong></span> <span class='ocrx_word' id='word_1_449' title='bbox 2272 2481 2578 2548; x_wconf 85' lang='lat' dir='ltr'><strong>loquantur,</strong></span> <span class='ocrx_word' id='word_1_450' title='bbox 2605 2481 2685 2533; x_wconf 90' lang='lat' dir='ltr'><strong>his</strong></span> <span class='ocrx_word' id='word_1_451' title='bbox 2712 2482 2890 2534; x_wconf 88' lang='lat' dir='ltr'><strong>verbis</strong></span> <span class='ocrx_word' id='word_1_452' title='bbox 2915 2483 2991 2534; x_wconf 92' lang='lat' dir='ltr'><strong>uti</strong></span> <span class='ocrx_word' id='word_1_453' title='bbox 3016 2483 3208 2537; x_wconf 88' lang='lat' dir='ltr'><strong>solent.</strong></span> <span class='ocrx_word' id='word_1_454' title='bbox 3236 2483 3431 2547; x_wconf 67' lang='lat' dir='ltr'><strong>énpou-</strong></span> 
     </span>
    </p>
   </div>
   <div class='ocr_carea' id='block_1_69' title="bbox 1897 2571 3423 2638">
    <p class='ocr_par' dir='ltr' id='par_1_69' title="bbox 1897 2571 3423 2638">
     <span class='ocr_line' id='line_1_69' title="bbox 1897 2571 3423 2638; baseline 0.001 -17"><span class='ocrx_word' id='word_1_455' title='bbox 1897 2571 2138 2621; x_wconf 78' lang='grc' dir='ltr'><strong>νίκευσεν</strong></span> <span class='ocrx_word' id='word_1_456' title='bbox 2164 2572 2339 2638; x_wconf 85' lang='grc' dir='ltr'><strong>τήνδε,</strong></span> <span class='ocrx_word' id='word_1_457' title='bbox 2364 2571 2462 2623; x_wconf 90' lang='lat' dir='ltr'><strong>hoc</strong></span> <span class='ocrx_word' id='word_1_458' title='bbox 2479 2582 2577 2628; x_wconf 83' lang='lat' dir='ltr'><strong>est.</strong></span> <span class='ocrx_word' id='word_1_459' title='bbox 2602 2572 2754 2624; x_wconf 91' lang='lat' dir='ltr'><strong>istam</strong></span> <span class='ocrx_word' id='word_1_460' title='bbox 2777 2573 3001 2624; x_wconf 84' lang='lat' dir='ltr'><strong>vitiavit.</strong></span> <span class='ocrx_word' id='word_1_461' title='bbox 3029 2571 3105 2624; x_wconf 82' lang='lat' dir='ltr'><strong>Ad</strong></span> <span class='ocrx_word' id='word_1_462' title='bbox 3134 2571 3423 2624; x_wconf 78' lang='lat' dir='ltr'><strong>Caulacam</strong></span> 
     </span>
    </p>
   </div>
   <div class='ocr_carea' id='block_1_70' title="bbox 1897 2659 3433 2728">
    <p class='ocr_par' dir='ltr' id='par_1_70' title="bbox 1897 2659 3433 2728">
     <span class='ocr_line' id='line_1_70' title="bbox 1897 2659 3433 2728; baseline 0.001 -17"><span class='ocrx_word' id='word_1_463' title='bbox 1897 2660 2039 2727; x_wconf 91' lang='lat' dir='ltr'><strong>quod</strong></span> <span class='ocrx_word' id='word_1_464' title='bbox 2074 2661 2285 2720; x_wconf 87' lang='lat' dir='ltr'><strong>attinet.</strong></span> <span class='ocrx_word' id='word_1_465' title='bbox 2320 2660 2546 2712; x_wconf 89' lang='lat' dir='ltr'><strong>honesto</strong></span> <span class='ocrx_word' id='word_1_466' title='bbox 2580 2661 2628 2712; x_wconf 91' lang='lat' dir='ltr'><strong>id</strong></span> <span class='ocrx_word' id='word_1_467' title='bbox 2666 2661 2882 2728; x_wconf 90' lang='lat' dir='ltr'><strong>quidem</strong></span> <span class='ocrx_word' id='word_1_468' title='bbox 2915 2676 3073 2714; x_wconf 87' lang='lat' dir='ltr'><strong>sensu</strong></span> <span class='ocrx_word' id='word_1_469' title='bbox 3103 2661 3168 2713; x_wconf 89' lang='lat' dir='ltr'><strong>ab</strong></span> <span class='ocrx_word' id='word_1_470' title='bbox 3195 2659 3433 2712; x_wconf 56' lang='lat' dir='ltr'><strong>Hebraeis</strong></span> 
     </span>
    </p>
   </div>
   <div class='ocr_carea' id='block_1_71' title="bbox 1897 2750 3433 2817">
    <p class='ocr_par' dir='ltr' id='par_1_71' title="bbox 1897 2750 3433 2817">
     <span class='ocr_line' id='line_1_71' title="bbox 1897 2750 3433 2817; baseline -0.001 -14"><span class='ocrx_word' id='word_1_471' title='bbox 1897 2750 2144 2813; x_wconf 80' lang='lat' dir='ltr'><strong>effertur,</strong></span> <span class='ocrx_word' id='word_1_472' title='bbox 2177 2766 2205 2802; x_wconf 93' lang='lat' dir='ltr'><strong>a</strong></span> <span class='ocrx_word' id='word_1_473' title='bbox 2233 2751 2504 2802; x_wconf 89' lang='lat' dir='ltr'><strong>Gnosticis</strong></span> <span class='ocrx_word' id='word_1_474' title='bbox 2544 2765 2673 2802; x_wconf 85' lang='lat' dir='ltr'><strong>vero</strong></span> <span class='ocrx_word' id='word_1_475' title='bbox 2719 2751 2785 2802; x_wconf 92' lang='lat' dir='ltr'><strong>ad</strong></span> <span class='ocrx_word' id='word_1_476' title='bbox 2829 2750 3212 2817; x_wconf 89' lang='lat' dir='ltr'><strong>turpitudinem</strong></span> <span class='ocrx_word' id='word_1_477' title='bbox 3254 2750 3433 2802; x_wconf 87' lang='lat' dir='ltr'><strong>detor-</strong></span> 
     </span>
    </p>
   </div>
   <div class='ocr_carea' id='block_1_72' title="bbox 1900 2837 3429 2905">
    <p class='ocr_par' dir='ltr' id='par_1_72' title="bbox 1900 2837 3429 2905">
     <span class='ocr_line' id='line_1_72' title="bbox 1900 2837 3429 2905; baseline 0 -14"><span class='ocrx_word' id='word_1_478' title='bbox 1900 2847 2011 2891; x_wconf 88' lang='lat' dir='ltr'><strong>tqu</strong></span> <span class='ocrx_word' id='word_1_479' title='bbox 2058 2850 2161 2890; x_wconf 72' lang='grc' dir='ltr'><strong>ρει.</strong></span> <span class='ocrx_word' id='word_1_480' title='bbox 2197 2837 2475 2905; x_wconf 83' lang='lat' dir='ltr'><strong>Siquidem</strong></span> <span class='ocrx_word' id='word_1_481' title='bbox 2506 2839 2556 2890; x_wconf 94' lang='lat' dir='ltr'><strong>in</strong></span> <span class='ocrx_word' id='word_1_482' title='bbox 2603 2839 2921 2892; x_wconf 84' lang='lat' dir='ltr'><strong>duodecima</strong></span> <span class='ocrx_word' id='word_1_483' title='bbox 2956 2839 3189 2892; x_wconf 88' lang='lat' dir='ltr'><strong>Danielis</strong></span> <span class='ocrx_word' id='word_1_484' title='bbox 3222 2839 3429 2892; x_wconf 84' lang='lat' dir='ltr'><strong>visione</strong></span> 
     </span>
    </p>
   </div>
   <div class='ocr_carea' id='block_1_73' title="bbox 1899 2927 3429 2991">
    <p class='ocr_par' dir='ltr' id='par_1_73' title="bbox 1899 2927 3429 2991">
     <span class='ocr_line' id='line_1_73' title="bbox 1899 2927 3429 2991; baseline -0.001 -11"><span class='ocrx_word' id='word_1_485' title='bbox 1899 2929 1969 2981; x_wconf 88' lang='lat' dir='ltr'><strong>ita</strong></span> <span class='ocrx_word' id='word_1_486' title='bbox 2002 2929 2277 2989; x_wconf 87' lang='lat' dir='ltr'><strong>scribitur,</strong></span> <span class='ocrx_word' id='word_1_487' title='bbox 2315 2931 2593 2990; x_wconf 80' lang='lat' dir='ltr'><strong>Saulas-in,</strong></span> <span class='ocrx_word' id='word_1_488' title='bbox 2623 2929 2877 2982; x_wconf 89' lang='lat' dir='ltr'><strong>Saulasan</strong></span> <span class='ocrx_word' id='word_1_489' title='bbox 2900 2969 2913 2991; x_wconf 96' lang='lat'><strong>,</strong></span> <span class='ocrx_word' id='word_1_490' title='bbox 2955 2929 3237 2990; x_wconf 88' lang='lat' dir='ltr'><strong>Caulacan,</strong></span> <span class='ocrx_word' id='word_1_491' title='bbox 3285 2927 3429 2981; x_wconf 88' lang='lat' dir='ltr'><strong>Cau-</strong></span> 
     </span>
    </p>
   </div>
   <div class='ocr_carea' id='block_1_74' title="bbox 1897 3018 3429 3086">
    <p class='ocr_par' dir='ltr' id='par_1_74' title="bbox 1897 3018 3429 3086">
     <span class='ocr_line' id='line_1_74' title="bbox 1897 3018 3429 3086; baseline 0.002 -17"><span class='ocrx_word' id='word_1_492' title='bbox 1897 3018 2082 3081; x_wconf 89' lang='lat' dir='ltr'><strong>lacan,</strong></span> <span class='ocrx_word' id='word_1_493' title='bbox 2141 3019 2242 3071; x_wconf 86' lang='lat' dir='ltr'><strong>hoc</strong></span> <span class='ocrx_word' id='word_1_494' title='bbox 2285 3029 2385 3082; x_wconf 89' lang='lat' dir='ltr'><strong>est,</strong></span> <span class='ocrx_word' id='word_1_495' title='bbox 2433 3019 2648 3071; x_wconf 78' lang='lat' dir='ltr'><strong>afﬂictio</strong></span> <span class='ocrx_word' id='word_1_496' title='bbox 2709 3029 2824 3086; x_wconf 82' lang='lat' dir='ltr'><strong>post</strong></span> <span class='ocrx_word' id='word_1_497' title='bbox 2877 3019 3258 3082; x_wconf 81' lang='lat' dir='ltr'><strong>amictiuuem,</strong></span> <span class='ocrx_word' id='word_1_498' title='bbox 3305 3035 3429 3086; x_wconf 88' lang='lat' dir='ltr'><strong>spes</strong></span> 
     </span>
    </p>
   </div>
   <div class='ocr_carea' id='block_1_75' title="bbox 1899 3107 3429 3175">
    <p class='ocr_par' dir='ltr' id='par_1_75' title="bbox 1899 3107 3429 3175">
     <span class='ocr_line' id='line_1_75' title="bbox 1899 3107 3429 3175; baseline 0.003 -19"><span class='ocrx_word' id='word_1_499' title='bbox 1899 3116 2015 3172; x_wconf 89' lang='lat' dir='ltr'><strong>post</strong></span> <span class='ocrx_word' id='word_1_500' title='bbox 2045 3122 2211 3174; x_wconf 85' lang='lat' dir='ltr'><strong>spem.</strong></span> <span class='ocrx_word' id='word_1_501' title='bbox 2247 3107 2308 3158; x_wconf 93' lang='lat' dir='ltr'><strong>lli</strong></span> <span class='ocrx_word' id='word_1_502' title='bbox 2348 3122 2513 3175; x_wconf 89' lang='lat' dir='ltr'><strong>porro</strong></span> <span class='ocrx_word' id='word_1_503' title='bbox 2558 3107 2794 3160; x_wconf 89' lang='lat' dir='ltr'><strong>Guostici</strong></span> <span class='ocrx_word' id='word_1_504' title='bbox 2843 3108 3024 3159; x_wconf 90' lang='lat' dir='ltr'><strong>multis</strong></span> <span class='ocrx_word' id='word_1_505' title='bbox 3079 3107 3429 3175; x_wconf 83' lang='lat' dir='ltr'><strong>designantur</strong></span> 
     </span>
    </p>
   </div>
   <div class='ocr_carea' id='block_1_76' title="bbox 1891 3198 3423 3265">
    <p class='ocr_par' dir='ltr' id='par_1_76' title="bbox 1891 3198 3423 3265">
     <span class='ocr_line' id='line_1_76' title="bbox 1891 3198 3423 3265; baseline -0.001 -16"><span class='ocrx_word' id='word_1_506' title='bbox 1891 3199 2237 3250; x_wconf 89' lang='lat' dir='ltr'><strong>nominibus:</strong></span> <span class='ocrx_word' id='word_1_507' title='bbox 2269 3199 2355 3249; x_wconf 86' lang='lat' dir='ltr'><strong>alii</strong></span> <span class='ocrx_word' id='word_1_508' title='bbox 2383 3199 2525 3250; x_wconf 84' lang='lat' dir='ltr'><strong>enim</strong></span> <span class='ocrx_word' id='word_1_509' title='bbox 2558 3198 2890 3253; x_wconf 85' lang='lat' dir='ltr'><strong>Borboriani.</strong></span> <span class='ocrx_word' id='word_1_510' title='bbox 2922 3198 3008 3247; x_wconf 75' lang='grc' dir='ltr'><strong>διὰ</strong></span> <span class='ocrx_word' id='word_1_511' title='bbox 3032 3198 3118 3249; x_wconf 86' lang='grc' dir='ltr'><strong>τὸν</strong></span> <span class='ocrx_word' id='word_1_512' title='bbox 3147 3198 3423 3265; x_wconf 69' lang='grc' dir='ltr'><strong>βορὸορον,</strong></span> 
     </span>
    </p>
   </div>
   <div class='ocr_carea' id='block_1_77' title="bbox 1894 3286 3422 3351">
    <p class='ocr_par' dir='ltr' id='par_1_77' title="bbox 1894 3286 3422 3351">
     <span class='ocr_line' id='line_1_77' title="bbox 1894 3286 3422 3351; baseline -0.001 -13"><span class='ocrx_word' id='word_1_513' title='bbox 1894 3288 1994 3340; x_wconf 92' lang='lat' dir='ltr'><strong>hoc</strong></span> <span class='ocrx_word' id='word_1_514' title='bbox 2026 3299 2124 3349; x_wconf 86' lang='lat' dir='ltr'><strong>est,</strong></span> <span class='ocrx_word' id='word_1_515' title='bbox 2163 3303 2191 3339; x_wconf 90' lang='lat' dir='ltr'><strong>a</strong></span> <span class='ocrx_word' id='word_1_516' title='bbox 2221 3289 2354 3351; x_wconf 89' lang='lat' dir='ltr'><strong>luto,</strong></span> <span class='ocrx_word' id='word_1_517' title='bbox 2386 3289 2710 3340; x_wconf 86' lang='lat' dir='ltr'><strong>denominati</strong></span> <span class='ocrx_word' id='word_1_518' title='bbox 2730 3297 2854 3339; x_wconf 91' lang='lat' dir='ltr'><strong>sunt</strong></span> <span class='ocrx_word' id='word_1_519' title='bbox 2879 3304 2892 3350; x_wconf 85' lang='lat'><strong>;</strong></span> <span class='ocrx_word' id='word_1_520' title='bbox 2916 3287 3001 3339; x_wconf 88' lang='lat' dir='ltr'><strong>alii</strong></span> <span class='ocrx_word' id='word_1_521' title='bbox 3030 3286 3275 3348; x_wconf 87' lang='lat' dir='ltr'><strong>Codiani,</strong></span> <span class='ocrx_word' id='word_1_522' title='bbox 3302 3287 3422 3337; x_wconf 79' lang='grc' dir='ltr'>κοδσ</span> 
     </span>
    </p>
   </div>
   <div class='ocr_carea' id='block_1_78' title="bbox 1896 3376 3421 3446">
    <p class='ocr_par' dir='ltr' id='par_1_78' title="bbox 1896 3376 3421 3446">
     <span class='ocr_line' id='line_1_78' title="bbox 1896 3376 3421 3446; baseline -0.003 -14"><span class='ocrx_word' id='word_1_523' title='bbox 1896 3379 2038 3432; x_wconf 89' lang='lat' dir='ltr'><strong>enim</strong></span> <span class='ocrx_word' id='word_1_524' title='bbox 2085 3379 2232 3446; x_wconf 82' lang='lat' dir='ltr'><strong>Syris</strong></span> <span class='ocrx_word' id='word_1_525' title='bbox 2287 3378 2552 3431; x_wconf 83' lang='lat' dir='ltr'><strong>escarium</strong></span> <span class='ocrx_word' id='word_1_526' title='bbox 2601 3393 2692 3430; x_wconf 78' lang='lat' dir='ltr'><strong>vas</strong></span> <span class='ocrx_word' id='word_1_527' title='bbox 2750 3378 2978 3438; x_wconf 91' lang='lat' dir='ltr'><strong>dicitur,</strong></span> <span class='ocrx_word' id='word_1_528' title='bbox 3029 3392 3094 3430; x_wconf 92' lang='lat' dir='ltr'><strong>eo</strong></span> <span class='ocrx_word' id='word_1_529' title='bbox 3136 3376 3280 3443; x_wconf 89' lang='lat' dir='ltr'><strong>quod</strong></span> <span class='ocrx_word' id='word_1_530' title='bbox 3318 3392 3421 3428; x_wconf 85' lang='lat' dir='ltr'><strong>una</strong></span> 
     </span>
    </p>
   </div>
   <div class='ocr_carea' id='block_1_79' title="bbox 1890 3467 3420 3534">
    <p class='ocr_par' dir='ltr' id='par_1_79' title="bbox 1890 3467 3420 3534">
     <span class='ocr_line' id='line_1_79' title="bbox 1890 3467 3420 3534; baseline -0.002 -15"><span class='ocrx_word' id='word_1_531' title='bbox 1890 3469 2066 3519; x_wconf 89' lang='lat' dir='ltr'><strong>cibum</strong></span> <span class='ocrx_word' id='word_1_532' title='bbox 2103 3482 2222 3518; x_wconf 82' lang='lat' dir='ltr'><strong>cum</strong></span> <span class='ocrx_word' id='word_1_533' title='bbox 2255 3468 2358 3520; x_wconf 90' lang='lat' dir='ltr'><strong>illis</strong></span> <span class='ocrx_word' id='word_1_534' title='bbox 2401 3482 2632 3529; x_wconf 63' lang='lat' dir='ltr'><strong>sumere,</strong></span> <span class='ocrx_word' id='word_1_535' title='bbox 2663 3476 2880 3534; x_wconf 88' lang='lat' dir='ltr'><strong>propter</strong></span> <span class='ocrx_word' id='word_1_536' title='bbox 2924 3467 3181 3533; x_wconf 86' lang='lat' dir='ltr'><strong>insignem</strong></span> <span class='ocrx_word' id='word_1_537' title='bbox 3211 3467 3420 3518; x_wconf 89' lang='lat' dir='ltr'><strong>illorum</strong></span> 
     </span>
    </p>
   </div>
   <div class='ocr_carea' id='block_1_80' title="bbox 1891 3557 3415 3625">
    <p class='ocr_par' dir='ltr' id='par_1_80' title="bbox 1891 3557 3415 3625">
     <span class='ocr_line' id='line_1_80' title="bbox 1891 3557 3415 3625; baseline -0.003 -14"><span class='ocrx_word' id='word_1_538' title='bbox 1891 3559 2228 3625; x_wconf 87' lang='lat' dir='ltr'><strong>spurcitiem,</strong></span> <span class='ocrx_word' id='word_1_539' title='bbox 2275 3573 2432 3610; x_wconf 86' lang='lat' dir='ltr'><strong>nemo</strong></span> <span class='ocrx_word' id='word_1_540' title='bbox 2459 3575 2562 3610; x_wconf 91' lang='lat' dir='ltr'><strong>non</strong></span> <span class='ocrx_word' id='word_1_541' title='bbox 2589 3558 2929 3610; x_wconf 84' lang='lat' dir='ltr'><strong>detrectaret.</strong></span> <span class='ocrx_word' id='word_1_542' title='bbox 2967 3558 3070 3608; x_wconf 81' lang='lat' dir='ltr'><strong>Alii</strong></span> <span class='ocrx_word' id='word_1_543' title='bbox 3101 3557 3262 3608; x_wconf 88' lang='lat' dir='ltr'><strong>etiam</strong></span> <span class='ocrx_word' id='word_1_544' title='bbox 3293 3557 3415 3607; x_wconf 89' lang='lat' dir='ltr'><strong>Bor-</strong></span> 
     </span>
    </p>
   </div>
   <div class='ocr_carea' id='block_1_81' title="bbox 1890 3646 3409 3710">
    <p class='ocr_par' dir='ltr' id='par_1_81' title="bbox 1890 3646 3409 3710">
     <span class='ocr_line' id='line_1_81' title="bbox 1890 3646 3409 3710; baseline -0.002 -10"><span class='ocrx_word' id='word_1_545' title='bbox 1890 3649 2069 3700; x_wconf 69' lang='lat' dir='ltr'><strong>bolitae</strong></span> <span class='ocrx_word' id='word_1_546' title='bbox 2092 3688 2104 3708; x_wconf 90' lang='lat'><strong>,</strong></span> <span class='ocrx_word' id='word_1_547' title='bbox 2140 3648 2455 3700; x_wconf 90' lang='lat' dir='ltr'><strong>Sccundiani</strong></span> <span class='ocrx_word' id='word_1_548' title='bbox 2489 3689 2502 3710; x_wconf 87' lang='lat'><strong>,</strong></span> <span class='ocrx_word' id='word_1_549' title='bbox 2535 3647 2825 3707; x_wconf 76' lang='lat' dir='ltr'><strong>Socratitre,</strong></span> <span class='ocrx_word' id='word_1_550' title='bbox 2875 3656 2928 3699; x_wconf 89' lang='lat' dir='ltr'><strong>et</strong></span> <span class='ocrx_word' id='word_1_551' title='bbox 2979 3646 3223 3698; x_wconf 75' lang='lat' dir='ltr'><strong>Bacchaei</strong></span> <span class='ocrx_word' id='word_1_552' title='bbox 3251 3647 3409 3698; x_wconf 93' lang='lat' dir='ltr'><strong>nomi-</strong></span> 
     </span>
    </p>
   </div>
   <div class='ocr_carea' id='block_1_82' title="bbox 1891 3736 3418 3802">
    <p class='ocr_par' dir='ltr' id='par_1_82' title="bbox 1891 3736 3418 3802">
     <span class='ocr_line' id='line_1_82' title="bbox 1891 3736 3418 3802; baseline -0.002 -13"><span class='ocrx_word' id='word_1_553' title='bbox 1891 3747 2106 3789; x_wconf 87' lang='lat' dir='ltr'><strong>nantur.</strong></span> <span class='ocrx_word' id='word_1_554' title='bbox 2143 3737 2276 3789; x_wconf 90' lang='lat' dir='ltr'><strong>Sunt</strong></span> <span class='ocrx_word' id='word_1_555' title='bbox 2300 3748 2477 3789; x_wconf 89' lang='lat' dir='ltr'><strong>autem</strong></span> <span class='ocrx_word' id='word_1_556' title='bbox 2514 3752 2704 3789; x_wconf 83' lang='lat' dir='ltr'><strong>uxores</strong></span> <span class='ocrx_word' id='word_1_557' title='bbox 2743 3737 2847 3789; x_wconf 91' lang='lat' dir='ltr'><strong>illis</strong></span> <span class='ocrx_word' id='word_1_558' title='bbox 2878 3750 3211 3792; x_wconf 90' lang='lat' dir='ltr'><strong>communes.</strong></span> <span class='ocrx_word' id='word_1_559' title='bbox 3249 3736 3418 3802; x_wconf 88' lang='lat' dir='ltr'><strong>quod-</strong></span> 
     </span>
    </p>
   </div>
   <div class='ocr_carea' id='block_1_83' title="bbox 1889 3825 3417 3896">
    <p class='ocr_par' dir='ltr' id='par_1_83' title="bbox 1889 3825 3417 3896">
     <span class='ocr_line' id='line_1_83' title="bbox 1889 3825 3417 3896; baseline -0.004 -17"><span class='ocrx_word' id='word_1_560' title='bbox 1889 3842 1992 3896; x_wconf 88' lang='lat' dir='ltr'><strong>que</strong></span> <span class='ocrx_word' id='word_1_561' title='bbox 2025 3827 2220 3880; x_wconf 90' lang='lat' dir='ltr'><strong>nullam</strong></span> <span class='ocrx_word' id='word_1_562' title='bbox 2252 3843 2356 3879; x_wconf 91' lang='lat' dir='ltr'><strong>non</strong></span> <span class='ocrx_word' id='word_1_563' title='bbox 2403 3827 2453 3878; x_wconf 91' lang='lat' dir='ltr'><strong>in</strong></span> <span class='ocrx_word' id='word_1_564' title='bbox 2488 3828 2590 3878; x_wconf 92' lang='lat' dir='ltr'><strong>illis</strong></span> <span class='ocrx_word' id='word_1_565' title='bbox 2614 3827 2916 3894; x_wconf 87' lang='lat' dir='ltr'><strong>spurcitiem</strong></span> <span class='ocrx_word' id='word_1_566' title='bbox 2974 3833 3026 3876; x_wconf 86' lang='lat' dir='ltr'><strong>et</strong></span> <span class='ocrx_word' id='word_1_567' title='bbox 3060 3825 3417 3890; x_wconf 88' lang='lat' dir='ltr'><strong>impurilatem</strong></span> 
     </span>
    </p>
   </div>
   <div class='ocr_carea' id='block_1_84' title="bbox 1889 3915 3418 3984">
    <p class='ocr_par' dir='ltr' id='par_1_84' title="bbox 1889 3915 3418 3984">
     <span class='ocr_line' id='line_1_84' title="bbox 1889 3915 3418 3984; baseline -0.003 -15"><span class='ocrx_word' id='word_1_568' title='bbox 1889 3918 2064 3984; x_wconf 86' lang='lat' dir='ltr'><strong>arguit</strong></span> <span class='ocrx_word' id='word_1_569' title='bbox 2089 3918 2141 3969; x_wconf 92' lang='lat' dir='ltr'><strong>in</strong></span> <span class='ocrx_word' id='word_1_570' title='bbox 2165 3919 2278 3984; x_wconf 91' lang='lat' dir='ltr'><strong>ipso</strong></span> <span class='ocrx_word' id='word_1_571' title='bbox 2298 3917 2439 3969; x_wconf 86' lang='lat' dir='ltr'><strong>coitu</strong></span> <span class='ocrx_word' id='word_1_572' title='bbox 2460 3925 2666 3978; x_wconf 88' lang='lat' dir='ltr'><strong>cavent,</strong></span> <span class='ocrx_word' id='word_1_573' title='bbox 2690 3931 2753 3968; x_wconf 88' lang='lat' dir='ltr'><strong>ne</strong></span> <span class='ocrx_word' id='word_1_574' title='bbox 2775 3931 2954 3967; x_wconf 90' lang='lat' dir='ltr'><strong>semen</strong></span> <span class='ocrx_word' id='word_1_575' title='bbox 2979 3915 3029 3966; x_wconf 94' lang='lat' dir='ltr'><strong>in</strong></span> <span class='ocrx_word' id='word_1_576' title='bbox 3049 3915 3284 3967; x_wconf 88' lang='lat' dir='ltr'><strong>mulieris</strong></span> <span class='ocrx_word' id='word_1_577' title='bbox 3303 3915 3418 3964; x_wconf 79' lang='lat' dir='ltr'><strong>vul-</strong></span> 
     </span>
    </p>
   </div>
   <div class='ocr_carea' id='block_1_85' title="bbox 1886 4003 3413 4074">
    <p class='ocr_par' dir='ltr' id='par_1_85' title="bbox 1886 4003 3413 4074">
     <span class='ocr_line' id='line_1_85' title="bbox 1886 4003 3413 4074; baseline -0.003 -17"><span class='ocrx_word' id='word_1_578' title='bbox 1886 4020 2004 4058; x_wconf 89' lang='lat' dir='ltr'><strong>vam</strong></span> <span class='ocrx_word' id='word_1_579' title='bbox 2025 4007 2372 4074; x_wconf 86' lang='lat' dir='ltr'><strong>ejaculentur.</strong></span> <span class='ocrx_word' id='word_1_580' title='bbox 2394 4015 2485 4057; x_wconf 89' lang='lat' dir='ltr'><strong>aut</strong></span> <span class='ocrx_word' id='word_1_581' title='bbox 2513 4006 2562 4057; x_wconf 91' lang='lat' dir='ltr'><strong>in</strong></span> <span class='ocrx_word' id='word_1_582' title='bbox 2585 4015 2774 4057; x_wconf 89' lang='lat' dir='ltr'><strong>terram</strong></span> <span class='ocrx_word' id='word_1_583' title='bbox 2806 4003 3133 4063; x_wconf 87' lang='lat' dir='ltr'><strong>delluat,sed</strong></span> <span class='ocrx_word' id='word_1_584' title='bbox 3168 4003 3413 4053; x_wconf 90' lang='lat' dir='ltr'><strong>manibus</strong></span> 
     </span>
    </p>
   </div>
   <div class='ocr_carea' id='block_1_86' title="bbox 1887 4091 3418 4162">
    <p class='ocr_par' dir='ltr' id='par_1_86' title="bbox 1887 4091 3418 4162">
     <span class='ocr_line' id='line_1_86' title="bbox 1887 4091 3418 4162; baseline -0.006 -13"><span class='ocrx_word' id='word_1_585' title='bbox 1887 4106 2165 4162; x_wconf 75' lang='lat' dir='ltr'><strong>exceptum</strong></span> <span class='ocrx_word' id='word_1_586' title='bbox 2196 4096 2324 4148; x_wconf 87' lang='lat' dir='ltr'><strong>alias</strong></span> <span class='ocrx_word' id='word_1_587' title='bbox 2347 4095 2661 4160; x_wconf 88' lang='lat' dir='ltr'><strong>deglutiunt,</strong></span> <span class='ocrx_word' id='word_1_588' title='bbox 2694 4094 2823 4145; x_wconf 87' lang='lat' dir='ltr'><strong>alias</strong></span> <span class='ocrx_word' id='word_1_589' title='bbox 2853 4107 2917 4145; x_wconf 85' lang='lat' dir='ltr'><strong>eo</strong></span> <span class='ocrx_word' id='word_1_590' title='bbox 2950 4101 3184 4155; x_wconf 87' lang='lat' dir='ltr'><strong>servato,</strong></span> <span class='ocrx_word' id='word_1_591' title='bbox 3207 4091 3418 4158; x_wconf 86' lang='lat' dir='ltr'><strong>sangui-</strong></span> 
     </span>
    </p>
   </div>
   <div class='ocr_carea' id='block_1_87' title="bbox 1891 4180 3418 4250">
    <p class='ocr_par' dir='ltr' id='par_1_87' title="bbox 1891 4180 3418 4250">
     <span class='ocr_line' id='line_1_87' title="bbox 1891 4180 3418 4250; baseline -0.006 -14"><span class='ocrx_word' id='word_1_592' title='bbox 1891 4185 2052 4250; x_wconf 90' lang='lat' dir='ltr'><strong>nique</strong></span> <span class='ocrx_word' id='word_1_593' title='bbox 2118 4181 2460 4235; x_wconf 91' lang='lat' dir='ltr'><strong>muliebrium</strong></span> <span class='ocrx_word' id='word_1_594' title='bbox 2524 4193 2918 4232; x_wconf 82' lang='lat' dir='ltr'><strong>menstruorum</strong></span> <span class='ocrx_word' id='word_1_595' title='bbox 2970 4180 3259 4248; x_wconf 88' lang='lat' dir='ltr'><strong>permisto,</strong></span> <span class='ocrx_word' id='word_1_596' title='bbox 3318 4193 3418 4244; x_wconf 90' lang='lat' dir='ltr'><strong>pro</strong></span> 
     </span>
    </p>
   </div>
   <div class='ocr_carea' id='block_1_88' title="bbox 1891 4265 3420 4338">
    <p class='ocr_par' dir='ltr' id='par_1_88' title="bbox 1891 4265 3420 4338">
     <span class='ocr_line' id='line_1_88' title="bbox 1891 4265 3420 4338; baseline -0.005 -16"><span class='ocrx_word' id='word_1_597' title='bbox 1891 4271 2157 4338; x_wconf 86' lang='lat' dir='ltr'><strong>mysteriis</strong></span> <span class='ocrx_word' id='word_1_598' title='bbox 2185 4277 2428 4322; x_wconf 91' lang='lat' dir='ltr'><strong>utuntur.</strong></span> <span class='ocrx_word' id='word_1_599' title='bbox 2455 4266 2604 4330; x_wconf 86' lang='lat' dir='ltr'><strong>Quod</strong></span> <span class='ocrx_word' id='word_1_600' title='bbox 2638 4267 2681 4318; x_wconf 88' lang='lat' dir='ltr'><strong>si</strong></span> <span class='ocrx_word' id='word_1_601' title='bbox 2719 4282 2812 4334; x_wconf 92' lang='lat' dir='ltr'><strong>per</strong></span> <span class='ocrx_word' id='word_1_602' title='bbox 2849 4267 3060 4317; x_wconf 91' lang='lat' dir='ltr'><strong>illorum</strong></span> <span class='ocrx_word' id='word_1_603' title='bbox 3107 4265 3420 4332; x_wconf 89' lang='lat' dir='ltr'><strong>impruden-</strong></span> 
     </span>
    </p>
   </div>
   <div class='ocr_carea' id='block_1_89' title="bbox 258 4349 3418 4424">
    <p class='ocr_par' dir='ltr' id='par_1_89' title="bbox 258 4349 3418 4424">
     <span class='ocr_line' id='line_1_89' title="bbox 258 4349 3418 4424; baseline 0 -21"><span class='ocrx_word' id='word_1_604' title='bbox 258 4352 479 4419; x_wconf 86' lang='lat' dir='ltr'><strong>spiritus</strong></span> <span class='ocrx_word' id='word_1_605' title='bbox 506 4367 718 4419; x_wconf 90' lang='lat' dir='ltr'><strong>semper</strong></span> <span class='ocrx_word' id='word_1_606' title='bbox 778 4362 977 4416; x_wconf 90' lang='lat' dir='ltr'><strong>essent,</strong></span> <span class='ocrx_word' id='word_1_607' title='bbox 1020 4365 1183 4422; x_wconf 87' lang='lat' dir='ltr'><strong>prout</strong></span> <span class='ocrx_word' id='word_1_608' title='bbox 1209 4355 1290 4408; x_wconf 87' lang='lat' dir='ltr'><strong>vel</strong></span> <span class='ocrx_word' id='word_1_609' title='bbox 1332 4357 1444 4424; x_wconf 88' lang='lat' dir='ltr'><strong>ipse</strong></span> <span class='ocrx_word' id='word_1_610' title='bbox 1487 4358 1658 4413; x_wconf 82' lang='lat' dir='ltr'><strong>Moses</strong></span> <span class='ocrx_word' id='word_1_611' title='bbox 1709 4362 1792 4414; x_wconf 90' lang='lat' dir='ltr'><strong>his</strong></span> <span class='ocrx_word' id='word_1_612' title='bbox 1824 4349 1864 4401; x_wconf 79' lang='grc' dir='ltr'>ο</span> <span class='ocrx_word' id='word_1_613' title='bbox 1895 4359 2019 4411; x_wconf 86' lang='lat' dir='ltr'><strong>tiam</strong></span> <span class='ocrx_word' id='word_1_614' title='bbox 2053 4358 2105 4409; x_wconf 93' lang='lat' dir='ltr'><strong>in</strong></span> <span class='ocrx_word' id='word_1_615' title='bbox 2163 4358 2374 4410; x_wconf 89' lang='lat' dir='ltr'><strong>vulvam</strong></span> <span class='ocrx_word' id='word_1_616' title='bbox 2429 4353 2720 4415; x_wconf 84' lang='lat' dir='ltr'><strong>deciderit,</strong></span> <span class='ocrx_word' id='word_1_617' title='bbox 2785 4354 3082 4419; x_wconf 89' lang='lat' dir='ltr'><strong>mulierque</strong></span> <span class='ocrx_word' id='word_1_618' title='bbox 3135 4366 3418 4420; x_wconf 71' lang='lat' dir='ltr'><strong>praegnans</strong></span> 
     </span>
    </p>
   </div>
   <div class='ocr_carea' id='block_1_90' title="bbox 260 4443 772 4494">
    <p class='ocr_par' dir='ltr' id='par_1_90' title="bbox 260 4443 772 4494">
     <span class='ocr_line' id='line_1_90' title="bbox 260 4443 772 4494; baseline 0.008 -4"><span class='ocrx_word' id='word_1_619' title='bbox 260 4443 437 4494; x_wconf 73' lang='lat' dir='ltr'><strong>verbis</strong></span> <span class='ocrx_word' id='word_1_620' title='bbox 462 4450 772 4494; x_wconf 89' lang='lat' dir='ltr'><strong>attestatur.</strong></span> 
     </span>
    </p>
   </div>
   <div class='ocr_carea' id='block_1_91' title="bbox 324 4531 1792 4602">
    <p class='ocr_par' dir='ltr' id='par_1_91' title="bbox 324 4531 1792 4602">
     <span class='ocr_line' id='line_1_91' title="bbox 324 4531 1792 4602; baseline 0.006 -18"><span class='ocrx_word' id='word_1_621' title='bbox 324 4531 602 4585; x_wconf 73' lang='lat' dir='ltr'><strong>Constituti</strong></span> <span class='ocrx_word' id='word_1_622' title='bbox 649 4539 768 4584; x_wconf 87' lang='lat' dir='ltr'><strong>sunt</strong></span> <span class='ocrx_word' id='word_1_623' title='bbox 799 4535 1005 4585; x_wconf 83' lang='lat' dir='ltr'><strong>termini</strong></span> <span class='ocrx_word' id='word_1_624' title='bbox 1049 4537 1278 4602; x_wconf 85' lang='lat' dir='ltr'><strong>gentium</strong></span> <span class='ocrx_word' id='word_1_625' title='bbox 1311 4575 1324 4596; x_wconf 92' lang='lat'><strong>,</strong></span> <span class='ocrx_word' id='word_1_626' title='bbox 1374 4541 1654 4592; x_wconf 80' lang='lat' dir='ltr'><strong>secundum</strong></span> <span class='ocrx_word' id='word_1_627' title='bbox 1694 4558 1792 4593; x_wconf 84' lang='lat' dir='ltr'><strong>nu-</strong></span> 
     </span>
    </p>
   </div>
   <div class='ocr_carea' id='block_1_92' title="bbox 256 4618 1788 4695">
    <p class='ocr_par' dir='ltr' id='par_1_92' title="bbox 256 4618 1788 4695">
     <span class='ocr_line' id='line_1_92' title="bbox 256 4618 1788 4695; baseline 0.007 -26"><span class='ocrx_word' id='word_1_628' title='bbox 256 4635 452 4670; x_wconf 83' lang='lat' dir='ltr'><strong>merum</strong></span> <span class='ocrx_word' id='word_1_629' title='bbox 503 4618 803 4685; x_wconf 86' lang='lat' dir='ltr'><strong>angelorum</strong></span> <span class='ocrx_word' id='word_1_630' title='bbox 853 4621 964 4679; x_wconf 81' lang='lat' dir='ltr'><strong>eius</strong></span> <span class='ocrx_word' id='word_1_631' title='bbox 1002 4623 1086 4682; x_wconf 84' lang='lat'><strong>&quot;;</strong></span> <span class='ocrx_word' id='word_1_632' title='bbox 1130 4631 1183 4674; x_wconf 89' lang='lat' dir='ltr'><strong>et</strong></span> <span class='ocrx_word' id='word_1_633' title='bbox 1211 4623 1479 4678; x_wconf 86' lang='lat' dir='ltr'><strong>Davides:</strong></span> <span class='ocrx_word' id='word_1_634' title='bbox 1514 4625 1612 4690; x_wconf 83' lang='lat' dir='ltr'><strong>Qui</strong></span> <span class='ocrx_word' id='word_1_635' title='bbox 1663 4629 1788 4695; x_wconf 85' lang='lat' dir='ltr'><strong>facit</strong></span> 
     </span>
    </p>
   </div>
   <div class='ocr_carea' id='block_1_93' title="bbox 255 4707 1789 4781">
    <p class='ocr_par' dir='ltr' id='par_1_93' title="bbox 255 4707 1789 4781">
     <span class='ocr_line' id='line_1_93' title="bbox 255 4707 1789 4781; baseline 0.006 -23"><span class='ocrx_word' id='word_1_636' title='bbox 255 4707 462 4775; x_wconf 74' lang='lat' dir='ltr'><strong>angelos</strong></span> <span class='ocrx_word' id='word_1_637' title='bbox 491 4723 609 4760; x_wconf 85' lang='lat' dir='ltr'><strong>suos</strong></span> <span class='ocrx_word' id='word_1_638' title='bbox 625 4710 854 4774; x_wconf 84' lang='lat' dir='ltr'><strong>spiritus,</strong></span> <span class='ocrx_word' id='word_1_639' title='bbox 884 4718 930 4760; x_wconf 84' lang='lat' dir='ltr'><strong>et</strong></span> <span class='ocrx_word' id='word_1_640' title='bbox 971 4711 1227 4763; x_wconf 81' lang='lat' dir='ltr'><strong>ministros</strong></span> <span class='ocrx_word' id='word_1_641' title='bbox 1269 4715 1590 4781; x_wconf 80' lang='lat' dir='ltr'><strong>suos,ignem</strong></span> <span class='ocrx_word' id='word_1_642' title='bbox 1631 4733 1789 4767; x_wconf 84' lang='lat' dir='ltr'><strong>uren-</strong></span> 
     </span>
    </p>
   </div>
   <div class='ocr_carea' id='block_1_94' title="bbox 254 4798 1789 4868">
    <p class='ocr_par' dir='ltr' id='par_1_94' title="bbox 254 4798 1789 4868">
     <span class='ocr_line' id='line_1_94' title="bbox 254 4798 1789 4868; baseline 0.005 -20"><span class='ocrx_word' id='word_1_643' title='bbox 254 4806 354 4848; x_wconf 84' lang='lat' dir='ltr'><strong>tem</strong></span> <span class='ocrx_word' id='word_1_644' title='bbox 381 4798 448 4850; x_wconf 83' lang='lat'><strong>“.</strong></span> <span class='ocrx_word' id='word_1_645' title='bbox 477 4799 714 4860; x_wconf 82' lang='lat' dir='ltr'><strong>Atvero,</strong></span> <span class='ocrx_word' id='word_1_646' title='bbox 745 4814 1002 4866; x_wconf 90' lang='lat' dir='ltr'><strong>quonam,</strong></span> <span class='ocrx_word' id='word_1_647' title='bbox 1047 4816 1251 4867; x_wconf 71' lang='lat' dir='ltr'><strong>quaeso.</strong></span> <span class='ocrx_word' id='word_1_648' title='bbox 1301 4812 1456 4868; x_wconf 90' lang='lat' dir='ltr'><strong>pacto</strong></span> <span class='ocrx_word' id='word_1_649' title='bbox 1504 4805 1603 4856; x_wconf 91' lang='lat' dir='ltr'><strong>sibi</strong></span> <span class='ocrx_word' id='word_1_650' title='bbox 1656 4813 1789 4857; x_wconf 88' lang='lat' dir='ltr'><strong>tem-</strong></span> 
     </span>
    </p>
   </div>
   <div class='ocr_carea' id='block_1_95' title="bbox 254 4887 1787 4959">
    <p class='ocr_par' dir='ltr' id='par_1_95' title="bbox 254 4887 1787 4959">
     <span class='ocr_line' id='line_1_95' title="bbox 254 4887 1787 4959; baseline 0.005 -20"><span class='ocrx_word' id='word_1_651' title='bbox 254 4896 651 4954; x_wconf 87' lang='lat' dir='ltr'><strong>perassent,ne</strong></span> <span class='ocrx_word' id='word_1_652' title='bbox 683 4887 917 4955; x_wconf 82' lang='lat' dir='ltr'><strong>linguam</strong></span> <span class='ocrx_word' id='word_1_653' title='bbox 973 4889 1187 4958; x_wconf 84' lang='lat' dir='ltr'><strong>flagitiis</strong></span> <span class='ocrx_word' id='word_1_654' title='bbox 1238 4891 1604 4959; x_wconf 86' lang='lat' dir='ltr'><strong>hujuscemodi</strong></span> <span class='ocrx_word' id='word_1_655' title='bbox 1653 4909 1787 4947; x_wconf 93' lang='lat' dir='ltr'><strong>con-</strong></span> 
     </span>
    </p>
   </div>
   <div class='ocr_carea' id='block_1_96' title="bbox 253 4977 1784 5054">
    <p class='ocr_par' dir='ltr' id='par_1_96' title="bbox 253 4977 1784 5054">
     <span class='ocr_line' id='line_1_96' title="bbox 253 4977 1784 5054; baseline 0.008 -29"><span class='ocrx_word' id='word_1_656' title='bbox 253 4985 579 5054; x_wconf 71' lang='lat' dir='ltr'><strong>stuprarent,</strong></span> <span class='ocrx_word' id='word_1_657' title='bbox 634 4977 721 5043; x_wconf 89' lang='lat' dir='ltr'><strong>qui</strong></span> <span class='ocrx_word' id='word_1_658' title='bbox 775 4988 1114 5044; x_wconf 86' lang='lat' dir='ltr'><strong>portentosas</strong></span> <span class='ocrx_word' id='word_1_659' title='bbox 1169 4982 1515 5051; x_wconf 82' lang='lat' dir='ltr'><strong>omnegenus,</strong></span> <span class='ocrx_word' id='word_1_660' title='bbox 1555 4985 1784 5052; x_wconf 89' lang='lat' dir='ltr'><strong>impudi-</strong></span> 
     </span>
    </p>
   </div>
   <div class='ocr_carea' id='block_1_97' title="bbox 255 5063 1780 5138">
    <p class='ocr_par' dir='ltr' id='par_1_97' title="bbox 255 5063 1780 5138">
     <span class='ocr_line' id='line_1_97' title="bbox 255 5063 1780 5138; baseline 0.008 -24"><span class='ocrx_word' id='word_1_661' title='bbox 255 5078 448 5129; x_wconf 83' lang='lat' dir='ltr'><strong>casque</strong></span> <span class='ocrx_word' id='word_1_662' title='bbox 483 5063 756 5126; x_wconf 89' lang='lat' dir='ltr'><strong>libidines,</strong></span> <span class='ocrx_word' id='word_1_663' title='bbox 786 5066 918 5118; x_wconf 89' lang='lat' dir='ltr'><strong>citra</strong></span> <span class='ocrx_word' id='word_1_664' title='bbox 955 5067 1243 5130; x_wconf 87' lang='lat' dir='ltr'><strong>delectum,</strong></span> <span class='ocrx_word' id='word_1_665' title='bbox 1279 5072 1533 5138; x_wconf 89' lang='lat' dir='ltr'><strong>nullaque</strong></span> <span class='ocrx_word' id='word_1_666' title='bbox 1571 5073 1780 5126; x_wconf 87' lang='lat' dir='ltr'><strong>honesti</strong></span> 
     </span>
    </p>
   </div>
   <div class='ocr_carea' id='block_1_98' title="bbox 251 5153 1781 5231">
    <p class='ocr_par' dir='ltr' id='par_1_98' title="bbox 251 5153 1781 5231">
     <span class='ocr_line' id='line_1_98' title="bbox 251 5153 1781 5231; baseline 0.009 -28"><span class='ocrx_word' id='word_1_667' title='bbox 251 5155 459 5206; x_wconf 85' lang='lat' dir='ltr'><strong>ratione</strong></span> <span class='ocrx_word' id='word_1_668' title='bbox 501 5153 702 5213; x_wconf 87' lang='lat' dir='ltr'><strong>habita.</strong></span> <span class='ocrx_word' id='word_1_669' title='bbox 738 5157 1040 5210; x_wconf 87' lang='lat' dir='ltr'><strong>actionibus</strong></span> <span class='ocrx_word' id='word_1_670' title='bbox 1085 5159 1197 5213; x_wconf 90' lang='lat' dir='ltr'><strong>suis</strong></span> <span class='ocrx_word' id='word_1_671' title='bbox 1249 5169 1302 5213; x_wconf 89' lang='lat' dir='ltr'><strong>et</strong></span> <span class='ocrx_word' id='word_1_672' title='bbox 1365 5163 1638 5231; x_wconf 89' lang='lat' dir='ltr'><strong>mysteriis</strong></span> <span class='ocrx_word' id='word_1_673' title='bbox 1691 5178 1781 5216; x_wconf 81' lang='lat' dir='ltr'><strong>ex-</strong></span> 
     </span>
    </p>
   </div>
   <div class='ocr_carea' id='block_1_99' title="bbox 255 5250 587 5307">
    <p class='ocr_par' dir='ltr' id='par_1_99' title="bbox 255 5250 587 5307">
     <span class='ocr_line' id='line_1_99' title="bbox 255 5250 587 5307; baseline 0.006 -16"><span class='ocrx_word' id='word_1_674' title='bbox 255 5250 587 5307; x_wconf 85' lang='lat' dir='ltr'><strong>presserunt.</strong></span> 
     </span>
    </p>
   </div>
   <div class='ocr_carea' id='block_1_100' title="bbox 896 5331 1143 5386">
    <p class='ocr_par' dir='ltr' id='par_1_100' title="bbox 896 5331 1143 5386">
     <span class='ocr_line' id='line_1_100' title="bbox 896 5331 1143 5386; baseline 0.004 -1"><span class='ocrx_word' id='word_1_675' title='bbox 896 5331 1046 5386; x_wconf 81' lang='lat' dir='ltr'><strong>CAP.</strong></span> <span class='ocrx_word' id='word_1_676' title='bbox 1081 5336 1143 5386; x_wconf 94' lang='lat' dir='ltr'><strong>ll.</strong></span> 
     </span>
    </p>
   </div>
   <div class='ocr_carea' id='block_1_101' title="bbox 385 5415 1628 5498">
    <p class='ocr_par' dir='ltr' id='par_1_101' title="bbox 385 5415 1628 5498">
     <span class='ocr_line' id='line_1_101' title="bbox 385 5415 1628 5498; baseline 0.008 -28"><span class='ocrx_word' id='word_1_677' title='bbox 385 5415 621 5498; x_wconf 74' lang='lat' dir='ltr'><strong>Secunda</strong></span> <span class='ocrx_word' id='word_1_678' title='bbox 671 5421 875 5498; x_wconf 53' lang='lat' dir='ltr'><strong>hatresis</strong></span> <span class='ocrx_word' id='word_1_679' title='bbox 921 5422 1298 5498; x_wconf 59' lang='lat' dir='ltr'><strong>Nirolgilarnm</strong></span> <span class='ocrx_word' id='word_1_680' title='bbox 1332 5438 1405 5481; x_wconf 82' lang='lat' dir='ltr'><strong>est</strong></span> <span class='ocrx_word' id='word_1_681' title='bbox 1451 5433 1535 5498; x_wconf 88' lang='lat' dir='ltr'><strong>qui</strong></span> <span class='ocrx_word' id='word_1_682' title='bbox 1578 5441 1628 5482; x_wconf 83' lang='lat' dir='ltr'><strong>et</strong></span> 
     </span>
    </p>
   </div>
   <div class='ocr_carea' id='block_1_102' title="bbox 588 5486 1437 5552">
    <p class='ocr_par' dir='ltr' id='par_1_102' title="bbox 588 5486 1437 5552">
     <span class='ocr_line' id='line_1_102' title="bbox 588 5486 1437 5552; baseline 0.016 -16"><span class='ocrx_word' id='word_1_683' title='bbox 588 5486 934 5552; x_wconf 79' lang='lat' dir='ltr'><strong>baptizantnr,</strong></span> <span class='ocrx_word' id='word_1_684' title='bbox 972 5500 1019 5542; x_wconf 87' lang='lat' dir='ltr'><strong>et</strong></span> <span class='ocrx_word' id='word_1_685' title='bbox 1059 5491 1437 5550; x_wconf 84' lang='lat' dir='ltr'><strong>Gnosticorum.</strong></span> 
     </span>
    </p>
   </div>
   <div class='ocr_carea' id='block_1_103' title="bbox 309 5595 1736 5677">
    <p class='ocr_par' dir='ltr' id='par_1_103' title="bbox 309 5595 1736 5677">
     <span class='ocr_line' id='line_1_103' title="bbox 309 5595 1736 5677; baseline 0.011 -26"><span class='ocrx_word' id='word_1_686' title='bbox 309 5595 561 5652; x_wconf 78' lang='lat' dir='ltr'><strong>Nicolaus</strong></span> <span class='ocrx_word' id='word_1_687' title='bbox 583 5597 795 5664; x_wconf 73' lang='lat' dir='ltr'><strong>qufdam</strong></span> <span class='ocrx_word' id='word_1_688' title='bbox 831 5601 1126 5656; x_wconf 68' lang='lat' dir='ltr'><strong>Antiochiae</strong></span> <span class='ocrx_word' id='word_1_689' title='bbox 1175 5606 1237 5657; x_wconf 92' lang='lat' dir='ltr'><strong>ad</strong></span> <span class='ocrx_word' id='word_1_690' title='bbox 1283 5608 1537 5677; x_wconf 86' lang='lat' dir='ltr'><strong>Daphnen</strong></span> <span class='ocrx_word' id='word_1_691' title='bbox 1587 5625 1736 5668; x_wconf 90' lang='lat' dir='ltr'><strong>ortus</strong></span> 
     </span>
    </p>
   </div>
   <div class='ocr_carea' id='block_1_104' title="bbox 315 5719 1301 5786">
    <p class='ocr_par' dir='ltr' id='par_1_104' title="bbox 315 5719 1301 5786">
     <span class='ocr_line' id='line_1_104' title="bbox 315 5719 1301 5786; baseline 0.01 -15"><span class='ocrx_word' id='word_1_692' title='bbox 315 5720 361 5752; x_wconf 84' lang='lat'>&quot;</span> <span class='ocrx_word' id='word_1_693' title='bbox 393 5719 543 5775; x_wconf 88' lang='lat' dir='ltr'><strong>Deut.</strong></span> <span class='ocrx_word' id='word_1_694' title='bbox 575 5738 733 5785; x_wconf 79' lang='lat' dir='ltr'><strong>um,</strong></span> <span class='ocrx_word' id='word_1_695' title='bbox 760 5720 810 5776; x_wconf 87' lang='lat'><strong>8.</strong></span> <span class='ocrx_word' id='word_1_696' title='bbox 886 5722 929 5753; x_wconf 87' lang='lat'>“</span> <span class='ocrx_word' id='word_1_697' title='bbox 951 5723 1086 5776; x_wconf 86' lang='lat' dir='ltr'><strong>Psal.</strong></span> <span class='ocrx_word' id='word_1_698' title='bbox 1114 5741 1224 5786; x_wconf 78' lang='lat' dir='ltr'><strong>czu,</strong></span> <span class='ocrx_word' id='word_1_699' title='bbox 1250 5728 1301 5781; x_wconf 77' lang='grc'><strong>4.</strong></span> 
     </span>
    </p>
   </div>
   <div class='ocr_carea' id='block_1_105' title="bbox 1889 4444 3420 4507">
    <p class='ocr_par' dir='ltr' id='par_1_105' title="bbox 1889 4444 3420 4507">
     <span class='ocr_line' id='line_1_105' title="bbox 1889 4444 3420 4507; baseline -0.004 -7"><span class='ocrx_word' id='word_1_700' title='bbox 1889 4463 1953 4500; x_wconf 85' lang='lat' dir='ltr'><strong>ex</strong></span> <span class='ocrx_word' id='word_1_701' title='bbox 1992 4462 2057 4500; x_wconf 90' lang='lat' dir='ltr'><strong>eo</strong></span> <span class='ocrx_word' id='word_1_702' title='bbox 2093 4448 2230 4499; x_wconf 84' lang='lat' dir='ltr'><strong>facta</strong></span> <span class='ocrx_word' id='word_1_703' title='bbox 2275 4445 2454 4507; x_wconf 86' lang='lat' dir='ltr'><strong>fuerit,</strong></span> <span class='ocrx_word' id='word_1_704' title='bbox 2504 4445 2712 4503; x_wconf 72' lang='lat' dir='ltr'><strong>fimum.</strong></span> <span class='ocrx_word' id='word_1_705' title='bbox 2768 4444 2923 4495; x_wconf 90' lang='lat' dir='ltr'><strong>simul</strong></span> <span class='ocrx_word' id='word_1_706' title='bbox 2965 4458 3026 4496; x_wconf 89' lang='lat' dir='ltr'><strong>ac</strong></span> <span class='ocrx_word' id='word_1_707' title='bbox 3078 4444 3255 4495; x_wconf 91' lang='lat' dir='ltr'><strong>editus</strong></span> <span class='ocrx_word' id='word_1_708' title='bbox 3303 4452 3420 4503; x_wconf 88' lang='lat' dir='ltr'><strong>est.</strong></span> 
     </span>
    </p>
   </div>
   <div class='ocr_carea' id='block_1_106' title="bbox 1889 4534 3418 4606">
    <p class='ocr_par' dir='ltr' id='par_1_106' title="bbox 1889 4534 3418 4606">
     <span class='ocr_line' id='line_1_106' title="bbox 1889 4534 3418 4606; baseline -0.004 -16"><span class='ocrx_word' id='word_1_709' title='bbox 1889 4547 2164 4606; x_wconf 90' lang='lat' dir='ltr'><strong>arreptum</strong></span> <span class='ocrx_word' id='word_1_710' title='bbox 2232 4537 2284 4590; x_wconf 90' lang='lat' dir='ltr'><strong>in</strong></span> <span class='ocrx_word' id='word_1_711' title='bbox 2341 4536 2597 4587; x_wconf 89' lang='lat' dir='ltr'><strong>mortario</strong></span> <span class='ocrx_word' id='word_1_712' title='bbox 2637 4534 2997 4594; x_wconf 92' lang='lat' dir='ltr'><strong>contundunt.</strong></span> <span class='ocrx_word' id='word_1_713' title='bbox 3045 4535 3228 4600; x_wconf 80' lang='lat' dir='ltr'><strong>illique</strong></span> <span class='ocrx_word' id='word_1_714' title='bbox 3291 4535 3418 4594; x_wconf 88' lang='lat' dir='ltr'><strong>mel,</strong></span> 
     </span>
    </p>
   </div>
   <div class='ocr_carea' id='block_1_107' title="bbox 1887 4622 3419 4693">
    <p class='ocr_par' dir='ltr' id='par_1_107' title="bbox 1887 4622 3419 4693">
     <span class='ocr_line' id='line_1_107' title="bbox 1887 4622 3419 4693; baseline -0.003 -16"><span class='ocrx_word' id='word_1_715' title='bbox 1887 4626 2040 4693; x_wconf 71' lang='lat' dir='ltr'><strong>piper</strong></span> <span class='ocrx_word' id='word_1_716' title='bbox 2083 4634 2139 4679; x_wconf 89' lang='lat' dir='ltr'><strong>et</strong></span> <span class='ocrx_word' id='word_1_717' title='bbox 2199 4633 2471 4693; x_wconf 89' lang='lat' dir='ltr'><strong>unguenta</strong></span> <span class='ocrx_word' id='word_1_718' title='bbox 2525 4622 2709 4674; x_wconf 89' lang='lat' dir='ltr'><strong>nescio</strong></span> <span class='ocrx_word' id='word_1_719' title='bbox 2758 4637 2876 4690; x_wconf 77' lang='lat' dir='ltr'><strong>qure</strong></span> <span class='ocrx_word' id='word_1_720' title='bbox 2923 4623 3258 4681; x_wconf 89' lang='lat' dir='ltr'><strong>immiscent.</strong></span> <span class='ocrx_word' id='word_1_721' title='bbox 3307 4631 3419 4674; x_wconf 91' lang='lat' dir='ltr'><strong>tum</strong></span> 
     </span>
    </p>
   </div>
   <div class='ocr_carea' id='block_1_108' title="bbox 1888 4711 3420 4782">
    <p class='ocr_par' dir='ltr' id='par_1_108' title="bbox 1888 4711 3420 4782">
     <span class='ocr_line' id='line_1_108' title="bbox 1888 4711 3420 4782; baseline -0.004 -13"><span class='ocrx_word' id='word_1_722' title='bbox 1888 4719 2068 4769; x_wconf 88' lang='lat' dir='ltr'><strong>cuncti</strong></span> <span class='ocrx_word' id='word_1_723' title='bbox 2106 4731 2170 4769; x_wconf 81' lang='lat' dir='ltr'><strong>ex</strong></span> <span class='ocrx_word' id='word_1_724' title='bbox 2197 4731 2261 4768; x_wconf 91' lang='lat' dir='ltr'><strong>eo</strong></span> <span class='ocrx_word' id='word_1_725' title='bbox 2287 4721 2559 4782; x_wconf 85' lang='lat' dir='ltr'><strong>gustantes</strong></span> <span class='ocrx_word' id='word_1_726' title='bbox 2591 4711 2757 4779; x_wconf 84' lang='lat' dir='ltr'><strong>digito</strong></span> <span class='ocrx_word' id='word_1_727' title='bbox 2784 4729 2796 4763; x_wconf 93' lang='lat'>:</span> <span class='ocrx_word' id='word_1_728' title='bbox 2833 4712 3066 4773; x_wconf 87' lang='lat' dir='ltr'><strong>Gratias.</strong></span> <span class='ocrx_word' id='word_1_729' title='bbox 3109 4711 3281 4773; x_wconf 90' lang='lat' dir='ltr'><strong>aiunt,</strong></span> <span class='ocrx_word' id='word_1_730' title='bbox 3309 4712 3420 4778; x_wconf 87' lang='lat' dir='ltr'><strong>agi-</strong></span> 
     </span>
    </p>
   </div>
   <div class='ocr_carea' id='block_1_109' title="bbox 1888 4801 3420 4868">
    <p class='ocr_par' dir='ltr' id='par_1_109' title="bbox 1888 4801 3420 4868">
     <span class='ocr_line' id='line_1_109' title="bbox 1888 4801 3420 4868; baseline -0.003 -11"><span class='ocrx_word' id='word_1_731' title='bbox 1888 4822 2028 4868; x_wconf 90' lang='lat' dir='ltr'><strong>mus,</strong></span> <span class='ocrx_word' id='word_1_732' title='bbox 2084 4821 2116 4857; x_wconf 87' lang='grc' dir='ltr'>ο</span> <span class='ocrx_word' id='word_1_733' title='bbox 2164 4806 2337 4864; x_wconf 90' lang='lat' dir='ltr'><strong>Deus.</strong></span> <span class='ocrx_word' id='word_1_734' title='bbox 2388 4802 2529 4868; x_wconf 89' lang='lat' dir='ltr'><strong>quod</strong></span> <span class='ocrx_word' id='word_1_735' title='bbox 2588 4817 2615 4853; x_wconf 92' lang='lat' dir='ltr'><strong>a</strong></span> <span class='ocrx_word' id='word_1_736' title='bbox 2673 4801 2913 4868; x_wconf 89' lang='lat' dir='ltr'><strong>principe</strong></span> <span class='ocrx_word' id='word_1_737' title='bbox 2969 4801 3420 4868; x_wconf 63' lang='lat' dir='ltr'><strong>concupiscentia</strong></span> 
     </span>
    </p>
   </div>
   <div class='ocr_carea' id='block_1_110' title="bbox 1887 4890 3422 4954">
    <p class='ocr_par' dir='ltr' id='par_1_110' title="bbox 1887 4890 3422 4954">
     <span class='ocr_line' id='line_1_110' title="bbox 1887 4890 3422 4954; baseline -0.004 -6"><span class='ocrx_word' id='word_1_738' title='bbox 1887 4896 2056 4948; x_wconf 85' lang='lat' dir='ltr'><strong>delusi</strong></span> <span class='ocrx_word' id='word_1_739' title='bbox 2104 4893 2322 4946; x_wconf 91' lang='lat' dir='ltr'><strong>minime</strong></span> <span class='ocrx_word' id='word_1_740' title='bbox 2370 4891 2650 4951; x_wconf 88' lang='lat' dir='ltr'><strong>fuerimus,</strong></span> <span class='ocrx_word' id='word_1_741' title='bbox 2698 4890 2788 4942; x_wconf 91' lang='lat' dir='ltr'><strong>sed</strong></span> <span class='ocrx_word' id='word_1_742' title='bbox 2837 4890 3042 4954; x_wconf 91' lang='lat' dir='ltr'><strong>lapsum</strong></span> <span class='ocrx_word' id='word_1_743' title='bbox 3092 4892 3269 4942; x_wconf 81' lang='lat' dir='ltr'><strong>fratris</strong></span> <span class='ocrx_word' id='word_1_744' title='bbox 3311 4891 3422 4942; x_wconf 89' lang='lat' dir='ltr'><strong>col-</strong></span> 
     </span>
    </p>
   </div>
   <div class='ocr_carea' id='block_1_111' title="bbox 1887 4979 3416 5052">
    <p class='ocr_par' dir='ltr' id='par_1_111' title="bbox 1887 4979 3416 5052">
     <span class='ocr_line' id='line_1_111' title="bbox 1887 4979 3416 5052; baseline -0.003 -15"><span class='ocrx_word' id='word_1_745' title='bbox 1887 4983 2194 5052; x_wconf 82' lang='lat' dir='ltr'><strong>legerimus.</strong></span> <span class='ocrx_word' id='word_1_746' title='bbox 2223 4984 2394 5048; x_wconf 83' lang='lat' dir='ltr'><strong>Atque</strong></span> <span class='ocrx_word' id='word_1_747' title='bbox 2431 4981 2529 5032; x_wconf 92' lang='lat' dir='ltr'><strong>hoc</strong></span> <span class='ocrx_word' id='word_1_748' title='bbox 2559 4979 2854 5048; x_wconf 88' lang='lat' dir='ltr'><strong>perfectum</strong></span> <span class='ocrx_word' id='word_1_749' title='bbox 2895 4994 3012 5033; x_wconf 85' lang='lat' dir='ltr'><strong>esse</strong></span> <span class='ocrx_word' id='word_1_750' title='bbox 3062 4979 3261 5032; x_wconf 86' lang='lat' dir='ltr'><strong>Pascha</strong></span> <span class='ocrx_word' id='word_1_751' title='bbox 3318 4995 3416 5047; x_wconf 68' lang='lat' dir='ltr'><strong>puv</strong></span> 
     </span>
    </p>
   </div>
   <div class='ocr_carea' id='block_1_112' title="bbox 1888 5081 2019 5125">
    <p class='ocr_par' dir='ltr' id='par_1_112' title="bbox 1888 5081 2019 5125">
     <span class='ocr_line' id='line_1_112' title="bbox 1888 5081 2019 5125; baseline -0.008 -1"><span class='ocrx_word' id='word_1_752' title='bbox 1888 5081 2019 5125; x_wconf 89' lang='lat' dir='ltr'><strong>tant.</strong></span> 
     </span>
    </p>
   </div>
   <div class='ocr_carea' id='block_1_113' title="bbox 2191 5157 3140 5224">
    <p class='ocr_par' dir='ltr' id='par_1_113' title="bbox 2191 5157 3140 5224">
     <span class='ocr_line' id='line_1_113' title="bbox 2191 5157 3140 5224; baseline -0.002 -13"><span class='ocrx_word' id='word_1_753' title='bbox 2191 5158 2452 5211; x_wconf 76' lang='lat' dir='ltr'><strong>Ha’reseos</strong></span> <span class='ocrx_word' id='word_1_754' title='bbox 2487 5159 2811 5224; x_wconf 69' lang='lat' dir='ltr'><strong>pra&#39;cedentis</strong></span> <span class='ocrx_word' id='word_1_755' title='bbox 2840 5157 3140 5221; x_wconf 78' lang='lat' dir='ltr'><strong>confatalia.</strong></span> 
     </span>
    </p>
   </div>
   <div class='ocr_carea' id='block_1_114' title="bbox 1953 5244 3416 5311">
    <p class='ocr_par' dir='ltr' id='par_1_114' title="bbox 1953 5244 3416 5311">
     <span class='ocr_line' id='line_1_114' title="bbox 1953 5244 3416 5311; baseline -0.003 -14"><span class='ocrx_word' id='word_1_756' title='bbox 1953 5245 2411 5310; x_wconf 87' lang='lat' dir='ltr'><strong>Quemadmodum</strong></span> <span class='ocrx_word' id='word_1_757' title='bbox 2456 5246 2594 5297; x_wconf 86' lang='lat' dir='ltr'><strong>inter</strong></span> <span class='ocrx_word' id='word_1_758' title='bbox 2632 5244 2920 5296; x_wconf 88' lang='lat' dir='ltr'><strong>duodecim</strong></span> <span class='ocrx_word' id='word_1_759' title='bbox 2972 5244 3240 5311; x_wconf 89' lang='lat' dir='ltr'><strong>apostolos</strong></span> <span class='ocrx_word' id='word_1_760' title='bbox 3291 5258 3416 5310; x_wconf 72' lang='lat' dir='ltr'><strong>pra-</strong></span> 
     </span>
    </p>
   </div>
   <div class='ocr_carea' id='block_1_115' title="bbox 1883 5335 3414 5402">
    <p class='ocr_par' dir='ltr' id='par_1_115' title="bbox 1883 5335 3414 5402">
     <span class='ocr_line' id='line_1_115' title="bbox 1883 5335 3414 5402; baseline -0.003 -10"><span class='ocrx_word' id='word_1_761' title='bbox 1883 5340 2022 5392; x_wconf 92' lang='lat' dir='ltr'><strong>ditor</strong></span> <span class='ocrx_word' id='word_1_762' title='bbox 2038 5339 2201 5391; x_wconf 86' lang='lat' dir='ltr'><strong>.ludas</strong></span> <span class='ocrx_word' id='word_1_763' title='bbox 2217 5339 2466 5390; x_wconf 89' lang='lat' dir='ltr'><strong>iuventus</strong></span> <span class='ocrx_word' id='word_1_764' title='bbox 2489 5347 2588 5400; x_wconf 89' lang='lat' dir='ltr'><strong>est,</strong></span> <span class='ocrx_word' id='word_1_765' title='bbox 2613 5340 2680 5389; x_wconf 89' lang='lat' dir='ltr'><strong>ita</strong></span> <span class='ocrx_word' id='word_1_766' title='bbox 2700 5339 2819 5389; x_wconf 90' lang='lat' dir='ltr'><strong>etin</strong></span> <span class='ocrx_word' id='word_1_767' title='bbox 2843 5345 3042 5402; x_wconf 89' lang='lat' dir='ltr'><strong>septem</strong></span> <span class='ocrx_word' id='word_1_768' title='bbox 3064 5335 3414 5388; x_wconf 88' lang='lat' dir='ltr'><strong>diaconorum</strong></span> 
     </span>
    </p>
   </div>
   <div class='ocr_carea' id='block_1_116' title="bbox 1882 5427 3408 5483">
    <p class='ocr_par' dir='ltr' id='par_1_116' title="bbox 1882 5427 3408 5483">
     <span class='ocr_line' id='line_1_116' title="bbox 1882 5427 3408 5483; baseline -0.004 0"><span class='ocrx_word' id='word_1_769' title='bbox 1882 5445 2107 5483; x_wconf 88' lang='lat' dir='ltr'><strong>numero</strong></span> <span class='ocrx_word' id='word_1_770' title='bbox 2151 5430 2402 5482; x_wconf 85' lang='lat' dir='ltr'><strong>Nicolaus</strong></span> <span class='ocrx_word' id='word_1_771' title='bbox 2442 5428 2807 5481; x_wconf 81' lang='lat' dir='ltr'><strong>Antiochenus</strong></span> <span class='ocrx_word' id='word_1_772' title='bbox 2853 5428 2928 5479; x_wconf 91' lang='lat' dir='ltr'><strong>illi</strong></span> <span class='ocrx_word' id='word_1_773' title='bbox 2980 5441 3037 5478; x_wconf 90' lang='lat' dir='ltr'><strong>se</strong></span> <span class='ocrx_word' id='word_1_774' title='bbox 3083 5427 3223 5479; x_wconf 88' lang='lat' dir='ltr'><strong>haud</strong></span> <span class='ocrx_word' id='word_1_775' title='bbox 3270 5427 3408 5479; x_wconf 86' lang='lat' dir='ltr'><strong>absi-</strong></span> 
     </span>
    </p>
   </div>
   <div class='ocr_carea' id='block_1_117' title="bbox 1883 5517 3410 5587">
    <p class='ocr_par' dir='ltr' id='par_1_117' title="bbox 1883 5517 3410 5587">
     <span class='ocr_line' id='line_1_117' title="bbox 1883 5517 3410 5587; baseline -0.003 -15"><span class='ocrx_word' id='word_1_776' title='bbox 1883 5523 2060 5574; x_wconf 89' lang='lat' dir='ltr'><strong>milem</strong></span> <span class='ocrx_word' id='word_1_777' title='bbox 2101 5520 2345 5586; x_wconf 73' lang='lat' dir='ltr'><strong>praebuit,</strong></span> <span class='ocrx_word' id='word_1_778' title='bbox 2375 5534 2543 5587; x_wconf 89' lang='lat' dir='ltr'><strong>usque</strong></span> <span class='ocrx_word' id='word_1_779' title='bbox 2601 5519 2734 5572; x_wconf 89' lang='lat' dir='ltr'><strong>adeo</strong></span> <span class='ocrx_word' id='word_1_780' title='bbox 2767 5532 2943 5570; x_wconf 90' lang='lat' dir='ltr'><strong>rerum</strong></span> <span class='ocrx_word' id='word_1_781' title='bbox 2985 5517 3221 5569; x_wconf 91' lang='lat' dir='ltr'><strong>omnium</strong></span> <span class='ocrx_word' id='word_1_782' title='bbox 3266 5518 3410 5568; x_wconf 90' lang='lat' dir='ltr'><strong>nulla</strong></span> 
     </span>
    </p>
   </div>
   <div class='ocr_carea' id='block_1_118' title="bbox 1881 5607 3404 5678">
    <p class='ocr_par' dir='ltr' id='par_1_118' title="bbox 1881 5607 3404 5678">
     <span class='ocr_line' id='line_1_118' title="bbox 1881 5607 3404 5678; baseline -0.005 -12"><span class='ocrx_word' id='word_1_783' title='bbox 1881 5621 1977 5672; x_wconf 83' lang='lat' dir='ltr'><strong>est,</strong></span> <span class='ocrx_word' id='word_1_784' title='bbox 2021 5625 2179 5678; x_wconf 87' lang='lat' dir='ltr'><strong>quam</strong></span> <span class='ocrx_word' id='word_1_785' title='bbox 2206 5611 2490 5673; x_wconf 81' lang='lat' dir='ltr'><strong>sinceram,</strong></span> <span class='ocrx_word' id='word_1_786' title='bbox 2515 5619 2625 5664; x_wconf 87' lang='lat' dir='ltr'><strong>eta</strong></span> <span class='ocrx_word' id='word_1_787' title='bbox 2663 5608 2803 5662; x_wconf 86' lang='lat' dir='ltr'><strong>malo</strong></span> <span class='ocrx_word' id='word_1_788' title='bbox 2844 5621 3068 5675; x_wconf 81' lang='lat' dir='ltr'><strong>prorsus</strong></span> <span class='ocrx_word' id='word_1_789' title='bbox 3112 5607 3404 5659; x_wconf 89' lang='lat' dir='ltr'><strong>innnuucm</strong></span> 
     </span>
    </p>
   </div>
  </div>
