4274 6382
859 371 993 434 li’i'f

2094 380 2386 439 NICETE
2433 381 2827 441 CHONIATE

3892 381 4038 446 125.8

853 484 1034 537 dicere
1074 501 1255 552 queas:
1292 488 1381 540 sed
1415 487 1553 541 inter
1574 489 1757 556 spinas
1790 491 1949 543 etiam
1984 506 2099 544 rosa
2136 495 2391 555 nascitur,
2422 496 2465 547 Α
2497 490 2727 545 diabolis
2758 494 2920 545 etiam
2964 493 3215 561 virtutem
3273 491 3555 561 quamdam
3624 489 3865 548 ascribit.
3907 504 4043 555 (μω

854 585 908 625 et
942 588 1044 625 una
1090 591 1211 626 cum
1274 575 1545 630 frumento
1610 579 1793 632 lolium
1839 582 2085 649 emergit.
2126 583 2389 637 Caeterum

861 661 1027 713 miser
1063 661 1168 717 ille.
1208 662 1484 730 imposque
1513 668 1710 721 mentis
1735 683 1855 720 cum
1889 671 2116 736 primum
2146 687 2174 722 a
2216 683 2392 739 septe-

854 763 1008 798 nario
1068 750 1416 805 diaconorum
1464 770 1687 808 numero
1737 756 2049 826 digressus.
2094 761 2388 828 virginemn

853 849 1065 899 qquuc
1126 846 1325 889 coetum
1369 842 1738 908 corrupisset,
1817 860 1883 897 eo
1932 848 2075 914 quod
2133 851 2390 905 adulterae

856 926 1202 991 scelestzeque
1235 931 1443 982 mulieri
1487 947 1601 985 sese
1645 936 1865 989 uxorius
1912 938 2186 992 addixerat
2215 981 2227 1000 .
2279 945 2387 1009 jam

860 1027 1033 1070 neque.
1089 1024 1291 1081 Septem
1352 1021 1568 1088 collegis
1626 1026 1917 1093 quidquam
1962 1029 2385 1098 impertieliatur,

852 1116 1023 1167 neque
1072 1107 1353 1159 viduarum
1402 1128 1584 1164 curam
1642 1118 1870 1183 amplius
1913 1134 2096 1187 gerere
2153 1123 2384 1187 volebat,

852 1189 957 1240 into
1009 1208 1137 1243 vero
1190 1197 1441 1249 saeculum
1498 1216 1712 1269 quoque
1768 1205 1896 1257 illud
1946 1218 2193 1262 octavum
2244 1215 2385 1279 quod

852 1280 1007 1330 nobis
1035 1282 1319 1341 aliquando
1350 1302 1721 1343 successurum
1759 1304 1863 1353 cst.
1910 1300 2313 1363 aspernabatur.

922 1370 1117 1421 Eorum
1151 1389 1331 1439 porro.
1370 1380 1459 1444 qui
1509 1380 1742 1443 Gnostiei
1776 1385 1902 1436 dicti
1944 1397 2065 1438 sunt
2091 1429 2102 1449 ,
2147 1391 2386 1445 actiones

848 1466 899 1508 et
938 1463 1217 1528 praestigias
1247 1475 1389 1517 tanta
1419 1471 1798 1534 spurcitiarnm
1836 1489 2169 1544 omnegenus
2204 1480 2382 1534 illuvie

848 1543 1076 1598 infames
1105 1562 1408 1612 evaserant.
1446 1564 1502 1606 nt
1543 1572 1651 1623 prte
1697 1560 1802 1611 illis
1850 1562 1961 1627 ipse
1991 1543 2382 1632 turpitudinum

848 1638 1100 1703 magister
1140 1641 1386 1695 diabolus
1421 1645 1680 1701 honestus
1718 1651 1885 1704 videri
1928 1657 2109 1720 possit.
2151 1658 2382 1711 Proinde

846 1728 913 1776 ab
963 1727 1267 1795 hujnsmodi
1325 1733 1606 1789 Camarina
1670 1743 1926 1794 movenda
1984 1749 2378 1814 supersedens,

844 1815 1017 1881 iisque
1053 1818 1188 1870 adeo
1219 1820 1607 1889 describendis,
1638 1844 1754 1894 quae
1786 1831 1957 1883 modis
1999 1836 2250 1889 omnibus
2284 1838 2382 1890 dc-

846 1905 1093 1956 testanda
1149 1908 1319 1970 juxta,
1351 1910 1561 1980 Det-quo
1594 1916 1969 1983 ingratissima,
2007 1923 2379 1992 designarunt,

844 1989 1114 2046 limrescos
1165 1993 1429 2051 Cnostica:
1488 2002 1777 2057 lectoribus
1810 2018 1996 2060 auctor
2037 2012 2267 2077 fuerim,
2320 2026 2377 2069 ut

850 2080 1091 2133 Ithacum
1127 2085 1286 2137 heroa
1317 2088 1503 2140 imitati
1540 2106 1697 2143 aures
1735 2108 1859 2145 suas
1898 2111 2017 2148 cera
2074 2099 2376 2166 obstruant,

842 2182 949 2219 non
986 2185 1051 2221 eo
1081 2172 1333 2237 quidem,
1383 2192 1490 2243 quo
1542 2178 1818 2247 Syrena‘os
1863 2186 2110 2241 modulos
2156 2201 2373 2257 przeter-

844 2258 1145 2322 vehantur,
1198 2264 1287 2316 sed
1325 2282 1390 2317 ne
1445 2284 1565 2320 cum
1614 2273 1837 2326 auribus
1884 2285 1937 2327 et
1978 2276 2157 2345 lingua
2209 2280 2377 2348 ipsam

844 2360 1058 2411 quoque
1091 2350 1307 2413 γνῶσιν,
1339 2353 1438 2405 lioe
1468 2366 1568 2416 est,
1601 2358 1860 2411 rationem
1897 2371 1949 2414 et
1975 2363 2376 2432 intelligentiam

839 2446 1217 2500 conspureent,
1258 2441 1382 2492 du'n
1443 2444 1594 2496 facile
1629 2462 1785 2500 aures
1838 2451 1903 2500 iis
1950 2452 2193 2516 legendis
2236 2472 2375 2523 prae-

844 2523 992 2584 bent,
1044 2543 1162 2591 quae
1217 2544 1310 2580 sua
1371 2532 1645 2599 impietate
1699 2539 1992 2604 quamlibet
2048 2544 2375 2611 impietatem

840 2615 1022 2667 multis
1052 2632 1208 2683 paras
1245 2623 1359 2689 ngis
1388 2640 1736 2692 exsuperant.

1460 2757 1608 2813 CAP.
1668 2762 1756 2817 Ill.

849 2858 1018 2915 Tertia
1061 2866 1288 2931 Im'rm's,
1346 2868 1845 2939 Carpocrateuorum
1879 2894 1895 2930 :
1932 2880 1984 2931 In'
2019 2880 2373 2948 baptizautur.

907 2994 1256 3061 Carpocrules
1302 3001 1520 3068 quidam
1552 3005 1684 3069 (40).
1719 3023 1838 3060 cum
1893 3023 2073 3079 ageret
2114 3015 2165 3066 in
2226 3017 2370 3081 Asia,

838 3086 1125 3150 Spurcitias
1160 3104 1488 3157 omnegenus
1521 3094 1589 3146 ibi
1617 3096 1820 3157 docuit.
1859 3103 2170 3173 nullumque
2195 3110 2370 3164 scelus

837 3176 1218 3236 praeteri-risit.
1268 3180 1423 3247 cujus
1458 3198 1562 3235 non
1625 3198 1769 3238 certa
1798 3202 2059 3259 praecepta
2112 3198 2368 3263 traderet,

836 3260 939 3313 hoc
974 3263 1177 3323 addito,
1214 3265 1326 3319 lieri
1360 3285 1464 3321 non
1501 3262 1773 3338 posse,iut
1831 3279 2112 3346 quisquam
2148 3285 2368 3347 hincad

837 3365 1148 3418 supremum
1191 3357 1384 3409 emlum
1424 3364 1785 3425 transcendat,
1822 3368 1925 3419 nisi
1966 3385 2021 3421 se
2055 3373 2203 3438 prius
2241 3392 2367 3444 pec-

836 3440 972 3491 catis
1011 3442 1260 3495 onmibus
1322 3444 1675 3513 immerserit,
1724 3452 2133 3525 daemonumque
2177 3440 2370 3517 volun-

842 3536 934 3585 tati
965 3534 1254 3590 .ibserntus
1284 3536 1463 3592 fuerit.
1496 3542 1719 3609 Nuptias
1767 3560 1930 3612 porro
1981 3550 2222 3620 abrogat,
2264 3571 2366 3610 nec

840 3633 1175 3676 mortuorum
1205 3630 1657 3682 resurrectionem
1689 3634 1942 3689 admittit.
1974 3637 2363 3709 Exc0gitarunt

833 3720 996 3767 etiam
1055 3717 1435 3783 Carpocrateni
1499 3725 1915 3792 prmstigiaturas
1953 3739 2005 3783 et
2050 3733 2369 3790 incantatio-

834 3818 953 3861 nes,
1000 3819 1117 3870 qua:
1148 3806 1491 3862 dtemoniacis
1535 3814 1742 3865 artibus
1789 3818 2038 3872 onmibus
2066 3836 2368 3891 exsequen-

833 3890 917 3941 dis
956 3890 1281 3945 suﬂicercnt.
1317 3894 1538 3963 Insuper
1587 3909 1640 3950 et
1680 3901 1911 3968 sigillum
1961 3890 2236 3972 cauterio,
2283 3914 2366 3966 vel

834 3980 1094 4031 novacula
1135 3982 1215 4032 vel
1268 3983 1459 4036 subula
1501 3988 1796 4056 cartilagini
1845 3995 1991 4046 auris
2029 4011 2215 4051 eorum
2265 4000 2366 4053 im-

835 4064 1157 4130 primeliant,
1194 4083 1327 4129 quos
1358 4070 1697 4138 deccperant,
1731 4087 1789 4127 ut
1822 4077 1921 4131 hoc
1972 4082 2171 4135 indicio
2199 4097 2359 4151 esset,

831 4164 980 4202 suam
1013 4152 1080 4204 ab
1118 4153 1222 4205 illis
1263 4158 1484 4209 haeresin
1532 4164 1890 4227 comprobari.
1935 4168 2085 4223 Unde
2123 4180 2177 4223 et
2205 4174 2365 4235 illar-

830 4239 1022 4290 eellina
1070 4242 1309 4307 quaadam
1360 4245 1426 4296 ab
1472 4247 1572 4300 illis
1614 4250 1833 4305 seducta
1863 4254 2044 4309 Roma:
2086 4259 2186 4311 sub
2236 4261 2365 4314 Ani-

828 4336 948 4376 ceto
1004 4330 1255 4395 episeopo
1313 4333 1593 4399 Romano,
1648 4348 2013 4397 matronarum
2081 4347 2362 4417 plerasque

2492 582 2795 635 animarum
2826 582 2891 635 ad
2929 582 3095 636 caelos
3154 585 3399 636 aseensui
3441 583 3787 641 adversetur,
3836 595 4036 631 earum

2502 671 2788 738 imprimis.
2833 687 2950 738 quae
2981 671 3149 724 fmdas
3194 673 3244 723 in
3286 672 3524 724 actiones
3555 685 3612 723 se
3644 670 3864 722 minime
3900 685 4038 735 pro—

2490 760 2775 811 volverint.
2831 760 2930 823 Qui
2980 769 3156 812 tamen
3188 748 3389 812 tantum
3424 759 3595 819 abest,
3632 757 3857 825 utquod
3908 771 4036 809 ma-

2490 847 2631 898 xime
2686 847 2947 913 cupiunt,
2990 846 3057 899 ad
3116 855 3355 914 Optatum
3400 847 3555 899 linem
3594 845 3919 912 perducant.
3966 855 4033 895 ut

2489 938 2649 989 etiam
2692 938 2989 1004 ingressum
3036 938 3089 990 in
3144 953 3335 1005 porcos
3383 937 3486 990 sibi
3547 937 3774 990 liberum
3829 936 3947 987 dari
3999 950 4033 988 ι

2490 1025 2599 1077 Deo
2634 1034 2689 1077 et
2738 1026 2953 1078 homine
2991 1025 3207 1079 Christo
3250 1025 3541 1093 petierint,
3600 1040 3699 1076 nec
3754 1025 3917 1076 iidem
3973 1025 4033 1075 in

2488 1112 2715 1169 bubilia,
2750 1121 2803 1164 et
2851 1114 3010 1166 ovilia
3042 1115 3183 1178 Jobi,
3217 1130 3314 1166 nec
3343 1113 3395 1165 in
3442 1113 3613 1180 ipsum
3658 1113 3892 1179 denique
3934 1126 4033 1162 ra-

2488 1204 2629 1256 biem
2678 1220 2827 1258 suam
2876 1220 3127 1258 exercere
3185 1205 3286 1257 alia
3346 1204 3460 1271 lege
3519 1205 3834 1269 penitissum
3892 1212 4025 1260 est,

2485 1308 2643 1359 quam
2675 1295 2797 1359 quia
2846 1294 2915 1346 ita
2973 1294 3171 1346 divina:
3221 1293 3492 1345 decretum
3546 1291 3895 1359 providentiae
3945 1289 4031 1341 fe-

2485 1382 2655 1432 rebat.
2690 1382 2917 1444 Quinam
2949 1396 3077 1432 vero
3141 1380 3231 1432 alii
3270 1394 3331 1430 ex
3359 1379 3465 1430 alto
3516 1380 3706 1429 cadere
3766 1388 4030 1441 tanquam

2483 1469 2681 1534 fulgur,
2711 1484 2737 1521 a
2772 1470 2990 1521 Christo
3023 1468 3118 1519 visi
3152 1474 3297 1527 sunt,
3328 1481 3485 1532 quam
3516 1465 3725 1531 reprobi
3772 1466 4025 1530 spiritus.

2481 1569 2667 1606 eovum
2709 1556 2954 1621 princeps
2998 1553 3236 1614 Satanas,
3290 1562 3537 1618 tanquam
3584 1553 3820 1600 exterior
3863 1553 4027 1613 ignis,

2481 1642 2704 1711 pervigil
2742 1644 2959 1705 vermis,
3014 1643 3367 1709 geliennaque
3417 1653 3691 1705 nunquam
3732 1635 4033 1688 desinens?

2484 1732 2714 1783 Proinde
2750 1732 2871 1784 novi
2910 1732 3041 1783 nihil
3090 1731 3141 1782 in
3215 1745 3281 1781 eo
3346 1729 3664 1794 designant,
3718 1728 3858 1792 quod
3915 1742 4029 1778 nu-

2482 1823 2620 1887 ptias
2669 1821 3008 1888 improbent,
3058 1820 3111 1872 iu
3157 1818 3433 1869 libidinem
3500 1816 3712 1867 interim
3769 1814 4028 1866 dililuen—

2483 1919 2581 1969 tes.
2631 1909 2873 1977 nihilque
2909 1924 3014 1960 non
3060 1907 3319 1960 foeditatis
3369 1915 3460 1957 aut
3506 1913 3744 1972 agentes,
3784 1911 3877 1954 aut
3922 1916 4027 1969 pa-

2485 1995 2698 2047 tienles.

2549 2085 2699 2148 Quod
2751 2096 2930 2138 autem
2986 2085 3326 2152 Carpocratis
3388 2094 3682 2139 sectatores
3727 2086 4019 2147 haereseos,

2482 2174 2654 2241 sigilla
2706 2177 2973 2243 quaedam,
3005 2176 3299 2229 annulosve
3344 2177 3462 2229 imae
3496 2177 3857 2229 auricularum
3887 2190 4025 2243 pro-

2480 2264 2753 2317 minentis:
2812 2266 3065 2333 inﬁgunt,
3122 2267 3173 2318 in
3221 2282 3285 2319 eo
3315 2267 3660 2330 conveniunt,
3688 2281 4024 2334 prorsusque

2479 2367 2535 2405 se
2597 2364 2987 2408 consentaueos
3060 2364 3473 2422 protestantur,
3562 2355 3829 2422 serpentis
3899 2355 4021 2421 ejus

2483 2446 2708 2509 argutiis
2744 2453 2797 2497 et
2845 2447 3193 2513 itnposturis,
3247 2448 3335 2514 qui
3377 2445 3429 2497 in
3485 2445 3604 2497 Evze
3631 2460 3813 2498 aurem
3863 2445 4023 2498 insu-

2486 2537 2740 2588 surravit.

2549 2625 2681 2676 Hine.
2725 2626 2868 2678 enim
2918 2627 3257 2694 perspicuum
3313 2624 3531 2676 omnino
3567 2624 3659 2684 fit,
3703 2638 3861 2691 quam
3908 2622 4022 2675 sint

2475 2716 2671 2768 divinis
2728 2718 3008 2783 prmeeptis
3081 2717 3378 2781 obstreperi
3467 2724 3522 2768 et
3597 2713 4015 2772 inobedientes,

2476 2821 2746 2873 quamque
2785 2806 3011 2858 alienam
3046 2807 3113 2859 ab
3165 2806 3437 2865 Ecclesiae,
3476 2812 3728 2871 tanquam
3772 2802 4017 2856 Paradisi

2476 2896 2718 2955 alterius,
2772 2898 2939 2962 septis
2978 2897 3227 2947 insistant
3272 2897 3430 2955 viain,
3469 2908 3629 2962 quam
3682 2892 3902 2960 quidem
3961 2892 4019 2943 iu

2475 2985 2715 3038 fraudem
2747 2986 2915 3036 nostri
2957 2987 3170 3052 generis
3215 2996 3485 3047 auctores,
3537 2984 3679 3037 dicto
3742 2982 4019 3050 serpentis

2397 3096 2439 3152 (ι
2474 3073 2776 3138 audientes,
2807 3075 3175 3128 incurrerunt.

3095 3207 3243 3261 CAP.
3298 3209 3387 3261 IV.

2575 3322 2780 3387 Quarta
2812 3321 3017 3373 hmresis
3056 3318 3317 3370 Valentini
3362 3327 3456 3369 est.
3497 3319 3568 3370 Ab
3599 3321 3696 3371 hac
3720 3329 3901 3371 autem

2864 3391 3214 3457 resipiscentes
3258 3388 3610 3454 baptizantur.

2537 3524 2818 3593 Egyptius
2835 3523 3049 3576 natione
3069 3524 3380 3577 Valentinus
3402 3523 3479 3584 (Η
3492 3524 3530 3584 i.
3548 3525 3817 3579 Antonino
3831 3524 4015 3593 primo

2476 3614 2795 3682 imperante,
2853 3627 2974 3665 cum
3010 3612 3312 3666 Graecarum
3348 3612 3750 3680 disciplinarum
3790 3615 4005 3677 orbem,

2470 3716 2632 3769 quem
2664 3700 3142 3767 ἐγκυκλοπαιδείαν
3176 3702 3381 3762 dicunt,
3412 3703 3750 3763 εώεοινὲδευι,
3782 3705 4004 3770 triginta

2468 3792 2635 3852 deos,
2687 3791 3016 3859 totidemque
3070 3793 3259 3844 secula
3313 3802 3367 3844 et
3438 3794 3603 3845 cmlos
3664 3794 4007 3856 introduxit,

2466 3881 2774 3950 quindecim
2828 3881 3079 3933 nimirum
3130 3882 3422 3942 masculos,
3464 3892 3516 3933 et
3566 3883 3873 3947 quindecim
3925 3884 4007 3936 fe-

2467 3974 2681 4033 minas,
2749 3985 2976 4038 quorum
3025 3971 3245 4023 musculi
3295 3986 3357 4022 ex
3408 3971 3634 4023 adverso
3676 3972 4006 4025 feminarum

2466 4069 2691 4114 starent.
2734 4060 2933 4112 Eorum
2972 4058 3184 4111 nomina
3223 4059 3309 4110 ille
3361 4067 3659 4125 percenset.
3703 4060 3916 4111 tametsi
3972 4076 4002 4112 a

2467 4166 2551 4204 me
2624 4154 3124 4219 praetermittuntur.
3189 4152 3341 4203 llunc
3415 4164 3575 4212 porro
3646 4150 4001 4201 tricenarium

2466 4240 2688 4294 deorum
2723 4258 3005 4296 numerum
3051 4242 3327 4308 spirituale
3357 4242 3612 4308 pleroma.
3650 4240 3749 4291 hoc
3781 4248 3865 4293 est
3897 4240 4006 4305 ple-

2464 4332 2782 4393 nitudinem,
2829 4345 3004 4386 vocat.
3059 4332 3285 4401 Bytltum
3329 4346 3457 4383 vero
3511 4330 3527 4395 (
3575 4345 3732 4395 quem
3784 4331 4003 4396 triginta

827 4418 1069 4469 eamdem
1100 4419 1149 4469 in
1204 4420 1427 4476 Interesin
1460 4427 1695 4492 pellexit.
1723 4431 1939 4485 Statuas
1961 4413 2120 4487 etiam
2144 4437 2360 4492 Christo
2394 4413 2442 4473 θ
2467 4419 2515 4471 h‘

2315 4449 2360 4492 ιο
2394 4413 2656 4473 Dhorum
2708 4421 3024 4472 saeculorum
3080 4429 3412 4488 propatorem
3476 4434 3572 4472 seu
3617 4433 3773 4469 avum
3824 4419 4003 4475 dicit)

826 4514 881 4556 et
927 4505 1126 4575 Paulo,
1153 4507 1261 4561 imo
1298 4511 1457 4563 etiam
1498 4514 1827 4583 Pythagorae,
1875 4524 2189 4591 calorisque
2236 4527 2360 4593 phi-

825 4592 1062 4660 losophis
1110 4596 1341 4665 erigunt,
1383 4616 1517 4668 quas
1558 4603 1608 4656 in
1664 4608 1891 4659 occultis
1943 4610 2078 4665 locis
2113 4613 2353 4671 adorant.

825 4682 1048 4750 insuper
1070 4685 1375 4741 Graecorum
1398 4706 1609 4759 quoque
1633 4697 1898 4762 mysteriis
1925 4708 2168 4754 utuntur.

1099 4817 1355 4872 Han-esea:
1404 4825 1736 4889 prwcedcntis
1782 4828 2084 4894 confatalia.

896 4929 991 4982 llic
1010 4929 1361 4999 Carpocrates
1387 4933 1648 4987 hazreseos
1677 4938 1989 5005 asperitate,
2047 4958 2164 5009 qua:
2189 4949 2358 5000 varias

824 5017 875 5067 in
930 5018 1211 5084 Opiniones
1259 5021 1527 5084 dissecta,
1590 5024 1800 5077 sincero
1855 5028 2069 5093 pietatis
2126 5032 2357 5100 dogmati

823 5107 1230 5171 adversabatur,
1265 5110 1446 5163 ell‘ecit
1490 5121 1547 5163 ut
1573 5115 1805 5182 ἀκάρπῳ
1837 5116 1936 5178 illi,
1984 5118 2087 5172 hoc
2133 5131 2215 5174 est
2247 5133 2356 5175 ste-

822 5195 907 5246 rili
941 5204 995 5247 et
1062 5197 1402 5251 infructuosae
1461 5201 1608 5263 lieni,
1662 5203 1907 5271 foliisque
1956 5217 2157 5261 tantum
2206 5212 2361 5264 luitu-

824 5280 1005 5343 rianti,
1069 5295 1228 5350 atque
1270 5289 1427 5339 etiam
1455 5329 1467 5351 ,
1509 5300 1572 5342 ut
1600 5290 1668 5342 ita
1722 5290 1895 5345 dicam
1921 5330 1938 5357 ,
1989 5294 2121 5350 fonti
2167 5299 2356 5354 limqu

822 5370 1096 5437 ejectanti,
1138 5372 1447 5429 simillimus
1483 5379 1735 5432 evaserit.

895 5458 993 5520 Qui
1044 5461 1397 5529 turpitudinis
1438 5467 1755 5522 omnimoda:
1784 5481 1969 5526 auctor
2005 5483 2057 5529 ct
2085 5477 2354 5546 magister,

899 5635 1006 5703 (Ml)
1039 5638 1173 5693 lrcn.
1201 5645 1294 5697 lili.
1327 5662 1361 5709 l,
1394 5664 1511 5718 cap.
1546 5652 1632 5703 ει.

2466 4509 2676 4563 szemtlis
2745 4510 2998 4563 omnibus
3064 4509 3385 4561 invisibilem
3429 4518 3485 4562 et
3532 4508 4003 4575 incomprehensi—

2464 4595 2627 4649 bilem
2686 4597 2898 4649 asserit.
2963 4596 3215 4663 Sopliiam
3269 4606 3479 4656 autem,
3539 4610 3634 4649 seu
3674 4596 3996 4661 sapientiam

2464 4688 2482 4748 (
2512 4700 2672 4751 quam
2712 4686 2921 4738 steculis
2956 4680 3246 4753 a‘ccensét)
3291 4703 3354 4739 ex
3384 4701 3586 4746 amore,
3623 4700 3731 4751 quo
3764 4684 3995 4751 Bytlium

2463 4782 2804 4840 propatorem
2852 4776 3300 4842 prosequebatur,
3354 4774 3663 4841 concepisse
3693 4774 3994 4841 subjungit,

2461 4873 2621 4929 atque
2679 4863 2960 4916 informem
3034 4866 3723 4932 substantiam.peperisse
3756 4903 3770 4925 ,
3826 4880 3991 4933 quam

2459 4951 2647 5020 Hylen,
2678 4967 2772 5005 seu
2803 4955 3115 5017 materiam,
3166 4957 3442 5008 nominat:
3489 4954 3786 5023 cujusmodi
3838 4965 3993 5022 partu

2458 5056 2581 5094 cum
2614 5042 2992 5109 indolesceret,
3017 5044 3081 5096 ad
3113 5056 3450 5112 propatorem
3483 5060 3538 5098 se
3565 5044 3896 5105 contulisse,
3940 5057 3995 5097 et

2457 5129 2583 5196 quid
2616 5145 2767 5195 passa
2798 5141 2959 5193 esset,
2992 5148 3173 5185 coram
3206 5134 3539 5187 renuntiasse
3584 5133 3736 5185 addit
3764 5149 3778 5184 :
3834 5135 3991 5201 eique

2454 5217 2724 5284 supplices
2768 5217 2964 5271 Eonas
3008 5235 3223 5287 quoque.
3284 5222 3559 5288 reliquos,
3638 5235 3732 5273 seu
3793 5223 3991 5273 secula

2454 5316 2636 5374 presto
2665 5307 2903 5360 adfuisse
2939 5320 3343 5363 commemorat:
3381 5310 3466 5363 cui
3495 5326 3616 5362 cum
3659 5311 3987 5377 pepercisset

2456 5395 2677 5463 Bythus,
2716 5396 3002 5448 terminum
3036 5412 3155 5449 mox
3187 5414 3306 5451 cum
3356 5400 3547 5463 Philia,
3580 5415 3673 5453 seu
3725 5401 3987 5461 amicitia,

2457 5486 2685 5550 conjuge
2717 5483 3021 5545 consﬁtuit,
3057 5499 3214 5551 quem
3250 5486 3463 5554 quidem
3512 5490 3802 5542 terminum
3860 5503 3988 5543 cru-

2540 5658 2647 5729 (£2)
2685 5661 2820 5715 lren.
2849 5662 2940 5716 lib.
2969 5678 3004 5725 ι,
3030 5678 3143 5731 cap.
3178 5664 3220 5718 Ι.
