4274 6382
235 413 370 478 1239

1464 410 1851 471 THESAURI
1897 414 1968 471 LI
1980 413 2041 472 Β.
2087 413 2184 472 ιν.

3290 415 3478 478 1150-

230 533 347 569 cem
377 515 634 575 nominat,
672 515 880 582 aliaque
917 514 1156 567 fabulosa
1221 515 1438 568 nomina
1492 516 1769 585 conﬁngit.
1803 526 1837 573 Α
1868 518 2358 570 consummationem
2412 519 2668 572 seculi".
2739 521 2813 574 De
2883 519 3248 576 universitatis
3295 525 3422 576 item

235 605 370 658 Hinc
417 607 668 673 subjicit,
709 605 1167 673 quemadmodum
1209 605 1559 675 Unigenitus,
1613 610 1777 660 nimi-

237 713 356 748 rum
403 696 668 756 Cbristus,
699 708 748 748 et
789 697 1022 762 Spiritus
1077 708 1334 758 sanctus,
1392 697 1622 750 consilio
1677 699 1774 750 l'a-

237 788 340 838 tris
379 785 443 838 ad
473 786 788 838 saeculorum
830 789 1175 839 securitatem
1228 788 1539 854 propositus
1595 787 1775 840 fuerit.

239 877 333 929 Ait
370 877 510 929 enim
563 892 589 926 ιι
617 877 832 928 Christo
866 878 1059 952 sarcula
1101 877 1374 939 didicisse,
1425 877 1566 944 quod
1624 879 1780 930 Pater

244 965 808 1032 incomprehensibilis
829 977 1003 1028 esset;
1042 964 1302 1032 Spiritum
1330 977 1508 1019 autem
1533 977 1778 1020 sanctum

243 1052 602 1118 aequalitatem
657 1054 868 1104 saeculis
912 1069 1031 1106 esse
1078 1055 1348 1123 largitum.
1409 1054 1542 1107 Cum
1599 1066 1778 1107 autem

242 1142 468 1208 quilibet
488 1143 536 1192 in
560 1142 792 1194 medium
811 1158 1160 1210 quzeeumquc
1176 1144 1533 1211 pulcherrima
1552 1145 1783 1197 habebat

243 1230 578 1293 contulisset,
610 1233 937 1298 propositum
971 1233 1172 1285 idcirco
1202 1237 1381 1287 Jesum
1412 1235 1597 1293 fuisse,
1621 1249 1780 1302 quem

244 1321 414 1372 Deum
446 1338 656 1388 quoque
690 1327 1051 1385 Servatorem,
1098 1324 1371 1376 Christum
1397 1363 1411 1384 .
1447 1341 1500 1378 et
1547 1327 1781 1378 Verbum

247 1410 547 1472 nominant,
601 1427 721 1462 cum
784 1428 891 1478 quo
942 1412 1157 1479 angeli,
1211 1421 1459 1480 tanquam
1521 1414 1784 1465 satellites

250 1497 444 1548 hastati
477 1499 745 1550 venerint.
777 1500 876 1564 Qui
919 1501 1186 1554 Valentini
1222 1501 1444 1554 Interesin
1483 1512 1780 1564 set-tantur,

248 1595 587 1636 mortuorum
647 1590 1120 1650 resurrectionem,
1177 1599 1230 1640 et
1268 1591 1430 1642 Vetus
1471 1591 1783 1642 Testamen-

252 1683 362 1724 tum
400 1675 722 1740 irnprobant,
756 1685 810 1728 et
844 1679 1088 1744 quamvis
1119 1678 1412 1744 PrOphetas
1459 1680 1667 1746 legant,
1721 1696 1783 1733 ea

252 1769 428 1812 tamen
461 1763 721 1814 duntaxat
760 1765 1073 1829 admittunt,
1121 1782 1239 1833 qua:
1273 1777 1499 1833 possunt
1535 1769 1780 1822 absolute

249 1849 315 1902 ad
347 1865 494 1903 suam
537 1853 774 1919 ipsorum
809 1855 1033 1909 hieresin
1074 1858 1405 1924 detorqueri.

324 1944 484 1997 Aiunt
524 1944 754 2011 denique
786 1945 1058 1998 Christum
1085 1964 1112 2000 a
1140 1949 1318 2016 seipso
1349 1967 1544 2020 corpus
1579 1971 1783 2008 assum-

252 2033 446 2100 psisse,
478 2041 531 2086 et
567 2049 660 2099 per
692 2035 900 2086 beatam
942 2036 1231 2103 Virginem,
1281 2054 1387 2092 non
1429 2057 1583 2095 secus
1619 2054 1780 2113 atque

249 2135 346 2188 per
381 2121 640 2180 canalem,
684 2126 1017 2177 transivisse.

528 2252 792 2308 llwreseos
833 2262 1162 2325 pra‘cedentis
1204 2267 1506 2332 con/utalia.

321 2385 671 2452 Posteaquam
725 2403 751 2439 a
815 2389 969 2442 Patre
1015 2396 1274 2448 mendacii
1348 2399 1567 2452 doctore
1632 2400 1786 2453 fabu.

251 2471 396 2525 losas
426 2491 592 2541 nugas
625 2477 932 2531 Valentinus
956 2482 1255 2546 didicisset,
1291 2502 1385 2538 sua
1413 2491 1578 2541 solius
1604 2504 1788 2543 aucto-

252 2562 412 2615 ritate
463 2567 722 2632 prineipia
773 2571 1083 2634 constituit,
1139 2576 1268 2627 deos
1309 2585 1362 2627 et
1412 2581 1602 2630 saecula
1657 2595 1786 2632 cono

256 2653 409 2708 ﬁnxit
463 2658 926 2728 delirantibusque
977 2665 1292 2722 hominibus
1348 2672 1581 2724 tradidit.
1650 2675 1782 2726 Nam

251 2760 374 2798 cum
426 2747 592 2802 GﬂBCi
649 2753 936 2804 multorum
970 2794 984 2815 ,
1028 2755 1232 2810 llebrtei
1295 2775 1424 2810 Vero
1473 2763 1636 2814 unius
1689 2765 1786 2815 do-

252 2834 512 2885 minatum
545 2837 792 2901 prohent.
820 2849 872 2891 et
903 2854 1249 2906 venerentur,
1282 2861 1488 2912 nosque
1523 2852 1657 2902 adeo
1684 2852 1782 2916 ipsi

255 2921 486 2981 Patrem,
545 2921 760 2984 Filium,
799 2936 851 2977 et
907 2927 1162 2994 Spiritum
1223 2941 1466 2983 sanctum
1524 2937 1782 2990 colamus:

258 3007 344 3059 hic
387 3010 619 3063 tricenos
649 3019 796 3072 deos,
832 3017 1063 3068 tricenos
1101 3019 1284 3079 cwlos,
1340 3021 1544 3073 tricena
1593 3027 1784 3076 stecula

257 3096 440 3158 tradit,
505 3100 630 3164 ipsis
692 3111 834 3153 certe
887 3102 1083 3157 Graecis
1135 3107 1185 3158 in
1240 3111 1506 3174 soperllua
1562 3115 1784 3163 deorum

254 3187 596 3240 tnultitudme
659 3194 1005 3258 excogitanda
1065 3195 1232 3248 multo
1279 3199 1635 3252 ambitiosior.
1681 3201 1784 3252 lm-

255 3275 444 3338 primis
504 3287 680 3328 autern
750 3282 1344 3346 incomprehensibilem
1393 3290 1676 3353 quemdam
1733 3299 1788 3342 et

256 3359 575 3413 invisibilem
625 3365 845 3432 Bythum
904 3370 1219 3422 seculorum
1282 3386 1576 3427 creatorem
1638 3393 1786 3429 com-

255 3457 486 3508 meritus,
520 3466 638 3501 cum
694 3457 966 3506 nonnullis
1004 3459 1140 3520 aliis,
1189 3477 1310 3526 qua:
1363 3474 1564 3517 tantum
1615 3467 1783 3530 abest,

257 3538 572 3602 utdiguosci
604 3550 821 3604 queant,
870 3558 988 3593 cum
1041 3548 1198 3610 digna
1237 3550 1360 3612 sint,
1403 3569 1518 3618 quzc
1559 3557 1609 3607 in
1651 3559 1787 3608 obli-

253 3623 427 3676 vionis
454 3633 630 3692 ρυυιιν,
667 3645 758 3681 seu
793 3632 1230 3697 profunditatem,
1279 3641 1654 3710 demerguntur
1708 3649 1786 3700 sic

254 3719 462 3764 tandem
511 3717 558 3764 in
597 3716 792 3769 Christi
829 3723 1153 3773 mentionem
1177 3724 1354 3777 obiter
1389 3728 1594 3788 incidit,
1618 3746 1786 3797 eaque

251 3801 436 3855 de'illo
472 3818 669 3865 narrat,
721 3824 838 3874 qiue
883 3813 949 3860 ab
974 3811 1284 3865 orthodoxis
1317 3815 1706 3881 improbantur,
1733 3828 1788 3872 et

249 3907 314 3943 eo
357 3893 572 3945 demum
613 3899 929 3961 prolabitur.
981 3909 1038 3950 ut
1102 3907 1550 3957 resurrectionem
1607 3918 1784 3974 neget,

250 3993 350 4030 nec
392 3981 442 4030 id
478 3998 605 4033 sane
655 3986 940 4037 imtnerito.
983 3989 1038 4039 Ei
1069 3991 1234 4053 enim,
1293 3994 1382 4058 qui
1427 3996 1666 4047 veritatis
1696 3997 1787 4048 ad-

249 4071 506 4122 versariis
564 4072 809 4139 dogmata
857 4091 912 4128 se
959 4081 1358 4144 propositurum
1409 4084 1782 4149 proﬁtebatur,

254 4159 385 4209 ﬁdes
420 4161 521 4210 alia
553 4162 667 4228 lege
698 4179 803 4215 non
831 4175 948 4216 erat
1001 4167 1263 4233 habenda,
1307 4187 1466 4237 quam
1522 4175 1565 4225 si
1603 4191 1782 4228 resur-

252 4248 546 4300 rectionem
591 4255 935 4319 antiquaret,
981 4265 1034 4308 et
1073 4273 1136 4308 ex
1210 4266 1590 4328 consequentia
1639 4267 1782 4334 judi-

247 4337 390 4390 cium
447 4355 660 4407 quoque
725 4345 988 4409 rejiceret.
1060 4347 1192 4401 llinc
1247 4351 1381 4403 adeo
1447 4357 1783 4410 mendacium

1879 607 1989 659 Deo
2018 608 2128 660 haec
2172 606 2277 660 alio
2310 607 2361 658 in
2396 607 2514 660 loco
2543 609 2732 663 beatus
2765 610 2907 664 idem
2951 611 3180 665 Davides
3210 629 3223 663 :
3258 613 3296 665 Α
3328 629 3426 665 σω-

1880 695 1996 746 culo
2027 703 2073 744 et
2107 711 2265 763 usque
2327 696 2381 746 in
2440 695 2685 747 saeculum
2719 705 2775 748 tu
2836 715 2886 750 es
2921 700 2988 761 ⁹⁹,
3037 713 3137 766 pro
3165 713 3231 753 eo
3279 700 3426 768 quod

1881 795 1962 837 est
1987 801 1999 834 :
2037 783 2304 852 Principio
2332 795 2386 838 et
2415 787 2518 838 ﬁne
2547 801 2714 838 cares.
2747 786 2997 853 Proinde,
3023 790 3426 863 quia'steculum

1884 874 2228 925 intervallum
2259 875 2528 941 quoddam
2566 875 2854 942 significat,
2889 892 2955 929 ne
2994 879 3118 944 quis
3143 879 3306 931 stulte
3337 894 3428 930 ar-

1882 962 2114 1014 bitretur
2155 963 2316 1015 Deum
2375 964 2614 1016 universi
2667 972 2790 1016 ante
2843 966 3038 1017 secula
3089 982 3193 1018 non
3237 967 3427 1030 fuisse,

1882 1053 1985 1103 alio
2033 1053 2082 1104 in
2123 1053 2330 1105 Psalmo
2367 1053 2507 1106 idem
2557 1054 2646 1106 ille
2691 1055 2954 1120 Propheta
2986 1055 3068 1106 sic
3097 1057 3208 1108 ait:
3242 1056 3430 1108 Exau-

1881 1143 1982 1192 diet
2014 1141 2170 1203 Deus,
2203 1150 2250 1192 et
2283 1143 2579 1196 humiliabit
2605 1142 2743 1206 illos,
2783 1145 2871 1211 qui
2903 1153 2976 1195 est
3007 1153 3130 1197 ante
3163 1146 3357 1197 secula
3387 1147 3426 1198 '.

1883 1230 2146 1294 Quocirca
2192 1233 2284 1298 qui
2337 1234 2598 1294 unitersi,
2646 1233 2788 1285 idem
2853 1234 3177 1286 steculorum
3213 1250 3430 1301 quoque

1884 1324 2130 1373 conditor
2193 1329 2297 1380 est,
2359 1337 2466 1373 non
2517 1321 2732 1372 illorum
2795 1322 3014 1388 quidem
3089 1323 3325 1389 turpium
3365 1332 3421 1374 et

1883 1411 2170 1478 copulatim
2203 1411 2581 1470 conﬁctorum,
2613 1411 2706 1463 sed
2735 1425 2948 1472 eorum,
3009 1411 3208 1476 quibus
3251 1411 3432 1462 inter-

1882 1503 2078 1552 vallum
2109 1500 2395 1566 quodlibet
2425 1500 2775 1567 signiﬁcatur.
2830 1500 2942 1563 Qua
2971 1499 3189 1565 quidem
3224 1501 3432 1551 ratione

1884 1587 2074 1638 beatus
2129 1587 2217 1638 ille
2279 1587 2478 1637 Paulus
2527 1586 2837 1647 adducitur,
2891 1596 2950 1638 ut
2990 1586 3200 1639 Patrem
3231 1596 3288 1638 et
3344 1587 3431 1638 Fi-

1885 1675 2012 1728 liutn
2047 1677 2363 1727 saeculorum
2397 1686 2692 1727 creatorem
2723 1691 2841 1728 esse
2870 1677 3013 1727 dicat
3041 1693 3051 1722 :
3079 1675 3297 1726 Locutus
3355 1682 3431 1727 est

1887 1767 2049 1820 nobis,
2081 1764 2274 1825 inquit,
2315 1779 2365 1813 ιιι
2401 1759 2538 1814 Filio
2575 1779 2722 1830 quem
2746 1767 3006 1814 constituit
3029 1765 3279 1814 ha'redem
3308 1764 3431 1812 uni-

1815 1837 2148 1905 Bversorum
2179 1891 2192 1915 ,
2255 1870 2344 1916 per
2401 1869 2552 1919 quem
2607 1856 2723 1918 fecit
2771 1861 2820 1903 et
2871 1853 3063 1904 sucula
3102 1855 3144 1903 ’.
3193 1852 3428 1904 Verbum

1883 1960 2062 2013 porro,
2102 1945 2239 2012 fecit,
2281 1947 2596 1997 saeculorum
2649 1945 3000 1997 substantiam
3045 1961 3150 1996 non
3207 1945 3426 2008 indicat,

1884 2035 1977 2088 sed
2015 2035 2382 2087 universitatis
2446 2035 2556 2086 Deo
2617 2036 2979 2101 antiquiorem
3031 2049 3253 2100 prorsus
3305 2049 3426 2086 esse

1885 2124 2181 2176 neminem.
2227 2123 2347 2175 Alio
2400 2124 2528 2175 item
2567 2123 2619 2174 in
2659 2124 2776 2176 loco
2825 2125 2904 2177 sic
2936 2124 3094 2176 habet
3130 2142 3143 2176 :
3173 2123 3298 2191 Regi
3332 2140 3430 2174 sa:-

1886 2212 2122 2264 culorum
2167 2212 2474 2271 immortali,
2523 2213 2806 2273 invisibili,
2863 2215 2960 2265 soli
3011 2212 3134 2273 Deo,
3182 2209 3346 2265 honor
3379 2221 3429 2264 et
3496 2231 3504 2240 '

1884 2300 2072 2368 gloria,
2103 2303 2154 2353 in
2187 2302 2381 2355 swcula
2430 2301 2755 2354 swculorunt.
2803 2307 2961 2355 Amen
2995 2303 3031 2354 ³.
3076 2304 3191 2356 Non
3225 2312 3282 2353 ιιι
3328 2318 3428 2356 sa:-

1885 2391 2002 2442 cula
2062 2391 2321 2457 quaepiam
2379 2392 2652 2450 ostendat,
2702 2406 2820 2458 qua:
2866 2407 2960 2459 per
3010 2406 3065 2444 se
3113 2393 3428 2456 subsistant,

1885 2483 2064 2533 suisve
2100 2481 2344 2532 nitantur
2379 2481 2605 2543 viribus,
2637 2483 2727 2533 sed
2787 2496 3022 2547 perenne
3054 2483 3144 2534 Dei
3208 2499 3430 2549 regnum

1885 2570 2156 2637 pmdicet.
2189 2570 2331 2623 Idem
2359 2573 2644 2638 Apostolus
2683 2572 2810 2624 alibi
2862 2573 2938 2623 sic
2971 2574 3083 2624 ait:
3109 2571 3432 2639 Sapientiam

1886 2668 2056 2711 autem
2083 2660 2339 2727 lo1uimur
2368 2664 2498 2712 inter
2525 2662 2810 2727 perfectos:
2839 2663 3153 2724 sapientiam
3182 2678 3296 2712 vero
3331 2678 3434 2713 non

1883 2749 2056 2800 swculi
2088 2750 2259 2811 hujus,
2291 2765 2448 2815 neque
2480 2753 2746 2814 princpum
2777 2751 2957 2801 swculi
2987 2749 3140 2814 hujus
3170 2753 3257 2816 qui
3297 2752 3433 2801 dese-

1885 2848 2092 2899 runtur,
2112 2840 2199 2889 sed
2228 2839 2488 2905 loquimur
2509 2839 2602 2890 Dei
2617 2840 2927 2905 sapientiam
2951 2844 3000 2888 in
3031 2842 3289 2906 mysterio,
3322 2857 3434 2906 qua

1887 2929 2181 2979 abscondita
2199 2938 2294 2989 est,
2314 2944 2468 2995 quam
2486 2930 2871 2994 praedestinavit
2896 2929 3028 2980 Deus
3044 2940 3165 2980 ante
3179 2930 3368 2979 swcula
3383 2932 3430 2974 η.

1953 3017 2068 3070 Jam
2105 3031 2253 3080 vero,
2301 3017 2343 3068 si
2396 3019 2575 3070 carnis
2629 3028 2915 3084 assumpta:
2968 3019 3282 3083 mysterium
3332 3034 3432 3068 sa:-

1887 3109 2040 3167 t‘ulis,
2078 3116 2136 3158 ut
2185 3107 2366 3158 divina
2407 3115 2678 3158 testantur
2707 3108 2942 3167 oracula,
2999 3108 3276 3173 antiquius
3320 3116 3425 3167 est,

1887 3209 2182 3252 extremam
2223 3197 2274 3248 id
2322 3196 2648 3262 impietatem
2684 3197 2876 3260 arguit,
2921 3194 2964 3246 si
3025 3197 3150 3260 quis
3191 3195 3430 3246 universi

1887 3289 2054 3341 Deum
2097 3287 2306 3340 saxulis
2337 3287 2604 3352 iuniorem
2652 3287 2813 3337 dicat.
2847 3284 3009 3336 Isaias
3050 3301 3264 3351 quoque
3313 3300 3433 3348 pro-

1887 3379 2044 3445 pheta
2093 3379 2168 3429 sic
2227 3379 2528 3428 exclamat:
2587 3375 2724 3426 Deus
2775 3378 3114 3442 sempiternus
3166 3375 3430 3437 Dominus,

1886 3471 1972 3535 qui
2007 3471 2199 3519 creavit
2251 3469 2495 3518 terminos
2531 3474 2682 3517 terra:
2718 3468 2757 3516 ⁵.
2797 3467 2928 3516 Item
2964 3483 2976 3516 :
3007 3466 3042 3514 Α
3095 3466 3285 3516 swculo
3330 3481 3432 3515 non

1887 3559 2197 3620 audivimus,
2233 3575 2325 3609 nec
2357 3560 2492 3609 oculi
2525 3557 2686 3607 nostri
2731 3557 2967 3607 uiderunt
3008 3555 3193 3613 Deum,
3243 3565 3432 3620 praeter

1886 3653 1933 3694 te
1979 3647 2018 3697 ⁸.
2046 3647 2184 3698 Deus
2242 3647 2402 3714 igitur
2455 3648 2718 3696 universa:
2763 3654 2969 3695 naturae
3024 3645 3294 3703 conditor,
3347 3653 3431 3694 est

1886 3747 2008 3788 ante
2079 3737 2309 3797 sazcula,
2383 3737 2489 3786 imo
2538 3734 2795 3787 extremis
2870 3734 3032 3783 etiam
3097 3734 3434 3798 tenzpuribus

1887 3837 2080 3880 nostra:
2114 3827 2320 3878 salutis.
2363 3827 2500 3893 Ergo
2537 3842 2637 3876 una
2702 3841 2764 3877 ex
2822 3825 3102 3876 Trinitatis
3139 3832 3383 3892 personis
3411 3866 3430 3889 ,

1887 3916 2194 3982 unigenitus
2245 3916 2503 3966 nimirum
2545 3915 2716 3965 Patris
2753 3915 2962 3972 Sermo,
2995 3930 3114 3965 eum
3159 3931 3220 3966 ex
3272 3916 3430 3980 \‘irgi-
3468 3975 3474 3981 _

1885 4011 2001 4056 neis
2048 4004 2398 4071 sanguinibus
2441 4004 2542 4055 sibi
2590 4004 2843 4069 templum
2876 4004 3289 4061 exwtliﬁcasset.
3327 4007 3426 4056 du-

1885 4095 2078 4161 plicem
2111 4102 2379 4153 naturam,
2415 4107 2523 4143 non
2576 4100 2754 4144 autem
2824 4093 3133 4159 hypostasin
3159 4131 3173 4153 ,
3224 4093 3424 4146 habere

1883 4190 2031 4235 visus
2060 4192 2161 4235 est.
2214 4182 2495 4247 Carneque
2554 4179 2773 4231 indutus
2820 4196 2885 4232 ex
2934 4196 3149 4247 semper
3206 4183 3428 4248 virginis

1893 4283 2046 4326 utero
2093 4271 2270 4326 Mariae
2300 4273 2563 4335 processit
2591 4285 2604 4322 :
2631 4285 2736 4320 non
2770 4279 2948 4320 autem
2989 4285 3085 4335 per
3120 4270 3282 4330 illam,
3314 4279 3426 4322 tan-

1884 4378 2041 4432 quam
2106 4377 2202 4428 per
2268 4361 2504 4412 canalem
2567 4360 2858 4419 transivit,
2913 4369 2970 4411 ut
3024 4360 3237 4424 impuro
3299 4360 3425 4412 huic

250 4427 338 4480 ille
370 4445 528 4482 suum
562 4433 630 4484 ita
670 4438 994 4500 praestruxit,
1037 4445 1092 4488 ut
1140 4449 1290 4492 extra
1333 4457 1544 4495 omnem
1598 4462 1782 4513 repre-
1814 4446 1857 4499 Ι)
1886 4427 2168 4503 Vlalentino
2199 4448 2372 4501 visum
2421 4458 2522 4506 est,
2582 4448 2798 4525 cgsleste
2838 4461 3018 4497 secum
3071 4461 3266 4511 corpus
3329 4448 3424 4498 de-

249 4517 526 4572 hensionis
557 4521 724 4573 aleam
755 4525 988 4589 positum
1040 4527 1351 4582 videretur:
1398 4547 1496 4584 nec
1526 4533 1775 4598 advertit,

251 4609 414 4674 (quia
442 4611 694 4662 nimirum
736 4613 1004 4679 lymphata
1056 4625 1233 4668 mente
1264 4618 1558 4681 ferebatur,
1593 4622 1609 4686 )
1636 4625 1775 4688 quod

247 4701 501 4747 saeculum
543 4701 686 4748 nulla
720 4703 1016 4752 substantia
1062 4703 1148 4763 sit,
1190 4717 1306 4768 qua:
1359 4720 1454 4771 per
1486 4722 1542 4759 se
1597 4711 1774 4761 subsi-

251 4795 389 4836 stere
437 4799 618 4854 queat,
654 4789 745 4838 sed
799 4791 1136 4841 intervallum
1195 4792 1462 4858 quoddam
1525 4799 1779 4863 temporis

250 4878 429 4938 index,
481 4880 610 4929 alias
659 4880 874 4945 quidem
940 4881 1206 4944 immensi,
1257 4897 1377 4934 cum
1431 4884 1497 4936 de
1534 4885 1638 4937 Deo
1670 4889 1776 4938 sci-

248 4966 372 5020 licet
403 4971 748 5021 euuntiatur:
790 4972 922 5023 alias
953 4983 1159 5034 contra,
1214 4974 1354 5040 quod
1410 4989 1530 5026 cum
1586 4977 1773 5028 mundi

247 5055 494 5108 fabrica:
540 5059 673 5110 altas
723 5059 976 5126 denique,
1033 5062 1174 5128 quod
1221 5079 1342 5115 cum
1385 5065 1614 5115 humana
1668 5067 1775 5119 vita

248 5150 727 5201 commensurabile
761 5152 846 5203 sit.
883 5152 952 5202 De
1001 5151 1068 5203 iis
1101 5154 1247 5204 enim
1289 5155 1503 5206 divinus
1546 5154 1631 5206 ille
1677 5156 1776 5207 Da-

250 5239 395 5290 vides
435 5241 504 5290 ita
537 5241 772 5306 loquitur
802 5240 1096 5295 :Stzculum
1142 5253 1372 5297 nostrum
1419 5247 1471 5297 in
1511 5245 1778 5298 illumina-

247 5338 379 5381 t.one
414 5332 580 5382 vultus
628 5337 702 5383 tui
732 5334 797 5386 ".
861 5334 934 5387 De
985 5335 1169 5388 mundi
1220 5351 1385 5402 porro
1446 5336 1644 5390 fabrica
1699 5339 1778 5390 sic

245 5422 502 5478 Dominus
533 5426 705 5492 inquit
738 5443 750 5476 :
789 5425 915 5478 Ecce
959 5443 1048 5494 ego
1081 5427 1336 5480 uobiscum
1366 5446 1480 5480 sum
1521 5445 1677 5496 usque
1710 5431 1776 5481 ad

312 5617 354 5645 "
392 5614 532 5668 Psal.
583 5617 863 5680 Lxxxix,8.
942 5613 983 5645 ’⁸
1007 5613 1188 5666 .llatth.
1252 5629 1437 5677 xxviii,
1483 5614 1569 5666 20.

286 5683 478 5739 lTim.
509 5703 545 5749 ι,
600 5686 677 5738 l7.
789 5685 846 5737 ‘l
887 5681 1010 5736 Cor.
1047 5701 1106 5748 ιι,
1140 5686 1186 5746 7,
1223 5682 1274 5736 8.
1351 5684 1488 5736 'lsa.
1518 5699 1598 5744 λι,
1635 5683 1722 5736 28.

1679 5615 1722 5646 ⁹⁹
1753 5615 1890 5667 Psal.
1952 5627 2138 5665 Lme
2164 5649 2177 5669 .
2208 5609 2258 5663 9.

1799 5689 1817 5715 '
1850 5683 1946 5735 lsa.
1981 5697 2097 5744 ην,
2123 5681 2208 5733 21.

1881 4539 2080 4600 ferens,
2121 4539 2213 4591 sed
2260 4538 2400 4590 nuda
2449 4553 2568 4588 cum
2607 4537 2804 4588 deitate
2837 4535 2978 4586 illam
3019 4535 3257 4597 subiens,
3293 4552 3421 4602 pro—

1885 4638 1942 4681 ut
1981 4630 2176 4682 Paulus
2233 4631 2346 4694 ipse
2375 4643 2586 4694 quoque
2621 4627 2776 4678 docet
2825 4627 3105 4693 apertius:
3161 4625 3258 4687 Qui
3298 4643 3421 4676 san-

1879 4720 2090 4785 cliﬁcat,
2120 4728 2166 4769 et
2189 4721 2274 4785 qui
2312 4717 2725 4781 sattctiﬁcuntur,
2756 4733 2817 4767 ea:
2848 4732 2948 4766 uno
2983 4731 3156 4766 omnes
3181 4732 3198 4767 :
3240 4733 3424 4782 quum-

1885 4810 2053 4860 obrem
2100 4825 2200 4859 non
2256 4808 2496 4858 erubescit
2542 4808 2729 4871 fratres
2763 4822 2844 4857 eos
2875 4806 3141 4872 appellare
3169 4807 3223 4856 7:
3257 4819 3420 4871 quan-

1885 4897 2172 4962 doquidem
2207 4896 2259 4946 in
2309 4897 2446 4947 caelo
2499 4895 2630 4946 nihil
2675 4903 2759 4946 est
2792 4895 3037 4946 humana:
3073 4894 3424 4956 conditionis,

1883 5002 1981 5039 nec
2013 4985 2063 5036 in
2099 4987 2206 5037 vita
2244 4986 2352 5046 illa,
2393 5000 2511 5052 qua:
2551 4999 2712 5050 supra
2765 4985 3090 5035 mundanam
3122 4984 3258 5036 hanc
3287 4985 3418 5035 suh-

1881 5073 2230 5139 lunaremque
2284 5073 2514 5138 degitur,
2548 5072 2636 5122 ubi
2690 5071 2806 5123 vitii
2863 5072 3054 5123 morbo
3096 5071 3248 5122 locus
3302 5081 3409 5122 est.

1880 5165 1983 5218 Ubi
2032 5176 2157 5229 ergo
2206 5161 2326 5212 mali
2373 5160 2506 5212 nihil
2542 5171 2644 5222 est,
2701 5161 2953 5226 nullaque
3002 5159 3124 5211 vita:
3173 5160 3418 5212 humana:

1878 5251 2114 5303 conditio
2158 5250 2365 5308 visitur,
2398 5249 2490 5312 qui
2539 5247 2678 5311 ﬁeri,
2730 5262 2927 5313 qu:eso,
2968 5247 3206 5313 potuisse
3244 5248 3417 5298 credi-

1877 5342 1982 5393 bile
2030 5349 2151 5399 est,
2209 5346 2263 5389 ut
2327 5337 2451 5388 inde
2516 5337 2617 5389 sibi
2679 5351 2873 5402 corpus
2924 5337 3219 5389 humanum
3269 5337 3413 5389 Deus

1877 5431 2166 5491 asciverit?
2229 5442 2474 5497 quamam
2527 5428 2690 5480 etiam
2741 5436 2946 5480 natura:
2989 5436 3184 5480 nostrae
3230 5443 3414 5480 emcn-

2377 5611 2560 5665 ‘Psal.
2624 5625 2734 5673 Liv,
2792 5609 2878 5663 '20.

2285 5684 2302 5712 ⁷
2343 5681 2503 5734 llcbr.
2529 5695 2588 5745 ιι,
2626 5682 2706 5731 Η.

2989 5609 3006 5638 ’
3038 5605 3201 5662 llebr.
3261 5621 3298 5669 ι,
3353 5608 3410 5660 2-
