4274 6382
822 329 947 391 1251

2038 322 2328 383 NICETIE
2383 325 2579 382 (IHON
2594 326 2607 381 l
2622 326 2778 384 .-\.T:E

3843 331 3997 394 1252

822 437 971 489 datio
1001 435 1328 501 expectanda
1366 434 1574 497 fuisset,
1624 433 1667 487 si
1721 449 1842 487 eum
1912 444 2171 487 terrestre
2224 435 2343 484 ani'-
2378 443 2415 491 Α
2450 436 2501 487 in
2532 436 2757 488 Abraha:
2791 435 3135 489 tabernaculo
3168 450 3410 504 sumptus
3436 450 3535 502 est,
3583 439 3627 492 is
3660 454 3785 493 vero
3845 443 3997 495 sciat

825 526 932 578 mal
964 528 1106 593 gravi
1142 527 1329 578 morbo
1359 526 1649 585 laboraret,
1688 524 1831 576 aliud
1868 538 1895 574 a
1926 522 2240 576 cmlestibus
2264 523 2349 573 di-

817 630 1133 681 versumque
1156 615 1386 665 divinam
1415 614 1557 665 illam
1580 614 2005 665 commistioneni
2036 612 2348 677 recepisset?

821 703 950 759 Nam
1006 703 1123 769 quis
1159 715 1417 770 aegrotum
1473 718 1661 755 sanare
1710 711 1889 768 queat,
1949 703 2051 753 nisi
2109 702 2348 754 membro

822 793 957 844 male
1005 792 1197 844 aﬂ'ecto
1249 793 1684 858 peraeconinsoda
1744 789 1947 841 medi-la
2002 790 2348 856 applicetur?

822 881 931 935 Jani
962 883 1002 932 si
1048 892 1304 948 aegrotum
1356 884 1407 934 in
1443 882 1599 933 terris
1648 889 1890 946 agentem
1939 882 2113 929 virtus
2165 879 2346 931 divina

824 968 1123 1035 pertingere
1162 984 1263 1020 non
1296 969 1577 1034 potuisset,
1609 968 1819 1018 homini
1849 977 1994 1018 certe
2032 966 2162 1016 nihil
2219 982 2346 1033 pro-

822 1058 1009 1109 fulsset
1037 1058 1177 1109 circa
1205 1073 1261 1107 ea
1295 1058 1568 1123 occupari,
1592 1071 1710 1123 quae
1735 1072 1797 1108 ne
1837 1055 2347 1121 tantillum-quidem

823 1144 1018 1196 divina:
1052 1146 1266 1195 virtutis
1297 1146 1637 1210 impertitura
1667 1152 1839 1195 erant.
1890 1142 2154 1194 Cmterum
2189 1142 2222 1193 ii
2256 1143 2347 1208 qui

822 1241 1065 1283 naturam
1098 1241 1335 1282 nostram
1374 1233 1738 1283 conviciorum
1770 1231 2043 1296 plaustris.
2089 1237 2144 1282 et
2203 1230 2351 1281 velut

829 1335 858 1372 e
894 1322 1205 1386 proscenio.
1236 1322 1491 1380 lacerant,
1524 1320 1927 1385 nativitatisque
1962 1318 2220 1369 rationem
2254 1332 2346 1369 ca-

824 1413 1178 1469 lumniantur,
1226 1410 1327 1460 hoc
1370 1410 1475 1460 Deo
1536 1409 1851 1459 indecorum
1885 1406 2052 1459 fuisse
2120 1405 2258 1467 rati,
2292 1414 2350 1458 ut

824 1501 1010 1552 eodem
1047 1498 1202 1549 modo
1223 1511 1331 1563 quo
1353 1498 1590 1549 solemus
1614 1499 1726 1563 ipse
1766 1510 1980 1563 quoque
2012 1504 2347 1555 nasceretur,

824 1590 960 1640 etin
992 1590 1151 1639 terris
1194 1596 1532 1649 versaretur,
1596 1588 1769 1637 sciant
1816 1584 1954 1650 apud
1990 1585 2155 1635 Deum
2196 1592 2350 1649 turpe

828 1676 957 1727 ninil
998 1675 1181 1726 haberi
1219 1692 1230 1724 :
1274 1674 1406 1725 vitio
1455 1673 1714 1725 duntaxat
1750 1681 1992 1737 excepto,
2027 1679 2081 1723 et
2129 1670 2173 1723 si
2221 1670 2349 1737 quid

828 1766 891 1817 al
925 1765 1110 1815 vitium
1148 1765 1385 1830 proxime
1443 1762 1668 1813 accedit.
1718 1760 1930 1813 Naturae
1954 1773 2121 1826 porro
2158 1768 2355 1811 nostrae

832 1856 994 1905 series
1021 1853 1083 1903 ad
1115 1835 1280 1902 divini
1356 1862 1517 1902 nutus
1556 1850 1837 1901 arbitrium
1892 1850 2170 1916 legemque
2221 1855 2356 1899 tem-

831 1954 1043 2010 peratur
1071 1943 1226 2007 longe
1261 1940 1433 1992 aliena
1468 1954 1496 1991 a
1537 1938 1805 1991 calumnia
1853 1938 1940 1988 illa
1968 1975 1981 1998 ,
2038 1936 2125 1989 cui
2166 1937 2357 1989 vitium

832 2037 1118 2084 obnoxium
1159 2046 1275 2083 esse
1324 2031 1480 2082 solet.
1517 2029 1724 2095 Alioqui
1766 2028 1810 2079 si
1843 2026 1971 2093 quid
2005 2026 2057 2079 in
2108 2028 2357 2079 humana:

836 2131 1040 2174 natura:
1071 2122 1268 2172 fabrica
1316 2118 1838 2185 deprehenderetur,
1875 2117 2017 2184 quod
2052 2130 2159 2182 prae
2191 2116 2362 2182 turpi-

836 2211 1019 2262 tudine
1058 2218 1111 2260 et
1139 2207 1438 2259 indecentia
1468 2209 1597 2259 satis
1627 2212 1799 2259 tutum
1846 2220 1875 2257 a
1910 2204 2189 2256 calumnia:
2220 2217 2364 2254 mor-

835 2301 983 2353 sibus
1024 2312 1130 2350 non
1188 2309 1363 2360 eSset,
1404 2298 1457 2349 in
1508 2308 1805 2350 creatorem
1877 2305 2021 2347 certe
2066 2292 2223 2359 culpa
2272 2305 2362 2344 re-

837 2389 1122 2445 tiundaret.

910 2479 1135 2532 Proinde
1161 2492 1279 2529 cum
1316 2476 1369 2528 in
1416 2473 1693 2527 nativitate
1728 2472 1927 2525 Christi
1977 2479 2167 2523 caetera
2223 2469 2358 2521 mira

842 2571 1065 2629 iuerint,
1131 2582 1299 2632 eaque
1349 2566 1505 2626 adeo,
1563 2580 1682 2631 quat
1721 2563 1888 2615 Deum
1954 2560 2365 2626 haudquaquam

839 2659 1288 2723 dedecet-ent,(ut
1340 2656 1518 2707 tarnis
1573 2654 1773 2718 absque
1826 2651 2026 2703 semine
2069 2649 2364 2717 generatio,

848 2761 1127 2817 pro:essus
1186 2748 1386 2811 absque
1453 2744 1797 2809 torruptione
1838 2756 1852 2793 ;
1887 2748 1943 2790 ut
1980 2739 2165 2790 eadem
2198 2740 2368 2805 virgo,

844 2852 960 2903 qutt-
997 2846 1164 2887 mater
1204 2851 1218 2885 :
1254 2833 1398 2900 quod
1423 2833 1607 2883 eadem
1641 2839 1834 2890 mater,
1876 2842 1995 2893 qua:
2025 2827 2199 2893 virgo,
2235 2831 2367 2878 citra

844 2928 1004 2979 ullam
1039 2924 1358 2990 virginitatis
1410 2922 1462 2973 in
1510 2929 1666 2987 partu
1709 2921 1996 2986 jacturam,
2052 2916 2216 2966 fuerit
2259 2931 2273 2966 :
2316 2924 2372 2966 ut

2447 540 2504 578 sc
2537 540 2564 577 a
2592 535 2736 578 recta
2765 525 2967 577 ratione
2995 527 3149 594 longe
3177 528 3451 581 aberrare.
3487 530 3802 597 Huiusmodi
3824 532 3983 583 enim

2447 612 2649 666 cibaria
2709 615 3028 667 videbantur
3094 616 3199 668 alio
3264 618 3493 683 quodam
3537 620 3692 673 modo
3744 620 3997 682 absumi,

2448 703 2537 768 qui
2577 703 2646 764 ei,
2688 718 2715 755 a
2741 719 2848 771 quo
2888 704 3170 770 absumpta
3213 716 3355 767 sunt,
3391 707 3695 776 incognitus
3741 721 3995 763 nonest.

2446 788 2597 850 Quod
2651 790 2693 842 si
2743 792 2862 857 quis
2909 793 3071 844 stulte
3116 794 3487 860 incorporeum
3538 808 3782 848 naturam
3830 798 3992 851 hisce

2450 891 2599 928 usam
2656 880 2872 942 inferat,
2918 880 3027 933 illic
3089 894 3236 934 certe
3301 898 3475 949 neque
3534 885 3728 938 famem
3801 903 3992 954 neque

2449 967 2595 1018 sitim
2622 969 2879 1027 inveniat,
2910 970 2993 1021 hic
3019 985 3145 1021 vero
3187 972 3514 1023 necessitate
3568 972 3883 1025 affectiones
3935 983 3997 1025 et

2451 1059 2721 1124 appetitus
2784 1060 3153 1123 hujuscemodi
3198 1065 3632 1122 coneitahantur,
3688 1076 3795 1113 non
3836 1062 3993 1128 quod

2464 1146 2714 1200 divinitas
2746 1149 3026 1215 conjuncta
3058 1163 3254 1216 eorpus
3277 1153 3364 1202 tali
3389 1152 3456 1202 ab
3478 1159 3712 1218 egestate
3740 1164 3998 1202 asserere

2451 1252 2556 1289 non
2594 1245 2774 1310 posset
2807 1238 2918 1304 (qui
2955 1239 3099 1289 enim
3152 1240 3309 1304 paulo
3349 1248 3471 1307 post
3523 1238 3843 1305 corporibus
3885 1239 3995 1288 im-

2453 1324 2835 1378 mortalitatem
2894 1325 3123 1391 largitus
3171 1335 3273 1385 est,
3334 1342 3492 1378 suum
3569 1327 3737 1393 ipsius
3785 1340 3998 1393 corpus

2451 1415 2619 1467 multo
2649 1413 2855 1466 facilius
2877 1414 2943 1463 ab
2966 1414 3110 1466 omni
3127 1426 3357 1481 egestate
3379 1414 3744 1478 vindicasset),
3770 1415 3862 1467 sed
3882 1415 3999 1466 hoc

2452 1503 2531 1555 illi
2569 1503 2857 1562 concessit,
2904 1510 2963 1553 ut
3021 1504 3295 1568 propriam
3333 1513 3582 1555 naturam
3638 1504 3991 1570 perspicuam

2452 1591 2671 1643 faceret.
2736 1590 2965 1643 Proinde
3010 1600 3278 1657 quotquot
3352 1591 3586 1644 haereses
3639 1591 3741 1643 hoc
3777 1592 3846 1643 ab
3892 1592 3997 1643 illo

2454 1691 2783 1747 assumptum
2821 1689 3109 1745 negarunt,
3144 1680 3410 1732 manifesti
3441 1680 3706 1732 mendacii
3752 1681 3995 1732 convin-

2384 1743 2425 1797 Β
2455 1780 2671 1822 cuntur.
2695 1768 3155 1832 Quemadmodum
3200 1768 3343 1819 enim
3391 1768 3501 1830 ille,
3549 1769 3757 1821 tametsi
3788 1782 3999 1832 corpus

2459 1874 2487 1910 a
2524 1868 2697 1910 morte
2726 1858 2963 1909 immune
3004 1858 3227 1909 reddere
3279 1866 3493 1924 poterat
3549 1860 3690 1924 (nam
3722 1858 3881 1909 tertio
3934 1857 3995 1909 id

2456 1963 2486 2000 a
2538 1955 2712 1999 morte
2766 1946 2855 1999 die
2916 1946 3183 2014 prrestitit)
3232 1946 3464 2014 passioni
3497 1956 3673 1998 tamen
3716 1954 3769 1998 et
3824 1946 3996 1997 morti

2458 2036 2675 2104 objecit,
2738 2043 2797 2087 ut
2848 2035 3238 2087 incarnationis
3273 2035 3581 2103 mysterium
3632 2033 3998 2100 adimpleret:

2460 2125 2531 2176 ita
2559 2126 2719 2177 etiam
2762 2122 2887 2174 fami
2916 2122 3080 2183 idem,
3108 2122 3219 2184 siti,
3268 2122 3440 2174 labori
3504 2129 3558 2174 et
3584 2135 3771 2174 somno
3828 2134 4003 2186 expo—

2460 2213 2585 2272 suit,
2611 2224 2677 2261 ne
2704 2209 2809 2261 ulla
2843 2208 3107 2260 mendacii
3171 2209 3581 2261 constabiliendi
3618 2224 3743 2260 ansa
3784 2208 3850 2260 iis
3900 2223 4001 2259 su-

2461 2308 2717 2367 peresset,
2773 2299 2863 2365 qui
2927 2298 2979 2350 id
3019 2298 3276 2350 duntaxat
3319 2300 3641 2365 approbant,
3696 2299 3840 2366 quod
3882 2296 3994 2349 sibi

2462 2391 2697 2443 videtur.
2747 2390 2922 2453 Quare
2972 2388 3141 2441 fames
3193 2398 3248 2441 et
3285 2389 3421 2449 sitis,
3471 2390 3689 2456 insuper
3744 2400 3794 2441 et
3842 2388 4003 2440 labor

2464 2488 2519 2533 et
2550 2493 2771 2531 somnus
2808 2479 3017 2530 Domini
3068 2493 3265 2547 corpus
3303 2480 3598 2531 humanum
3630 2494 3749 2531 esse
3796 2492 4004 2543 corpus

2467 2576 2737 2636 arguunt:
2773 2568 2917 2634 quod
2947 2568 3162 2636 quidem
3208 2570 3624 2621 confirmaturus
3666 2567 3854 2617 beatus
3905 2566 4001 2617 ille

2467 2658 2664 2711 Paulus
2693 2660 2763 2710 ita
2791 2657 3051 2709 exclamat
3084 2675 3095 2707 :
3131 2656 3265 2719 Quia
3302 2672 3423 2723 ergo
3478 2656 3621 2721 pueri
3645 2655 4001 2705 communica-

2468 2758 2648 2801 verunt
2676 2752 2822 2799 carni
2862 2756 2909 2797 et
2938 2748 3202 2813 sanguini,
3234 2757 3277 2797 et
3307 2748 3413 2812 ipse
3436 2745 3671 2797 similiter
3709 2746 4005 2811 participa-

2468 2842 2537 2892 vit
2579 2840 2763 2890 eisdem
2792 2854 2810 2890 :
2836 2846 2889 2887 ut
2924 2852 3012 2902 per
3042 2846 3257 2887 mortem
3298 2837 3580 2886 destrueret
3609 2851 3744 2895 eum,
3798 2837 3884 2901 qui
3907 2835 4009 2886 ha-

2472 2929 2617 2980 bebat
2653 2928 2828 2979 mortis
2856 2927 3130 2993 imperium
3183 2934 3231 2976 et
3265 2924 3503 2976 liberaret
3537 2940 3641 2981 eos.
3699 2925 3786 2991 qui
3817 2925 4006 2975 timore

845 3020 1212 3071 Densi-arinen]
1233 3024 1516 3066 tmmanam
1538 3015 1589 3064 in
1608 3012 1837 3064 essentia
1870 3007 2159 3078 personali,
2183 3022 2287 3058 non
2312 3006 2365 3057 in
2394 3043 2436 3099 ο
2473 3019 2650 3069 mam-8
2700 3032 2790 3084 per
2846 3024 3004 3066 εοιαηι
3037 3016 3194 3064 mam
3230 3014 3433 3064 obnoxi,-
3493 3023 3641 3064 ργαηι
3690 3015 3926 3063 sem-“m-
3959 3012 4003 3063 ι.

848 3121 1073 3173 persona
1104 3106 1374 3157 essentndi
1400 3100 1784 3168 assumpserit:
1822 3107 1877 3149 ut
1906 3106 2048 3149 torus
2078 3109 2289 3161 semper
2315 3100 2369 3145 in

843 3196 1000 3247 Patre
1024 3211 1262 3257 manens,
1287 3203 1531 3259 totusque
1553 3201 1738 3243 natura
1757 3189 1896 3241 Deus
1913 3187 2192 3243 exsistens,
2216 3185 2373 3235 homo

847 3300 1059 3354 quoque
1086 3295 1271 3336 natura
1301 3293 1443 3335 tutus
1466 3280 1729 3333 exstiterit
1762 3296 1774 3329 :
1802 3285 1860 3328 ut
1897 3290 2072 3341 neque
2111 3272 2373 3332 divinam,

856 3391 1031 3441 neque
1059 3377 1343 3425 humanam
1380 3369 1687 3423 detrectarit
1715 3376 1984 3423 naturam,
2015 3360 2107 3413 sed
2135 3373 2224 3411 eas
2244 3371 2376 3408 con—

850 3466 965 3519 fuse
986 3466 1414 3527 conuuistimque
1433 3460 1744 3526 coniunctas
1760 3451 2097 3517 servaverit),
2120 3458 2230 3500 tum
2251 3461 2376 3497 vero

851 3555 934 3606 vel
969 3554 1195 3603 maxime
1238 3552 1426 3601 eodem
1472 3560 1691 3613 prorsus
1737 3543 1913 3603 modo,
1948 3555 2055 3607 quo
2101 3538 2247 3590 nasci
2289 3550 2375 3587 so-

853 3644 1047 3705 lemus,
1082 3641 1167 3691 ille
1197 3652 1407 3705 quoque
1448 3645 1604 3686 natus
1630 3642 1711 3685 est
1752 3647 1817 3683 ex
1850 3629 2090 3697 Virgine,
2121 3641 2219 3679 nec
2250 3626 2371 3676 inde

859 3730 1150 3796 quidquam
1184 3725 1470 3783 contraxit,
1506 3720 1645 3788 quod
1684 3719 1775 3773 Dei
1801 3716 2132 3785 generationi
2168 3724 2257 3766 aut
2298 3713 2379 3764 iu~

857 3823 1110 3872 decorum
1152 3827 1241 3867 aut
1276 3814 1677 3865 dissentaneuin
1734 3817 1901 3861 esset.
1960 3805 2089 3857 Nam
2141 3805 2184 3856 si
2219 3805 2378 3862 rubo,

854 3909 1026 3963 sterili
1054 3908 1264 3974 plantae,
1310 3917 1427 3954 sese
1460 3900 1736 3968 ςιμριιουὶι,
1786 3899 2009 3966 ejusque
2051 3894 2380 3947 adminiculo

859 4012 983 4050 cum
1034 3996 1174 4047 Musa
1230 3993 1525 4045 collocutus
1586 3998 1689 4046 est,
1746 3988 1880 4039 nihil
1943 3995 2091 4037 certe
2146 3984 2253 4036 Deo
2302 3982 2385 4033 in-

858 4086 1079 4150 dignum
1140 4081 1286 4143 fecit,
1323 4080 1368 4130 si
1428 4092 1635 4129 summa
1679 4090 1772 4127 sua
1835 4074 2073 4126 bonitate
2131 4085 2385 4123 manuum

862 4188 1080 4226 suarum
1124 4171 1432 4237 figmentum
1495 4167 1821 4227 inhabitans,
1878 4164 2042 4215 hocce
2082 4171 2237 4229 pacto
2280 4175 2385 4210 nou

864 4272 1077 4330 gentem
1143 4274 1323 4320 unam,
1375 4271 1601 4323 eamque
1656 4256 1940 4316 modicam,
1986 4253 2053 4305 ab
2121 4249 2391 4317 [Egyptia-

2470 3110 2676 3172 Quibus
2720 3115 2863 3158 certe
2916 3104 3099 3157 verbis
3129 3112 3373 3156 naturam
3429 3103 3617 3154 abillo
3668 3113 4003 3166 assumptam

2474 3198 2635 3249 fuisse
2669 3202 2852 3262 aperte
2884 3194 3142 3253 ostendit,
3192 3208 3309 3258 quae
3339 3201 3536 3243 nostrae
3576 3190 3869 3257 persimilis
3910 3204 4000 3241 es-

2472 3296 2571 3339 set.
2612 3285 2763 3349 Quod
2798 3284 2994 3350 siquis
3030 3280 3397 3349 hujuscemodi
3448 3283 3827 3333 vestimentum
3888 3295 3999 3330 non

2475 3376 2688 3444 probet,
2751 3373 3010 3426 Iacobum
3069 3370 3429 3438 patriarcham
3484 3369 3554 3420 ita
3620 3368 4006 3419 vaticinantem

2474 3464 2656 3518 audiat
2686 3480 2699 3516 :
2732 3462 2944 3515 Lavabit
2968 3462 3021 3512 in
3049 3461 3162 3510 vino
3179 3458 3366 3510 stolam
3403 3473 3571 3518 suam,
3597 3458 3714 3508 etin
3746 3457 4003 3523 sanguine

2478 3562 2591 3601 uta:
2648 3546 2872 3612 pallium
2936 3560 3085 3596 suum
3117 3545 3160 3597 ’.
3216 3543 3410 3595 Audiat
3464 3557 3592 3594 vero
3638 3542 4008 3593 beatissimum

2477 3651 2690 3705 quoque
2748 3636 2973 3688 Paulum
3029 3634 3463 3686 exclamantem:
3520 3631 3771 3683 Habentes
3802 3638 4003 3698 itaque,

2482 3731 2698 3796 fratres,
2736 3726 2980 3793 ﬁduciam
3022 3727 3073 3777 in
3102 3725 3318 3776 introitu
3351 3733 3643 3775 sanctorum
3676 3724 3724 3773 in
3753 3723 4010 3789 sanguine

2479 3817 2624 3879 Jesu,
2654 3832 2808 3885 quant
2836 3815 3058 3867 initiavit
3093 3813 3236 3864 nobis
3266 3814 3402 3863 viain
3455 3828 3635 3862 novam
3672 3818 3719 3862 et
3758 3813 4008 3862 virentem

2482 3922 2574 3975 per
2597 3907 2853 3964 velamen,
2877 3904 2928 3954 id
2951 3911 3043 3961 est,
3075 3917 3164 3968 per
3191 3916 3395 3953 carnem
3416 3916 3587 3959 suam,
3611 3908 3657 3950 et
3689 3900 4011 3951 sacerdotem

2484 4011 2733 4061 magnum
2784 4008 2941 4059 super
2991 3991 3198 4042 domum
3254 3990 3367 4051 Dei,
3399 3990 3699 4040 accedamus
3752 4004 3864 4040 cum
3896 4004 4013 4042 vero

2486 4086 2637 4138 corde
2666 4086 2719 4135 in
2771 4082 3087 4150 plenitudine
3142 4080 3263 4142 ﬁdei
3292 4080 3352 4130 ιο.
3415 4077 3701 4131 νειίδηιίιιίε
3731 4079 3872 4129 enim
3918 4092 4016 4129 no-

2488 4176 2651 4234 mine.
2696 4170 3152 4241 quemadmodum
3204 4170 3353 4222 stolae
3377 4178 3431 4221 et
3488 4169 3653 4236 pallii,
3707 4168 4014 4234 patriarcha

2491 4277 2704 4315 carnem
2743 4260 2913 4327 ipsius
2942 4258 3249 4326 appellavit.
3301 4257 3403 4309 Sed
3435 4256 3759 4323 superﬂuum
3801 4256 4016 4308 videtur

863 4368 986 4403 rum
1025 4365 1181 4401 manu
1237 4348 1495 4406 liberarit,
1542 4346 1633 4397 sed
1680 4344 1939 4396 mundum
1985 4342 2294 4394 universum
2320 4337 2387 4389 ad
2424 4332 2464 4385 D
2495 4352 2538 4402 si
2565 4349 2810 4417 pluribus
2840 4349 2942 4398 hoc
2978 4346 3156 4397 verbis
3176 4344 3457 4410 explicem,

860 4449 1158 4492 creatorem
1185 4440 1345 4489 Deum
1369 4434 1711 4495 converterit,
1742 4443 1844 4485 eta
1866 4432 2169 4484 dannonum
2215 4426 2389 4479 domi-

863 4532 959 4582 nio
984 4528 1297 4585 asseruerit.
1868 4526 1875 4540 ‘

938 4620 1051 4671 .lam
1081 4620 1257 4669 divina
1286 4616 1647 4669 incarnatione
1683 4613 1785 4665 hoc
1809 4611 1967 4663 modo
1991 4610 2382 4670 demonstrata,

866 4722 989 4775 age,
1041 4706 1344 4758 divinorum
1383 4705 1723 4757 oraculorum
1758 4698 2083 4753 testimoniis
2132 4696 2277 4759 freti,
2328 4695 2396 4746 ah

872 4799 1150 4848 incantato
1179 4796 1265 4846 Dei
1306 4794 1479 4846 Verbo
1504 4806 1699 4859 corpus
1735 4790 2024 4841 humanum
2064 4792 2397 4851 assumptum

873 4885 1042 4938 fuisse
1098 4884 1548 4936 demonstremus.
1610 4881 1687 4933 Ac
1736 4879 1967 4946 primum
2009 4875 2225 4942 quidem
2283 4888 2402 4926 cor-

879 4974 1028 5038 poris
1077 4972 1396 5024 iucunabula
1429 4971 1495 5021 ad
1519 4968 1896 5021 '-diviuitatem
1941 4966 2170 5018 maxime
2229 4962 2399 5029 perti-

881 5064 1100 5115 nebant.
1156 5064 1352 5116 Deinde
1417 5062 1668 5130 butyrum
1738 5069 1793 5112 et
1848 5058 1971 5121 mel,
2046 5057 2191 5124 quod
2268 5057 2402 5109 Pro-

891 5152 1056 5221 pheta
1112 5155 1266 5219 longe
1315 5162 1437 5203 ante
1501 5148 1759 5218 praedicit,
1826 5161 2037 5200 necnon
2099 5155 2400 5199 maternum

885 5242 989 5303 lac,
1041 5250 1096 5292 et
1125 5242 1324 5308 quaevis
1362 5242 1462 5293 alia
1509 5241 1613 5292 cibi
1666 5225 1931 5305 potusque
1978 5237 2204 5303 species,
2282 5250 2396 5299 vas,

884 5348 991 5405 quo
1018 5333 1407 5399 exciperentur,
1444 5332 1497 5383 in
1536 5331 1625 5383 illo
1667 5329 1828 5381 fuisse
1857 5329 1985 5380 satis
2018 5334 2267 5394 arguunt.

955 5420 1107 5484 Quod
1148 5421 1190 5473 si
1227 5422 1405 5474 fatuus
1436 5421 1555 5487 quis
1601 5419 1781 5472 cibum
1843 5416 1993 5468 illum
2035 5415 2272 5484 ohjiciat,
2317 5412 2408 5483 qui

957 5538 1159 5591 'llehr.
1198 5537 1372 5596 11,14.
1449 5534 1618 5586 'Gen.
1652 5547 1793 5592 nix,
1825 5530 1906 5583 ll.

894 5622 949 5669 v,
984 5606 1070 5660 ‘20.
1150 5608 1191 5637 ’δ
1223 5604 1408 5658 l'l'im.
1443 5618 1501 5665 II,
1536 5603 1587 5654 5.
1666 5604 1707 5632 ⁸⁵
1735 5602 1750 5653 Ι
1777 5600 1900 5651 Cor.
1955 5613 2039 5663 xv,
2083 5597 2170 5648 uti.

1986 5529 2026 5559 ὀ
2056 5527 2185 5601 Hc‘b.
2222 5545 2273 5596 x,
2314 5532 2377 5585 i9
2405 5546 2552 5601 seqq.

2566 4437 2697 4490 Nam
2732 4438 2815 4488 vel
2848 4436 2961 4502 ipse
2987 4433 3235 4487 Christus
3268 4431 3504 4498 seipsum
3546 4430 3780 4482 hominis
3827 4429 4020 4483 Filium

2495 4534 2670 4581 vocat.
2693 4521 2963 4591 Apostolis
3001 4520 3145 4574 enim
3199 4519 3393 4585 saepius
3427 4517 3529 4570 hoc
3557 4518 3815 4570 inculcat.
3853 4517 4023 4569 Futu-

2497 4629 2615 4667 rum
2679 4622 2785 4672 est,
2838 4619 2900 4663 ut
2948 4607 3120 4660 Filius
3177 4608 3395 4659 hominis
3444 4606 3685 4656 tradatur
3729 4607 3780 4657 in
3840 4622 4024 4657 manus

2498 4703 2783 4762 hominum,
2813 4707 2859 4749 et
2881 4694 3184 4760 interﬁcient
3214 4711 3330 4745 eum
3359 4701 3407 4743 et
3433 4693 3589 4745 tertia
3606 4694 3685 4743 die
3711 4704 3939 4760 resurget
3962 4697 4021 4747 “.

2502 4788 2561 4841 Ei
2601 4790 2777 4839 autem
2808 4784 2897 4849 qui
2930 4782 3082 4848 sequi
3112 4781 3324 4835 volebat
3350 4802 3361 4834 :
3398 4784 3600 4852 Vulpes,
3633 4784 3829 4850 inquit,
3856 4784 4022 4848 foveas

2497 4877 2704 4936 habent,
2732 4880 2781 4924 et
2807 4872 3033 4924 volucres
3057 4868 3167 4921 caeli
3192 4868 3353 4933 nidos,
3386 4870 3547 4924 Filius
3594 4883 3765 4923 autem
3809 4873 4022 4922 hominis

2502 4982 2604 5017 non
2646 4964 2817 5026 habet,
2842 4963 2930 5013 ubi
2956 4972 3110 5028 caput
3137 4962 3352 5013 reclinet
3381 4962 3442 5011 ¹².
3472 4961 3538 5013 Et
3600 4962 3701 5012 hoc
3731 4959 3932 5013 Iudaeis
3976 4960 4023 5010 in

2503 5068 2565 5106 os
2590 5054 2789 5118 obiecit
2822 5067 2836 5104 :
2870 5051 3003 5113 Quid
3037 5065 3116 5101 me
3157 5050 3384 5117 queritis
3413 5046 3723 5112 interﬁcere,
3766 5048 4023 5097 hominem

2509 5146 2593 5213 qui
2608 5145 2875 5196 veritatem
2894 5143 3089 5193 locutus
3113 5158 3227 5194 sum
3245 5143 3403 5202 vobis,
3419 5157 3575 5208 quam
3593 5141 3764 5191 audivi
3781 5156 3814 5191 ιι
3837 5139 3941 5192 Deo
3961 5140 4032 5190 ⁸³1

2509 5236 2701 5288 Beatus
2740 5214 3024 5298 Apostolus
3056 5238 3232 5283 autem
3283 5232 3355 5281 ita
3386 5231 3577 5284 clamat
3610 5246 3625 5280 :
3655 5229 3795 5282 Unus
3832 5227 3967 5280 Dm
3988 5241 4028 5279 et

2515 5327 2768 5378 mediator
2792 5321 2882 5373 Dei
2899 5329 2946 5372 et
2965 5322 3228 5373 hominum
3252 5321 3313 5371 “.
3337 5321 3496 5374 item:
3521 5319 3652 5383 Quia
3678 5335 3766 5385 per
3782 5321 4032 5371 hominem

2518 5430 2674 5478 mors,
2700 5418 2748 5463 et
2774 5425 2863 5478 per
2896 5410 3147 5460 hominem
3175 5411 3474 5461 resurrectio
3498 5418 3819 5459 mortuorum
3836 5406 3901 5469 ",
3920 5421 4035 5472 pro-

2630 5528 2669 5560 “
2696 5521 2883 5577 Matth.
2922 5536 3008 5585 xx,
3042 5520 3127 5573 l8.
3227 5520 3472 5573 “Matth.
3502 5534 3617 5583 vm,
3643 5517 3733 5573 20.
3812 5520 3854 5549 ⁸⁸
3879 5518 4028 5573 Josn.
