4274 6382
318 424 339 486 1
350 425 449 486 9.53

1543 413 1931 475 TIIESAURI
1976 412 2124 470 LIB.
2166 412 2263 470 ιν.

3344 417 3481 483 125i

315 540 495 601 pterea
521 529 677 581 etiam
716 542 893 582 semen
928 528 1157 582 Abrahae
1185 528 1564 582 universorum
1595 524 1757 581 Deus.
1787 524 1839 575 in
1869 522 1914 577 Α

1798 522 1914 577 1HA
2009 516 2147 581 Quin
2200 525 2255 570 et
2320 516 2511 572 beatus
2559 518 2847 588 Apostolus
2876 520 3118 577 scribens
3171 522 3237 577 ad
3293 526 3486 582 Roma—

318 620 521 673 semine
551 618 669 687 ejus
696 634 882 672 omnes
910 634 965 671 se
994 628 1182 686 gentes
1214 616 1623 671 benedicturum
1649 623 1702 665 et
1728 612 1842 665 Isa-

317 724 413 761 aco
450 718 505 761 et
530 707 730 761 Iacobo
778 708 1069 775 promisit:
1117 716 1173 761 ut
1229 706 1422 760 merito
1463 705 1654 758 beatus
1705 702 1847 755 idem

315 798 600 864 Apostolus
657 798 721 850 ad
764 797 981 851 Galatas
1046 798 1287 851 scribens
1345 795 1583 849 dixerit:
1629 793 1851 847 Abrahte

316 898 487 939 eutem
530 899 679 938 atcue
723 898 841 937 sunt
895 901 1277 953 promissiones,
1309 899 1573 936 et'semim
1616 897 1727 950 ejus
1755 881 1796 911 "
1832 896 1845 930 :

316 987 426 1029 tum
454 978 653 1029 docens
685 991 972 1041 quemnam
1003 975 1221 1028 seminis
1248 973 1606 1040 appellatione
1650 970 1849 1024 intelli-

316 1075 423 1132 gat,
454 1066 524 1116 ita
555 1065 803 1130 subjicit:
830 1064 945 1116 Non
964 1064 1082 1115 dicit
1122 1064 1416 1125 seminibus,
1442 1064 1592 1129 quasi
1614 1063 1667 1113 in
1718 1058 1852 1112 mul-

318 1155 398 1211 tis,
419 1154 505 1204 sed
538 1157 684 1217 quasi
707 1156 757 1206 in
776 1170 898 1215 uno,
923 1163 968 1203 st
994 1151 1175 1228 semini
1195 1161 1298 1212 tuo,
1322 1155 1409 1220 qui
1436 1163 1507 1203 est
1528 1150 1760 1203 Christus
1786 1149 1847 1200 ”.

316 1242 460 1295 Idem
492 1244 555 1296 ad
591 1242 839 1295 I'Iehrmos
870 1242 1135 1301 scribens,
1168 1243 1243 1296 sic
1268 1242 1340 1293 ait
1369 1259 1380 1293 :
1411 1240 1675 1306 Nusquam
1712 1238 1846 1289 enim

318 1334 527 1399 angelos
556 1331 888 1397 apprehendit
912 1345 930 1381 :
960 1332 1095 1382 unde
1117 1331 1289 1382 debuit
1312 1346 1403 1397 per
1426 1329 1603 1380 omnia
1652 1328 1838 1394 {ratri-

316 1420 404 1471 bus
435 1420 679 1478 siimlari,
711 1429 765 1470 ut
795 1408 1080 1471 misericors
1098 1419 1265 1484 ﬁeret,
1301 1430 1347 1469 et
1399 1417 1570 1483 ﬁdelis
1616 1420 1845 1484 pontifex

317 1508 455 1572 apud
483 1506 652 1558 Deum
686 1509 749 1558 ".
781 1506 895 1571 Qua
950 1509 1112 1559 etiam
1148 1508 1214 1560 de
1264 1521 1423 1560 causa
1453 1522 1574 1559 cum
1618 1506 1846 1559 Iacobus

313 1594 464 1649 Iudae
499 1596 930 1649 benedictionem
978 1598 1123 1649 illam
1186 1597 1505 1662 impertiret,
1571 1610 1729 1661 quam
1778 1596 1845 1647 ab

317 1685 684 1735 universorum
714 1686 822 1736 Deo
849 1692 1147 1752 acceperat,
1185 1684 1256 1737 ita
1291 1684 1425 1736 dixit
1458 1701 1470 1736 :
1515 1682 1633 1734 Non
1695 1685 1845 1747 aufe-

1952 621 2068 669 nos,
2104 609 2155 660 in
2181 608 2295 675 ipso
2325 607 2569 676 Epistolte
2592 609 2855 679 principio
2894 612 3052 666 [idem
3116 615 3485 683 promissionis

1950 699 2067 767 ejus
2111 698 2387 758 in‘dicavit,
2433 713 2552 765 quae
2598 699 2783 752 Davidi
2823 701 2958 756 facta
3006 713 3108 758 est.
3143 703 3229 759 Ait
3283 707 3427 759 enim
3467 724 3483 761 :

1949 787 2165 848 Paulus,
2197 803 2370 839 servus
2401 786 2521 839 Iesu
2551 788 2763 851 Christi,
2817 802 3022 845 vocatus
3073 795 3341 863 apostolus
3362 832 3378 859 ,
3405 812 3486 848 se.

1949 890 2186 945 gregatus
2224 881 2275 929 iu
2313 878 2653 946 Evangelium
2716 878 2825 943 Dei,
2865 882 2996 949 quod
3048 889 3352 951 promiserat
3390 903 3485 955 per

1948 970 2220 1035 prophetas
2253 983 2371 1019 suos
2423 969 2476 1019 in
2533 967 2815 1036 Scripturis
2847 974 3063 1033 sanctis,
3100 976 3161 1025 de
3198 974 3337 1028 Filio
3367 993 3484 1039 suo.

1948 1057 2035 1124 qui
2087 1066 2239 1107 natus
2274 1064 2447 1108 estea:
2496 1059 2690 1108 semine
2756 1058 2983 1123 Doridis,
3044 1065 3323 1114 secundum
3369 1082 3488 1117 car-

1948 1161 2061 1196 nem
2093 1144 2157 1197 ³⁸.
2192 1145 2359 1197 Porro
2387 1159 2452 1197 eo
2489 1146 2633 1213 quod
2679 1151 2953 1201 secundum
2993 1167 3204 1204 carnem
3256 1154 3484 1217 addidit,

1946 1235 2229 1302 perspicue
2261 1235 2463 1289 indicat
2514 1237 2795 1289 Dominum
2819 1248 3061 1292 nostrum
3102 1242 3281 1295 Iesum
3329 1244 3487 1296 t.hri-

1949 1334 2089 1375 stum
2149 1323 2316 1375 Deum
2380 1324 2547 1379 fuisse
2592 1337 2717 1380 ante
2773 1330 2988 1382 saecula.
3056 1331 3250 1385 Filium
3303 1347 3485 1388 autem

1949 1410 2158 1464 Davidis
2187 1413 2429 1467 humana:
2454 1425 2654 1469 natura:
2685 1418 2892 1471 ratione
2918 1424 3301 1487 pronuntiavit.
3330 1423 3484 1489 Quod

1946 1510 2004 1552 ut
2062 1501 2303 1566 apertius
2347 1502 2585 1561 doceret,
2672 1506 2996 1581 subiunxit:
3035 1508 3135 1571 Qui
3186 1511 3484 1566 ded/iratus

1946 1597 2020 1638 est
2050 1586 2214 1639 Filius
2258 1587 2351 1640 Dei
2374 1605 2490 1640 cum
2531 1594 2777 1656 potentia.
2813 1609 2904 1658 per
2950 1594 3203 1661 Spiritum
3251 1601 3487 1666 sancti/i-

1946 1678 2188 1737 cationis,
2247 1692 2309 1728 ex
2342 1692 2398 1728 eo
2453 1682 2587 1745 quod
2653 1684 2933 1733 resurrexit
2984 1701 3015 1736 a
3074 1687 3287 1736 mortuis
3330 1687 3483 1743 Iesus

317 1779 458 1820 mur
484 1778 745 1835 εεεριηιηι
767 1771 826 1821 de
853 1769 1018 1833 Iuda,
1070 1779 1117 1822 et
1146 1772 1251 1821 dua:
1284 1772 1355 1823 de
1374 1771 1564 1837 femore
1592 1770 1723 1837 ejus,
1756 1770 1846 1820 da-
1874 1765 1919 1822 B
1948 1766 2181 1818 Christus
2207 1766 2455 1820 Dominus
2488 1778 2683 1820 noster.
2717 1770 3003 1838 Postquam
3054 1777 3197 1827 enim
3236 1792 3483 1833 resurre-

315 1874 406 1910 nec
430 1862 620 1919 veniat,
652 1862 741 1924 qui
774 1860 1048 1911 mittendus
1078 1870 1172 1919 est,
1201 1869 1245 1913 et
1274 1863 1378 1927 ipse
1402 1863 1496 1912 erit
1531 1860 1845 1925 exspectatio

316 1952 549 2016 gentium
586 1951 650 2002 υ.
683 1949 930 2002 Miclueas
962 1965 1178 2017 quoque
1218 1950 1477 2018 prOpheta
1535 1949 1846 2001 vaticinium

314 2038 419 2091 hoc
471 2039 616 2091 hisce
648 2038 827 2091 verbis
884 2053 1106 2093 renovat
1140 2057 1154 2092 :
1191 2040 1255 2092 Et
1286 2050 1360 2101 tu,
1389 2038 1666 2102 Bethleem,
1708 2048 1847 2090 terra

311 2121 343 2176 .1
352 2126 475 2189 uda,
516 2143 840 2196 nequaquam
870 2130 1085 2182 minima
1121 2144 1173 2181 es
1199 2130 1251 2181 in
1269 2129 1583 2195 principibus
1607 2128 1746 2179 Iuda
1768 2129 1835 2180 ³⁸.

314 2211 396 2264 Ea:
425 2221 472 2264 te
518 2216 657 2266 enim
697 2217 817 2266 mihi
846 2216 1074 2267 adveniet
1110 2216 1233 2277 dux,
1262 2224 1310 2266 et
1349 2232 1577 2283 egressus
1625 2217 1735 2282 ejus
1784 2214 1846 2267 ab

312 2303 484 2367 initio,
550 2322 582 2355 a
620 2305 790 2357 diebus
842 2306 1148 2381 cternitatis
1174 2306 1239 2358 ".
1289 2305 1486 2358 Beatus
1533 2306 1661 2358 item
1700 2304 1846 2371 Apo-

313 2392 482 2443 stolus
514 2392 918 2457 praedictionum
971 2393 1129 2445 linem
1183 2402 1519 2451 ostensurus.
1554 2393 1625 2444 ita
1668 2394 1845 2444 excla-

313 2489 422 2531 mat
458 2499 468 2530 :
499 2481 829 2546 Μιιηιίελιιιηι
858 2491 933 2534 est
965 2483 1101 2534 enim
1123 2481 1259 2549 quod
1302 2496 1362 2533 ea:
1393 2480 1533 2533 Iuda
1585 2490 1729 2532 ortus
1775 2483 1843 2533 sit

311 2566 559 2618 Dominus
592 2577 760 2618 noster
780 2569 824 2598 "
848 2605 862 2620 .

384 2656 486 2708 Has
516 2657 655 2723 ipsas
689 2657 1076 2722 promissiones
1119 2656 1349 2710 Duvides
1400 2670 1615 2724 quoque
1644 2670 1739 2709 rex
1789 2662 1846 2708 et

312 2744 573 2811 prOpheta
602 2745 669 2795 ab
717 2745 1090 2796 universorum
1127 2743 1235 2795 Deo
1290 2744 1518 2810 accepit.
1546 2742 1633 2795 Ait
1690 2742 1835 2795 enim

310 2831 377 2883 ad
429 2831 651 2896 ipsum:
702 2830 868 2897 Usque
910 2832 962 2882 in
1021 2844 1269 2883 tetemum
1320 2831 1625 2897 prteparabo
1672 2846 1841 2883 semen

315 2928 477 2982 tuum,
503 2928 550 2972 et
572 2921 834 2986 adiﬁcabo
864 2922 914 2973 in
942 2925 1321 2988 generationem
1358 2929 1406 2971 et
1461 2923 1840 2988 generationem

311 3009 477 3060 sedem
503 3018 645 3060 tuam
675 3010 739 3061 ".
769 3010 896 3062 Item
922 3011 1023 3062 alio
1050 3012 1166 3062 loco
1193 3029 1206 3062 :
1245 3010 1310 3061 Et
1344 3026 1531 3076 ponam
1585 3012 1639 3061 in
1674 3024 1839 3061 sa'cu-

314 3102 419 3148 tum
456 3098 629 3157 sweuli
656 3113 823 3148 semen
857 3098 969 3166 ejus
995 3113 1013 3148 :
1043 3108 1098 3148 et
1130 3100 1369 3150 thmuum
1408 3100 1521 3165 ejus
1566 3100 1700 3151 sicut
1733 3100 1839 3151 dies

278 3210 279 3213 η
310 3186 425 3237 eteli
462 3185 525 3235 ⁸³.
557 3185 622 3237 Ει
649 3187 805 3253 paqu
838 3196 956 3254 post
982 3204 995 3237 :
1023 3185 1192 3239 Semel
1211 3189 1393 3255 juravi
1418 3189 1471 3239 in
1500 3196 1678 3240 sancto
1709 3204 1841 3252 meo,

311 3276 357 3326 si
385 3274 573 3326 Daridi
621 3277 879 3337 mentiar,
933 3290 1101 3326 semen
1126 3276 1234 3342 ejus
1267 3278 1321 3327 in
1376 3276 1617 3328 sa'culuin
1648 3288 1838 3331 manet.

313 3362 381 3414 Et
410 3367 620 3414 thronus
654 3365 767 3429 ejus
790 3366 923 3414 sicut
976 3365 1049 3415 sol
1085 3379 1261 3415 coram
1312 3381 1411 3424 me,
1457 3374 1504 3416 et
1533 3367 1665 3417 sicut
1713 3365 1838 3419 luna

311 3452 557 3519 perfecta,
596 3463 642 3504 et
674 3456 813 3503 testis
838 3454 889 3504 in
918 3455 1041 3505 ccelo
1074 3454 1244 3518 ﬁdelia
1282 3454 1347 3507 ’⁵.
1387 3454 1494 3506 Has
1529 3455 1673 3521 ip~as
1711 3456 1838 3506 item

312 3542 696 3606 promissiones
750 3558 843 3609 per
869 3543 1057 3594 Isaiam
1117 3542 1431 3609 prophetam
1471 3543 1648 3595 denuo
1678 3557 1841 3595 verax

311 3627 398 3678 ille
428 3626 682 3679 Dominus
745 3629 1023 3680 renovavit
1057 3645 1070 3679 :
1104 3628 1409 3696 Egredietur
1434 3632 1591 3689 enim.
1642 3631 1839 3698 inquit,

310 3714 454 3778 uirga
476 3714 536 3763 de
574 3714 747 3765 radice
780 3716 943 3777 Iesse,
993 3726 1039 3767 et
1069 3718 1163 3783 flos
1186 3717 1248 3769 de
1275 3719 1449 3769 radice
1484 3720 1599 3782 ejus
1655 3735 1839 3771 ascen-

311 3803 416 3854 det.
447 3803 511 3855 Et
543 3804 829 3866 requiescet
856 3820 1012 3868 super
1061 3819 1176 3855 eum
1210 3806 1421 3872 spiritus
1455 3806 1681 3867 Domini,
1729 3808 1838 3874 spi-

308 3894 437 3944 ritus
479 3894 745 3959 sapientiue
794 3901 840 3943 et
884 3893 1189 3952 intellectus,
1236 3893 1457 3962 Spiritus
1524 3896 1723 3948 consilii
1792 3906 1840 3949 et

310 3982 648 4050 fortitudinis,
680 3984 890 4047 spiritus
920 3985 1147 4035 scientia:
1200 3992 1247 4035 et
1281 3988 1507 4052 pietatis,
1539 3995 1585 4037 et
1618 3986 1829 4045 replebit

308 4086 428 4122 eum
456 4073 667 4138 spiritus
702 4074 900 4123 timoris
952 4073 1158 4125 Domini
1203 4073 1268 4136 ",
1292 4082 1347 4125 et
1367 4086 1579 4133 caztera,
1610 4090 1728 4141 qua:
1786 4076 1839 4127 in

307 4160 556 4211 etmidem
614 4175 830 4211 sensum
867 4174 1283 4228 consequuntur.
1319 4163 1446 4216 Item
1480 4178 1492 4211 :
1528 4152 1637 4215 Erit
1692 4165 1842 4217 radix

308 4246 488 4309 Iesste,
512 4251 597 4316 qui
625 4258 729 4301 sta‘t
757 4252 810 4302 in
844 4252 1045 4317 signum
1076 4252 1404 4318 populorum,
1434 4246 1603 4319 ipsum
1658 4264 1838 4320 gentes

310 4340 747 4405 deprecebuntur,
780 4348 826 4391 et
863 4344 955 4391 erit
982 4341 1274 4408 sepulcrum
1303 4342 1413 4408 ejus
1462 4342 1745 4409 gloriosum
1773 4344 1917 4426 ’τευ
1942 4340 1978 4349 ’”

1515 4342 1745 4394 'oriosum
1773 4344 1917 4430 ’τευ
1942 4340 1978 4349 ”
2010 4340 2335 4431 confugiunt,
2370 4340 2383 4352 ’
2400 4340 2793 4431 iqﬁiigéiiidrf'
3158 4340 3203 4419 e't

310 4424 441 4477 Item
479 4428 585 4477 alio
611 4428 726 4479 loco
755 4443 766 4477 :
798 4427 859 4479 Et
886 4429 1088 4495 feriam,
1125 4428 1320 4495 inquit,
1355 4429 1608 4481 uobiscum
1630 4440 1839 4495 pactum

309 4516 698 4580 sempiternum,
727 4518 1100 4568 misericordias
1133 4516 1338 4569 Davidis
1385 4516 1559 4582 ﬁdeles
1609 4518 1672 4568 ³⁸.
1710 4518 1838 4583 Qum

310 4600 452 4649 enim
502 4602 573 4652 illi
620 4603 862 4668 promisi,
900 4604 1215 4670 complebo;
1251 4613 1305 4656 et
1332 4620 1428 4672 per
1458 4606 1601 4659 illius
1644 4622 1825 4662 semen

312 4688 537 4738 servabo
565 4690 749 4739 orbem
782 4698 1077 4751 terrarum;
1113 4689 1283 4744 ﬁdelis
1305 4692 1447 4744 enim
1477 4701 1532 4745 et
1563 4709 1722 4747 verax
1746 4706 1830 4749 est

309 4789 426 4827 mea
467 4777 774 4841 promissio.

379 4862 575 4915 Harum
656 4867 1073 4932 promissionum
1150 4870 1428 4923 veritatem
1515 4874 1839 4940 evangelista

308 4964 525 5017 quoque
581 4950 863 5024 Mattliaeus
924 4954 1189 5015 iudicans,
1251 4956 1303 5008 in
1362 4958 1478 5024 ipso
1527 4961 1704 5011 statim
1752 4960 1838 5013 hi-

309 5048 490 5091 Slorltﬂ
563 5053 672 5091 suae
745 5044 1010 5106 protemio
1085 5044 1203 5096 orbi
1274 5053 1541 5099 terrarum
1624 5062 1837 5101 annuu-

315 5127 450 5189 tiat,
534 5126 772 5194 gentium
864 5134 1316 5198 exspeCtationem
1401 5133 1669 5188 ﬂoruisse.
1750 5137 1841 5189 Ait

309 5217 453 5283 enim
491 5234 505 5268 ι
541 5216 691 5268 Liber
727 5222 1070 5286 generationis
1113 5220 1238 5274 Iesu
1269 5222 1481 5285 Christi,
1512 5224 1610 5289 ﬁlii
1642 5225 1831 5286 David,

306 5301 680 5364 ﬁliielbraham
706 5307 769 5358 εν.
804 5306 1028 5375 Utrique
1045 5310 1188 5361 enim
1211 5311 1402 5365 semini
1450 5315 1839 5381 promissioncs

309 5392 461 5444 fatue
488 5404 634 5448 sunt.

415 5537 457 5567 “
487 5535 818 5598 Cal.m,16.

309 5619 401 5666 vn,
424 5608 517 5687 μ.

306 5688 390 5736 i.v,
424 5690 473 5725 ο.

896 5542 934 5573 ¹τ
959 5541 1092 5594 Ibid.
1171 5542 1212 5573 ¹⁸
1241 5542 1402 5597 Hebr.
1439 5560 1495 5605 ιι,
1526 5544 1609 5598 16.

628 5610 672 5636 ’³
700 5608 838 5661 Psal.
872 5625 1123 5669 Lxxxvm,
1146 5611 1196 5664 5.
1303 5615 1347 5643 “
1367 5615 1500 5673 Ibid,
1547 5615 1633 5666 50.

549 5676 590 5706 ”
623 5676 807 5729 Matth.
840 5694 876 5741 i,
906 5683 949 5732 Ι.
1050 5680 1092 5709 ³ο
1118 5680 1269 5734 Itum.
1323 5698 1357 5745 ι,
1408 5684 1428 5733 I
1459 5699 1609 5750 seqq.

1688 5546 1729 5578 ”
1769 5546 1902 5600 Gen.
1939 5562 2076 5608 χιιι,
2104 5546 2182 5599 l0.
2258 5549 2303 5579 ὀ
2328 5547 2487 5601 Mich.
2512 5564 2562 5610 v,
2586 5547 2639 5600 2.
2713 5549 2754 5579 ’⁸
2789 5548 2974 5606 Matth.
3004 5569 3058 5614 Ii,
3091 5552 3144 5606 6.

1732 5617 1773 5643 ’⁵
1800 5617 1934 5669 Ibid.
1971 5618 2058 5670 55,
2102 5616 2188 5668 56.

1703 5685 1744 5716 ³⁸
1788 5686 1939 5739 Itom.
1972 5700 2040 5747 Ix,

1950 1854 2027 1905 xit
2061 1869 2089 1906 a
2126 1857 2375 1919 mortuis,
2408 1858 2601 1924 inquit,
2662 1869 2716 1913 ct
2760 1860 2992 1927 Spiritus
3032 1865 3201 1931 gratia
3256 1867 3484 1934 replevit

1946 1947 2236 2012 apostolos,
2274 1963 2368 2016 per
2395 1949 2649 2002 miracula
2710 1952 2773 2003 ab
2805 1952 2909 2005 illis
2940 1953 3096 2018 facta,
3150 1956 3290 2010 Deus
3323 1958 3482 2013 inno-

1948 2036 2050 2087 tuit
2076 2052 2086 2085 :
2112 2036 2377 2101 siquidem
2416 2039 2465 2089 in
2504 2039 2619 2106 ejus
2649 2043 2864 2092 nomine
2888 2044 3115 2095 maxima
3151 2054 3479 2112 peregerunt

1946 2123 2226 2176 miracula.
2255 2122 2519 2177 Caeterum
2566 2128 2619 2178 in
2653 2127 2902 2195 Epistulae
2958 2132 3156 2196 medio,
3200 2133 3483 2200 bonorum,

1947 2211 2144 2279 quibus
2198 2212 2324 2264 olim
2379 2214 2590 2267 Iudaeos
2636 2217 2953 2284 impertivit,
3000 2221 3270 2275 mentione
3322 2223 3480 2287 facta,

1946 2301 2221 2368 subjunxit
2253 2318 2265 2352 :
2313 2300 2545 2365 Quorum
2602 2317 2721 2358 sunt
2751 2320 2951 2376 putres,
2984 2320 3030 2363 et
3063 2327 3124 2362 ω)
3185 2314 3368 2380 quibus
3402 2322 3480 2367 est

1945 2388 2181 2444 Christus
2233 2394 2517 2445 secundum
2558 2412 2793 2460 carnem,
2850 2402 2941 2467 qui
2982 2409 3057 2452 est
3106 2418 3262 2468 super
3307 2407 3483 2458 omnia

1941 2481 2082 2535 Deus
2113 2483 2178 2543 “,
2207 2493 2367 2551 atque
2412 2500 2515 2536 una
2550 2484 2601 2537 in
2638 2500 2864 2553 persona
2906 2487 3128 2542 duarum
3170 2503 3482 2547 naturarum

1943 2570 2301 2624 dilferentiain
2352 2575 2610 2635 ostendit.
2673 2590 2792 2628 cum
2841 2593 2905 2629 ex
2936 2578 3139 2632 Iuda-is
3183 2583 3479 2635 seco-.dum

1943 2673 2158 2713 carnem
2210 2664 2554 2728 processisse,
2595 2674 2649 2717 et
2709 2682 2870 2732 super
2920 2670 3096 2720 omnia
3154 2670 3319 2723 Deum
3368 2689 3483 2726 esse

1941 2747 2086 2803 dicit.
2119 2759 2368 2815 tanquam
2393 2752 2551 2802 υιτιιιιι
2586 2759 2640 2803 ct
2672 2753 2721 2803 in
2753 2755 2944 2806 anicula
2978 2741 3329 2809 benedictum.
3356 2757 3485 2812 Bea-

1941 2843 2222 2904 tumporio
2247 2836 2584 2891 Timotheum
2615 2840 2697 2892 liis
2721 2843 2895 2893 verbis
2918 2844 3230 2895 exhor'atur
3256 2864 3266 2891 τ
3289 2845 3351 2898 κ.
3370 2862 3482 2898 mor

1943 2934 2051 2975 esto
2079 2924 2252 2975 Iesum
2303 2923 2555 2977 Christum
2582 2932 2918 2981 resurrexisse
2973 2948 3002 2981 τι
3044 2935 3257 2983 mortuis
3292 2948 3353 2984 ea:
3396 2950 3479 2984 se-

1943 3013 2075 3064 mine
2138 3012 2325 3075 David,
2366 3018 2641 3068 secundum
2674 3018 3011 3087 Evangelium
3062 3038 3246 3080 meum.
3278 3024 3330 3075 in
3379 3039 3479 3092 quo

1944 3102 2117 3154 laboro
2148 3120 2307 3172 usque
2341 3106 2408 3157 ad
2444 3107 2668 3168 vincula,
2702 3112 2850 3173 quasi
2887 3103 3019 3162 male
3047 3126 3267 3177 aperans
3304 3113 3367 3167 ³’.

2009 3213 2222 3281 Alioqui
2274 3218 2537 3282 permulta
2583 3219 2634 3269 iu
2682 3230 2911 3287 utroque
2946 3220 3288 3277 Testamento
3323 3228 3475 3280 testi-

1941 3304 2119 3355 monia
2171 3304 2396 3356 inveniri
2439 3319 2683 3373 possunt,
2731 3310 2927 3375 quibus
2957 3310 3254 3366 Servatoris
3298 3316 3471 3370 nostri

1938 3391 2182 3457 cognatio
2213 3394 2440 3446 carnalis
2464 3395 2832 3450 conﬁrmetur.
2865 3398 2968 3451 Sed
3013 3401 3125 3453 [nec
3160 3418 3278 3455 meo
3330 3406 3474 3471 judi-

1938 3481 2022 3533 cio
2068 3480 2355 3544 sulIiciunt,
2389 3484 2530 3550 quod
2564 3482 2848 3538 humanam
2873 3498 3116 3543 naturam
3175 3493 3469 3557 perfectam

1938 3576 1993 3619 et
2027 3568 2324 3621 absolutam
2380 3570 2448 3621 ab
2488 3571 2579 3623 illo
2640 3583 2963 3637 assumptum
3015 3576 3179 3632 fuisse
3212 3579 3463 3636 doceant.

1939 3656 2052 3721 Qua
2093 3658 2253 3711 etiam
2280 3660 2344 3711 de
2372 3674 2529 3713 causa
2555 3662 2719 3714 Filius
2749 3663 2983 3728 Davidis,
3013 3661 3181 3720 Filius
3207 3669 3467 3735 Abrahae,

1943 3745 2111 3799 Filius
2142 3746 2396 3810 hominis,
2440 3747 2632 3813 Homo,
2660 3750 2919 3815 Adamus,
2968 3753 3201 3810 Iacobus
3224 3770 3278 3810 et
3305 3759 3471 3815 IsraeI

1942 3836 2120 3889 dictus
2166 3846 2271 3890 est.
2325 3836 2784 3901 Quemadmodum
2811 3844 2949 3895 enim
3001 3850 3273 3912 perlectus
3306 3849 3469 3913 Deus,

1940 3923 2011 3975 ita
2047 3925 2205 3977 homo
2236 3942 2449 3995 quoque
2490 3931 2759 3996 perlectus
2791 3941 2929 3996 erat,
2971 3935 3261 4002 perfectam
3299 3937 3477 3993 homi-

1939 4012 2099 4065 nibus
2120 4014 2346 4067 salutem
2381 4018 2689 4073 conferens.

2572 4165 2721 4221 CAP.
2762 4169 2824 4224 ν.

1939 4285 2133 4359 Quinta
2154 4291 2384 4352 hwresis,
2416 4289 2712 4345 Ptolemaei:
2739 4294 2801 4345 ab
2828 4294 2926 4346 hac
2949 4296 3038 4359 qui
3068 4296 3135 4349 ad
3172 4303 3478 4357 art/iocatus

2013 4373 2335 4424 caiqugiunt,
2403 4373 2755 4425 oaptizantur.
2814 4373 3102 4431 [t'totemazi
3158 4380 3204 4419 et
3306 4373 3476 4424 Hera-

2013 4424 2202 4473 cleonie
2259 4427 2487 4476 meminit
2542 4425 2775 4480 lrenceus
2848 4430 2933 4482 lib.
2992 4447 3004 4482 ι
3056 4443 3103 4483 et
3161 4450 3232 4486 iv.
3304 4439 3477 4492 Ptole-

2012 4507 2197 4542 mirum
2232 4492 2554 4546 Inlentinum
2579 4505 2723 4548 vocat
2746 4499 2939 4551 Athan.
2971 4499 3058 4550 lib.
3107 4518 3166 4554 ιιι
3190 4517 3370 4560 contra
3402 4508 3476 4560 A-

2010 4561 2209 4621 riauos,
2249 4576 2363 4628 cap.
2400 4561 2449 4614 5.
2466 4561 2481 4629 ι

2011 4691 2293 4745 Gnosticos
2355 4693 2442 4745 hic
2489 4695 3023 4766 impurossequitur.
3084 4703 3156 4756 De
3203 4706 3473 4767 monibus,

1943 4796 2037 4834 seu
2085 4783 2315 4840 saeculis,
2371 4783 2508 4834 idem
2558 4799 2681 4836 cum
2739 4786 3020 4841 Valentino
3093 4794 3277 4846 sentit.
3314 4793 3479 4848 Addit

1943 4871 2158 4938 insuper
2177 4872 2303 4931 Deo,
2324 4887 2481 4938 quem
2502 4872 2586 4924 ille
2605 4873 2829 4942 Bythum
2854 4889 3026 4939 vocat.
3049 4880 3183 4934 duas
3207 4898 3323 4937 esse
3343 4900 3476 4938 con-

1936 4961 2107 5029 juges.
2136 4961 2397 5013 Eunmnm
2427 4976 2520 5014 seu
2560 4964 2960 5031 cogitationem,
2991 4980 3051 5022 et
3077 4971 3349 5036 Thelema,
3375 4989 3474 5028 seu

1943 5052 2267 5100 voluntatem
2298 5061 2313 5100 :
2346 5050 2581 5103 Primum
2626 5052 2791 5117 enim,
2842 5056 3016 5122 inquit
3049 5057 3157 5121 ille,
3190 5061 3472 5127 cogitavit,

1942 5138 2131 5191 deinde
2154 5138 2350 5191 voluit.
2378 5139 2521 5191 Idem
2550 5142 2710 5193 etiam
2744 5143 2808 5194 ad
2833 5154 3130 5199 matronam
3162 5150 3472 5215 quamdam.

1942 5226 2157 5277 nomine
2192 5225 2400 5278 Floram
2434 5227 2694 5292 scribens,
2750 5228 2805 5281 in
2832 5230 2997 5298 legum
3035 5234 3175 5285 illam
3220 5235 3472 5303 blasphe-

1944 5331 2060 5368 mus
2097 5316 2390 5376 invehitur,
2423 5331 2581 5383 quam
2611 5332 2706 5385 per
2737 5318 2969 5388 Moysem
3002 5320 3149 5373 dedit
3174 5322 3343 5387 Deus;
3380 5338 3472 5377 so—

1943 5406 2159 5471 lumque
2202 5404 2520 5473 Decalogum
2560 5421 2590 5457 a
2635 5405 2741 5460 Deo
2770 5407 2989 5461 datum:
3024 5420 3338 5465 cazterorum
3372 5428 3471 5466 au-

3230 5554 3275 5587 “
3306 5553 3470 5609 Hebr.

2267 5618 2765 5686 "lsa.xl,lseqq.
2868 5621 3067 5675 "Ibid.
3133 5621 3219 5675 il.
3297 5622 3465 5678 "Isa.

2197 5686 2237 5716 "
2258 5686 2301 5738 II
2332 5686 2469 5739 Tim.
2498 5702 2554 5751 it,
2589 5687 2640 5741 8.
