4274 6382
879 374 1014 435 1:355

2125 396 2415 455 NICETAS
2452 400 2848 463 CIIONIA'I‘lE

3895 428 4033 491 1256

875 495 985 537 tem
1023 486 1347 556 scriptorum
1379 491 1478 544 alia
1533 491 1692 562 Moysi
1739 497 1927 564 ipsius,
1987 502 2087 554 alia
2144 506 2411 558 seniorum
2446 514 2484 566 Α
2515 510 2777 573 phelas",
2806 524 2911 567 etc.
2942 515 3067 569 Item
3104 539 3114 570 :
3153 519 3211 573 Si
3234 526 3344 591 quis
3373 525 3578 579 solverit
3600 532 3757 584 unum
3788 535 3851 587 de
3880 554 4035 589 mors-

874 577 1054 645 populi
1080 584 1291 646 propria
1312 595 1430 633 esse
1450 585 1750 641 contendit.

1161 691 1431 748 lla’reseos
1466 702 1802 763 praecedentis
1836 705 2140 771 confatalia.

942 795 1076 859 Quia
1136 796 1377 853 Gnostici
1434 807 1741 859 omnimoda
1824 810 2033 866 honesti
2101 816 2401 883 ignorantia

868 884 1204 947 laborabant,
1257 890 1459 945 idcirco
1518 896 1684 947 malos
1742 903 1904 951 etiam
1957 903 2225 958 d:emnnes
2290 910 2402 962 suis

870 973 919 1025 in
959 974 1364 1032 Traditionibus
1419 991 1470 1033 et
1530 986 1833 1039 actionibus
1881 989 2220 1063 invocabant,
2298 993 2402 1048 Ita—

867 1079 971 1127 que
1042 1067 1362 1122 Ptuleluams
1428 1073 1515 1126 hic
1571 1077 1807 1142 profanis
1878 1082 2088 1133 illorum
2133 1084 2399 1151 dogmatis

865 1156 1231 1217 subscribens,
1278 1159 1523 1226 impurus
1549 1166 1762 1231 quidem
1796 1167 1912 1231 fuit,
1940 1172 2063 1236 quia
2107 1186 2276 1225 caecos
2299 1175 2399 1227 du-

866 1258 953 1293 res
982 1258 1224 1297 secutus.
1271 1250 1531 1315 impurior
1584 1269 1727 1314 vero,
1761 1258 1884 1321 quia
1929 1273 2092 1312 sensu
2138 1276 2394 1327 perverso

862 1331 1121 1386 Ennmam
1151 1345 1205 1386 et
1237 1335 1512 1400 Theluma,
1546 1355 1638 1392 seu
1681 1344 2062 1409 cogitationem
2095 1360 2149 1401 et
2194 1351 2393 1403 volun-

865 1427 1045 1479 tatem,
1083 1437 1285 1474 necnon
1310 1426 1474 1476 Deum
1507 1443 1720 1495 quoque
1762 1431 1988 1500 Bytltum
2017 1450 2388 1493 commentus:

863 1509 1230 1575 nonnullaque
1260 1514 1392 1564 adeo
1420 1514 1803 1581 fabulameuta,
1836 1522 1992 1589 digna
2041 1541 2160 1592 qum
2186 1530 2237 1579 in
2266 1545 2390 1596 pro-

864 1596 1083 1646 lnndam
1119 1596 1275 1663 βυθοῦ
1312 1601 1590 1658 infernalis
1651 1610 1958 1675 voraginem
1990 1613 2387 1685 demerguntur,

858 1696 1082 1745 quorum
1112 1686 1328 1751 quidem
1352 1694 1587 1745 narratio
1610 1697 1757 1748 sanis
1796 1700 2016 1752 auribus
2043 1704 2257 1758 aedium
2309 1708 2391 1760 af-

854 1768 999 1821 l'crre
1021 1773 1177 1825 solet.

929 1858 1070 1909 Idem
1105 1871 1217 1914 atra
1262 1864 1366 1916 bile
1423 1866 1562 1918 haud
1614 1869 1772 1923 dubie
1805 1875 2065 1939 percitus,
2107 1886 2162 1931 et
2213 1879 2385 1948 impos

846 1946 1038 2010 animi,
1096 1949 1378 2019 linguaque
1441 1960 1655 2022 procaci
1719 1969 1774 2012 et
1825 1962 2050 2026 ellrteni,
2102 1966 2384 2023 Mosaicam

851 2032 1022 2100 legem
1076 2040 1351 2105 vellicans,
1412 2058 1475 2095 ex
1539 2047 1656 2113 ejus
1713 2051 2197 2108 constitutionibus
2255 2060 2385 2112 alias

852 2124 965 2185 Dei,
1003 2125 1134 2179 alias
1165 2128 1393 2196 Moseos,
1444 2133 1573 2186 alias
1609 2136 1840 2205 denique
1881 2141 2153 2195 seniorum
2213 2147 2386 2213 plebis

851 2225 1011 2265 voces
1033 2229 1153 2268 esse
1180 2221 1393 2271 asserit.
1441 2220 1634 2275 Nescio
1666 2225 1806 2279 unde
1859 2228 1925 2280 ad
1970 2231 2081 2283 haec
2116 2231 2383 2289 deblatte-

839 2297 1015 2350 ‘randa
1049 2302 1333 2365 adductus,
1367 2312 1665 2374 praesertim
1693 2321 1772 2363 tot
1833 2330 2099 2369 annorum
2141 2323 2379 2376 millibus

845 2401 876 2438 a
909 2388 1050 2443 Mose
1099 2403 1243 2457 nato,
1274 2397 1495 2464 legeque
1545 2400 1611 2451 ab
1646 2402 1833 2455 eodem
1868 2405 1969 2458 lata
2014 2410 2217 2463 exactis
2258 2411 2385 2480 (uti-

845 2492 967 2530 nam
995 2492 1151 2534 natus
1181 2501 1453 2553 nunquam
1472 2489 1713 2557 fuisset!)
1740 2494 1838 2545 nisi
1858 2494 1992 2548 forte
2014 2513 2180 2567 nugas
2200 2499 2383 2570 hujus-

842 2570 1047 2621 cemodi
1078 2574 1143 2622 ab
1172 2575 1368 2628 Ennaea
1399 2578 1485 2631 illa
1510 2587 1563 2631 et
1605 2579 1840 2646 Thelesi,
1865 2600 1997 2651 quas
2018 2587 2118 2639 deo
2143 2604 2242 2641 suo
2285 2590 2384 2660 By-

844 2657 937 2705 tlio
962 2660 1207 2723 nupsisse
1234 2662 1401 2731 lingit,
1427 2665 1679 2721 didicisse
1717 2671 1950 2735 videtur,
1981 2689 2201 2740 prorsus
2235 2657 2375 2731 obli-

846 2754 932 2796 tus
953 2760 1013 2796 ea
1036 2746 1144 2812 ipsa
1173 2750 1337 2804 Deum
1367 2754 1527 2807 Musis
1552 2774 1643 2810 ore
1682 2760 1920 2813 locutum
1943 2779 2081 2827 esse,
2122 2782 2377 2834 quaecun-

842 2847 995 2894 quea
1024 2835 1166 2889 Mose
1200 2840 1417 2903 tradita,
1449 2845 1709 2914 librisque
1754 2862 1972 2905 exarata
1996 2867 2141 2909 sunt.
2176 2858 2375 2922 Quem-

832 2916 1129 2974 admodum
1155 2939 1219 2976 es
1251 2927 1338 2978 illa
1383 2935 1752 2988 exsecratione
1788 2938 1942 2992 facile
1982 2942 2226 3013 colligas,
2258 2964 2378 3016 qua:

841 3020 1269 3079 iontemptorum
1350 3019 1484 3087 legis
1560 3026 1862 3079 cervicibus
1944 3032 2223 3088 imminet.
2289 3039 2377 3090 Ait

2505 599 2642 648 datis
2661 600 2726 661 ³⁸,
2752 612 2859 656 etc.
2888 604 3014 657 Item
3052 607 3102 658 in
3135 610 3247 677 lege
3275 630 3287 662 :
3316 614 3635 681 Matutinus,
3670 626 3757 688 qui
3792 641 3893 678 non
3920 644 4043 695 per-

2504 699 2674 736 manet
2702 690 2755 739 in
2786 696 3101 748 sermonibus
3125 698 3247 766 legis
3276 704 3449 771 hujus,
3508 722 3598 758 nec
3626 725 3708 762 eos
3745 729 3899 779 opere
3919 735 4039 785 per-

2500 773 2625 838 ﬁcit,
2650 784 2701 828 et
2738 792 2931 834 cm'era
2966 785 3050 837 his
3084 790 3402 845 consimilia.

2569 862 2639 913 Ea
2670 876 2846 919 autem
2878 886 2995 938 quae
3020 875 3199 928 David:
3227 878 3369 933 dicta
3403 896 3547 945 sunt,
3577 888 3641 939 ad
3686 888 3894 943 Novum
3922 894 4033 947 Te-

2501 957 2825 1007 stamentum
2879 959 3065 1014 referri
3116 976 3381 1029 possunt:
3414 970 3608 1025 Docebo
3657 978 3821 1039 enim,
3855 980 4008 1046 inqui

2501 1038 2746 1101 Davides,
2789 1045 2925 1099 alter
2953 1065 2983 1101 a
3013 1051 3175 1115 Mose,
3213 1066 3403 1124 etpost
3440 1059 3690 1116 Davidem
3716 1040 4024 1137 evangelica

2497 1126 2781 1196 legislatio.

3124 1231 3272 1289 CAP.
3315 1237 3400 1289 Vl.

2492 1305 2652 1361 Sexta
2707 1312 2935 1380 heresis,
2970 1316 3158 1402 Marci,
3195 1339 3225 1399 ᾳ
3256 1327 3403 1392 cujus
3432 1329 3615 1382 heresi
3650 1332 4020 1402 resipiscentes,

3066 1387 3417 1454 baptizantur.

2562 1482 2780 1553 Magicis
2826 1490 2915 1543 hic
2970 1494 3175 1549 artibus
3237 1498 3553 1567 instructus,
3621 1511 4021 1581 prmstigiisque

2491 1570 2604 1623 suis
2638 1576 2858 1630 mirifica
2882 1581 3060 1633 nescio
3085 1597 3204 1649 qua:
3251 1583 3469 1650 faciens,
3504 1592 3698 1645 multos
3730 1611 3795 1648 ex
3821 1599 4030 1666 simpli-

2491 1658 2731 1713 cioribus
2761 1663 3120 1720 circumvenit
3175 1672 3303 1737 (45),
3369 1675 3629 1741 imprimis
3657 1693 3783 1731 vero
3831 1658 4031 1737 matro-

2494 1762 2676 1800 narum
2724 1750 2955 1815 illarum,
2997 1772 3114 1822 qum
3156 1762 3399 1815 multiliis
3445 1776 3498 1817 et
3524 1770 3809 1834 purpureis
3864 1775 4021 1826 stolis

2489 1848 2691 1889 ornatae
2751 1840 3081 1906 incederent,
3132 1848 3335 1902 animas
3385 1862 3439 1903 et
3482 1868 3704 1922 corpora
3754 1862 4021 1927 corrupit.

2488 1924 2577 1975 Ille
2607 1927 2775 1989 enim,
2826 1938 2882 1980 ut
2914 1931 3154 1987 Irenaeus
3200 1947 3385 1991 auctor
3410 1951 3512 2003 est,
3557 1946 3719 1998 vitrea
3776 1951 4025 2015 quedam

2489 2013 2598 2066 albi
2645 2017 2844 2071 coloris
2894 2024 3085 2087 pocula
3143 2029 3506 2093 praeparabat;
3548 2033 3741 2089 deinde
3779 2013 4026 2093 carmine

2484 2103 2669 2156 nescio
2704 2121 2812 2172 quo
2832 2123 2980 2171 usus,
3010 2112 3289 2167 confestim
3316 2131 3501 2170 eorum
3526 2121 3666 2173 aliud
3717 2126 3770 2177 in
3802 2141 4013 2194 purpu-

2485 2204 2654 2254 reum,
2718 2194 2859 2247 aliud
2900 2197 3131 2266 denique
3194 2202 3249 2254 in
3309 2206 3593 2260 caeruleum
3645 2214 4016 2266 convertebat.

2484 2277 2624 2331 Idem
2661 2295 2782 2334 cum
2818 2285 3101 2341 Valentino
3133 2290 3296 2342 multa
3324 2296 3514 2347 secula
3538 2298 3871 2366 confingebat
3896 2317 4019 2369 qua

2482 2370 2699 2434 quidem
2760 2385 2989 2440 quatuor
3018 2388 3072 2429 et
3117 2379 3311 2446 viginti
3366 2382 3671 2437 Graecorum
3702 2387 3895 2441 litteris
3940 2393 4019 2444 si-

2482 2459 2628 2511 milia
2660 2460 2893 2517 dicebat.
2924 2468 3145 2535 Aliaque
3178 2480 3344 2532 muta,
3385 2473 3484 2525 alia
3512 2476 3876 2541 semivocalia,
3908 2482 4013 2535 alia

2481 2548 2711 2616 denique
2780 2556 2985 2608 vocalia
3042 2560 3405 2627 nuncupabat.
3460 2563 3598 2626 Quin
3645 2577 3698 2619 et
3750 2571 4020 2634 prolixam

2480 2641 2762 2705 quamdam
2842 2646 3074 2699 fabulam
3167 2649 3495 2717 instituens,
3535 2670 3695 2720 eam,
3750 2668 3809 2710 ut
3863 2662 4015 2714 idem

2485 2730 2725 2785 Irenzeus
2760 2735 2855 2797 ait,
2925 2737 3086 2804 Sigen
3147 2754 3241 2791 seu
3291 2741 3580 2797 Silentium
3638 2749 3881 2812 vocabat,
3914 2767 4019 2803 no-

2481 2822 2630 2874 mine
2693 2838 2824 2876 sane
2882 2826 3027 2891 quod
3069 2825 3265 2880 fabula:
3298 2839 3460 2896 atque
3524 2834 3641 2899 ejus
3685 2848 4010 2903 argumento

2478 2913 2790 2980 neutiquam
2821 2916 3168 2981 conveniret;
3204 2919 3425 2987 insuper
3445 2930 3499 2974 et
3528 2924 3650 2984 alia,
3671 2938 3791 2990 quae
3816 2940 4016 2993 super-

2479 2996 2643 3049 ﬂuum
2676 3002 2921 3055 scribere
2968 3005 3121 3057 duxi.
3159 3006 3401 3059 Addebat
3437 3023 3465 3060 a
3499 3010 3706 3062 tetrade
3738 3026 3835 3064 seu
3870 3028 4010 3080 qua-

843 3098 1030 3151 cnim:
1079 3102 1409 3169 Mnlcdiclus,
1449 3113 1534 3176 qui
1602 3128 1700 3163 non
1761 3132 2025 3183 permanet
2091 3124 2142 3173 in
2185 3101 2444 3177 sermo-C
2479 3098 2746 3183 termonf’
2809 3094 3009 3183 “cm
3091 3110 3444 3161 process'sse'
3526 3099 3582 3150 In
3636 3112 4004 3166 qualermone

840 3186 985 3238 nibus
1035 3188 1155 3257 lcgis
1207 3195 1359 3260 hujus
1392 3196 1433 3226 ³³
1469 3216 1481 3249 ;
1513 3199 1710 3264 quibus
1746 3203 1925 3257 verbis
1946 3221 2158 3260 omnem
2202 3211 2369 3277 legem

839 3273 1110 3343 intelligit.

910 3362 1224 3419 Universum
1284 3385 1444 3437 porro
1488 3374 1657 3441 legem
1688 3376 1948 3433 divinitus
2003 3382 2179 3436 datam
2228 3401 2372 3450 esse,

835 3464 957 3501 cum
1002 3467 1063 3503 ex
1100 3455 1219 3507 aliis
1248 3470 1353 3508 non
1381 3460 1565 3525 paucis
1584 3460 1868 3531 Scriptura
1896 3483 2056 3522 sacra:
2086 3473 2237 3539 locis,
2259 3487 2367 3527 tum

836 3554 901 3590 ex
948 3541 1094 3594 hisce
1137 3546 1313 3598 verbis
1372 3550 1553 3602 videre
1596 3562 1695 3616 est,
1731 3570 1847 3621 qua:
1887 3558 2070 3611 Davidi
2114 3562 2373 3619 divinitus

838 3631 980 3682 dicta
1024 3641 1194 3685 sunt:
1244 3634 1301 3687 Si
1347 3640 1677 3692 custodierint
1730 3643 1832 3706 ﬁlii
1887 3647 1961 3697 tui
2011 3656 2370 3705 testamentum

836 3731 1024 3777 meum,
1055 3727 1100 3768 et
1129 3723 1416 3775 testimonia
1450 3741 1560 3776 mea
1594 3727 1700 3779 Ila'c
1729 3745 1841 3798 quae
1884 3734 2069 3784 docebo
2098 3734 2217 3788 illos
2252 3741 2282 3804 εξ
2304 3740 2370 3791 Et

835 3807 937 3871 ﬁlii
963 3823 1138 3859 eorum
1164 3826 1320 3877 usque
1344 3813 1395 3863 in
1425 3815 1670 3867 sa'culum
1722 3822 1967 3872 sedebant
2004 3839 2159 3891 super
2199 3828 2369 3879 sedem

835 3907 979 3947 tuam
1036 3897 1102 3949 ³⁸.
1155 3898 1283 3952 Item
1318 3900 1414 3953 :Si
1445 3905 1848 3973 derelinquerint
1878 3910 1975 3974 filii
2036 3914 2149 3979 ejus
2206 3918 2367 3984 legem

834 4001 1023 4047 meam,
1083 3988 1204 4038 etin
1253 3990 1467 4056 judiciis
1522 3996 1643 4046 meis
1696 4012 1795 4047 non
1857 4000 2273 4067 ambulaverint;
2327 4007 2371 4058 si

830 4072 1231 4142 justiﬁcationes
1260 4096 1396 4131 meas
1432 4083 1843 4149 profanaverint,
1876 4097 1924 4138 et
1965 4092 2213 4143 mandata
2255 4109 2368 4146 mea

836 4178 935 4212 non
964 4166 1310 4230 custodieriut,
1345 4170 1558 4221 tisitabo
1586 4172 1635 4222 in
1669 4174 1812 4241 virga
1844 4176 2140 4244 iniquitates
2172 4196 2369 4243 eorum,

831 4259 880 4301 et
922 4255 974 4301 in
1027 4255 1313 4306 verberibus
1372 4258 1655 4324 injustitias
1708 4278 1901 4314 eorum.
1969 4266 2367 4321 Misericordia":

835 4349 1009 4389 autem
1045 4357 1211 4393 meam
1238 4359 1340 4395 non
1380 4347 1669 4417 dispergam
1700 4352 1762 4403 ab
1797 4354 1923 4415 illis,
1954 4371 2116 4423 neque
2173 4359 2364 4425 injuste

2473 3193 2638 3244 porro
2684 3180 2995 3245 Hominem,
3053 3183 3377 3248 Ecclesiam,
3427 3185 3687 3249 Verbum,
3745 3201 3801 3241 et
3830 3190 4012 3244 Vitam

2473 3267 2764 3321 contineri.
2789 3269 3031 3323 Virtutes
3080 3283 3366 3337 praeterea,
3396 3289 3517 3340 qua:
3542 3277 3610 3327 ab
3669 3277 3738 3328 iis
3771 3293 4010 3332 emana-

2473 3367 2685 3420 verant,
2715 3359 2783 3411 ab
2812 3374 2878 3412 eo
2907 3360 3031 3413 Jesu
3061 3373 3344 3427 generatas
3365 3379 3503 3427 esse,
3550 3367 3640 3433 qui
3672 3368 3819 3421 visus
3862 3378 4014 3422 esset

2474 3446 2526 3498 in
2558 3456 2719 3502 terra.
2748 3448 2814 3501 Et
2850 3449 3010 3503 Verbi
3041 3452 3260 3519 quidem
3294 3454 3443 3507 vices
3492 3457 3740 3523 angelum
3772 3456 4011 3512 Gabrie-

2472 3536 2574 3588 Iem
2610 3556 2621 3589 :
2651 3538 2801 3599 Viue,
2832 3539 3093 3606 Spiritum
3133 3552 3377 3595 sanctum
3413 3562 3425 3596 :
3459 3544 3721 3608 Hominis,
3748 3547 4011 3600 virtutem

2472 3624 2594 3678 Filii
2630 3644 2643 3678 :
2680 3626 2936 3680 Ecclesiae
2964 3629 3196 3695 denique
3226 3631 3500 3698 Virginem
3527 3634 3874 3700 adimplesse.
3912 3637 4012 3687 At-

2472 3713 2675 3778 queita
2706 3728 2802 3780 per
2826 3714 3047 3767 Mariam
3076 3718 3323 3783 genitum
3380 3734 3499 3772 esse
3527 3735 3673 3783 eum,
3705 3722 3794 3788 qui
3821 3723 4010 3777 divina

2471 3800 2821 3867 dispositione
2849 3804 3011 3855 homo
3034 3804 3211 3858 factus
3262 3819 3364 3858 est.
3409 3808 3631 3872 Quoties
3699 3821 3880 3863 autem
3913 3826 4009 3865 eos

2474 3887 2772 3956 baptizant,
2806 3906 2945 3957 quos
2995 3892 3499 3956 circumvenerunt,
3562 3896 3644 3949 his
3671 3899 3749 3949 uti
3806 3900 4009 3952 verbis

2470 3977 2643 4028 solent
2673 3996 2685 4030 :
2718 3977 2776 4029 In
2806 3979 3025 4031 nomine
3091 3980 3258 4047 ignoti
3293 3983 3469 4036 Patris
3504 3987 3761 4046 omnium,
3817 3996 3871 4037 et
3905 3988 4011 4040 Ve-

2475 4065 2654 4118 ritatis
2686 4066 2868 4120 Matris
2911 4069 3173 4133 omnium,
3199 4080 3252 4123 et
3282 4073 3396 4139 ejus
3419 4073 3509 4140 qui
3542 4074 3823 4127 descendit
3848 4076 4007 4137 Jesu.

2471 4154 2536 4206 ad
2571 4155 3032 4222 conjunctionem,
3067 4168 3122 4211 et
3157 4159 3614 4227 redemptionem,
3649 4173 3705 4215 et
3750 4178 4009 4218 commu-

2468 4243 2801 4297 nicationem
2872 4247 3156 4299 virtutum.
3209 4248 3440 4316 Quoque
3497 4252 3755 4319 majorem
3809 4255 3859 4305 ei
3914 4256 4010 4322 qui

2469 4332 2768 4400 baptizatur
2833 4344 3104 4403 stuporem
3137 4338 3395 4404 injiciant,
3453 4339 3564 4392 inec
3610 4340 3874 4395 Hebraica
3908 4358 4010 4394 no-

1457 4402 1469 4413 .
1551 4402 1575 4417 ..
1740 4402 1745 4403 ν
2174 4402 2361 4425 mp"-

834 4443 990 4495 agam
1034 4432 1085 4478 in
1124 4432 1337 4483 veritate
1372 4450 1512 4498 mea;
1559 4453 1717 4504 neque
1763 4443 2053 4507 profanabo
2097 4451 2365 4497 testamcn-
2399 4402 2439 4454 Β
2468 4437 2517 4472 m

2399 4402 2439 4454 θ
2468 4423 2610 4474 mina
2643 4402 3011 4490 superaddunt
3035 4425 3142 4491 (44)
3184 4402 3203 4476 :V
3226 4426 3475 4479 Chamosi
3507 4428 3814 4480 baeannora
3844 4447 3857 4479 :
3888 4446 4008 4499 my-

834 4524 942 4564 tum
986 4531 1175 4577 meum,
1223 4529 1270 4569 et
1334 4538 1448 4588 qua:
1502 4529 1785 4590 procedunt
1817 4531 1877 4580 de
1907 4530 2055 4582 labiis
2116 4536 2241 4585 meis
2275 4550 2373 4587 non

830 4604 1023 4668 [nciam
1074 4591 1226 4660 irrita
1271 4610 1337 4661 ³³.
1388 4613 1518 4664 Nam
1577 4630 1674 4683 per
1715 4617 2138 4682 Testamentum,
2181 4625 2347 4691 justiti

837 4693 1075 4746 rationes
1116 4707 1170 4748 et
1226 4699 1556 4763 testimonia,
1592 4705 1897 4758 universam
1959 4709 2126 4777 legem
2175 4712 2373 4766 intelli-

833 4781 929 4845 git,
958 4796 1114 4848 quam
1142 4786 1356 4843 quidem
1381 4789 1482 4842 sibi
1520 4792 1681 4856 Deus,
1724 4802 1782 4846 ut
1821 4802 2093 4864 propriam
2121 4803 2367 4855 traditio-

832 4884 954 4922 nem
998 4872 1246 4926 vindicat.

1132 5004 1397 5073 Appendix
1445 5010 1689 5065 Theodori
1737 5016 2060 5073 Scutariotaz.

906 5110 1093 5166 Melius
1132 5115 1305 5171 fuerat
1352 5120 1435 5173 his
1474 5124 1568 5177 niti
1627 5128 1962 5184 rationibus:
2012 5131 2068 5185 Si
2090 5134 2266 5189 Mosen
2310 5148 2359 5191 et

2468 4512 2664 4575 stadia,
2720 4513 2914 4576 rhuda,
2940 4516 3162 4568 custaba
3193 4532 3204 4567 :
3233 4519 3440 4583 phogor
3469 4536 3481 4568 :
3506 4518 3723 4570 calathi.
3754 4518 4008 4581 Quorum

2468 4601 2848 4669 interpretatio
2885 4604 2996 4656 hate
3033 4615 3115 4656 est
3145 4620 3157 4654 :
3188 4603 3231 4657 Ο
3251 4605 3340 4671 qui
3367 4620 3424 4658 es
3450 4620 3612 4673 super
3642 4620 3857 4658 omnem
3888 4610 4006 4659 vir-

2469 4699 2638 4742 tutem
2692 4692 2891 4753 Patris,
2920 4704 2970 4746 te
3028 4693 3362 4753 invocamus,
3390 4695 3481 4761 qui
3531 4694 3758 4757 Lumen,
3802 4705 3857 4747 et
3883 4696 4008 4763 δρᾶ.

2470 4782 2610 4833 ritus
2642 4782 2837 4846 bonus,
2868 4793 2924 4835 et
2960 4782 3079 4835 Vita
3115 4783 3411 4836 nominaris
3447 4784 3739 4852 :quoniam
3784 4784 3838 4836 in
3880 4800 4008 4838 cor—

2471 4885 2601 4938 pore
2625 4872 2884 4940 regnasti.

2526 4964 2623 5027 Qui
2648 4974 2822 5017 autem
2847 4975 3080 5018 sacratur
3098 4966 3238 5018 hunc
3257 4968 3309 5019 in
3328 4965 3541 5019 modum
3566 4965 3629 5019 ad
3655 4966 3756 5020 ista
3776 4981 4006 5033 respon-

2457 5052 2548 5105 det
2582 5069 2594 5104 :
2628 5052 2986 5108 Contirmatus
3018 5070 3157 5116 sum,
3202 5056 3505 5122 redemptus
3537 5056 3742 5117 sum,in
3788 5056 4008 5108 nomine

2457 5141 2567 5203 Iao,
2598 5142 2688 5208 qui
2732 5144 2962 5195 animam
3004 5158 3174 5196 meam
3234 5143 3299 5195 ab
3330 5144 3432 5196 hoc
3486 5144 3681 5196 saeculo
3725 5143 4003 5196 liberavit.

832 5205 1107 5271 prophetas
1136 5221 1238 5259 non
1264 5211 1505 5275 audiunt,
1556 5231 1715 5285 neque
1745 5221 1790 5269 si
1817 5222 1928 5286 quis
1966 5238 1999 5273 a
2034 5228 2245 5278 mortuis
2278 5243 2359 5278 re.
2458 5205 2662 5281 Deinde
2696 5229 2868 5298 ipsum
2913 5232 3257 5297 opobalsamo
3287 5232 3569 5299 inungunt,
3600 5241 3655 5284 et
3688 5231 4000 5299 perfectum

830 5289 1078 5352 surrexit,
1116 5294 1321 5346 credent
1346 5296 1409 5350 ".
1457 5298 1587 5352 Item
1624 5318 1635 5353 :
1666 5303 1865 5357 (labent
1920 5306 2111 5362 Mosem
2145 5320 2193 5363 et
2233 5330 2355 5381 pro-

902 5439 944 5469 ³³
969 5441 1123 5494 Deut.
1151 5458 1313 5506 xxvn,
1332 5448 1418 5503 29.

1530 5452 1736 5510 “Psal.
1772 5475 1949 5523 exul.
2004 5465 2080 5519 12.

832 5506 878 5539 ⁸⁸
911 5508 1095 5563 Matth.
1123 5527 1172 5576 v,
1206 5513 1289 5567 18.

906 5643 1014 5713 (43)
1040 5645 1176 5701 Iren.
1210 5649 1301 5702 lib.
1344 5668 1420 5716 Ill,
1451 5668 1497 5708 c.
1537 5655 1627 5719 I8;
1658 5655 1851 5712 Euseb.
1892 5675 1961 5725 iv,
1993 5676 2111 5729 cap.
2156 5661 2240 5718 I0.

2197 5465 2238 5498 ³⁵
2264 5466 2401 5519 Psal.
2448 5483 2702 5532 Lxxxvnt,
2738 5471 2795 5523 51
2827 5487 2975 5542 seqq.

2456 5317 2690 5370 evasisse
2725 5318 3097 5385 pronuntiant.

3669 5473 3711 5503 ³⁷
3740 5473 3862 5530 Ibid
3911 5476 3982 5532 29

3076 5475 3117 5504 ³⁸
3154 5472 3281 5525 Luc.
3328 5488 3432 5533 xvi,
3482 5471 3566 5526 3L

2552 5670 2661 5739 (ait)
2696 5669 2828 5725 llinc
2860 5673 3042 5729 Irenzi
3077 5676 3249 5731 locum
3284 5679 3651 5733 restituerunt.
