4274 6382
297 397 425 468 ης)

585 514 848 568 Ha'rrseos
871 519 1205 580 prandentis
1227 520 1536 587 confatalia.

362 601 617 657 Iliriﬁcus
666 604 876 658 Marcus
933 610 1216 676 pratstigiis
1259 618 1315 661 ct
1388 609 1849 665 incantationibus

290 696 644 762 prasentium
712 695 796 747 vel
857 698 1198 765 perspicaces
1262 699 1450 751 oculos
1510 699 1847 764 fascinabat,

288 783 663 851 elﬁciebatque
712 791 772 836 ut
814 799 876 838 ea
906 801 1028 854 qua:
1057 787 1529 854 conspicerentur.
1571 801 1759 844 contra
1790 807 1847 846 se

290 874 492 927 habere
521 874 859 935 viderentur,
900 891 1060 942 quam
1085 890 1276 928 eorum
1308 887 1502 930 natura
1526 878 1712 933 ferret.
1739 880 1849 934 Nec

288 965 434 1016 enim
470 964 736 1031 pellucida
781 981 1033 1019 vasorum
1068 966 1364 1021 vitreorum
1411 984 1640 1038 corpora
1673 972 1727 1024 in
1759 987 1850 1024 va-

289 1055 401 1105 tios
424 1064 634 1106 mutare
673 1056 882 1110 colores
921 1058 1184 1126 potuisset
1217 1077 1229 1112 :
1280 1067 1341 1112 ut
1370 1073 1492 1127 qua:
1521 1061 1850 1118 adeuntibus

288 1145 410 1194 allva
461 1145 832 1210 protenderet,
888 1147 1080 1200 eadem
1125 1164 1246 1201 mox
1309 1149 1363 1202 in
1418 1165 1708 1220 purpurea,
1765 1155 1849 1207 vel

287 1236 517 1287 caerulea
540 1246 792 1301 mutaret,
820 1238 1030 1306 hocque
1049 1249 1206 1307 pacto
1225 1241 1558 1308 simpliciora
1569 1259 1616 1297 nt
1642 1246 1847 1312 pleros-

286 1333 395 1387 que
441 1324 898 1379 circumveniret:
931 1329 983 1381 in
1015 1333 1206 1398 primis
1242 1341 1424 1384 autem
1475 1333 1846 1398 mulierculas,

193 1437 199 1444 -
286 1426 408 1477 quae
441 1414 585 1466 circa
608 1416 786 1468 colqu
840 1430 1115 1487 occupata:
1143 1420 1339 1476 tabulis
1396 1433 1449 1476 et
1498 1428 1848 1492 nugamentis

286 1503 544 1568 gaudent.
602 1504 709 1559 Nec
763 1509 942 1563 ntiuus
989 1513 1042 1562 in
1073 1526 1140 1562 eo
1169 1524 1419 1580 nugatur,
1475 1516 1619 1582 quod
1653 1517 1845 1569 sa-cula

290 1593 455 1644 tradit
499 1607 640 1655 esse,
675 1612 796 1664 qua:
832 1615 1058 1651 numero
1090 1603 1284 1677 litteris
1307 1616 1542 1671 quatuor
1576 1614 1630 1657 et
1658 1607 1842 1674 viginti

239 1690 245 1694 '
291 1684 678 1750 respondeant.
736 1686 993 1751 Quamvis
1054 1692 1200 1742 enim
1265 1696 1460 1745 saecula
1514 1695 1839 1748 saeculorum

290 1776 603 1840 audiamus,
661 1793 784 1830 vera
817 1789 994 1831 tamen
1052 1782 1259 1849 Opinio,
1317 1797 1437 1850 qua:
1496 1799 1579 1838 res
1632 1786 1844 1841 divinas

291 1864 598 1920 immobiles
645 1883 765 1921 esse
795 1869 972 1944 docet,
1006 1873 1224 1924 unicum
1261 1874 1363 1926 Illis
1399 1877 1650 1930 saeuiunt
1688 1879 1844 1930 attri-
1880 1857 1919 1910 Β

287 1955 426 2007 ιιιιῖι.

357 2045 426 2097 iis
454 2055 636 2102 autem
672 2051 853 2117 rebus,
900 2070 1020 2122 qua:
1050 2057 1216 2109 motui
1247 2069 1299 2112 et
1337 2057 1672 2128 corruptioui
1720 2071 1846 2116 sunt

282 2133 557 2199 οδιιυιίςη.
613 2149 824 2210 tempus
853 2145 1111 2214 assignat,
1164 2150 1307 2217 quod
1355 2154 1669 2205 transitorio
1716 2156 1846 2209 SttIlS

282 2236 336 2276 et
362 2225 502 2281 lunae
528 2244 690 2284 cursu
739 2248 955 2302 semper
1004 2248 1230 2304 motum,
1292 2256 1626 2306 mensuram,
1658 2256 1711 2298 et
1741 2245 1844 2298 llo-

284 2333 406 2369 sum
440 2319 682 2389 recipiat.
710 2321 948 2388 Quarum
972 2330 1116 2382 enim
1145 2346 1326 2384 rerum
1357 2346 1546 2387 natuta
1579 2347 1840 2404 perpetua

285 2421 391 2458 non
426 2419 528 2472 est,
582 2426 658 2464 ea:
696 2417 958 2483 temporis
993 2419 1458 2476 vicissitudinibus
1507 2428 1837 2478 consistunt.

277 2496 517 2560 Quarum
558 2513 740 2556 autem
784 2511 1018 2562 essentia
1075 2511 1370 2568 immobilis
1424 2526 1532 2578 est,
1583 2528 1638 2569 et
1690 2530 1832 2572 statu

276 2591 521 2643 numeris
548 2596 802 2649 omnibus
848 2599 1098 2656 absoluto
1135 2605 1376 2669 prxdita,
1415 2608 1481 2660 iis
1527 2624 1838 2664 acconuuo-

276 2682 404 2734 dum
442 2687 697 2740 saeculum
748 2690 883 2744 citra
918 2693 1314 2749 dimensionem
1363 2704 1626 2766 procedit.
1663 2721 1838 2773 neque

278 2771 406 2824 nilis
455 2775 694 2827 noctium
739 2787 794 2830 et
825 2780 1036 2834 dierum
1087 2784 1406 2848 intervallis,
1449 2805 1625 2857 neque
1671 2797 1833 2858 veris,

275 2863 501 2927 aestatis,
529 2871 802 2932 autumni,
831 2879 887 2924 et
928 2873 1125 2928 hiemis
1154 2877 1627 2936 vicissitudinibus
1668 2886 1837 2940 instar

278 2953 539 3018 temporis
569 2956 644 3008 ita
674 2959 1026 3026 discernitur,
1069 2973 1128 3016 ut
1169 2968 1295 3020 anni
1348 2972 1592 3037 partibus
1641 2979 1834 3032 ordine

275 3043 554 3106 productis
591 3047 926 3103 curriculum
958 3055 1192 3108 solstitio
1238 3059 1503 3124 abSUIVJl,
1541 3062 1833 3133 denuoan

1543 412 1791 470 TllESA
1812 412 1944 469 [Ίιι
1998 415 2140 472 LIB.
2189 420 2280 477 ιν.

1881 530 1919 582 Α
1955 528 2173 592 quidem
2225 538 2647 598 quaternitatem
2690 542 3087 613 Pythagoreum
3119 548 3309 619 dogma
3337 557 3505 612 fuisse

3365 443 3502 506 1258

1958 618 2157 670 ςςίιιιιιέ
2222 622 2522 677 P0testates
2571 645 2720 693 vero,
2750 637 2792 686 si
2829 639 3102 705 angelicas
3127 647 3510 708 concedamus.

1951 722 1979 754 a
2003 705 2128 758 Jesu
2164 711 2476 777 productas,
2525 729 2578 769 at
2610 735 2714 772 non
2747 729 3114 791 generationis
3154 735 3274 801 ejus
3321 753 3513 791 causas

1951 795 2220 850 exstitisse
2249 801 2514 856 dicemus.
2550 805 2659 859 Hoc
2685 824 2846 874 porro
2876 815 2981 870 illae
3005 834 3222 890 quoque
3255 839 3510 894 comper-

1954 892 2064 935 tum
2095 887 2354 944 habentes
2377 894 2812 954 vociferabantur
2835 922 2843 953 :
2868 903 3003 967 Quid
3028 887 3173 964 nobis
3188 922 3234 964 et
3255 914 3363 977 tibi,
3382 887 3514 969 ‘Jesu

1950 971 2051 1027 Fili
2103 977 2193 1030 Dei
2227 980 2252 1032 ?
2285 986 2467 1035 venisti
2509 987 2607 1038 huc
2639 1000 2760 1042 ante
2809 1003 3009 1062 tempus
3044 1009 3287 1069 torquere
3329 1022 3425 1058 nos
3449 1010 3516 1061 υ.

1951 1064 2059 1119 Illa:
2107 1071 2274 1131 enim,
2323 1075 2451 1126 dum
2485 1079 2756 1144 superbia:
2795 1097 3016 1151 peccato
3065 1064 3396 1161 eﬂ‘eruntur,
3447 1101 3514 1152 ad

1950 1158 2003 1209 id
2042 1162 2184 1224 quod
2249 1164 2490 1220 deterius
2548 1179 2632 1223 est
2691 1185 2810 1226 sese
2850 1190 3262 1251 converterunt,
3324 1189 3513 1256 pristi-

1957 1262 2134 1316 naquc
2170 1253 2258 1305 illa
2312 1255 2574 1325 dignitate
2623 1263 2960 1330 excidentes,
2997 1273 3268 1339 supplicio
3302 1253 3511 1334 manci-

1949 1350 2084 1406 pata:
2100 1343 2354 1411 subjecto
2385 1362 2532 1415 sunt,
2567 1357 2708 1420 quod
2745 1357 2999 1424 βάσανον,
3030 1363 3135 1418 hoc
3158 1353 3511 1427 est-tormen-

1949 1442 2085 1496 tum,
2106 1436 2424 1502 appellatur.
2442 1442 2574 1496 Nam
2592 1461 2712 1513 qua:
2730 1451 2830 1502 luit
2853 1454 2990 1521 ejus,
3010 1470 3215 1522 quaso,
3230 1465 3507 1527 superbia,

1948 1524 2040 1590 qui
2080 1527 2218 1579 inter
2277 1529 2395 1582 illas
2430 1535 2719 1597 primatum
2759 1542 2965 1598 habet?
3009 1546 3179 1612 Super
3228 1562 3377 1607 astra
3421 1556 3512 1609 Dei

1948 1615 2187 1667 excitabo
2221 1621 2395 1672 sedem
2436 1640 2627 1688 meam,
2665 1639 2714 1679 et
2759 1647 2846 1684 ero
2898 1637 3081 1690 similis
3137 1644 3424 1707 Altissimo,
3462 1663 3512 1699 ρι

1948 1709 2380 1772 comprehendant
2427 1717 2602 1767 orbem
2661 1729 2814 1774 terra:
2861 1730 3015 1788 quasi
3060 1731 3261 1792 nidum,
3310 1745 3356 1787 et
3395 1749 3510 1789 tun-

1950 1812 2108 1860 quam
2155 1815 2248 1850 ova
2298 1803 2545 1856 derelicta
2592 1811 2774 1862 (ollam
2828 1817 2890 1865 ⁸ο.
2956 1818 3078 1872 “me
3131 1823 3351 1889 quidem
3401 1827 3511 1889 iile,

1949 1884 2199 1942 Christus
2248 1904 2428 1947 autem
2487 1899 2657 1966 quid?
2690 1904 2820 1957 Ecce
2852 1909 2968 1960 dedi
3013 1914 3151 1966 vobis
3203 1925 3511 1983 potestatem

1949 1973 2192 2030 calcandi
2236 1998 2399 2048 supra
2453 2001 2743 2055 serpentes,
2805 2005 2853 2045 et
2901 2004 3194 2066 scorpiones
3254 2016 3301 2056 et
3355 2025 3513 2078 super

1947 2081 2151 2119 munem
2181 2071 2425 2124 virtutem
2448 2078 2641 2130 inimici
2664 2083 2728 2132 ".
2764 2083 2963 2140 Contra
2991 2107 3154 2157 porro
3183 2095 3510 2155 Christiana:

1947 2155 2206 2210 dcc-trime
2228 2172 2374 2219 sunt.
2410 2178 2802 2240 prOptereaque
2827 2191 2947 2229 cum
2966 2155 3085 2236 aliis
3105 2184 3264 2241 Marci
3289 2191 3508 2260 dogma-

1948 2246 2015 2299 tis
2081 2250 2394 2318 rcjicienda,
2438 2271 2775 2330 quacunque
2820 2269 2980 2322 etiam
3021 2278 3332 2334 sacerdotes
3387 2287 3508 2352 ejus

1947 2339 2287 2395 ineantantes
2338 2346 2402 2399 iis
2454 2349 2815 2418 insusurrant,
2863 2376 2996 2429 quos
3046 2364 3384 2435 baptismatis
3424 2378 3504 2430 la-

1948 2445 2108 2483 \‘thl‘O
2139 2436 2417 2500 proluunt.
2454 2440 2706 2500 Christus
2740 2453 2884 2504 enim
2936 2457 2987 2508 in
3043 2463 3262 2517 nomine
3305 2467 3500 2534 Patris,

1943 2533 1997 2575 ct
2033 2524 2151 2578 Filii
2197 2539 2250 2580 et
2303 2529 2536 2597 Spiritus
2590 2542 2785 2606 sancti,
2844 2545 3168 2614 baptismum
3221 2561 3506 2616 ermfercu-

1943 2610 2070 2663 dmn
2095 2629 2212 2668 esse
2243 2623 2516 2685 apostolos
2559 2625 2745 2682 docnt
2790 2646 2802 2681 :
2839 2633 2892 2685 hi
2926 2646 3102 2691 autem
3138 2649 3304 2709 patris
3337 2648 3502 2715 ignoti

1945 2715 2138 2754 nomen
2193 2707 2466 2763 invocant.
2516 2713 2677 2770 Certe
2737 2723 2860 2788 quis
2915 2727 3001 2781 ille
3053 2732 3123 2784 sit
3173 2741 3376 2802 nescio,
3445 2757 3503 2796 ut

1945 2805 2121 2850 tamen
2155 2816 2216 2853 ex
2250 2811 2604 2872 sequentibus
2633 2816 2845 2870 ariolari
2889 2820 3066 2882 datur.
3111 2829 3155 2882 is
3178 2843 3258 2885 est
3287 2849 3316 2888 a
3346 2838 3499 2893 nobis

1940 2886 2032 2952 qui
2067 2886 2266 2944 ChrLSti
2294 2910 2488 2949 nomen
2516 2901 2849 2971 proﬁtemur,
2888 2913 3114 2971 alienus.

2569 3039 2715 3093 CAP.
2765 3045 2870 3099 VII.

277 3130 288 3139 .
370 3133 438 3143 ..
965 3141 980 3153 .
1178 3161 1188 3170 ι
1293 3110 1328 3155 .“
1469 3110 1503 3124 “’
1545 3110 1833 3181 έ“““’.”’¹’””
1942 3110 2175 3182 Septima
2233 3128 2464 3187 lia'resis,
2542 3133 2980 3205 Ascodrugorum,
3037 3149 3117 3199 re!
3180 3152 3493 3227 Ascodrupi-

277 3145 520 3199 nteiptat,
549 3138 640 3188 sed
686 3151 901 3206 semper
943 3141 1072 3204 Lns,
1106 3157 1448 3215 (ssenttaquc
1497 3165 1756 3217 prxtetui
1781 3169 1828 3210 et
1863 3181 1903 3227 α
2620 3215 2632 3227 .

276 3138 520 3199 incipiat,
549 3138 640 3188 sed
686 3151 901 3206 semper
943 3141 1072 3204 lius,
1106 3148 1448 3215 (ssenliaqnc
1497 3165 1756 3217 praeteriti
1781 3169 1828 3210 et
1863 3181 1903 3236 ε

274 3222 441 3273 t'uturi
474 3239 696 3292 experte
741 3230 1047 3294 praeditum.
1086 3233 1216 3286 Nam
1265 3244 1524 3307 temporis
1570 3258 1696 3310 pars
1732 3263 1835 3300 una
1867 3222 1892 3269 ἡ

273 3316 556 3378 praeteriit,
612 3318 714 3370 alia
760 3319 940 3374 futura
998 3334 1100 3386 est,
1160 3342 1400 3394 prtesens
1459 3333 1561 3387 alia
1615 3337 1834 3392 dcitur.

273 3401 544 3456 Sacnlum
575 3419 777 3471 autem,
826 3412 1000 3478 ipsum
1052 3407 1344 3482 partitione
1374 3437 1544 3486 caret,
1579 3431 1835 3498 nulloque

273 3501 519 3560 tempore
571 3512 630 3550 ac
689 3499 812 3553 loco
865 3503 1368 3574 circumscribitur,
1429 3521 1830 3585 setnpiternita-

270 3593 431 3651 teque
464 3588 599 3640 adeo
626 3604 746 3642 cum
783 3593 867 3654 iis,
914 3611 1034 3663 qua
1068 3601 1399 3667 sempiterna
1426 3617 1572 3670 sunt,
1611 3614 1826 3676 gaudet.

273 3673 506 3728 Vtesanae
530 3693 694 3746 porro
726 3685 924 3737 mentis
968 3685 1303 3756 ﬁgmentum,
1339 3695 1608 3766 Marcique
1640 3702 1705 3755 de
1737 3721 1832 3757 Str.-

268 3766 408 3818 culis
459 3783 828 3825 comntenlum
874 3779 1221 3842 semivocale,
1269 3786 1477 3843 vocale.
1520 3799 1574 3841 et
1622 3803 1830 3848 mutum

267 3867 371 3909 est.
425 3859 559 3912 Nam
595 3872 834 3928 quatuor
861 3876 916 3919 et
946 3869 1133 3937 viginti
1187 3873 1382 3930 litteris
1436 3880 1572 3934 alias
1609 3886 1833 3941 vocales

267 3949 503 4015 appellat
553 3957 961 4018 grammaticus,
1005 3963 1312 4030 cujusmodi
1369 3980 1495 4021 sunt
1536 3988 1586 4035 α,
1624 3992 1668 4038 ε,
1703 3995 1755 4042 η,
1791 3997 1828 4040 ι,

265 4051 312 4097 o,
342 4049 472 4098 u,et
498 4057 578 4093 ωε
623 4042 751 4108 quia
811 4047 1070 4101 nimirum
1111 4067 1206 4118 per
1231 4069 1287 4107 se
1326 4056 1488 4123 ipsas,
1527 4062 1685 4128 vique
1734 4081 1831 4120 sua

265 4144 454 4183 vocem
497 4132 811 4206 perficiunt,
849 4140 1064 4194 etiamsi
1112 4144 1232 4197 aliis
1266 4161 1374 4200 non
1428 4153 1829 4224 conjungantur

262 4217 459 4273 litteris
497 4239 509 4274 :
538 4224 672 4276 alias
698 4228 1057 4284 semivocales
1102 4248 1114 4283 :
1170 4233 1304 4288 alias
1336 4237 1466 4291 item
1501 4254 1715 4299 mutuas
1740 4263 1826 4302 vo-

259 4316 368 4371 cat,
398 4321 452 4361 ut
485 4310 536 4379 β,
573 4328 626 4378 γ,
663 4313 711 4376 δ,
745 4324 801 4369 et
827 4327 947 4385 qua:
976 4334 1414 4392 consequuntur,
1455 4338 1512 4383 ut
1536 4347 1658 4400 qua:
1693 4337 1826 4394 nihil

257 4411 448 4452 eorum
501 4403 830 4470 exprimant,
893 4425 1016 4476 qua:
1067 4412 1134 4465 ad
1193 4417 1529 4487 colloquium
1577 4424 1821 4492 faciunt,

255 4496 464 4564 absque
489 4498 723 4553 aliorum
769 4503 1172 4562 elementorum
1221 4514 1630 4583 conjunctione,
1663 4524 1825 4575 nitui-
1859 4515 1904 4570 D

258 4601 379 4638 rum
411 4602 469 4650 α,
501 4605 550 4651 s,
580 4599 637 4643 et
664 4601 991 4648 calet-orum
1025 4595 1353 4668 hujusmodi.
1391 4605 1457 4658 At
1504 4612 1825 4666 saeculorum

253 4677 322 4742 (si
353 4687 533 4734 tamen
553 4696 582 4733 a
608 4697 879 4751 quoquam
906 4689 1101 4741 saecula
1130 4691 1280 4757 plura
1301 4695 1678 4770 admittantur)
1698 4718 1824 4770 qua,

250 4781 459 4834 quieso,
507 4771 740 4835 ratione,
779 4789 993 4844 quaque
1027 4782 1260 4834 naturali
1294 4784 1606 4842 diﬂ'erentia
1637 4807 1823 4847 vacem

250 4859 390 4923 aliis,
419 4860 542 4914 aliis
572 4864 924 4928 semivocem,
964 4883 1171 4944 merum
1208 4873 1445 4943 denique
1489 4883 1638 4936 vocis
1669 4885 1822 4940 dele-

248 4960 395 5004 ctum
457 4953 580 5007 aliis
617 4952 831 5011 Marcus
875 4959 1116 5013 tribuit?
1165 4963 1414 5021 Absurda
1457 4985 1679 5038 prorsus
1707 4977 1822 5033 haec

247 5051 331 5095 est
359 5045 658 5112 distinctio,
717 5057 867 5104 utet
917 5049 1008 5105 illa
1034 5057 1388 5122 quaternitas,
1445 5076 1564 5126 quae
1622 5069 1817 5121 saecula

245 5133 474 5200 peperit,
506 5135 814 5204 absurdior,
853 5141 940 5195 cui
985 5143 1204 5210 Quidem
1258 5148 1514 5215 hominis,
1543 5152 1814 5223 Ecclesiae,

246 5221 427 5290 verbi,
477 5235 533 5278 et
559 5224 691 5281 Vita:
737 5240 940 5286 nomen
985 5235 1264 5303 imponere
1318 5240 1526 5296 Marcus
1593 5252 1812 5304 assolet.

239 5311 707 5376 Quemadmodum
740 5333 900 5374 merae
930 5339 1148 5394 quoque
1175 5342 1330 5395 nugae
1357 5341 1483 5385 sunt
1507 5332 1810 5395 Potestatcs

238 5401 364 5466 illa,
398 5419 534 5473 quas
577 5407 720 5462 idem
746 5408 898 5476 Jesu,
960 5416 1054 5481 qui
1081 5417 1231 5472 visus
1251 5429 1334 5473 est
1358 5421 1413 5474 in
1443 5431 1606 5488 terra,
1639 5443 1806 5496 gene-

237 5493 392 5547 randi
421 5505 672 5553 auctores
696 5502 880 5566 tradit,
905 5515 1026 5572 qute
1055 5507 1315 5564 nimirum
1349 5527 1378 5566 a
1410 5493 1798 5587 quaternitate,

236 5599 344 5640 non
375 5600 535 5643 secus
566 5597 731 5660 atque
755 5609 784 5646 a
808 5606 1019 5652 cratere
1052 5601 1288 5668 quodam
1311 5647 1325 5670 ,
1375 5607 1665 5676 proﬂuam.
1710 5614 1798 5669 8:-

296 5727 352 5799 θ⁸⁹
377 5767 570 5827 Matth.
597 5789 716 5839 vui,
740 5777 833 5833 29.
911 5782 957 5813 ⁸⁸
985 5782 1085 5837 lsa.
1119 5803 1230 5850 κη’,
1286 5790 1369 5842 l5.
1452 5793 1489 5823 "
1518 5792 1647 5847 Luc.
1682 5812 1731 5860 ι,
1767 5799 1850 5854 l9.

560 5869 822 5934 Pnaoc.
871 5877 984 5938 Gtt.
1034 5882 1272 5943 (ZXXXl
1291 5887 1365 5947 Χ.

2617 3215 2811 3260 turum.

2011 3295 2072 3348 lli
2107 3314 2283 3368 neque
2307 3304 2490 3360 divina
2535 3317 2809 3380 mysteria,
2847 3321 2959 3376 sive
2990 3339 3347 3394 sacramenta,
3374 3352 3493 3404 qua!

1938 3399 2063 3440 sunt
2086 3405 2273 3446 eorum
2307 3412 2425 3462 quae
2455 3418 2558 3453 non
2596 3407 2846 3462 videntur
2884 3417 3146 3482 symbola.
3181 3424 3343 3480 rebus
3393 3399 3495 3482 sub

1937 3491 2210 3543 aspectum
2267 3489 2627 3546 cadentibus:
2681 3515 2854 3566 neque
2891 3504 3206 3576 ineorpov‘ea
3260 3525 3491 3573 sensilii~

1935 3568 2083 3622 libus
2124 3581 2176 3623 ct
2222 3583 2500 3644 corporeis
2547 3586 2827 3642 refe-renda
2876 3605 2968 3647 aut
3018 3614 3493 3667 commemoranda

1937 3750 2078 3805 ineo
2108 3758 2408 3813 consistere
2443 3763 2715 3831 dicebant,
2749 3776 2790 3825 si
2829 3779 2952 3844 quis
2987 3796 3165 3836 veram
3202 3792 3320 3856 ejus
3349 3800 3493 3861 quod

1933 3857 2015 3897 est
2043 3849 2284 3902 notitiam
2319 3853 2532 3910 habeat.
2580 3861 2710 3915 Nam
2743 3883 2862 3934 qua:
2899 3873 3151 3930 tidentur
3211 3886 3494 3951 univetsa,

1935 3934 2256 4002 ignorationi
2291 3951 2345 3995 et
2389 3948 2623 4012 passioni
2659 3954 2914 4022 obnoxia,
2950 3979 3043 4030 per
3089 3975 3495 4031 generatiOnt-m

1931 4027 2324 4084 tltSsOlVUllllll‘.
2360 4035 2524 4100 Igitur
2555 4044 2794 4110 expiatio
2836 4053 3138 4118 spiritualis
3163 4077 3281 4117 esse
3309 4066 3492 4124 debet.

1931 4113 2165 4171 Proinde
2221 4137 2396 4190 neque
2441 4127 2714 4194 baptizant
2746 4138 2810 4190 ad
2845 4157 2899 4194 se
2931 4151 3272 4217 accedentes,
3319 4173 3495 4228 neque

1933 4206 2069 4228 -.ειη
2107 4225 2122 4228 Α
2233 4215 2241 4223 ⁹
2491 4221 2500 4228 ⁵
2682 4227 2685 4228 ⁷

3261 4206 3272 4217 .
3320 4206 3495 4228 --νη--ν

1931 4206 2072 4262 ullus
2098 4215 2320 4268 omnino
2361 4221 2501 4286 apud
2530 4225 2648 4277 illos
2678 4227 3018 4297 baptismatis
3054 4249 3310 4311 mysterio
3345 4250 3497 4306 locus

1929 4305 2031 4349 est.
2080 4299 2532 4372 Rcdemptionem
2578 4317 2725 4370 enim
2779 4337 2968 4379 eorum
3006 4344 3126 4399 qua
3160 4349 3286 4391 suut
3319 4354 3499 4411 engin-

1932 4389 2130 4443 tionem
2172 4406 2383 4449 vocant.

2245 4509 2508 4567 ereseos
2531 4525 2868 4586 praecedentis
2899 4534 3210 4600 confatalia.

1926 4709 2124 4762 cordia:
2171 4712 2336 4772 illius.
2392 4734 2513 4781 qua:
2567 4724 2848 4783 hominum
2901 4738 3120 4795 asSIdua
3169 4757 3354 4801 comes
3389 4764 3491 4809 est.

1926 4799 2200 4854 nicenibus
2242 4818 2359 4858 sese
2393 4823 2617 4875 prorsus
2668 4820 3041 4880 excluserunt.
3097 4830 3298 4888 Rerum
3344 4842 3488 4893 enim

1924 4883 2232 4943 divinarum
2269 4902 2322 4947 et
2352 4910 2472 4964 qua:
2523 4902 2627 4956 sub
2669 4920 2948 4976 aspectum
2998 4931 3105 4970 non
3144 4923 3347 4979 cadunt
3381 4931 3493 4994 ple~

1923 4990 2102 5045 neque
2150 4980 2241 5035 Dei
2279 4985 2474 5052 jussu,
2515 5007 2838 5061 corporeum
2914 5013 2970 5056 et
3023 5008 3195 5067 oculis
3243 5022 3486 5077 omnium

1919 5071 2222 5136 expositum
2248 5087 2449 5134 statum
2471 5087 2676 5142 sortitae
2705 5103 2856 5148 sant.
2883 5091 2976 5152 llle
2999 5104 3166 5166 enim.
3205 5107 3355 5173 Vide,
3391 5119 3487 5178 ait,

1919 5170 1971 5212 ut
2006 5161 2172 5219 facias
2224 5174 2408 5227 omnia
2445 5181 2750 5236 secundum
2790 5186 3022 5246 formam
3075 5195 3172 5250 tibi
3224 5215 3493 5268 practuon-

1914 5264 2136 5310 stratam
2172 5261 2224 5314 in
2258 5277 2459 5322 monte.
2499 5270 2599 5325 Ubi
2652 5278 2719 5330 de
2749 5279 3105 5342 tabernaculo
3136 5261 3303 5348 verba
3337 5297 3486 5362 facit,

1914 5353 1967 5396 et
1995 5352 2230 5414 caeteris,
2262 5371 2386 5423 quze
2411 5361 2463 5414 in
2492 5378 2558 5417 eo
2586 5381 2614 5418 a
2643 5367 2918 5428 Beselecle
2942 5378 3205 5448 disposita
3232 5398 3378 5440 sunt.

1981 5437 2307 5500 Continebat
2354 5461 2536 5519 autem
2590 5437 3217 5543 tabernaculum-septa
3273 5479 3485 5544 decent,

1910 5544 2141 5597 quorum
2177 5545 2605 5615 unumquodque
2647 5551 2698 5604 in
2725 5555 3128 5622 longitudinem
3185 5568 3250 5622 ad
3287 5572 3478 5641 viginti

1909 5633 2032 5674 octo
2059 5627 2310 5696 cubitos,
2346 5633 2399 5686 in
2435 5634 2780 5698 latitudinem
2827 5663 2958 5705 vero
2989 5653 3056 5708 ad
3088 5670 3323 5725 quatuor
3360 5678 3484 5731 prov

2973 5923 3052 5986 ΙιΟ
