4274 6382
813 387 953 451 1259

2083 384 2132 445 Ν
2144 383 2377 444 ΙΟΕΤᾹΞ
2417 381 2642 442 CHONI
2659 385 2818 445 ΛΤιΕ

3906 387 4063 452 12cc

803 498 1145 564 tondebatur,
1203 495 1515 551 universum
1550 493 1715 566 bysso
1772 494 1999 556 intorta,
2050 490 2370 562 hyacintho,
2398 493 2445 553 Α
2474 488 2615 544 alius
2641 506 2671 544 e
2705 492 2925 560 populo,
2975 508 3135 562 capra
3171 493 3351 550 facere
3383 495 3705 567 jubebatur.
3740 498 3795 554 Si
3832 516 4062 572 pauper

800 605 1063 658 purpura,
1096 597 1150 644 et
1176 588 1401 644 coccino
1421 585 1627 641 intorta
1651 593 1969 641 contextum
1997 592 2138 638 erat.

875 681 1191 737 Fuleiebant
1250 689 1434 734 autem
1491 679 1909 734 tabernaculum
1974 676 2246 730 columna:
2297 689 2367 729 ex

802 769 967 839 lignis
989 768 1342 832 incorruptis.
1384 767 1575 837 viginti
1599 779 1832 820 numero
1856 764 2096 820 exterius
2120 777 2252 818 auro
2284 766 2368 818 iu-

801 869 1076 914 crustatm.
1114 860 1283 913 Porro
1312 858 1647 913 tabernaculi
1676 859 1852 912 velum
1876 855 2188 925 hyacintho,
2229 871 2365 925 pur-

798 968 933 1022 pura
958 952 1203 1014 coccino,
1227 960 1282 1003 ct
1307 950 1464 1021 bysso
1482 958 1853 1004 constructum
1871 957 2005 1001 erat.
2031 948 2168 1001 Arca
2186 958 2366 1001 autem

801 1044 944 1097 intra
983 1042 1165 1096 velum
1217 1043 1320 1096 sita
1347 1053 1487 1098 erat.
1534 1051 1591 1096 et
1620 1042 1674 1095 in
1710 1040 1978 1109 superiori
2012 1047 2131 1106 post
2185 1039 2368 1094 velum

800 1142 977 1204 parte,
1004 1132 1447 1203 Propitiatorium
1475 1130 1936 1202 conspiciebatur,
1970 1130 2057 1184 eui
2086 1129 2194 1183 duo
2227 1128 2370 1185 Che-

805 1227 990 1281 rubim
1026 1241 1161 1280 auro
1216 1232 1428 1280 tornata
1484 1235 1673 1279 mutuo
1706 1238 1765 1278 se
1811 1238 1876 1277 ex
1928 1222 2159 1277 adverso
2200 1221 2387 1293 respi-'

800 1315 1000 1369 cientia
1028 1313 1359 1368 insidebant.
1386 1312 1575 1367 Velum
1612 1326 1778 1382 porro
1820 1310 2023 1366 Sancto
2054 1321 2368 1366 Sanctorum

805 1418 904 1471 per
958 1402 1196 1456 medium
1234 1399 1592 1469 partiebatur,
1630 1408 1794 1469 atque
1836 1414 2015 1453 arcam
2071 1399 2370 1455 testimonii

803 1494 876 1547 ita
905 1492 1206 1561 operiebat.
1243 1501 1302 1543 ut
1326 1506 1433 1545 non
1462 1502 1773 1560 appareret.

871 1582 1053 1637 Mensa
1089 1597 1221 1637 vero
1254 1592 1405 1637 extra
1438 1584 1616 1636 velum
1656 1584 1853 1650 stabat,
1913 1600 2103 1639 versus
2156 1596 2373 1655 septen-

805 1676 1058 1738 trionem,
1089 1675 1247 1745 cujus
1276 1690 1306 1729 e
1345 1676 1563 1745 regione
1590 1676 1983 1730 candelabrum
2034 1693 2224 1733 versus
2256 1694 2371 1733 me-

805 1767 1002 1822 ridiem
1027 1768 1265 1835 jaceliat.

2468 576 2606 633 forte
2636 578 2849 645 fuisset,
2880 598 2977 652 par
3011 594 3309 649 turturum,
3340 597 3435 639 aut
3458 590 3598 641 duos
3621 588 3801 656 pullos
3824 592 4059 646 colum-

2470 667 2662 723 barum
2708 688 2723 725 :
2770 673 2813 725 si
2848 676 3251 744 pauperrimus,
3303 677 3537 732 similam
3566 679 3683 733 sine
3714 680 3834 733 olco
3873 692 3929 735 et
3963 684 4062 737 in-

2471 774 2638 815 censo
2691 760 2975 818 offerebat.
3026 765 3295 820 Caeterum
3346 770 3611 839 sanguine
3667 780 3724 825 et
3779 771 3904 825 oleo
3943 790 4062 827 au-

2470 865 2605 915 rem,
2643 866 2864 907 manum
2905 854 3176 919 dextram,
3213 866 3268 911 et
3304 859 3495 914 pedem
3528 861 3829 916 sacerdotis
3873 863 4058 917 inun-

2469 943 2647 1014 gebat.

2538 1036 2656 1091 Jam
2697 1037 2739 1091 si
2805 1054 2873 1093 eo
2923 1048 3050 1109 typo
3101 1041 3194 1110 qui
3246 1041 3409 1112 Moysi
3469 1056 3925 1112 praemonstratus
3990 1046 4054 1099 in

2471 1137 2654 1182 monte
2686 1128 2885 1192 fuerat,
2928 1132 3365 1193 tabernaculum.
3400 1142 3454 1187 et
3488 1150 3611 1203 qua:
3665 1135 3718 1187 in
3762 1152 3827 1190 eo
3861 1142 4057 1190 conti-

2472 1219 2761 1285 nebantur,
2799 1219 2941 1276 facta
2980 1221 3112 1284 sint,
3154 1230 3313 1291 typus
3342 1234 3525 1278 autem
3563 1227 3876 1294 exemplum
3928 1241 4061 1282 erat

2472 1319 2528 1365 et
2563 1310 2740 1381 imago
2781 1314 3077 1383 prototypi,
3115 1328 3212 1369 seu
3235 1316 3563 1384 exemplaris
3590 1316 3779 1371 ferme
3814 1335 3825 1369 :
3869 1334 4054 1387 quan-

2475 1412 2529 1455 to
2562 1402 2731 1471 magis
2760 1402 3063 1471 baptismus
3114 1405 3458 1474 peragendus
3494 1416 3598 1472 est,
3649 1409 3741 1477 qui
3780 1407 4059 1461 ἀὶνίιιίιυς

2475 1493 2638 1548 nobis
2685 1493 2737 1547 in
2793 1493 3173 1548 remissionem
3218 1505 3273 1549 et
3329 1495 3662 1551 ablutionem
3700 1510 4055 1566 peccatorum

2474 1583 2792 1653 propositus
2823 1584 2949 1638 est?
2985 1593 3039 1637 et
3067 1585 3249 1639 statim
3296 1603 3324 1640 a
3362 1585 3659 1656 baptismo,
3690 1591 4054 1643 incruentum

2475 1690 2698 1745 quoque
2746 1676 3100 1740 sacrificium,
3153 1679 3383 1747 ejusque
3432 1678 3765 1747 perceptio?
3802 1682 3933 1748 quia
3960 1683 4057 1735 ni-

2478 1765 2679 1819 mirum
2706 1765 2992 1821 institutio
3034 1767 3145 1832 illa,
3193 1784 3357 1836 quam
3391 1785 3530 1838 pane
3564 1783 3618 1825 et
3651 1770 3777 1824 vino
3809 1770 3877 1824 ad
3907 1773 4063 1825 salu-

871 1858 1141 1914 Ceterum
1166 1858 1517 1914 sacerdotalis
1557 1860 1708 1914 stolae
1754 1861 2049 1929 pectorale.
2104 1864 2376 1931 superhu-
2411 1847 2449 1900 Β
2482 1866 2588 1911 tem
2616 1866 2671 1911 et
2701 1857 3143 1913 reformationem
3190 1859 3442 1913 humana:
3473 1861 3847 1929 corruptionis
3889 1862 4057 1915 nobis

805 1952 1026 2012 memie,
1067 1952 1251 2004 talaris
1283 1952 1465 2005 tunica
1518 1951 1858 2016 κοσπύόοτος
1891 1968 1955 2007 cx
1990 1954 2147 2023 bysso
2179 1956 2376 2009 intorta

806 2042 1146 2097 constabant.
1216 2043 1391 2112 Atque
1454 2044 1982 2113 superhumeralium
2037 2054 2251 2100 textura
2310 2062 2375 2102 ex

806 2148 961 2197 auro,
1010 2133 1329 2203 hyacintho,
1363 2145 1419 2188 et
1470 2150 1730 2205 purpura,
1762 2135 1980 2205 duoque
2014 2136 2223 2206 lapides
2268 2136 2376 2191 hu-

813 2225 980 2278 meris
1034 2226 1546 2295 snperhumeralis,
1613 2226 1813 2295 quibus
1864 2229 2084 2280 nomina
2140 2226 2377 2281 filiorum

815 2316 1031 2371 lsraelis
1055 2317 1325 2385 insculpta
1360 2324 1537 2371 erant.
1563 2318 1792 2371 Ratione
1820 2328 2000 2372 autem
2045 2318 2377 2389 judiciorum

809 2407 1241 2476 quadrangulum
1285 2408 1486 2475 duplex
1528 2415 1666 2470 crat,
1715 2407 1877 2476 palmi
1930 2408 2293 2477 longitudine,
2323 2419 2380 2463 et

811 2500 974 2569 palmi
1006 2499 1316 2562 latitudine,
1369 2507 1605 2566 quatuor
1660 2499 1947 2552 ordinibus
1983 2500 2225 2568 lapidqu
2266 2502 2382 2569 pel-

816 2590 1120 2644 lucidorum
1149 2589 1503 2658 variegatum.
1529 2589 1583 2641 In
1612 2588 1862 2641 rationali
1890 2599 2070 2642 autem
2099 2588 2380 2644 decretum

807 2691 865 2735 ct
903 2682 1105 2735 veritas
1154 2681 1349 2733 inerat.
1404 2679 1549 2732 Talis
1585 2685 1768 2735 tunica
1809 2691 1920 2734 tota
1959 2696 2026 2734 ex
2084 2680 2382 2752 hyacintho

811 2782 1067 2827 contexta
1116 2778 1253 2833 erat,
1306 2773 1449 2824 circa
1484 2775 1639 2842 cujus
1677 2772 1944 2825 ﬁmbriam
1992 2773 2130 2827 mala
2181 2773 2381 2843 punica

814 2878 1109 2933 purpurea.
1164 2860 1546 2931 hyacinthina,
1604 2872 1659 2915 ct
1701 2862 1957 2915 coccinea
1996 2903 2008 2926 ,
2064 2861 2384 2916 intermistis

810 2956 993 3007 aureis
1040 2953 1452 3017 tintinnabulis,
1504 2953 1903 3021 dependebant.
1966 2954 2141 3006 Aurea
2199 2962 2381 3006 autem

812 3045 1030 3107 lamina,
1060 3059 1181 3113 qua:
1218 3052 1337 3097 erat
1369 3042 1726 3096 sanctificatio
1767 3042 2017 3105 Domino,
2074 3044 2249 3096 mitra:
2291 3044 2383 3096 ad-

810 3145 989 3203 aptata
1041 3145 1177 3189 erat.
1253 3134 1424 3187 Porro
1481 3133 1646 3187 mitra
1687 3149 1890 3187 corona
1935 3135 2183 3202 quaedam
2240 3146 2378 3196 erat,
2411 3173 2449 3225 ο

811 3241 933 3292 qua:
971 3222 1271 3279 sacerdotis
1300 3222 1534 3274 frontem
1576 3220 1958 3289 praecingubat.
2004 3219 2218 3273 Cidaris
2244 3234 2379 3286 quo-

809 3330 917 3382 que
954 3314 1167 3382 (capitis
1190 3314 1241 3366 id
1280 3313 1683 3379 indumentum)
1710 3311 1854 3381 byssi
1882 3326 1927 3363 .a
1960 3320 2096 3373 erat,
2141 3318 2196 3363 et
2248 3325 2384 3362 zona

811 3420 950 3472 opus
979 3405 1333 3473 variegatum.

884 3499 1060 3563 Atque
1113 3494 1380 3549 rationale
1416 3491 1638 3561 quidem
1684 3490 2145 3560 superhuinerali,
2179 3489 2381 3543 lamina

814 3600 942 3639 vero
988 3586 1163 3638 mitra:
1194 3583 1528 3647 cohazrebat,
1580 3582 1849 3649 mitraque
1882 3582 2016 3634 adeo
2078 3582 2383 3634 sacerdotis

812 3676 974 3745 capiti
1004 3675 1404 3744 imponebatur.

885 3768 1017 3823 Erat
1071 3778 1333 3836 praeterea
1398 3765 1568 3819 altare
1617 3763 2028 3835 thymiamatis,
2083 3777 2180 3816 seu
2239 3760 2387 3815 sufﬁ-

814 3861 1010 3924 .nenti,
1057 3876 1123 3915 ex
1168 3862 1334 3929 lignis
1391 3858 1736 3927 incorruptis
1776 3853 2169 3924 quadrangulis
2214 3852 2386 3905 deau-

816 3965 991 4007 ratum
1019 3969 1033 4005 :
1057 3963 1111 4007 et
1131 3952 1394 4006 cornibus
1409 3951 1591 4004 aureis
1608 3948 1951 4007 distinctum,
1978 3956 2031 3998 ct
2065 3944 2388 3998 adolebatur

817 4048 867 4097 in
885 4060 951 4097 co
975 4044 1254 4097 incensum
1274 4040 1656 4110 compositum,
1681 4046 1862 4099 tenue,
1888 4036 2168 4088 incensum
2192 4033 2391 4085 ἐκδελε-

814 4134 1094 4202 χισμένον,
1147 4133 1249 4186 hoc
1287 4140 1373 4184 est
1420 4129 1565 4198 quod
1620 4127 1837 4182 assidue
1879 4123 2221 4178 movebatur.
2262 4122 2391 4175 Erat

818 4241 983 4294 porro
1030 4226 1315 4278 incensum
1366 4219 1733 4289 compositum
1788 4232 1855 4270 ex
1918 4214 2149 4284 myrrha:
2200 4222 2387 4280 gutta,

818 4317 1054 4387 onyche,
1084 4317 1358 4383 fragrante
1390 4311 1640 4381 galbano,
1672 4318 1727 4361 et
1773 4308 1931 4359 thure
1959 4303 2251 4372 pellucido.

892 4409 1048 4462 Dedit
1075 4418 1255 4459 autem
1288 4406 1425 4456 Dens
1460 4402 1614 4461 Mosi,
1667 4408 2023 4468 posteaquam
2052 4396 2214 4449 desiit
2241 4394 2389 4464 loqui

2483 1950 2736 2004 Servator
2794 1960 3099 2019 proposuit,
3159 1950 3305 2004 haud
3361 1967 3423 2003 ea
3473 1950 3596 2015 fuit,
3639 1969 3760 2021 quas
3820 1969 4059 2023 corpore

2481 2049 2711 2103 careret,
2746 2042 2972 2110 soloque
3030 2042 3309 2096 intellectu
3366 2045 3767 2112 perciperetur,
3801 2046 3896 2101 sed
3928 2062 4057 2116 quae

2481 2134 2585 2188 sub
2615 2148 2836 2187 sensum
2868 2148 3086 2202 quoque
3118 2133 3359 2188 caderet.

2549 2222 2686 2288 Quia
2712 2224 2880 2289 enim,
2906 2234 2963 2277 ut
2986 2224 3153 2279 Jobus
3172 2235 3440 2290 autumat,
3458 2227 3575 2282 luto
3598 2227 3812 2283 formati
3838 2244 3942 2283 sun
3966 2248 4059 2299 us,

2479 2313 2655 2368 lutum
2705 2327 2888 2369 autem
2944 2332 3008 2371 ex
3045 2326 3186 2370 terra
3237 2328 3293 2372 et
3342 2334 3484 2387 aqua
3521 2323 3888 2389 compositum
3946 2334 4054 2385 est,

2480 2402 2933 2473 formationisquc
2959 2404 3179 2458 nomine
3202 2445 3215 2467 ,
3248 2404 3453 2459 dicitur
3484 2407 3595 2461 alio
3621 2408 3857 2478 quodam
3890 2412 4061 2462 modo

2482 2495 2638 2550 cibus
2689 2497 2876 2557 etiam,
2934 2511 3043 2564 quo
3095 2496 3295 2550 virium
3337 2499 3808 2553 intertrimentum
3858 2501 4062 2554 debili-

2486 2586 2729 2654 tatioque
2785 2589 3082 2641 resarcitur
3116 2600 3170 2641 ct
3202 2588 3531 2644 reformatur
3575 2608 3587 2642 :
3628 2590 3831 2645 idcirco
3862 2610 4059 2662 quem-

2482 2678 2779 2730 admodum
2824 2694 2934 2746 quo
2970 2687 3214 2748 tempore
3262 2695 3363 2734 nos
3397 2682 3541 2735 Deus
3600 2682 3882 2745 formavit,
3951 2694 4065 2737 ter-

2486 2782 2598 2820 ram
2650 2776 2705 2821 et
2761 2783 2958 2837 aquam
3013 2772 3329 2840 assumpsit,
3385 2773 3458 2825 ita
3516 2777 3680 2827 etiam
3750 2776 3818 2829 ad
3882 2778 4061 2830 nostri

2486 2859 2930 2914 reformationem
2964 2862 3121 2931 panis
3143 2872 3200 2916 et
3230 2865 3417 2917 vinum
3447 2879 3827 2921 assumuntur.

2556 2952 2793 3006 Proinde
2841 2968 2965 3007 cum
3013 2952 3267 3008 Christus
3315 2964 3501 3024 aperte
3546 2958 3732 3022 dicat,
3780 2961 4058 3014 neminem

2496 3043 2548 3096 in
2584 3059 2812 3114 regnum
2860 3045 3128 3100 caelorum
3186 3046 3587 3115 ingressurum,
3649 3051 3755 3103 nisi
3814 3068 3868 3104 in
3919 3068 4057 3121 aqua

2488 3147 2540 3189 et
2572 3135 2777 3203 Spiritu
2809 3147 3033 3190 renatus
3068 3138 3252 3198 fuerit,
3290 3138 3640 3206 impudenter
3679 3141 4056 3211 profectolegi

2488 3226 2813 3296 refragatur,
2841 3236 3200 3296 extremaque
3241 3228 3518 3284 dementia
3544 3231 3778 3295 laborat,
3804 3235 4057 3301 quisquis

2487 3320 2821 3386 baptismum
2859 3318 3253 3372 conferendum
3288 3335 3396 3372 non
3447 3336 3567 3373 esse.
3604 3324 3911 3383 contendit.
3943 3340 4053 3393 quo

2488 3418 2665 3462 tamen
2733 3409 3057 3479 intersiguio
3106 3411 3246 3463 citra
3300 3414 3733 3466 controversiam
3782 3416 4058 3483 praecipue

2486 3496 2884 3566 dignoscantur
2930 3499 3033 3558 illi.
3080 3498 3399 3569 quicunque
3434 3504 3656 3555 nomina
3712 3504 3934 3559 Christo
3962 3506 4057 3559 de-

2486 3588 2710 3645 derunt.
2727 3589 2931 3645 Priscis
2951 3591 3096 3644 enim
3116 3592 3567 3659 generationibus
3590 3594 3726 3648 alias
3752 3597 3877 3649 aliis
3907 3598 4059 3669 leges

2488 3678 2748 3747 imposuit
2771 3689 2788 3730 :

2557 3768 2768 3823 Adamo
2818 3768 3041 3838 quidem
3097 3770 3333 3834 arboris,
3400 3772 3565 3827 Noaeo
3628 3776 3878 3829 carnium
3930 3793 4059 3831 esus

2488 3856 2684 3926 legem,
2750 3855 3066 3911 Abrahamo
3123 3859 3607 3914 circumcisiouem
3669 3865 3841 3930 dedit,
3898 3884 4061 3937 gene-

2490 3947 2657 4000 ralem
2685 3947 2921 4017 deniqae
2948 3947 3121 4019 legem
3168 3951 3451 4021 prOpheta:
3510 3953 3677 4010 Mosis
3710 3972 3879 4025 opera
3922 3975 4058 4015 con-

2489 4038 2732 4106 scripsit.

2560 4128 2738 4197 Atque
2789 4129 2843 4181 in
2896 4130 3070 4184 sacris
3122 4131 3429 4201 Evangeliis
3470 4151 3578 4188 non
3626 4138 3737 4206 jam
3781 4140 3849 4195 de
3908 4146 4057 4212 parvi

2492 4220 2755 4275 momenti
2802 4221 2987 4286 rebus,
3044 4240 3272 4293 quaeque
3319 4227 3431 4280 sint
3483 4228 3881 4287 elementorum
3920 4238 4056 4299 vice,

2493 4311 2608 4380 lege
2657 4313 2960 4380 pr0posuit,
3021 4314 3116 4368 sed
3180 4316 3510 4383 perfectiora
3569 4321 3883 4377 meditanda
3940 4344 4057 4381 esse

2494 4400 2702 4454 docuit.
2738 4402 2805 4454 Et
2838 4404 3299 4470 quemadmodum
3335 4422 3529 4460 recens
3582 4411 3727 4463 natis
3758 4412 3934 4465 infant
3958 4417 4057 4469 bus

820 4515 945 4554 cum
991 4498 1104 4559 illo,
1143 4497 1195 4550 in
1228 4504 1411 4547 monte
1445 4494 1595 4554 Sina,
1651 4490 1864 4544 tabulas
1899 4492 2035 4542 duas
2070 4488 2388 4550 testimonii,
2428 4500 2468 4551 ι)
2496 4498 2696 4543 matres
2724 4505 2984 4544 mammas
3037 4493 3355 4554 admovent,
3417 4509 3519 4548 nec
3581 4498 3654 4549 ita
3717 4500 3887 4554 multo
3943 4514 4059 4569 pOal

824 4594 1039 4649 tabulas
1064 4591 1325 4659 lapideas,
1358 4587 1529 4655 digito
1562 4585 1655 4639 Dei
1677 4583 1926 4651 scriptas.

892 4683 1113 4739 Handat
1151 4680 1375 4747 insuper
1423 4678 1588 4735 Deus,
1630 4684 1691 4725 ut
1723 4671 2055 4725 sacrificium
2097 4668 2208 4728 fiat,
2238 4667 2388 4736 juxta

824 4778 1143 4832 facultatum
1168 4768 1602 4839 proportionem,
1630 4769 1711 4817 vel
1747 4764 1938 4824 vitulo,
1987 4760 2071 4814 vel
2103 4774 2264 4827 agno,
2307 4758 2392 4811 vel

822 4880 1022 4936 capra;
1058 4872 1312 4918 cazterum
1361 4868 1419 4912 ut
1465 4873 1495 4911 a
1545 4853 1880 4925 pauperibus
1933 4866 2032 4920 par
2088 4859 2390 4913 turturum,

823 4959 913 5015 vel
948 4958 1061 5011 duo
1092 4953 1225 5024 pulli
1266 4949 1667 5009 columbarum,
1700 4962 1730 5000 a
1757 4943 2183 5013 pauperioribus
2206 4950 2391 4994 autem

825 5050 1004 5106 simila
1056 5045 1272 5099 modica
1322 5040 1443 5095 oleo
1504 5038 1663 5092 mista
1710 5036 2023 5091 oﬂerretur.
2084 5032 2393 5085 Hostiarum

828 5149 1092 5211 prasterea
1133 5133 1253 5190 alia:
1300 5131 1525 5199 integra:
1574 5127 1897 5189 urebantur,
1950 5124 2179 5177 aliarum
2219 5137 2397 5190 parvae

825 5232 1077 5301 quadam
1090 5234 1291 5296 partes,
1315 5231 1613 5282 omentum,
1636 5232 1814 5279 renes,
1840 5216 2188 5284 superjaceus
2205 5211 2394 5301 adeps,

825 5300 882 5375 et
910 5309 1037 5389 pars
1057 5316 1271 5385 hepatis
1300 5309 1549 5365 inferior.
1584 5307 1635 5360 ls
1659 5320 1821 5375 porro
1847 5305 1940 5372 qui
1975 5301 2177 5355 animal
2209 5300 2390 5363 offert,

827 5416 994 5469 homo
1033 5428 1046 5464 :
1084 5410 1179 5479 qui
1223 5421 1357 5462 vero
1401 5400 1661 5471 similam,
1723 5398 1902 5450 anima
1946 5396 1998 5447 in
2036 5398 2209 5447 sacris
2249 5391 2396 5445 Scri-

830 5504 1007 5577 pturis
1039 5499 1366 5570 appellatur.
1400 5491 1663 5547 Prohibet
1698 5497 1882 5542 autem
1912 5502 1977 5538 ne
2004 5487 2107 5538 mel
2155 5487 2393 5577 fermen-

830 5576 1036 5665 talique
1073 5604 1243 5663 panes
1274 5587 1431 5641 altari
1473 5592 1838 5654 opponantur.
1880 5577 2035 5642 Quod
2074 5577 2118 5629 si
2150 5576 2396 5643 pontifex

830 5697 1159 5758 praeceptum
1194 5680 1414 5752 aliquod
1455 5689 1826 5747 transgressus
1856 5683 2021 5736 esset,
2073 5673 2244 5724 vitulo
2293 5673 2394 5723 iin-

828 5776 1099 5832 tuaculato
1142 5773 1231 5827 :si
1272 5772 1549 5841 princeps,
1582 5766 1836 5821 anniculo
1873 5763 2065 5818 haedo:
2119 5764 2164 5816 si
2217 5762 2397 5831 quivis

2497 4581 2744 4634 intr.tum
2784 4583 3290 4653 comminutumque
3341 4585 3600 4642 dentibus
3628 4590 3834 4654 cibum,
3881 4605 3937 4648 et
3971 4598 4055 4649 ubi

2494 4668 2852 4737 adoleverint,
2884 4671 3196 4726 solidiorem
3228 4685 3528 4743 suggerunt
3557 4694 3569 4729 :
3616 4679 3689 4732 ita
3738 4684 3908 4736 etiam
3940 4701 4056 4738 cum

2494 4761 2665 4830 legem
2732 4763 2891 4815 nobis
2956 4763 3231 4833 paedagogi
3308 4766 3428 4820 loco
3485 4768 3630 4822 Deus
3682 4776 4056 4827 universorum

2497 4852 2916 4917 introduxisset,
2953 4853 3281 4921 perfectiora
3318 4857 3537 4911 tandem
3570 4864 3879 4929 proposuit.
3930 4867 4057 4919 inte-

2498 4943 2603 4993 rim
2673 4954 2854 4995 tamen
2923 4941 3092 4997 Vetus
3162 4961 3381 5014 quoque
3450 4947 3861 5005 Testamentum
3923 4955 4056 5007 haud

2499 5047 2659 5086 secus
2721 5044 2887 5101 atque
2950 5043 3253 5088 maternam
3306 5051 3602 5092 mammam
3652 5042 4052 5108 amplectimur.

2499 5123 2713 5176 etiamsi
2750 5124 2818 5176 ab
2838 5124 2955 5193 ejus
3002 5126 3139 5179 lacte
3189 5127 3583 5189 abstineamus,
3628 5144 3730 5183 nec
3782 5134 4058 5185 circumci-

2500 5214 2732 5279 sionem,
2766 5216 3070 5280 Sabbatum,
3104 5215 3391 5283 sacrificia,
3422 5229 3477 5273 et
3509 5221 3853 5288 aspersiones
3881 5227 4056 5276 obser-

2504 5317 2632 5358 vare
2665 5320 2942 5360 curemus.

2572 5396 2753 5449 Alium
2786 5410 3049 5464 praeterea
3104 5397 3345 5453 fructum
3377 5416 3443 5455 ex
3477 5401 3661 5457 Veteri
3716 5403 4054 5459 Testamento

2503 5486 2887 5557 decerpimus;
2924 5491 3178 5558 pietatem
3219 5494 3388 5559 enim,
3425 5494 3583 5549 ﬁdem
3623 5498 3677 5548 in
3701 5497 3898 5563 Deum,
3936 5499 4057 5551 dile-

2504 5579 2739 5632 ctionem
2772 5582 3027 5648 proximi,
3055 5587 3839 5655 temperantiam,justitiamet
3858 5589 4057 5640 fortitu-

2505 5670 2686 5723 dinem
2742 5681 2930 5726 exacte
2984 5672 3180 5737 docct,
3236 5685 3400 5744 atque
3455 5684 3699 5731 veterum
3756 5690 4053 5732 sanctorum

2505 5759 2749 5829 exetnpla
2781 5762 2939 5817 nobis
2978 5764 3238 5818 imitanda
3280 5767 3552 5835 preponit.
3591 5767 4053 5824 Verumenimvero
