  <div class='ocr_page' id='page_1' title='image "/cluster/home/n/w/nwhite01/storage/ocr_20150623/139/nnc1.0046979840/648.png"; bbox 0 0 4274 6382; ppageno 0'>
   <div class='ocr_carea' id='block_1_1' title="bbox 281 395 412 465">
    <p class='ocr_par' dir='ltr' id='par_1_1' title="bbox 281 395 412 465">
     <span class='ocr_line' id='line_1_1' title="bbox 281 395 412 465; baseline 0 -3"><span class='ocrx_word' id='word_1_1' title='bbox 281 395 412 465; x_wconf 73' lang='grc'><strong>1261</strong></span> 
     </span>
    </p>
   </div>
   <div class='ocr_carea' id='block_1_2' title="bbox 1534 404 2253 476">
    <p class='ocr_par' dir='ltr' id='par_1_2' title="bbox 1534 404 2253 476">
     <span class='ocr_line' id='line_1_2' title="bbox 1534 404 2253 476; baseline 0.015 -12"><span class='ocrx_word' id='word_1_2' title='bbox 1534 404 1927 468; x_wconf 70' lang='lat' dir='ltr'><strong>TlIESAURl</strong></span> <span class='ocrx_word' id='word_1_3' title='bbox 1974 412 2123 473; x_wconf 83' lang='lat' dir='ltr'><strong>LlB.</strong></span> <span class='ocrx_word' id='word_1_4' title='bbox 2160 413 2253 476; x_wconf 84' lang='grc' dir='ltr'><strong>ιν.</strong></span> 
     </span>
    </p>
   </div>
   <div class='ocr_carea' id='block_1_3' title="bbox 3387 416 3520 493">
    <p class='ocr_par' dir='ltr' id='par_1_3' title="bbox 3387 416 3520 493">
     <span class='ocr_line' id='line_1_3' title="bbox 3387 416 3520 493; baseline -0.015 0"><span class='ocrx_word' id='word_1_5' title='bbox 3387 416 3520 493; x_wconf 71' lang='lat'><strong>1262</strong></span> 
     </span>
    </p>
   </div>
   <div class='ocr_carea' id='block_1_4' title="bbox 273 509 3521 603">
    <p class='ocr_par' dir='ltr' id='par_1_4' title="bbox 273 509 3521 603">
     <span class='ocr_line' id='line_1_4' title="bbox 273 509 3521 603; baseline 0.011 -39"><span class='ocrx_word' id='word_1_6' title='bbox 273 509 649 579; x_wconf 81' lang='lat' dir='ltr'><strong>aspersionum</strong></span> <span class='ocrx_word' id='word_1_7' title='bbox 678 510 890 565; x_wconf 81' lang='lat' dir='ltr'><strong>illarum</strong></span> <span class='ocrx_word' id='word_1_8' title='bbox 920 512 1036 566; x_wconf 74' lang='lat' dir='ltr'><strong>vice</strong></span> <span class='ocrx_word' id='word_1_9' title='bbox 1060 510 1306 566; x_wconf 85' lang='lat' dir='ltr'><strong>divinum</strong></span> <span class='ocrx_word' id='word_1_10' title='bbox 1332 512 1599 582; x_wconf 88' lang='lat' dir='ltr'><strong>baptisma</strong></span> <span class='ocrx_word' id='word_1_11' title='bbox 1624 517 1846 584; x_wconf 75' lang='lat' dir='ltr'><strong>sufficit,</strong></span> <span class='ocrx_word' id='word_1_12' title='bbox 1879 527 1925 583; x_wconf 75' lang='grc' dir='ltr'><strong>Α</strong></span> <span class='ocrx_word' id='word_1_13' title='bbox 1956 531 2103 586; x_wconf 87' lang='lat' dir='ltr'><strong>sunt,</strong></span> <span class='ocrx_word' id='word_1_14' title='bbox 2134 524 2226 593; x_wconf 90' lang='lat' dir='ltr'><strong>qui</strong></span> <span class='ocrx_word' id='word_1_15' title='bbox 2261 526 2314 579; x_wconf 91' lang='lat' dir='ltr'><strong>in</strong></span> <span class='ocrx_word' id='word_1_16' title='bbox 2347 526 2701 584; x_wconf 82' lang='lat' dir='ltr'><strong>traditionum</strong></span> <span class='ocrx_word' id='word_1_17' title='bbox 2759 533 2879 603; x_wconf 86' lang='lat' dir='ltr'><strong>ejus</strong></span> <span class='ocrx_word' id='word_1_18' title='bbox 2930 534 3166 592; x_wconf 73' lang='lat' dir='ltr'><strong>lectione</strong></span> <span class='ocrx_word' id='word_1_19' title='bbox 3213 548 3521 601; x_wconf 77' lang='lat' dir='ltr'><strong>versantur.</strong></span> 
     </span>
    </p>
   </div>
   <div class='ocr_carea' id='block_1_5' title="bbox 273 601 1840 675">
    <p class='ocr_par' dir='ltr' id='par_1_5' title="bbox 273 601 1840 675">
     <span class='ocr_line' id='line_1_5' title="bbox 273 601 1840 675; baseline 0.006 -21"><span class='ocrx_word' id='word_1_20' title='bbox 273 601 419 669; x_wconf 91' lang='lat' dir='ltr'><strong>quod</strong></span> <span class='ocrx_word' id='word_1_21' title='bbox 456 616 563 655; x_wconf 91' lang='lat' dir='ltr'><strong>non</strong></span> <span class='ocrx_word' id='word_1_22' title='bbox 594 602 770 656; x_wconf 90' lang='lat' dir='ltr'><strong>solum</strong></span> <span class='ocrx_word' id='word_1_23' title='bbox 808 612 994 656; x_wconf 97' lang='lat' dir='ltr'><strong>vetera</strong></span> <span class='ocrx_word' id='word_1_24' title='bbox 1030 613 1252 672; x_wconf 86' lang='lat' dir='ltr'><strong>peccata</strong></span> <span class='ocrx_word' id='word_1_25' title='bbox 1281 605 1451 673; x_wconf 85' lang='lat' dir='ltr'><strong>gratis</strong></span> <span class='ocrx_word' id='word_1_26' title='bbox 1480 608 1840 675; x_wconf 89' lang='lat' dir='ltr'><strong>remittit,sed</strong></span> 
     </span>
    </p>
   </div>
   <div class='ocr_carea' id='block_1_6' title="bbox 271 694 1841 769">
    <p class='ocr_par' dir='ltr' id='par_1_6' title="bbox 271 694 1841 769">
     <span class='ocr_line' id='line_1_6' title="bbox 271 694 1841 769; baseline 0.006 -22"><span class='ocrx_word' id='word_1_27' title='bbox 271 694 436 747; x_wconf 81' lang='lat' dir='ltr'><strong>etiam</strong></span> <span class='ocrx_word' id='word_1_28' title='bbox 472 696 866 762; x_wconf 73' lang='lat' dir='ltr'><strong>promissorum</strong></span> <span class='ocrx_word' id='word_1_29' title='bbox 906 695 1178 749; x_wconf 91' lang='lat' dir='ltr'><strong>bonorum</strong></span> <span class='ocrx_word' id='word_1_30' title='bbox 1205 710 1357 766; x_wconf 84' lang='lat' dir='ltr'><strong>spem</strong></span> <span class='ocrx_word' id='word_1_31' title='bbox 1400 699 1658 769; x_wconf 74' lang='lat' dir='ltr'><strong>proponit</strong></span> <span class='ocrx_word' id='word_1_32' title='bbox 1690 718 1703 754; x_wconf 91' lang='lat'><strong>:</strong></span> <span class='ocrx_word' id='word_1_33' title='bbox 1740 717 1841 756; x_wconf 81' lang='lat' dir='ltr'><strong>nos</strong></span> 
     </span>
    </p>
   </div>
   <div class='ocr_carea' id='block_1_7' title="bbox 274 784 1840 857">
    <p class='ocr_par' dir='ltr' id='par_1_7' title="bbox 274 784 1840 857">
     <span class='ocr_line' id='line_1_7' title="bbox 274 784 1840 857; baseline 0.006 -20"><span class='ocrx_word' id='word_1_34' title='bbox 274 784 569 839; x_wconf 75' lang='lat' dir='ltr'><strong>Dominicre</strong></span> <span class='ocrx_word' id='word_1_35' title='bbox 598 787 789 839; x_wconf 90' lang='lat' dir='ltr'><strong>mortis</strong></span> <span class='ocrx_word' id='word_1_36' title='bbox 816 794 870 839; x_wconf 91' lang='lat' dir='ltr'><strong>et</strong></span> <span class='ocrx_word' id='word_1_37' title='bbox 893 786 1314 841; x_wconf 72' lang='lat' dir='ltr'><strong>resurrectionis</strong></span> <span class='ocrx_word' id='word_1_38' title='bbox 1348 798 1632 845; x_wconf 80' lang='lat' dir='ltr'><strong>consortes</strong></span> <span class='ocrx_word' id='word_1_39' title='bbox 1654 789 1840 857; x_wconf 65' lang='lat' dir='ltr'><strong>edicit,</strong></span> 
     </span>
    </p>
   </div>
   <div class='ocr_carea' id='block_1_8' title="bbox 270 874 1846 949">
    <p class='ocr_par' dir='ltr' id='par_1_8' title="bbox 270 874 1846 949">
     <span class='ocr_line' id='line_1_8' title="bbox 270 874 1846 949; baseline 0.006 -21"><span class='ocrx_word' id='word_1_40' title='bbox 270 874 544 929; x_wconf 89' lang='lat' dir='ltr'><strong>donorum</strong></span> <span class='ocrx_word' id='word_1_41' title='bbox 593 877 766 931; x_wconf 85' lang='lat' dir='ltr'><strong>sancti</strong></span> <span class='ocrx_word' id='word_1_42' title='bbox 817 876 1058 947; x_wconf 87' lang='lat' dir='ltr'><strong>Spiritus</strong></span> <span class='ocrx_word' id='word_1_43' title='bbox 1108 879 1407 949; x_wconf 83' lang='lat' dir='ltr'><strong>participes</strong></span> <span class='ocrx_word' id='word_1_44' title='bbox 1466 880 1599 936; x_wconf 80' lang='lat' dir='ltr'><strong>facit</strong></span> <span class='ocrx_word' id='word_1_45' title='bbox 1652 901 1663 936; x_wconf 91' lang='lat'>:</span> <span class='ocrx_word' id='word_1_46' title='bbox 1705 882 1846 937; x_wconf 87' lang='lat' dir='ltr'><strong>filios</strong></span> 
     </span>
    </p>
   </div>
   <div class='ocr_carea' id='block_1_9' title="bbox 275 963 1845 1034">
    <p class='ocr_par' dir='ltr' id='par_1_9' title="bbox 275 963 1845 1034">
     <span class='ocr_line' id='line_1_9' title="bbox 275 963 1845 1034; baseline 0.007 -16"><span class='ocrx_word' id='word_1_47' title='bbox 275 963 367 1019; x_wconf 90' lang='lat' dir='ltr'><strong>Dei</strong></span> <span class='ocrx_word' id='word_1_48' title='bbox 428 981 531 1020; x_wconf 86' lang='lat' dir='ltr'><strong>nos</strong></span> <span class='ocrx_word' id='word_1_49' title='bbox 585 982 708 1023; x_wconf 91' lang='lat' dir='ltr'><strong>esse</strong></span> <span class='ocrx_word' id='word_1_50' title='bbox 751 968 1115 1033; x_wconf 75' lang='lat' dir='ltr'><strong>demonStrat,</strong></span> <span class='ocrx_word' id='word_1_51' title='bbox 1172 986 1275 1025; x_wconf 88' lang='lat' dir='ltr'><strong>nec</strong></span> <span class='ocrx_word' id='word_1_52' title='bbox 1312 975 1489 1026; x_wconf 87' lang='lat' dir='ltr'><strong>solum</strong></span> <span class='ocrx_word' id='word_1_53' title='bbox 1529 974 1689 1034; x_wconf 84' lang='lat' dir='ltr'><strong>tllios.</strong></span> <span class='ocrx_word' id='word_1_54' title='bbox 1749 975 1845 1029; x_wconf 85' lang='lat' dir='ltr'><strong>sed</strong></span> 
     </span>
    </p>
   </div>
   <div class='ocr_carea' id='block_1_10' title="bbox 270 1059 1845 1126">
    <p class='ocr_par' dir='ltr' id='par_1_10' title="bbox 270 1059 1845 1126">
     <span class='ocr_line' id='line_1_10' title="bbox 270 1059 1845 1126; baseline 0.005 -15"><span class='ocrx_word' id='word_1_55' title='bbox 270 1059 437 1112; x_wconf 89' lang='lat' dir='ltr'><strong>etiam</strong></span> <span class='ocrx_word' id='word_1_56' title='bbox 498 1059 748 1114; x_wconf 68' lang='lat' dir='ltr'><strong>haeredes</strong></span> <span class='ocrx_word' id='word_1_57' title='bbox 802 1060 921 1126; x_wconf 89' lang='lat' dir='ltr'><strong>Dei,</strong></span> <span class='ocrx_word' id='word_1_58' title='bbox 971 1072 1028 1116; x_wconf 91' lang='lat' dir='ltr'><strong>et</strong></span> <span class='ocrx_word' id='word_1_59' title='bbox 1087 1062 1405 1118; x_wconf 74' lang='lat' dir='ltr'><strong>cohzeredes</strong></span> <span class='ocrx_word' id='word_1_60' title='bbox 1453 1063 1687 1120; x_wconf 86' lang='lat' dir='ltr'><strong>Christi.</strong></span> <span class='ocrx_word' id='word_1_61' title='bbox 1748 1065 1845 1120; x_wconf 85' lang='lat' dir='ltr'><strong>Est</strong></span> 
     </span>
    </p>
   </div>
   <div class='ocr_carea' id='block_1_11' title="bbox 270 1152 1845 1227">
    <p class='ocr_par' dir='ltr' id='par_1_11' title="bbox 270 1152 1845 1227">
     <span class='ocr_line' id='line_1_11' title="bbox 270 1152 1845 1227; baseline 0.006 -25"><span class='ocrx_word' id='word_1_62' title='bbox 270 1152 416 1205; x_wconf 85' lang='lat' dir='ltr'><strong>enim</strong></span> <span class='ocrx_word' id='word_1_63' title='bbox 473 1152 786 1207; x_wconf 75' lang='lat' dir='ltr'><strong>fututorum</strong></span> <span class='ocrx_word' id='word_1_64' title='bbox 866 1154 1132 1207; x_wconf 84' lang='lat' dir='ltr'><strong>honorum</strong></span> <span class='ocrx_word' id='word_1_65' title='bbox 1191 1155 1472 1220; x_wconf 83' lang='lat' dir='ltr'><strong>arrhabo,</strong></span> <span class='ocrx_word' id='word_1_66' title='bbox 1537 1157 1845 1227; x_wconf 63' lang='lat' dir='ltr'><strong>futuraeque</strong></span> 
     </span>
    </p>
   </div>
   <div class='ocr_carea' id='block_1_12' title="bbox 270 1243 1844 1315">
    <p class='ocr_par' dir='ltr' id='par_1_12' title="bbox 270 1243 1844 1315">
     <span class='ocr_line' id='line_1_12' title="bbox 270 1243 1844 1315; baseline 0.008 -22"><span class='ocrx_word' id='word_1_67' title='bbox 270 1243 692 1297; x_wconf 86' lang='lat' dir='ltr'><strong>resurrectionis</strong></span> <span class='ocrx_word' id='word_1_68' title='bbox 724 1253 885 1314; x_wconf 84' lang='lat' dir='ltr'><strong>typus</strong></span> <span class='ocrx_word' id='word_1_69' title='bbox 923 1255 973 1298; x_wconf 89' lang='lat' dir='ltr'><strong>et</strong></span> <span class='ocrx_word' id='word_1_70' title='bbox 1010 1246 1199 1315; x_wconf 81' lang='lat' dir='ltr'><strong>ﬁgura,</strong></span> <span class='ocrx_word' id='word_1_71' title='bbox 1248 1251 1685 1304; x_wconf 76' lang='lat' dir='ltr'><strong>communicatio</strong></span> <span class='ocrx_word' id='word_1_72' title='bbox 1738 1252 1844 1305; x_wconf 81' lang='lat' dir='ltr'><strong>Do-</strong></span> 
     </span>
    </p>
   </div>
   <div class='ocr_carea' id='block_1_13' title="bbox 269 1330 1845 1405">
    <p class='ocr_par' dir='ltr' id='par_1_13' title="bbox 269 1330 1845 1405">
     <span class='ocr_line' id='line_1_13' title="bbox 269 1330 1845 1405; baseline 0.008 -24"><span class='ocrx_word' id='word_1_73' title='bbox 269 1330 594 1384; x_wconf 88' lang='lat' dir='ltr'><strong>miniearum</strong></span> <span class='ocrx_word' id='word_1_74' title='bbox 636 1334 973 1400; x_wconf 78' lang='lat' dir='ltr'><strong>passionum,</strong></span> <span class='ocrx_word' id='word_1_75' title='bbox 1020 1336 1371 1405; x_wconf 85' lang='lat' dir='ltr'><strong>participatio</strong></span> <span class='ocrx_word' id='word_1_76' title='bbox 1421 1341 1845 1395; x_wconf 82' lang='lat' dir='ltr'><strong>resurrectionis</strong></span> 
     </span>
    </p>
   </div>
   <div class='ocr_carea' id='block_1_14' title="bbox 266 1419 1844 1492">
    <p class='ocr_par' dir='ltr' id='par_1_14' title="bbox 266 1419 1844 1492">
     <span class='ocr_line' id='line_1_14' title="bbox 266 1419 1844 1492; baseline 0.008 -20"><span class='ocrx_word' id='word_1_77' title='bbox 266 1419 493 1484; x_wconf 76' lang='lat' dir='ltr'><strong>Christi,</strong></span> <span class='ocrx_word' id='word_1_78' title='bbox 529 1423 908 1476; x_wconf 71' lang='lat' dir='ltr'><strong>vestimentum</strong></span> <span class='ocrx_word' id='word_1_79' title='bbox 929 1422 1140 1492; x_wconf 86' lang='lat' dir='ltr'><strong>salutis,</strong></span> <span class='ocrx_word' id='word_1_80' title='bbox 1175 1427 1355 1480; x_wconf 86' lang='lat' dir='ltr'><strong>tunica</strong></span> <span class='ocrx_word' id='word_1_81' title='bbox 1372 1428 1594 1492; x_wconf 66' lang='lat' dir='ltr'><strong>laetitiai,</strong></span> <span class='ocrx_word' id='word_1_82' title='bbox 1622 1439 1676 1482; x_wconf 89' lang='lat' dir='ltr'><strong>et</strong></span> <span class='ocrx_word' id='word_1_83' title='bbox 1705 1432 1844 1485; x_wconf 85' lang='lat' dir='ltr'><strong>stola</strong></span> 
     </span>
    </p>
   </div>
   <div class='ocr_carea' id='block_1_15' title="bbox 266 1510 1169 1583">
    <p class='ocr_par' dir='ltr' id='par_1_15' title="bbox 266 1510 1169 1583">
     <span class='ocr_line' id='line_1_15' title="bbox 266 1510 1169 1583; baseline 0.006 -22"><span class='ocrx_word' id='word_1_84' title='bbox 266 1510 572 1577; x_wconf 74' lang='lat' dir='ltr'><strong>Splendida,</strong></span> <span class='ocrx_word' id='word_1_85' title='bbox 608 1512 718 1564; x_wconf 89' lang='lat' dir='ltr'><strong>imo</strong></span> <span class='ocrx_word' id='word_1_86' title='bbox 750 1513 1007 1581; x_wconf 84' lang='lat' dir='ltr'><strong>splendor</strong></span> <span class='ocrx_word' id='word_1_87' title='bbox 1034 1515 1169 1583; x_wconf 88' lang='lat' dir='ltr'><strong>ipse.</strong></span> 
     </span>
    </p>
   </div>
   <div class='ocr_carea' id='block_1_16' title="bbox 338 1601 1840 1677">
    <p class='ocr_par' dir='ltr' id='par_1_16' title="bbox 338 1601 1840 1677">
     <span class='ocr_line' id='line_1_16' title="bbox 338 1601 1840 1677; baseline 0.008 -25"><span class='ocrx_word' id='word_1_88' title='bbox 338 1601 603 1670; x_wconf 79' lang='lat' dir='ltr'><strong>Quotquot</strong></span> <span class='ocrx_word' id='word_1_89' title='bbox 656 1606 793 1656; x_wconf 82' lang='lat' dir='ltr'><strong>enim</strong></span> <span class='ocrx_word' id='word_1_90' title='bbox 847 1606 899 1657; x_wconf 88' lang='lat' dir='ltr'><strong>in</strong></span> <span class='ocrx_word' id='word_1_91' title='bbox 936 1606 1206 1659; x_wconf 78' lang='lat' dir='ltr'><strong>Christum</strong></span> <span class='ocrx_word' id='word_1_92' title='bbox 1257 1608 1509 1677; x_wconf 77' lang='lat' dir='ltr'><strong>baptizuti</strong></span> <span class='ocrx_word' id='word_1_93' title='bbox 1557 1627 1757 1677; x_wconf 84' lang='lat' dir='ltr'><strong>sumus,</strong></span> <span class='ocrx_word' id='word_1_94' title='bbox 1785 1612 1840 1664; x_wconf 85' lang='lat' dir='ltr'><strong>in</strong></span> 
     </span>
    </p>
   </div>
   <div class='ocr_carea' id='block_1_17' title="bbox 264 1696 1840 1769">
    <p class='ocr_par' dir='ltr' id='par_1_17' title="bbox 264 1696 1840 1769">
     <span class='ocr_line' id='line_1_17' title="bbox 264 1696 1840 1769; baseline 0.007 -26"><span class='ocrx_word' id='word_1_95' title='bbox 264 1706 485 1746; x_wconf 78' lang='lat' dir='ltr'><strong>mortem</strong></span> <span class='ocrx_word' id='word_1_96' title='bbox 526 1696 639 1763; x_wconf 85' lang='lat' dir='ltr'><strong>ejus</strong></span> <span class='ocrx_word' id='word_1_97' title='bbox 704 1697 957 1764; x_wconf 73' lang='lat' dir='ltr'><strong>baptizati</strong></span> <span class='ocrx_word' id='word_1_98' title='bbox 1010 1713 1214 1759; x_wconf 85' lang='lat' dir='ltr'><strong>sumus,</strong></span> <span class='ocrx_word' id='word_1_99' title='bbox 1277 1708 1332 1750; x_wconf 85' lang='lat' dir='ltr'><strong>ut</strong></span> <span class='ocrx_word' id='word_1_100' title='bbox 1394 1703 1840 1769; x_wconf 77' lang='lat' dir='ltr'><strong>quemadmodum</strong></span> 
     </span>
    </p>
   </div>
   <div class='ocr_carea' id='block_1_18' title="bbox 263 1785 1837 1857">
    <p class='ocr_par' dir='ltr' id='par_1_18' title="bbox 263 1785 1837 1857">
     <span class='ocr_line' id='line_1_18' title="bbox 263 1785 1837 1857; baseline 0.006 -21"><span class='ocrx_word' id='word_1_101' title='bbox 263 1785 501 1838; x_wconf 76' lang='lat' dir='ltr'><strong>Christus</strong></span> <span class='ocrx_word' id='word_1_102' title='bbox 538 1803 631 1856; x_wconf 79' lang='lat' dir='ltr'><strong>per</strong></span> <span class='ocrx_word' id='word_1_103' title='bbox 663 1787 889 1857; x_wconf 81' lang='lat' dir='ltr'><strong>gloriam</strong></span> <span class='ocrx_word' id='word_1_104' title='bbox 927 1786 1108 1842; x_wconf 84' lang='lat' dir='ltr'><strong>Putris</strong></span> <span class='ocrx_word' id='word_1_105' title='bbox 1146 1792 1399 1843; x_wconf 68' lang='lat' dir='ltr'><strong>excitatus</strong></span> <span class='ocrx_word' id='word_1_106' title='bbox 1432 1801 1510 1843; x_wconf 82' lang='lat' dir='ltr'><strong>est</strong></span> <span class='ocrx_word' id='word_1_107' title='bbox 1539 1811 1568 1842; x_wconf 84' lang='grc' dir='ltr'><em>α</em></span> <span class='ocrx_word' id='word_1_108' title='bbox 1602 1794 1837 1853; x_wconf 76' lang='lat' dir='ltr'><strong>mortuis,</strong></span> 
     </span>
    </p>
   </div>
   <div class='ocr_carea' id='block_1_19' title="bbox 262 1869 1912 1936">
    <p class='ocr_par' dir='ltr' id='par_1_19' title="bbox 262 1869 1912 1936">
     <span class='ocr_line' id='line_1_19' title="bbox 262 1869 1912 1936; baseline 0.006 -11"><span class='ocrx_word' id='word_1_109' title='bbox 262 1874 336 1926; x_wconf 82' lang='lat' dir='ltr'><strong>ita</strong></span> <span class='ocrx_word' id='word_1_110' title='bbox 367 1886 412 1926; x_wconf 87' lang='lat' dir='ltr'><strong>et</strong></span> <span class='ocrx_word' id='word_1_111' title='bbox 431 1892 523 1928; x_wconf 88' lang='lat' dir='ltr'><strong>nos</strong></span> <span class='ocrx_word' id='word_1_112' title='bbox 550 1877 605 1928; x_wconf 80' lang='lat' dir='ltr'><strong>in</strong></span> <span class='ocrx_word' id='word_1_113' title='bbox 631 1879 861 1930; x_wconf 84' lang='lat' dir='ltr'><strong>novitate</strong></span> <span class='ocrx_word' id='word_1_114' title='bbox 886 1880 1003 1931; x_wconf 74' lang='lat' dir='ltr'><strong>vita:</strong></span> <span class='ocrx_word' id='word_1_115' title='bbox 1048 1881 1396 1934; x_wconf 77' lang='lat' dir='ltr'><strong>ainbufcmus.</strong></span> <span class='ocrx_word' id='word_1_116' title='bbox 1425 1881 1482 1934; x_wconf 83' lang='lat' dir='ltr'><strong>Si</strong></span> <span class='ocrx_word' id='word_1_117' title='bbox 1507 1882 1645 1934; x_wconf 85' lang='lat' dir='ltr'><strong>enim</strong></span> <span class='ocrx_word' id='word_1_118' title='bbox 1692 1884 1839 1936; x_wconf 82' lang='lat' dir='ltr'><strong>insiti</strong></span> <span class='ocrx_word' id='word_1_119' title='bbox 1875 1869 1912 1924; x_wconf 70' lang='grc' dir='ltr'><strong>Β</strong></span> 
     </span>
    </p>
   </div>
   <div class='ocr_carea' id='block_1_20' title="bbox 262 1970 1832 2041">
    <p class='ocr_par' dir='ltr' id='par_1_20' title="bbox 262 1970 1832 2041">
     <span class='ocr_line' id='line_1_20' title="bbox 262 1970 1832 2041; baseline 0.006 -24"><span class='ocrx_word' id='word_1_120' title='bbox 262 1984 441 2021; x_wconf 66' lang='lat' dir='ltr'><strong>sumus</strong></span> <span class='ocrx_word' id='word_1_121' title='bbox 489 1971 544 2022; x_wconf 89' lang='lat' dir='ltr'><strong>in</strong></span> <span class='ocrx_word' id='word_1_122' title='bbox 600 1970 998 2023; x_wconf 81' lang='lat' dir='ltr'><strong>similitudinem</strong></span> <span class='ocrx_word' id='word_1_123' title='bbox 1055 1981 1234 2024; x_wconf 81' lang='lat' dir='ltr'><strong>mortis</strong></span> <span class='ocrx_word' id='word_1_124' title='bbox 1292 1974 1445 2041; x_wconf 85' lang='lat' dir='ltr'><strong>ejus,</strong></span> <span class='ocrx_word' id='word_1_125' title='bbox 1488 1982 1626 2025; x_wconf 69' lang='lat' dir='ltr'><strong>certe</strong></span> <span class='ocrx_word' id='word_1_126' title='bbox 1684 1985 1733 2025; x_wconf 85' lang='lat' dir='ltr'><strong>et</strong></span> <span class='ocrx_word' id='word_1_127' title='bbox 1779 1977 1832 2027; x_wconf 85' lang='lat' dir='ltr'><strong>in</strong></span> 
     </span>
    </p>
   </div>
   <div class='ocr_carea' id='block_1_21' title="bbox 262 2060 992 2114">
    <p class='ocr_par' dir='ltr' id='par_1_21' title="bbox 262 2060 992 2114">
     <span class='ocr_line' id='line_1_21' title="bbox 262 2060 992 2114; baseline 0.007 -6"><span class='ocrx_word' id='word_1_128' title='bbox 262 2062 661 2112; x_wconf 80' lang='lat' dir='ltr'><strong>resurrectionis</strong></span> <span class='ocrx_word' id='word_1_129' title='bbox 694 2062 889 2114; x_wconf 82' lang='lat' dir='ltr'><strong>erimus</strong></span> <span class='ocrx_word' id='word_1_130' title='bbox 929 2060 992 2113; x_wconf 79' lang='lat'><strong>&quot;.</strong></span> 
     </span>
    </p>
   </div>
   <div class='ocr_carea' id='block_1_22' title="bbox 335 2146 1831 2224">
    <p class='ocr_par' dir='ltr' id='par_1_22' title="bbox 335 2146 1831 2224">
     <span class='ocr_line' id='line_1_22' title="bbox 335 2146 1831 2224; baseline 0.003 -23"><span class='ocrx_word' id='word_1_131' title='bbox 335 2146 457 2203; x_wconf 69' lang='lat' dir='ltr'><strong>Iliec</strong></span> <span class='ocrx_word' id='word_1_132' title='bbox 480 2158 607 2202; x_wconf 89' lang='lat' dir='ltr'><strong>sunt</strong></span> <span class='ocrx_word' id='word_1_133' title='bbox 647 2166 766 2220; x_wconf 85' lang='lat' dir='ltr'><strong>qua:</strong></span> <span class='ocrx_word' id='word_1_134' title='bbox 794 2168 893 2205; x_wconf 89' lang='lat' dir='ltr'><strong>nos</strong></span> <span class='ocrx_word' id='word_1_135' title='bbox 933 2152 1228 2221; x_wconf 54' lang='lat' dir='ltr'><strong>Apostolus</strong></span> <span class='ocrx_word' id='word_1_136' title='bbox 1258 2153 1326 2207; x_wconf 87' lang='lat' dir='ltr'><strong>de</strong></span> <span class='ocrx_word' id='word_1_137' title='bbox 1351 2152 1537 2207; x_wconf 82' lang='lat' dir='ltr'><strong>divino</strong></span> <span class='ocrx_word' id='word_1_138' title='bbox 1564 2159 1831 2224; x_wconf 80' lang='lat' dir='ltr'><strong>oaptismo</strong></span> 
     </span>
    </p>
   </div>
   <div class='ocr_carea' id='block_1_23' title="bbox 259 2245 1832 2318">
    <p class='ocr_par' dir='ltr' id='par_1_23' title="bbox 259 2245 1832 2318">
     <span class='ocr_line' id='line_1_23' title="bbox 259 2245 1832 2318; baseline 0.004 -22"><span class='ocrx_word' id='word_1_139' title='bbox 259 2245 462 2299; x_wconf 87' lang='lat' dir='ltr'><strong>sentire</strong></span> <span class='ocrx_word' id='word_1_140' title='bbox 498 2246 689 2311; x_wconf 75' lang='lat' dir='ltr'><strong>voluit,</strong></span> <span class='ocrx_word' id='word_1_141' title='bbox 747 2248 988 2301; x_wconf 57' lang='lat' dir='ltr'><strong>hairetici</strong></span> <span class='ocrx_word' id='word_1_142' title='bbox 1041 2258 1247 2307; x_wconf 83' lang='lat' dir='ltr'><strong>autent.</strong></span> <span class='ocrx_word' id='word_1_143' title='bbox 1309 2259 1420 2303; x_wconf 91' lang='lat' dir='ltr'><strong>tum</strong></span> <span class='ocrx_word' id='word_1_144' title='bbox 1459 2250 1832 2318; x_wconf 78' lang='lat' dir='ltr'><strong>Ascodrupitae</strong></span> 
     </span>
    </p>
   </div>
   <div class='ocr_carea' id='block_1_24' title="bbox 260 2334 1829 2409">
    <p class='ocr_par' dir='ltr' id='par_1_24' title="bbox 260 2334 1829 2409">
     <span class='ocr_line' id='line_1_24' title="bbox 260 2334 1829 2409; baseline 0.006 -23"><span class='ocrx_word' id='word_1_145' title='bbox 260 2334 339 2398; x_wconf 85' lang='lat' dir='ltr'><strong>hi,</strong></span> <span class='ocrx_word' id='word_1_146' title='bbox 388 2334 455 2391; x_wconf 90' lang='lat' dir='ltr'><strong>de</strong></span> <span class='ocrx_word' id='word_1_147' title='bbox 508 2338 709 2406; x_wconf 87' lang='lat' dir='ltr'><strong>quibus</strong></span> <span class='ocrx_word' id='word_1_148' title='bbox 769 2340 1021 2409; x_wconf 82' lang='lat' dir='ltr'><strong>agimus,</strong></span> <span class='ocrx_word' id='word_1_149' title='bbox 1078 2351 1192 2394; x_wconf 91' lang='lat' dir='ltr'><strong>tum</strong></span> <span class='ocrx_word' id='word_1_150' title='bbox 1241 2340 1559 2409; x_wconf 86' lang='lat' dir='ltr'><strong>quicunque</strong></span> <span class='ocrx_word' id='word_1_151' title='bbox 1609 2341 1829 2395; x_wconf 90' lang='lat' dir='ltr'><strong>illorum</strong></span> 
     </span>
    </p>
   </div>
   <div class='ocr_carea' id='block_1_25' title="bbox 261 2428 1830 2500">
    <p class='ocr_par' dir='ltr' id='par_1_25' title="bbox 261 2428 1830 2500">
     <span class='ocr_line' id='line_1_25' title="bbox 261 2428 1830 2500; baseline 0.006 -23"><span class='ocrx_word' id='word_1_152' title='bbox 261 2428 485 2497; x_wconf 84' lang='lat' dir='ltr'><strong>vestigia</strong></span> <span class='ocrx_word' id='word_1_153' title='bbox 503 2430 670 2483; x_wconf 84' lang='lat' dir='ltr'><strong>secuti</strong></span> <span class='ocrx_word' id='word_1_154' title='bbox 702 2429 947 2483; x_wconf 79' lang='lat' dir='ltr'><strong>divinum</strong></span> <span class='ocrx_word' id='word_1_155' title='bbox 973 2432 1241 2500; x_wconf 88' lang='lat' dir='ltr'><strong>baptisma</strong></span> <span class='ocrx_word' id='word_1_156' title='bbox 1272 2432 1604 2497; x_wconf 87' lang='lat' dir='ltr'><strong>detrectant,</strong></span> <span class='ocrx_word' id='word_1_157' title='bbox 1630 2434 1830 2486; x_wconf 82' lang='lat' dir='ltr'><strong>abeant</strong></span> 
     </span>
    </p>
   </div>
   <div class='ocr_carea' id='block_1_26' title="bbox 262 2516 1827 2591">
    <p class='ocr_par' dir='ltr' id='par_1_26' title="bbox 262 2516 1827 2591">
     <span class='ocr_line' id='line_1_26' title="bbox 262 2516 1827 2591; baseline 0.006 -23"><span class='ocrx_word' id='word_1_158' title='bbox 262 2516 315 2569; x_wconf 90' lang='lat' dir='ltr'><strong>in</strong></span> <span class='ocrx_word' id='word_1_159' title='bbox 348 2519 540 2571; x_wconf 83' lang='lat' dir='ltr'><strong>malam</strong></span> <span class='ocrx_word' id='word_1_160' title='bbox 574 2535 715 2582; x_wconf 90' lang='lat' dir='ltr'><strong>rem,</strong></span> <span class='ocrx_word' id='word_1_161' title='bbox 744 2521 867 2588; x_wconf 89' lang='lat' dir='ltr'><strong>quia</strong></span> <span class='ocrx_word' id='word_1_162' title='bbox 907 2524 1245 2589; x_wconf 71' lang='lat' dir='ltr'><strong>potissnmum</strong></span> <span class='ocrx_word' id='word_1_163' title='bbox 1275 2537 1398 2589; x_wconf 67' lang='lat' dir='ltr'><strong>quae</strong></span> <span class='ocrx_word' id='word_1_164' title='bbox 1422 2522 1524 2575; x_wconf 87' lang='lat' dir='ltr'><strong>sub</strong></span> <span class='ocrx_word' id='word_1_165' title='bbox 1548 2534 1827 2591; x_wconf 77' lang='lat' dir='ltr'><strong>aspectum</strong></span> 
     </span>
    </p>
   </div>
   <div class='ocr_carea' id='block_1_27' title="bbox 258 2606 1827 2678">
    <p class='ocr_par' dir='ltr' id='par_1_27' title="bbox 258 2606 1827 2678">
     <span class='ocr_line' id='line_1_27' title="bbox 258 2606 1827 2678; baseline 0.005 -19"><span class='ocrx_word' id='word_1_166' title='bbox 258 2606 460 2661; x_wconf 82' lang='lat' dir='ltr'><strong>cadunt</strong></span> <span class='ocrx_word' id='word_1_167' title='bbox 512 2611 714 2668; x_wconf 86' lang='lat' dir='ltr'><strong>omnia.</strong></span> <span class='ocrx_word' id='word_1_168' title='bbox 762 2611 1079 2678; x_wconf 72' lang='lat' dir='ltr'><strong>ignorantia:</strong></span> <span class='ocrx_word' id='word_1_169' title='bbox 1135 2621 1190 2664; x_wconf 83' lang='lat' dir='ltr'><strong>ct</strong></span> <span class='ocrx_word' id='word_1_170' title='bbox 1245 2610 1536 2667; x_wconf 78' lang='lat' dir='ltr'><strong>aﬂ&#39;eCtibus</strong></span> <span class='ocrx_word' id='word_1_171' title='bbox 1592 2614 1827 2667; x_wconf 75' lang='lat' dir='ltr'><strong>obnoxia</strong></span> 
     </span>
    </p>
   </div>
   <div class='ocr_carea' id='block_1_28' title="bbox 256 2699 1828 2775">
    <p class='ocr_par' dir='ltr' id='par_1_28' title="bbox 256 2699 1828 2775">
     <span class='ocr_line' id='line_1_28' title="bbox 256 2699 1828 2775; baseline 0.004 -23"><span class='ocrx_word' id='word_1_172' title='bbox 256 2712 379 2752; x_wconf 82' lang='lat' dir='ltr'><strong>esse</strong></span> <span class='ocrx_word' id='word_1_173' title='bbox 432 2700 639 2752; x_wconf 87' lang='lat' dir='ltr'><strong>dicunt.</strong></span> <span class='ocrx_word' id='word_1_174' title='bbox 696 2699 828 2753; x_wconf 70' lang='lat' dir='ltr'><strong>Nam</strong></span> <span class='ocrx_word' id='word_1_175' title='bbox 880 2702 1003 2769; x_wconf 92' lang='lat' dir='ltr'><strong>quis</strong></span> <span class='ocrx_word' id='word_1_176' title='bbox 1058 2701 1375 2772; x_wconf 66' lang='lat' dir='ltr'><strong>ignorantia:</strong></span> <span class='ocrx_word' id='word_1_177' title='bbox 1429 2702 1828 2775; x_wconf 80' lang='lat' dir='ltr'><strong>afl&#39;ectibusquc</strong></span> 
     </span>
    </p>
   </div>
   <div class='ocr_carea' id='block_1_29' title="bbox 259 2792 1824 2863">
    <p class='ocr_par' dir='ltr' id='par_1_29' title="bbox 259 2792 1824 2863">
     <span class='ocr_line' id='line_1_29' title="bbox 259 2792 1824 2863; baseline 0.003 -19"><span class='ocrx_word' id='word_1_178' title='bbox 259 2792 412 2844; x_wconf 88' lang='lat' dir='ltr'><strong>locus</strong></span> <span class='ocrx_word' id='word_1_179' title='bbox 432 2792 572 2858; x_wconf 87' lang='lat' dir='ltr'><strong>apud</strong></span> <span class='ocrx_word' id='word_1_180' title='bbox 602 2792 792 2858; x_wconf 82' lang='lat' dir='ltr'><strong>Deum,</strong></span> <span class='ocrx_word' id='word_1_181' title='bbox 824 2796 916 2860; x_wconf 89' lang='lat' dir='ltr'><strong>qui</strong></span> <span class='ocrx_word' id='word_1_182' title='bbox 964 2795 1097 2846; x_wconf 75' lang='lat' dir='ltr'><strong>nihil</strong></span> <span class='ocrx_word' id='word_1_183' title='bbox 1130 2792 1276 2846; x_wconf 85' lang='lat' dir='ltr'><strong>aliud</strong></span> <span class='ocrx_word' id='word_1_184' title='bbox 1312 2802 1417 2858; x_wconf 84' lang='lat' dir='ltr'><strong>est,</strong></span> <span class='ocrx_word' id='word_1_185' title='bbox 1441 2809 1602 2863; x_wconf 87' lang='lat' dir='ltr'><strong>quam</strong></span> <span class='ocrx_word' id='word_1_186' title='bbox 1634 2807 1824 2848; x_wconf 86' lang='lat' dir='ltr'><strong>natura</strong></span> 
     </span>
    </p>
   </div>
   <div class='ocr_carea' id='block_1_30' title="bbox 255 2881 1826 2955">
    <p class='ocr_par' dir='ltr' id='par_1_30' title="bbox 255 2881 1826 2955">
     <span class='ocr_line' id='line_1_30' title="bbox 255 2881 1826 2955; baseline 0.004 -20"><span class='ocrx_word' id='word_1_187' title='bbox 255 2881 798 2952; x_wconf 78' lang='lat' dir='ltr'><strong>simplex,nullisque</strong></span> <span class='ocrx_word' id='word_1_188' title='bbox 829 2888 1115 2940; x_wconf 70' lang='lat' dir='ltr'><strong>affectibus</strong></span> <span class='ocrx_word' id='word_1_189' title='bbox 1138 2886 1395 2949; x_wconf 77' lang='lat' dir='ltr'><strong>obnoxia,</strong></span> <span class='ocrx_word' id='word_1_190' title='bbox 1433 2897 1622 2955; x_wconf 74' lang='lat' dir='ltr'><strong>etqua:</strong></span> <span class='ocrx_word' id='word_1_191' title='bbox 1650 2890 1826 2943; x_wconf 66' lang='lat' dir='ltr'><strong>sciet.-</strong></span> 
     </span>
    </p>
   </div>
   <div class='ocr_carea' id='block_1_31' title="bbox 259 2973 955 3045">
    <p class='ocr_par' dir='ltr' id='par_1_31' title="bbox 259 2973 955 3045">
     <span class='ocr_line' id='line_1_31' title="bbox 259 2973 955 3045; baseline 0.006 -21"><span class='ocrx_word' id='word_1_192' title='bbox 259 2973 385 3026; x_wconf 87' lang='lat' dir='ltr'><strong>tiam</strong></span> <span class='ocrx_word' id='word_1_193' title='bbox 417 2975 619 3028; x_wconf 87' lang='lat' dir='ltr'><strong>homini</strong></span> <span class='ocrx_word' id='word_1_194' title='bbox 658 2975 955 3045; x_wconf 76' lang='lat' dir='ltr'><strong>patefacit“!</strong></span> 
     </span>
    </p>
   </div>
   <div class='ocr_carea' id='block_1_32' title="bbox 873 3092 1196 3148">
    <p class='ocr_par' dir='ltr' id='par_1_32' title="bbox 873 3092 1196 3148">
     <span class='ocr_line' id='line_1_32' title="bbox 873 3092 1196 3148; baseline -0.009 0"><span class='ocrx_word' id='word_1_195' title='bbox 873 3092 1024 3148; x_wconf 64' lang='lat' dir='ltr'><strong>CAP.</strong></span> <span class='ocrx_word' id='word_1_196' title='bbox 1060 3093 1196 3148; x_wconf 76' lang='lat' dir='ltr'><strong>VIII.</strong></span> 
     </span>
    </p>
   </div>
   <div class='ocr_carea' id='block_1_33' title="bbox 645 3188 1432 3241">
    <p class='ocr_par' dir='ltr' id='par_1_33' title="bbox 645 3188 1432 3241">
     <span class='ocr_line' id='line_1_33' title="bbox 645 3188 1432 3241; baseline 0.005 -5"><span class='ocrx_word' id='word_1_197' title='bbox 645 3188 839 3237; x_wconf 72' lang='lat' dir='ltr'><strong>Octava</strong></span> <span class='ocrx_word' id='word_1_198' title='bbox 897 3189 1104 3240; x_wconf 78' lang='lat' dir='ltr'><strong>ha‘rt’sis</strong></span> <span class='ocrx_word' id='word_1_199' title='bbox 1140 3188 1432 3241; x_wconf 74' lang='lat' dir='ltr'><strong>Colobarst.</strong></span> 
     </span>
    </p>
   </div>
   <div class='ocr_carea' id='block_1_34' title="bbox 324 3294 1822 3363">
    <p class='ocr_par' dir='ltr' id='par_1_34' title="bbox 324 3294 1822 3363">
     <span class='ocr_line' id='line_1_34' title="bbox 324 3294 1822 3363; baseline 0.001 -15"><span class='ocrx_word' id='word_1_200' title='bbox 324 3294 631 3363; x_wconf 82' lang='lat' dir='ltr'><strong>Ugdoadem</strong></span> <span class='ocrx_word' id='word_1_201' title='bbox 665 3296 977 3362; x_wconf 89' lang='lat' dir='ltr'><strong>quamdam,</strong></span> <span class='ocrx_word' id='word_1_202' title='bbox 1010 3314 1104 3351; x_wconf 82' lang='lat' dir='ltr'><strong>seu</strong></span> <span class='ocrx_word' id='word_1_203' title='bbox 1141 3298 1483 3352; x_wconf 87' lang='lat' dir='ltr'><strong>octonarimn</strong></span> <span class='ocrx_word' id='word_1_204' title='bbox 1533 3313 1822 3351; x_wconf 88' lang='lat' dir='ltr'><strong>numerum</strong></span> 
     </span>
    </p>
   </div>
   <div class='ocr_carea' id='block_1_35' title="bbox 251 3386 1823 3459">
    <p class='ocr_par' dir='ltr' id='par_1_35' title="bbox 251 3386 1823 3459">
     <span class='ocr_line' id='line_1_35' title="bbox 251 3386 1823 3459; baseline -0.001 -18"><span class='ocrx_word' id='word_1_205' title='bbox 251 3386 585 3442; x_wconf 89' lang='lat' dir='ltr'><strong>Colobarsus</strong></span> <span class='ocrx_word' id='word_1_206' title='bbox 622 3388 711 3441; x_wconf 89' lang='lat' dir='ltr'><strong>hic</strong></span> <span class='ocrx_word' id='word_1_207' title='bbox 761 3389 1106 3443; x_wconf 73' lang='lat' dir='ltr'><strong>fabulabatur</strong></span> <span class='ocrx_word' id='word_1_208' title='bbox 1155 3407 1169 3444; x_wconf 92' lang='lat'><strong>:</strong></span> <span class='ocrx_word' id='word_1_209' title='bbox 1222 3406 1453 3459; x_wconf 74' lang='lat' dir='ltr'><strong>eamque</strong></span> <span class='ocrx_word' id='word_1_210' title='bbox 1505 3390 1823 3458; x_wconf 78' lang='lat' dir='ltr'><strong>Propatore,</strong></span> 
     </span>
    </p>
   </div>
   <div class='ocr_carea' id='block_1_36' title="bbox 254 3479 1822 3551">
    <p class='ocr_par' dir='ltr' id='par_1_36' title="bbox 254 3479 1822 3551">
     <span class='ocr_line' id='line_1_36' title="bbox 254 3479 1822 3551; baseline -0.002 -17"><span class='ocrx_word' id='word_1_211' title='bbox 254 3480 483 3543; x_wconf 68' lang='lat' dir='ltr'><strong>Ennma,</strong></span> <span class='ocrx_word' id='word_1_212' title='bbox 510 3495 607 3534; x_wconf 82' lang='lat' dir='ltr'><strong>Seu</strong></span> <span class='ocrx_word' id='word_1_213' title='bbox 642 3479 1010 3551; x_wconf 83' lang='lat' dir='ltr'><strong>Cogitatione,</strong></span> <span class='ocrx_word' id='word_1_214' title='bbox 1047 3482 1230 3545; x_wconf 86' lang='lat' dir='ltr'><strong>Patre,</strong></span> <span class='ocrx_word' id='word_1_215' title='bbox 1271 3483 1540 3545; x_wconf 77' lang='lat' dir='ltr'><strong>Veritate,</strong></span> <span class='ocrx_word' id='word_1_216' title='bbox 1572 3484 1822 3542; x_wconf 65' lang='lat' dir='ltr'><strong>liotuint&#39;,</strong></span> 
     </span>
    </p>
   </div>
   <div class='ocr_carea' id='block_1_37' title="bbox 253 3572 1569 3638">
    <p class='ocr_par' dir='ltr' id='par_1_37' title="bbox 253 3572 1569 3638">
     <span class='ocr_line' id='line_1_37' title="bbox 253 3572 1569 3638; baseline 0.002 -13"><span class='ocrx_word' id='word_1_217' title='bbox 253 3572 515 3636; x_wconf 87' lang='lat' dir='ltr'><strong>Ecclesia,</strong></span> <span class='ocrx_word' id='word_1_218' title='bbox 553 3572 754 3636; x_wconf 90' lang='lat' dir='ltr'><strong>Verbo,</strong></span> <span class='ocrx_word' id='word_1_219' title='bbox 780 3581 836 3625; x_wconf 90' lang='lat' dir='ltr'><strong>et</strong></span> <span class='ocrx_word' id='word_1_220' title='bbox 867 3573 1008 3638; x_wconf 84' lang='lat' dir='ltr'><strong>Vita,</strong></span> <span class='ocrx_word' id='word_1_221' title='bbox 1051 3585 1302 3629; x_wconf 64' lang='lat' dir='ltr'><strong>constare</strong></span> <span class='ocrx_word' id='word_1_222' title='bbox 1330 3576 1569 3628; x_wconf 78' lang='lat' dir='ltr'><strong>diccbat.</strong></span> 
     </span>
    </p>
   </div>
   <div class='ocr_carea' id='block_1_38' title="bbox 323 3663 1819 3736">
    <p class='ocr_par' dir='ltr' id='par_1_38' title="bbox 323 3663 1819 3736">
     <span class='ocr_line' id='line_1_38' title="bbox 323 3663 1819 3736; baseline 0.003 -19"><span class='ocrx_word' id='word_1_223' title='bbox 323 3663 479 3727; x_wconf 89' lang='lat' dir='ltr'><strong>Quod</strong></span> <span class='ocrx_word' id='word_1_224' title='bbox 516 3664 682 3731; x_wconf 79' lang='lat' dir='ltr'><strong>igitur</strong></span> <span class='ocrx_word' id='word_1_225' title='bbox 717 3680 744 3717; x_wconf 87' lang='lat' dir='ltr'><strong>a</strong></span> <span class='ocrx_word' id='word_1_226' title='bbox 777 3665 1077 3733; x_wconf 70' lang='lat' dir='ltr'><strong>PrOjialore</strong></span> <span class='ocrx_word' id='word_1_227' title='bbox 1126 3677 1253 3719; x_wconf 87' lang='lat' dir='ltr'><strong>ante</strong></span> <span class='ocrx_word' id='word_1_228' title='bbox 1304 3670 1513 3728; x_wconf 83' lang='lat' dir='ltr'><strong>omnia,</strong></span> <span class='ocrx_word' id='word_1_229' title='bbox 1561 3676 1819 3736; x_wconf 78' lang='lat' dir='ltr'><strong>tanquam</strong></span> 
     </span>
    </p>
   </div>
   <div class='ocr_carea' id='block_1_39' title="bbox 250 3755 1820 3824">
    <p class='ocr_par' dir='ltr' id='par_1_39' title="bbox 250 3755 1820 3824">
     <span class='ocr_line' id='line_1_39' title="bbox 250 3755 1820 3824; baseline 0.003 -16"><span class='ocrx_word' id='word_1_230' title='bbox 250 3755 596 3809; x_wconf 75' lang='lat' dir='ltr'><strong>conducibile</strong></span> <span class='ocrx_word' id='word_1_231' title='bbox 634 3756 799 3819; x_wconf 78' lang='lat' dir='ltr'><strong>factu,</strong></span> <span class='ocrx_word' id='word_1_232' title='bbox 853 3758 1215 3824; x_wconf 77' lang='lat' dir='ltr'><strong>excogitatum</strong></span> <span class='ocrx_word' id='word_1_233' title='bbox 1260 3758 1458 3822; x_wconf 78' lang='lat' dir='ltr'><strong>fuerat,</strong></span> <span class='ocrx_word' id='word_1_234' title='bbox 1510 3759 1560 3811; x_wconf 91' lang='lat' dir='ltr'><strong>id</strong></span> <span class='ocrx_word' id='word_1_235' title='bbox 1609 3761 1820 3813; x_wconf 75' lang='lat' dir='ltr'><strong>Patri-ni</strong></span> 
     </span>
    </p>
   </div>
   <div class='ocr_carea' id='block_1_40' title="bbox 250 3844 1818 3916">
    <p class='ocr_par' dir='ltr' id='par_1_40' title="bbox 250 3844 1818 3916">
     <span class='ocr_line' id='line_1_40' title="bbox 250 3844 1818 3916; baseline 0.004 -19"><span class='ocrx_word' id='word_1_236' title='bbox 250 3845 434 3898; x_wconf 80' lang='lat' dir='ltr'><strong>vocari</strong></span> <span class='ocrx_word' id='word_1_237' title='bbox 464 3844 791 3901; x_wconf 87' lang='lat' dir='ltr'><strong>Coloharsus</strong></span> <span class='ocrx_word' id='word_1_238' title='bbox 815 3849 1115 3902; x_wconf 83' lang='lat' dir='ltr'><strong>asserebat.</strong></span> <span class='ocrx_word' id='word_1_239' title='bbox 1154 3849 1313 3901; x_wconf 83' lang='lat' dir='ltr'><strong>Aliud</strong></span> <span class='ocrx_word' id='word_1_240' title='bbox 1349 3866 1513 3916; x_wconf 91' lang='lat' dir='ltr'><strong>porro</strong></span> <span class='ocrx_word' id='word_1_241' title='bbox 1542 3851 1818 3913; x_wconf 76' lang='lat' dir='ltr'><strong>Veritatis,</strong></span> 
     </span>
    </p>
   </div>
   <div class='ocr_carea' id='block_1_41' title="bbox 248 3934 1818 4009">
    <p class='ocr_par' dir='ltr' id='par_1_41' title="bbox 248 3934 1818 4009">
     <span class='ocr_line' id='line_1_41' title="bbox 248 3934 1818 4009; baseline 0.002 -20"><span class='ocrx_word' id='word_1_242' title='bbox 248 3936 393 3990; x_wconf 90' lang='lat' dir='ltr'><strong>aliud</strong></span> <span class='ocrx_word' id='word_1_243' title='bbox 448 3934 696 3991; x_wconf 78' lang='lat' dir='ltr'><strong>Hominis</strong></span> <span class='ocrx_word' id='word_1_244' title='bbox 728 3939 1093 4007; x_wconf 86' lang='lat' dir='ltr'><strong>appellatione</strong></span> <span class='ocrx_word' id='word_1_245' title='bbox 1138 3940 1478 4009; x_wconf 77' lang='lat' dir='ltr'><strong>designabat.</strong></span> <span class='ocrx_word' id='word_1_246' title='bbox 1512 3941 1661 3995; x_wconf 84' lang='lat' dir='ltr'><strong>Alios</strong></span> <span class='ocrx_word' id='word_1_247' title='bbox 1695 3958 1818 3995; x_wconf 86' lang='lat' dir='ltr'><strong>cuin</strong></span> 
     </span>
    </p>
   </div>
   <div class='ocr_carea' id='block_1_42' title="bbox 251 4026 1821 4102">
    <p class='ocr_par' dir='ltr' id='par_1_42' title="bbox 251 4026 1821 4102">
     <span class='ocr_line' id='line_1_42' title="bbox 251 4026 1821 4102; baseline 0.005 -24"><span class='ocrx_word' id='word_1_248' title='bbox 251 4027 304 4080; x_wconf 93' lang='lat' dir='ltr'><strong>in</strong></span> <span class='ocrx_word' id='word_1_249' title='bbox 333 4026 575 4081; x_wconf 85' lang='lat' dir='ltr'><strong>medium</strong></span> <span class='ocrx_word' id='word_1_250' title='bbox 627 4040 980 4098; x_wconf 87' lang='lat' dir='ltr'><strong>proponeret,</strong></span> <span class='ocrx_word' id='word_1_251' title='bbox 1030 4030 1332 4084; x_wconf 77' lang='lat' dir='ltr'><strong>Ecclesium</strong></span> <span class='ocrx_word' id='word_1_252' title='bbox 1381 4047 1504 4086; x_wconf 84' lang='lat' dir='ltr'><strong>esse</strong></span> <span class='ocrx_word' id='word_1_253' title='bbox 1560 4048 1821 4102; x_wconf 64' lang='lat' dir='ltr'><strong>praecogi-</strong></span> 
     </span>
    </p>
   </div>
   <div class='ocr_carea' id='block_1_43' title="bbox 255 4119 1813 4192">
    <p class='ocr_par' dir='ltr' id='par_1_43' title="bbox 255 4119 1813 4192">
     <span class='ocr_line' id='line_1_43' title="bbox 255 4119 1813 4192; baseline 0.003 -20"><span class='ocrx_word' id='word_1_254' title='bbox 255 4128 428 4183; x_wconf 86' lang='lat' dir='ltr'><strong>tarat,</strong></span> <span class='ocrx_word' id='word_1_255' title='bbox 460 4127 625 4189; x_wconf 85' lang='lat' dir='ltr'><strong>atque</strong></span> <span class='ocrx_word' id='word_1_256' title='bbox 657 4134 723 4173; x_wconf 79' lang='lat' dir='ltr'><strong>ex</strong></span> <span class='ocrx_word' id='word_1_257' title='bbox 757 4120 996 4174; x_wconf 85' lang='lat' dir='ltr'><strong>Ecclesia</strong></span> <span class='ocrx_word' id='word_1_258' title='bbox 1055 4119 1291 4175; x_wconf 85' lang='lat' dir='ltr'><strong>Verbum</strong></span> <span class='ocrx_word' id='word_1_259' title='bbox 1343 4129 1696 4191; x_wconf 85' lang='lat' dir='ltr'><strong>processisse,</strong></span> <span class='ocrx_word' id='word_1_260' title='bbox 1722 4126 1813 4192; x_wconf 87' lang='lat' dir='ltr'><strong>qui</strong></span> 
     </span>
    </p>
   </div>
   <div class='ocr_carea' id='block_1_44' title="bbox 246 4210 1816 4283">
    <p class='ocr_par' dir='ltr' id='par_1_44' title="bbox 246 4210 1816 4283">
     <span class='ocr_line' id='line_1_44' title="bbox 246 4210 1816 4283; baseline 0.001 -18"><span class='ocrx_word' id='word_1_261' title='bbox 246 4210 470 4281; x_wconf 87' lang='lat' dir='ltr'><strong>quidem</strong></span> <span class='ocrx_word' id='word_1_262' title='bbox 517 4220 601 4265; x_wconf 88' lang='lat' dir='ltr'><strong>est</strong></span> <span class='ocrx_word' id='word_1_263' title='bbox 652 4210 822 4264; x_wconf 82' lang='lat' dir='ltr'><strong>Filius</strong></span> <span class='ocrx_word' id='word_1_264' title='bbox 856 4211 948 4264; x_wconf 85' lang='lat' dir='ltr'><strong>Dei</strong></span> <span class='ocrx_word' id='word_1_265' title='bbox 1003 4211 1420 4280; x_wconf 74' lang='lat' dir='ltr'><strong>primogenitus,</strong></span> <span class='ocrx_word' id='word_1_266' title='bbox 1471 4229 1636 4282; x_wconf 90' lang='lat' dir='ltr'><strong>quem</strong></span> <span class='ocrx_word' id='word_1_267' title='bbox 1675 4231 1816 4283; x_wconf 89' lang='lat' dir='ltr'><strong>pone</strong></span> 
     </span>
    </p>
   </div>
   <div class='ocr_carea' id='block_1_45' title="bbox 247 4302 1815 4373">
    <p class='ocr_par' dir='ltr' id='par_1_45' title="bbox 247 4302 1815 4373">
     <span class='ocr_line' id='line_1_45' title="bbox 247 4302 1815 4373; baseline 0.001 -15"><span class='ocrx_word' id='word_1_268' title='bbox 247 4304 364 4358; x_wconf 84' lang='lat' dir='ltr'><strong>Vita</strong></span> <span class='ocrx_word' id='word_1_269' title='bbox 391 4312 737 4372; x_wconf 85' lang='lat' dir='ltr'><strong>sequeretur.</strong></span> <span class='ocrx_word' id='word_1_270' title='bbox 772 4304 950 4371; x_wconf 87' lang='lat' dir='ltr'><strong>Atque</strong></span> <span class='ocrx_word' id='word_1_271' title='bbox 980 4304 1081 4357; x_wconf 89' lang='lat' dir='ltr'><strong>hoc</strong></span> <span class='ocrx_word' id='word_1_272' title='bbox 1110 4302 1273 4356; x_wconf 86' lang='lat' dir='ltr'><strong>modo</strong></span> <span class='ocrx_word' id='word_1_273' title='bbox 1302 4318 1456 4356; x_wconf 86' lang='lat' dir='ltr'><strong>suam</strong></span> <span class='ocrx_word' id='word_1_274' title='bbox 1505 4306 1815 4373; x_wconf 76' lang='lat' dir='ltr'><strong>complebat</strong></span> 
     </span>
    </p>
   </div>
   <div class='ocr_carea' id='block_1_46' title="bbox 243 4393 1811 4466">
    <p class='ocr_par' dir='ltr' id='par_1_46' title="bbox 243 4393 1811 4466">
     <span class='ocr_line' id='line_1_46' title="bbox 243 4393 1811 4466; baseline -0.001 -17"><span class='ocrx_word' id='word_1_275' title='bbox 243 4394 516 4466; x_wconf 83' lang='lat' dir='ltr'><strong>Ogdoada.</strong></span> <span class='ocrx_word' id='word_1_276' title='bbox 542 4393 810 4449; x_wconf 68' lang='lat' dir='ltr'><strong>Cancrum</strong></span> <span class='ocrx_word' id='word_1_277' title='bbox 839 4394 1122 4448; x_wconf 87' lang='lat' dir='ltr'><strong>Colobarsi</strong></span> <span class='ocrx_word' id='word_1_278' title='bbox 1143 4394 1424 4448; x_wconf 89' lang='lat' dir='ltr'><strong>auditores</strong></span> <span class='ocrx_word' id='word_1_279' title='bbox 1452 4404 1506 4448; x_wconf 89' lang='lat' dir='ltr'><strong>et</strong></span> <span class='ocrx_word' id='word_1_280' title='bbox 1534 4395 1811 4465; x_wconf 85' lang='lat' dir='ltr'><strong>discipuli,</strong></span> 
     </span>
    </p>
   </div>
   <div class='ocr_carea' id='block_1_47' title="bbox 246 4484 1813 4555">
    <p class='ocr_par' dir='ltr' id='par_1_47' title="bbox 246 4484 1813 4555">
     <span class='ocr_line' id='line_1_47' title="bbox 246 4484 1813 4555; baseline 0.002 -18"><span class='ocrx_word' id='word_1_281' title='bbox 246 4487 486 4541; x_wconf 85' lang='lat' dir='ltr'><strong>hominis</strong></span> <span class='ocrx_word' id='word_1_282' title='bbox 511 4500 732 4555; x_wconf 90' lang='lat' dir='ltr'><strong>quoque</strong></span> <span class='ocrx_word' id='word_1_283' title='bbox 759 4500 961 4539; x_wconf 88' lang='lat' dir='ltr'><strong>nomen</strong></span> <span class='ocrx_word' id='word_1_284' title='bbox 997 4484 1390 4539; x_wconf 86' lang='lat' dir='ltr'><strong>Universorum</strong></span> <span class='ocrx_word' id='word_1_285' title='bbox 1448 4486 1731 4555; x_wconf 88' lang='lat' dir='ltr'><strong>Pr0patori</strong></span> <span class='ocrx_word' id='word_1_286' title='bbox 1763 4501 1813 4540; x_wconf 77' lang='grc' dir='ltr'>ιιι</span> 
     </span>
    </p>
   </div>
   <div class='ocr_carea' id='block_1_48' title="bbox 244 4579 684 4643">
    <p class='ocr_par' dir='ltr' id='par_1_48' title="bbox 244 4579 684 4643">
     <span class='ocr_line' id='line_1_48' title="bbox 244 4579 684 4643; baseline -0.002 -12"><span class='ocrx_word' id='word_1_287' title='bbox 244 4579 684 4643; x_wconf 86' lang='lat' dir='ltr'><strong>Proanennoeto,</strong></span> 
     </span>
    </p>
   </div>
   <div class='ocr_carea' id='block_1_49' title="bbox 243 4665 1811 4736">
    <p class='ocr_par' dir='ltr' id='par_1_49' title="bbox 243 4665 1811 4736">
     <span class='ocr_line' id='line_1_49' title="bbox 243 4665 1811 4736; baseline 0.001 -16"><span class='ocrx_word' id='word_1_288' title='bbox 243 4667 636 4736; x_wconf 83' lang='lat' dir='ltr'><strong>concipiendos</strong></span> <span class='ocrx_word' id='word_1_289' title='bbox 686 4678 791 4730; x_wconf 89' lang='lat' dir='ltr'><strong>est,</strong></span> <span class='ocrx_word' id='word_1_290' title='bbox 852 4665 1153 4719; x_wconf 90' lang='lat' dir='ltr'><strong>attribuere</strong></span> <span class='ocrx_word' id='word_1_291' title='bbox 1209 4667 1324 4719; x_wconf 83' lang='lat' dir='ltr'><strong>ausi</strong></span> <span class='ocrx_word' id='word_1_292' title='bbox 1380 4678 1530 4720; x_wconf 88' lang='lat' dir='ltr'><strong>sunt.</strong></span> <span class='ocrx_word' id='word_1_293' title='bbox 1583 4667 1698 4732; x_wconf 82' lang='lat' dir='ltr'><strong>Qua</strong></span> <span class='ocrx_word' id='word_1_294' title='bbox 1744 4672 1811 4722; x_wconf 87' lang='lat' dir='ltr'><strong>de</strong></span> 
     </span>
    </p>
   </div>
   <div class='ocr_carea' id='block_1_50' title="bbox 242 4756 1812 4827">
    <p class='ocr_par' dir='ltr' id='par_1_50' title="bbox 242 4756 1812 4827">
     <span class='ocr_line' id='line_1_50' title="bbox 242 4756 1812 4827; baseline 0.002 -17"><span class='ocrx_word' id='word_1_295' title='bbox 242 4772 405 4811; x_wconf 85' lang='lat' dir='ltr'><strong>causa</strong></span> <span class='ocrx_word' id='word_1_296' title='bbox 433 4756 626 4811; x_wconf 82' lang='lat' dir='ltr'><strong>Filium</strong></span> <span class='ocrx_word' id='word_1_297' title='bbox 662 4757 900 4811; x_wconf 82' lang='lat' dir='ltr'><strong>hominis</strong></span> <span class='ocrx_word' id='word_1_298' title='bbox 928 4758 1170 4826; x_wconf 89' lang='lat' dir='ltr'><strong>seipsum</strong></span> <span class='ocrx_word' id='word_1_299' title='bbox 1214 4758 1265 4809; x_wconf 90' lang='lat' dir='ltr'><strong>in</strong></span> <span class='ocrx_word' id='word_1_300' title='bbox 1296 4758 1607 4827; x_wconf 77' lang='lat' dir='ltr'><strong>Erangeiiis</strong></span> <span class='ocrx_word' id='word_1_301' title='bbox 1650 4759 1812 4813; x_wconf 89' lang='lat' dir='ltr'><strong>Chri-</strong></span> 
     </span>
    </p>
   </div>
   <div class='ocr_carea' id='block_1_51' title="bbox 241 4848 1075 4903">
    <p class='ocr_par' dir='ltr' id='par_1_51' title="bbox 241 4848 1075 4903">
     <span class='ocr_line' id='line_1_51' title="bbox 241 4848 1075 4903; baseline 0 -2"><span class='ocrx_word' id='word_1_302' title='bbox 241 4859 384 4903; x_wconf 86' lang='lat' dir='ltr'><strong>stum</strong></span> <span class='ocrx_word' id='word_1_303' title='bbox 412 4848 616 4902; x_wconf 76' lang='lat' dir='ltr'><strong>dixisse</strong></span> <span class='ocrx_word' id='word_1_304' title='bbox 648 4848 1075 4902; x_wconf 87' lang='lat' dir='ltr'><strong>contendebant.</strong></span> 
     </span>
    </p>
   </div>
   <div class='ocr_carea' id='block_1_52' title="bbox 543 4957 1506 5030">
    <p class='ocr_par' dir='ltr' id='par_1_52' title="bbox 543 4957 1506 5030">
     <span class='ocr_line' id='line_1_52' title="bbox 543 4957 1506 5030; baseline 0.002 -18"><span class='ocrx_word' id='word_1_305' title='bbox 543 4957 811 5013; x_wconf 77' lang='lat' dir='ltr'><strong>ereseos</strong></span> <span class='ocrx_word' id='word_1_306' title='bbox 832 4959 1171 5028; x_wconf 71' lang='lat' dir='ltr'><strong>prwcedentis</strong></span> <span class='ocrx_word' id='word_1_307' title='bbox 1194 4961 1506 5030; x_wconf 74' lang='lat' dir='ltr'><strong>confutatio.</strong></span> 
     </span>
    </p>
   </div>
   <div class='ocr_carea' id='block_1_53' title="bbox 288 5071 1807 5142">
    <p class='ocr_par' dir='ltr' id='par_1_53' title="bbox 288 5071 1807 5142">
     <span class='ocr_line' id='line_1_53' title="bbox 288 5071 1807 5142; baseline 0.003 -15"><span class='ocrx_word' id='word_1_308' title='bbox 288 5071 620 5127; x_wconf 83' lang='lat' dir='ltr'><strong>Colobarsus</strong></span> <span class='ocrx_word' id='word_1_309' title='bbox 641 5072 905 5142; x_wconf 88' lang='lat' dir='ltr'><strong>quasdam</strong></span> <span class='ocrx_word' id='word_1_310' title='bbox 932 5073 1230 5140; x_wconf 79' lang='lat' dir='ltr'><strong>Ptolemaei,</strong></span> <span class='ocrx_word' id='word_1_311' title='bbox 1255 5074 1441 5139; x_wconf 79' lang='lat' dir='ltr'><strong>Marci,</strong></span> <span class='ocrx_word' id='word_1_312' title='bbox 1460 5085 1516 5129; x_wconf 91' lang='lat' dir='ltr'><strong>et</strong></span> <span class='ocrx_word' id='word_1_313' title='bbox 1537 5075 1807 5131; x_wconf 79' lang='lat' dir='ltr'><strong>Valentini</strong></span> 
     </span>
    </p>
   </div>
   <div class='ocr_carea' id='block_1_54' title="bbox 238 5163 1793 5236">
    <p class='ocr_par' dir='ltr' id='par_1_54' title="bbox 238 5163 1793 5236">
     <span class='ocr_line' id='line_1_54' title="bbox 238 5163 1793 5236; baseline -0.001 -16"><span class='ocrx_word' id='word_1_314' title='bbox 238 5164 537 5220; x_wconf 70' lang='lat' dir='ltr'><strong>sententias</strong></span> <span class='ocrx_word' id='word_1_315' title='bbox 571 5163 974 5232; x_wconf 81' lang='lat' dir='ltr'><strong>impurissimas</strong></span> <span class='ocrx_word' id='word_1_316' title='bbox 1022 5165 1318 5236; x_wconf 81' lang='lat' dir='ltr'><strong>refingens,</strong></span> <span class='ocrx_word' id='word_1_317' title='bbox 1357 5175 1521 5234; x_wconf 88' lang='lat' dir='ltr'><strong>atque</strong></span> <span class='ocrx_word' id='word_1_318' title='bbox 1569 5167 1793 5220; x_wconf 90' lang='lat' dir='ltr'><strong>illorum</strong></span> 
     </span>
    </p>
   </div>
   <div class='ocr_carea' id='block_1_55' title="bbox 238 5255 1807 5327">
    <p class='ocr_par' dir='ltr' id='par_1_55' title="bbox 238 5255 1807 5327">
     <span class='ocr_line' id='line_1_55' title="bbox 238 5255 1807 5327; baseline 0.003 -18"><span class='ocrx_word' id='word_1_319' title='bbox 238 5255 473 5311; x_wconf 86' lang='lat' dir='ltr'><strong>Tetrada</strong></span> <span class='ocrx_word' id='word_1_320' title='bbox 495 5270 592 5311; x_wconf 82' lang='lat' dir='ltr'><strong>seu</strong></span> <span class='ocrx_word' id='word_1_321' title='bbox 620 5255 1052 5322; x_wconf 83' lang='lat' dir='ltr'><strong>Quaternitatem</strong></span> <span class='ocrx_word' id='word_1_322' title='bbox 1078 5258 1147 5311; x_wconf 87' lang='lat' dir='ltr'><strong>ad</strong></span> <span class='ocrx_word' id='word_1_323' title='bbox 1167 5256 1421 5327; x_wconf 86' lang='lat' dir='ltr'><strong>Ogdoada</strong></span> <span class='ocrx_word' id='word_1_324' title='bbox 1444 5274 1540 5312; x_wconf 88' lang='lat' dir='ltr'><strong>seu</strong></span> <span class='ocrx_word' id='word_1_325' title='bbox 1579 5267 1807 5313; x_wconf 82' lang='lat' dir='ltr'><strong>octona-</strong></span> 
     </span>
    </p>
   </div>
   <div class='ocr_carea' id='block_1_56' title="bbox 235 5348 1805 5418">
    <p class='ocr_par' dir='ltr' id='par_1_56' title="bbox 235 5348 1805 5418">
     <span class='ocr_line' id='line_1_56' title="bbox 235 5348 1805 5418; baseline 0.001 -17"><span class='ocrx_word' id='word_1_326' title='bbox 235 5348 379 5401; x_wconf 86' lang='lat' dir='ltr'><strong>rium</strong></span> <span class='ocrx_word' id='word_1_327' title='bbox 403 5363 693 5402; x_wconf 89' lang='lat' dir='ltr'><strong>numerum</strong></span> <span class='ocrx_word' id='word_1_328' title='bbox 722 5348 1051 5417; x_wconf 91' lang='lat' dir='ltr'><strong>producens,</strong></span> <span class='ocrx_word' id='word_1_329' title='bbox 1095 5350 1422 5418; x_wconf 91' lang='lat' dir='ltr'><strong>perditionis</strong></span> <span class='ocrx_word' id='word_1_330' title='bbox 1475 5349 1649 5404; x_wconf 88' lang='lat' dir='ltr'><strong>scalas</strong></span> <span class='ocrx_word' id='word_1_331' title='bbox 1699 5350 1805 5404; x_wconf 90' lang='lat' dir='ltr'><strong>sibi</strong></span> 
     </span>
    </p>
   </div>
   <div class='ocr_carea' id='block_1_57' title="bbox 236 5440 1802 5510">
    <p class='ocr_par' dir='ltr' id='par_1_57' title="bbox 236 5440 1802 5510">
     <span class='ocr_line' id='line_1_57' title="bbox 236 5440 1802 5510; baseline 0.001 -17"><span class='ocrx_word' id='word_1_332' title='bbox 236 5440 341 5508; x_wconf 86' lang='lat' dir='ltr'><strong>ipsi</strong></span> <span class='ocrx_word' id='word_1_333' title='bbox 394 5455 615 5509; x_wconf 77' lang='lat' dir='ltr'><strong>suaeque</strong></span> <span class='ocrx_word' id='word_1_334' title='bbox 680 5440 937 5496; x_wconf 81' lang='lat' dir='ltr'><strong>factionis</strong></span> <span class='ocrx_word' id='word_1_335' title='bbox 986 5441 1305 5497; x_wconf 90' lang='lat' dir='ltr'><strong>hominibus</strong></span> <span class='ocrx_word' id='word_1_336' title='bbox 1346 5441 1640 5510; x_wconf 74' lang='lat' dir='ltr'><strong>compegit,</strong></span> <span class='ocrx_word' id='word_1_337' title='bbox 1676 5456 1802 5495; x_wconf 90' lang='lat' dir='ltr'><strong>cum</strong></span> 
     </span>
    </p>
   </div>
   <div class='ocr_carea' id='block_1_58' title="bbox 233 5527 1798 5600">
    <p class='ocr_par' dir='ltr' id='par_1_58' title="bbox 233 5527 1798 5600">
     <span class='ocr_line' id='line_1_58' title="bbox 233 5527 1798 5600; baseline 0.003 -19"><span class='ocrx_word' id='word_1_338' title='bbox 233 5542 445 5596; x_wconf 66' lang='lat' dir='ltr'><strong>eaquae</strong></span> <span class='ocrx_word' id='word_1_339' title='bbox 467 5527 705 5582; x_wconf 69' lang='lat' dir='ltr'><strong>effutivit</strong></span> <span class='ocrx_word' id='word_1_340' title='bbox 749 5530 901 5583; x_wconf 91' lang='lat' dir='ltr'><strong>nullo</strong></span> <span class='ocrx_word' id='word_1_341' title='bbox 951 5546 1181 5600; x_wconf 80' lang='lat' dir='ltr'><strong>prorsus</strong></span> <span class='ocrx_word' id='word_1_342' title='bbox 1233 5533 1427 5586; x_wconf 90' lang='lat' dir='ltr'><strong>ordine</strong></span> <span class='ocrx_word' id='word_1_343' title='bbox 1478 5540 1647 5594; x_wconf 79' lang='lat' dir='ltr'><strong>stent,</strong></span> <span class='ocrx_word' id='word_1_344' title='bbox 1693 5532 1798 5587; x_wconf 84' lang='lat' dir='ltr'><strong>imo</strong></span> 
     </span>
    </p>
   </div>
   <div class='ocr_carea' id='block_1_59' title="bbox 234 5616 1801 5693">
    <p class='ocr_par' dir='ltr' id='par_1_59' title="bbox 234 5616 1801 5693">
     <span class='ocr_line' id='line_1_59' title="bbox 234 5616 1801 5693; baseline 0.004 -22"><span class='ocrx_word' id='word_1_345' title='bbox 234 5616 339 5671; x_wconf 81' lang='lat' dir='ltr'><strong>sibi</strong></span> <span class='ocrx_word' id='word_1_346' title='bbox 380 5618 524 5672; x_wconf 90' lang='lat' dir='ltr'><strong>inter</strong></span> <span class='ocrx_word' id='word_1_347' title='bbox 553 5633 613 5674; x_wconf 91' lang='lat' dir='ltr'><strong>se</strong></span> <span class='ocrx_word' id='word_1_348' title='bbox 647 5631 953 5690; x_wconf 84' lang='lat' dir='ltr'><strong>repugnent</strong></span> <span class='ocrx_word' id='word_1_349' title='bbox 991 5640 1004 5677; x_wconf 86' lang='lat'><strong>:</strong></span> <span class='ocrx_word' id='word_1_350' title='bbox 1039 5634 1098 5677; x_wconf 92' lang='lat' dir='ltr'><strong>ut</strong></span> <span class='ocrx_word' id='word_1_351' title='bbox 1132 5624 1166 5677; x_wconf 90' lang='lat' dir='ltr'><strong>ii</strong></span> <span class='ocrx_word' id='word_1_352' title='bbox 1213 5622 1627 5693; x_wconf 88' lang='lat' dir='ltr'><strong>deprehendere</strong></span> <span class='ocrx_word' id='word_1_353' title='bbox 1677 5639 1801 5692; x_wconf 59' lang='lat' dir='ltr'><strong>pos»</strong></span> 
     </span>
    </p>
   </div>
   <div class='ocr_carea' id='block_1_60' title="bbox 302 5799 892 5873">
    <p class='ocr_par' dir='ltr' id='par_1_60' title="bbox 302 5799 892 5873">
     <span class='ocr_line' id='line_1_60' title="bbox 302 5799 892 5873; baseline 0.007 -20"><span class='ocrx_word' id='word_1_354' title='bbox 302 5799 351 5833; x_wconf 77' lang='lat'>“</span> <span class='ocrx_word' id='word_1_355' title='bbox 383 5800 541 5856; x_wconf 81' lang='lat' dir='ltr'><strong>Rom.</strong></span> <span class='ocrx_word' id='word_1_356' title='bbox 571 5816 646 5866; x_wconf 76' lang='lat' dir='ltr'><strong>vr,</strong></span> <span class='ocrx_word' id='word_1_357' title='bbox 680 5800 712 5855; x_wconf 77' lang='lat'><strong>3</strong></span> <span class='ocrx_word' id='word_1_358' title='bbox 742 5818 892 5873; x_wconf 84' lang='lat' dir='ltr'><strong>seqq.</strong></span> 
     </span>
    </p>
   </div>
   <div class='ocr_carea' id='block_1_61' title="bbox 1953 612 3522 697">
    <p class='ocr_par' dir='ltr' id='par_1_61' title="bbox 1953 612 3522 697">
     <span class='ocr_line' id='line_1_61' title="bbox 1953 612 3522 697; baseline 0.017 -30"><span class='ocrx_word' id='word_1_359' title='bbox 1953 612 2057 667; x_wconf 89' lang='lat' dir='ltr'><strong>Ubi</strong></span> <span class='ocrx_word' id='word_1_360' title='bbox 2082 615 2228 670; x_wconf 90' lang='lat' dir='ltr'><strong>enim</strong></span> <span class='ocrx_word' id='word_1_361' title='bbox 2252 617 2474 687; x_wconf 87' lang='lat' dir='ltr'><strong>paulum</strong></span> <span class='ocrx_word' id='word_1_362' title='bbox 2531 635 2851 692; x_wconf 86' lang='lat' dir='ltr'><strong>progressus</strong></span> <span class='ocrx_word' id='word_1_363' title='bbox 2899 634 3006 692; x_wconf 89' lang='lat' dir='ltr'><strong>est,</strong></span> <span class='ocrx_word' id='word_1_364' title='bbox 3054 628 3252 686; x_wconf 86' lang='lat' dir='ltr'><strong>Filium</strong></span> <span class='ocrx_word' id='word_1_365' title='bbox 3284 632 3522 697; x_wconf 78' lang='lat' dir='ltr'><strong>hominis</strong></span> 
     </span>
    </p>
   </div>
   <div class='ocr_carea' id='block_1_62' title="bbox 1952 706 3518 790">
    <p class='ocr_par' dir='ltr' id='par_1_62' title="bbox 1952 706 3518 790">
     <span class='ocr_line' id='line_1_62' title="bbox 1952 706 3518 790; baseline 0.017 -35"><span class='ocrx_word' id='word_1_366' title='bbox 1952 714 2107 759; x_wconf 85' lang='lat' dir='ltr'><strong>vocat</strong></span> <span class='ocrx_word' id='word_1_367' title='bbox 2127 706 2524 765; x_wconf 81' lang='lat' dir='ltr'><strong>Universorum</strong></span> <span class='ocrx_word' id='word_1_368' title='bbox 2563 711 3006 785; x_wconf 80' lang='lat' dir='ltr'><strong>Propagatorem,</strong></span> <span class='ocrx_word' id='word_1_369' title='bbox 3043 736 3208 790; x_wconf 86' lang='lat' dir='ltr'><strong>quem</strong></span> <span class='ocrx_word' id='word_1_370' title='bbox 3233 739 3397 781; x_wconf 89' lang='lat' dir='ltr'><strong>nemo</strong></span> <span class='ocrx_word' id='word_1_371' title='bbox 3424 743 3518 781; x_wconf 85' lang='lat' dir='ltr'><strong>co-</strong></span> 
     </span>
    </p>
   </div>
   <div class='ocr_carea' id='block_1_63' title="bbox 1949 796 3522 879">
    <p class='ocr_par' dir='ltr' id='par_1_63' title="bbox 1949 796 3522 879">
     <span class='ocr_line' id='line_1_63' title="bbox 1949 796 3522 879; baseline 0.017 -32"><span class='ocrx_word' id='word_1_372' title='bbox 1949 796 2213 865; x_wconf 84' lang='lat' dir='ltr'><strong>gitatione</strong></span> <span class='ocrx_word' id='word_1_373' title='bbox 2246 801 2534 870; x_wconf 86' lang='lat' dir='ltr'><strong>percipere</strong></span> <span class='ocrx_word' id='word_1_374' title='bbox 2576 814 2763 873; x_wconf 84' lang='lat' dir='ltr'><strong>queat,</strong></span> <span class='ocrx_word' id='word_1_375' title='bbox 2798 823 2971 879; x_wconf 87' lang='lat' dir='ltr'><strong>eaque</strong></span> <span class='ocrx_word' id='word_1_376' title='bbox 3009 810 3080 867; x_wconf 87' lang='lat' dir='ltr'><strong>de</strong></span> <span class='ocrx_word' id='word_1_377' title='bbox 3135 802 3301 871; x_wconf 87' lang='lat' dir='ltr'><strong>causa</strong></span> <span class='ocrx_word' id='word_1_378' title='bbox 3357 815 3522 871; x_wconf 89' lang='lat' dir='ltr'><strong>Chri-</strong></span> 
     </span>
    </p>
   </div>
   <div class='ocr_carea' id='block_1_64' title="bbox 1949 889 3520 975">
    <p class='ocr_par' dir='ltr' id='par_1_64' title="bbox 1949 889 3520 975">
     <span class='ocr_line' id='line_1_64' title="bbox 1949 889 3520 975; baseline 0.015 -36"><span class='ocrx_word' id='word_1_379' title='bbox 1949 900 2090 941; x_wconf 84' lang='lat' dir='ltr'><strong>s&#39;um</strong></span> <span class='ocrx_word' id='word_1_380' title='bbox 2113 889 2353 957; x_wconf 88' lang='lat' dir='ltr'><strong>seipsum</strong></span> <span class='ocrx_word' id='word_1_381' title='bbox 2385 892 2625 949; x_wconf 81' lang='lat' dir='ltr'><strong>hominis</strong></span> <span class='ocrx_word' id='word_1_382' title='bbox 2657 896 2855 952; x_wconf 82' lang='lat' dir='ltr'><strong>Filium</strong></span> <span class='ocrx_word' id='word_1_383' title='bbox 2896 902 2954 956; x_wconf 93' lang='lat' dir='ltr'><strong>in</strong></span> <span class='ocrx_word' id='word_1_384' title='bbox 2986 900 3294 975; x_wconf 81' lang='lat' dir='ltr'><strong>Evangeliis</strong></span> <span class='ocrx_word' id='word_1_385' title='bbox 3320 922 3520 963; x_wconf 83' lang='lat' dir='ltr'><strong>vocare</strong></span> 
     </span>
    </p>
   </div>
   <div class='ocr_carea' id='block_1_65' title="bbox 1946 981 3520 1062">
    <p class='ocr_par' dir='ltr' id='par_1_65' title="bbox 1946 981 3520 1062">
     <span class='ocr_line' id='line_1_65' title="bbox 1946 981 3520 1062; baseline 0.017 -32"><span class='ocrx_word' id='word_1_386' title='bbox 1946 981 2165 1044; x_wconf 87' lang='lat' dir='ltr'><strong>asserit,</strong></span> <span class='ocrx_word' id='word_1_387' title='bbox 2206 998 2308 1037; x_wconf 90' lang='lat' dir='ltr'><strong>nec</strong></span> <span class='ocrx_word' id='word_1_388' title='bbox 2332 984 2548 1040; x_wconf 89' lang='lat' dir='ltr'><strong>interim</strong></span> <span class='ocrx_word' id='word_1_389' title='bbox 2588 990 2896 1060; x_wconf 86' lang='lat' dir='ltr'><strong>conjectare</strong></span> <span class='ocrx_word' id='word_1_390' title='bbox 2923 1003 3121 1062; x_wconf 87' lang='lat' dir='ltr'><strong>potest,</strong></span> <span class='ocrx_word' id='word_1_391' title='bbox 3156 998 3325 1053; x_wconf 90' lang='lat' dir='ltr'><strong>Deum</strong></span> <span class='ocrx_word' id='word_1_392' title='bbox 3386 1000 3520 1057; x_wconf 82' lang='lat' dir='ltr'><strong>Ver-</strong></span> 
     </span>
    </p>
   </div>
   <div class='ocr_carea' id='block_1_66' title="bbox 1949 1068 3517 1155">
    <p class='ocr_par' dir='ltr' id='par_1_66' title="bbox 1949 1068 3517 1155">
     <span class='ocr_line' id='line_1_66' title="bbox 1949 1068 3517 1155; baseline 0.017 -33"><span class='ocrx_word' id='word_1_393' title='bbox 1949 1068 2076 1124; x_wconf 90' lang='lat' dir='ltr'><strong>bum</strong></span> <span class='ocrx_word' id='word_1_394' title='bbox 2106 1071 2427 1129; x_wconf 87' lang='lat' dir='ltr'><strong>Creatorem</strong></span> <span class='ocrx_word' id='word_1_395' title='bbox 2457 1077 2762 1145; x_wconf 83' lang='lat' dir='ltr'><strong>hominum,</strong></span> <span class='ocrx_word' id='word_1_396' title='bbox 2796 1092 2851 1135; x_wconf 88' lang='lat' dir='ltr'><strong>at</strong></span> <span class='ocrx_word' id='word_1_397' title='bbox 2886 1099 2995 1139; x_wconf 92' lang='lat' dir='ltr'><strong>non</strong></span> <span class='ocrx_word' id='word_1_398' title='bbox 3020 1085 3299 1144; x_wconf 90' lang='lat' dir='ltr'><strong>hominem</strong></span> <span class='ocrx_word' id='word_1_399' title='bbox 3323 1090 3517 1155; x_wconf 86' lang='lat' dir='ltr'><strong>fuisse,</strong></span> 
     </span>
    </p>
   </div>
   <div class='ocr_carea' id='block_1_67' title="bbox 1946 1165 3516 1244">
    <p class='ocr_par' dir='ltr' id='par_1_67' title="bbox 1946 1165 3516 1244">
     <span class='ocr_line' id='line_1_67' title="bbox 1946 1165 3516 1244; baseline 0.015 -28"><span class='ocrx_word' id='word_1_400' title='bbox 1946 1165 2037 1231; x_wconf 93' lang='lat' dir='ltr'><strong>qui</strong></span> <span class='ocrx_word' id='word_1_401' title='bbox 2073 1166 2291 1221; x_wconf 91' lang='lat' dir='ltr'><strong>tandem</strong></span> <span class='ocrx_word' id='word_1_402' title='bbox 2340 1168 2681 1226; x_wconf 84' lang='lat' dir='ltr'><strong>humanitate</strong></span> <span class='ocrx_word' id='word_1_403' title='bbox 2709 1172 2982 1231; x_wconf 84' lang='lat' dir='ltr'><strong>divinitati</strong></span> <span class='ocrx_word' id='word_1_404' title='bbox 3036 1181 3344 1244; x_wconf 87' lang='lat' dir='ltr'><strong>commista.</strong></span> <span class='ocrx_word' id='word_1_405' title='bbox 3372 1199 3516 1240; x_wconf 85' lang='lat' dir='ltr'><strong>unus</strong></span> 
     </span>
    </p>
   </div>
   <div class='ocr_carea' id='block_1_68' title="bbox 1947 1255 3516 1342">
    <p class='ocr_par' dir='ltr' id='par_1_68' title="bbox 1947 1255 3516 1342">
     <span class='ocr_line' id='line_1_68' title="bbox 1947 1255 3516 1342; baseline 0.014 -35"><span class='ocrx_word' id='word_1_406' title='bbox 1947 1255 2202 1326; x_wconf 79' lang='lat' dir='ltr'><strong>idemque</strong></span> <span class='ocrx_word' id='word_1_407' title='bbox 2231 1258 2404 1315; x_wconf 86' lang='lat' dir='ltr'><strong>Filius</strong></span> <span class='ocrx_word' id='word_1_408' title='bbox 2422 1260 2712 1328; x_wconf 85' lang='lat' dir='ltr'><strong>Altissimi,</strong></span> <span class='ocrx_word' id='word_1_409' title='bbox 2742 1274 2799 1319; x_wconf 92' lang='lat' dir='ltr'><strong>et</strong></span> <span class='ocrx_word' id='word_1_410' title='bbox 2818 1265 2993 1322; x_wconf 82' lang='lat' dir='ltr'><strong>Filius</strong></span> <span class='ocrx_word' id='word_1_411' title='bbox 3020 1269 3261 1327; x_wconf 88' lang='lat' dir='ltr'><strong>hominis</strong></span> <span class='ocrx_word' id='word_1_412' title='bbox 3289 1273 3516 1342; x_wconf 74' lang='lat' dir='ltr'><strong>dicitur,</strong></span> 
     </span>
    </p>
   </div>
   <div class='ocr_carea' id='block_1_69' title="bbox 1948 1347 3519 1423">
    <p class='ocr_par' dir='ltr' id='par_1_69' title="bbox 1948 1347 3519 1423">
     <span class='ocr_line' id='line_1_69' title="bbox 1948 1347 3519 1423; baseline 0.011 -25"><span class='ocrx_word' id='word_1_413' title='bbox 1948 1347 2112 1400; x_wconf 88' lang='lat' dir='ltr'><strong>unius</strong></span> <span class='ocrx_word' id='word_1_414' title='bbox 2138 1347 2501 1420; x_wconf 83' lang='lat' dir='ltr'><strong>hypostaseos</strong></span> <span class='ocrx_word' id='word_1_415' title='bbox 2532 1355 2764 1418; x_wconf 87' lang='lat' dir='ltr'><strong>ratione,</strong></span> <span class='ocrx_word' id='word_1_416' title='bbox 2797 1370 2919 1423; x_wconf 68' lang='lat' dir='ltr'><strong>quae</strong></span> <span class='ocrx_word' id='word_1_417' title='bbox 2952 1357 3170 1414; x_wconf 85' lang='lat' dir='ltr'><strong>duabus</strong></span> <span class='ocrx_word' id='word_1_418' title='bbox 3194 1377 3259 1416; x_wconf 81' lang='lat' dir='ltr'><strong>ex</strong></span> <span class='ocrx_word' id='word_1_419' title='bbox 3303 1370 3519 1417; x_wconf 72' lang='lat' dir='ltr'><strong>naturis</strong></span> 
     </span>
    </p>
   </div>
   <div class='ocr_carea' id='block_1_70' title="bbox 1949 1435 3518 1523">
    <p class='ocr_par' dir='ltr' id='par_1_70' title="bbox 1949 1435 3518 1523">
     <span class='ocr_line' id='line_1_70' title="bbox 1949 1435 3518 1523; baseline 0.013 -36"><span class='ocrx_word' id='word_1_420' title='bbox 1949 1435 2022 1488; x_wconf 89' lang='lat' dir='ltr'><strong>ita</strong></span> <span class='ocrx_word' id='word_1_421' title='bbox 2055 1438 2297 1505; x_wconf 83' lang='lat' dir='ltr'><strong>perfecta</strong></span> <span class='ocrx_word' id='word_1_422' title='bbox 2348 1449 2455 1503; x_wconf 87' lang='lat' dir='ltr'><strong>est,</strong></span> <span class='ocrx_word' id='word_1_423' title='bbox 2496 1451 2554 1495; x_wconf 91' lang='lat' dir='ltr'><strong>ut</strong></span> <span class='ocrx_word' id='word_1_424' title='bbox 2606 1444 2907 1512; x_wconf 87' lang='lat' dir='ltr'><strong>composita</strong></span> <span class='ocrx_word' id='word_1_425' title='bbox 2934 1446 3025 1511; x_wconf 90' lang='lat' dir='ltr'><strong>sit,</strong></span> <span class='ocrx_word' id='word_1_426' title='bbox 3089 1450 3353 1518; x_wconf 91' lang='lat' dir='ltr'><strong>quoniam</strong></span> <span class='ocrx_word' id='word_1_427' title='bbox 3395 1462 3518 1523; x_wconf 74' lang='lat' dir='ltr'><strong>post</strong></span> 
     </span>
    </p>
   </div>
   <div class='ocr_carea' id='block_1_71' title="bbox 1948 1528 3516 1612">
    <p class='ocr_par' dir='ltr' id='par_1_71' title="bbox 1948 1528 3516 1612">
     <span class='ocr_line' id='line_1_71' title="bbox 1948 1528 3516 1612; baseline 0.016 -35"><span class='ocrx_word' id='word_1_428' title='bbox 1948 1528 2399 1593; x_wconf 77' lang='lat' dir='ltr'><strong>conjunctionem</strong></span> <span class='ocrx_word' id='word_1_429' title='bbox 2452 1546 2559 1585; x_wconf 87' lang='lat' dir='ltr'><strong>una</strong></span> <span class='ocrx_word' id='word_1_430' title='bbox 2594 1535 2646 1587; x_wconf 91' lang='lat' dir='ltr'><strong>in</strong></span> <span class='ocrx_word' id='word_1_431' title='bbox 2686 1535 2962 1605; x_wconf 73' lang='lat' dir='ltr'><strong>hypostasi</strong></span> <span class='ocrx_word' id='word_1_432' title='bbox 2996 1544 3319 1612; x_wconf 90' lang='lat' dir='ltr'><strong>composita,</strong></span> <span class='ocrx_word' id='word_1_433' title='bbox 3382 1561 3516 1610; x_wconf 84' lang='lat' dir='ltr'><strong>uno,</strong></span> 
     </span>
    </p>
   </div>
   <div class='ocr_carea' id='block_1_72' title="bbox 1948 1617 3517 1701">
    <p class='ocr_par' dir='ltr' id='par_1_72' title="bbox 1948 1617 3517 1701">
     <span class='ocr_line' id='line_1_72' title="bbox 1948 1617 3517 1701; baseline 0.017 -34"><span class='ocrx_word' id='word_1_434' title='bbox 1948 1617 2195 1682; x_wconf 84' lang='lat' dir='ltr'><strong>inquam,</strong></span> <span class='ocrx_word' id='word_1_435' title='bbox 2232 1619 2453 1675; x_wconf 89' lang='lat' dir='ltr'><strong>Christo</strong></span> <span class='ocrx_word' id='word_1_436' title='bbox 2478 1664 2491 1684; x_wconf 94' lang='lat'><strong>,</strong></span> <span class='ocrx_word' id='word_1_437' title='bbox 2557 1634 2765 1680; x_wconf 73' lang='lat' dir='ltr'><strong>natura:</strong></span> <span class='ocrx_word' id='word_1_438' title='bbox 2793 1630 2953 1683; x_wconf 73' lang='lat' dir='ltr'><strong>salvae</strong></span> <span class='ocrx_word' id='word_1_439' title='bbox 2995 1646 3314 1701; x_wconf 87' lang='lat' dir='ltr'><strong>supersunt,</strong></span> <span class='ocrx_word' id='word_1_440' title='bbox 3343 1640 3517 1693; x_wconf 90' lang='lat' dir='ltr'><strong>nihilo</strong></span> 
     </span>
    </p>
   </div>
   <div class='ocr_carea' id='block_1_73' title="bbox 1944 1708 3513 1795">
    <p class='ocr_par' dir='ltr' id='par_1_73' title="bbox 1944 1708 3513 1795">
     <span class='ocr_line' id='line_1_73' title="bbox 1944 1708 3513 1795; baseline 0.017 -37"><span class='ocrx_word' id='word_1_441' title='bbox 1944 1708 2126 1759; x_wconf 79' lang='lat' dir='ltr'><strong>secius</strong></span> <span class='ocrx_word' id='word_1_442' title='bbox 2180 1720 2343 1778; x_wconf 88' lang='lat' dir='ltr'><strong>atque</strong></span> <span class='ocrx_word' id='word_1_443' title='bbox 2397 1717 2675 1769; x_wconf 74' lang='lat' dir='ltr'><strong>naturales</strong></span> <span class='ocrx_word' id='word_1_444' title='bbox 2748 1720 3068 1774; x_wconf 86' lang='lat' dir='ltr'><strong>earumdem</strong></span> <span class='ocrx_word' id='word_1_445' title='bbox 3123 1728 3513 1795; x_wconf 66' lang='lat' dir='ltr'><strong>proprietates;</strong></span> 
     </span>
    </p>
   </div>
   <div class='ocr_carea' id='block_1_74' title="bbox 1949 1799 3513 1873">
    <p class='ocr_par' dir='ltr' id='par_1_74' title="bbox 1949 1799 3513 1873">
     <span class='ocr_line' id='line_1_74' title="bbox 1949 1799 3513 1873; baseline 0.015 -24"><span class='ocrx_word' id='word_1_446' title='bbox 1949 1799 2017 1851; x_wconf 85' lang='lat' dir='ltr'><strong>ita</strong></span> <span class='ocrx_word' id='word_1_447' title='bbox 2056 1812 2113 1851; x_wconf 93' lang='lat' dir='ltr'><strong>ul</strong></span> <span class='ocrx_word' id='word_1_448' title='bbox 2161 1801 2255 1869; x_wconf 89' lang='lat' dir='ltr'><strong>qui</strong></span> <span class='ocrx_word' id='word_1_449' title='bbox 2285 1800 2568 1858; x_wconf 88' lang='lat' dir='ltr'><strong>Christum</strong></span> <span class='ocrx_word' id='word_1_450' title='bbox 2620 1809 2892 1873; x_wconf 89' lang='lat' dir='ltr'><strong>enuntiat,</strong></span> <span class='ocrx_word' id='word_1_451' title='bbox 2920 1812 3156 1867; x_wconf 89' lang='lat' dir='ltr'><strong>duarum</strong></span> <span class='ocrx_word' id='word_1_452' title='bbox 3190 1826 3513 1873; x_wconf 88' lang='lat' dir='ltr'><strong>naturarunt</strong></span> 
     </span>
    </p>
   </div>
   <div class='ocr_carea' id='block_1_75' title="bbox 1942 1892 3511 1976">
    <p class='ocr_par' dir='ltr' id='par_1_75' title="bbox 1942 1892 3511 1976">
     <span class='ocr_line' id='line_1_75' title="bbox 1942 1892 3511 1976; baseline 0.015 -35"><span class='ocrx_word' id='word_1_453' title='bbox 1942 1892 2388 1960; x_wconf 89' lang='lat' dir='ltr'><strong>conjunctionem</strong></span> <span class='ocrx_word' id='word_1_454' title='bbox 2445 1897 2738 1965; x_wconf 88' lang='lat' dir='ltr'><strong>perspicue</strong></span> <span class='ocrx_word' id='word_1_455' title='bbox 2786 1901 3078 1970; x_wconf 80' lang='lat' dir='ltr'><strong>signiticet.</strong></span> <span class='ocrx_word' id='word_1_456' title='bbox 3131 1905 3311 1976; x_wconf 86' lang='lat' dir='ltr'><strong>Atque</strong></span> <span class='ocrx_word' id='word_1_457' title='bbox 3341 1909 3511 1965; x_wconf 90' lang='lat' dir='ltr'><strong>Deum</strong></span> 
     </span>
    </p>
   </div>
   <div class='ocr_carea' id='block_1_76' title="bbox 1942 1988 3513 2063">
    <p class='ocr_par' dir='ltr' id='par_1_76' title="bbox 1942 1988 3513 2063">
     <span class='ocr_line' id='line_1_76' title="bbox 1942 1988 3513 2063; baseline 0.015 -33"><span class='ocrx_word' id='word_1_458' title='bbox 1942 1994 2106 2033; x_wconf 83' lang='lat' dir='ltr'><strong>carne</strong></span> <span class='ocrx_word' id='word_1_459' title='bbox 2135 1996 2379 2049; x_wconf 88' lang='lat' dir='ltr'><strong>passum.</strong></span> <span class='ocrx_word' id='word_1_460' title='bbox 2411 1994 2468 2037; x_wconf 90' lang='lat' dir='ltr'><strong>et</strong></span> <span class='ocrx_word' id='word_1_461' title='bbox 2505 2001 2729 2040; x_wconf 88' lang='lat' dir='ltr'><strong>carnem</strong></span> <span class='ocrx_word' id='word_1_462' title='bbox 2776 1988 2942 2044; x_wconf 84' lang='lat' dir='ltr'><strong>Verbi</strong></span> <span class='ocrx_word' id='word_1_463' title='bbox 2976 1995 3196 2063; x_wconf 86' lang='lat' dir='ltr'><strong>propria</strong></span> <span class='ocrx_word' id='word_1_464' title='bbox 3228 1998 3283 2050; x_wconf 91' lang='lat' dir='ltr'><strong>in</strong></span> <span class='ocrx_word' id='word_1_465' title='bbox 3313 2008 3513 2055; x_wconf 86' lang='lat' dir='ltr'><strong>natura</strong></span> 
     </span>
    </p>
   </div>
   <div class='ocr_carea' id='block_1_77' title="bbox 1941 2074 3508 2152">
    <p class='ocr_par' dir='ltr' id='par_1_77' title="bbox 1941 2074 3508 2152">
     <span class='ocr_line' id='line_1_77' title="bbox 1941 2074 3508 2152; baseline 0.015 -29"><span class='ocrx_word' id='word_1_466' title='bbox 1941 2087 2178 2140; x_wconf 85' lang='lat' dir='ltr'><strong>passam,</strong></span> <span class='ocrx_word' id='word_1_467' title='bbox 2208 2074 2450 2143; x_wconf 88' lang='lat' dir='ltr'><strong>denique</strong></span> <span class='ocrx_word' id='word_1_468' title='bbox 2483 2076 2769 2131; x_wconf 90' lang='lat' dir='ltr'><strong>Dominum</strong></span> <span class='ocrx_word' id='word_1_469' title='bbox 2800 2081 2988 2150; x_wconf 78' lang='lat' dir='ltr'><strong>gloriae</strong></span> <span class='ocrx_word' id='word_1_470' title='bbox 3011 2086 3335 2143; x_wconf 82' lang='lat' dir='ltr'><strong>crucifixum</strong></span> <span class='ocrx_word' id='word_1_471' title='bbox 3365 2106 3508 2152; x_wconf 85' lang='lat' dir='ltr'><strong>esse.</strong></span> 
     </span>
    </p>
   </div>
   <div class='ocr_carea' id='block_1_78' title="bbox 1941 2173 3507 2244">
    <p class='ocr_par' dir='ltr' id='par_1_78' title="bbox 1941 2173 3507 2244">
     <span class='ocr_line' id='line_1_78' title="bbox 1941 2173 3507 2244; baseline 0.015 -30"><span class='ocrx_word' id='word_1_472' title='bbox 1941 2173 2168 2234; x_wconf 87' lang='lat' dir='ltr'><strong>propter</strong></span> <span class='ocrx_word' id='word_1_473' title='bbox 2198 2182 2467 2221; x_wconf 86' lang='lat' dir='ltr'><strong>summam</strong></span> <span class='ocrx_word' id='word_1_474' title='bbox 2496 2178 2820 2225; x_wconf 82' lang='lat' dir='ltr'><strong>naturarum</strong></span> <span class='ocrx_word' id='word_1_475' title='bbox 2861 2174 3316 2244; x_wconf 88' lang='lat' dir='ltr'><strong>conjunctionem</strong></span> <span class='ocrx_word' id='word_1_476' title='bbox 3366 2183 3507 2237; x_wconf 81' lang='lat' dir='ltr'><strong>dici~</strong></span> 
     </span>
    </p>
   </div>
   <div class='ocr_carea' id='block_1_79' title="bbox 1942 2257 3507 2339">
    <p class='ocr_par' dir='ltr' id='par_1_79' title="bbox 1942 2257 3507 2339">
     <span class='ocr_line' id='line_1_79' title="bbox 1942 2257 3507 2339; baseline 0.015 -33"><span class='ocrx_word' id='word_1_477' title='bbox 1942 2271 2082 2310; x_wconf 77' lang='lat' dir='ltr'><strong>nius.</strong></span> <span class='ocrx_word' id='word_1_478' title='bbox 2128 2257 2192 2311; x_wconf 86' lang='lat' dir='ltr'><strong>Et</strong></span> <span class='ocrx_word' id='word_1_479' title='bbox 2224 2259 2338 2312; x_wconf 58' lang='lat' dir='ltr'><strong>hac</strong></span> <span class='ocrx_word' id='word_1_480' title='bbox 2372 2261 2462 2314; x_wconf 91' lang='lat' dir='ltr'><strong>illa</strong></span> <span class='ocrx_word' id='word_1_481' title='bbox 2484 2274 2563 2316; x_wconf 85' lang='lat' dir='ltr'><strong>est</strong></span> <span class='ocrx_word' id='word_1_482' title='bbox 2596 2263 2941 2321; x_wconf 88' lang='lat' dir='ltr'><strong>Theandrica</strong></span> <span class='ocrx_word' id='word_1_483' title='bbox 2967 2270 3215 2339; x_wconf 88' lang='lat' dir='ltr'><strong>energia,</strong></span> <span class='ocrx_word' id='word_1_484' title='bbox 3269 2272 3375 2327; x_wconf 89' lang='lat' dir='ltr'><strong>hoc</strong></span> <span class='ocrx_word' id='word_1_485' title='bbox 3403 2285 3507 2339; x_wconf 78' lang='lat' dir='ltr'><strong>est,</strong></span> 
     </span>
    </p>
   </div>
   <div class='ocr_carea' id='block_1_80' title="bbox 1940 2344 3507 2429">
    <p class='ocr_par' dir='ltr' id='par_1_80' title="bbox 1940 2344 3507 2429">
     <span class='ocr_line' id='line_1_80' title="bbox 1940 2344 3507 2429; baseline 0.015 -32"><span class='ocrx_word' id='word_1_486' title='bbox 1940 2344 2034 2399; x_wconf 90' lang='lat' dir='ltr'><strong>Dei</strong></span> <span class='ocrx_word' id='word_1_487' title='bbox 2068 2356 2123 2399; x_wconf 89' lang='lat' dir='ltr'><strong>et</strong></span> <span class='ocrx_word' id='word_1_488' title='bbox 2157 2347 2397 2405; x_wconf 90' lang='lat' dir='ltr'><strong>hominis</strong></span> <span class='ocrx_word' id='word_1_489' title='bbox 2450 2355 2719 2422; x_wconf 87' lang='lat' dir='ltr'><strong>operatio.</strong></span> <span class='ocrx_word' id='word_1_490' title='bbox 2773 2357 3135 2429; x_wconf 87' lang='lat' dir='ltr'><strong>Posteaquam</strong></span> <span class='ocrx_word' id='word_1_491' title='bbox 3183 2366 3330 2417; x_wconf 92' lang='lat' dir='ltr'><strong>enim</strong></span> <span class='ocrx_word' id='word_1_492' title='bbox 3364 2366 3507 2421; x_wconf 86' lang='lat' dir='ltr'><strong>Deus</strong></span> 
     </span>
    </p>
   </div>
   <div class='ocr_carea' id='block_1_81' title="bbox 1940 2438 3507 2523">
    <p class='ocr_par' dir='ltr' id='par_1_81' title="bbox 1940 2438 3507 2523">
     <span class='ocr_line' id='line_1_81' title="bbox 1940 2438 3507 2523; baseline 0.015 -32"><span class='ocrx_word' id='word_1_493' title='bbox 1940 2438 2111 2493; x_wconf 91' lang='lat' dir='ltr'><strong>homo</strong></span> <span class='ocrx_word' id='word_1_494' title='bbox 2147 2439 2328 2496; x_wconf 87' lang='lat' dir='ltr'><strong>factus</strong></span> <span class='ocrx_word' id='word_1_495' title='bbox 2366 2454 2473 2510; x_wconf 89' lang='lat' dir='ltr'><strong>est,</strong></span> <span class='ocrx_word' id='word_1_496' title='bbox 2514 2456 2566 2501; x_wconf 90' lang='lat' dir='ltr'><strong>et</strong></span> <span class='ocrx_word' id='word_1_497' title='bbox 2596 2447 2835 2503; x_wconf 86' lang='lat' dir='ltr'><strong>humana</strong></span> <span class='ocrx_word' id='word_1_498' title='bbox 2865 2453 2985 2522; x_wconf 85' lang='lat' dir='ltr'><strong>ejus</strong></span> <span class='ocrx_word' id='word_1_499' title='bbox 3047 2456 3296 2523; x_wconf 88' lang='lat' dir='ltr'><strong>operatio</strong></span> <span class='ocrx_word' id='word_1_500' title='bbox 3326 2457 3507 2514; x_wconf 83' lang='lat' dir='ltr'><strong>divina</strong></span> 
     </span>
    </p>
   </div>
   <div class='ocr_carea' id='block_1_82' title="bbox 1934 2531 3505 2620">
    <p class='ocr_par' dir='ltr' id='par_1_82' title="bbox 1934 2531 3505 2620">
     <span class='ocr_line' id='line_1_82' title="bbox 1934 2531 3505 2620; baseline 0.017 -40"><span class='ocrx_word' id='word_1_501' title='bbox 1934 2535 2071 2584; x_wconf 86' lang='lat' dir='ltr'><strong>erat.</strong></span> <span class='ocrx_word' id='word_1_502' title='bbox 2113 2544 2212 2585; x_wconf 89' lang='lat' dir='ltr'><strong>seu</strong></span> <span class='ocrx_word' id='word_1_503' title='bbox 2263 2531 2539 2596; x_wconf 79' lang='lat' dir='ltr'><strong>deiﬁcata,</strong></span> <span class='ocrx_word' id='word_1_504' title='bbox 2608 2553 2710 2594; x_wconf 89' lang='lat' dir='ltr'><strong>nec</strong></span> <span class='ocrx_word' id='word_1_505' title='bbox 2752 2540 2954 2596; x_wconf 68' lang='lat' dir='ltr'><strong>divinae</strong></span> <span class='ocrx_word' id='word_1_506' title='bbox 3003 2548 3351 2614; x_wconf 79' lang='lat' dir='ltr'><strong>operationis</strong></span> <span class='ocrx_word' id='word_1_507' title='bbox 3383 2552 3505 2620; x_wconf 82' lang='lat' dir='ltr'><strong>ejus</strong></span> 
     </span>
    </p>
   </div>
   <div class='ocr_carea' id='block_1_83' title="bbox 1936 2624 3506 2702">
    <p class='ocr_par' dir='ltr' id='par_1_83' title="bbox 1936 2624 3506 2702">
     <span class='ocr_line' id='line_1_83' title="bbox 1936 2624 3506 2702; baseline 0.018 -32"><span class='ocrx_word' id='word_1_508' title='bbox 1936 2633 2134 2692; x_wconf 75' lang='lat' dir='ltr'><strong>expers</strong></span> <span class='ocrx_word' id='word_1_509' title='bbox 2166 2635 2181 2676; x_wconf 88' lang='lat'><strong>:</strong></span> <span class='ocrx_word' id='word_1_510' title='bbox 2205 2633 2373 2694; x_wconf 87' lang='lat' dir='ltr'><strong>atque</strong></span> <span class='ocrx_word' id='word_1_511' title='bbox 2402 2624 2591 2680; x_wconf 77' lang='lat' dir='ltr'><strong>divina</strong></span> <span class='ocrx_word' id='word_1_512' title='bbox 2619 2629 2859 2685; x_wconf 78' lang='lat' dir='ltr'><strong>vicissim</strong></span> <span class='ocrx_word' id='word_1_513' title='bbox 2900 2636 3147 2702; x_wconf 82' lang='lat' dir='ltr'><strong>operatio</strong></span> <span class='ocrx_word' id='word_1_514' title='bbox 3170 2637 3239 2692; x_wconf 89' lang='lat' dir='ltr'><strong>ab</strong></span> <span class='ocrx_word' id='word_1_515' title='bbox 3270 2639 3506 2700; x_wconf 89' lang='lat' dir='ltr'><strong>humana</strong></span> 
     </span>
    </p>
   </div>
   <div class='ocr_carea' id='block_1_84' title="bbox 1940 2715 3505 2795">
    <p class='ocr_par' dir='ltr' id='par_1_84' title="bbox 1940 2715 3505 2795">
     <span class='ocr_line' id='line_1_84' title="bbox 1940 2715 3505 2795; baseline 0.017 -33"><span class='ocrx_word' id='word_1_516' title='bbox 1940 2715 2258 2781; x_wconf 65' lang='lat' dir='ltr'><strong>operatione</strong></span> <span class='ocrx_word' id='word_1_517' title='bbox 2279 2731 2390 2770; x_wconf 92' lang='lat' dir='ltr'><strong>non</strong></span> <span class='ocrx_word' id='word_1_518' title='bbox 2422 2718 2754 2783; x_wconf 73' lang='lat' dir='ltr'><strong>abhorrens,</strong></span> <span class='ocrx_word' id='word_1_519' title='bbox 2793 2722 2887 2775; x_wconf 88' lang='lat' dir='ltr'><strong>sed</strong></span> <span class='ocrx_word' id='word_1_520' title='bbox 2917 2735 3148 2795; x_wconf 86' lang='lat' dir='ltr'><strong>utraque</strong></span> <span class='ocrx_word' id='word_1_521' title='bbox 3178 2743 3306 2782; x_wconf 92' lang='lat' dir='ltr'><strong>cum</strong></span> <span class='ocrx_word' id='word_1_522' title='bbox 3335 2733 3505 2789; x_wconf 87' lang='lat' dir='ltr'><strong>altera</strong></span> 
     </span>
    </p>
   </div>
   <div class='ocr_carea' id='block_1_85' title="bbox 1941 2804 2895 2870">
    <p class='ocr_par' dir='ltr' id='par_1_85' title="bbox 1941 2804 2895 2870">
     <span class='ocr_line' id='line_1_85' title="bbox 1941 2804 2895 2870; baseline 0.017 -17"><span class='ocrx_word' id='word_1_523' title='bbox 1941 2807 2007 2857; x_wconf 73' lang='lat' dir='ltr'><strong>t&#39;ll</strong></span> <span class='ocrx_word' id='word_1_524' title='bbox 2048 2825 2073 2857; x_wconf 65' lang='grc' dir='ltr'>η</span> <span class='ocrx_word' id='word_1_525' title='bbox 2113 2804 2493 2865; x_wconf 77' lang='lat' dir='ltr'><strong>confusionem</strong></span> <span class='ocrx_word' id='word_1_526' title='bbox 2525 2812 2895 2870; x_wconf 83' lang='lat' dir='ltr'><strong>eluccscehat.</strong></span> 
     </span>
    </p>
   </div>
   <div class='ocr_carea' id='block_1_86' title="bbox 2563 2950 2866 3005">
    <p class='ocr_par' dir='ltr' id='par_1_86' title="bbox 2563 2950 2866 3005">
     <span class='ocr_line' id='line_1_86' title="bbox 2563 2950 2866 3005; baseline 0.007 -2"><span class='ocrx_word' id='word_1_527' title='bbox 2563 2950 2718 3003; x_wconf 66' lang='grc' dir='ltr'><strong>(ἎΡ.</strong></span> <span class='ocrx_word' id='word_1_528' title='bbox 2779 2950 2866 3005; x_wconf 74' lang='lat' dir='ltr'><strong>IX.</strong></span> 
     </span>
    </p>
   </div>
   <div class='ocr_carea' id='block_1_87' title="bbox 2074 3057 3357 3139">
    <p class='ocr_par' dir='ltr' id='par_1_87' title="bbox 2074 3057 3357 3139">
     <span class='ocr_line' id='line_1_87' title="bbox 2074 3057 3357 3139; baseline 0.012 -27"><span class='ocrx_word' id='word_1_529' title='bbox 2074 3057 2231 3113; x_wconf 80' lang='lat' dir='ltr'><strong>Nona</strong></span> <span class='ocrx_word' id='word_1_530' title='bbox 2262 3062 2489 3120; x_wconf 69' lang='lat' dir='ltr'><strong>Im&#39;rcsis.</strong></span> <span class='ocrx_word' id='word_1_531' title='bbox 2536 3063 2868 3133; x_wconf 72' lang='lat' dir='ltr'><strong>Ophitarum.</strong></span> <span class='ocrx_word' id='word_1_532' title='bbox 2908 3068 2977 3121; x_wconf 86' lang='lat' dir='ltr'><strong>lli</strong></span> <span class='ocrx_word' id='word_1_533' title='bbox 3002 3068 3357 3139; x_wconf 72' lang='lat' dir='ltr'><strong>baptisantur.</strong></span> 
     </span>
    </p>
   </div>
   <div class='ocr_carea' id='block_1_88' title="bbox 2003 3160 3498 3247">
    <p class='ocr_par' dir='ltr' id='par_1_88' title="bbox 2003 3160 3498 3247">
     <span class='ocr_line' id='line_1_88' title="bbox 2003 3160 3498 3247; baseline 0.016 -31"><span class='ocrx_word' id='word_1_534' title='bbox 2003 3160 2216 3231; x_wconf 74' lang='lat' dir='ltr'><strong>Ophitre</strong></span> <span class='ocrx_word' id='word_1_535' title='bbox 2281 3181 2547 3222; x_wconf 69' lang='lat' dir='ltr'><strong>t&#39;OCalttltr</strong></span> <span class='ocrx_word' id='word_1_536' title='bbox 2624 3189 2651 3224; x_wconf 87' lang='lat' dir='ltr'><strong>a</strong></span> <span class='ocrx_word' id='word_1_537' title='bbox 2717 3184 2993 3243; x_wconf 89' lang='lat' dir='ltr'><strong>serpente,</strong></span> <span class='ocrx_word' id='word_1_538' title='bbox 3066 3194 3229 3247; x_wconf 85' lang='lat' dir='ltr'><strong>quem</strong></span> <span class='ocrx_word' id='word_1_539' title='bbox 3290 3184 3498 3241; x_wconf 89' lang='lat' dir='ltr'><strong>colum.</strong></span> 
     </span>
    </p>
   </div>
   <div class='ocr_carea' id='block_1_89' title="bbox 1858 3225 3499 3341">
    <p class='ocr_par' dir='ltr' id='par_1_89' title="bbox 1858 3225 3499 3341">
     <span class='ocr_line' id='line_1_89' title="bbox 2055 3225 3498 3247; baseline 0.02 -35"><span class='ocrx_word' id='word_1_540' title='bbox 2055 3225 2065 3231; x_wconf 93' lang='lat'>_</span> <span class='ocrx_word' id='word_1_541' title='bbox 2728 3225 2767 3227; x_wconf 46' lang='grc' dir='ltr'><strong><em>η</em></strong></span> <span class='ocrx_word' id='word_1_542' title='bbox 2811 3225 2993 3243; x_wconf 51' lang='grc' dir='ltr'><strong>τμη,</strong></span> <span class='ocrx_word' id='word_1_543' title='bbox 3070 3225 3229 3247; x_wconf 62' lang='grc' dir='ltr'><strong>νη...</strong></span> <span class='ocrx_word' id='word_1_544' title='bbox 3294 3225 3498 3241; x_wconf 57' lang='lat' dir='ltr'><strong>wn...&quot;</strong></span> 
     </span>
     <span class='ocr_line' id='line_1_90' title="bbox 1858 3225 3499 3341; baseline 0.017 -35"><span class='ocrx_word' id='word_1_545' title='bbox 1858 3225 1902 3283; x_wconf 60' lang='grc' dir='ltr'>θ</span> <span class='ocrx_word' id='word_1_546' title='bbox 1934 3255 2102 3311; x_wconf 85' lang='lat' dir='ltr'><strong>Aiunt</strong></span> <span class='ocrx_word' id='word_1_547' title='bbox 2135 3269 2317 3312; x_wconf 90' lang='lat' dir='ltr'><strong>autem</strong></span> <span class='ocrx_word' id='word_1_548' title='bbox 2352 3259 2421 3313; x_wconf 91' lang='lat' dir='ltr'><strong>ab</strong></span> <span class='ocrx_word' id='word_1_549' title='bbox 2448 3258 2645 3325; x_wconf 65' lang='lat' dir='ltr'><strong>)Eone,</strong></span> <span class='ocrx_word' id='word_1_550' title='bbox 2682 3279 2775 3319; x_wconf 89' lang='lat' dir='ltr'><strong>seu</strong></span> <span class='ocrx_word' id='word_1_551' title='bbox 2812 3270 3011 3323; x_wconf 63' lang='lat' dir='ltr'><strong>saeculo</strong></span> <span class='ocrx_word' id='word_1_552' title='bbox 3059 3275 3360 3341; x_wconf 81' lang='lat' dir='ltr'><strong>superiore,</strong></span> <span class='ocrx_word' id='word_1_553' title='bbox 3394 3281 3499 3334; x_wconf 88' lang='lat' dir='ltr'><strong>alia</strong></span> 
     </span>
    </p>
   </div>
   <div class='ocr_carea' id='block_1_90' title="bbox 1930 3347 3495 3424">
    <p class='ocr_par' dir='ltr' id='par_1_90' title="bbox 1930 3347 3495 3424">
     <span class='ocr_line' id='line_1_91' title="bbox 1930 3347 3495 3424; baseline 0.017 -26"><span class='ocrx_word' id='word_1_554' title='bbox 1930 3347 2124 3400; x_wconf 68' lang='lat' dir='ltr'><strong>saecula</strong></span> <span class='ocrx_word' id='word_1_555' title='bbox 2178 3351 2531 3417; x_wconf 85' lang='lat' dir='ltr'><strong>processisse,</strong></span> <span class='ocrx_word' id='word_1_556' title='bbox 2586 3370 2820 3422; x_wconf 89' lang='lat' dir='ltr'><strong>quorum</strong></span> <span class='ocrx_word' id='word_1_557' title='bbox 2881 3358 3126 3414; x_wconf 84' lang='lat' dir='ltr'><strong>infimum</strong></span> <span class='ocrx_word' id='word_1_558' title='bbox 3188 3364 3259 3420; x_wconf 87' lang='lat' dir='ltr'><strong>sit</strong></span> <span class='ocrx_word' id='word_1_559' title='bbox 3313 3367 3495 3424; x_wconf 84' lang='lat' dir='ltr'><strong>Jalda-</strong></span> 
     </span>
    </p>
   </div>
   <div class='ocr_carea' id='block_1_91' title="bbox 1932 3439 3498 3527">
    <p class='ocr_par' dir='ltr' id='par_1_91' title="bbox 1932 3439 3498 3527">
     <span class='ocr_line' id='line_1_92' title="bbox 1932 3439 3498 3527; baseline 0.016 -38"><span class='ocrx_word' id='word_1_560' title='bbox 1932 3439 2210 3502; x_wconf 79' lang='lat' dir='ltr'><strong>baoth,ex</strong></span> <span class='ocrx_word' id='word_1_561' title='bbox 2248 3445 2531 3511; x_wconf 87' lang='lat' dir='ltr'><strong>superiore</strong></span> <span class='ocrx_word' id='word_1_562' title='bbox 2582 3456 2755 3501; x_wconf 88' lang='lat' dir='ltr'><strong>matre</strong></span> <span class='ocrx_word' id='word_1_563' title='bbox 2807 3449 3056 3506; x_wconf 89' lang='lat' dir='ltr'><strong>Pronice.</strong></span> <span class='ocrx_word' id='word_1_564' title='bbox 3117 3453 3272 3511; x_wconf 82' lang='lat' dir='ltr'><strong>Hune</strong></span> <span class='ocrx_word' id='word_1_565' title='bbox 3330 3474 3498 3527; x_wconf 91' lang='lat' dir='ltr'><strong>porro</strong></span> 
     </span>
    </p>
   </div>
   <div class='ocr_carea' id='block_1_92' title="bbox 1927 3530 3498 3615">
    <p class='ocr_par' dir='ltr' id='par_1_92' title="bbox 1927 3530 3498 3615">
     <span class='ocr_line' id='line_1_93' title="bbox 1927 3530 3498 3615; baseline 0.017 -36"><span class='ocrx_word' id='word_1_566' title='bbox 1927 3530 1991 3583; x_wconf 87' lang='lat' dir='ltr'><strong>ad</strong></span> <span class='ocrx_word' id='word_1_567' title='bbox 2023 3531 2207 3586; x_wconf 86' lang='lat' dir='ltr'><strong>infima</strong></span> <span class='ocrx_word' id='word_1_568' title='bbox 2250 3533 2367 3587; x_wconf 88' lang='lat' dir='ltr'><strong>loca</strong></span> <span class='ocrx_word' id='word_1_569' title='bbox 2411 3535 2784 3602; x_wconf 88' lang='lat' dir='ltr'><strong>descendisse,</strong></span> <span class='ocrx_word' id='word_1_570' title='bbox 2845 3541 3033 3611; x_wconf 89' lang='lat' dir='ltr'><strong>ibique</strong></span> <span class='ocrx_word' id='word_1_571' title='bbox 3079 3557 3288 3615; x_wconf 86' lang='lat' dir='ltr'><strong>septem</strong></span> <span class='ocrx_word' id='word_1_572' title='bbox 3355 3552 3498 3605; x_wconf 85' lang='lat' dir='ltr'><strong>filios</strong></span> 
     </span>
    </p>
   </div>
   <div class='ocr_carea' id='block_1_93' title="bbox 1927 3624 3496 3699">
    <p class='ocr_par' dir='ltr' id='par_1_93' title="bbox 1927 3624 3496 3699">
     <span class='ocr_line' id='line_1_94' title="bbox 1927 3624 3496 3699; baseline 0.015 -24"><span class='ocrx_word' id='word_1_573' title='bbox 1927 3624 2201 3691; x_wconf 74' lang='lat' dir='ltr'><strong>genuisse,</strong></span> <span class='ocrx_word' id='word_1_574' title='bbox 2238 3627 2330 3695; x_wconf 87' lang='lat' dir='ltr'><strong>qui</strong></span> <span class='ocrx_word' id='word_1_575' title='bbox 2360 3637 2569 3696; x_wconf 89' lang='lat' dir='ltr'><strong>septem</strong></span> <span class='ocrx_word' id='word_1_576' title='bbox 2606 3630 2710 3683; x_wconf 86' lang='lat' dir='ltr'><strong>sibi</strong></span> <span class='ocrx_word' id='word_1_577' title='bbox 2745 3634 2914 3688; x_wconf 83' lang='lat' dir='ltr'><strong>etelos</strong></span> <span class='ocrx_word' id='word_1_578' title='bbox 2943 3642 3364 3695; x_wconf 77' lang='lat' dir='ltr'><strong>eonstruxerint.</strong></span> <span class='ocrx_word' id='word_1_579' title='bbox 3389 3645 3496 3699; x_wconf 72' lang='lat' dir='ltr'><strong>J.il-&#39;</strong></span> 
     </span>
    </p>
   </div>
   <div class='ocr_carea' id='block_1_94' title="bbox 1926 3713 3494 3799">
    <p class='ocr_par' dir='ltr' id='par_1_94' title="bbox 1926 3713 3494 3799">
     <span class='ocr_line' id='line_1_95' title="bbox 1926 3713 3494 3799; baseline 0.015 -36"><span class='ocrx_word' id='word_1_580' title='bbox 1926 3713 2160 3768; x_wconf 76' lang='lat' dir='ltr'><strong>daliaoth</strong></span> <span class='ocrx_word' id='word_1_581' title='bbox 2213 3716 2431 3779; x_wconf 81' lang='lat' dir='ltr'><strong>deinde,</strong></span> <span class='ocrx_word' id='word_1_582' title='bbox 2465 3735 2628 3788; x_wconf 84' lang='lat' dir='ltr'><strong>quem</strong></span> <span class='ocrx_word' id='word_1_583' title='bbox 2680 3721 3029 3780; x_wconf 75' lang='lat' dir='ltr'><strong>Hebrzeorum</strong></span> <span class='ocrx_word' id='word_1_584' title='bbox 3077 3745 3294 3799; x_wconf 87' lang='lat' dir='ltr'><strong>quoque</strong></span> <span class='ocrx_word' id='word_1_585' title='bbox 3323 3732 3494 3788; x_wconf 89' lang='lat' dir='ltr'><strong>Deum</strong></span> 
     </span>
    </p>
   </div>
   <div class='ocr_carea' id='block_1_95' title="bbox 1924 3807 3491 3891">
    <p class='ocr_par' dir='ltr' id='par_1_95' title="bbox 1924 3807 3491 3891">
     <span class='ocr_line' id='line_1_96' title="bbox 1924 3807 3491 3891; baseline 0.015 -35"><span class='ocrx_word' id='word_1_586' title='bbox 1924 3807 2134 3871; x_wconf 89' lang='lat' dir='ltr'><strong>dicunt,</strong></span> <span class='ocrx_word' id='word_1_587' title='bbox 2181 3809 2421 3879; x_wconf 87' lang='lat' dir='ltr'><strong>seipsum</strong></span> <span class='ocrx_word' id='word_1_588' title='bbox 2452 3827 2617 3881; x_wconf 86' lang='lat' dir='ltr'><strong>supra</strong></span> <span class='ocrx_word' id='word_1_589' title='bbox 2645 3816 3001 3883; x_wconf 83' lang='lat' dir='ltr'><strong>conclusisse,</strong></span> <span class='ocrx_word' id='word_1_590' title='bbox 3031 3836 3099 3874; x_wconf 91' lang='lat' dir='ltr'><strong>ne</strong></span> <span class='ocrx_word' id='word_1_591' title='bbox 3139 3831 3346 3891; x_wconf 88' lang='lat' dir='ltr'><strong>septem</strong></span> <span class='ocrx_word' id='word_1_592' title='bbox 3397 3827 3491 3879; x_wconf 85' lang='lat' dir='ltr'><strong>lilii</strong></span> 
     </span>
    </p>
   </div>
   <div class='ocr_carea' id='block_1_96' title="bbox 1923 3912 3492 3979">
    <p class='ocr_par' dir='ltr' id='par_1_96' title="bbox 1923 3912 3492 3979">
     <span class='ocr_line' id='line_1_97' title="bbox 1923 3912 3492 3979; baseline 0.013 -29"><span class='ocrx_word' id='word_1_593' title='bbox 1923 3913 1986 3951; x_wconf 89' lang='lat' dir='ltr'><strong>ea</strong></span> <span class='ocrx_word' id='word_1_594' title='bbox 2041 3913 2461 3968; x_wconf 79' lang='lat' dir='ltr'><strong>cognoscerent,</strong></span> <span class='ocrx_word' id='word_1_595' title='bbox 2504 3920 2625 3973; x_wconf 69' lang='lat' dir='ltr'><strong>qua:</strong></span> <span class='ocrx_word' id='word_1_596' title='bbox 2678 3921 2843 3975; x_wconf 86' lang='lat' dir='ltr'><strong>supra</strong></span> <span class='ocrx_word' id='word_1_597' title='bbox 2900 3922 2959 3962; x_wconf 88' lang='lat' dir='ltr'><strong>se</strong></span> <span class='ocrx_word' id='word_1_598' title='bbox 3025 3923 3172 3965; x_wconf 91' lang='lat' dir='ltr'><strong>sunt.</strong></span> <span class='ocrx_word' id='word_1_599' title='bbox 3226 3912 3326 3979; x_wconf 90' lang='lat' dir='ltr'><strong>Qui</strong></span> <span class='ocrx_word' id='word_1_600' title='bbox 3367 3932 3492 3970; x_wconf 77' lang='lat' dir='ltr'><strong>mox</strong></span> 
     </span>
    </p>
   </div>
   <div class='ocr_carea' id='block_1_97' title="bbox 1926 3992 3485 4062">
    <p class='ocr_par' dir='ltr' id='par_1_97' title="bbox 1926 3992 3485 4062">
     <span class='ocr_line' id='line_1_98' title="bbox 1926 3992 3485 4062; baseline 0.014 -23"><span class='ocrx_word' id='word_1_601' title='bbox 1926 3992 2199 4045; x_wconf 90' lang='lat' dir='ltr'><strong>hominem</strong></span> <span class='ocrx_word' id='word_1_602' title='bbox 2227 3992 2293 4046; x_wconf 89' lang='lat' dir='ltr'><strong>ad</strong></span> <span class='ocrx_word' id='word_1_603' title='bbox 2323 3995 2493 4062; x_wconf 90' lang='lat' dir='ltr'><strong>patris</strong></span> <span class='ocrx_word' id='word_1_604' title='bbox 2516 3995 2840 4052; x_wconf 76' lang='lat' dir='ltr'><strong>Jaldahaoth</strong></span> <span class='ocrx_word' id='word_1_605' title='bbox 2868 4000 3042 4055; x_wconf 86' lang='lat' dir='ltr'><strong>ideam</strong></span> <span class='ocrx_word' id='word_1_606' title='bbox 3069 4003 3447 4061; x_wconf 71' lang='lat' dir='ltr'><strong>caiiﬁnxerunt</strong></span> <span class='ocrx_word' id='word_1_607' title='bbox 3471 4025 3485 4061; x_wconf 75' lang='grc' dir='ltr'><em>τ</em></span> 
     </span>
    </p>
   </div>
   <div class='ocr_carea' id='block_1_98' title="bbox 1920 4085 3485 4159">
    <p class='ocr_par' dir='ltr' id='par_1_98' title="bbox 1920 4085 3485 4159">
     <span class='ocr_line' id='line_1_99' title="bbox 1920 4085 3485 4159; baseline 0.013 -28"><span class='ocrx_word' id='word_1_608' title='bbox 1920 4090 2038 4134; x_wconf 83' lang='lat' dir='ltr'><strong>erat</strong></span> <span class='ocrx_word' id='word_1_609' title='bbox 2068 4092 2252 4136; x_wconf 85' lang='lat' dir='ltr'><strong>autem</strong></span> <span class='ocrx_word' id='word_1_610' title='bbox 2309 4085 2471 4139; x_wconf 91' lang='lat' dir='ltr'><strong>homo</strong></span> <span class='ocrx_word' id='word_1_611' title='bbox 2539 4088 2732 4156; x_wconf 88' lang='lat' dir='ltr'><strong>reptile</strong></span> <span class='ocrx_word' id='word_1_612' title='bbox 2765 4092 3226 4159; x_wconf 89' lang='lat' dir='ltr'><strong>quemadmodum</strong></span> <span class='ocrx_word' id='word_1_613' title='bbox 3262 4100 3485 4154; x_wconf 81' lang='lat' dir='ltr'><strong>vermis.</strong></span> 
     </span>
    </p>
   </div>
   <div class='ocr_carea' id='block_1_99' title="bbox 1917 4172 3489 4247">
    <p class='ocr_par' dir='ltr' id='par_1_99' title="bbox 1917 4172 3489 4247">
     <span class='ocr_line' id='line_1_100' title="bbox 1917 4172 3489 4247; baseline 0.015 -24"><span class='ocrx_word' id='word_1_614' title='bbox 1917 4172 2182 4225; x_wconf 72' lang='lat' dir='ltr'><strong>Caeterum</strong></span> <span class='ocrx_word' id='word_1_615' title='bbox 2209 4185 2331 4227; x_wconf 88' lang='lat' dir='ltr'><strong>cum</strong></span> <span class='ocrx_word' id='word_1_616' title='bbox 2361 4176 2590 4230; x_wconf 85' lang='lat' dir='ltr'><strong>Pronice</strong></span> <span class='ocrx_word' id='word_1_617' title='bbox 2615 4188 2786 4233; x_wconf 85' lang='lat' dir='ltr'><strong>mater</strong></span> <span class='ocrx_word' id='word_1_618' title='bbox 2810 4181 3129 4238; x_wconf 86' lang='lat' dir='ltr'><strong>Jaldahaoth</strong></span> <span class='ocrx_word' id='word_1_619' title='bbox 3165 4187 3330 4241; x_wconf 90' lang='lat' dir='ltr'><strong>lilium</strong></span> <span class='ocrx_word' id='word_1_620' title='bbox 3361 4190 3489 4247; x_wconf 81' lang='lat' dir='ltr'><strong>odio</strong></span> 
     </span>
    </p>
   </div>
   <div class='ocr_carea' id='block_1_100' title="bbox 1917 4270 3488 4347">
    <p class='ocr_par' dir='ltr' id='par_1_100' title="bbox 1917 4270 3488 4347">
     <span class='ocr_line' id='line_1_101' title="bbox 1917 4270 3488 4347; baseline 0.014 -32"><span class='ocrx_word' id='word_1_621' title='bbox 1917 4276 2371 4333; x_wconf 88' lang='lat' dir='ltr'><strong>prosequeretur,</strong></span> <span class='ocrx_word' id='word_1_622' title='bbox 2420 4270 2568 4336; x_wconf 88' lang='lat' dir='ltr'><strong>quod</strong></span> <span class='ocrx_word' id='word_1_623' title='bbox 2619 4287 2729 4340; x_wconf 76' lang='lat' dir='ltr'><strong>prae</strong></span> <span class='ocrx_word' id='word_1_624' title='bbox 2773 4272 2915 4326; x_wconf 88' lang='lat' dir='ltr'><strong>fastu</strong></span> <span class='ocrx_word' id='word_1_625' title='bbox 2965 4275 3203 4341; x_wconf 90' lang='lat' dir='ltr'><strong>seipsum</strong></span> <span class='ocrx_word' id='word_1_626' title='bbox 3232 4286 3488 4347; x_wconf 83' lang='lat' dir='ltr'><strong>superius</strong></span> 
     </span>
    </p>
   </div>
   <div class='ocr_carea' id='block_1_101' title="bbox 1915 4356 3481 4437">
    <p class='ocr_par' dir='ltr' id='par_1_101' title="bbox 1915 4356 3481 4437">
     <span class='ocr_line' id='line_1_102' title="bbox 1915 4356 3481 4437; baseline 0.011 -29"><span class='ocrx_word' id='word_1_627' title='bbox 1915 4356 2295 4419; x_wconf 86' lang='lat' dir='ltr'><strong>conclusisset,</strong></span> <span class='ocrx_word' id='word_1_628' title='bbox 2366 4359 2643 4415; x_wconf 71' lang='lat' dir='ltr'><strong>hominem</strong></span> <span class='ocrx_word' id='word_1_629' title='bbox 2703 4364 2939 4418; x_wconf 88' lang='lat' dir='ltr'><strong>scintilla</strong></span> <span class='ocrx_word' id='word_1_630' title='bbox 2988 4364 3187 4421; x_wconf 63' lang='lat' dir='ltr'><strong>divinae</strong></span> <span class='ocrx_word' id='word_1_631' title='bbox 3242 4370 3481 4437; x_wconf 78' lang='lat' dir='ltr'><strong>virtutis,</strong></span> 
     </span>
    </p>
   </div>
   <div class='ocr_carea' id='block_1_102' title="bbox 1919 4448 3485 4531">
    <p class='ocr_par' dir='ltr' id='par_1_102' title="bbox 1919 4448 3485 4531">
     <span class='ocr_line' id='line_1_103' title="bbox 1919 4448 3485 4531; baseline 0.011 -30"><span class='ocrx_word' id='word_1_632' title='bbox 1919 4448 2022 4502; x_wconf 90' lang='lat' dir='ltr'><strong>hoc</strong></span> <span class='ocrx_word' id='word_1_633' title='bbox 2044 4457 2127 4502; x_wconf 90' lang='lat' dir='ltr'><strong>est</strong></span> <span class='ocrx_word' id='word_1_634' title='bbox 2158 4449 2362 4515; x_wconf 90' lang='lat' dir='ltr'><strong>anima,</strong></span> <span class='ocrx_word' id='word_1_635' title='bbox 2411 4452 2652 4506; x_wconf 72' lang='lat' dir='ltr'><strong>donavit.</strong></span> <span class='ocrx_word' id='word_1_636' title='bbox 2705 4454 2935 4509; x_wconf 85' lang='lat' dir='ltr'><strong>Erectus</strong></span> <span class='ocrx_word' id='word_1_637' title='bbox 2974 4456 3153 4526; x_wconf 86' lang='lat' dir='ltr'><strong>itaque</strong></span> <span class='ocrx_word' id='word_1_638' title='bbox 3210 4460 3262 4513; x_wconf 95' lang='lat' dir='ltr'><strong>in</strong></span> <span class='ocrx_word' id='word_1_639' title='bbox 3319 4464 3485 4531; x_wconf 81' lang='lat' dir='ltr'><strong>pedes</strong></span> 
     </span>
    </p>
   </div>
   <div class='ocr_carea' id='block_1_103' title="bbox 724 4537 3483 4646">
    <p class='ocr_par' dir='ltr' id='par_1_103' title="bbox 724 4537 3483 4646">
     <span class='ocr_line' id='line_1_104' title="bbox 724 4537 3483 4646; baseline 0.009 -66"><span class='ocrx_word' id='word_1_640' title='bbox 724 4537 829 4631; x_wconf 38' lang='lat'><strong>[16¢</strong></span> <span class='ocrx_word' id='word_1_641' title='bbox 881 4537 965 4630; x_wconf 52' lang='lat' dir='ltr'><strong>e‘sl</strong></span> <span class='ocrx_word' id='word_1_642' title='bbox 1012 4537 1094 4639; x_wconf 36' lang='grc' dir='ltr'><strong>ὦ,</strong></span> <span class='ocrx_word' id='word_1_643' title='bbox 1140 4578 1232 4646; x_wconf 63' lang='lat' dir='ltr'><strong>qui</strong></span> <span class='ocrx_word' id='word_1_644' title='bbox 1262 4588 1389 4631; x_wconf 46' lang='lat' dir='ltr'><strong>ante</strong></span> <span class='ocrx_word' id='word_1_645' title='bbox 1419 4537 1813 4633; x_wconf 33' lang='lat' dir='ltr'><strong>o&#39;mui‘al&#39;lwiué</strong></span> <span class='ocrx_word' id='word_1_646' title='bbox 1848 4559 1887 4613; x_wconf 74' lang='grc' dir='ltr'>ο</span> <span class='ocrx_word' id='word_1_647' title='bbox 1921 4537 2085 4591; x_wconf 91' lang='lat' dir='ltr'><strong>homo</strong></span> <span class='ocrx_word' id='word_1_648' title='bbox 2133 4538 2466 4606; x_wconf 82' lang='lat' dir='ltr'><strong>cogitatione</strong></span> <span class='ocrx_word' id='word_1_649' title='bbox 2528 4541 2697 4595; x_wconf 74' lang='lat' dir='ltr'><strong>ctelos</strong></span> <span class='ocrx_word' id='word_1_650' title='bbox 2748 4544 3073 4610; x_wconf 86' lang='lat' dir='ltr'><strong>penetravit,</strong></span> <span class='ocrx_word' id='word_1_651' title='bbox 3122 4545 3483 4619; x_wconf 83' lang='lat' dir='ltr'><strong>laudibusque</strong></span> 
     </span>
    </p>
   </div>
   <div class='ocr_carea' id='block_1_104' title="bbox 1914 4630 3480 4709">
    <p class='ocr_par' dir='ltr' id='par_1_104' title="bbox 1914 4630 3480 4709">
     <span class='ocr_line' id='line_1_105' title="bbox 1914 4630 3480 4709; baseline 0.009 -27"><span class='ocrx_word' id='word_1_652' title='bbox 1914 4630 2190 4684; x_wconf 65' lang='lat' dir='ltr'><strong>caelestem</strong></span> <span class='ocrx_word' id='word_1_653' title='bbox 2215 4630 2560 4686; x_wconf 85' lang='lat' dir='ltr'><strong>Jaldabaothi</strong></span> <span class='ocrx_word' id='word_1_654' title='bbox 2618 4642 2822 4699; x_wconf 91' lang='lat' dir='ltr'><strong>patrem</strong></span> <span class='ocrx_word' id='word_1_655' title='bbox 2846 4634 3130 4691; x_wconf 81' lang='lat' dir='ltr'><strong>celebrare</strong></span> <span class='ocrx_word' id='word_1_656' title='bbox 3150 4642 3334 4709; x_wconf 65' lang='lat' dir='ltr'><strong>erepit.</strong></span> <span class='ocrx_word' id='word_1_657' title='bbox 3365 4643 3480 4709; x_wconf 78' lang='lat' dir='ltr'><strong>Qua</strong></span> 
     </span>
    </p>
   </div>
   <div class='ocr_carea' id='block_1_105' title="bbox 1912 4722 3478 4801">
    <p class='ocr_par' dir='ltr' id='par_1_105' title="bbox 1912 4722 3478 4801">
     <span class='ocr_line' id='line_1_106' title="bbox 1912 4722 3478 4801; baseline 0.01 -28"><span class='ocrx_word' id='word_1_658' title='bbox 1912 4722 2137 4791; x_wconf 86' lang='lat' dir='ltr'><strong>quidem</strong></span> <span class='ocrx_word' id='word_1_659' title='bbox 2179 4737 2241 4775; x_wconf 88' lang='lat' dir='ltr'><strong>re</strong></span> <span class='ocrx_word' id='word_1_660' title='bbox 2269 4723 2592 4778; x_wconf 69' lang='lat' dir='ltr'><strong>Jaldabuoth</strong></span> <span class='ocrx_word' id='word_1_661' title='bbox 2625 4726 2891 4787; x_wconf 73' lang='lat' dir='ltr'><strong>offensus.</strong></span> <span class='ocrx_word' id='word_1_662' title='bbox 2948 4728 3088 4784; x_wconf 88' lang='lat' dir='ltr'><strong>infra</strong></span> <span class='ocrx_word' id='word_1_663' title='bbox 3136 4732 3378 4801; x_wconf 80' lang='lat' dir='ltr'><strong>despexit</strong></span> <span class='ocrx_word' id='word_1_664' title='bbox 3413 4740 3478 4799; x_wconf 75' lang='lat' dir='ltr'><strong>ad</strong></span> 
     </span>
    </p>
   </div>
   <div class='ocr_carea' id='block_1_106' title="bbox 1914 4813 3477 4889">
    <p class='ocr_par' dir='ltr' id='par_1_106' title="bbox 1914 4813 3477 4889">
     <span class='ocr_line' id='line_1_107' title="bbox 1914 4813 3477 4889; baseline 0.009 -24"><span class='ocrx_word' id='word_1_665' title='bbox 1914 4813 2153 4866; x_wconf 76' lang='lat' dir='ltr'><strong>materia:</strong></span> <span class='ocrx_word' id='word_1_666' title='bbox 2220 4814 2612 4878; x_wconf 83' lang='lat' dir='ltr'><strong>sedimentum,</strong></span> <span class='ocrx_word' id='word_1_667' title='bbox 2672 4815 2951 4887; x_wconf 84' lang='lat' dir='ltr'><strong>filiumque</strong></span> <span class='ocrx_word' id='word_1_668' title='bbox 2992 4822 3304 4889; x_wconf 86' lang='lat' dir='ltr'><strong>serpentina</strong></span> <span class='ocrx_word' id='word_1_669' title='bbox 3355 4822 3477 4882; x_wconf 68' lang='lat' dir='ltr'><strong>Idea</strong></span> 
     </span>
    </p>
   </div>
   <div class='ocr_carea' id='block_1_107' title="bbox 1913 4902 3481 4978">
    <p class='ocr_par' dir='ltr' id='par_1_107' title="bbox 1913 4902 3481 4978">
     <span class='ocr_line' id='line_1_108' title="bbox 1913 4902 3481 4978; baseline 0.004 -23"><span class='ocrx_word' id='word_1_670' title='bbox 1913 4902 2122 4971; x_wconf 85' lang='lat' dir='ltr'><strong>genuit,</strong></span> <span class='ocrx_word' id='word_1_671' title='bbox 2161 4916 2190 4956; x_wconf 89' lang='lat' dir='ltr'><strong>a</strong></span> <span class='ocrx_word' id='word_1_672' title='bbox 2239 4918 2349 4971; x_wconf 91' lang='lat' dir='ltr'><strong>quo</strong></span> <span class='ocrx_word' id='word_1_673' title='bbox 2384 4902 2613 4972; x_wconf 89' lang='lat' dir='ltr'><strong>decepta</strong></span> <span class='ocrx_word' id='word_1_674' title='bbox 2643 4904 2754 4958; x_wconf 86' lang='lat' dir='ltr'><strong>Eva</strong></span> <span class='ocrx_word' id='word_1_675' title='bbox 2813 4915 2918 4960; x_wconf 87' lang='lat' dir='ltr'><strong>est.</strong></span> <span class='ocrx_word' id='word_1_676' title='bbox 2969 4907 3204 4962; x_wconf 81' lang='lat' dir='ltr'><strong>Proinde</strong></span> <span class='ocrx_word' id='word_1_677' title='bbox 3258 4923 3481 4978; x_wconf 54' lang='lat' dir='ltr'><strong>serpem</strong></span> 
     </span>
    </p>
   </div>
   <div class='ocr_carea' id='block_1_108' title="bbox 1915 4993 3481 5069">
    <p class='ocr_par' dir='ltr' id='par_1_108' title="bbox 1915 4993 3481 5069">
     <span class='ocr_line' id='line_1_109' title="bbox 1915 4993 3481 5069; baseline 0.004 -22"><span class='ocrx_word' id='word_1_678' title='bbox 1915 5004 2024 5047; x_wconf 79' lang='lat' dir='ltr'><strong>tem</strong></span> <span class='ocrx_word' id='word_1_679' title='bbox 2053 4993 2223 5046; x_wconf 90' lang='lat' dir='ltr'><strong>Deum</strong></span> <span class='ocrx_word' id='word_1_680' title='bbox 2267 5008 2409 5058; x_wconf 87' lang='lat' dir='ltr'><strong>esse,</strong></span> <span class='ocrx_word' id='word_1_681' title='bbox 2434 4993 2857 5065; x_wconf 88' lang='lat' dir='ltr'><strong>hominibusque</strong></span> <span class='ocrx_word' id='word_1_682' title='bbox 2885 4998 3014 5066; x_wconf 86' lang='lat' dir='ltr'><strong>ipsis</strong></span> <span class='ocrx_word' id='word_1_683' title='bbox 3045 4999 3287 5054; x_wconf 76' lang='lat' dir='ltr'><strong>scientia:</strong></span> <span class='ocrx_word' id='word_1_684' title='bbox 3333 5002 3481 5069; x_wconf 83' lang='lat' dir='ltr'><strong>priu-</strong></span> 
     </span>
    </p>
   </div>
   <div class='ocr_carea' id='block_1_109' title="bbox 1912 5082 3480 5159">
    <p class='ocr_par' dir='ltr' id='par_1_109' title="bbox 1912 5082 3480 5159">
     <span class='ocr_line' id='line_1_110' title="bbox 1912 5082 3480 5159; baseline 0.008 -24"><span class='ocrx_word' id='word_1_685' title='bbox 1912 5084 2116 5152; x_wconf 91' lang='lat' dir='ltr'><strong>cipium</strong></span> <span class='ocrx_word' id='word_1_686' title='bbox 2144 5082 2313 5138; x_wconf 73' lang='lat' dir='ltr'><strong>fuisse</strong></span> <span class='ocrx_word' id='word_1_687' title='bbox 2343 5083 2566 5147; x_wconf 85' lang='lat' dir='ltr'><strong>docent,</strong></span> <span class='ocrx_word' id='word_1_688' title='bbox 2599 5089 2758 5157; x_wconf 88' lang='lat' dir='ltr'><strong>cujus</strong></span> <span class='ocrx_word' id='word_1_689' title='bbox 2794 5089 2870 5141; x_wconf 91' lang='lat' dir='ltr'><strong>rei</strong></span> <span class='ocrx_word' id='word_1_690' title='bbox 2919 5090 3088 5159; x_wconf 90' lang='lat' dir='ltr'><strong>gratia</strong></span> <span class='ocrx_word' id='word_1_691' title='bbox 3119 5091 3480 5159; x_wconf 56' lang='lat' dir='ltr'><strong>prudentissi-</strong></span> 
     </span>
    </p>
   </div>
   <div class='ocr_carea' id='block_1_110' title="bbox 1914 5174 3474 5251">
    <p class='ocr_par' dir='ltr' id='par_1_110' title="bbox 1914 5174 3474 5251">
     <span class='ocr_line' id='line_1_111' title="bbox 1914 5174 3474 5251; baseline 0.007 -26"><span class='ocrx_word' id='word_1_692' title='bbox 1914 5188 2033 5227; x_wconf 90' lang='lat' dir='ltr'><strong>mus</strong></span> <span class='ocrx_word' id='word_1_693' title='bbox 2061 5174 2303 5228; x_wconf 90' lang='lat' dir='ltr'><strong>omnium</strong></span> <span class='ocrx_word' id='word_1_694' title='bbox 2330 5189 2555 5244; x_wconf 89' lang='lat' dir='ltr'><strong>serpens</strong></span> <span class='ocrx_word' id='word_1_695' title='bbox 2593 5178 2775 5233; x_wconf 83' lang='lat' dir='ltr'><strong>dictus</strong></span> <span class='ocrx_word' id='word_1_696' title='bbox 2815 5180 2907 5244; x_wconf 92' lang='lat' dir='ltr'><strong>sit,</strong></span> <span class='ocrx_word' id='word_1_697' title='bbox 2936 5188 3159 5249; x_wconf 88' lang='lat' dir='ltr'><strong>pr0pter</strong></span> <span class='ocrx_word' id='word_1_698' title='bbox 3207 5182 3474 5251; x_wconf 83' lang='lat' dir='ltr'><strong>multipti-</strong></span> 
     </span>
    </p>
   </div>
   <div class='ocr_carea' id='block_1_111' title="bbox 1904 5263 3473 5335">
    <p class='ocr_par' dir='ltr' id='par_1_111' title="bbox 1904 5263 3473 5335">
     <span class='ocr_line' id='line_1_112' title="bbox 1904 5263 3473 5335; baseline 0.006 -18"><span class='ocrx_word' id='word_1_699' title='bbox 1904 5276 1995 5318; x_wconf 89' lang='lat' dir='ltr'><strong>ces</strong></span> <span class='ocrx_word' id='word_1_700' title='bbox 2064 5263 2189 5319; x_wconf 90' lang='lat' dir='ltr'><strong>illas</strong></span> <span class='ocrx_word' id='word_1_701' title='bbox 2248 5265 2627 5335; x_wconf 88' lang='lat' dir='ltr'><strong>volubilesque</strong></span> <span class='ocrx_word' id='word_1_702' title='bbox 2699 5269 3087 5324; x_wconf 88' lang='lat' dir='ltr'><strong>intestinorum</strong></span> <span class='ocrx_word' id='word_1_703' title='bbox 3161 5279 3473 5326; x_wconf 81' lang='lat' dir='ltr'><strong>nostrorum</strong></span> 
     </span>
    </p>
   </div>
   <div class='ocr_carea' id='block_1_112' title="bbox 1903 5353 3471 5427">
    <p class='ocr_par' dir='ltr' id='par_1_112' title="bbox 1903 5353 3471 5427">
     <span class='ocr_line' id='line_1_113' title="bbox 1903 5353 3471 5427; baseline 0.006 -20"><span class='ocrx_word' id='word_1_704' title='bbox 1903 5353 2101 5421; x_wconf 83' lang='lat' dir='ltr'><strong>spiras,</strong></span> <span class='ocrx_word' id='word_1_705' title='bbox 2149 5356 2354 5424; x_wconf 87' lang='lat' dir='ltr'><strong>quibus</strong></span> <span class='ocrx_word' id='word_1_706' title='bbox 2409 5374 2641 5427; x_wconf 90' lang='lat' dir='ltr'><strong>corpora</strong></span> <span class='ocrx_word' id='word_1_707' title='bbox 2675 5369 2857 5415; x_wconf 89' lang='lat' dir='ltr'><strong>nostra</strong></span> <span class='ocrx_word' id='word_1_708' title='bbox 2902 5361 3267 5418; x_wconf 84' lang='lat' dir='ltr'><strong>confareinata</strong></span> <span class='ocrx_word' id='word_1_709' title='bbox 3324 5375 3471 5418; x_wconf 88' lang='lat' dir='ltr'><strong>sunt.</strong></span> 
     </span>
    </p>
   </div>
   <div class='ocr_carea' id='block_1_113' title="bbox 1903 5444 3471 5524">
    <p class='ocr_par' dir='ltr' id='par_1_113' title="bbox 1903 5444 3471 5524">
     <span class='ocr_line' id='line_1_114' title="bbox 1903 5444 3471 5524; baseline 0.006 -26"><span class='ocrx_word' id='word_1_710' title='bbox 1903 5444 2133 5514; x_wconf 90' lang='lat' dir='ltr'><strong>Insuper</strong></span> <span class='ocrx_word' id='word_1_711' title='bbox 2185 5454 2242 5500; x_wconf 91' lang='lat' dir='ltr'><strong>et</strong></span> <span class='ocrx_word' id='word_1_712' title='bbox 2290 5459 2601 5518; x_wconf 85' lang='lat' dir='ltr'><strong>serpentem</strong></span> <span class='ocrx_word' id='word_1_713' title='bbox 2660 5453 2931 5517; x_wconf 84' lang='lat' dir='ltr'><strong>nutriunt,</strong></span> <span class='ocrx_word' id='word_1_714' title='bbox 2991 5464 3048 5507; x_wconf 90' lang='lat' dir='ltr'><strong>et</strong></span> <span class='ocrx_word' id='word_1_715' title='bbox 3093 5464 3471 5524; x_wconf 71' lang='lat' dir='ltr'><strong>mysterorum</strong></span> 
     </span>
    </p>
   </div>
   <div class='ocr_carea' id='block_1_114' title="bbox 1902 5542 3472 5613">
    <p class='ocr_par' dir='ltr' id='par_1_114' title="bbox 1902 5542 3472 5613">
     <span class='ocr_line' id='line_1_115' title="bbox 1902 5542 3472 5613; baseline 0.006 -24"><span class='ocrx_word' id='word_1_716' title='bbox 1902 5549 2131 5589; x_wconf 80' lang='lat' dir='ltr'><strong>suorum</strong></span> <span class='ocrx_word' id='word_1_717' title='bbox 2169 5545 2438 5608; x_wconf 89' lang='lat' dir='ltr'><strong>tempore,</strong></span> <span class='ocrx_word' id='word_1_718' title='bbox 2468 5542 2700 5611; x_wconf 79' lang='lat' dir='ltr'><strong>panibus</strong></span> <span class='ocrx_word' id='word_1_719' title='bbox 2758 5558 2963 5598; x_wconf 66' lang='lat' dir='ltr'><strong>mensae</strong></span> <span class='ocrx_word' id='word_1_720' title='bbox 2993 5546 3276 5613; x_wconf 81' lang='lat' dir='ltr'><strong>appositis,</strong></span> <span class='ocrx_word' id='word_1_721' title='bbox 3309 5548 3472 5599; x_wconf 80' lang='lat' dir='ltr'><strong>cista-</strong></span> 
     </span>
    </p>
   </div>
   <div class='ocr_carea' id='block_1_115' title="bbox 1899 5631 3466 5703">
    <p class='ocr_par' dir='ltr' id='par_1_115' title="bbox 1899 5631 3466 5703">
     <span class='ocr_line' id='line_1_116' title="bbox 1899 5631 3466 5703; baseline 0.008 -25"><span class='ocrx_word' id='word_1_722' title='bbox 1899 5642 2005 5691; x_wconf 84' lang='lat' dir='ltr'><strong>que</strong></span> <span class='ocrx_word' id='word_1_723' title='bbox 2032 5637 2239 5698; x_wconf 87' lang='lat' dir='ltr'><strong>aperta,</strong></span> <span class='ocrx_word' id='word_1_724' title='bbox 2276 5631 2426 5686; x_wconf 88' lang='lat' dir='ltr'><strong>illum</strong></span> <span class='ocrx_word' id='word_1_725' title='bbox 2454 5633 2525 5689; x_wconf 86' lang='lat' dir='ltr'><strong>ad</strong></span> <span class='ocrx_word' id='word_1_726' title='bbox 2568 5642 2784 5703; x_wconf 86' lang='lat' dir='ltr'><strong>pastum</strong></span> <span class='ocrx_word' id='word_1_727' title='bbox 2843 5634 3096 5689; x_wconf 75' lang='lat' dir='ltr'><strong>inritant.</strong></span> <span class='ocrx_word' id='word_1_728' title='bbox 3126 5636 3217 5689; x_wconf 75' lang='lat' dir='ltr'><strong>ille</strong></span> <span class='ocrx_word' id='word_1_729' title='bbox 3262 5638 3466 5690; x_wconf 70' lang='lat' dir='ltr'><strong>circum</strong></span> 
     </span>
    </p>
   </div>
  </div>
