4274 6382
254 403 386 466 1265

1484 413 1581 470 ΤΗ
1596 413 1726 470 ESA
1741 412 1876 470 υιιι
1921 413 2064 470 LIB.
2102 413 2193 471 IV.

3304 403 3435 463 1‘266

307 518 372 572 Ut
411 529 588 572 autem
639 520 804 573 Vetus
834 519 1236 575 Testamentum
1287 537 1409 573 cum
1462 522 1613 576 Novo
1659 537 1788 575 con-
1816 522 1862 581 Α
1889 533 1970 576 est
2009 541 2020 574 :
2060 523 2489 591 prudentiorque
2527 528 2643 586 post
2670 518 2980 576 consilium.
3037 522 3095 568 ut
3144 515 3214 568 ita
3239 514 3434 577 dicam,

237 607 460 668 sentire.
520 618 574 660 et
628 608 818 662 eadem
871 625 993 663 cum
1047 611 1138 662 illo
1188 611 1364 676 εαξη-ἰ,
1425 621 1586 676 atque
1652 613 1786 664 adeo

239 696 528 762 utriusque
557 698 764 751 rivulos
786 714 851 751 ex
882 698 1072 752 eodem
1107 701 1260 753 fonte
1285 702 1546 753 seaturirc
1581 703 1788 767 perspi-

234 797 396 836 cuum
448 784 560 848 list,
640 786 924 841 audiamus
986 788 1248 842 Joannem
1313 792 1545 844 tonitrus
1597 794 1785 852 tilium,

235 877 329 940 qui
362 877 543 930 omnia
598 877 774 931 Verbo
802 878 961 936 facta.
994 893 1091 933 nec
1124 895 1312 932 eorum
1347 897 1464 947 qua:
1493 881 1614 952 _sub
1667 896 1786 934 sen-

235 974 354 1012 sum
377 961 597 1024 cadunt.
629 962 683 1017 et
715 981 834 1031 qua:
865 965 1142 1019 intellectu
1189 966 1582 1032 percipiuntur.
1631 966 1788 1032 quid-

233 1065 394 1118 quam
424 1051 537 1106 sine
571 1067 636 1106 eo
664 1053 984 1124 productum
1032 1054 1249 1108 asserit.
1291 1055 1447 1114 Nam.
1489 1055 1610 1110 Sine
1654 1059 1784 1123 ipso,

239 1139 436 1207 inquit.
472 1141 667 1206 factum
706 1145 953 1197 estnihil.
983 1144 1117 1210 quod
1150 1144 1342 1210 factum
1373 1156 1444 1196 est
1483 1146 1546 1195 ".

303 1234 602 1289 Audiamus
629 1245 683 1289 et
735 1235 959 1289 Paulum
993 1236 1389 1290 exelamantem
1425 1257 1436 1290 :
1466 1238 1526 1292 In
1557 1255 1613 1292 eo
1647 1240 1786 1308 facta

234 1340 342 1376 ess.-
374 1327 570 1386 ouinia.
600 1342 690 1378 seu
717 1327 938 1380 uisibilia
967 1330 1090 1388 sint,
1119 1345 1206 1381 seu
1239 1330 1512 1382 invisibilia
1543 1330 1606 1381 ".
1641 1329 1784 1384 ldcm

194 1414 390 1476 'alibi,
445 1413 546 1467 Per
600 1432 716 1468 eum
775 1415 933 1470 Pater
985 1419 1098 1484 fecit
1138 1419 1350 1472 secula.
1384 1421 1529 1474 Idem
1560 1435 1681 1473 cum
1734 1421 1785 1472 in

243 1503 518 1571 Areopago
578 1506 897 1563 concionem
937 1509 1183 1568 haberet.
1251 1510 1394 1563 hunc
1452 1511 1504 1562 in
1567 1511 1785 1564 modum

236 1595 451 1647 loculus
505 1607 636 1650 est:
702 1598 858 1658 Dens,
914 1601 1004 1667 qui
1038 1601 1156 1663 fecit
1195 1603 1465 1663 mundum,
1515 1611 1562 1652 et
1612 1605 1786 1654 omnia

233 1685 348 1749 qm’
373 1687 425 1736 in
450 1703 507 1738 co
534 1696 675 1749 sunt,
699 1691 808 1755 ipse
841 1691 980 1740 dedit
1020 1692 1254 1742 omnibus
1286 1692 1444 1743 vitam
1480 1703 1526 1744 ct
1566 1696 1787 1756 inspira-

236 1779 447 1834 :iouem.
476 1793 522 1829 et
574 1781 791 1832 omnia:
846 1781 1062 1848 fecitque
1092 1797 1153 1832 ea:
1196 1798 1298 1834 uno
1327 1787 1582 1851 sanguine
1627 1804 1787 1852 genus

233 1882 384 1918 omne
408 1868 674 1920 hominum
724 1870 1016 1936 inhabitare
1059 1889 1211 1935 super
1262 1876 1550 1926 uniuersam
1603 1880 1786 1941 facient

234 1971 252 2006 t
289 1975 387 2010 ννιιι
428 1959 492 2009 ⁵⁵.
527 1957 678 2021 Item.
716 1959 838 2012 Fide
867 1962 1210 2032 intelligimus
1247 1974 1427 2032 aptata
1453 1984 1557 2020 esse
1593 1970 1785 2021 strcnla

238 2046 392 2100 l’crbo
426 2047 519 2100 Dei
550 2051 616 2102 ⁸⁵.
1409 2077 1415 2082 ·
1472 2065 1476 2071 “

306 2141 481 2206 Atque
515 2140 626 2192 haec
652 2140 870 2207 quidem
904 2142 971 2195 de
1009 2145 1163 2200 caelis
1188 2156 1241 2199 et
1289 2148 1519 2201 saeculis.
1555 2149 1708 2213 Qttml
1743 2152 1785 2203 si

230 2228 355 2286 quis
390 2230 607 2282 tertium
661 2232 808 2284 Pauli
862 2235 1057 2286 cmlum
1119 2236 1169 2288 in
1209 2238 1446 2291 medium
1496 2239 1704 2299 all'erat.
1747 2245 1789 2294 is

233 2336 362 2373 vero
390 2323 527 2375 sciat
581 2326 800 2376 unicum
837 2326 1055 2394 proprie
1087 2342 1115 2380 a
1151 2343 1300 2381 sacra
1350 2329 1650 2399 Scriptura"
1680 2349 1786 2386 cte-

232 2413 341 2464 losn
369 2415 609 2482 agno-ei.
640 2416 880 2483 reliquos
912 2428 1094 2470 autem
1128 2418 1265 2472 duos
1327 2422 1625 2490 improprie
1664 2430 1785 2480 (πατιί

231 2504 449 2556 nomine
497 2504 787 2573 designari.
834 2506 1010 2562 Unum
1068 2510 1288 2577 quidem
1336 2515 1482 2580 quod
1549 2518 1787 2570 secundo

230 2597 320 2646 die
374 2596 596 2659 factum,
654 2602 872 2668 proprie
936 2603 1336 2658 ﬁrmamentum
1394 2608 1600 2661 dictum
1649 2624 1785 2665 est:

234 2687 460 2737 abusive
493 2702 674 2742 autem
705 2693 924 2745 t-azlnm.
991 2694 1200 2749 Vocuvit
1235 2701 1392 2758 enim.
1449 2701 1642 2768 inquit.
1695 2704 1784 2755 ﬁr-

231 2790 552 2830 mamentum
579 2782 762 2833 emtum
804 2783 868 2834 ⁸⁸.
923 2783 1200 2851 Siquidem
1259 2789 1360 2842 boc
1390 2790 1663 2842 diversum
1704 2803 1789 2844 est

181 2859 185 2862 ’
228 2869 410 2932 abeo,
437 2871 582 2937 quod
619 2874 796 2938 primo
827 2875 916 2927 die
948 2886 1189 2928 creatum
1214 2887 1317 2942 est,
1363 2880 1524 2946 idque
1549 2881 1788 2934 nominis

229 2962 510 3022 sortitum.
547 2964 659 3018 sive
692 2967 816 3033 quia
840 2979 923 3020 est
954 2970 1110 3035 aquis
1138 2983 1506 3038 compactum,
1543 2985 1594 3026 et
1626 2977 1789 3027 idcir-

228 3066 294 3101 co
320 3052 717 3106 ﬁrmamentum
751 3057 980 3117 dictum.
1021 3061 1135 3112 sive
1164 3062 1228 3113 ad
1283 3077 1572 3130 corporum
1597 3065 1786 3118 distin-

1893 614 2080 663 evasit.
2133 612 2305 676 Atque
2337 611 2513 676 reipsa
2564 608 2773 667 didicit.
2803 607 3123 672 obsequium
3157 605 3435 659 rebellioni

1894 701 2021 766 quid
2057 708 2287 766 pr:r~tat.
2349 701 2524 762 Quare
2569 713 2797 763 serpens
2841 697 3077 750 scientia:
3119 695 3280 748 dator
3332 710 3436 746 non

1891 798 2027 845 erat.
2054 787 2146 841 sed
2179 789 2338 839 arbor
2367 788 2606 841 scientia:
2658 785 2786 838 boni
2825 794 2880 838 et
2917 786 3040 842 mali
3089 784 3437 852 nuncupaba-

1895 887 2001 931 tur.
2036 877 2088 930 Si
2120 878 2246 943 quid
2279 888 2456 930 autem
2493 876 2890 928 contrariorum
2937 875 3245 942 cognitione
3297 888 3434 940 prae.

1892 968 2062 1019 ditum
2090 969 2180 1027 sit,
2213 983 2318 1019 non
2353 968 2531 1021 Statim
2565 966 2786 1033 dignum
2839 973 2942 1026 est.
2975 965 3116 1030 quod
3150 965 3438 1019 contrariis

1891 1067 2263 1111 acccnseatur.
2296 1057 2492 1109 Eadem
2547 1057 2692 1109 enim
2744 1055 2952 1110 ratione
2991 1055 3162 1123 legem
3197 1065 3440 1106 contem-

1895 1147 2126 1198 nendam
2178 1147 2561 1214 iudicabimus.
2602 1161 2722 1213 quae
2751 1145 3024 1197 contraria
3060 1145 3352 1202 discernat.
3383 1152 3440 1195 et

1893 1238 2115 1290 alternis
2173 1248 2395 1304 utraque
2465 1237 2754 1304 expendat.
2817 1233 2926 1287 lmo
2989 1249 3118 1287 vero
3177 1234 3437 1285 Adamnm

1890 1331 2130 1398 oportuit
2162 1329 2448 1382 observato
2488 1335 2758 1396 iirzecepto
2796 1326 2861 1380 ad
2906 1327 3070 1380 Deum
3115 1327 3438 1393 quibusdam

1891 1422 2043 1486 quasi
2078 1420 2335 1489 gradibus
2361 1419 2673 1481 ascendere,
2702 1427 2752 1471 et
2786 1417 2952 1470 veluti
3003 1416 3230 1484 quadam
3262 1433 3289 1469 e
3323 1432 3443 1483 spe-

1889 1510 2008 1562 cula
2064 1508 2275 1561 arboris
2327 1508 2566 1561 scientia:
2621 1507 2725 1559 vim
2785 1506 3166 1573 contemplari.
3222 1515 3441 1571 tumque

1890 1601 2108 1653 demum
2141 1600 2258 1666 ejus
2289 1599 2636 1665 perceptione
2668 1613 2725 1651 se
2761 1597 2978 1658 ell‘erre,
3001 1613 3122 1649 cum
3151 1612 3245 1662 per
3272 1595 3440 1648 Deum

1891 1691 2154 1754 licuisset,
2195 1691 2577 1759 perceptioque
2627 1690 2739 1755 ipsa
2782 1688 2980 1742 damno
3027 1687 3310 1746 caruisset,
3343 1699 3444 1737 nec

1892 1781 1959 1833 ad
1991 1782 2321 1834 deteriorem
2385 1789 2592 1848 partem
2639 1781 2977 1833 inclinasset.
3011 1777 3210 1832 Contra
3239 1786 3441 1834 autem.

1892 1885 2013 1923 cum
2051 1882 2315 1938 pra-cepta
2344 1873 2394 1922 in
2417 1870 2662 1922 omnium
2689 1870 2865 1922 oculis
2893 1879 3258 1936 transgressus
3279 1873 3446 1924 esset,

1891 1975 1990 2014 nec
2016 1963 2295 2028 auspicato
2329 1961 2564 2012 fructum
2595 1960 2806 2012 arboris
2830 1960 3072 2014 scientia:
3101 1957 3228 2010 boui
3253 1965 3305 2008 et
3335 1971 3432 2007 ma-

1890 2053 1925 2104 li
1955 2060 2240 2120 gustasset,
2278 2061 2423 2102 totus
2445 2051 2509 2101 ad
2539 2049 2811 2103 contraria
2839 2049 3103 2118 proclivis
3126 2062 3183 2100 se
3220 2061 3442 2098 conver-

1891 2143 1991 2193 tit:
2032 2157 2131 2194 nec
2189 2142 2362 2192 solum
2403 2158 2429 2190 ιι
2484 2143 2605 2194 vita:
2661 2141 2856 2193 arbore
2905 2141 3158 2193 exclusus
3205 2148 3307 2195 est.
3352 2141 3461 2192 sed-

1886 2233 2008 2299 jure
2035 2233 2195 2284 etiam
2250 2249 2276 2282 a
2326 2233 2744 2284 conversatione
2797 2231 2886 2283 illa
2932 2243 2987 2283 et
3042 2239 3184 2283 stalu
3224 2230 3442 2285 excidit.

1891 2324 2088 2389 quibus
2139 2334 2293 2374 ιιιιιι-τι
2351 2324 2547 2389 (lignus
2613 2322 2828 2374 habitus
2881 2321 3075 2374 fuerat.
3135 2321 3282 2373 Dicat
3319 2336 3446 2372 Vero

1889 2417 2049 2468 ctiam
2093 2431 2162 2482 qu
2192 2431 2360 2480 spiam
2393 2415 2655 2466 Aelantutn
2708 2430 2826 2466 sese
2875 2413 3340 2479 SpeculatiouiJins
3374 2413 3442 2464 al-

1892 2506 2126 2558 tioribus
2151 2522 2308 2572 quam
2348 2522 2441 2574 par
2494 2518 2654 2567 esset,
2692 2505 2986 2564 addixisse,
3038 2519 3265 2571 qumque.
3303 2505 3445 2570 iuge-

1891 2600 1966 2651 nii
2028 2604 2109 2652 sui
2175 2602 2527 2665 capacitatem
2581 2598 2906 2651 excederent
2956 2614 2968 2649 :
3023 2597 3147 2661 quia
3191 2595 3444 2648 nimirum

1891 2691 2018 2744 bOni
2078 2691 2310 2758 n'aliqne
2367 2692 2592 2743 scientia
2641 2691 2875 2757 prmditte
2925 2697 3130 2742 essent.
3172 2687 3326 2752 Quod
3394 2688 3444 2745 in

1891 2797 2055 2834 causa
2108 2782 2294 2843 int-rit.
2333 2792 2386 2834 ut
2414 2797 2441 2834 a
2489 2785 2596 2832 lleo
2649 2782 2955 2849 ejicerelur.
2994 2779 3264 2845 Ejusmodi
3302 2778 3386 2829 eui
3415 2795 3444 2828 ιι

1888 2887 2076 2923 eorum
2110 2874 2200 2938 qui
2258 2882 2384 2925 sunt
2435 2873 2918 2940 contemplationes
2969 2870 3156 2924 multis
3205 2869 3444 2939 praecipi-

1891 2966 1981 3018 tiis
2026 2976 2255 3025 scatent.
2288 2968 2592 3033 multosque
2626 2981 2653 3017 a
2702 2981 2828 3018 vera
2879 2965 2946 3016 de
3002 2964 3107 3016 Deo
3153 2963 3443 3016 sententia.

1889 3058 2044 3124 quasi
2079 3058 2296 3109 obtorto
2319 3059 2477 3110 collo.
2509 3067 2845 3110 transversos
2883 3067 3066 3125 agunt.
3098 3057 3443 3123 quemadmo-

225 3139 483 3204 ctioncm,
512 3157 633 3208 qua:
681 3147 933 3212 superius
980 3159 1033 3201 et
1067 3149 1292 3204 inferius
1339 3155 1591 3220 contigua
1640 3166 1784 3217 sunt,
1813 3153 1856 3214 (ἶ
1889 3147 2037 3206 dum,
2068 3148 2210 3200 verbi
2239 3149 2427 3215 gratia,
2452 3147 2696 3215 Opbitas,
2725 3147 2790 3203 de
2813 3148 3010 3215 quibus
3043 3164 3181 3198 nunc
3216 3149 3444 3216 agimus.

229 3243 352 3295 quae
385 3234 604 3298 quidem
634 3249 758 3287 cum
786 3239 966 3290 tenuia
1004 3249 1059 3292 et
1086 3241 1350 3306 peliucida
1379 3244 1505 3300 sint.
1535 3244 1634 3296 hoc
1663 3247 1786 3312 quia

231 3337 474 3374 crassum
505 3335 588 3377 est
625 3340 973 3393 corporeum.
1010 3331 1292 3403 στει-έῳμα
1327 3347 1420 3386 seu
1483 3333 1788 3389 ﬁrmanren-

227 3421 342 3465 tum
375 3414 579 3467 dictum
605 3427 724 3476 est;
763 3421 979 3486 στερεδν
1027 3422 1171 3473 enim
1214 3438 1242 3474 a
1274 3429 1562 3490 geometris
1592 3442 1789 3494 corpus

234 3505 341 3556 diei
375 3511 532 3560 solet.
579 3508 833 3572 quoniam
873 3517 983 3561 tres
1033 3512 1084 3563 in
1129 3522 1305 3578 partes
1337 3513 1634 3577 diducitur,
1692 3533 1790 3571 nec

233 3597 400 3648 tactui
430 3597 593 3659 cedit,
623 3607 715 3650 aut
746 3599 1085 3667 obsequitur.
1109 3602 1573 3668 Quemadmodum
1607 3620 1787 3662 autent

228 3690 624 3739 ﬁrmamentum
667 3689 788 3745 boc.
823 3691 966 3757 quod
1012 3692 1170 3758 primi
1226 3697 1351 3748 caeli
1389 3697 1560 3750 vicem
1617 3701 1788 3753 adim-

227 3769 358 3844 plet.
385 3778 505 3830 ett-li
533 3794 730 3831 nomen
767 3781 1021 3848 adeptum
1055 3792 1157 3844 est.
1187 3784 1256 3837 ita
1287 3787 1449 3838 etiam
1477 3791 1783 3855 proximum

228 3869 304 3921 iiIi
361 3870 714 3927 elementum.
771 3887 886 3934 aer,
935 3874 1060 3940 quia
1110 3876 1404 3944 contiguus
1465 3881 1624 3934 nobis
1683 3893 1786 3944 est.

229 3973 467 4026 eumque
504 3961 679 4027 primo
705 3963 1066 4028 Suspicientes
1093 3965 1392 4030 intuemur,
1430 3971 1634 4034 maiore
1669 3988 1792 4026 eum

226 4050 398 4101 abusu
435 4051 634 4104 t‘CBltlm
679 4040 902 4105 dicitur.
934 4052 1049 4105 hri!
1089 4055 1260 4115 enim.
1295 4057 1467 4124 inquit
1493 4061 1793 4126 Scriptura,

229 4142 412 4196 crrlnm
445 4143 581 4211 quod
627 4159 786 4205 supra
837 4161 923 4197 ros
984 4158 1082 4206 est,
1117 4162 1328 4201 aereum
1382 4149 1450 4201 ".
1492 4151 1554 4204 Et
1609 4153 1795 4217 David.

237 4235 476 4288 l'elucres
490 4237 599 4288 (α’ιὶ
615 4237 678 4288 ⁸⁸.
690 4236 949 4290 Maximus
968 4238 1132 4306 igitur
1150 4239 1345 4294 Paulus
1359 4256 1538 4296 aerem
1556 4254 1610 4299 et
1624 4249 1801 4301 lirma—

223 4333 464 4377 mentum
508 4334 897 4393 praetervectus
928 4326 981 4378 in
1019 4327 1136 4394 ipso
1171 4329 1344 4395 primo
1381 4337 1434 4382 et
1457 4332 1617 4384 tertio
1641 4336 1802 4402 cinia,

224 4418 434 4470 ratione
458 4417 667 4470 ordinis
695 4417 1023 4471 inferiorum
1059 4418 1125 4472 ad
1157 4423 1462 4488 superiora.
1499 4428 1790 4493 requievit.

299 4503 377 4556 Eo
412 4505 564 4566 item,
592 4503 737 4571 quod
771 4505 977 4556 homini
1038 4520 1067 4556 a
1127 4483 1379 4574 serpente
1425 4483 1790 4578 cognitionem
1824 4483 1868 4539 θ

222 4595 406 4647 datam
443 4593 560 4647 esse
628 4595 841 4659 dicunt,
907 4605 1209 4649 extremam
1259 4599 1592 4666 impietatem
1633 4608 1792 4658 redo-

225 4685 360 4736 lent.
400 4683 632 4738 Mosaica
693 4685 840 4737 enim
900 4687 1124 4739 historia
1185 4687 1448 4741 Adamum
1499 4690 1794 4749 animanti-

229 4776 328 4827 bns
361 4776 582 4827 nomina
635 4775 1026 4843 iiuponeutem.
1081 4779 1293 4848 ltOCque
1351 4785 1511 4836 modo
1565 4792 1630 4840 de
1684 4790 1791 4843 Eva

221 4865 579 4922 disserentem
612 4870 949 4923 introducit:
984 4871 1091 4932 Hoc
1147 4874 1312 4942 igitur
1372 4892 1427 4929 os
1476 4895 1539 4930 ex
1596 4881 1791 4933 ossibus

229 4961 379 5024 meis,
408 4969 454 5012 et
483 4977 609 5014 caro
644 4978 706 5014 ea:
742 4979 900 5015 carne
950 4981 1064 5018 mea
1112 4966 1179 5018 ".
1230 4968 1330 5031 Qui
1393 4985 1514 5021 cum
1576 4973 1789 5028 Domini

224 5058 559 5118 praceptum
589 5052 748 5104 nihili
797 5052 1038 5114 fecisset.
1065 5071 1176 5123 quo
1209 5058 1505 5112 cavebatur
1534 5075 1592 5114 ut
1630 5067 1790 5117 arbo-

225 5155 313 5193 res
341 5155 554 5206 omnes,
617 5144 818 5211 quibus
879 5144 1044 5198 Iidem
1083 5146 1408 5200 immensum
1458 5151 1786 5219 luxuriab..t,

222 5239 615 5294 contrectaret.
682 5234 918 5303 indeque
971 5239 1172 5290 victum
1227 5240 1330 5292 sibi
1398 5255 1634 5307 pararet.
1724 5249 1791 5301 ab

228 5324 389 5377 unica
433 5340 566 5378 vero
599 5326 844 5380 scientia:
876 5327 1069 5380 arbore.
1101 5329 1426 5394 abstineret,
1458 5349 1791 5405 causamque

221 5415 361 5468 adeo
390 5415 552 5483 hujus
581 5417 656 5471 rei
679 5428 1012 5486 compertam
1067 5420 1370 5481 habuisset.
1420 5425 1527 5477 imo
1559 5442 1793 5493 praesens

223 5522 249 5557 τ’
280 5518 545 5573 ντςιδεριιιυ
587 5508 812 5561 Domino
841 5509 1067 5560 auribus
1100 5513 1423 5574 excepisset.
1459 5532 1560 5566 nua
1594 5517 1791 5584 injuria

225 5599 316 5650 liei
351 5601 502 5667 jus~u
532 5601 818 5656 exsulavit.
850 5611 900 5654 et
935 5601 1251 5656 deliciarum
1281 5603 1438 5657 horto
1471 5610 1791 5692 exturbatus

295 5715 338 5739 ³⁹
369 5712 522 5765 .Ι.;ιτιει.
557 5731 593 5768 ι,
625 5713 675 5765 5.

223 5784 268 5810 ⁸⁸
305 5785 448 5837 l'al.
486 5800 606 5846 \‘lll,
642 5788 695 5838 υ.

757 5714 800 5742 ⁵³
826 5715 1032 5766 (ἶιιὶιιδς.
1066 5731 1100 5770 I.
1140 5715 1217 5765 lli.

775 5785 820 5813 ⁸⁹
851 5785 985 5837 Gt'u.
1016 5803 1074 5850 il,
1101 5785 1185 5837 ‘17:.

1296 5716 1336 5742 ⁵⁵
1376 5719 1471 5773 Art
1521 5739 1650 5781 χιιι,
1675 5725 1908 5791 Ξιςρτιιι.

1891 3239 2447 3306 pltilosopltormuqtte
2500 3248 2744 3291 veterum
2795 3239 3076 3304 plurimos.
3111 3239 3446 3290 Democritus

1889 3329 2033 3381 enim
2060 3344 2250 3396 aquam
2285 3329 2453 3381 Deum
2505 3343 2622 3380 esse
2672 3329 2825 3383 dixit.
2873 3330 3232 3382 Anaximenes
3265 3345 3443 3380 aerem

1851 3419 2217 3484 principium
2280 3420 2516 3484 primum
2581 3427 2637 3471 et
2690 3433 2960 3470 summum
3022 3435 3139 3472 esse
3191 3421 3441 3470 asseruit.

1889 3509 2236 3574 Anasagoras
2285 3508 2528 3560 idearum
2564 3508 2976 3575 particularium
3051 3507 3449 3574 :equalitatilais

1891 3600 2161 3656 attribuit.
2223 3614 2358 3667 quas
2412 3600 2795 3667 opacoiispziyg
2847 3599 3017 3652 Grmci
3056 3608 3263 3652 vocant.
3303 3598 3450 3651 Alius

1891 3694 2029 3746 coelo
2060 3691 2429 3744 universitatis
2482 3691 2645 3760 hujus
2703 3692 3229 3745 administrationem
3281 3693 3449 3758 ascri-

1893 3785 2019 3850 psit.
2049 3783 2148 3834 Alii
2184 3783 2412 3848 denique
2438 3797 2559 3833 cum
2594 3782 2699 3834 alio
2746 3781 2905 3834 modo
2932 3781 2997 3834 ad
3031 3783 3234 3833 variant
3268 3797 3451 3834 rerum

1893 3892 2028 3945 quas
2066 3878 2206 3928 Deus
2235 3878 2440 3928 ereavit
2468 3877 2856 3944 cognitionem,
2906 3885 3162 3943 tanquam
3192 3877 3255 3928 ad
3292 3878 3452 3928 arbo-

1897 3986 2010 4022 rem
2044 3969 2284 4022 scientiae
2328 3968 2451 4020 boni
2499 3985 2552 4019 et
2599 3969 2743 4028 mali,
2798 3968 3036 4021 animum
3097 3968 3452 4035 appellarent.

1898 4062 2101 4115 exitiali
2160 4077 2216 4112 se
2275 4061 2435 4112 morti
2488 4060 2887 4128 manciparunt.
2931 4069 3134 4114 tantum
3171 4059 3367 4113 abfuit.
3403 4070 3454 4112 ut

1898 4152 2112 4204 arboris
2141 4151 2262 4204 vita:
2290 4149 2585 4217 participes
2633 4160 2833 4203 essent.
2879 4150 3046 4203 Porro
3101 4148 3267 4202 Deum
3318 4151 3451 4202 Ada-

1901 4259 2024 4296 mus
2071 4243 2274 4308 absque
2324 4240 2648 4293 intermedio
2704 4256 2810 4293 non
2867 4241 3034 4298 videt.
3093 4249 3185 4293 aut
3226 4248 3458 4293 stantem

1901 4349 2085 4386 coram
2117 4333 2393 4392 obtuetur.
2431 4332 2523 4385 sed
2570 4333 2744 4387 solum
2805 4333 2856 4384 in
2891 4331 3140 4399 paradiso
3179 4331 3462 4400 prodeam-

1906 4427 2180 4479 bulantem
2217 4424 2392 4482 audit.
2429 4431 2486 4476 ut
2516 4424 2581 4477 de
2607 4423 2688 4477 Itis
2728 4438 2942 4490 quoque
2980 4423 3141 4476 verba
3174 4423 3458 4483 faciamus,

1895 4517 2144 4584 quamvis
2185 4516 2251 4568 ab
2287 4514 2534 4573 instituto
2571 4523 2893 4581 argumento
2922 4514 3096 4567 aliena
3147 4513 3274 4567 sint.
3310 4513 3458 4578 Quo-

1893 4610 2040 4662 niam
2072 4620 2178 4662 stat
2208 4609 2428 4677 quidem
2481 4609 2624 4662 Deus
2681 4608 2746 4662 iis
2799 4609 2890 4675 qui
2953 4615 3120 4666 stant.
3158 4622 3458 4676 caventque

1893 4718 1962 4754 ne
2003 4702 2070 4754 ab
2097 4702 2308 4754 honesti
2351 4701 2562 4753 actione
2592 4699 2864 4752 decidant.
2903 4699 2983 4752 Ab
3025 4700 3460 4753 inconstantibus

1895 4803 2096 4850 autem.
2124 4802 2177 4845 ct
2209 4791 2484 4856 obliquam
2524 4771 2695 4842 ου’ἱίς
2727 4807 2847 4857 qua:
2897 4791 3116 4843 meliora
3164 4801 3289 4842 sunt
3316 4791 3457 4842 viam

1894 4881 2250 4943 sei-tantibus,
2310 4881 2620 4932 diniovt-tur
2669 4894 2885 4948 quoque
2947 4879 3108 4940 Deus,
3150 4889 3206 4932 et
3262 4879 3369 4931 alio
3400 4895 3460 4932 se

1892 4973 2121 5033 confert,
2151 4985 2324 5039 eaque
2362 4971 2427 5024 de
2452 4985 2614 5024 causa
2653 4971 2796 5024 Deus
2830 4987 3073 5038 vespere.
3107 4980 3166 5022 ut
3191 4971 3455 5027 arbitror.

1893 5072 2212 5116 nouantem
2253 5077 2430 5122 mane.
2483 5071 2539 5113 ιιι
2589 5064 2762 5130 prius,
2819 5062 3026 5114 Adamn
3062 5062 3353 5114 videndum
3401 5072 3458 5110 se.

1894 5156 2117 5226 pratbet,
2155 5156 2279 5222 quia
2307 5156 2565 5206 nitnirum
2592 5169 2756 5220 capax
2790 5155 3026 5221 amplius
3059 5169 3161 5204 non
3204 5164 3343 5208 erat.
3373 5155 3459 5205 cui

1895 5247 2204 5316 splendoris
2260 5245 2433 5298 divini
2480 5245 2670 5299 Oriens
2716 5246 3078 5307 illucesceret.
3138 5246 3339 5313 quippe
3374 5247 3466 5297 cui

1895 5349 2018 5408 post
2047 5338 2535 5406 transgressionem
2586 5337 2780 5388 obtusa
2817 5351 3076 5388 sensuum
3130 5351 3329 5403 organa
3365 5337 3465 5388 lte-

1898 5432 2207 5483 bescerent.
2237 5427 2411 5481 Antea
2443 5428 2588 5503 enim
2620 5443 2726 5478 non
2768 5442 2831 5479 ex
2864 5427 3147 5482 intervallo
3175 5441 3297 5479 cum
3352 5427 3464 5479 Deo

1894 5521 2330 5590 colloquebatur.
2364 5537 2538 5589 neque
2580 5523 2670 5581 ita,
2701 5532 2756 5572 ut
2789 5535 2934 5572 nunc
2957 5520 3173 5586 quidem
3224 5518 3461 5575 adesset.

1899 5632 1928 5663 ιι
1959 5631 2040 5663 Ιιιι·
2085 5629 2211 5664 vero
2234 5614 2442 5665 abCSset
2476 5630 2487 5659 :
2524 5612 2632 5662 into
2660 5625 2813 5662 mane
2849 5621 2902 5662 et
2947 5609 3193 5670 meridie.
3226 5608 3326 5659 but:
3359 5619 3465 5675 est,

2063 5725 2205 5776 ll-‘lit'
2261 5724 2400 5786 xt,3.
2480 5726 2524 5754 5"
2547 5723 2680 5774 Cen.
2714 5737 2749 5781 ι,
2775 5722 2823 5771 8.
2905 5720 2946 5748 δ’
2980 5719 3135 5782 Ducit.
3163 5735 3348 5772 xxviii.
3373 5719 3464 5774 ‘28.
