4274 6382
821 322 955 387 1267

2056 324 2345 384 ΝΙΕΕΤίΕ
2392 327 2792 388 (ΣΗΟΝΙΑΤΚΕ

3846 322 4008 391 i288

821 450 945 489 cum
971 434 1244 489 intellectu
1269 440 1325 490 et
1357 432 1703 503 cogitatione,
1732 434 1965 505 denique
2008 433 2361 503 spiritualiter
2389 439 2427 490 Α
2459 441 2586 501 tiem
2616 439 2871 494 nonnulla
2921 438 3203 507 praefatus,
3257 436 3369 492 haec
3399 435 3648 505 subiicit:
3696 431 4011 488 Miserrimi

822 536 945 574 cum
984 520 1235 575 Creatore
1289 534 1389 574 suo
1424 522 1847 580 conversabatur
1897 530 1953 581 et
2007 521 2355 588 colloqueba-

823 622 933 669 tur.
964 612 1150 665 Postea
1184 626 1311 664 vero
1337 626 1496 679 quam
1531 626 1559 664 a
1608 613 1786 678 seipso
1809 610 1976 664 divini
2005 610 2164 680 iubar
2196 612 2357 663 lumi-

823 702 907 756 nis
935 700 1183 761 exclusit,
1213 709 1341 764 tunc
1373 699 1593 760 audivit,
1629 707 1687 753 ιιι
1718 699 1995 767 Scriptura
2050 699 2238 763 refert,
2260 715 2358 753 vo-

823 804 940 843 cem
1003 789 1218 845 Domini
1274 788 1773 857 prodeamhulantis
1831 788 1885 843 in
1937 789 2186 855 paradiso
2258 789 2359 842 sub

822 893 1123 944 vesperam.
1148 886 1204 931 et
1230 878 1465 933 oet-uiuit
1498 892 1574 939 se,
1599 878 1723 945 quia
1774 877 1953 933 nudus
1980 888 2113 931 erat.
2163 879 2362 951 Praeter

821 982 883 1019 ea
914 982 1035 1035 qua:
1060 968 1166 1036 iam
1189 967 1329 1019 dicta
1368 974 1509 1027 sunt,
1547 965 1755 1035 Ophitaa
1788 968 1889 1021 hoc
1926 981 2141 1036 quoque
2173 976 2360 1019 contra

822 1065 1093 1123 receptam
1123 1055 1336 1123 piorum
1378 1056 1700 1108 sententiam
1734 1065 1980 1110 astrunnt
2013 1074 2024 1109 :
2060 1056 2201 1123 quod
2254 1055 2363 1108 sci-

827 1146 956 1199 licet
1008 1146 1267 1199 Dominus
1307 1146 1464 1200 Jesus
1519 1147 1741 1200 formam
1795 1147 2060 1215 serpentis
2101 1146 2359 1209 induerit,

824 1244 985 1305 atque
1026 1239 1096 1289 ita
1139 1236 1376 1304 Virginis
1408 1246 1619 1289 uterum
1652 1237 1902 1300 subierit,
1932 1236 2075 1305 quod
2117 1236 2169 1289 in
2201 1250 2361 1290 causa

825 1327 948 1391 fuit,
981 1335 1039 1379 ut
1070 1326 1358 1396 Apostolus
1385 1326 1739 1380 exclamarit:
1788 1324 1887 1389 Qui
1938 1342 2054 1379 cum
2096 1327 2151 1379 in
2195 1326 2363 1395 forma

828 1413 922 1467 Dei
954 1424 1102 1477 esset,
1133 1431 1234 1468 non
1265 1416 1509 1483 rapinam
1544 1415 1829 1467 arbitratus
1860 1424 1934 1472 est
1961 1431 2014 1469 se
2044 1431 2152 1468 esse
2186 1431 2363 1483 a'quo-

826 1504 924 1555 lem
958 1503 1082 1566 Deo,
1114 1504 1202 1556 sed
1250 1503 1532 1559 exinanivit
1587 1508 1936 1572 semetipsum,
1971 1506 2196 1572 formam
2237 1508 2368 1558 servi

827 1594 1081 1663 accipiens
1100 1596 1167 1648 ⁸ο.
1195 1594 1322 1659 Quae
1349 1594 1493 1647 enim
1531 1594 1641 1646 Deo
1686 1610 1808 1647 cum
1848 1595 2200 1648 animantium
2250 1610 2368 1647 om-

828 1686 978 1737 nium
1012 1684 1241 1737 maxime
1281 1683 1600 1737 detestando
1633 1693 1905 1749 serpente.
1960 1685 2050 1751 qui
2100 1682 2361 1736 Adamum

832 1776 1281 1839 circumvenerat,
1323 1773 1883 1827 communicatioest?
1934 1774 2037 1828 Sed
2086 1775 2178 1828 Dei
2235 1775 2363 1829 Ver—

835 1865 986 1925 bum,
1036 1879 1159 1917 cum
1210 1865 1262 1916 in
1322 1863 1513 1925 forma,
1565 1878 1658 1915 seu
1721 1863 2017 1917 substantia
2059 1865 2149 1917 Dei
2208 1873 2372 1927 esset,

834 1968 934 2007 nec
960 1955 1079 2021 eius
1106 1953 1339 2006 essentia
1400 1968 1497 2021 per
1555 1952 1819 2021 rapinam,
1867 1956 1959 2008 sed
2000 1966 2241 2008 naturam
2277 1970 2373 2022 po-

840 2045 963 2103 tius,
994 2057 1225 2110 eamque
1257 2042 1393 2095 adeo
1423 2042 1711 2109 ejusmodi,
1734 2059 1852 2110 quae
1885 2044 2057 2098 amitti
2086 2044 2235 2099 nullo
2257 2058 2374 2097 mo-

844 2134 911 2186 .lo
938 2135 1127 2202 possit,
1154 2133 1376 2201 aequalis
1405 2132 1514 2185 Deo
1536 2142 1711 2199 esset;
1766 2136 2001 2202 seipsum
2056 2136 2374 2200 exinanivlt,

838 2224 1059 2275 formam
1087 2222 1245 2285 servi,
1275 2222 1377 2275 hoc
1401 2232 1483 2275 est
1504 2222 1792 2276 humanam
1819 2232 2064 2276 naturam
2084 2223 2375 2292 accipiens,

841 2311 1296 2378 quemadmodum
1345 2320 1400 2363 et
1440 2310 1493 2364 in
1550 2311 1901 2379 sequentibus
1950 2312 2206 2373 ostendit,
2254 2329 2376 2367 cum

838 2405 932 2464 ait,
966 2402 1047 2453 Ad
1067 2401 1458 2455 similitudinem
1485 2403 1747 2455 hominum
1777 2402 1944 2467 factus
1969 2403 2031 2455 “.
2063 2402 2236 2469 Quare
2257 2418 2377 2456 cum

842 2492 1059 2544 Paulum
1084 2490 1289 2559 Ophiue
1340 2492 1391 2543 in
1421 2490 1656 2545 medium
1708 2490 1954 2555 afferant,
1999 2501 2057 2547 ut
2094 2492 2377 2546 Dominum

843 2586 1017 2634 l'orma
1042 2582 1305 2648 serpentis
1330 2590 1601 2649 assumpta
1631 2582 1901 2645 Virginem
1926 2581 2155 2635 subiisse
2180 2582 2379 2637 confir-

842 2679 1010 2733 ment,
1068 2686 1097 2724 a
1145 2672 1311 2725 l‘aulo
1371 2672 1486 2739 ipso
1539 2672 1861 2738 ventriloqui
1918 2673 2201 2740 perspicue
2230 2688 2382 2726 coar-

842 2771 1083 2829 guuntur
1132 2761 1237 2813 imo
1273 2761 1378 2812 i‘!is
1405 2778 1464 2814 os
1524 2770 1777 2828 tanquam
1812 2762 2111 2829 vaniloquis
2145 2763 2383 2817 obstrui-

846 2862 953 2904 tur.
982 2850 1244 2903 Cancrum
1275 2853 1367 2917 qui
1406 2850 1517 2903 iieri
1543 2858 1741 2918 potest,
1773 2858 1831 2903 ut
1861 2849 2084 2905 formam
2117 2855 2383 2921 serpentis

844 2940 1104 2993 Dominus
1161 2941 1450 3008 acceperit,
1495 2955 1656 3009 quem
1712 2940 1779 2993 de
1844 2941 2022 2995 medio
2076 2942 2383 2996 sublaturus

2458 531 2601 585 enim
2666 530 2932 582 carnalem
2984 538 3038 581 et
3093 542 3379 581 venereum
3426 525 3770 579 concubitum
3824 523 4017 578 rebus

2456 621 2623 676 sacris
2649 627 2966 682 accensent,
2997 618 3143 672 etab
3178 633 3243 670 eo
3276 617 3377 669 sibi
3408 617 3461 668 in
3486 615 3579 669 Dei
3636 615 3836 684 regiam
3877 612 4017 666 adi-

2459 718 2570 762 tum
2615 706 2935 775 patei‘actum
2967 706 3031 759 iri
3070 711 3282 773 putant.
3334 701 3493 756 Certe
3539 701 3605 755 ad
3656 716 3823 769 ganea
3854 713 4014 752 ωηο

2459 796 2708 852 sectanda
2751 795 3034 849 fenestram
3086 794 3259 862 aperit
3303 792 3606 862 huiusmodi
3654 789 4011 847 communio.

2459 900 2754 953 eorumque
2802 884 3069 939 societatis
3112 883 3237 939 albo
3287 897 3411 937 sues
3457 892 3513 935 et
3564 880 3700 933 hirci
3758 880 4007 932 libentes

2461 977 2815 1031 ascribantur.
2865 973 2943 1029 Sit
2986 989 3114 1028 vero
3157 973 3345 1026 iisdem
3372 970 3635 1040 praecipua
3677 978 3733 1023 et
3760 969 4015 1029 maxima

2461 1083 2583 1136 spes
2612 1068 2664 1119 in
2702 1067 2767 1121 iis
2800 1064 3173 1122 meretricibus
3219 1064 3450 1131 reposita
3472 1098 3486 1122 ,
3541 1076 3659 1129 quae
3687 1060 3740 1113 in
3785 1057 4018 1110 fornice

2461 1165 2729 1225 prostant,
2757 1163 2812 1208 et
2840 1153 2973 1209 citra
3001 1151 3265 1206 delectum
3286 1148 3511 1218 quosvis
3533 1148 3789 1200 accedere
3814 1144 4021 1196 volen-

2463 1257 2544 1300 tes
2577 1244 2917 1313 impudenler
2940 1243 3247 1296 admittunt.
3294 1239 3427 1293 Aliis
3466 1251 3623 1305 porro
3652 1236 3707 1287 in
3748 1231 4019 1286 eamdem

2462 1332 2780 1388 sententiam
2810 1330 3026 1394 additis,
3059 1330 3221 1384 infert
3253 1346 3265 1381 :
3305 1328 3425 1381 Haec
3459 1335 3507 1378 el
3534 1322 3843 1390 huiusmodi
3872 1330 4019 1371 sunt

2464 1421 2872 1475 Pronicensium
2901 1419 3171 1488 dogmata,
3203 1416 3295 1484 qui
3337 1430 3392 1469 se
3420 1412 3704 1468 Gnosticos
3741 1409 3876 1462 falso
3908 1423 4023 1460 no—

2465 1513 2608 1565 mine
2634 1512 2906 1564 dixerunt.

2762 1638 3022 1695 Ha‘reseos
3064 1636 3394 1706 prum-edentis
3416 1630 3717 1700 confatalia.

2542 1777 2593 1831 Si
2625 1776 2772 1828 Plato
2809 1770 3084 1826 Platonico
3128 1782 3275 1821 more
3325 1765 3538 1818 locutus
3564 1771 3675 1823 est,
3713 1772 3815 1812 nec
3866 1770 4017 1824 prae-

2474 1876 2620 1924 tento
2642 1861 3037 1935 legumlationis
3063 1860 3282 1923 cortice,
3318 1852 3745 1925 philosophicum
3786 1859 4022 1902 sensum

2473 1957 2732 2019 occuluit,
2764 1952 2905 2007 haud
2930 1950 3091 2004 dubie
3126 1948 3277 2002 Plato
3315 1945 3527 2014 indigna
3561 1957 3616 1996 se
3649 1950 3758 1993 tum
3786 1936 4029 1990 molitus

2473 2057 2590 2106 est.
2643 2059 2763 2099 cum
2819 2040 3033 2109 nuptias
3078 2050 3392 2092 communes
3442 2047 3559 2087 esse
3613 2030 3726 2084 suis
3779 2024 4027 2080 saucii-it

2476 2137 2702 2205 legibus.
2734 2134 2864 2187 Nam
2893 2129 3176 2185 Prodicum
3215 2126 3352 2187 sino,
3384 2134 3434 2175 et
3467 2121 3556 2189 qui
3587 2116 3827 2173 Platonis
3857 2113 4030 2205 audi:

2478 2199 2622 2279 toi'es
2649 2218 3005 2277 dissentaneis
3030 2218 3241 2283 sibique
3271 2211 3621 2267 dissimilibus
3644 2203 3891 2274 magistri
3927 2199 4025 2254 sui

2476 2312 2861 2383 Opinionibus,
2901 2320 3152 2376 tauquam
3211 2317 3407 2356 musca:
3470 2297 3778 2355 ulceribus,
3834 2290 4023 2346 inﬂati

2478 2415 2620 2461 sunt.
2679 2404 2777 2468 Qui
2836 2401 2979 2454 enim
3031 2393 3429 2452 communitatis
3485 2389 3765 2443 mulierum
3819 2388 4029 2435 auctor

2479 2507 2577 2558 est,
2608 2496 2652 2548 is
2680 2490 2811 2546 nihil
2855 2489 3023 2549 aliud,
3074 2502 3229 2555 quam
3261 2484 3535 2535 nationum
3566 2476 3833 2529 omnium.
3882 2469 4024 2558 toti-

2484 2602 2651 2655 usque
2673 2584 2885 2650 generis
2907 2578 3126 2633 humani
3150 2574 3519 2628 confusionem
3550 2561 3868 2655 introducit.
3890 2556 4024 2655 Pu?

2478 2646 2623 2729 enim
2675 2646 2792 2726 iicri
2835 2676 3043 2735 potest,
3076 2675 3134 2717 ut
3173 2678 3235 2716 ex
3287 2655 3587 2727 huiusmodi
3638 2646 4027 2718 complexibus

2481 2773 2632 2836 pater
2684 2762 2823 2813 ullus
2872 2763 3241 2825 cognoscatur.
3286 2758 3340 2802 ct
3398 2744 3571 2799 caeteri
3621 2736 4024 2836 consanguinei

2481 2830 2958 2909 demonstrentur‘l
2990 2847 3055 2896 At
3078 2851 3221 2894 certe
3251 2840 3389 2891 Deus
3422 2832 3552 2887 nihil
3595 2830 3817 2883 confuse
3857 2840 4022 2878 crea-

2482 2945 2578 3002 vit.
2608 2940 2698 2995 sed
2725 2938 2814 2992 ubi
2840 2936 3070 2999 primum
3098 2932 3369 2982 materiam
3402 2931 3629 2991 quatuor
3660 2919 3711 2969 in
3740 2918 4025 2968 elementa

845 3036 1087 3090 venerat,
1123 3036 1374 3095 tanquam
1420 3029 1681 3082 daemonis
1715 3030 2076 3091 emissarium,
2102 3032 2194 3097 qui
2239 3031 2380 3084 Ada-
2407 3042 2449 3097 ο
2482 3033 2821 3101 digessisset,
2852 3042 2916 3079 ex
2949 3025 3051 3077 illis
3072 3022 3211 3073 hunc
3250 3031 3407 3085 quem
3440 3014 3680 3065 videmus
3701 3002 4023 3101 sumtide

847 3134 1015 3195 mum,
1046 3118 1150 3171 hoc
1187 3128 1270 3171 est
1294 3134 1549 3173 manuum
1582 3134 1799 3174 suarum
1819 3136 1973 3186 Opus.
2009 3121 2380 3177 circumvene-

847 3208 962 3260 rat?
987 3207 1138 3274 Quod
1166 3208 1310 3261 enim
1333 3208 1456 3277 quis
1484 3211 1844 3278 expetendum
1867 3211 2093 3279 iudicat,
2118 3213 2169 3266 id
2194 3228 2380 3282 magna

846 3312 1061 3365 quoque
1090 3296 1366 3367 diligentia
1421 3300 1785 3368 prosequitur,
1844 3301 1988 3369 quod
2043 3317 2173 3357 vero
2217 3318 2384 3357 nocu-

850 3396 1110 3447 mentum,
1138 3395 1389 3454 tauquam
1438 3387 1539 3441 sibi
1566 3392 1917 3453 contrarium,
1973 3392 2167 3446 aliene
2214 3395 2383 3455 novit,

850 3476 901 3529 id
942 3484 1239 3553 aversatur,
1269 3489 1368 3529 nec
1410 3477 1519 3532 ulla
1553 3493 1774 3550 prorsus
1801 3480 2058 3536 aiiinitate
2114 3483 2215 3536 sibi
2257 3498 2385 3536 con-

844 3568 1041 3636 jungit.

1492 3704 1637 3757 CAP.
1672 3704 1735 3757 Χ.

1014 3811 1221 3862 Decima
1262 3812 1483 3874 Iucresis,
1522 3811 1727 3867 Prodici
1755 3822 1803 3865 et
1834 3814 2217 3867 Adamitarum.

926 3918 1253 3971 Platonicam
1297 3917 1551 3972 Prodicus
1597 3920 1934 3988 disciplinam
1977 3936 2098 3975 cum
2164 3936 2389 3990 percur-

856 4007 1048 4070 risset,
1107 4021 1298 4059 eorum
1352 4008 1442 4076 qui
1504 4009 1761 4061 Adamitae
1810 4010 2064 4064 dicuntur
2122 4011 2391 4069 htcreseos

853 4107 1047 4149 auctor
1104 4096 1240 4158 fuit,
1292 4097 1667 4166 publicamque
1718 4097 2029 4154 libidinosa
2093 4102 2389 4171 pruriginis

856 4186 1129 4255 licentiam
1186 4186 1579 4253 Carpocraticis
1613 4188 1954 4257 dogmatibus
1998 4190 2225 4245 addidit.
2279 4193 2393 4254 Mu-

858 4277 1015 4333 lieres
1063 4274 1208 4328 enim
1259 4290 1575 4330 communes
1624 4292 1742 4331 esse
1788 4278 2047 4340 sancivit,
2102 4282 2257 4348 cuius
2312 4283 2388 4334 rei

859 4361 1027 4431 gratia
1070 4375 1173 4412 non
1216 4369 1421 4415 tantum
1458 4362 1690 4431 publicis
1731 4364 1783 4416 in
1835 4365 2116 4427 conviviis,
2150 4368 2389 4423 lucernis

858 4450 1137 4515 confestim
1168 4450 1479 4513 exstinctis,
1530 4453 1582 4504 in
1612 4467 1993 4521 quamcunque
2036 4455 2212 4522 quivis
2258 4457 2391 4510 inci-

859 4538 1045 4599 tiisset,
1078 4552 1195 4592 eam
1239 4538 1661 4606 comprimehat,
1690 4540 1782 4594 sed
1824 4541 2130 4609 huiusmodi
2176 4558 2392 4612 quoque

860 4628 1247 4695 turpitudinem
1274 4630 1482 4699 mystici
1514 4630 1765 4697 sacriﬁcii
1795 4631 1915 4684 loco
1938 4632 2192 4688 habebat.
2219 4635 2393 4701 Atque

858 4719 1019 4785 huius
1052 4720 1128 4771 rei
1167 4728 1356 4773 testem
1398 4719 1730 4779 Clementem
1758 4757 1773 4781 ,
1804 4720 1897 4788 qui
1956 4720 2222 4775 Stromata
2267 4738 2397 4776 con-

856 4809 1072 4876 scripsit
1098 4809 1241 4879 (ιδγ,
1273 4821 1545 4865 auctorem
1575 4810 1772 4871 citabo,
1795 4825 2006 4863 sacrum
2039 4812 2233 4875 virum,
2268 4813 2391 4879 qui-

856 4909 960 4961 que
996 4910 1174 4949 rerum
1208 4896 1498 4949 multarum
1533 4898 1725 4965 peritia
1758 4907 1983 4951 caeteras
2009 4913 2197 4951 omnes
2221 4915 2384 4953 exsu-

860 4993 1027 5050 pctet,
1071 4986 1225 5053 cuius
1270 4984 1322 5037 in
1375 4984 1679 5044 Stromaton
1728 4987 1890 5040 tertio
1944 4987 2056 5041 haec
2106 4988 2395 5057 leguntur:

858 5069 995 5121 Sunt
1018 5084 1178 5136 porro
1227 5071 1317 5137 qui
1361 5071 1666 5138 publicam,
1698 5081 1753 5124 et
1801 5073 2054 5126 omnibus
2100 5075 2396 5143 expositam

862 5157 1121 5211 Venerem
1151 5160 1388 5227 mystica:
1422 5161 1820 5213 communionis
1844 5163 2062 5215 nomine
2087 5161 2398 5232 dignentur,

860 5248 934 5299 rei
980 5264 1146 5303 sacrae
1190 5252 1271 5303 vel
1333 5252 1550 5309 nomine
1604 5252 1721 5305 solo
1774 5252 1917 5306 haud
1976 5254 2138 5307 dubie
2190 5254 2396 5322 iniurii.

861 5339 1061 5394 Deinde
1084 5352 1270 5395 contra
1325 5342 1570 5396 subidam
1606 5344 1772 5407 illam,
1808 5346 2152 5406 porcinamve
2193 5348 2369 5415 εγω-(τί

934 5480 975 5506 τ’
1001 5478 1197 5547 Philip.
1261 5497 1315 5544 ll,
1351 5485 1401 5533 ti.
1481 5483 1519 5510 ⁶¹
1557 5481 1687 5533 Ibid.
1718 5481 1767 5533 7.

926 5614 1037 5678 (45)
1062 5614 1306 5670 (Ilotncus
1338 5618 1386 5668 in
1421 5616 1703 5670 Stromatis
1730 5618 1802 5670 lib
1856 5632 1932 5667 ιιι.

2484 3092 2779 3177 fabricavit.
2818 3116 2914 3170 llic
2941 3128 3069 3166 vero
3105 3111 3230 3163 dum
3278 3114 3614 3158 communem
3646 3095 3805 3150 nobis
3837 3092 4023 3145 Vene-

2486 3228 2595 3266 rem
2628 3213 2740 3279 la-ge
2765 3205 3047 3276 permittit.
3074 3217 3173 3255 nec
3206 3213 3326 3253 cum
3350 3196 3556 3248 delectu
3588 3187 3803 3279 mulieri
3832 3184 4023 3279 adlue-

2485 3273 2708 3358 rendum
2742 3273 2931 3357 tradit,
2976 3302 3031 3348 et
3061 3300 3241 3360 patres
3268 3284 3423 3339 nobis
3448 3289 3658 3333 nostros
3699 3273 3927 3327 invidet,
3964 3280 4021 3321 et

2483 3409 2650 3461 genus
2694 3371 3003 3455 ambiguum
3062 3366 3791 3461 promiscuumquestatuit:
3832 3363 3920 3461 ita
3962 3370 4024 3410 ut

2485 3450 2569 3535 'vix
2602 3483 2847 3548 cuiquam
2880 3476 3213 3529 innotescere
3242 3473 3425 3533 queat,
3455 3474 3521 3514 an
3545 3459 3632 3549 hic
3654 3466 3802 3549 patre
3828 3450 4026 3549 Graeco

2486 3584 2644 3627 natus
2680 3540 2859 3627 fuerit,
2914 3580 2981 3617 an
3018 3577 3145 3613 vero
3190 3557 3280 3609 ille
3308 3570 3371 3608 ex
3417 3548 3661 3604 barbaris
3702 3546 3873 3597 Ama:
3898 3540 4026 3591 ibiis

2485 3676 2538 3718 et
2568 3656 2936 3729 Hippomulgis
2965 3660 3139 3705 ortum
3177 3643 3441 3698 habuerit.
3479 3640 3578 3692 Per
3611 3647 3659 3689 te
3697 3648 3827 3729 vero
3861 3630 4025 3729 mihi.

2487 3720 2702 3819 quaeso.
2751 3720 2915 3813 patris
2945 3740 3161 3794 nomine
3197 3736 3299 3788 frui
3331 3735 3519 3788 liceat,
3561 3720 4025 3819 quemadmodum

2491 3811 2543 3896 tu
2576 3843 2628 3893 in
2665 3811 2981 3891 hodiernum
3025 3840 3195 3895 usque
3238 3825 3377 3877 diem
3413 3821 3552 3874 filius
3585 3813 3853 3871 Aristonis
3882 3811 4029 3863 dice—

2491 3936 2583 3989 ris,
2609 3944 2709 3981 nec
2736 3927 2801 3979 ab
2831 3939 2885 3976 re
2915 3916 3291 3974 denominaris.
3324 3912 3431 3965 Nec
3449 3925 3511 3963 ea
3528 3918 3672 3962 certe
3696 3900 4026 3956 animantia.

2489 4021 2686 4091 quibus
2714 4015 2870 4069 insita
2891 4011 3030 4063 ratio
3047 4015 3149 4067 est.
3184 4000 3461 4071 quibusvis
3486 3994 3812 4091 mulieribus.
3834 4003 4026 4087 semen

2491 4082 2833 4167 committere
2862 4102 3056 4160 solent,
3087 4097 3177 4153 sed
3202 4094 3285 4146 his
3315 4105 3527 4159 quoque
3556 4087 3634 4137 vis
3661 4082 3909 4177 quaedam
3944 4082 4030 4177 iin-

2492 4211 2594 4261 est,
2648 4210 2751 4266 qua
2803 4202 3038 4246 amorem
3090 4189 3344 4249 respuant
3380 4187 3437 4231 et
3470 4175 3730 4230 devitent.
3793 4168 3918 4269 ιβοιι
3954 4168 4026 4269 ita

2494 4263 2689 4349 Draco,
2722 4298 2826 4351 non
2882 4280 2951 4331 ita
2998 4276 3157 4329 Solon
3209 4272 3350 4322 cives
3377 4269 3451 4321 tui
3505 4277 3630 4319 suas
3672 4263 4026 4351 sanciveruat

2420 4342 2466 4399 Β
2492 4342 2657 4443 leges,
2678 4342 2784 4422 sed
2808 4348 2994 4425 lectos
3030 4360 3428 4414 distinxerunt,
3477 4362 3661 4417 pmnas
3707 4344 4026 4443 raptoribus

2488 4430 2760 4527 viiginum
2803 4456 3126 4522 irrogarunt,
3163 4443 3428 4513 supplicio
3460 4440 3581 4529 illos
3606 4430 4027 4529 extremo-mul-

2491 4520 2695 4612 tarunt,
2739 4520 3047 4616 quicunque
3077 4541 3186 4594 vim
3222 4532 3473 4593 thalamis
3507 4528 3769 4581 inferrent
3802 4520 4025 4616 alienis,

2488 4639 2667 4691 omnia
2685 4608 2928 4700 denique
2962 4608 3099 4683 bene
3126 4635 3179 4679 et
3204 4631 3349 4676 recte
3378 4618 3779 4685 disposuerunt.
3812 4608 3857 4659 Τ
3866 4625 3898 4660 ιι
3929 4622 4025 4657 au-

2490 4740 2619 4790 tem,
2656 4726 2746 4794 qui
2786 4737 2912 4776 vere
2939 4714 3385 4789 sapientissimus,
3416 4718 3473 4761 et
3498 4705 3706 4794 ubique
3728 4700 4025 4794 celeberri-

2494 4789 2612 4871 mus
2637 4789 2853 4868 habitus
2905 4826 2990 4871 es,
3036 4805 3164 4874 quid
3200 4804 3330 4859 tibi.
3360 4811 3575 4867 quaeso,
3623 4789 3849 4845 voluisti
3902 4803 4023 4840 eam

2496 4905 2621 4959 talia
2682 4900 3021 4971 promulgare
3063 4907 3224 4949 ausus
3266 4890 3364 4943 es?
3409 4894 3500 4939 aut
3534 4882 3805 4971 unde,_ea
3850 4890 4023 4944 quove

2498 4966 2739 5059 tripode,
2790 5004 2855 5043 ex
2904 4966 3140 5055 quorum
3176 4978 3407 5039 denique
3455 4966 3941 5062 philospphorum...
3972 4972 4025 5012 ιιι

2494 5051 2583 5137 ἰιτι
2619 5051 2826 5138 dicam,
2871 5051 3166 5131 co'rollariis
3190 5076 3281 5121 aut
3327 5059 3671 5135 syllogisticis
3724 5051 4025 5107 rationibus

2496 5172 2559 5225 ad
2588 5172 2699 5223 lucc
2747 5167 2946 5219 tabulis
2992 5157 3335 5215 inscribenda
3373 5153 3638 5206 adductus
3666 5160 3761 5206 es,
3810 5155 3936 5206 qua
3964 5154 4024 5225 ne

2496 5224 2568 5311 dii
2615 5256 2833 5323 quidem
2870 5253 2944 5305 tui
3001 5241 3400 5316 probaverunt?
3445 5236 3545 5301 Qui
3582 5224 4023 5324 metatores

2497 5349 2627 5419 ipsis
2660 5346 3033 5415 pra-fecerunt,
3092 5335 3403 5399 nobilesque
3434 5326 3567 5381 adeo
3615 5335 3806 5390 pinnas
3850 5318 3921 5371 ab
3962 5330 4023 5368 us
