4274 6382
269 397 404 462 1269

1497 393 1885 459 THESAURI
1927 395 2070 456 LIB.
2120 395 2216 458 ιν.

3318 395 3453 461 12το

271 515 714 579 repoposcerunt.
747 513 836 581 qui
887 510 942 567 iu
995 511 1168 569 aliena
1209 512 1435 585 cupidas
1472 527 1664 570 manus
1692 510 1814 581 lnji-
1843 514 1882 571 Δ
1915 509 2186 565 vixerunt.
2222 509 2344 565 llaec
2376 516 2433 564 et
2480 506 2791 574 huiusmodi
2823 506 3091 578 professi.
3121 522 3241 579 qua
3289 512 3456 579 pudu-

268 611 389 654 ceru
423 598 700 660 auderent.
737 609 887 654 utea
919 599 1102 655 lslone
1142 601 1397 671 coniicio.
1443 602 1690 672 quamvis
1720 601 1810 654 ille

265 685 496 743 lunonis
553 688 672 742 loco
722 689 972 743 nebulam
1030 689 1367 758 amplexatus
1401 700 1582 746 esset:
1640 699 1696 744 ct
1744 705 1810 744 et

269 774 471 838 Marte.
501 791 660 843 quam
691 776 959 832 Vulcanus
1002 777 1067 830 iis
1109 779 1341 833 vinculis
1391 780 1809 840 constrinxerat.

267 879 386 932 qua:
427 879 605 933 neque
663 864 873 934 frangi.
917 882 1092 934 neque
1142 868 1279 921 solvi
1341 877 1603 936 possent:
1651 881 1812 936 atque.

267 955 544 1010 communi
575 954 865 1008 multorum
895 955 1131 1009 ludibrio
1168 956 1436 1010 elet‘atutn
1465 969 1809 1024 exposuerat.

269 1044 519 1114 quamvis
562 1043 644 1097 vel
680 1043 930 1113 jugerum
960 1045 1325 1111 magnitudine
1357 1057 1660 1114 superaret.

340 1133 445 1188 Sed
497 1133 622 1200 quia
673 1133 976 1187 beneﬁcum
1034 1144 1245 1203 tempus
1300 1137 1575 1192 civitatem
1621 1138 1811 1205 ipsam.

270 1224 515 1290 quamvis
565 1223 701 1277 bene
735 1231 1000 1276 muratatn
1059 1225 1332 1285 deseruit.
1396 1228 1814 1294 bujusmodique

271 1313 413 1378 leges
444 1312 576 1364 solis
606 1311 851 1366 mandari
905 1311 1108 1366 litteris
1136 1314 1380 1378 permisit
1403 1356 1417 1377 ,
1465 1330 1565 1370 nos
1599 1331 1817 1385 quoque

211 1422 218 1431 -
273 1399 431 1452 tinem
462 1400 680 1454 dicendi
711 1400 993 1463 faciemus.
1022 1419 1088 1457 ne
1121 1403 1258 1458 forte
1294 1405 1359 1458 iis
1391 1406 1532 1459 vires
1566 1406 1819 1459 restitua-

274 1501 423 1549 mus,
463 1498 519 1541 et
577 1490 829 1544 secunda:
880 1491 1114 1559 quodam
1180 1496 1339 1546 modo
1394 1495 1516 1548 t-itte
1564 1504 1817 1548 auctores

271 1575 464 1639 simus,
493 1592 612 1646 quae
649 1589 863 1647 tempus
893 1581 1046 1634 irrita
1081 1592 1136 1636 et
1169 1594 1414 1636 emortua
1460 1599 1582 1639 esse
1626 1585 1812 1638 voluit.

905 1691 1054 1746 CAP.
1093 1693 1181 1746 XI.

622 1779 900 1832 Undecima
932 1783 1142 1835 Ita'resis
1164 1783 1473 1836 Cainorum.

337 1890 488 1944 (:aini
539 1890 602 1941 ad
641 1891 965 1958 inculpatum
1013 1892 1168 1946 ﬁdem
1212 1903 1450 1947 nostram
1502 1893 1821 1948 accedentes

276 1983 650 2048 baptizantur.
707 1983 868 2050 impie
927 2000 1054 2037 vero
1117 1985 1524 2051 universitatem
1596 1986 1735 2040 Itane
1791 2002 1822 2042 a

272 2073 482 2126 duabus
535 2075 888 2139 potestatibus
942 2076 1206 2128 contineri
1262 2058 1453 2130 dicunt
1511 2094 1524 2129 :
1593 2093 1820 2147 quarum

274 2159 441 2216 altera
476 2163 779 2224 infirmior,
821 2166 988 2217 altera
1040 2167 1317 2233 potentior
1366 2169 1613 2222 exsistat.
1673 2170 1821 2220 lites

278 2256 341 2306 iis
373 2253 637 2305 Adamum
690 2253 962 2321 Evamque
999 2266 1306 2323 prognatos.
1364 2255 1629 2311 Caeterum
1672 2267 1823 2325 pote-

275 2353 446 2396 states
490 2345 706 2397 easdem
758 2355 941 2412 postea
979 2346 1101 2399 Eva:
1129 2347 1438 2401 adhaesisse.
1495 2349 1675 2416 Atque
1701 2348 1826 2402 Cai-

284 2451 410 2487 num
440 2434 680 2502 quidem.
713 2436 932 2494 Es:tum.
959 2446 1012 2490 et
1039 2435 1250 2491 Coritas
1284 2454 1349 2490 ex
1381 2440 1701 2507 potentioris
1732 2456 1826 2506 po-

279 2528 484 2578 testatis
531 2527 756 2583 semine.
799 2527 1016 2580 Abcletn
1055 2537 1232 2580 autem
1271 2544 1336 2582 ex
1391 2530 1671 2584 debilioris
1700 2547 1822 2597 pro-

278 2616 524 2669 cessisse.
582 2615 860 2686 Magnifice
904 2633 1120 2685 quoque
1184 2636 1240 2672 se
1291 2621 1560 2680 ederunt.
1603 2624 1746 2689 quod
1781 2627 1824 2673 .‘a

282 2709 496 2774 proavis
547 2708 744 2768 Caino,
785 2708 1112 2773 Sodomitis,
1154 2712 1292 2766 Esau
1319 2755 1331 2772 .
1368 2716 1475 2765 imo
1507 2729 1638 2767 vero
1663 2716 1825 2768 etiam

209 2851 214 2854 .
280 2816 309 2853 a
342 2799 614 2864 proditore
634 2799 768 2853 Juda
807 2799 1209 2856 descenderint.
1253 2803 1485 2858 Proinde
1507 2807 1827 2873 OptISt'Itltlm

282 2890 551 2956 quoddam
620 2889 932 2956 proferunt,
980 2891 1124 2958 quod
1186 2894 1392 2946 auctori
1451 2894 1602 2948 Jutltn
1665 2894 1832 2948 ascri-

287 2981 439 3032 bunt.
506 2979 831 3047 Angelornm
883 2996 1048 3050 porro
1099 2993 1151 3036 et
1197 2993 1526 3050 potestatum
1599 2988 1834 3041 nomini-

291 3073 391 3122 bus
429 3071 707 3132 eonlit-tis.
745 3073 979 3136 ephoros
1029 3088 1158 3132 eos.
1194 3074 1294 3126 hoc
1333 3084 1414 3128 est
1446 3078 1705 3142 presides
1736 3095 1829 3132 seu

284 3156 569 3223 praefectos
631 3159 1024 3225 appetitionum
1083 3162 1309 3213 rationis
1357 3166 1665 3230 expertium
1712 3181 1832 3220 esse

283 3247 491 3301 dicunt.
523 3246 598 3300 Ex
629 3263 738 3316 quo
762 3247 839 3309 fit,
875 3259 932 3302 ut
955 3265 1077 3302 cum
1107 3251 1158 3304 in
1181 3255 1513 3307 exsecranda
1536 3269 1586 3308 et
1620 3257 1834 3311 inianda

286 3349 504 3405 peccata
538 3339 854 3408 impingam.
888 3341 952 3394 ad
984 3356 1175 3396 eorum
1200 3345 1484 3412 quodlibet
1509 3349 1834 3410 exclamem.

287 3427 333 3483 Ο
375 3438 454 3492 tu,
499 3429 708 3498 angele.
750 3430 947 3483 abutar
985 3447 1152 3499 opere
1190 3445 1301 3495 tuo,
1354 3447 1692 3490 muneretuo
1744 3441 1839 3492 de-
1916 3455 1920 3459 ‘

288 3521 500 3589 fungur.
547 3520 687 3586 Quin
727 3530 782 3575 et
821 3537 884 3576 es
936 3522 1084 3577 Pauli
1153 3525 1384 3592 apostoli
1432 3529 1651 3594 nomine
1697 3546 1838 3598 optt-

295 3613 506 3665 seulum
536 3611 680 3664 aliud
727 3612 872 3666 nulla
923 3629 1032 3667 non
1068 3615 1425 3671 obscamitate
1454 3628 1671 3672 scatens
1712 3637 1840 3676 cun-

290 3701 593 3771 tingentes.
661 3698 1036 3766 ‘Avacattabv,
1076 3704 1177 3757 hoc
1231 3717 1351 3770 est.
1398 3708 1471 3761 De
1521 3713 1840 3766 ascensione

289 3789 441 3844 Pauli
469 3798 683 3844 vocant.
719 3789 856 3844 Hinc
912 3803 1131 3862 arrepta
1160 3797 1469 3858 occasione,
1506 3803 1653 3868 quod
1695 3803 1793 3871 Apf
1816 3832 1842 3843 -

291 3881 495 3935 stolum
551 3881 619 3934 ad
671 3883 893 3936 tertium
937 3899 1110 3954 usque
1155 3888 1352 3941 uelum
1398 3892 1713 3946 ascendisse
1763 3894 1846 3946 di-

292 3978 454 4035 cant,
490 3979 654 4039 atque
715 3971 789 4025 ibi
848 3973 1012 4043 verba
1061 3990 1169 4029 non
1207 3977 1496 4034 refert-uda
1547 3983 1842 4046 audivisse.

291 4075 413 4129 quae
441 4074 546 4114 non
577 4060 656 4114 fas
680 4070 762 4116 est
783 4061 991 4118 homini
1026 4063 1212 4133 loqui:
1238 4068 1437 4136 quibus
1465 4085 1572 4124 non
1608 4073 1849 4127 referen-

293 4152 378 4207 dis
410 4152 598 4206 verbis
623 4152 787 4221 impia
824 4154 911 4207 illa
941 4169 1039 4208 sua
1064 4155 1261 4226 ﬂagitia
1289 4159 1621 4229 intelligunt.

565 4263 829 4318 Ha’ressos
859 4267 1200 4335 prczcedentis
1233 4269 1543 4338 confutatio.

363 4373 516 4428 Dicat
545 4390 674 4428 vero
733 4376 1002 4446 quispiam
1081 4379 1348 4436 adversus
1409 4384 1547 4438 hanc
1615 4385 1848 4440 bteresin

1914 613 2026 652 rem
2091 596 2400 652 hominibus
2466 595 2622 650 facile
2676 597 2974 658 incutiant.
3009 597 3113 652 sibi
3166 610 3342 652 tamen
3401 602 3452 652 in

1913 688 1991 742 eis
2021 687 2267 756 placent.
2327 687 2678 754 animumque
2726 688 2791 740 ad
2844 701 3006 740 omne
3046 701 3217 752 genus
3269 687 3454 756 ﬂagitii

1916 775 2211 843 appellunt.
2248 773 2454 830 Revera
2504 774 2719 828 illorum
2748 775 2916 842 gloria
2952 777 3002 828 in
3035 777 3249 830 illorum
3291 776 3427 830 dede

1919 878 2044 916 core
2073 865 2322 917 consistit
2367 879 2380 915 :
2413 863 2506 931 qui
2540 878 2646 916 non
2678 863 2850 916 solum
2891 879 3183 930 corporeus
3203 865 3460 918 concubi-

1918 962 2003 1006 tus
2023 953 2308 1007 ordinibus
2338 953 2562 1006 materia
2593 954 2904 1006 carentibus
2935 953 3267 1012 attribuunt.
3297 962 3459 1022 atque

1913 1041 2023 1096 duo
2048 1043 2309 1112 principia
2344 1042 2485 1096 inter
2513 1056 2570 1095 se
2604 1043 2872 1096 contraria
2913 1041 3151 1097 tradunt.
3187 1058 3304 1110 qua
3338 1043 3458 1110 qui-

1915 1131 2036 1186 dem
2065 1146 2122 1184 se
2149 1140 2338 1184 mutuo
2370 1145 2594 1199 prorsus
2625 1132 2966 1192 interimunt,
3017 1140 3070 1183 ut
3103 1145 3224 1199 qua:
3251 1146 3306 1184 se
3340 1147 3456 1184 mu-

1919 1229 2011 1273 tuo
2042 1221 2146 1288 pati
2174 1229 2462 1287 nequeant,
2490 1220 2702 1288 sibique
2734 1236 2799 1274 ex
2831 1221 3096 1274 diametro
3124 1231 3426 1290 repugnent
3451 1241 3461 1273 :

1916 1309 2008 1364 sed
2033 1310 2197 1363 etiam
2226 1311 2578 1377 nequioribus
2607 1311 2919 1364 hominibus
2943 1309 3164 1372 addicti,
3196 1326 3265 1363 ne
3289 1309 3465 1363 futura

1919 1400 2141 1468 quidem
2182 1399 2286 1452 illis
2337 1400 2600 1467 supplicia
2652 1401 2838 1454 miseri
2879 1416 3060 1455 secum
3086 1399 3468 1468 quoquomudo

1918 1499 2203 1554 reputant,
2241 1489 2344 1553 vel,
2371 1491 2648 1543 tantillum
2699 1492 2917 1559 quidem
2961 1494 3344 1545 subverentur.
3392 1490 3470 1543 Si-

1919 1579 2140 1647 quidem
2168 1578 2370 1632 Cainus
2408 1581 2627 1633 meritas
2655 1580 2819 1633 esedis
2843 1581 3093 1633 fraterna
3124 1596 3312 1649 poenas
3347 1580 3468 1640 luit,

1921 1670 2052 1723 dum
2092 1670 2258 1735 gemit
2288 1680 2342 1722 et
2381 1669 2636 1736 trepidat,
2703 1679 2863 1737 atque
2897 1686 2989 1737 per
3026 1682 3195 1724 totum
3257 1675 3468 1727 misera:

1922 1762 2046 1813 vita:
2080 1761 2416 1813 curriculum
2452 1761 2710 1814 comitiali
2745 1762 2936 1814 morbo
2985 1763 3212 1814 laborat.
3252 1762 3469 1813 Coranus

1876 1826 1892 1870 ⁵
1923 1864 2052 1902 vero
2076 1859 2131 1902 et
2187 1849 2388 1903 Abiron
2440 1860 2598 1902 terra:
2650 1851 2902 1904 abscessu
2925 1891 2940 1913 ,
2979 1861 3141 1916 atque
3169 1852 3231 1904 ad
3265 1851 3470 1903 inferos

1922 1953 2044 1991 cum
2076 1940 2326 1991 universa
2353 1938 2549 1991 familia
2576 1939 2864 1999 descensu.
2890 1942 3231 1993 condemnati
3270 1951 3413 1993 sunt.

1992 2030 2161 2083 Porro
2214 2029 2504 2084 Sodomita:
2534 2031 2659 2098 igne
2690 2031 2906 2085 caelitus
2943 2033 2994 2084 in
3027 2033 3340 2098 Pentapolin
3373 2032 3468 2084 de-

1926 2121 2094 2174 misso
2128 2123 2439 2189 perierunt,
2484 2137 2593 2188 quo
2623 2123 2840 2190 quidem
2892 2123 2924 2176 ii
2950 2124 3039 2191 qui
3078 2125 3312 2176 mascula
3348 2123 3470 2176 libi-

1924 2210 2050 2265 dine
2107 2213 2392 2279 pruriunt,
2448 2214 2746 2266 etiamnum
2801 2215 3073 2266 fructuum
3133 2217 3472 2267 cinereorum

1925 2303 2290 2370 perceptione,
2319 2313 2582 2371 terrmque
2618 2305 2868 2359 siccitate
2887 2345 2899 2368 ,
2925 2317 2978 2359 et
3001 2306 3333 2358 inbabitabili
3362 2307 3475 2359 solo

1925 2391 2272 2447 erudiuntur.

1995 2482 2162 2537 Judas
2191 2485 2424 2552 denique
2455 2487 2597 2539 ultro
2627 2487 2886 2554 seipsum,
2917 2487 3059 2539 nulla
3103 2503 3322 2555 prorsus
3354 2503 3475 2555 per—

1927 2584 2080 2640 cepta
2119 2577 2364 2628 mercede
2400 2579 2761 2645 strangulatus.
2793 2579 2956 2630 vitam
3010 2580 3203 2647 laqueo
3238 2579 3468 2646 abrupit.

1929 2663 2096 2726 Quam
2127 2681 2252 2717 vero
2298 2668 2575 2734 appposite
2626 2667 2896 2720 daemonas
2922 2683 3134 2736 quoque
3185 2684 3293 2721 sum
3335 2669 3477 2736 ipso-

1932 2772 2055 2807 rum
2089 2756 2332 2810 libidinis
2377 2768 2431 2810 et
2481 2759 2912 2826 intemperantia:
2965 2759 3241 2826 praefectos
3276 2759 3480 2810 conlin—

1931 2857 2063 2914 gunt
2084 2848 2105 2898 ?
2129 2848 2195 2900 At
2223 2863 2352 2901 vero
2377 2864 2490 2917 qua:
2519 2851 2731 2901 societas
2764 2849 2862 2901 luci
2897 2852 2963 2900 ad
2992 2852 3227 2902 tenebras
3245 2852 3284 2880 “’
3310 2851 3330 2900 ?
3352 2851 3477 2916 quid

1932 2937 2080 2990 Juda:
2110 2947 2164 2991 et
2197 2939 2360 2991 Paulo
2402 2941 2734 2991 commune?
2791 2949 2844 2991 ut
2875 2942 3016 2992 illius
3052 2940 3268 3008 quidem
3302 2940 3478 2993 Evan-

1934 3027 2132 3095 gelium
2161 3026 2501 3094 proferatur,
2533 3029 2625 3096 qui
2681 3044 2746 3081 ne
2779 3029 3002 3081 auribus
3034 3031 3252 3096 quidem
3305 3029 3488 3080 Domi-

1859 3130 1901 3186 (ς
1937 3131 2062 3166 ηιιιιι
2107 3131 2136 3166 a
2172 3116 2402 3168 mortuis
2438 3116 2757 3174 surrexisse.
2800 3125 3102 3183 gentesque
3141 3116 3296 3168 fidem
3327 3115 3486 3166 Chri-

1936 3207 2164 3259 stianam
2188 3206 2410 3258 edoctas
2438 3221 2558 3260 esse
2589 3209 2862 3273 percepit,
2895 3207 2987 3273 qui
3030 3208 3265 3273 seipsum
3293 3206 3484 3257 eodem

1942 3307 2180 3363 tempore
2213 3296 2586 3363 suSpendcrit,
2635 3311 2743 3364 quo
2783 3297 3068 3349 Dominum
3104 3297 3379 3364 prodidit:
3418 3297 3489 3348 ita

1939 3397 1997 3439 ιιι
2035 3389 2248 3454 perire.
2295 3402 2457 3453 quam
2491 3385 2712 3439 sceleris
2756 3389 3019 3454 pamitere
3059 3388 3351 3439 maluerit:
3391 3388 3496 3439 ltu-

1933 3477 2024 3544 jus
2050 3489 2178 3530 vero
2206 3476 2428 3529 libellus
2479 3477 2887 3530 eummentitius
2929 3478 3074 3530 omni
3124 3477 3495 3530 obscmnitatis

1938 3566 2122 3634 Specie
2154 3565 2385 3620 refertus
2409 3567 2782 3635 contingatur,
2822 3581 2942 3619 cum
2975 3577 3154 3620 tamen
3188 3567 3368 3619 dicat:
3401 3565 3498 3620 Se-

1940 3659 2156 3726 quimini
2171 3659 2593 3718 sanctimoniam.
2621 3661 2732 3711 sine
2749 3675 2851 3728 qua
2875 3675 3023 3710 nemo
3040 3661 3226 3711 videbit
3252 3658 3412 3711 Deum
3432 3659 3497 3710 ".

1942 3749 2095 3811 Item,
2128 3747 2336 3818 Castigo
2365 3765 2550 3816 corpus
2582 3765 2773 3811 meum,
2803 3758 2852 3802 et
2890 3752 2942 3802 in
2975 3753 3271 3803 servitutem
3300 3753 3499 3819 redigo,

1946 3855 2008 3892 ne
2037 3839 2168 3906 forte
2193 3854 2308 3891 cum
2341 3838 2458 3891 aliis
2502 3840 2892 3905 prazdicaverim
2913 3880 2925 3897 ,
2973 3842 3080 3906 ipse
3118 3841 3365 3909 reprobus
3399 3841 3504 3908 eﬁi-

1945 3931 2056 3984 ciar
2078 3930 2146 3982 “.
2189 3930 2320 3984 Item
2355 3931 2406 3983 in
2448 3931 2688 3999 Epistula
2722 3930 2789 3983 ad
2823 3930 3158 3992 Corinthios,
3203 3938 3270 3985 de
3308 3947 3375 3985 oo
3409 3934 3502 3999 qui

1945 4037 2068 4075 cum
2094 4036 2324 4075 noverca
2353 4037 2409 4075 se
2443 4023 2733 4090 polluerat,
2763 4023 2910 4075 hunc
2933 4023 2987 4074 in
3026 4022 3244 4076 modum
3277 4023 3502 4077 scribit:

1949 4111 2059 4180 Ego
2086 4112 2290 4180 quidem
2331 4112 2511 4165 absens
2569 4129 2817 4180 corpore.
2869 4115 2987 4180 jam
3045 4129 3272 4182 prtrsens
3329 4131 3504 4166 autem

1947 4202 2137 4268 spiritu
2167 4201 2424 4269 judicaui,
2457 4212 2512 4253 ut
2566 4219 2793 4270 pra'sens
2832 4221 2980 4264 eum,
3016 4207 3104 4271 qui
3159 4207 3230 4256 sic
3265 4215 3508 4272 operatus

1950 4301 2058 4352 est,
2111 4294 2163 4344 in
2198 4293 2408 4342 nomine
2444 4292 2650 4345 Domini
2691 4297 2856 4346 nostri
2883 4294 3005 4345 Jesu
3035 4296 3262 4357 Christi,
3305 4297 3510 4347 trudere

1951 4384 2252 4450 hujusmudi
2286 4381 2532 4441 Sutanw.
2583 4387 2636 4435 in
2669 4385 2937 4436 interitum
2966 4388 3170 4443 carnis.
3202 4395 3256 4436 ut
3298 4388 3511 4452 spiritus

293 4467 664 4519 coatendeus:
696 4467 941 4523 lnaudita
989 4471 1196 4533 audivi,
1242 4490 1414 4543 eaque
1462 4477 1598 4530 adeo
1624 4492 1849 4545 percur-
1878 4460 2122 4525 Dsalous
2171 4475 2238 4524 sit
2280 4476 2334 4525 in
2384 4474 2465 4524 die
2518 4474 2726 4525 Domini
2768 4473 2891 4526 Iesu
2924 4474 2988 4525 ".
3040 4475 3107 4526 Et
3147 4475 3307 4532 paulo
3353 4486 3510 4542 post:

293 4571 416 4610 rere
449 4557 583 4611 mihi
611 4559 868 4629 contigit,
923 4576 1045 4630 qua:
1072 4563 1348 4619 oblivione
1382 4568 1658 4636 profecto,
1700 4580 1850 4624 tene-

292 4648 512 4717 brisque
539 4650 698 4718 digna
735 4660 881 4704 sunt.
920 4651 1054 4706 Cum
1093 4657 1236 4708 enim
1267 4656 1452 4710 Caiaui
1484 4659 1595 4712 duo
1645 4663 1853 4728 princi-

296 4743 384 4811 pia
409 4741 724 4810 praedicant,
759 4744 961 4813 quibus
1013 4764 1196 4802 rerum
1243 4749 1571 4804 universitas
1603 4763 1850 4807 constet:

292 4848 525 4901 quorum
561 4833 792 4888 alterum
825 4837 1083 4918 debilius,
1142 4840 1370 4892 alterum
1415 4841 1610 4895 fortius
1644 4844 1744 4906 sit,
1791 4858 1856 4896 ex

292 4925 506 4980 duabus
530 4925 638 4980 illis
696 4929 1062 4996 potestatibus
1111 4931 1315 4998 primos
1353 4944 1606 4999 parentes
1634 4951 1853 5002 proces-

293 5018 431 5069 si~se
462 5018 636 5070 aiunt.
699 5017 906 5075 Deinde
968 5035 1097 5074 vero
1145 5023 1306 5075 ambo
1356 5023 1481 5078 Eva:
1535 5025 1852 5085 adhaesisse.

292 5116 459 5174 atque
502 5122 566 5161 ex
597 5106 863 5163 debiliore
903 5119 1172 5179 potestate
1226 5113 1450 5166 Abeletn
1508 5125 1850 5184 prognatum.

294 5209 636 5274 caeterosque
686 5214 900 5266 omnes,
955 5202 1049 5270 qui
1093 5202 1248 5256 illum
1303 5203 1475 5258 secuti
1518 5205 1724 5258 cultum
1758 5205 1852 5258 Dei

291 5288 582 5355 atnplexati
614 5299 782 5342 sunt:
835 5305 902 5343 ex
931 5292 1104 5345 altera
1136 5307 1288 5356 vero.
1317 5309 1446 5363 qua:
1476 5295 1753 5362 potentior
1785 5295 1852 5347 ab

297 5377 406 5431 illis
440 5377 664 5442 dicitur,
704 5379 961 5445 Cainnm,
991 5382 1262 5444 Coraeum.
1295 5395 1351 5439 et
1401 5386 1691 5440 Abironem
1732 5387 1857 5453 pro-

293 5469 553 5532 cessisse.
580 5478 742 5538 atque
763 5473 898 5527 adeo
926 5474 1264 5530 Sodomitas:
1298 5485 1354 5530 et
1386 5479 1699 5546 quicunque
1736 5479 1855 5531 illus

300 5557 498 5621 secuti.
573 5559 814 5628 luxuque
866 5555 1199 5619 dilﬂttcntes.
1243 5564 1481 5619 molliter
1525 5575 1581 5619 et
1624 5566 1856 5619 delicate

382 5743 428 5776 "
456 5743 500 5799 11
525 5744 654 5800 Cor.
679 5761 750 5802 vt.
789 5746 866 5801 ll.
946 5748 989 5777 "
1025 5749 1187 5803 llebr.
1225 5765 1317 5812 stt,
1357 5750 1439 5804 Η.

1517 5752 1560 5782 ⁵³
1603 5751 1763 5803 Ηζιιτ.
1797 5767 1868 5811 Ix,
1897 5752 1983 5804 ‘27.

1951 4561 2125 4626 Quare
2151 4580 2252 4616 non
2283 4566 2446 4633 magis
2482 4566 2738 4632 injuriam
2779 4567 3018 4633 accipitis
3043 4567 3065 4617 ἴ)
3088 4582 3251 4633 quare
3279 4582 3380 4617 non
3405 4583 3513 4617 ma—

1952 4657 2028 4723 gis
2083 4655 2321 4722 fraudem
2354 4656 2638 4719 patimini?
2685 4657 2774 4707 sed
2823 4673 2908 4708 uos
2964 4658 3219 4724 tnjm-iam
3265 4658 3436 4722 facitis
3469 4669 3516 4708 et

1954 4748 2256 4817 fraudatis.
2298 4757 2344 4800 et
2375 4751 2468 4800 hoc
2520 4749 2791 4815 {rati-ibus.
2845 4751 2922 4801 An
2955 4751 3160 4801 nescitis
3197 4751 3320 4816 quia
3355 4751 3516 4817 iniqui

1957 4853 2176 4906 regnum
2208 4837 2300 4889 Dei
2344 4855 2444 4890 non
2477 4838 2813 4906 possidebunt
2844 4842 2867 4890 ἵ)
2905 4839 3077 4892 Nolite
3101 4856 3282 4892 errare
3311 4857 3328 4892 :
3358 4856 3518 4907 neque

1956 4929 2248 4995 fornicarii.
2280 4945 2443 4996 neque
2503 4929 2654 4982 idolis
2701 4934 3013 4990 servientes,
3069 4947 3230 4996 neque
3263 4929 3518 4989 adulteri,

1955 5034 2120 5086 neque
2150 5017 2363 5079 molles,
2418 5035 2582 5086 neque
2614 5021 2970 5073 masculorum
3018 5021 3393 5082 concubitores,
3432 5035 3521 5071 ne

1953 5125 2050 5176 que
2099 5107 2235 5175 fures
2256 5150 2269 5170 ,
2304 5125 2468 5177 neque
2499 5112 2672 5173 avari,
2708 5127 2870 5179 neque
2898 5113 3122 5174 ebriosi,
3161 5127 3324 5175 neque
3359 5112 3523 5164 male-

1954 5200 2074 5260 dici,
2120 5213 2284 5266 neque
2312 5216 2553 5267 rapaces,
2582 5218 2798 5270 regnum
2838 5200 2932 5258 Dei
2960 5202 3289 5269 possidebunt
3318 5202 3384 5256 “.

2032 5290 2204 5343 Verba
2259 5298 2438 5343 autem
2475 5291 2566 5344 illa
2622 5308 2729 5344 non
2788 5291 3114 5354 referenda.
3153 5308 3274 5360 qua:
3326 5292 3525 5346 Paulus

1963 5381 2189 5436 auribus
2227 5381 2446 5445 hausit.
2500 5398 2621 5452 qua:
2651 5385 2803 5437 nefas
2834 5392 2917 5438 est
2952 5383 3161 5438 homini
3194 5384 3340 5448 loqui
3366 5425 3381 5446 ,
3439 5385 3524 5439 vel

1963 5491 2083 5545 quae
2109 5476 2174 5529 ad
2206 5475 2365 5530 fidem
2395 5492 2502 5530 non
2532 5466 2822 5538 tediﬁcanl.
2849 5487 3072 5546 propter
3136 5480 3374 5546 ipsorum
3427 5494 3525 5530 no—

1968 5569 2211 5630 vitatem,
2247 5577 2299 5620 et
2336 5577 2542 5622 natura:
2578 5569 2831 5622 humana:
2868 5569 3256 5632 infirmitatem,
3295 5585 3398 5636 qua
3441 5568 3517 5631 lit.

2068 5753 2107 5782 "
2148 5751 2160 5802 Ι
2195 5752 2324 5807 (ἴοι-ο
2357 5740 2437 5816 ἰ·,
2476 5753 2507 5805 5
2566 5769 2717 5822 seqq.
2799 5756 2884 5808 "l
2919 5756 3128 5816 (Tor.vt,
3167 5752 3199 5807 7
3228 5766 3378 5820 seqq.
