4274 6382
862 396 991 460 1271

2076 398 2364 458 ΝῙΕΕΤΕ
2413 400 2807 461 (ΖΙΙΟΧΙᾹΤΕ

3861 405 4008 467 1272

860 516 919 558 nt
953 520 1058 559 non
1090 505 1242 561 facile
1273 504 1573 561 auditiones
1598 505 1904 573 huiusmodi
1948 506 2230 576 percipiat,
2267 523 2384 577 qua:
2412 511 2456 569 Α
2488 510 2619 564 Deus
2647 512 2826 565 calum
2856 522 2903 566 et
2934 523 3127 567 terram
3154 515 3219 566 ".
3268 513 3467 567 Deinde
3491 512 3813 582 quibusdam
3841 530 4018 580 expo-

858 594 1136 647 divinitate
1163 603 1386 648 caeteras
1418 596 1756 649 antecedunt.

926 682 1044 746 Quo
1073 684 1230 736 etiam
1267 683 1453 736 referri
1482 685 1843 753 evangelicam
1872 686 2010 740 hanc
2032 687 2384 741 assertionem

858 772 1107 824 existimo
1133 786 1147 822 :
1180 773 1359 824 Adnue
1388 773 1549 824 multa
1588 774 1749 825 habeo
1777 776 1909 827 vobis
1944 776 2132 835 dicere,
2170 778 2258 827 sed
2284 791 2386 826 non

860 861 1069 927 potestis
1100 871 1309 927 portare
1339 863 1485 913 modo
1506 862 1570 913 ’⁷.
1628 862 1755 914 Item
1789 880 1799 913 :
1831 861 1960 913 Sunt
1995 872 2164 915 autem
2206 872 2252 914 et
2280 863 2386 915 alia

860 946 1058 1006 multa,
1102 964 1215 1014 qua:
1247 950 1358 1015 fecit
1401 948 1552 1001 Jesus
1605 952 1658 1002 in
1708 961 1975 1018 conspectu
2020 951 2387 1017 discipulorum

857 1052 1070 1087 suorum
1095 1054 1111 1088 :
1139 1054 1253 1101 qua?
1294 1041 1337 1090 si
1378 1041 1667 1091 scribantur
1697 1057 1788 1106 per
1826 1041 2059 1106 singula.
2104 1057 2194 1093 nec
2222 1042 2386 1107 ipsum

861 1125 1085 1177 arbitror
1109 1128 1355 1178 mundum
1375 1142 1556 1195 capere
1575 1144 1719 1194 posse
1746 1144 1827 1179 eos
1860 1131 1946 1196 qui
1976 1129 2223 1182 scribendi
2247 1138 2387 1190 sunt,

863 1215 1018 1267 libros
1050 1216 1116 1266 ⁸⁸.
1170 1216 1264 1268 Vel
1288 1216 1414 1282 quia
1446 1216 1575 1275 vita.
1616 1232 1733 1283 quzc
1765 1217 2062 1269 secundum
2110 1217 2385 1270 Christum

862 1314 976 1362 est,
1009 1313 1169 1371 atque
1197 1304 1331 1357 adeo
1380 1318 1600 1373 regnum
1652 1306 1947 1366 caelorum,
1993 1305 2388 1374 quodammodo

863 1391 1024 1453 latet,
1061 1406 1160 1444 nec
1190 1393 1409 1446 omnino
1438 1394 1538 1447 sub
1571 1405 1840 1461 aspectum
1868 1395 2029 1448 cadit.
2059 1395 2168 1448 Hoc
2203 1410 2386 1458 sensu,

864 1494 970 1531 nan
1005 1480 1175 1532 solum
1224 1485 1355 1534 bona
1386 1482 1553 1549 ipsius
1597 1484 1842 1535 humanis
1872 1484 2173 1536 rationibus
2206 1484 2387 1551 pervia

864 1583 971 1619 non
997 1578 1151 1629 sunt,
1183 1570 1274 1622 sed
1311 1585 1375 1623 ne
1405 1572 1655 1640 mysteria
1686 1572 1903 1639 quidem
1941 1573 2179 1638 ejusdem
2209 1574 2387 1625 doceri

863 1665 917 1707 ιιι
954 1659 1153 1726 percipi
1185 1670 1426 1726 possunt.
1469 1661 1599 1712 Illud
1629 1676 1841 1727 quoque
1866 1700 1879 1717 .
1923 1663 2127 1713 Audiuit
2195 1678 2388 1713 arcana

864 1749 1053 1809 verba,
1087 1765 1201 1812 quia
1249 1767 1347 1803 non
1400 1751 1521 1803 licet
1571 1752 1763 1803 homini
1815 1752 1953 1819 loqui
1992 1753 2052 1812 “,
2104 1753 2174 1804 ita
2222 1752 2388 1817 accipi

866 1846 1039 1901 potest
1073 1856 1086 1889 :
1126 1839 1327 1905 Raptus
1356 1841 1550 1893 Paulus
1584 1842 1668 1892 illa
1711 1840 1928 1892 minime,
1962 1841 2159 1900 lingua:
2208 1842 2389 1901 anns-

866 1942 1021 1991 quam
1060 1929 1415 1994 explicatione
1471 1931 1743 1997 percepit,
1778 1930 1869 1982 sed
1922 1930 1995 1981 illi
2035 1930 2199 1980 animi
2249 1931 2384 1995 parti

862 2029 980 2077 quin
1015 2015 1238 2067 rationis
1290 2027 1371 2069 est
1397 2019 1683 2085 particeps,
1709 2019 1903 2069 tacitus
1929 2017 2217 2083 impressit.
2250 2017 2388 2069 Deus

862 2103 1003 2152 enim
1035 2119 1367 2170 nequaquam
1391 2120 1519 2157 voce
1544 2107 1890 2173 colloquitur,
1934 2120 2234 2174 arcanaque
2264 2122 2386 2173 sug-

862 2192 1035 2255 peril.
1072 2194 1162 2245 sud
1216 2194 1301 2246 iila
1340 2211 1525 2247 eorum
1576 2196 1768 2248 animis
1805 2196 2012 2253 inserit.
2062 2211 2199 2262 quos
2224 2196 2391 2247 collo-

863 2280 990 2345 quio
1017 2281 1281 2348 dignatur.
1338 2284 1543 2347 Quibus
1589 2285 1749 2353 igitur
1780 2284 1992 2336 art-anis
2020 2286 2169 2337 nullo
2197 2286 2389 2352 lingua

865 2368 1163 2421 minister’o
1214 2372 1453 2424 initiatus
1482 2383 1597 2433 est,
1645 2390 1707 2427 ea
1746 2377 1905 2427 etiam
1963 2390 2031 2427 nc
2060 2374 2240 2442 lingua
2266 2376 2389 2443 qni—

863 2458 987 2508 dem
1020 2458 1289 2525 explicare
1320 2462 1511 2513 voluit.

1475 2591 1621 2649 CAP.
1659 2592 1770 2645 XII.

1005 2679 1315 2732 Duodecimn
1346 2683 1569 2740 Iucresis.
1601 2682 1983 2736 Sethianorum.
2036 2684 2099 2736 lli
2127 2686 2292 2753 bapti-

1528 2758 1733 2804 zantur.

936 2860 1177 2912 Setliiani
1226 2860 1293 2913 ab
1341 2860 1542 2929 angelis
1576 2874 1767 2914 cuneta
1810 2869 1987 2914 ortum
2041 2863 2239 2917 dueere
2284 2875 2391 2917 tra-

869 2950 1000 3001 dunt
1028 2968 1039 2999 :
1083 2958 1241 3016 atque
1272 2948 1408 3001 duos
1459 2950 1511 3002 in
1544 2951 1733 3017 primis
1765 2951 2050 3013 homines,
2085 2951 2308 3005 Cainum
2337 2963 2391 3005 et

866 3037 1104 3091 Abeli-m.
1158 3037 1228 3091 De.
1256 3036 1453 3103 quibus
1491 3051 1612 3089 cum
1641 3036 1929 3105 aliquando
1953 3039 2091 3092 inter
2116 3054 2171 3092 se
2218 3038 2388 3105 angeli

869 3211 1112 3277 grlorum
1145 3208 1427 3265 fortiorum
1464 3213 1663 3264 auxilio
1696 3213 1983 3266 interfecit.
2040 3212 2156 3276 Quo
2179 3215 2394 3281 cognito

870 3300 1235 3366 superiorilla
1269 3301 1438 3356 virtus
1462 3342 1474 3362 ,
1502 3317 1663 3370 quam
1716 3313 1940 3354 matrem
1978 3303 2143 3355 etiam
2177 3315 2392 3362 votant,

872 3403 1008 3452 puro
1034 3388 1237 3441 semine
1268 3400 1537 3457 suscepto,
1572 3390 1796 3443 Setinum
1825 3391 1889 3445 ad
1928 3393 2150 3459 iustitia:
2191 3390 2398 3445 stabili-

871 3484 1135 3538 tuentum,
1160 3479 1489 3546 seminisque
1518 3480 1783 3533 delectum
1814 3480 2035 3533 ellinxit.
2075 3480 2396 3548 Temporum

875 3579 1036 3629 porro
1057 3579 1309 3619 successu
1354 3582 1549 3631 genera
1576 3568 1661 3619 illa
1691 3568 1817 3628 duo,
1848 3568 2048 3631 Abelis,
2074 3566 2314 3635 inquam,
2343 3577 2397 3619 et

872 3652 1047 3713 Caini,
1076 3656 1357 3707 commista
1386 3665 1529 3709 sunt.
1583 3655 1888 3719 Quinetiam
1932 3656 2135 3725 angeli,
2161 3658 2250 3723 qui
2282 3656 2399 3707 Caiv

876 3757 1001 3792 num
1032 3743 1319 3795 etAbelem
1348 3743 1726 3807 formaveram,
1761 3760 1880 3797 cum
1915 3744 2156 3796 viderent
2186 3744 2397 3796 illorum

876 3831 1034 3896 tilias,
1068 3832 1210 3898 quod
1244 3832 1488 3898 pulchra:
1520 3842 1701 3886 essent
1722 3872 1736 3893 .
1772 3848 1881 3886 rem
1906 3847 2029 3886 eum
2067 3833 2173 3886 illis
2201 3833 2401 3886 habue-

876 3931 1029 3974 runt.
1064 3920 1214 3985 Quod
1245 3937 1367 3974 curn
1404 3923 1651 3990 superior
1680 3931 1852 3975 mater
1880 3922 1969 3975 illa
1994 3922 2230 3982 vidisset,
2260 3922 2401 3975 dilu-

880 4011 1024 4059 vium
1073 4010 1333 4074 immisit,
1368 4020 1424 4063 et
1456 4021 1741 4079 utrumque
1794 4026 1963 4078 genus
2016 4010 2398 4079 pessumdedit.

876 4113 943 4147 eo
972 4098 1089 4151 solo
1127 4113 1321 4166 genere
1352 4100 1640 4166 superstite
1666 4138 1681 4158 ,
1730 4100 1874 4167 qucd
1906 4115 1936 4151 a
1982 4098 2147 4152 Sctbo
2181 4100 2403 4153 desecti.

879 4192 1051 4242 derat.
1081 4189 1343 4243 Caeterum
1368 4192 1421 4243 lii
1446 4191 1707 4251 Sethiani,
1736 4191 1804 4244 ad
1834 4205 2003 4259 nugas
2016 4190 2158 4257 quod
2187 4191 2401 4252 attinet.

879 4293 1014 4343 quas
1042 4277 1108 4329 de
1139 4280 1339 4347 angelis
1366 4290 1420 4333 et
1450 4280 1806 4347 potestatibus
1823 4278 2231 4340 circumierunt,
2268 4281 2403 4335 mire

878 4382 909 4418 c
932 4383 999 4417 tut
1019 4366 1232 4419 Caianis
1259 4369 1599 4421 conveniunt.

1176 4475 1436 4533 llazreseos
1469 4477 1795 4543 prwcedentis
1824 4477 2128 4543 confutatio.

952 4582 1191 4638 Scthiani
1235 4596 1301 4655 eo
1333 4584 1459 4638 dicti
1495 4594 1639 4645 sunt,
1685 4583 1826 4651 quod
1862 4583 2027 4637 Setho
2074 4584 2400 4639 adbzereant.

881 4674 1104 4739 ejusque
1133 4671 1255 4725 vita:
1297 4671 1599 4723 institutum
1627 4670 1904 4739 magniﬁce
1935 4671 2176 4725 elTerant.
2203 4672 2405 4736 Quem-

882 4760 1168 4813 admodum
1201 4769 1254 4813 et
1298 4759 1503 4823 Caiani,
1537 4758 1678 4825 quod
1727 4758 1877 4813 Caini
1938 4760 2126 4827 placita
2165 4775 2273 4827 prie
2302 4776 2404 4814 caa-

887 4850 1019 4904 teris
1052 4848 1156 4901 sibi
1188 4857 1548 4915 preponerent
1568 4888 1581 4909 ,
1612 4863 1781 4914 eaque
1811 4857 2186 4913 sequerentur.
2242 4848 2406 4901 Porro

882 4934 1331 5003 quemadmodum
1365 4933 1651 4987 Cainornm
1712 4935 1958 5001 dogmata
1991 4942 2209 5000 propter
2239 4934 2401 4987 foedi—

887 5035 1048 5077 tatem
1101 5023 1415 5077 detestanda
1466 5031 1621 5082 sunt,
1675 5023 1742 5073 ita
1790 5022 2062 5075 Setbianis
2083 5021 2409 5073 orthodoxe-

884 5128 1004 5167 rum
1032 5123 1201 5169 emtus
1231 5113 1453 5166 omnino
1480 5109 1880 5163 interdicendus
1922 5118 2006 5162 est
2027 5149 2040 5171 ,
2077 5108 2409 5176 quandoqui-

887 5206 1009 5256 dem
1035 5201 1246 5254 illorum
1281 5200 1601 5254 traditiones
1626 5198 1840 5251 veritati
1873 5210 1977 5249 non
2030 5204 2153 5248 sunt
2179 5210 2410 5248 consen-

889 5304 1095 5351 taneae,
1132 5291 1239 5342 imo
1271 5304 1301 5343 a
1349 5290 1580 5342 Mosaica
1619 5286 1900 5351 disciplina
1947 5298 2168 5351 prorsus
2199 5284 2405 5335 alienrc.

884 5384 1020 5433 llum
1051 5379 1195 5433 enim
1222 5379 1392 5431 Moses
1421 5378 1486 5431 de.
1530 5378 1691 5445 hujus
1741 5374 1974 5428 universi
2022 5371 2408 5425 constitutione

887 5469 1066 5518 dicere
1122 5467 1500 5532 proposuisset,
1559 5464 1622 5517 In
1646 5464 1935 5529 principio,
1985 5460 2192 5528 inquit,
2228 5463 2412 5511 crearit

962 5581 1005 5609 ⁸⁷
1037 5579 1183 5631 Juan.
1214 5594 1320 5629 xu.
1365 5578 1442 5634 [-2,
1518 5576 1721 5631 “.Ioan.
1760 5590 1864 5632 ut,
1897 5572 1984 5623 '23.

903 5649 946 5677 "‘
977 5646 1107 5700 Cen.
1150 5662 1220 5707 vi,
1259 5646 1313 5697 ‘2.

2061 5574 2103 5601 ”
2129 5572 2169 5623 ΙΙ
2212 5571 2330 5621 (lor.
2364 5586 2454 5623 xu.
2487 5571 2535 5621 I.

2486 602 2625 671 sitis,
2658 602 2844 655 Atlami
2888 614 2942 656 et
2976 605 3094 656 Eva.-
3123 605 3521 668 generationem
3576 603 3864 658 edisserit:
3912 618 4017 657 eo-

2487 690 2728 744 rumdem
2762 694 2969 759 lapsum
2994 702 3152 758 atque
3184 706 3213 743 e
3245 692 3495 758 paradiso
3537 690 3783 744 exsilium
3837 691 4013 758 subji-

2486 777 2656 831 ciens.
2704 778 2891 831 Postea
2942 792 3071 829 vero
3128 778 3206 831 sic
3242 778 3353 829 ait:
3404 778 3570 830 Adam
3616 794 3733 830 vero
3777 780 4017 845 cognovit

2487 880 2698 916 uxorem
2724 881 2871 916 suam
2897 863 3073 923 Evam,
3106 880 3218 932 qua
3251 866 3473 930 concepit
3499 873 3545 914 et
3568 866 3759 931 peperit
3786 864 3915 918 Cain
3938 866 4012 913 ".

2486 951 2653 1004 Paulo
2710 961 2828 1018 post
2877 952 3058 1005 Abelis
3108 966 3319 1018 quoque
3364 952 3693 1003 nativitatem
3733 953 4017 1007 describit,

2486 1055 2592 1092 non
2630 1040 2743 1092 sine
2775 1042 2972 1096 artium
3003 1040 3404 1093 enumeratione
3424 1080 3440 1103 ,
3474 1042 3525 1092 in
3551 1042 3746 1116 quibus
3775 1056 3830 1094 se
3864 1050 4018 1114 uter-

2487 1143 2592 1196 quc
2613 1128 2913 1181 exercebat.

2559 1218 2825 1270 Virtutum
2857 1233 3052 1285 porro,
3082 1234 3201 1285 qurc
3248 1217 3484 1271 materici
3528 1233 3747 1285 prorsus
3768 1230 4019 1272 exsortes

2490 1307 2655 1360 Deum
2691 1308 3062 1367 circumstant,
3104 1306 3304 1358 nullam
3338 1306 3505 1357 Moses
3536 1322 3705 1373 neque
3734 1306 3787 1357 in
3816 1306 4019 1358 Genesi

2488 1409 2662 1461 neque
2693 1394 2745 1446 in
2794 1394 2976 1447 Exodo
3025 1396 3343 1447 mentionem
3407 1395 3549 1457 fecit,
3601 1396 3699 1448 nisi
3748 1396 3913 1448 semel
3961 1396 4017 1446 in

2488 1480 2729 1542 Cantico,
2749 1482 2831 1533 hfs
2859 1481 3035 1533 verbis
3072 1497 3087 1534 :

2558 1568 2831 1620 Constituit
2885 1568 3125 1619 terminos
3177 1568 3478 1636 populorum
3531 1570 3681 1637 juxta
3740 1586 4019 1619 numerum

2491 1662 2791 1721 angelorum
2831 1658 2942 1723 ejus
2959 1658 3025 1707 τ’.
3055 1656 3208 1709 Jesus
3231 1674 3386 1721 porro
3419 1657 3560 1709 Nave
3592 1661 3819 1710 noctein
3854 1674 4019 1709 ever-

2493 1746 2600 1797 citu
2638 1745 2946 1799 Michaelcm
2984 1747 3270 1799 Dominicu.
3294 1747 3496 1799 militi-3
3531 1746 3858 1813 principem,
3887 1763 4016 1797 cum

2428 1810 2464 1860 ῃ
2494 1832 2737 1885 diSIricto
2759 1834 2937 1903 gladio
2974 1834 3126 1887 vidit.
3168 1833 3429 1887 Craterus:
3472 1810 3543 1885 ini
3565 1834 3630 1885 iis
3650 1810 4017 1894 generationi-

2488 1918 2609 1980 bus,
2632 1928 3007 1988 quastempora
3035 1921 3117 1974 illa
3148 1922 3446 1973 subsecuta:
3486 1930 3627 1979 sunt,
3653 1936 3681 1972 a
3720 1920 4017 1987 judieibus.

2487 2008 2784 2073 prophetis,
2827 2010 3051 2076 aliisque
3092 2010 3298 2077 justitia
3326 2008 3630 2063 celebribus
3679 2009 3808 2061 viris
3831 2024 4017 2061 coram

2494 2098 2589 2148 \isi
2615 2106 2738 2150 sunt
2760 2100 2954 2165 angeli,
2982 2100 3071 2166 qui
3098 2099 3226 2151 nihil
3258 2099 3399 2151 aliud
3423 2114 3539 2152 esse
3565 2098 3831 2158 videnlur,
3854 2117 4020 2166 quam

2488 2197 2692 2240 natum
2714 2187 2955 2251 quzcdam
2983 2190 3269 2255 simplices.
3301 2204 3417 2255 qua:
3448 2190 3598 2240 nullo
3621 2192 3777 2240 nimio
3806 2200 3899 2239 aut
3933 2192 4021 2242 xix

2490 2277 2543 2329 in
2599 2276 2810 2343 pejores
2870 2285 3051 2342 partes
3090 2286 3407 2330 transversa:
3462 2279 3779 2345 rapiuntur:
3824 2280 4021 2329 divina

2487 2367 2701 2434 quidem
2740 2369 3003 2421 claritatis
3036 2383 3275 2435 capaces,
3308 2384 3337 2420 a
3368 2377 3603 2420 mstratc
3634 2384 3757 2419 vero
3781 2382 4021 2420 concre—

2488 2460 2634 2513 tione
2656 2460 2915 2512 materiali
2946 2474 3167 2528 prorsus
3197 2460 3480 2511 immunes.

2553 2548 2818 2601 Czetcrum
2852 2548 2907 2600 lii
2955 2548 3215 2611 Setbiani,
3262 2549 3404 2601 nuila
3449 2550 3755 2600 divinorum
3804 2566 4021 2602 eorum-

2488 2637 2719 2705 demquc
2776 2637 3127 2690 Mosaieorum
3185 2638 3501 2704 scriptorum
3560 2639 3738 2690 habita
3786 2642 4017 2697 ratione,

2489 2726 2594 2780 hoc
2650 2726 2887 2779 universi
2919 2741 3114 2793 corpus
3150 2727 3216 2778 ab
3246 2729 3449 2793 angelis
3492 2729 3839 2780 constitutum
3873 2745 4020 2779 asse-

2490 2824 2615 2867 runt
2640 2814 2890 2881 aquibus
2921 2815 3116 2867 Cainus
3151 2822 3206 2867 et
3241 2815 3368 2866 Abel
3406 2815 3557 2882 primi
3587 2816 3751 2868 creati
3793 2818 4017 2875 iuerint,

2489 2904 2790 2971 suppressis
2830 2912 3134 2971 parentum,
3180 2904 3365 2955 Adami
3418 2904 3620 2957 scilicet
3662 2904 3889 2971 Evzeque
3924 2922 4017 2955 mi-

2488 2995 2747 3047 minibus.
2790 2995 2991 3047 Deinde
3021 2994 3236 3046 Abelem
3282 3008 3309 3044 a
3349 2990 3519 3046 Caino
3562 2994 3872 3060 angelorum
3914 2995 4016 3044 ror-

869 3082 2391 3190 tantisata;lisias};:.;‘:'1i.i.;;;."c;;...:;";;:
2415 3104 2455 3156 C
2491 3084 2689 3190 "9""?
2714 3098 2815 3190 ⁰Ρ⁰
2834 3082 3185 3190 ξ⁵¹Ϊ¹⁰ΤΫ⁵⁰ξξῗἾ¹
3216 3084 3568 3190 Ῠτῗάῗῗίίεί.
3589 3084 3728 3190 TW
3790 3086 4020 3183 '.“““'.'"‘

2493 3176 2785 3228 absurdum
2822 3182 2922 3232 est,
2961 3188 3024 3226 ex
3057 3173 3236 3224 divina
3266 3172 3491 3239 quadam
3522 3174 3741 3234 virtute,
3766 3174 3843 3225 sic
3872 3176 4020 3223 enim

2492 3269 2704 3323 vocant,
2742 3276 2859 3328 qua:
2897 3276 2923 3312 a
2956 3260 3106 3311 Patre
3130 3260 3329 3311 crelesti
3355 3276 3534 3311 semen
3565 3272 3901 3325 conceperat.
3930 3262 4022 3311 Se-

2494 3351 2643 3402 thum
2696 3360 2879 3401 natum
2917 3350 3235 3401 fabulantur.
3282 3349 3445 3414 Impia
3498 3364 3658 3415 porro
3692 3351 3850 3400 verba
3910 3352 4021 3405 bac

2494 3440 2776 3507 prrestiglis
2810 3441 2979 3506 magis
3007 3439 3182 3505 impiis
3237 3437 3570 3490 cumulantes
3594 3478 3606 3496 ,
3654 3440 3868 3503 angelus
3898 3454 4019 3489 eum

2495 3528 2813 3581 mulieribus
2847 3542 3159 3590 congressos
3208 3527 3471 3591 intrepide
3518 3535 3781 3581 assi-runt,
3822 3542 3942 3591 qu.»
3994 3545 4023 3576 κ

2493 3620 2659 3671 Caino
2685 3629 2738 3670 et
2773 3618 2933 3669 Abele
2960 3617 3379 3670 descenderant:
3415 3627 3467 3667 ct
3510 3627 3771 3692 quantum
3836 3618 4013 3684 conje-

2493 3707 2946 3771 cturisassequor,
2978 3703 3172 3756 auditis
3203 3704 3283 3755 bis
3317 3704 3519 3755 .‘dosms
3543 3706 3752 3757 verbis:
3788 3703 4022 3755 I'idcntr.‘

2496 3794 2593 3858 filii
2642 3793 2736 3845 Dei
2762 3793 2901 3857 ﬁlias
2929 3792 3223 3851 hominum,
3271 3794 3405 3858 quod
3438 3790 3663 3857 pulehrm
3696 3801 3893 3849 essent,
3933 3810 4021 3843 ac-

2494 3890 2735 3949 ceperunt
2760 3882 2854 3933 sibi
2902 3896 3085 3932 uxores
3123 3881 3200 3939 ",
3246 3881 3383 3931 lilios.
3406 3879 3494 3931 Dei
3518 3880 3665 3931 nullo
3691 3881 3897 3947 judicio
3924 3896 4024 3931 an-

2496 3972 2643 4040 gelos
2676 3970 3056 4029 nominarunt,
3105 3982 3209 4035 qua
3250 3968 3301 4019 in
3335 3982 3391 4019 re
3437 3982 3493 4019 se
3530 3982 3811 4034 perversos
3854 3983 4024 4019 sacrae

2498 4058 2787 4126 Scriptura:
2832 4058 3171 4123 interpretes,
3224 4065 3404 4123 atque.
3443 4065 3500 4107 ut
3548 4056 3619 4107 ita
3650 4055 3845 4114 dicam.
3909 4058 4025 4108 suis

2499 4148 2735 4216 ipsorum
2760 4146 3039 4200 sententiis
3070 4154 3253 4211 aperte
3275 4154 3633 4212 repugnantes
3647 4144 4018 4195 ostenderunt.

2497 4235 2725 4305 Angelos
2747 4234 2915 4297 enim,
2950 4249 2978 4286 a
3008 4234 3205 4299 quibus
3232 4248 3407 4285 rerum
3445 4233 3849 4284 universitatem
3892 4247 4019 4298 pro-

2501 4326 2714 4378 ductam
2744 4324 2907 4376 fuisse
2928 4323 3134 4383 volunt,
3163 4334 3224 4373 ac
3258 4320 3301 4372 si
3323 4321 3638 4386 corporibus
3660 4320 4024 4386 rnembrisque

2432 4397 2475 4445 ³³
2503 4413 2747 4466 virilibus
2778 4426 2881 4462 non
2906 4417 3120 4461 careant
3142 4448 3154 4466 .
3188 4409 3325 4461 male
3352 4417 3404 4460 et
3439 4407 3597 4474 impie
3631 4408 3877 4459 muliebri
3904 4412 4023 4473 pul-

2499 4498 2801 4553 eliritudine
2834 4503 3018 4562 captos
3046 4508 3161 4547 esse
3191 4501 3453 4549 asserunt.
3481 4507 3704 4559 eamque
3735 4508 3839 4543 non
3870 4508 4027 4545 St'Ctzs

2500 4586 2682 4638 venari
2718 4599 2815 4637 suo
2852 4584 3117 4651 ﬁgmento,
3149 4589 3303 4648 atque
3336 4596 3431 4632 nos
3456 4580 3613 4631 hamo
3656 4583 3896 4633 uatatilia
3942 4600 4027 4631 ςυ-

2503 4677 2690 4727 lemus.
2730 4673 2795 4725 At
2823 4686 2925 4723 non
2979 4671 3047 4722 ita
3080 4686 3135 4722 se
3169 4686 3251 4721 res
3300 4671 3495 4721 habet:
3548 4669 3638 4721 sed
3694 4670 3825 4722 deos
3885 4672 4028 4723 Stri-

2504 4773 2661 4832 ptura
2694 4763 2829 4815 solet
2856 4775 2950 4813 eos
2985 4759 3275 4827 appellare.
3328 4759 3418 4825 qui
3451 4758 3647 4810 virtute
3693 4758 3896 4824 Deique
3934 4776 4024 4811 co-

2496 4850 2734 4917 gnitione
2762 4848 2967 4901 ueteris
2991 4845 3142 4899 facile
3167 4854 3456 4913 praestant:
3487 4845 3657 4911 qualis
3689 4860 3718 4897 a
3757 4847 3899 4898 Mose
3930 4846 4024 4899 Se-

2499 4939 2625 4990 thus
2671 4935 3025 4994 describitur,
3084 4934 3335 4986 nimirum
3404 4933 3493 4985 Dei
3540 4948 3721 4985 amore
3775 4934 4024 4991 celebris.

2500 5028 2820 5093 piorumque
2861 5022 3041 5075 Abelis
3092 5034 3296 5072 morum
3340 5020 3576 5072 imitator
3608 5022 4023 5072 exactissimi»:

2500 5113 2948 5179 quemadmodum
2977 5118 3031 5160 et
3069 5107 3300 5159 vaticinii
3336 5109 3452 5174 ejus
3491 5107 3769 5157 character
3800 5107 3870 5156 ita
3914 5108 4013 5155 subi

2508 5207 2734 5256 constat,
2767 5208 2826 5249 ut
2857 5195 3081 5249 evariari
3115 5210 3217 5246 non
3270 5200 3454 5259 possit.
3486 5194 3683 5245 Idcirco
3721 5194 3865 5244 enim
3895 5194 4028 5243 inter

2511 5286 2755 5338 homines
2798 5285 2863 5337 de
2911 5284 3227 5350 corporibus
3270 5284 3574 5335 caelestibus
3620 5282 4028 5348 philosophatus

2509 5374 2976 5439 est,inturatnque
3026 5372 3301 5424 mundana:
3330 5373 3489 5422 totius
3538 5371 3794 5422 nacliina:
3846 5386 4025 5421 corru-

2512 5463 2746 5528 ptionem
2780 5476 2874 5527 per
2902 5462 3123 5512 alterum
3162 5475 3225 5512 ex
3250 5457 3747 5510 duobusrlernentis
3777 5467 4019 5524 praestare

2612 5574 2653 5599 ⁷⁸
2683 5573 2812 5625 Gen.
2849 5588 2881 5630 t,
2930 5573 2969 5622 I.
3048 5573 3085 5598 "
3114 5570 3243 5621 Cen.
3279 5586 3345 5628 tv,
3379 5570 3419 5619 Ι.
3526 5570 3565 5598 ’⁸
3642 5568 3793 5620 Deut.
3824 5582 3918 5621 κα
3973 5564 4023 5619 8.
