4274 6382
252 371 386 440 12η

247 581 380 634 adeo
439 583 702 636 columnis
748 585 958 640 duabus
1003 588 1305 653 inscripsit.
1356 599 1688 653 quaecunque
1726 585 1778 634 in

249 672 367 722 CtPIi
397 671 594 725 tabulis
635 685 792 728 antea
834 677 1050 744 legerat.
1079 677 1462 731 Columnarum
1496 675 1660 726 altera
1713 689 1779 726 ex

250 757 416 812 latere
444 763 620 813 coctili
669 775 996 830 prteparata,
1049 766 1217 817 altera
1266 763 1442 831 lapide
1496 763 1773 829 exsculpta

250 858 386 906 erat.
433 858 492 900 ut
533 851 576 902 si
631 855 843 918 quando
884 853 1002 920 igne
1049 855 1464 907 absumerentur
1513 853 1778 914 homines,

254 935 482 989 lateritia
540 937 908 1008 inconsumpta
963 951 1288 1008 superesset,
1351 943 1394 994 si
1443 956 1568 993 vero
1641 955 1779 1007 aqua

254 1025 476 1090 perituri
511 1039 726 1090 essent,
778 1029 982 1096 lapidea
1034 1041 1463 1082 conservaretur.
1516 1029 1779 1082 Cmterum

257 1113 377 1166 tiliae
405 1113 678 1166 hominum
713 1116 812 1168 illa:
851 1127 1010 1177 sunt,
1042 1133 1158 1181 ane
1197 1132 1225 1169 a
1258 1117 1405 1170 (‘aini
1437 1131 1629 1183 genere
1660 1131 1782 1184 pro-

255 1210 538 1254 venerunt.
589 1201 706 1254 Iltec
737 1202 877 1255 enim
907 1220 1028 1264 vox,
1065 1206 1224 1257 homo
1251 1245 1264 1265 ,
1302 1207 1344 1255 si
1386 1206 1501 1257 sine
1530 1205 1781 1272 adjuncta

257 1286 559 1356 proferatur
579 1330 594 1352 ,
623 1308 723 1345 nec
760 1295 1147 1361 synecdochicc
1179 1296 1551 1357 snbandiatur,
1591 1295 1782 1349 malam

261 1379 313 1430 in
341 1389 566 1446 partem,
595 1390 650 1434 ut
678 1383 964 1450 plurimum
1003 1385 1168 1437 sacris
1203 1386 1254 1437 in
1277 1386 1590 1450 Scripturis.
1623 1396 1679 1438 et
1705 1386 1785 1438 in-

261 1467 427 1534 telligi
470 1477 526 1521 et
571 1471 738 1538 accipi
791 1474 963 1526 solet:
1009 1488 1118 1540 qm
1168 1472 1221 1526 in
1273 1474 1572 1540 signiﬁcatu
1621 1473 1782 1526 etiam

261 1558 399 1633 apud
440 1557 690 1612 Davidcm
742 1562 937 1616 dicitur
969 1581 983 1616 :
1017 1561 1140 1615 Filii
1168 1565 1430 1615 hominum
1455 1605 1468 1626 ,
1521 1580 1785 1632 usqueqno

260 1655 406 1716 gravi
443 1656 594 1706 corde
627 1657 669 1684 "
691 1659 715 1706 .’
739 1656 900 1709 Item:
939 1656 1064 1711 Filii
1091 1659 1375 1719 hominum,
1407 1658 1582 1709 dentes
1611 1646 1782 1709 eorum

261 1756 409 1792 arma
457 1751 503 1793 et
545 1743 832 1809 sagitta".
859 1744 1025 1797 ltcnt:
1059 1745 1175 1796 Nin
1223 1745 1404 1797 timebo
1452 1746 1576 1812 quid
1627 1745 1784 1810 faciat

263 1830 383 1880 inihi
417 1831 564 1881 homo
590 1831 652 1884 ⁷⁸.

333 1917 449 1969 Filii
483 1928 660 1970 autent
693 1919 804 1980 Dei,
833 1919 921 1986 qui
966 1934 994 1970 a
1025 1919 1193 1971 Setlio
1228 1920 1314 1985 pio
1343 1919 1455 1970 viro
1482 1933 1650 1987 genus
1679 1918 1778 1969 ilu—

263 2012 475 2069 ςισίιςιηι,
510 2009 650 2075 apud
707 2010 1039 2077 tempestatis
1079 2011 1224 2062 illius
1265 2011 1508 2062 homines
1557 2010 1792 2060 oblecta.

266 2098 476 2155 hantur,
531 2099 979 2163 quemaltnoduoi
1027 2100 1197 2151 Moses
1233 2100 1315 2153 Itis
1353 2100 1527 2151 verbis
1562 2099 1790 2150 obscure

265 2185 627 2237 snliitnfii'avit
658 2203 670 2238 :
710 2186 774 2238 Et
802 2189 1038 2238 viderunt
1066 2187 1168 2252 [iiii
1205 2187 1294 2239 Dei
1335 2186 1475 2252 ﬁlius
1505 2185 1791 2245 hominum,

265 2274 398 2336 quod
424 2275 650 2341 pulrhrw
679 2287 863 2335 essmt,
885 2285 932 2326 et
955 2283 1262 2342 acceperunt
1286 2291 1373 2327 eas
1391 2278 1443 2327 in
1464 2276 1702 2343 conjuges
1723 2275 1790 2327 ".

269 2364 494 2416 Davides
521 2377 697 2416 autem
729 2368 966 2432 apertius
994 2367 1041 2417 id
1074 2366 1379 2432 prolatavit,
1420 2347 1793 2417 dum-chordi-

269 2452 379 2502 toni
415 2454 653 2519 psalterii
692 2453 916 2508 chordis
945 2469 1236 2520 personans
1277 2454 1421 2506 hunc
1475 2455 1527 2506 in
1579 2453 1794 2506 modum

267 2541 514 2606 psalleret
543 2559 555 2592 :
590 2542 698 2610 Ego
726 2544 852 2597 dixi.
877 2541 962 2594 Dii
985 2544 1126 2605 estis,
1149 2551 1195 2594 et
1213 2542 1310 2608 ﬁlii
1327 2542 1575 2595 Altissimi
1597 2558 1790 2594 omnes.

279 2630 373 2682 t’os
405 2640 575 2682 autem
612 2641 666 2683 ut
714 2634 942 2684 homines
1001 2633 1307 2691 moriemini,
1337 2641 1407 2683 ct'
1430 2641 1486 2683 ut
1524 2631 1796 2699 ἀρχὸντων

266 2739 353 2776 seu
383 2724 764 2792 principatuunt
804 2741 933 2776 unus
963 2725 1153 2777 cadetis
1176 2724 1243 2775 ⁷⁸.

875 2836 1020 2889 CAP.
1063 2836 1196 2889 XIII.

307 2931 480 2984 Tertia
512 2932 706 2983 decimo
736 2931 963 2988 hirresis.
1010 2929 1428 2981 Archonticorum
1451 2945 1540 2981 seu
1564 2927 1763 2981 Princi-

656 3009 892 3065 pattmm.
937 2997 998 3048 H3
1037 2999 1390 3064 buptizuntur.

1473 378 1856 438 TIIESAURI
1911 383 1977 439 I.l
1997 385 2054 443 Β.
2096 385 2194 443 ιν.

251 489 476 542 tioribus
498 529 511 548 ,
559 506 725 560 aqua,
764 495 1012 563 inquam.
1035 505 1091 551 et
1123 497 1275 564 igne,
1308 495 1588 564 praedixit:
1622 503 1781 559 atque
1814 499 1852 549 Δ

3284 379 3415 446 1274

2188 497 2447 551 llwresros
2472 501 2798 566 prin-edentis
2821 501 3128 570 confatalia.

1957 609 2325 662 Tenebraruni
2363 609 2623 677 principis
2659 627 2842 665 revera
2874 611 3120 680 discipuli
3172 621 3292 662 sunt
3333 627 3417 660 ar-

1887 698 2124 751 thoutici
2187 715 2280 751 seu
2331 699 2731 766 principatuum
2787 703 3030 762 lictores.
3084 700 3168 755 vel
3218 699 3417 768 princi-

1888 787 2051 852 pales.
2079 782 2238 840 vanis
2275 788 2419 842 enim
2455 803 2636 841 rerum
2675 790 2952 844 vocabulis
2976 792 3031 842 in
3061 784 3298 842 animum
3336 790 3416 840 in-

1887 875 2064 928 ductis
2095 892 2272 937 suum.
2310 877 2680 931 hebdomadas
2699 885 2753 930 et
2783 878 3068 942 ogdoadas.
3102 893 3194 932 seu
3236 887 3417 946 septe-

1888 964 2064 1015 narios
2088 973 2138 1016 et
2163 967 2470 1019 octonarios
2497 980 2752 1019 numeros
2772 966 3029 1018 caelorum
3057 967 3414 1024 contiserunt,

1890 1053 2061 1116 iisque
2087 1055 2356 1123 principes
2383 1056 2756 1123 printer-erunt,
2780 1070 2886 1106 non
2913 1054 3098 1122 quales
3122 1053 3292 1107 Moses
3319 1057 3414 1114 ait,

1893 1141 1951 1196 Ct
1972 1145 2168 1195 "stituit
2201 1147 2442 1198 terminos
2472 1145 2800 1213 populorum,
2827 1146 2992 1212 jua'ta'
3018 1160 3287 1196 numerum
3318 1161 3418 1195 an-

1887 1234 2021 1301 gc'iot
2036 1250 2121 1284 Itm
2145 1237 2255 1302 ejus
2275 1237 2340 1298 "’,
2359 1235 2452 1288 sed
2473 1235 2763 1301 unicuique
2792 1234 2914 1287 caeli
2939 1234 3415 1301 subprzelectnraiu

1899 1337 2006 1374 non
2039 1336 2194 1376 secus
2227 1323 2619 1392 adjodicarunt,
2653 1331 2812 1391 atque
2840 1323 2885 1376 si
2923 1322 3056 1375 nulli
3097 1321 3418 1389 princnpatni

1892 1410 2145 1464 subditus
2165 1420 2327 1464 esset.
2385 1411 2496 1464 lloc
2540 1412 2828 1477 veroquid
2862 1411 3029 1471 aliud,
3071 1426 3270 1477 qomsn.
3314 1420 3416 1469 est,

1891 1516 2048 1567 quam
2081 1502 2394 1570 multiplicis
2419 1502 2806 1554 dominationis
2839 1501 3189 1559 introductio.
3216 1501 3418 1566 Deique

1890 1600 2250 1658 contemptus,
2303 1591 2392 1658 qui
2439 1592 2579 1644 hanc
2634 1607 2812 1644 rerum
2850 1591 3249 1642 universitatem
3298 1603 3420 1656 pro-

1893 1681 2052 1733 tulit?
2083 1679 2233 1745 Quod
2275 1681 2436 1734 etiam
2483 1681 2866 1748 propemodum
2918 1679 3261 1746 proﬁtentur,
3295 1677 3420 1728 dum

1891 1771 2152 1836 φωτεινὴν
2171 1784 2265 1822 seu
2293 1769 2524 1823 lucidam
2541 1768 2826 1836 quamdam
2846 1767 3212 1830 introducunt,
3229 1766 3417 1819 diaboo

1890 1859 2106 1925 lniuque
2145 1858 2384 1926 septimae
2419 1860 2702 1925 potestatis
2745 1859 2910 1910 tilintn
2956 1870 3074 1910 esse
3108 1864 3412 1914 autumant.

1888 1956 2047 2014 atque
2079 1961 2202 1999 eum
2225 1961 2342 1999 esse
2373 1947 2603 2000 Sabaoth
2633 1947 2800 1999 Deum
2840 1946 3184 1998 llebrzeoruin
3232 1947 3410 2003 impu—

1890 2034 2084 2086 denter
2113 2035 2529 2102 proloqnuntnr,
2583 2044 2644 2089 ut
2671 2033 2764 2102 qni
2813 2035 2920 2087 Deo
2971 2033 3232 2087 contrarii
3288 2034 3416 2085 sint.

1890 2123 2135 2192 Quaeque
2171 2126 2491 2194 supradictis
2517 2126 2686 2193 magis
2714 2126 2874 2192 impia
2909 2134 2966 2178 et
2991 2126 3220 2179 ridicula
3248 2125 3418 2182 dicas.

1893 2211 2014 2265 Eva:
2043 2228 2165 2266 cum
2191 2209 2434 2267 «Immone
2464 2214 2837 2275 concubitum,
2868 2223 2921 2266 et
2956 2231 3019 2266 ex
3056 2229 3243 2265 eorum
3291 2230 3423 2268 cnn-

1892 2318 2073 2371 gressu
2106 2302 2329 2355 Cainutn
2369 2312 2422 2356 et
2452 2303 2667 2355 Abelem
2703 2313 2991 2368 conceptos
3039 2317 3156 2354 esse
3208 2304 3416 2354 contiu-

1890 2402 2021 2460 gum
2070 2391 2113 2444 Ο
2141 2393 2315 2458 qualia
2345 2407 2468 2444 vasa
2495 2392 2759 2460 malignus
2801 2392 2906 2450 ille.
2951 2391 3322 2458 tuendaciiqne
3355 2391 3424 2450 ab

1893 2480 2050 2534 initio
2083 2493 2236 2549 pater
2263 2480 2511 2534 el'ﬁnxit?
2540 2497 2660 2549 qua
2701 2480 2952 2534 nimirum
3005 2480 3272 2548 Spurcitiae
3315 2495 3424 2538 sua

1895 2571 2111 2639 capacia
2157 2571 2286 2632 sint,
2337 2570 2524 2638 quales
2569 2569 2778 2637 linguas
2827 2570 2934 2622 illis
2983 2569 3124 2621 intra
3173 2569 3416 2622 dentium

1893 2669 2042 2727 septa
2067 2658 2346 2719 conclusit.
2375 2673 2546 2724 usque
2572 2659 2706 2711 adeo
2744 2658 3036 2710 mendaciis
3076 2673 3234 2709 omne
3261 2672 3428 2724 genus

1893 2750 2176 2806 exercitas.
2204 2756 2263 2800 nt
2288 2746 2371 2800 vel
2403 2747 2576 2814 ipsum
2601 2745 2779 2797 verbis
2813 2754 3058 2810 tanqnazn
3111 2742 3301 2811 jaculis
3328 2743 3428 2794 ini-

1904 2827 2110 2903 petant,
2139 2837 2266 2887 dum
2294 2849 2416 2886 eum
2448 2833 2538 2901 qui
2591 2835 2827 2887 materiae
2874 2841 3060 2884 natura
3093 2845 3288 2897 expers
3317 2839 3424 2880 est.

1895 2939 2021 2978 cum
2050 2922 2370 2990 corporibus
2397 2920 2647 2977 humanis
2672 2935 3013 2986 eoi-gressum
3037 2935 3154 2972 esse
3187 2919 3422 2971 tradunt.

1899 3015 1963 3068 Ili
1995 3024 2141 3067 certe
2181 3013 2419 3064 animum
2459 3026 2565 3063 non
2616 3024 2775 3062 secus
2803 3018 2964 3077 atque
3000 3009 3318 3066 diem.
3371 3019 3423 3058 ut

340 3111 542 3162 Nomen
594 3109 677 3161 his
725 3124 753 3160 a
801 3108 1141 3172 dogmatibus
1175 3107 1480 3174 impositum
1523 3116 1628 3161 est.
1656 3106 1790 3162 Cum
1821 3134 1863 3192 ο
1894 3120 1990 3174 par
2018 3113 2120 3164 est,
2169 3103 2393 3156 materia
2417 3110 2664 3154 constare
2689 3101 2809 3161 rati,
2857 3115 2918 3150 ea
2963 3100 3110 3150 illum
3157 3101 3218 3149 de
3264 3113 3424 3151 causa

269 3202 411 3257 enim
451 3200 710 3251 C(Biol'tlltl
742 3196 1129 3251 hebdoniadom
1156 3206 1314 3264 atque
1345 3197 1656 3264 ogJoadem,
1691 3196 1793 3250 hoc

269 3300 352 3342 est
390 3288 752 3357 septcnaiinm
782 3295 835 3340 et
863 3286 1194 3340 octonarium
1237 3302 1521 3340 numerum
1559 3302 1676 3340 esse
1707 3286 1792 3339 di-

276 3387 429 3438 cant,
486 3379 676 3429 horum
740 3377 1030 3444 unicuique
1092 3375 1365 3444 proprium
1417 3377 1645 3442 ἄρχοντα
1700 3392 1793 3430 seu

275 3466 573 3532 principem
616 3465 980 3531 pra-stituunt.
1017 3465 1070 3518 In
1103 3475 1292 3518 octavo
1345 3473 1525 3517 autem
1570 3473 1794 3518 matrem

274 3553 557 3619 φωτεινὴν,
591 3552 693 3605 hoc
721 3563 801 3605 est
828 3552 1081 3612 lucidam,
1113 3568 1230 3605 esse
1263 3553 1430 3605 aiunt.
1462 3553 1634 3617 Atque
1680 3555 1796 3607 dia-

275 3641 454 3692 lmlutn
485 3641 720 3707 septimae
750 3642 1025 3706 potestatis
1042 3641 1206 3692 (ilium
1228 3641 1515 3703 afﬁrmant,
1541 3642 1794 3693 nimirum

270 3729 504 3791 Sabaoth
541 3745 553 3779 :
591 3728 680 3795 qui
714 3728 784 3780 sit
819 3727 1162 3780 Hebrteorutr.
1210 3728 1369 3789 Deus,
1417 3745 1536 3781 cum
1582 3729 1795 3796 Evaquc

271 3833 592 3885 congressus
637 3816 816 3877 fuerit,
879 3826 934 3868 ut
992 3818 1215 3870 maritus
1254 3832 1374 3868 eum
1426 3833 1590 3872 uxore
1641 3819 1796 3876 solet.

274 3919 431 3975 atque.
463 3923 528 3956 eo
571 3922 632 3958 ex
665 3921 950 3973 congressu
993 3907 1212 3958 Cainntn
1258 3917 1312 3958 et
1351 3907 1567 3959 Abelem
1616 3922 1800 3960 susce-

278 4000 435 4064 perit.
467 3998 566 4061 Qui
599 4013 719 4048 cunt
758 4012 1065 4063 germanum
1123 4013 1359 4048 Sororem
1407 3997 1566 4048 ambo
1610 3998 1802 4050 rivales

280 4091 616 4155 deperireut,
653 4088 852 4140 invidia
882 4102 1108 4154 crepans
1166 4085 1367 4139 Cui-nus
1397 4087 1618 4138 Abelem
1643 4086 1804 4138 inter-

284 4179 496 4230 fecerit.
531 4175 838 4243 Iniprobant
863 4193 991 4228 vero
1017 4186 1353 4227 mortuorum
1383 4190 1596 4242 quoque
1623 4191 1804 4228 resur-

279 4267 594 4327 rectionem.
631 4274 790 4333 atquc
820 4267 986 4321 solum
1031 4266 1260 4317 auio-aui
1298 4278 1592 4330 resurgere,
1641 4280 1703 4318 ac
1753 4265 1805 4320 in

278 4357 458 4408 cibum
482 4354 873 4422 principatibus
891 4365 943 4406 et
967 4355 1217 4421 potentiis
1238 4352 1425 4405 cedere
1451 4353 1802 4405 contendunt.

1900 3195 2004 3248 cibi
2034 3195 2153 3247 loco
2195 3191 2388 3260 apponi
2425 3191 2538 3244 suis
2562 3190 2748 3257 quales
2784 3189 2912 3247 sint,
2941 3186 3346 3255 principatibus,
3373 3194 3428 3238 et

1897 3282 2152 3351 potentiis
2175 3278 2560 3334 dementissimi
2588 3277 2826 3330 omnium
2852 3275 3223 3341 pronuntiant.

1963 3371 2145 3436 Neque
2162 3381 2289 3421 vero
2307 3367 2426 3419 novi
2456 3364 2746 3434 quidquam
2770 3369 2872 3422 est.
2901 3362 3041 3428 quod
3072 3360 3314 3413 divinum
3339 3359 3420 3412 la-

1894 3476 2110 3514 vacrum
2168 3457 2489 3525 improbant,
2541 3453 2870 3518 Scthnmque
2909 3460 3116 3517 raptum
3167 3464 3288 3503 esse
3325 3465 3395 3500 nn

1894 3560 2104 3618 gzintur,
2137 3557 2294 3615 atque
2324 3547 2459 3599 adeo
2507 3551 2840 3597 mortuorum
2888 3541 3332 3593 resurrectionem
3367 3539 3426 3590 Ιί-

1895 3641 2087 3693 liornm
2146 3637 2515 3704 pi-ocreatione
2572 3634 2685 3686 fieri
2734 3640 2975 3691 censent,
3013 3630 3064 3681 in
3112 3629 3358 3681 omnibus
3394 3647 3422 3679 ιι

1898 3728 2074 3780 Vcteii
2140 3727 2394 3792 Novoque
2455 3723 2794 3776 Testamento
2869 3719 3264 3779 dissentientes,
3315 3718 3423 3768 into

1901 3819 1998 3888 ipsi
2026 3819 2131 3870 Deo
2174 3815 2488 3881 obstrepcri.
2526 3826 2733 3865 necnon
2791 3823 2908 3862 sors
2951 3810 3239 3876 portioquc
3299 3806 3422 3857 muti

1899 3907 2156 3968 daniionis
2177 3905 2416 3958 omnium
2446 3899 2773 3970 gratissima.

2499 4029 2646 4084 CAP.
2687 4026 2827 4082 XIV.

1905 4151 2106 4214 Quarta
2137 4149 2334 4199 decima
2374 4145 2604 4202 lueresis,
2633 4141 2881 4214 (feriant:
2925 4137 3307 4214 etlarcionis.
3362 4137 3432 4189 Ili

2006 4218 2076 4270 ad
2099 4217 2254 4282 ﬁdem
2279 4213 2617 4271 orthodoxam
2655 4209 2951 4262 accedentes
2975 4209 3324 4274 baptizantur.

1981 4347 2325 4412 Blusphcmim
2359 4343 2593 4399 Simonis
2618 4342 2704 4395 his
2751 4355 2966 4409 quoque
3019 4340 3230 4393 initium
3265 4337 3431 4392 dede-

279 4441 441 4493 Iidcni
494 4441 818 4508 baptismum
849 4450 1214 4492 exsecrantur.
1252 4441 1665 4506 divinorumque
1698 4458 1804 4508 my.
1844 4437 1883 4486 D
1913 4448 2056 4490 runt.
2095 4437 2214 4489 Fuit
2239 4443 2418 4486 autem
2445 4432 2621 4486 Cerdo
2647 4431 2940 4498 antiquior.
2962 4431 3054 4498 qui
3104 4430 3242 4482 duos
3271 4429 3433 4482 etiam

277 4531 562 4586 steriorum
621 4529 1018 4597 perceptionem
1059 4529 1368 4596 explodnut.
1397 4528 1592 4595 quippe
1617 4545 1732 4594 quae
1761 4533 1810 4582 in

279 4618 532 4670 Sabaothi
577 4617 795 4670 nomine
846 4617 1168 4670 celebretur.
1216 4617 1294 4668 Ah
1326 4616 1525 4668 Adamn
1555 4626 1807 4683 prtl'ler:.-‘.t

276 4706 488 4773 cognita
517 4706 728 4758 laudent
760 4706 866 4758 Eva
899 4705 1120 4758 Sethnm
1163 4704 1484 4771 processisse
1517 4716 1803 4769 unguntur,

278 4809 439 4859 quem
493 4809 723 4861 superna
771 4803 1007 4861 potestas
1050 4809 1111 4844 ex
1161 4794 1453 4844 continenti
1497 4804 1805 4859 correptum

277 4883 415 4949 apud
448 4897 505 4936 se.
547 4879 882 4940 enutriverit,
910 4896 1022 4949 post
1067 4884 1339 4948 multaque
1387 4894 1686 4950 temporum
1735 4887 1809 4936 iu-

282 4971 506 5023 tertaila
563 4972 617 5023 in
670 4980 866 5024 ternm
916 4971 1190 5031 detulerit,
1233 4973 1713 5040 utprinciputiunn
1759 4985 1811 5026 et

281 5061 644 5128 poti-utiarum
705 5063 957 5128 mysteria
1007 5060 1257 5113 disceret.
1314 5061 1408 5113 llis
1462 5078 1621 5129 porro
1687 5075 1810 5116 sunt

279 5147 769 5216 pseudoprophetaa
821 5149 1037 5215 quidam
1083 5148 1368 5202 Marsiailcs
1415 5151 1811 5208 tharsiunus.

277 5253 510 5305 quorum
571 5237 918 5303 posteriorem
973 5238 1023 5287 iu
1062 5238 1255 5289 emlnm
1287 5253 1498 5304 quoque.
1527 5240 1805 5305 aitrCPlU-il

280 5329 463 5386 l'nisw,
493 5336 546 5376 ct
573 5340 666 5391 per
699 5333 807 5376 tres
838 5325 1070 5376 indidem
1111 5326 1224 5377 dies
1254 5326 1592 5378 (ieSCClIdISS.'€
1619 5330 1790 5380 aiunt.

281 5414 558 5465 Postieuio
593 5413 1043 5464 resurrectionem
1084 5422 1416 5465 mortuorum
1451 5418 1704 5467 continuo
1749 5420 1802 5468 ti-

281 5506 474 5554 l:orum
507 5517 570 5553 ex
606 5502 847 5567 patrihus
876 5506 1216 5567 generatione
1247 5505 1345 5568 iam
1377 5505 1488 5556 lieri
1527 5505 1729 5560 dicunt.

347 5615 390 5644 ’4‘
417 5614 550 5665 l’sal.
591 5629 656 5662 tv.
692 5611 739 5661 3.
818 5610 861 5643 ⁷⁸
892 5613 1022 5667 Psal.
1059 5631 1160 5671 Litt,
1190 5617 1236 5667 .‘i.

1313 5617 1356 5646 "
1399 5615 1512 5673 Psat
1573 5633 1726 5681 cxvn,
1757 5622 1783 5672 4

283 5683 336 5748 8.
406 5681 452 5712 '°
492 5679 677 5734 Matth.
713 5678 872 5738 v.56.

1908 4527 2037 4578 dom-
2073 4539 2191 4577 esse
2213 4521 2504 4581 asserebat,
2543 4532 2705 4570 unum
2733 4519 2821 4584 qui
2855 4517 2906 4569 in
2929 4517 3043 4581 lege
3075 4524 3126 4567 et
3155 4516 3435 4582 prophatis

1908 4617 2120 4668 loeutus
2155 4623 2492 4678 esset,qnem
2522 4610 2682 4661 etiam
2715 4609 2957 4672 impurus
2983 4606 3069 4657 hic
3097 4615 3151 4658 et
3179 4605 3440 4657 scelestus

1915 4709 2074 4757 homo
2102 4713 2393 4756 creatorem
2427 4699 2620 4751 malum
2664 4707 2955 4762 notumque
3008 4695 3251 4754 vocabat,
3307 4693 3435 4745 alte-

1912 4813 2027 4848 rum
2058 4808 2186 4845 vero
2214 4791 2372 4843 deum
2405 4788 2605 4841 bonum
2637 4795 2689 4837 ct
2719 4787 2958 4852 ignotum
3004 4784 3256 4835 omnibus
3294 4781 3434 4834 allir-

1907 4884 2082 4936 inabat
2117 4900 2128 4934 :
2165 4893 2324 4948 quem
2358 4876 2558 4933 Christi
2585 4889 2799 4943 quoque
2832 4883 3036 4939 patrem
3067 4871 3299 4930 dicebat,
3337 4873 3428 4938 qui

1906 4974 2114 5026 venisse
2139 4970 2358 5038 quidem
2387 4983 2453 5020 ex
2481 4966 2641 5019 Maria
2673 4964 3091 5018 existimaretur.
3136 4960 3202 5012 ad
3241 4975 3298 5012 ea
3333 4975 3430 5011 an-

1909 5062 2177 5128 tiquziuda.
2215 5073 2336 5124 quae
2365 5073 2392 5109 a
2424 5055 2609 5108 mundi
2644 5053 2832 5120 opiiice
2857 5054 2985 5115 deo,
3015 5051 3155 5102 nian
3187 5052 3433 5116 inquam.

1907 5152 1994 5201 illo
2028 5159 2079 5202 et
2113 5155 2262 5210 noto,
2295 5144 2497 5197 sancito
2529 5151 2729 5202 essent,
2759 5156 2812 5192 re
2844 5155 3019 5190 antem
3049 5155 3170 5190 vera
3199 5153 3306 5189 non
3339 5156 3428 5189 ve-

1910 5240 2092 5290 uisset.
2127 5237 2412 5302 Propterea
2444 5233 2603 5283 etiam
2641 5240 2874 5281 veterem
2922 5243 2947 5279 a
3001 5227 3216 5279 Christo
3260 5229 3432 5292 legem

1911 5327 1961 5378 in
1989 5323 2284 5391 Evangeliis
2305 5319 2593 5387 antiquari,
2626 5317 2717 5384 qui
2737 5316 2877 5367 dicat
2903 5314 3114 5365 Dantem
3142 5327 3234 5379 pro
3260 5311 3431 5378 dente,

1910 5414 2181 5467 elocutum
2213 5428 2305 5480 pro
2337 5408 2562 5468 oculo",
2611 5416 2864 5472 tanquam
2913 5401 3002 5454 dci
3047 5399 3170 5452 mali
3217 5398 3438 5452 institu-

1914 5508 2130 5558 tionem.

1883 5621 1927 5650 "
1955 5620 2085 5671 (leti.
2129 5632 2198 5674 Vl,
2222 5614 2272 5666 ἢ.
2351 5613 2393 5645 ⁷³
2426 5608 2561 5661 l‘sal.
2595 5621 2772 5667 um,
2799 5605 2848 5667 6,
2879 5605 2927 5654 7.
3008 5602 3052 5641 7‘
3087 5598 3240 5654 Deut.
3273 5614 3388 5650 xui
3425 5638 3436 5662 ,

2351 5613 2393 5645 ⁷³
2426 5608 2561 5661 l‘sal.
2595 5621 2772 5667 um,
2799 5605 2848 5667 6,
2879 5605 2927 5654 7.
