4274 6382
244 374 373 437 1277

1480 369 1871 430 TllESAUltI
1916 372 2065 430 LIB.
2107 373 2203 429 IV.

3282 371 3420 434 1278

240 487 409 551 [ausus
482 484 635 550 fuerit
688 485 841 551 fratri
892 489 1114 545 temere,
1173 498 1287 534 reus
1339 482 1433 533 erit
1495 479 1773 549 judicio”.
1805 478 1848 533 Α
1877 484 2180 548 exinanivit,
2206 482 2431 550 formam
2451 482 2855 551 serviaccipiens
2874 481 2919 515 "
2960 480 3214 545 Proinde,
3242 481 3416 538 venit.

239 572 369 625 Item
404 588 417 622 :
454 570 552 635 Qui
567 573 747 626 viderit
772 572 1036 625 mulierem
1063 572 1131 624 ad
1150 572 1607 636 concupiscendum
1639 586 1777 632 eam,

234 664 349 731 jam
385 664 662 715 moechatus
694 670 766 714 est
788 677 903 713 cum
927 662 1018 714 illa
1059 662 1113 713 in
1144 662 1295 713 corde
1323 661 1502 714 suo".

314 753 435 806 iam
476 766 608 805 vero
650 753 702 804 in
729 751 1039 820 hujusmodi
1071 750 1541 804 exhortationibus
1578 749 1782 803 consti-

241 841 381 899 tutio
435 840 568 909 legis
623 839 1037 908 haudquaquam
1100 839 1367 898 consistit.
1426 838 1518 893 sed
1570 838 1781 892 honesti

245 930 487 984 custodia
519 940 575 984 et
608 931 947 985 conservatio
979 929 1289 999 perfectior.
1325 929 1493 983 Vetus
1519 929 1663 982 enim
1698 929 1782 981 lex

240 1021 504 1075 scelerum
537 1019 671 1074 lines
702 1028 1002 1081 aversatur.
1050 1035 1251 1087 eosque
1294 1021 1467 1089 punit.
1515 1036 1542 1073 a
1587 1020 1784 1087 quibus

242 1110 332 1162 illa
360 1108 644 1163 commissa
697 1108 921 1172 fuerint,
963 1125 1085 1178 quae
1133 1111 1311 1163 minus
1358 1111 1582 1164 honesta
1611 1121 1778 1164 sunt:

240 1199 489 1253 Christus
514 1214 644 1253 vero
666 1200 748 1253 vel
780 1201 949 1267 prima
979 1202 1221 1269 germina
1250 1202 1504 1255 radicitus
1525 1202 1782 1268 exstirpat

243 1304 541 1357 eorumque
568 1291 785 1343 nomine
830 1304 1015 1357 paruas
1038 1292 1298 1358 exposcit.
1333 1292 1608 1345 Mulierem
1634 1291 1777 1344 enim

240 1378 304 1429 ad
328 1378 816 1447 concupiscendum
850 1379 1071 1441 vidisse,
1093 1390 1185 1433 aut
1208 1381 1462 1435 iracunda
1485 1382 1780 1435 commina-

241 1468 386 1520 tione
436 1469 987 1539 contumeliosiusque
1040 1470 1090 1523 in
1151 1471 1372 1524 fratrem
1426 1472 1780 1525 insurrexisse

238 1554 405 1621 (quod
427 1571 500 1609 ne
533 1555 641 1615 fiat,
673 1571 880 1609 summa
911 1572 1039 1609 cura
1062 1560 1361 1610 cavendum
1387 1572 1503 1612 esse
1532 1559 1781 1612 Christus

236 1643 542 1709 admonet),
565 1645 978 1714 haudquaquam
1002 1648 1273 1699 actionum
1309 1646 1427 1700 linis
1456 1656 1509 1699 et
1535 1662 1781 1700 consum-

238 1733 402 1791 matio
425 1742 526 1791 est.
556 1750 715 1801 quam
734 1734 960 1787 Mosaica
978 1735 1061 1787 lex
1083 1745 1378 1799 aversatur,
1401 1736 1492 1788 sed
1512 1737 1780 1805 appetitus

1887 583 1946 624 nt
1993 587 2165 639 genus
2211 573 2503 625 humanum
2556 581 2815 633 servaret,
2869 571 3023 640 cuius
3069 572 3292 622 formam
3338 582 3423 621 asr

1885 673 2205 730 sumpserat,
2232 673 2394 730 atque
2424 662 2560 715 adeo
2587 661 2841 713 subdolus
2869 660 3131 714 dmmonis
3159 669 3305 713 artes
3345 659 3418 712 ir-.-

1886 752 2014 804 ritas
2040 752 2260 813 faceret,
2294 764 2457 818 quem
2490 750 2698 817 profani
2733 749 2980 803 homines
3001 750 3170 803 Deum
3197 756 3419 814 vocant,

1885 839 2128 907 quamvis
2152 840 2391 908 angelica
2437 838 2762 893 claritudine
2814 852 2918 890 una
2949 851 3069 890 cum
3099 836 3416 891 rebellionis

1884 931 2096 995 agmine
2156 928 2442 991 deciderit,
2500 927 2860 995 tenebrasque
2911 940 3035 979 cum
3092 926 3261 995 gloria
3326 926 3415 980 illa

1883 1019 2319 1081 commutaverit,
2354 1034 2457 1086 qua
2505 1026 2650 1071 totus
2679 1018 2798 1069 luce
2853 1016 3065 1069 lucebat
3110 1016 3418 1069 matutina:

1884 1109 2082 1177 cuique
2113 1122 2282 1177 pauca
2311 1108 2577 1176 quaedam.
2613 1122 2709 1159 nec
2740 1106 2917 1173 magni
2951 1105 3230 1164 momenti,
3258 1117 3418 1172 posse

1883 1198 2065 1251 datum
2092 1205 2197 1257 est,
2231 1198 2284 1249 in
2324 1197 2407 1250 sui
2444 1198 2738 1250 ludibrium
2790 1195 2991 1265 potius,
3041 1195 3420 1263 iustorumque

1881 1300 2153 1343 certamen
2196 1297 2249 1342 et
2282 1288 2615 1349 exercitium,
2660 1302 2817 1355 quam
2853 1286 2918 1340 ad
2950 1286 3146 1339 virium
3194 1284 3419 1338 demon-

1879 1382 2214 1433 strationem.
2272 1376 2379 1430 Nec
2424 1372 2567 1429 enim
2602 1378 2701 1429 alia
2732 1377 2848 1443 lege
2876 1383 3170 1429 coronatur
3195 1374 3417 1433 athleta.

1879 1468 2228 1534 victoriaeque
2282 1465 2564 1534 praeconiis
2619 1465 2865 1522 effertur.
2927 1478 3088 1532 quam
3147 1462 3191 1517 si
3242 1476 3419 1531 pugno

1882 1556 2254 1611 adversarium
2284 1552 2632 1623 percusserit,
2653 1562 2749 1603 aut
2778 1553 2895 1619 ejus
2920 1553 3119 1604 viscera
3147 1551 3415 1617 catapulta

1882 1641 2381 1697 trausverberarit:
2437 1650 2530 1693 aut
2577 1640 2629 1692 in
2662 1648 2848 1709 guttur
2890 1639 3162 1692 acinacem
3195 1637 3408 1690 distrin-

1882 1733 2040 1793 xcrit,
2068 1740 2231 1799 atque
2258 1732 2330 1782 ita
2359 1729 2552 1783 virium
2583 1742 2802 1781 suarum
2830 1718 3270 1792 dexteritatisqtie
3293 1738 3415 1792 spe-

235 1821 454 1887 quidam
489 1831 545 1875 et
584 1832 781 1881 motus.
810 1824 899 1890 qui
950 1840 1013 1876 ea
1070 1826 1353 1892 parturiat,
1400 1842 1520 1893 qua:
1558 1826 1774 1879 minimc
1808 1816 1845 1869 Β
1880 1822 2054 1874 cimen
2080 1833 2260 1871 coram
2291 1816 2633 1885 agonotheta,
2667 1829 2760 1868 seu
2793 1813 3107 1868 certaminis
3141 1811 3414 1880 praefecto,

234 1911 582 1973 conveniunt,
611 1918 769 1977 atque.
799 1910 864 1963 ad
902 1911 1058 1964 linem
1086 1914 1246 1965 etiam
1270 1913 1519 1967 deducat.

309 1996 363 2049 lu
400 2006 633 2063 utroque
664 1996 827 2065 igitur
858 1996 911 2048 hi
943 1995 1209 2051 Cerdonis
1255 2006 1308 2049 et
1358 1997 1642 2051 Marcionis
1690 2014 1774 2050 as—

243 2087 401 2140 secla‘.
427 2102 490 2140 ex
518 2087 781 2138 diametro
830 2086 897 2139 ab
942 2086 1238 2139 orthodoxa
1274 2086 1375 2139 lide
1403 2086 1731 2140 dissentiunt
1762 2104 1775 2138 :

236 2187 292 2231 et
327 2179 447 2245 quia
483 2177 652 2244 legem
680 2177 959 2230 Mosaicam
988 2179 1177 2229 malam
1235 2192 1352 2230 esse
1410 2179 1778 2245 pronuntiant,

238 2277 294 2321 et
316 2269 438 2336 quia
469 2268 743 2322 Christum
775 2266 899 2320 ideo
932 2268 1145 2320 venisse
1173 2266 1521 2327 contendunt,
1549 2276 1607 2318 ut
1637 2267 1779 2319 illam

237 2360 490 2412 solveret.

308 2449 459 2513 Quod
484 2464 614 2502 vero
641 2448 947 2517 phantasia,
966 2463 1057 2505 seu
1084 2448 1441 2508 simulatione,
1468 2463 1572 2500 non
1603 2457 1780 2501 autem

240 2551 425 2589 revera
460 2536 730 2589 Christum
779 2537 830 2589 in
887 2536 1047 2589 terris
1078 2537 1396 2604 apparuisse
1442 2537 1651 2590 dicunt.
1684 2553 1783 2589 nec

240 2640 371 2691 pure
394 2635 638 2677 naturam
686 2626 973 2678 humanam
1003 2626 1395 2693 assumpsisse,.
1418 2625 1610 2691 dignos
1642 2627 1781 2677 ultro

238 2730 358 2769 sese
386 2715 640 2783 produnt,
673 2715 763 2783 qui
798 2716 849 2767 in
872 2715 1050 2769 Chaos
1078 2724 1133 2769 et
1178 2715 1412 2769 Erebum
1457 2730 1642 2783 pcenas
1686 2716 1752 2768 da

240 2803 345 2858 turi
380 2804 783 2872 protrudautur.
813 2804 916 2868 Qui
976 2805 1120 2857 enim
1155 2803 1267 2857 lieri
1302 2811 1496 2871 potest,
1529 2815 1585 2855 ut
1612 2805 1783 2870 phan-

247 2892 385 2946 tasia
419 2893 651 2953 dicatur,
690 2894 834 2959 quod
877 2908 939 2945 ex
968 2893 1172 2959 virgine
1214 2902 1371 2943 natus
1406 2891 1492 2949 sit,
1526 2893 1667 2958 quod
1703 2908 1786 2945 sa-

240 2983 466 3050 pientia,
493 2992 669 3044 aetate,
699 2993 755 3035 et
781 2983 949 3051 gratia
980 2980 1290 3049 profecerit,
1333 2981 1480 3048 quod
1516 2980 1785 3033 ιϊυείῐίιο

243 3070 595 3133 latuslaneea
638 3071 937 3139 perfossum
986 3071 1169 3128 fuerit.
1203 3071 1343 3139 quod
1394 3072 1574 3124 statim
1628 3086 1653 3121 a
1704 3086 1789 3124 re-

242 3162 583 3214 surrectione
624 3161 906 3215 cicatrices
956 3161 1251 3222 clavorum,
1286 3160 1577 3229 laterisque
1618 3162 1771 3213 didu-

240 3251 474 3317 etionem
524 3250 839 3315 ostenderit,
886 3251 1028 3317 quod
1087 3250 1382 3319 discipulus
1434 3252 1499 3305 de
1553 3253 1617 3305 iis
1651 3253 1780 3319 ipsis

241 3341 505 3392 curiosius
535 3340 856 3393 addubilans
880 3355 942 3394 ea
978 3341 1161 3407 procul
1195 3341 1359 3392 dubio
1390 3343 1467 3394 sic
1493 3357 1550 3394 se
1579 3341 1777 3393 habere

241 3430 704 3497 deprehenderit?
731 3428 858 3493 Quae
890 3430 1106 3497 quidem
1136 3432 1314 3483 omnia
1339 3431 1535 3483 divina:
1562 3431 1750 3498 dispen

242 3520 470 3573 sationis
497 3520 810 3588 pra-scripto
856 3520 976 3573 ideo
1010 3532 1325 3575 conservata
1370 3531 1513 3583 sunt,
1555 3529 1611 3572 ut
1653 3536 1773 3570 eum

246 3612 421 3677 ipsum
443 3623 560 3661 esse
591 3611 951 3669 crederemus,
984 3608 1074 3674 qui
1106 3617 1449 3673 apparuerat,
1496 3609 1587 3675 qui
1618 3610 1776 3659 tertio

243 3708 366 3751 ante
386 3699 473 3751 die
494 3713 682 3765 passus
711 3706 826 3750 erat
860 3698 910 3749 in
944 3713 1126 3756 carne.
1154 3713 1258 3750 non
1291 3710 1467 3751 autem
1502 3709 1773 3765 spectrnm

244 3789 581 3856 spiritumve,
613 3790 703 3858 qui
732 3791 901 3843 oculis
927 3791 1073 3843 cerni
1107 3801 1303 3857 posset.

316 3878 467 3943 Quod
497 3888 674 3932 autem
707 3881 848 3932 Deus
878 3895 1017 3933 unus
1041 3890 1121 3932 est
1157 3881 1332 3941 Pater,
1381 3897 1625 3948 unu-que
1672 3882 1774 3933 Do-

247 3969 427 4022 minus
478 3970 729 4022 Servator
780 3980 963 4022 noster
1010 3968 1299 4023 Christus:
1356 3971 1497 4037 qum]
1549 3972 1776 4039 «lenique.

252 4060 481 4115 Verbum
511 4074 638 4113 caro
667 4059 863 4112 factum
907 4060 997 4115 sit.
1037 4060 1087 4111 id
1127 4061 1266 4114 titius
1312 4061 1397 4115 illi:
1429 4064 1658 4113 tonitrth
1697 4063 1779 4112 bis

244 4150 426 4204 verbis
451 4157 767 4203 attestatur:
803 4149 867 4200 Et
894 4148 1104 4201 Verbum
1138 4165 1260 4201 caro
1286 4150 1477 4215 factum
1507 4162 1577 4201 est
1598 4152 1657 4201 9'.
1691 4153 1753 4202 At

246 4246 473 4289 testatur
517 4245 571 4288 et
616 4237 853 4303 gentium
896 4236 1085 4287 doctor
1130 4235 1345 4293 Paulus,
1385 4236 1474 4301 qui
1512 4238 1673 4303 pit-ris
1698 4255 1779 4288 ,ιιι

244 4327 550 4380 divinarum
582 4325 944 4393 Epistolarum
990 4326 1041 4376 in
1075 4325 1209 4376 locis
1238 4338 1300 4376 ea
1340 4324 1499 4376 latius
1550 4325 1779 4389 explicat

1876 1910 2126 1965 ediderit.
2154 1905 2454 1971 Quomodo,
2474 1918 2676 1971 quaeso,
2702 1902 2858 1954 nobis
2882 1900 3073 1968 pietas,
3101 1909 3193 1951 aut
3218 1904 3418 1964 marty-q

1887 2016 2009 2052 rum
2068 2013 2166 2066 pro
2218 1995 2420 2050 Christi
2451 1994 2668 2047 nomine
2694 1992 3017 2052 constantia,
3050 1987 3417 2056 Optimumque

1897 2096 2215 2142 ceterorum
2244 2091 2557 2137 sanctorum
2588 2080 2922 2149 propositum
2949 2078 3286 2137 innotuisset,
3312 2073 3415 2127 nisi
3494 2146 3499 2151 _

1880 2179 2085 2231 dzemon
2111 2175 2303 2228 Jobum
2344 2172 2638 2235 petivisset,
2678 2178 2731 2223 et
2759 2167 3080 2222 obtinuisset
3103 2205 3119 2225 ,
3152 2163 3253 2217 nisi
3283 2176 3417 2229 prte-

1883 2278 2024 2321 terea
2048 2276 2299 2334 tyrannos
2331 2264 2589 2316 adversus
2623 2269 2885 2328 martyras
2919 2252 3308 2310 subornasset?

1950 2358 2214 2411 Czetcrum
2250 2352 2440 2421 Hylen,
2474 2365 2571 2403 seu
2597 2349 2899 2409 materiam,
2924 2358 3099 2413 neque
3126 2342 3242 2395 sine
3270 2340 3419 2408 prin-

1883 2448 2023 2515 cipio
2047 2459 2186 2506 esse,
2219 2455 2393 2510 neque
2434 2439 2698 2508 principio
2742 2451 2865 2490 cum
2894 2436 3004 2488 Deo
3048 2444 3231 2486 carere
3280 2428 3417 2482 dici-

1884 2551 2022 2595 mus,
2066 2547 2241 2598 neqne
2293 2531 2456 2583 etiam
2502 2526 2939 2595 imaginationem
2994 2536 3137 2578 esse.
3176 2534 3296 2587 quae
3345 2517 3419 2569 sit

1885 2628 2177 2679 formarum
2249 2619 2696 2688 receptaculum:
2749 2614 2997 2683 quamvis
3067 2618 3416 2663 externorum

1884 2713 2157 2773 nonnullis
2190 2712 2240 2764 id
2265 2712 2439 2764 visum
2476 2708 2637 2762 fuerit
2695 2715 2751 2759 et
2804 2704 3086 2771 placuerit.
3131 2698 3260 2752 Nam
3296 2711 3419 2749 cum

1884 2807 2027 2858 Deus
2062 2802 2329 2857 .mundum
2360 2799 2655 2867 producere
2683 2798 2733 2846 in
2763 2793 2943 2846 animo
2970 2795 3223 2846 versaret,
3276 2785 3421 2851 cogi.

1886 2897 2017 2947 latio
2048 2894 2136 2946 illa
2170 2906 2306 2959 opus
2333 2898 2386 2942 et
2435 2887 2577 2939 actio
2616 2894 2753 2944 erat,
2802 2881 3079 2950 Hylcnque
3120 2892 3214 2930 seu
3251 2883 3421 2927 mate~

1888 2983 2019 3034 riam
2056 2981 2225 3032 lorma
2260 2974 2710 3039 subsequebatur,
2763 2978 2819 3022 et
2872 2966 3033 3021 simul
3082 2962 3412 3030 emergebat.

1885 3071 1986 3137 Qui
2018 3083 2146 3122 vero
2176 3066 2371 3118 Mosem
2412 3064 2482 3115 ita
2512 3062 2782 3113 dicentem
2831 3057 3081 3114 audiunt,
3122 3057 3278 3107 Terra
3322 3066 3416 3101 au-

1888 3173 1986 3213 tem
2016 3168 2127 3212 erat
2155 3155 2325 3207 inanis
2358 3163 2405 3205 et
2431 3166 2615 3212 uacua,
2648 3156 2694 3200 et
2718 3149 2938 3199 tenebrae
2969 3152 3118 3196 erant
3156 3155 3309 3210 super
3341 3140 3421 3207 fa-

1877 3252 2004 3303 ciem
2035 3247 2202 3315 abyssi
2231 3246 2299 3304 “,
2333 3252 2494 3308 atque
2543 3240 2669 3291 hinc
2714 3246 2931 3303 arrepta
2964 3232 3249 3287 occasione
3281 3229 3420 3281 div:-

1878 3355 1998 3394 uam
2052 3335 2531 3404 sempiternitatem
2581 3328 2818 3382 materia:
2851 3326 3190 3391 tenebrisque
3232 3330 3418 3374 contra

1878 3429 2042 3480 imum
2092 3425 2184 3477 sed
2212 3432 2449 3475 mentum
2477 3420 2743 3479 tribuunt,
2780 3423 2885 3468 tota
2929 3423 3114 3466 errant
3162 3412 3267 3471 via,
3303 3418 3420 3461 tan-

1876 3533 2036 3586 quam
2089 3516 2324 3581 exleges.
2379 3512 2732 3575 Posteaquam
2802 3505 2948 3556 enim
3001 3500 3187 3569 paucis
3238 3496 3421 3548 verbis

1878 3606 2145 3659 ulissvrit.
2164 3603 2221 3655 1η
2239 3600 2489 3668 principio
2507 3599 2697 3650 creavit
2727 3596 2854 3646 Deus
2873 3593 3054 3645 caelum
3078 3602 3124 3641 et
3139 3598 3332 3641 terram
3352 3587 3391 3616 θ’
3408 3625 3422 3642 .

1882 3708 1992 3748 tum
2026 3694 2219 3746 deinde
2251 3706 2369 3758 quze
2419 3689 2556 3741 facta
2602 3687 2830 3745 fuerint,
2865 3695 2919 3736 ct
2958 3699 3063 3753 qua
3094 3681 3263 3734 forma
3292 3691 3417 3746 pro-

1883 3788 2042 3839 ducta
2071 3785 2178 3837 sint
2210 3780 2479 3849 exposuit,
2509 3786 2562 3831 et
2592 3778 2735 3829 hunc
2772 3776 2825 3826 in
2864 3779 3081 3826 modum
3122 3768 3417 3840 snbjunxit,

1884 3881 2044 3933 Terra
2089 3887 2261 3929 autem
2292 3882 2404 3926 erat
2446 3873 2614 3924 inanis
2649 3877 2697 3921 et
2734 3886 2915 3928 uacua,
2945 3874 2994 3917 et
3024 3865 3243 3916 tenebrat
3269 3871 3423 3914 erant

1878 3984 2033 4036 super
2072 3967 2255 4032 [aciem
2287 3962 2477 4030 abyssi.
2525 3960 2658 4012 Cum
2699 3958 2843 4009 enim
2872 3956 3068 4008 cretum
3129 3951 3182 4003 in
3229 3950 3415 4003 orbem

1881 4061 2354 4122 circumageretur,
2389 4062 2444 4100 ct
2490 4048 2717 4100 necdum
2765 4044 3056 4099 luminaria
3104 4041 3189 4094 illa
3224 4054 3417 4106 magna

1881 4150 2166 4212 sideraque
2224 4142 2469 4193 ordinem
2535 4153 2692 4190 suum
2746 4137 2798 4187 in
2854 4134 3192 4186 ﬁrmamento
3228 4128 3421 4185 sortita

1877 4244 2076 4288 essent.
2096 4233 2289 4285 merito
2308 4231 2542 4283 tenebrae
2570 4226 3032 4285 diﬂ‘undebantur;
3067 4220 3158 4275 ubi
3178 4219 3413 4288 primum

1884 4342 2017 4379 vero
2046 4327 2136 4377 lux
2163 4322 2407 4381 emersit,
2447 4320 2723 4386 stellasque
2772 4315 3046 4383 producta:
3078 4321 3227 4376 sunt,
3269 4321 3423 4364 tene-

244 4431 365 4483 quze
390 4415 457 4468 de
481 4414 695 4468 Christo
727 4413 928 4480 scripta
974 4422 1118 4465 sunt.
1166 4411 1344 4477 inquit
1372 4411 1538 4470 enim,
1564 4409 1776 4464 Gratias
1817 4430 1855 4482 ι)
1889 4418 1995 4468 bne
2026 4414 2242 4479 quidem
2269 4411 2458 4465 eadem
2490 4423 2656 4477 opera
2694 4406 2975 4465 discussae,
3019 4411 3074 4456 et
3109 4402 3175 4456 ad
3192 4401 3419 4455 nihilum

244 4507 446 4573 agimus
479 4503 633 4556 Patri
655 4503 744 4570 qui
774 4517 866 4553 nos
896 4503 1101 4552 idoneos
1127 4500 1345 4551 reddidit
1367 4500 1417 4550 in
1441 4507 1638 4564 partem
1669 4502 1773 4551 Ita:-

244 4595 480 4647 reditatis
534 4602 855 4648 sanctorum.
891 4593 945 4643 in
994 4590 1205 4649 lumine,
1262 4592 1348 4652 qui
1411 4589 1642 4640 hberavit
1681 4605 1772 4640 nos

241 4702 272 4737 a
296 4691 544 4750 potestate
585 4682 934 4741 tenebrarum,
988 4688 1035 4731 et
1065 4679 1332 4731 transtulit
1374 4681 1425 4730 in
1474 4686 1775 4744 potestatem

242 4773 361 4828 Filii
409 4772 693 4825 dilectionis
744 4785 872 4829 sua,
908 4769 996 4836 qui
1038 4778 1112 4820 est
1188 4770 1361 4837 imago
1404 4768 1498 4820 Dei
1530 4768 1791 4820 invisibilis

244 4864 614 4932 primogenitae
650 4861 815 4913 omnis
845 4869 1099 4917 creatum
1116 4862 1182 4912 ".
1215 4860 1281 4912 Et
1306 4870 1487 4928 postea
1516 4876 1527 4909 :
1569 4858 1703 4923 Quia
1733 4862 1786 4911 in

240 4957 352 5022 ipso
380 4952 687 5021 complacuit
725 4966 927 5003 omnem
966 4951 1257 5002 inhabitare
1305 4949 1695 5015 plenitudinem,
1739 4958 1784 5000 et

241 5058 334 5110 per
358 5043 528 5109 ipsum
577 5037 908 5092 reconciliare
952 5039 1124 5089 omnia
1158 5039 1214 5089 in
1260 5039 1447 5105 ipsum,
1498 5036 1782 5105 paciﬁcans

237 5148 335 5199 per
356 5133 665 5200 sanguinem
698 5131 864 5182 crucis
914 5130 1044 5196 ejus,
1076 5132 1181 5181 sive
1206 5144 1321 5196 quae
1350 5130 1403 5180 in
1444 5130 1594 5181 terris
1634 5139 1779 5189 sunt,

236 5223 343 5274 sive
365 5236 482 5288 qua:
521 5222 576 5273 in
612 5220 751 5273 cali:
777 5227 899 5272 sunt
917 5219 982 5270 “.
1012 5217 1142 5271 Item
1177 5235 1191 5271 :
1219 5217 1367 5271 Nunc
1395 5226 1568 5271 autem
1596 5235 1777 5270 recon-

239 5310 402 5361 ciliati
445 5325 625 5362 sumus
685 5308 813 5371 Deo,
859 5323 952 5375 per
1005 5316 1219 5359 mortem
1252 5306 1379 5360 Filii
1407 5307 1600 5374 ejus”.
1638 5309 1770 5361 item

237 5399 410 5452 alibi:
462 5398 561 5463 Qui
609 5416 725 5453 cum
759 5403 1007 5469 informa
1042 5400 1134 5453 Dei
1179 5410 1328 5464 esset,
1381 5418 1482 5453 non
1531 5403 1773 5468 rapinam

241 5487 525 5540 arbitratus
572 5499 666 5547 est.
702 5506 757 5541 se
802 5506 909 5542 esse
947 5490 1194 5558 u'qualem
1248 5491 1349 5544 Deo
1373 5507 1391 5543 :
1430 5492 1518 5543 sed
1546 5493 1766 5560 seipsum

306 5599 352 5628 "'
393 5598 491 5651 Ma!
526 5600 578 5651 h.
613 5615 662 5656 ν,
686 5600 773 5651 εξ.
869 5600 911 5630 ⁸⁸
943 5601 1075 5653 Ibid.
1103 5602 1197 5651 "28

239 5668 288 5702 "
322 5668 514 5735 Philip.
550 5684 605 5731 ll,
642 5673 690 5721 l5.
765 5670 811 5703 ’⁸
844 5670 1033 5724 Geites.
1071 5686 1103 5733 ι,
1131 5671 1182 5721 τε.

1315 5604 1354 5632 ’¹
1382 5604 1529 5654 Joun.
1564 5618 1599 5655 ι.
1638 5604 1696 5653 l5

1261 5666 1299 5702 ⁹’
1333 5672 1524 5726 Genus.
1559 5689 1593 5731 ι,
1630 5675 1668 5721 l.

1770 5605 1812 5633 θ’
1841 5603 1956 5657 Col.
1993 5620 2026 5665 ι,
2062 5603 2120 5654 l9.
2149 5617 2283 5671 seqq

1890 4506 2117 4559 redactae
2149 4509 2323 4556 sunt:
2360 4500 2487 4568 quia
2536 4498 2796 4551 nimirum
2844 4508 2937 4562 per
2987 4508 3066 4553 se,
3116 4504 3322 4559 suaque
3370 4489 3423 4553 vi

1887 4596 2182 4648 subsistere
2212 4606 2315 4644 non
2350 4597 2622 4657 poterant,
2659 4587 2841 4639 lumen
2870 4594 3047 4637 autem
3081 4582 3188 4635 diei
3224 4580 3426 4647 ubique.

1889 4681 2221 4750 resplenduit
2266 4697 2280 4732 :
2330 4688 2390 4730 ut
2428 4676 2577 4729 verbi
2633 4676 2801 4743 gratia
2840 4674 2890 4725 in
2927 4673 3179 4724 arborum
3218 4670 3435 4732 umbris

1887 4773 2069 4824 videre.
2113 4779 2214 4823 est.
2267 4769 2391 4821 Sole
2437 4768 2582 4820 enim
2644 4775 2978 4823 transeunte,
3029 4762 3154 4829 ipsa:
3207 4775 3425 4827 quoque

1885 4864 2123 4913 collecta:
2185 4859 2430 4911 adductae
2490 4857 2949 4909 circumferuntur
3014 4864 3071 4905 et
3125 4851 3416 4904 dissiliunt.

1882 4952 2113 5004 Extenso
2158 4949 2341 5000 itidem
2389 4944 2737 4999 tabernaculo
2784 4944 2869 4996 vel
2923 4943 3191 5010 papilione
3234 4941 3418 4993 lumen

1884 5040 1991 5093 diei
2022 5039 2262 5107 quodam
2296 5035 2450 5103 quasi
2487 5042 2640 5101 septo
2676 5033 3021 5101 disiungitur,
3074 5031 3421 5097 tenebraeque

1882 5131 2103 5183 liberius
2150 5128 2546 5187 ditionduntur,
2588 5127 2776 5179 eodem
2810 5140 3001 5179 everso
3030 5134 3085 5177 et
3116 5122 3419 5183 destructo,

1881 5222 1993 5273 lizec
2021 5232 2234 5288 quoque
2267 5219 2331 5270 ad
2359 5218 2585 5270 nihilum
2614 5216 2827 5268 redacta
2862 5213 3417 5267 evanescuiit.Veruiit

1878 5311 2151 5364 enimvero
2199 5323 2400 5367 rerun,
2448 5322 2583 5374 quas
2640 5307 2781 5358 Deus
2838 5304 3065 5365 creavit,
3100 5302 3242 5354 nulla
3301 5311 3408 5354 est.

1879 5416 1997 5471 qum
2022 5416 2087 5453 ex
2116 5398 2295 5453 divina
2321 5399 2438 5468 ejus
2469 5396 2700 5450 essentia
2725 5402 2954 5453 constet,
3005 5400 3061 5443 at
3109 5392 3407 5443 humanum

1875 5491 2091 5560 qu'rdem
2150 5505 2348 5557 corpus
2396 5490 2509 5541 luto
2556 5495 2891 5554 compactum
2921 5493 3032 5540 est.
3070 5481 3252 5543 anima,
3279 5490 3411 5530 vero

2376 5600 2551 5654 "Col.
2576 5616 2609 5661 l,
2645 5604 2702 5650 lit
2739 5612 2863 5662 seqq
2974 5595 3014 5620 ⁸⁵
3039 5594 3191 5647 Rom.
3223 5609 3272 5657 γ,
3317 5591 3396 5644 l0.
