4274 6382
791 361 922 419 1279

2028 368 2315 425 :‘x'lCE'l'li
2372 370 2770 431 CHONIATE

3842 346 3974 443 testi

781 463 1126 516 extrinsecus
1190 466 1473 518 iusnma'a.
1525 467 1880 523 substantiam
1933 485 1995 524 ex
2056 475 2327 540 spiraculo
2359 478 2402 533 Δ
2433 478 2598 529 monii
2633 479 2896 534 beneﬁcio
2936 483 3169 539 mundus
3209 484 3278 539 ab
3308 486 3400 540 illo
3434 497 3580 542 recte
3628 489 3965 544 administra-

783 553 876 603 illo
908 554 1179 618 concepit.
1211 570 1318 618 quo
1350 556 1487 606 Deus
1519 556 1660 609 illam
1700 559 1748 609 iu
1784 562 2014 624 primum
2049 562 2322 616 hominem

781 632 1063 707 inspiravit
1089 659 1100 691 :
1125 649 1181 692 ut
1206 659 1320 706 qua:
1354 646 1581 697 rationis
1603 649 2013 716 intellectusth
2035 652 2321 718 particeps.

783 730 911 780 nulli
969 731 1208 782 materia?
1255 743 1346 782 aut
1399 733 1578 796 ﬁgura!
1627 737 1882 792 obnoxia.
1925 738 2014 789 Dei
2066 747 2222 806 typus
2270 749 2325 792 et

780 820 952 885 iznago
984 819 1053 869 sit
1088 840 1098 867 :
1136 835 1195 871 ea
1229 831 1404 873 tamen
1445 824 1578 890 lege,
1608 832 1660 874 ul
1687 826 1801 890 ejus
1835 827 2171 884 substantize.
2203 844 2324 896 qua:

774 923 935 959 causa
973 919 1138 963 caret.
1167 914 1343 978 portio
1373 928 1476 963 non
1511 914 1578 966 sit
1610 928 1670 964 ex
1708 930 1808 980 qua
1842 924 2157 971 carterorutn
2189 935 2320 987 quo-

774 1011 879 1061 que
917 998 1184 1058 omnium,
1221 1014 1340 1064 quae
1394 999 1443 1050 in
1506 1014 1684 1050 rerum
1737 1013 1926 1054 natura
1963 1013 2108 1066 sunt,
2158 1012 2321 1072 atque

772 1085 964 1136 animm
991 1087 1153 1138 etiam
1192 1088 1361 1154 ipsius
1389 1088 1690 1142 substantia
1721 1081 2012 1156 dependet;

842 1175 973 1226 Novi
1007 1192 1167 1243 porro
1199 1179 1330 1230 nihil
1360 1187 1461 1240 est,
1512 1180 1652 1245 quod
1701 1183 1790 1246 qui
1843 1179 2089 1247 dogmata
2128 1183 2320 1251 bujus-

775 1265 919 1315 ntodi
984 1267 1341 1332 proﬁtentur,
1397 1269 1671 1320 diabolum
1720 1286 1935 1337 quoque
1997 1253 2318 1325 beneficium

776 1357 1081 1415 nominant,
1123 1358 1328 1424 ipsique
1381 1373 1562 1410 rerum
1595 1359 1775 1426 opifici
1813 1361 1923 1413 Deo
1979 1362 2271 1428 pra-ferunt
2304 1382 2315 1415 :

775 1455 935 1512 atque
967 1448 1107 1498 hunc
1137 1449 1357 1515 quidem
1395 1466 1504 1518 prze
1541 1450 1742 1503 invidia
1774 1455 2093 1519 parentibus
2119 1454 2321 1507 nostris

773 1535 983 1586 arboris
1033 1535 1176 1589 illius
1212 1537 1389 1589 fructu
1419 1539 1784 1602 iuterdixisse,
1815 1541 1900 1594 cui
1938 1541 2060 1593 boui
2108 1551 2162 1595 et
2195 1543 2318 1596 mali

773 1627 998 1676 scientia
1038 1628 1235 1690 iuerat,
1285 1631 1560 1683 diabolum
1594 1648 1722 1685 vero
1761 1644 1819 1686 ut
1857 1633 2092 1686 fructum
2130 1635 2317 1688 decer-

773 1730 958 1782 perent
983 1721 1122 1772 ultro
1152 1724 1461 1788 permisisse
1485 1727 1672 1777 dicunt
1703 1745 1714 1778 :
1749 1727 1929 1780 minus
1955 1728 2317 1790 advertentcs,

2432 575 2604 620 retur.

2709 679 2974 732 Hirrum:
3015 684 3348 748 prec-edentis
3389 687 3694 752 confatalia.

2498 805 2844 878 Quaecunque
2888 811 2953 864 ad
3005 812 3270 869 Cerdonis
3317 825 3372 870 et
3425 816 3712 871 Marcionis
3744 820 3975 872 ilzi‘l't's-in

2431 897 2806 951 intirmandam
2861 900 3190 956 adduximus
3216 944 3228 957 .
3271 919 3334 957 ea
3378 905 3808 958 Lucianistarutn
3841 926 3976 973 quo-

2429 1000 2533 1048 que
2562 985 2916 1053 blasphetniis
2945 991 3256 1045 evertendis
3287 993 3586 1052 sufﬁciunt.
3628 1011 3794 1060 usque
3834 999 3976 1048 adeo

2431 1078 2573 1129 inter
2597 1077 2716 1130 illos
2746 1081 2998 1133 omnibus
3020 1081 3071 1134 in
3098 1082 3406 1151 dogmatum
3426 1088 3671 1139 articulis
3699 1089 3974 1146 convenit,

2428 1178 2482 1219 et
2518 1168 2761 1222 eamdem
2794 1184 3004 1233 revera,
3038 1179 3097 1224 nt
3147 1172 3218 1225 ita
3266 1173 3463 1230 dicam.
3499 1175 3730 1238 tlplinam
3766 1191 3976 1227 suntme

2429 1257 2578 1325 impii
2607 1259 2855 1313 homines
2878 1272 3153 1315 exercent.
3183 1262 3297 1316 Jam
3326 1279 3454 1316 vero
3482 1279 3603 1316 cum
3644 1266 3856 1331 nuptias
3891 1265 3978 1316 ltie

2431 1347 2482 1398 in
2515 1348 2830 1401 universum
2866 1349 3110 1417 abroget.
3148 1350 3201 1402 in
3234 1365 3300 1404 eo
3331 1351 3707 1404 tornicationis
3737 1354 3975 1418 patroci-

2428 1437 2576 1489 nium
2612 1438 2838 1504 suscipit
2865 1457 2877 1491 :
2902 1447 3062 1506 atque
3093 1440 3164 1491 ita
3198 1440 3309 1492 Deo
3333 1441 3671 1503 adversatur,
3695 1441 3978 1495 hominum

2428 1534 2696 1591 quotquot
2738 1536 2866 1579 sunt
2923 1527 3087 1578 homo
3139 1526 3568 1594 impurissimus,
3626 1531 3978 1594 exlegemque

2428 1615 2816 1667 scortationem
2851 1616 3198 1670 immaculato
3227 1628 3280 1671 et
3312 1618 3553 1693 legitimo
3586 1628 3704 1670 toro
3736 1620 3972 1684 praefert.

2427 1699 2580 1762 Quod
2612 1702 2656 1752 si
2689 1717 2792 1754 una
2821 1712 2878 1755 et
2906 1705 3093 1756 eadem
3121 1719 3285 1772 opera
3317 1707 3704 1758 scortationem
3739 1722 3793 1758 se
3831 1710 3975 1758 anti-

773 1826 942 1875 uswc
997 1812 1131 1862 “dm
1180 1813 1474 1881 desipiunt.
1511 1816 1589 1868 vel
1620 1816 1741 1869 dum
1777 1831 1938 1883 opera
1970 1819 2276 1870 exorbitant
2307 1857 2321 1877 '
2358 1799 2398 1853 Β
2426 1798 2644 1883 quatam
2673 1790 2810 1842 velle
2847 1793 3164 1852 contendat.
3198 1795 3346 1846 nullo
3392 1796 3559 1861 igitur
3594 1795 3751 1846 modo
3787 1797 3884 1846 viri
3924 1806 3976 1847 et

772 1908 996 1951 mortem
1025 1903 1282 1967 auspiciis
1313 1905 1512 1956 diaboli
1546 1904 1908 1959 introductam
1962 1909 2226 1975 irrupisse
2262 1909 2314 1961 in

771 1993 1053 2050 mundum,
1100 2003 1262 2059 atque
1310 1998 1512 2060 primos
1559 1998 1726 2049 nostri
1782 1997 1994 2064 generis
2043 2010 2313 2062 auctores,

768 2079 894 2126 dum
931 2077 1000 2128 illi
1031 2080 1428 2147 obsequuntur.
1463 2085 1687 2135 exitium
1721 2086 1822 2137 sibi
1854 2101 2069 2152 parasse
2102 2089 2318 2155 paradi-

768 2181 935 2231 s-upte
971 2167 1144 2219 nudos
1172 2171 1377 2236 ejectos
1402 2185 1542 2224 esse.
1583 2172 1806 2238 lnsUpcr
1833 2191 1897 2228 ex
1929 2181 2316 2244 consequentia

769 2272 997 2319 prorsus
1026 2259 1206 2310 creuit
1234 2299 1247 2318 ,
1286 2271 1341 2312 ιιι
1398 2278 1733 2330 qutecunque
1780 2267 1848 2318 ab
1897 2267 1965 2319 iis
2005 2270 2096 2335 qui
2129 2283 2316 2322 contra

768 2347 932 2399 Deum
976 2351 1099 2402 talia
1134 2352 1499 2414 deblateraat,
1529 2371 1593 2408 ex
1625 2355 2061 2410 Christianorum
2112 2361 2315 2414 rituum

768 2441 1077 2506 pv-arst-ripto
1098 2443 1253 2504 liunt,
1282 2458 1343 2496 ea
1376 2460 1481 2497 non
1513 2447 1628 2498 sine
1660 2447 1886 2500 crimine
1921 2448 2069 2510 ﬁant,
2113 2460 2169 2501 ttt
2195 2468 2315 2504 cunt

765 2547 903 2598 .sa-pe.
933 2547 1027 2584 eos
1059 2534 1354 2601 baptizeut,
1382 2537 1464 2590 vel
1497 2537 1814 2608 dentergant
1855 2541 2055 2608 potius,
2091 2545 2182 2610 qui
2213 2544 2317 2597 lm-

765 2625 906 2671 I't‘aill
942 2639 1128 2676 eorum
1166 2627 1590 2694 ampli-cuntur.

835 2712 962 2763 Item
1011 2729 1131 2766 cutn
1170 2717 1282 2769 Suis
1331 2717 1381 2767 in
1435 2721 1707 2786 mysteriis
1743 2735 1881 2788 aqua
1919 2724 2029 2775 Stla
2068 2734 2315 2780 utuntur.

765 2801 873 2850 itno
903 2802 1065 2854 etiam
1095 2805 1454 2858 ministerium
1509 2809 1759 2876 baptismi
1813 2811 2029 2866 feminis
2091 2818 2319 2883 permit-

766 2902 904 2944 tunt.
943 2894 1117 2961 Atque
1158 2908 1394 2966 quatuor
1449 2913 1512 2951 ex
1559 2900 1865 2968 Evangeliis
1916 2904 2046 2956 illttd
2110 2916 2317 2959 tantum

761 2986 1062 3053 approbant
1119 2990 1262 3054 quod
1316 3005 1344 3041 a
1410 2989 1552 3043 Luca
1609 2993 1976 3060 conscriptum
2047 3004 2150 3057 est,
2221 3013 2320 3050 nec

762 3074 814 3133 id
885 3085 1064 3129 tamen
1126 3078 1393 3149 integrum
1459 3092 1514 3135 et
1589 3083 1726 3135 citra
1787 3092 2076 3136 contextus
2128 3099 2316 3138 corru-

763 3169 810 3220 tl
827 3178 1025 3214 itlltt‘lll.

832 3256 1095 3305 ueterum
1135 3254 1500 3310 Tlteotloritus
1527 3259 1816 3326 que-udam
1854 3261 2016 3328 hujus
2048 3263 2316 3315 ltmresens

758 3341 1096 3407 decrepitum
1156 3359 1212 3395 se
1270 3346 1471 3399 vidisse
1529 3358 1778 3408 tes:atur,
1822 3349 1913 3415 qui
1973 3367 2095 3402 eunt
2159 3366 2314 3403 mane

759 3435 1116 3494 surrexisset,
1206 3435 1388 3488 saliva:
1463 3447 1812 3491 excremento
1898 3438 2091 3491 faciem
2157 3455 2313 3496 suam

759 3523 1026 3580 ablueret.
1064 3541 1389 3592 causamque
1456 3539 1675 3596 rogatus
1737 3545 1795 3582 se
1851 3546 2040 3583 eavc'e
2085 3547 2313 3598 respon-

758 3616 940 3674 deret,
1001 3631 1066 3664 ne
1121 3633 1302 3667 rerum
1346 3634 1373 3668 a
1423 3619 1608 3671 mundi
1646 3620 1838 3687 opitice
1876 3621 1984 3672 Deo
2013 3635 2313 3675 creatarum

762 3705 864 3755 alia
900 3706 1189 3771 ίιμιιδριηξι,
1222 3717 1382 3773 atque
1427 3708 1629 3761 idcirco
1679 3725 1742 3760 ne
1783 3725 1921 3777 aqua
1961 3693 2179 3778 quidem
2215 3714 2312 3774 ttti,

760 3809 878 3859 qus-
909 3796 1167 3848 nimirum
1199 3799 1266 3849 ab
1300 3799 1394 3850 illo
1441 3811 1624 3852 creata
1672 3809 1838 3853 esset.
1876 3801 1973 3852 (Ini
2006 3817 2128 3854 cum
2161 3802 2313 3870 obje-

756 3884 922 3938 t-isset
963 3888 1097 3952 ipse,
1137 3889 1239 3952 Qui
1281 3889 1332 3940 tit
1367 3905 1518 3957 ergo,
1560 3899 1619 3941 ut
1648 3907 1840 3958 panem
1877 3891 2095 3952 oderas,
2126 3894 2314 3946 vinum

757 3986 812 4028 et
865 3991 1058 4042 aquam
1109 3979 1280 4041 bibas,
1329 3980 1591 4038 dormias.
1625 3983 1878 4046 mysteria
1928 3980 2164 4048 denique
2217 3982 2312 4034 tibi

758 4067 1068 4134 pra-scripta
1105 4069 1381 4121 celebres?
1410 4071 1638 4137 subjecit
1671 4069 1780 4127 ille,
1821 4071 1931 4122 bztc
1966 4086 1994 4121 a
2041 4086 2099 4124 se
2132 4086 2318 4125 neces-

757 4157 900 4210 s..rio
944 4161 1056 4209 tieri
1097 4176 1110 4212 :
1146 4162 1268 4226 quia
1319 4162 1574 4212 nimirum
1609 4162 1651 4213 si
1689 4177 1846 4214 secus
1892 4163 2056 4223 laxit,
2102 4163 2312 4225 vivere,

758 4248 1120 4315 m)steriaqttc
1169 4248 1444 4301 celebtarc
1492 4258 1746 4318 nequeat.
1800 4251 1978 4318 Atque
2026 4251 2099 4303 ita
2149 4251 2315 4304 miser

755 4337 843 4385 ille
879 4337 1068 4390 volens
1103 4340 1296 4390 nolens
1327 4354 1383 4391 se
1412 4354 1594 4390 ra-rnut
1629 4353 1658 4391 a
1707 4338 1814 4391 lleo
1850 4347 2159 4404 creatarum
2195 4348 2315 4391 ιιιιι-

753 4443 916 4490 quam
964 4429 1224 4480 bonarum
1262 4431 1578 4496 participem
1614 4443 1730 4481 esse
1767 4428 2059 4492 fatebatur,
2108 4430 2313 4495 quibus
2343 4439 2392 4499 ι)

754 4527 915 4568 antea
951 4518 1254 4586 refragatus
1280 4527 1335 4571 ct
1363 4519 1658 4571 oblocutus
1688 4531 1827 4571 crat.

1378 4677 1526 4731 CAP.
1569 4676 1678 4729 XV.

850 4792 1050 4855 Quinta
1090 4793 1290 4844 decima
1331 4793 1561 4848 Immin.
1609 4792 1837 4842 Luciuui.
1874 4789 2222 4858 Buptizuumr

1230 4869 1280 4912 ct
1319 4863 1392 4926 hi,
1429 4863 1472 4913 si
1515 4863 1839 4927 resipiscam.

823 4976 1100 5028 Luciauus
1129 4974 1381 5043 dogmata
1433 4973 1729 5026 Marcionis
1754 4980 1975 5024 secutus
2005 4982 2088 5023 est
2112 5009 2126 5032 ,
2157 4980 2316 5038 atque

754 5079 813 5117 ut
853 5069 1066 5120 ea-teris
1116 5067 1166 5119 in
1215 5067 1379 5119 rebus
1413 5063 1732 5132 praeceptori
1766 5063 2126 5121 consentiret,
2161 5074 2314 5114 certe

755 5162 1027 5227 legitimas
1059 5159 1281 5228 nuptias
1327 5157 1694 5226 improbabat.
1730 5164 1788 5211 .ct
1838 5153 1903 5206 ad
1939 5146 2314 5222 virginitatem

754 5252 1107 5314 hortabatur,
1152 5268 1257 5304 non
1312 5266 1381 5305 co
1444 5265 1576 5305 sane
1629 5248 1774 5318 quod
1824 5250 2086 5316 optimam
2146 5249 2313 5307 illam,

753 5348 976 5414 lleoque
1022 5353 1253 5411 gratam,
1300 5342 1594 5412 iudicaret,
1627 5341 1719 5395 sed
1753 5349 1813 5393 ut
1867 5341 1955 5394 Dei
2004 5355 2170 5407 opera
2226 5355 2315 5393 ca-

752 5441 1140 5493 luum‘aretur,
1172 5434 1457 5503 legemque
1487 5433 1756 5485 scelestus
1786 5429 1878 5483 ille
1911 5429 2102 5489 ferret.
2157 5444 2317 5482 cave-

755 5539 942 5596 retquc
992 5543 1059 5581 ne
1109 5528 1233 5594 quis
1294 5525 1507 5578 feminae
1551 5521 2197 5591 coniungeretur,idque
2251 5533 2317 5572 co

757 5631 967 5672 tantum
1022 5620 1292 5675 consilio.
1355 5625 1413 5668 ιιι
1473 5629 1656 5666 rerum
1724 5613 1970 5665 omnium
2033 5610 2212 5679 epiilci
2263 5622 2321 5686 et

752 5713 984 5765 creatori
1037 5712 1142 5764 lico
1191 5711 1576 5777 refragaretur,
1613 5707 1958 5772 cllieeretqttc
2008 5693 2073 5755 ne
2127 5701 2315 5754 tnatri-

2428 1877 2640 1932 femina:
2669 1895 3015 1948 congressum
3049 1883 3332 1949 approbat,
3360 1891 3418 1935 ut
3450 1884 3548 1936 bac
3578 1895 3691 1936 arte
3725 1901 3974 1951 magnum

2422 1969 2550 2022 illud
2583 1970 2674 2022 Dei
2710 1972 2983 2038 Opiﬁcium
3033 1972 3193 2024 ltomo
3220 1961 3535 2032 intercidat,
3580 1983 3632 2026 et
3688 1987 3977 2027 evanescat

2423 2058 2658 2124 (dignus,
2691 2062 2780 2126 qui
2812 2071 2915 2112 tam
2942 2063 3150 2114 tristem
3200 2064 3369 2114 aleam
3408 2064 3614 2130 primus
3641 2066 3976 2129 experiatur)

2420 2157 2580 2214 atque
2629 2152 2698 2203 ita
2747 2153 2875 2205 solis
2910 2155 3278 2207 animantibus
3335 2157 3509 2207 brutis
3565 2155 3732 2206 brutge
3767 2156 3979 2206 leliuris

2422 2239 2693 2294 habitatio
2719 2242 2893 2296 «edat.
2921 2244 3073 2298 Unde
3100 2247 3232 2297 satis
3271 2257 3515 2312 apparet,
3569 2261 3728 2312 quam
3785 2247 3978 2309 ign-am

2421 2333 2587 2384 miser
2645 2334 2732 2386 iilc
2783 2351 3057 2402 quamque
3117 2337 3414 2388 inhumano
3451 2345 3665 2402 pectore
3723 2339 3810 2396 sit,
3868 2337 3977 2386 imo

2419 2439 2548 2478 vero
2573 2426 2796 2479 rationis
2822 2427 3020 2488 minus,
3050 2443 3208 2495 quam
3243 2431 3353 2496 ipsa
3387 2429 3568 2489 bruta,
3600 2441 3655 2479 ιιι
3677 2430 3744 2480 ita
3774 2428 3976 2491 dieatn,

2423 2516 2710 2583 particeps.
3770 2521 3774 2529 ’

3034 2629 3181 2683 CAP.
3226 2628 3359 2682 XVI.

2424 2751 2579 2803 Sexte:
2601 2755 2797 2805 decium
2819 2755 3044 2816 lim-usis,
3063 2757 3096 2805 .-l
3111 2755 3276 2818 pultis.
3301 2755 3365 2806 1Ιὲ
3381 2771 3580 2819 quoque
3601 2756 3668 2806 ad
3693 2755 3977 2809 Ecclesium

2702 2825 3014 2874 aitholimm
3047 2827 3316 2875 redeuntes
3347 2826 3703 2892 baptizautur.

2495 2957 2716 3009 Luciani
2754 2958 2973 3021 quidem
3010 2959 3439 3025 condiscipulus,
3474 2959 3762 3011 Mart-iouis
3793 2971 3975 3012 autent

2425 3049 2729 3112 discipulus
2759 3050 2972 3109 Apelles
3008 3066 3034 3100 a
3072 3034 3406 3116 prmeeplore
3457 3050 3508 3101 in
3553 3051 3823 3117 plerisque
3858 3052 3974 3102 dis-

2345 3119 2386 3175 c
2421 3140 2661 3190 sentiens
2693 3138 3110 3205 ltauthua'ptazn
3141 3137 3262 3200 tria,
3288 3149 3342 3190 ιιι
3368 3139 3476 3197 ille.
3498 3149 3795 3206 quatuorve
3829 3143 3978 3207 prin—

2416 3229 2580 3293 cipia.
2605 3231 2695 3280 sed
2720 3245 2884 3280 ttuutn
2910 3230 3256 3295 principium.
3285 3244 3441 3282 unam
3464 3232 3757 3296 patentiata
3781 3247 3975 3280 unm-:-

2413 3332 2518 3384 quc
2578 3319 2742 3370 Deum
2805 3318 3253 3371 innutuinabiletu
3303 3322 3557 3373 asseruit.
3591 3334 3616 3370 a
3670 3337 3778 3385 qua
3836 3321 3976 3371 Ιιριις

2414 3409 2552 3459 alter
2581 3407 2754 3460 factus
2805 3407 2990 3476 luerit,
3024 3408 3182 3475 cujus
3219 3422 3382 3476 opera
3417 3410 3634 3467 coelum,
3667 3421 3866 3459 terram
3920 3423 3971 3460 et

2412 3499 2592 3550 omnia
2630 3515 2747 3566 qua!
2781 3500 2832 3550 in
2859 3500 2937 3552 eis
2971 3510 3119 3562 sunt,
3147 3503 3436 3557 creaverit.
3481 3502 3622 3552 ltune
3672 3500 3846 3551 tamen
3884 3518 3977 3565 pn-

2414 3588 2696 3641 sterinrem
2735 3604 3078 3657 ncrptaqtzam
3132 3589 3332 3642 bonum
3389 3591 3646 3642 evasisse.
3695 3605 3872 3656 neque
3913 3611 3975 3657 ea

2414 3694 2532 3744 qurc
2561 3678 2686 3735 feeit
2717 3680 2851 3730 bene
2885 3680 3099 3735 fecisse.
3150 3679 3242 3732 sed
3277 3694 3371 3745 pro
3423 3681 3570 3746 pravi
3623 3681 3702 3730 sui
3744 3679 3976 3731 allectus

2415 3769 2664 3821 libidine.
2691 3770 2942 3833 subiecit.
2964 3769 3119 3834 Quod
3151 3771 3201 3820 in
3234 3785 3395 3821 causa
3426 3769 3549 3832 fuit,
3579 3778 3636 3820 ut
3661 3771 3976 3822 novissimis

2417 3861 2470 3910 in
2508 3858 2708 3910 diebus
2736 3857 2991 3912 Christus
3024 3860 3113 3911 llei
3148 3859 3392 3925 superni,
3429 3861 3786 3927 ejusdemque
3822 3860 3974 3921 l-oni_

2416 3947 2586 4000 Filius
2624 3947 2675 3998 in
2712 3958 2910 4000 terram
2947 3949 3175 4010 venerit,
3209 3961 3542 4015 carnemque
3585 3963 3730 4004 vere.
3766 3964 3871 3998 non
3913 3963 3978 4001 ex

2417 4038 2578 4091 Maria
2609 4040 2836 4107 virgine,
2870 4039 2962 4093 sed
2992 4055 3055 4092 cx
3092 4041 3278 4093 mundi
3308 4040 3634 4102 substantia,
3662 4055 3980 4106 θεειιιιιρςρο

2417 4127 2505 4189 rit,
2543 4127 2635 4193 qui
2669 4129 2866 4181 deinde
2909 4129 3204 4181 crueitixus
3232 4137 3289 4182 et
3319 4129 3567 4194 sepultus
3617 4128 3975 4178 resurrexerit

2416 4217 2811 4286 discipulis-me
2837 4234 2990 4272 suam
3022 4219 3191 4287 ipsius
3218 4234 3438 4272 carnem
3467 4217 3789 4277 ostenderit,
3817 4229 3980 4283 atque

2419 4309 2634 4362 tandem
2661 4310 2714 4361 in
2737 4325 2801 4362 ea
2830 4311 3011 4363 denuo
3033 4311 3328 4369 resolutus.
3357 4325 3422 4363 ex
3447 4309 3647 4378 quibus
3670 4309 3978 4367 e0ustal-at,

2423 4413 2581 4451 suum
2619 4399 2828 4466 cuique
2876 4401 3171 4464 elemento,
3222 4399 3457 4452 calidum
3524 4399 3736 4476 scilicet
3777 4399 3976 4452 ralizlu,

2422 4490 2677 4560 frigidum
2711 4491 2931 4561 frigido,
2965 4493 3170 4546 siccum
3200 4491 3368 4547 sicco.
3411 4491 3690 4542 ltntnitlum
3739 4489 3979 4554 denique

2419 4583 2649 4637 humido
2705 4583 3052 4645 reddiderit,
3117 4590 3279 4650 atque
3341 4582 3412 4634 ita
3466 4597 3527 4635 ea
3587 4594 3748 4633 carne

2418 4685 2814 4743 assumpseral,
2855 4677 3154 4740 liberatus,
3191 4674 3374 4729 (aruis
3427 4689 3547 4742 ειμι
3571 4689 3623 4725 rs
3675 4676 3726 4726 in
3779 4676 3978 4726 aetum

2417 4764 2746 4817 ascenderit.

3819 4595 3978 4638 quam

2724 4893 2771 4948 11
2779 4910 2998 4949 a'rcseos
3029 4893 3362 4961 pra’cedeutis
3391 4891 3698 4960 confatalia.

2490 5057 2731 5125 Atmllem
2765 5054 2916 5106 illum
2947 5051 3216 5120 optimum
3270 5048 3631 5101 humanarum
3676 5043 3976 5096 formarum

2419 5143 2890 5217 depingendarum
2940 5140 3204 5193 artiﬁcem
3249 5138 3466 5206 Apelles
3496 5137 3584 5189 bic
3619 5136 3672 5186 in
3704 5134 3979 5201 opinioni-

2421 5241 2522 5293 bus
2551 5239 2669 5291 suis
2691 5235 2759 5289 de
2782 5234 2895 5288 Deo
2920 5229 3355 5285 commentantlis
3384 5239 3728 5294 nequaquam
3757 5232 3815 5277 se
3847 5239 3979 5291 pne.

2421 5330 2584 5394 stitit,
2618 5329 2727 5381 imo
2751 5325 2936 5394 potius
2963 5301 3314 5389 obliquorutn
3348 5311 3660 5386 dogmatum
3693 5312 3975 5374 eoutictor.

2419 5435 2475 5478 et
2496 5423 2664 5476 veluti
2697 5418 2919 5489 quidam
2945 5416 3144 5485 figulus
3169 5413 3455 5482 imperitus
3472 5408 3845 5477 deprehensus
3874 5414 3974 5472 est.

2420 5516 2551 5581 Quae
2582 5512 2804 5581 quidem
2845 5510 3096 5577 dogmata
3143 5505 3288 5572 virga
3341 5501 3539 5555 ferrea.
3577 5500 3679 5551 huc
3712 5508 3796 5550 est
3832 5507 3978 5548 recta

2424 5602 2550 5657 ﬁdei
2598 5598 2783 5668 regula
2825 5593 3039 5649 tandem
3089 5590 3368 5645 confracta
3402 5597 3454 5640 et
3491 5588 3772 5652 antiquata
3797 5591 3927 5635 sunt
3962 5600 3972 5628 ;

2424 5708 2588 5764 atque
2659 5691 2894 5748 validius
2936 5689 3123 5744 etiam.
3171 5700 3332 5754 quam
3392 5684 3568 5738 fusilis
3631 5681 3719 5733 illa
3773 5689 3974 5739 statua,
