4274 6382
834 359 977 422 1233

2105 371 2151 429 N
2166 372 2179 428 I
2193 371 2402 430 (ἸΕΤᾹΞ
2456 374 2519 431 Cl
2535 374 2861 436 IONIA'I'AE

3945 390 4093 455 128$

833 466 1016 537 proles
1048 477 1152 529 cst.
1188 469 1504 539 quicunque
1533 470 1645 525 Deo
1672 482 1726 526 et
1753 472 1987 527 daetnoni
2018 477 2213 539 nostri,
2250 478 2407 545 quasi
2439 490 2480 541 Λ
2513 483 2713 536 nentia:
2738 485 2932 552 gratia,
2974 497 3032 540 ut
3068 489 3241 555 aiunt,
3276 491 3369 545 sed
3399 493 3528 561 quia
3595 505 3867 562 metuunt,
3902 515 3971 553 ne
4015 504 4092 556 ob

830 562 1108 616 communi
1133 562 1367 631 quodam
1398 562 1722 631 dividundo,
1749 568 2083 623 creationem
2140 570 2403 639 impertit,

831 655 1105 722 marisque
1128 653 1266 707 adeo
1293 669 1417 708 cum
1441 654 1645 711 femina
1669 672 2048 727 congressum,
2081 676 2220 731 opus
2254 660 2409 715 Sata-

830 746 1012 798 nicum
1043 744 1285 813 appellat
1312 761 1325 798 :
1353 747 1534 815 qualis
1564 746 1950 817 ﬁgmentorum
1975 750 2290 819 hujusmodi
2311 768 2408 807 au-

827 843 948 888 ctor
983 834 1320 892 Severianus
1350 838 1624 907 arguitur.

1425 969 1579 1029 CAP.
1620 972 1804 1030 XVIII.

876 1055 1069 1113 Octava
1100 1060 1300 1113 decima
1336 1063 1573 1129 hwresis,
1599 1063 1831 1120 Tatiani.
1868 1066 1941 1119 lli
1988 1069 2346 1138 baptisantur.

892 1168 1104 1225 Tatiani
1121 1169 1357 1226 haereses
1374 1189 1403 1226 a
1420 1174 1694 1230 Valentini
1715 1177 2111 1250 Marcionisqne
2135 1183 2401 1254 dogmati-

824 1258 928 1313 bus
971 1260 1164 1315 aliena:
1199 1274 1346 1320 sunt.
1368 1264 1482 1319 Imo
1498 1266 1586 1320 hic
1604 1268 1725 1322 illos
1743 1268 2023 1340 impietate
2046 1274 2099 1326 in
2123 1275 2403 1345 plerisque

819 1369 1082 1423 superare
1106 1360 1465 1422 contendens,
1496 1360 1851 1433 Evangelium
1878 1368 2231 1435 conscripsit,
2256 1369 2401 1435 quod

818 1450 907 1501 διὰ
940 1450 1238 1517 τεσσάρων,
1274 1450 1377 1504 hoc
1411 1462 1495 1505 est
1533 1469 1598 1507 ex
1621 1463 1858 1523 quatuor
1879 1457 2244 1526 Evangelistis
2270 1473 2402 1511 con-

818 1538 1030 1601 ﬂatum,
1070 1542 1231 1611 vulgo
1266 1545 1576 1612 appellatur
1613 1563 1627 1602 :
1662 1550 1992 1619 genealogus
2038 1551 2253 1613 accisis,
2289 1566 2398 1605 non

816 1630 1050 1697 caeteris,
1083 1648 1427 1705 quaecunque
1463 1636 1754 1693 Dominum
1803 1656 1869 1694 ex
1919 1642 2130 1697 semine
2178 1643 2401 1698 Davidis

816 1723 1126 1776 Secundum
1179 1740 1399 1780 carnem
1462 1732 1796 1797 processisse
1831 1744 2286 1786 comnmnStrant.
2332 1735 2398 1787 Et

816 1813 964 1883 quod
1012 1815 1076 1868 ad
1112 1818 1438 1872 saeculorum
1472 1823 1693 1889 quidem
1733 1823 2095 1878 deliramenta
2135 1837 2391 1891 pert-net,
2428 1840 2467 1894 Β
2512 1848 2569 1903 pl-

812 1906 1004 1960 eadem
1041 1906 1132 1961 ille
1166 1924 1290 1962 cum
1347 1912 1636 1966 Valentino
1681 1917 1973 1969 sentiebat.
2011 1917 2167 1982 Quod
2208 1928 2389 1971 autem

816 2001 1036 2068 nuptias
1067 2014 1473 2069 exsecraretnr,
1510 2018 1564 2060 et
1597 2023 1625 2061 a
1659 2011 1823 2063 rebus
1863 2012 2120 2066 animatis
2151 2013 2390 2080 vinoque

812 2093 1136 2157 abstineret,
1196 2111 1321 2151 cum
1380 2098 1683 2154 Saturnino
1730 2111 1786 2155 et
1822 2102 2128 2158 Severiano
2183 2107 2391 2159 sentire

810 2184 1347 2253 deprehendebatur.
1385 2188 1537 2244 Unde
1577 2198 1743 2245 etiam
1792 2209 1984 2247 eorum
2038 2196 2131 2263 qui
2190 2195 2394 2248 Encra-

812 2278 945 2341 titaa,
985 2287 1039 2331 et
1067 2280 1289 2349 Aquarii
1328 2282 1459 2335 dicti
1522 2293 1670 2346 sunt,
1730 2288 1838 2338 dux
1895 2295 1950 2338 et
2015 2294 2207 2338 auctor
2258 2288 2381 2338 luit.

809 2368 946 2423 Cum
978 2372 1123 2425 enim
1183 2387 1523 2428 sacramenta
1554 2377 1618 2428 ad
1657 2388 1858 2432 sancta:
1890 2378 2149 2432 Ecclesia:
2212 2379 2392 2432 imita-

813 2461 1017 2515 tionem
1055 2474 1361 2533 perageret.
1409 2480 1570 2537 atque
1625 2469 1695 2522 ita
1736 2471 2129 2525 continentiam
2167 2472 2391 2541 proﬁte-

813 2552 1436 2616 retur,insaeramentis
1483 2559 1704 2627 t‘juidem
1752 2577 1888 2630 aqua
1942 2563 2054 2615 sola
2111 2564 2388 2617 ulelatnr.

808 2639 1076 2694 Cancrum
1127 2646 1334 2713 nuptiis
1369 2648 1604 2714 injurias
1638 2650 1785 2702 nulla
1808 2651 1927 2703 illas
1958 2652 2010 2703 in
2048 2668 2105 2705 re
2152 2666 2180 2704 a
2215 2650 2388 2704 forni-

809 2731 1023 2786 catione
1077 2733 1300 2789 differre
1345 2738 1583 2793 (ΗΟυΙιειι.
1628 2741 1895 2795 Adamnan
1934 2743 2172 2811 denique
2208 2744 2385 2811 ipsum

808 2820 1016 2873 salvum
1049 2837 1168 2877 esse
1202 2824 1582 2881 intieiabatur.

1108 2958 1379 3014 lla'reseos
1411 2964 1743 3031 prwcedcntis
1769 2968 2078 3035 confatalia.

877 3069 1155 3123 Adversus
1184 3070 1517 3128 Marcioncm
1578 3086 1634 3130 ct
1690 3078 1843 3131 illum
1899 3080 2226 3163 subsecutus
2282 3084 2390 3135 lue-

808 3160 1006 3213 rcticos
1063 3161 1335 3225 scribens,
1369 3166 1559 3220 eadem
1608 3182 1827 3236 quoque
1885 3171 1940 3223 in
1998 3160 2190 3226 lixresi
2256 3190 2379 3227 cum
2414 3185 2459 3247 ρ

803 3251 910 3305 illis
959 3251 1249 3306 Tatianum
1306 3257 1472 3310 fuisse
1530 3258 1661 3311 dixr.
1733 3260 1933 3314 Eadem
2005 3273 2187 3317 autem
2255 3268 2387 3320 sub-

802 3339 930 3394 inde
982 3343 1211 3410 repetita
1257 3346 1503 3398 narratio
1529 3346 1807 3402 fastidiunt
1840 3350 1985 3405 haud
2013 3354 2180 3407 dubie
2203 3358 2380 3423 parit:

799 3446 901 3486 nec
954 3434 1138 3489 minus
1184 3436 1413 3489 auribus
1450 3437 1583 3505 ipsus
1616 3443 1844 3495 molesta
1890 3454 1995 3497 est.
2029 3444 2217 3514 Neque
2253 3463 2383 3500 vero

798 3540 829 3577 a
859 3525 1088 3595 reliquis
1120 3526 1503 3596 impietatibus
1536 3529 1751 3585 Tatiani
1791 3532 2036 3588 alienum
2085 3544 2189 3599 est,
2233 3538 2380 3605 quod

799 3618 853 3669 in
882 3618 1128 3686 mysticis
1177 3619 1348 3674 sacris
1389 3638 1530 3690 aqua
1598 3634 1847 3680 uteretur
1885 3646 1897 3681 :
1934 3644 2057 3682 cum
2118 3630 2383 3685 Dominus

799 3709 1201 3765 institutionem
1254 3728 1407 3767 suam
1460 3715 1618 3783 panis
1670 3726 1726 3771 et
1782 3720 1896 3773 vini
1932 3721 2209 3776 oblatione
2242 3725 2377 3777 deli-

795 3801 963 3855 nierit
990 3841 1005 3866 ,
1037 3812 1093 3857 et
1120 3818 1185 3856 ex
1222 3805 1469 3873 ejusdem
1512 3811 1685 3862 latere
1718 3825 1827 3864 non
1861 3828 2003 3881 aqua
2038 3817 2212 3867 solum
2239 3857 2252 3879 ,
2283 3818 2377 3870 sed

794 3894 1019 3962 sanguis
1053 3896 1219 3948 etiam
1255 3898 1329 3950 ita
1371 3898 1684 3966 deﬂuxerit,
1741 3914 1800 3957 ut
1852 3907 2020 3959 Deum
2062 3909 2377 3964 nullatenus

795 3984 1133 4050 dedecuerit,
1172 3998 1530 4057 posteaquam
1567 3991 1619 4044 in
1655 3994 1752 4049 Dei
1806 3996 1985 4051 Patris
2026 4014 2219 4053 manus
2250 4018 2359 4068 spr-

796 4083 961 4127 ritum
1009 4080 1433 4135 commendavit.

1415 4216 1562 4269 CAI’.
1610 4219 1742 4273 XIX.

861 4302 1014 4356 Nona
1040 4305 1243 4357 decima
1273 4307 1501 4367 hwresis,
1538 4311 1941 4367 Encratitarum
1980 4354 1994 4376 ,
2024 4332 2114 4369 seu
2158 4316 2299 4371 Cou-

1180 4379 1475 4432 tinentium.
1519 4381 1585 4433 Ili
1618 4383 1977 4451 baptisantur.

2512 574 2876 629 animatorum
2899 592 3054 632 esqu
3074 582 3533 639 condemnentur.
3571 584 3764 642 Vinum
3784 604 3952 660 porro
3973 608 4089 648 non

2510 663 2821 731 approbant
2844 682 2859 719 :
2891 667 3069 736 ipsum
3096 684 3314 740 quoque
3332 672 3664 729 diabolicum
3684 691 3805 733 esse
3836 681 4048 735 causali
4074 698 4088 733 :

2511 764 2675 823 atque
2712 756 2832 813 illos
2858 761 2951 828 qui
2980 774 3048 814 eo
3084 762 3334 827 utuntur,
3385 765 3602 836 iniquos
3659 778 3716 823 et
3767 781 4092 839 peccatores

2510 847 2770 902 vocitant.
2807 850 2866 905 In
2921 856 3277 911 sacramentis
3322 856 3558 927 denique
3592 859 3705 914 sola
3736 877 3877 931 aqua
3914 872 4088 919 utun-

2512 948 2623 993 tur.

2791 1052 3060 1107 ereseos
3103 1058 3442 1124 prwcedentis
3488 1062 3797 1129 confutatio.

2582 1165 2876 1221 Encratitze
2907 1182 3126 1238 quoque
3161 1185 3256 1225 seu
3300 1172 3689 1243 Continentes,
3718 1180 3861 1235 sicut
3901 1196 4082 1250 equus

2508 1267 2564 1310 et
2594 1258 2780 1313 mulus
2807 1260 3008 1328 quibus
3035 1276 3145 1315 non
3179 1273 3263 1317 est
3293 1265 3623 1332 intellectus,
3651 1270 4086 1340 intemperanter

2509 1350 2562 1403 in
2607 1349 2781 1404 Deum
2817 1352 3191 1422 insurgentes,
3238 1356 3347 1410 illis
3407 1367 3664 1428 tanquam
3720 1363 3775 1415 in
3825 1378 3982 1417 came
4028 1377 4087 1418 et

2505 1440 2663 1494 freno
2713 1447 3189 1513 constringentur,
3220 1464 3339 1516 qua:
3391 1450 3656 1505 adversus
3704 1453 3976 1508 Valentini
4027 1466 4085 1508 et

2506 1532 2820 1595 Marcionis,
2864 1549 3077 1589 necnon
3124 1538 3330 1606 Apellis
3377 1550 3429 1595 et
3486 1541 3694 1596 Tatiani
3763 1543 4001 1601 haereses
4042 1563 4073 1598 a

2504 1626 2662 1677 nobis
2696 1625 2927 1680 adducta
2960 1638 3107 1681 sunt.

3136 1743 3285 1799 CAP.
3326 1744 3443 1799 XX.

2556 1853 2773 1931 icesima
2803 1853 3489 1931 haeresis,Cataphrygum,
3510 1864 3599 1931 qui
3632 1872 3681 1917 et
3710 1864 4074 1931 Montanista',

2657 1932 2703 1975 et
2733 1923 3121 1995 Tascodrugila!
3155 1923 3426 1982 vocantur.
3468 1923 3538 1985 Hi
3570 1934 3928 2001 baptizantnr.

2566 2033 2971 2109 Cataphrygtnn
2999 2038 3221 2094 haeresis
3252 2030 3540 2112 Phrygiam
3575 2045 3917 2114 potissimum
3941 2063 4073 2116 pcr-

2496 2138 2687 2196 vagata
2721 2138 2828 2184 est.
2862 2130 3029 2186 Vetus
3053 2141 3234 2189 autem
3275 2136 3598 2206 Nuvulnque
3645 2140 4063 2194 Testamentum

2495 2220 2814 2277 admittunt.
2915 2225 3091 2292 Atque
3181 2239 3519 2282 mortuorum
3614 2232 4072 2286 resurrectionem

2496 2316 2850 2369 conﬁtentur.
2911 2317 3180 2372 (Steterunt
3258 2320 3513 2375 Montano
3588 2324 4070 2393 pseudopropheta

2496 2405 2735 2475 quodam
2784 2420 3118 2478 praeceptore
3145 2413 3488 2481 gloriantur:
3519 2416 3610 2484 qui
3659 2415 3726 2471 de
3762 2421 3944 2485 seipse
3991 2418 4069 2470 ita

2496 2498 2795 2568 prtedicare
2851 2503 3108 2557 solebat:
3146 2505 3257 2573 Ego
3302 2522 3421 2561 sum
3480 2508 3826 2577 omnipotens
3878 2510 4066 2563 Pater.

2498 2592 2629 2646 Item
2663 2612 2675 2646 :
2721 2594 2841 2649 Non
2871 2614 2989 2651 Sllllt
3024 2602 3269 2669 angelus,
3300 2616 3476 2671 neque
3510 2602 3739 2672 legatus,
3782 2603 3874 2658 sed
3922 2604 4068 2658 Dens

2491 2698 2613 2751 ego,
2651 2683 2904 2755 idemque
2936 2687 3097 2743 Pater
3119 2693 3242 2743 veni
3274 2690 3533 2745 mundum
3571 2703 3909 2747 servaturus.
3939 2694 4070 2747 Pro-

2493 2778 2762 2846 phetissas
2792 2796 2953 2848 porro
2974 2781 3128 2845 duas,
3150 2783 3448 2838 Priscillam
3474 2794 3527 2839 et
3548 2785 3891 2841 Maximillam
3928 2790 4069 2841 asci-

2492 2882 2686 2925 scunt:
2714 2890 2944 2940 quarum
3005 2875 3292 2932 Maximilla
3348 2879 3432 2933 his
3492 2882 3571 2934 uti
3604 2882 3790 2935 verbis
3826 2898 4063 2936 consue-

2491 2973 2674 3017 verat:
2709 2964 2838 3019 I‘ost
2876 2982 2959 3019 me
2991 2968 3253 3037 prepheta
3291 2986 3401 3024 non
3435 2972 3560 3035 erit,
3586 2972 3678 3026 sed
3710 2989 4067 3027 consumma-

2494 3056 2590 3108 tio.
2619 3058 2820 3113 Adhaec
2853 3060 3132 3114 desertum
3187 3062 3434 3131 Phrygiae
3476 3064 3676 3129 locum,
3712 3066 3799 3119 cui
3849 3066 4064 3134 Pepnza

2492 3163 2688 3200 nomen
2722 3159 2825 3212 est,
2856 3150 2910 3202 in
2943 3150 3152 3205 honore
3184 3152 3421 3207 habent:
3447 3170 3556 3222 quo
3605 3155 3657 3208 in
3696 3156 3818 3209 loco
3866 3158 4066 3210 civitas

2490 3239 2787 3308 aliquando
2832 3241 3088 3311 Iull,qu:n
3120 3259 3266 3297 nunc
3286 3244 3459 3299 deleta
3486 3256 3568 3300 est
3592 3263 3605 3299 :
3630 3262 3789 3315 quem
3822 3247 4065 3303 caelest's

2492 3329 2828 3385 Hierusalem
2858 3336 3093 3401 speciem
3127 3336 3333 3391 referre
3362 3337 3622 3401 dicentes,
3655 3339 3706 3391 in
3758 3353 3826 3391 eo
3859 3349 4065 3409 myste-

2490 3420 2568 3474 ria
2604 3437 2702 3475 sua
2743 3436 3030 3501 peragunt.
3070 3424 3262 3479 Iisdem
3314 3442 3479 3495 porro
3533 3426 4056 3497 Tascodrugitarum

2489 3512 2591 3566 hac
2620 3513 2687 3567 de
2718 3529 2881 3569 causa
2930 3531 3129 3571 nomen
3162 3517 3395 3572 inditum
3424 3527 3547 3572 est:
3583 3520 3781 3582 tam;
3822 3520 4060 3590 Phrygio

2487 3604 2745 3659 idiomate
2802 3607 3060 3674 paxillus,
3109 3606 3334 3677 δροῦκος
3388 3620 3571 3663 autem
3617 3625 3781 3663 nasus
3831 3611 4056 3666 dicitur.

2485 3696 2747 3752 Solebant
2777 3712 2959 3753 autem
3001 3716 3110 3768 quo
3161 3708 3406 3769 tempore
3445 3701 3613 3755 Deum
3663 3704 3979 3770 preCabant:
4005 3721 4051 3764 r,

2483 3803 2618 3840 naso
2649 3788 2830 3843 medio
2871 3804 3179 3858 supponere
3205 3790 3455 3861 digitum,
3485 3792 3585 3846 hoc
3610 3794 3862 3846 nimirum
3896 3795 4058 3863 signo

2481 3894 2540 3931 se
2572 3879 2637 3931 ad
2669 3879 2933 3948 justitiam
2968 3881 3111 3934 ultro
3140 3883 3552 3951 amplexandam
3588 3896 3805 3953 paratos
3831 3900 3955 3941 esse
3980 3887 4057 3940 si-

2479 3969 2825 4036 gnilicantes.

2778 4062 3047 4116 Ha'reseos
3081 4066 3415 4133 pra'cedentis
3447 4065 3755 4135 tan/utalia.

2546 4146 2681 4201 Cum
2718 4149 2982 4206 Dominus
3025 4163 3078 4206 et
3114 4154 3369 4209 Servator
3398 4168 3583 4210 noster
3609 4156 3765 4212 Jesus
3791 4156 4053 4214 Christus

2480 4240 2529 4290 in
2550 4238 2859 4309 Evangeliis
2888 4242 3107 4298 dixerit:
3136 4244 3235 4299 Vos
3261 4254 3433 4299 autent
3457 4247 3618 4299 nolite
3639 4252 3813 4301 vocari
3845 4248 4013 4303 Rubbi
4032 4268 4052 4303 :

2478 4345 2608 4381 unus
2636 4339 2708 4383 est
2733 4333 2872 4384 enim
2904 4336 3154 4403 magister
3174 4344 3341 4389 uester
3364 4335 3599 4391 Christus
3626 4338 3705 4392 "z
3732 4353 3854 4392 cum
3876 4344 4047 4394 etiam

2472 4433 2537 4469 ex
2572 4420 2831 4487 apostolis
2862 4421 3027 4475 Paulo
3071 4432 3127 4476 et
3175 4423 3402 4487 Joanne,
3439 4424 3529 4479 hic
3577 4425 3796 4495 quidem
3850 4444 4044 4497 aperte

800 4549 809 4557 .
860 4487 1261 4543 Encratitarutn
1292 4507 1531 4562 quoque,
1550 4511 1644 4549 seu
1673 4496 2089 4555 Continentium
2115 4502 2360 4567 haeresis,
2398 4522 2439 4576 ι)
2470 4508 2632 4572 dicat,
2664 4507 2850 4564 Omnis
2876 4513 3114 4578 spiritus,
3156 4515 3246 4583 qui
3286 4531 3390 4568 non
3438 4517 3715 4585 conﬁtetar
3755 4518 4043 4572 Dominum

792 4578 1061 4633 hereseos
1114 4582 1326 4657 'latiani
1390 4587 1760 4655 fragmentum
1834 4602 1938 4645 est.
2004 4593 2123 4646 Due
2178 4606 2363 4648 autem

788 4669 1058 4737 principia
1096 4668 1241 4751 bono
1263 4672 1381 4726 -Deo
1417 4680 1666 4747 Opposita
1701 4693 2040 4748 proponunt,
2074 4681 2364 4751 eidemque

788 4759 1067 4813 diabolum
1116 4746 1394 4818 adversari
1445 4746 1637 4820 dicunt
1682 4746 1715 4820 τί
1744 4746 1852 4823 non
1882 4772 2007 4839 quia
2038 4788 2069 4824 a
2105 4775 2249 4826 bono
2296 4775 2363 4826 ad

788 4850 988 4904 malum
1023 4851 1315 4908 deﬂexerat
1346 4855 1487 4926 (quae
1521 4860 1805 4914 catholica:
1834 4862 2054 4930 quidem
2090 4862 2350 4917 Ecclesiae

784 4943 1057 4996 sententia
1088 4954 1217 5014 est),
1250 4946 1347 5001 sed
1378 4949 1507 5017 quia
1541 4951 1709 5005 tantis
1750 4952 1966 5006 viribus
2016 4955 2266 5022 polleret,
2304 4964 2364 5008 ut

783 5047 887 5089 suo
923 5036 1049 5105 jure
1100 5038 1365 5109 quidquid
1411 5043 1774 5109 collibuisset,
1824 5046 1877 5099 id
1930 5057 2134 5115 ageret,
2182 5062 2360 5115 neque

785 5127 897 5182 Deo
925 5130 1181 5187 subditus
1207 5134 1623 5203 obsequeretur.
1645 5138 1948 5208 Scripturis
1981 5150 2163 5195 autem
2193 5152 2359 5193 utun-

786 5228 895 5284 tur,
932 5237 1071 5289 quas
1118 5223 1351 5280 Andreae
1376 5268 1388 5288 .
1421 5228 1646 5285 Joannis
1680 5242 1736 5285 et
1765 5231 1989 5287 Thema:
2022 5234 2155 5286 Acta
2199 5234 2359 5302 vulgo

786 5323 983 5367 vocant
1016 5332 1028 5368 :
1055 5330 1267 5371 necnon
1300 5320 1628 5388 quihusdam
1652 5322 2153 5393 aliisrapucryphis,
2185 5326 2361 5388 iisque

786 5403 1001 5459 Veteris
1037 5406 1377 5465 Testamenti
1407 5412 1673 5482 locis.qui
1703 5416 2051 5484 petissimum
2083 5416 2358 5471 arrident.

781 5493 1053 5552 Cteterum
1091 5502 1309 5569 nuptias
1362 5515 1549 5573 aperte
1606 5508 1830 5561 diabolo
1878 5508 2161 5562 ascribunt
2194 5519 2357 5575 atque

781 5588 852 5641 ah
886 5604 1130 5642 omnium
1169 5606 1533 5648 animatorum
1565 5612 1661 5651 esu
1696 5598 1998 5663 abstinent,
2035 5614 2141 5652 non
2178 5599 2356 5650 coni-

858 5768 901 5797 ’³
944 5767 1108 5823 Matth
1166 5788 1243 5838 χι,
1267 5776 1318 5828 8.
1398 5776 1440 5805 3"
1470 5774 1511 5827 II
1539 5775 1693 5830 Joau.
1728 5793 1798 5841 tv,
1834 5779 1887 5832 2.

1971 5779 2052 5832 ‘II
2089 5780 2215 5834 Cor.
2256 5797 2313 5843 ll,
2357 5780 2438 5843 I5,
2493 5782 2574 5835 Ii.

2463 4599 2642 4653 Iesum
2670 4601 2941 4658 Christum
2970 4605 3023 4658 in
3051 4623 3209 4659 carne
3239 4610 3452 4674 venisse,
3485 4625 3549 4663 ea:
3582 4609 3692 4664 Deo
3729 4626 3831 4663 non
3866 4625 3942 4664 est
3964 4614 4041 4665 ”:

2460 4691 2550 4744 ille
2601 4701 2784 4745 autem
2822 4696 3409 4765 pseudoapostolorum
3462 4702 3775 4770 vaniloquia
3813 4718 4040 4759 averse-

2461 4796 2571 4846 tur,
2603 4795 2654 4838 et
2682 4787 2901 4853 pietatis
2942 4790 3193 4844 alumnos
3229 4792 3396 4845 veluti
3444 4793 3752 4857 conﬁrmet.
3782 4810 3856 4849 ne
3887 4798 4041 4865 ipso-

2460 4890 2581 4929 rum
2627 4876 2896 4932 doctrinis
2939 4878 3321 4935 distrahantur
3362 4890 3525 4951 atque
3552 4882 3627 4936 ita
3651 4888 3983 4952 praenuntiet
4016 4906 4031 4940 :

2458 4968 2596 5021 Nam
2627 4971 2884 5038 ejusmodi
2918 4973 3340 5043 pseudoapostuli
3379 4984 3501 5028 sunt
3533 4978 3762 5046 aperarii
3805 4980 4039 5039 subdoli,

2470 5059 2910 5125 transﬁgurantes
2942 5077 2998 5114 se
3037 5065 3090 5115 in
3131 5062 3393 5131 apostolos
3428 5063 3646 5117 Christi.
3682 5064 3751 5117 Et
3794 5083 3899 5119 non
3936 5071 4036 5120 snio

2467 5164 2604 5200 rum.
2645 5148 2764 5218 Ipse
2798 5152 2936 5205 enim
2968 5151 3204 5207 Satanas
3240 5154 3589 5224 transﬁgurat
3616 5172 3670 5209 se
3696 5159 3751 5209 in
3782 5160 4034 5228 angelum

2467 5239 2597 5292 lucis
2622 5242 2659 5293 ¹.
2690 5242 2931 5310 Itemque
2961 5243 3068 5296 alio
3100 5244 3222 5298 loco
3259 5247 3562 5315 praecipiat,
3593 5248 4031 5304 immutatione-tt

2458 5332 2725 5386 doctrinae
2756 5341 2811 5386 et
2841 5333 2965 5388 ﬁdei
2998 5350 3106 5388 non
3138 5349 3260 5391 esse
3290 5335 3684 5392 admittendam
3725 5356 3737 5393 :
3774 5341 3882 5394 Sed
3914 5342 4031 5393 licet

2460 5437 2576 5481 nos,
2610 5431 2703 5475 aut
2733 5425 2951 5494 angelus
2982 5427 3046 5478 de
3073 5428 3201 5479 cazto
3258 5428 3574 5498 evangeliset
3635 5432 3776 5484 vobis
3806 5444 4030 5500 pra'ler-

2458 5530 2617 5581 quam
2667 5517 2803 5582 quod
2848 5517 3266 5585 evangelisamus
3318 5520 3482 5582 vobis,
3533 5520 3822 5574 anathema
3869 5527 3939 5575 sit
3987 5528 4025 5575 '.

2481 5606 2633 5669 Quis,
2670 5622 2873 5673 quaeso,
2922 5608 3123 5677 pietate
3189 5621 3295 5664 tam
3346 5610 3607 5665 imbecilli
3654 5623 3757 5675 est,
3809 5624 4027 5683 tamque

2654 5785 2672 5813 ⁹
2700 5783 2813 5838 Gal.
2857 5803 2892 5849 ί,
2922 5788 2973 5839 8.
