4274 6382
289 419 440 487 19.35

1563 417 1956 477 TilE'jAURl
2000 416 2147 475 LIB.
2195 415 2289 474 IV.

3400 413 3537 479 1286

297 536 474 592 facilis
505 534 571 589 ad
599 535 930 591 credendum
956 534 1103 589 omni
1144 533 1334 595 verbo,
1379 544 1437 588 ut
1482 549 1545 587 ea
1588 533 1689 586 sibi
1733 548 1858 588 vera
1890 542 1929 595 Α
1962 531 2140 585 locum
2180 526 2485 597 proferunt,
2506 526 2595 581 ubi
2630 527 2707 581 sie
2736 526 3006 582 habetur:
3034 524 3223 582 Omnes
3273 527 3413 581 enim
3434 528 3535 597 ﬁlii

296 640 415 681 esse
450 626 795 695 persuadeat,
818 639 939 694 qua:
967 640 997 678 a
1014 625 1267 679 Montano
1290 624 1596 678 docentur?
1618 624 1861 694 Denique

298 731 419 771 cum
450 716 705 771 Christus
736 714 977 770 Hebraeis
1000 717 1221 780 dixerit,
1256 713 1631 768 Testimonium
1686 732 1861 769 meum

300 824 403 861 non
430 818 502 861 est
535 823 728 868 meum,
772 806 863 859 sed
904 805 1069 859 Pater
1100 816 1199 869 est,
1246 806 1335 876 qui
1378 806 1727 859 testimonium
1762 808 1862 875 {ert

298 901 359 953 de
392 917 472 954 me
499 901 540 965 ³,
572 915 638 952 ne
687 898 812 967 quis
845 901 1088 953 omnium
1138 897 1452 952 Montanum
1510 912 1634 959 vera
1680 898 1860 953 dicere

298 1001 561 1053 autumet,
590 992 683 1060 qui
716 990 784 1045 de
829 993 1009 1061 seipse
1059 991 1430 1045 teStimoniunt
1464 991 1604 1044 ferat
1639 1009 1651 1043 :
1695 992 1861 1061 idque

295 1080 588 1151 ejusmodi,
624 1089 681 1134 ut
715 1097 823 1135 non
859 1083 928 1135 de
972 1081 1139 1136 rebus
1185 1082 1513 1151 quibusdam
1563 1082 1858 1137 mediocri—

296 1174 398 1227 bus
431 1172 803 1227 narrationem
834 1172 1109 1236 instituat,
1136 1174 1231 1227 sed
1264 1174 1419 1228 illum
1454 1173 1666 1228 Patrem
1684 1173 1860 1228 omni—

295 1273 572 1334 potentem
614 1263 1075 1333 Servatoremque
1109 1263 1452 1334 pronuntiet.

365 1353 462 1409 Hic
487 1356 654 1408 dubio
695 1355 881 1422 procul
934 1356 1162 1410 interest
1217 1357 1451 1426 maligno
1490 1359 1685 1426 spiritu
1724 1372 1860 1426 prae-

298 1446 579 1507 tumidos,
634 1446 727 1513 qui
780 1447 942 1514 paulo
997 1436 1119 1516 post
1155 1454 1381 1501 “vacuus
1444 1449 1698 1501 inventus
1752 1457 1856 1511 est,

296 1538 753 1606 quemadmodum
801 1538 966 1591 etiam
1023 1538 1144 1591 dua:
1199 1539 1441 1607 ejusdem
1474 1539 1851 1608 prophetissae.

298 1628 427 1685 Cum
450 1631 597 1685 enim
623 1633 834 1684 nullum
884 1637 1005 1699 post
1035 1645 1092 1683 se
1143 1631 1461 1697 prephetam
1534 1641 1851 1696 venturum,

293 1722 387 1785 sed
416 1721 471 1773 in
530 1722 742 1775 foribus
793 1736 914 1774 esse
964 1721 1487 1774 consummationem
1532 1722 1849 1791 praedicant,

294 1811 424 1863 falsa
464 1822 519 1864 et
552 1828 649 1879 per
716 1826 774 1864 se
811 1812 1225 1881 reprehensioni
1256 1813 1490 1866 obnoxia
1535 1828 1672 1875 sese,
1721 1813 1850 1867 dum

1967 618 2063 672 Dei
2093 619 2215 671 estis
2252 631 2346 687 per
2369 613 2528 684 ﬁdem
2562 618 2613 669 in
2642 616 2846 671 Christo
2884 616 3032 671 Iesu.
3059 614 3368 685 Quicunque
3398 632 3537 671 enim

1964 714 2017 763 in
2037 694 2243 762 Christo
2298 710 2565 780 baptizati
2592 709 2733 772 estis,
2774 709 3038 762 Christum
3093 708 3359 763 induistis.
3415 706 3537 761 Non

1965 808 2039 851 est
2064 798 2297 859 Judwus.
2322 814 2485 868 neque
2531 797 2778 853 Graecus:
2822 816 2924 852 non
2982 808 3061 852 est
3102 815 3307 865 servus,
3372 815 3540 866 neque

1965 888 2115 953 liber,
2163 907 2265 944 non
2295 900 2370 945 est
2403 889 2688 953 masculus,
2724 906 2888 960 neque
2915 890 3132 960 femina.
3172 890 3368 946 Omnes
3399 893 3537 945 enim

1967 997 2054 1033 ros
2082 998 2243 1036 unum
2261 985 2383 1036 estis
2416 984 2470 1036 in
2499 981 2708 1036 Christo
2722 981 2872 1036 Iesu.
2901 980 2960 1037 Si
2997 992 3174 1036 autem
3201 1000 3290 1037 vos
3315 983 3534 1046 Christi,

1962 1088 2084 1144 ergo
2113 1092 2287 1128 semen
2343 1077 2570 1130 Abrnhw
2617 1077 2759 1140 estis,
2805 1076 3089 1130 secundum
3140 1058 3535 1147 promissionem

1962 1166 2188 1220 [Heredes
2214 1169 2255 1222 ⁸.
2286 1170 2352 1221 At
2403 1168 2535 1222 falso
2560 1168 2787 1222 Paulum
2821 1168 2990 1222 citare
3013 1177 3406 1236 coarguuntur,
3440 1167 3539 1238 qui

1964 1255 2048 1309 his
2077 1257 2260 1310 verbis
2287 1272 2632 1327 nequaquam
2688 1257 3014 1313 mulieribus
3067 1273 3131 1311 ea
3186 1270 3528 1328 pertrectare

1964 1348 2254 1417 permittit,
2293 1364 2414 1417 qua:
2444 1351 2577 1404 viris
2617 1350 3073 1405 conveniuntzet
3130 1363 3192 1401 ca
3243 1347 3459 1417 imprim
3487 1364 3534 1410 ς,

1961 1456 2081 1509 quae
2104 1440 2382 1511 mysteriis
2439 1450 2648 1495 scatent
2696 1442 2985 1500 vivamque
3036 1440 3286 1493 docentis
3344 1454 3532 1492 vet-em

1959 1533 2300 1602 requirunt:
2364 1534 2475 1587 itno
2550 1548 2680 1587 vero
2754 1548 2856 1587 nos
2918 1548 3028 1586 non
3094 1532 3332 1601 amplius
3428 1534 3531 1585 sub

1956 1628 2095 1697 lege,
2132 1638 2392 1698 tanquam
2421 1626 2714 1698 paedagogo
2737 1629 2880 1689 esse,
2926 1628 3020 1682 sed
3060 1644 3127 1682 ex
3178 1628 3282 1682 fide
3326 1628 3532 1698 justiti-

1952 1723 2091 1784 cari,
2123 1720 2325 1789 Deique
2355 1720 2491 1773 filios
2527 1728 2634 1773 tam
2683 1735 2860 1773 mares
2888 1734 3054 1788 quam
3115 1719 3348 1772 feminas
3406 1732 3527 1770 esse

1955 1808 2117 1858 docet
2165 1817 2325 1876 atque
2352 1806 2648 1875 praadicat,
2683 1806 3111 1874 universumque
3164 1806 3300 1859 adeo
3351 1820 3527 1874 genus

291 1900 549 1956 Montano
602 1902 907 1966 adiurarent,
953 1919 1048 1956 ore
1094 1903 1319 1971 prOprio
1366 1904 1684 1957 vaticinatas
1731 1920 1855 1959 esse
1889 1883 1979 1943 Bt

1838 1920 1855 1959 Β
1889 1883 1927 1937 Β
1957 1891 2279 1959 humanum,
2311 1894 2610 1949 dummodo
2647 1894 2927 1950 Christum
2959 1894 3179 1949 lavacro
3231 1894 3526 1964 baptisma-

292 1992 670 2059 prodiderunt.
705 1993 813 2047 Illa:
841 1995 988 2047 enim
1012 1994 1338 2063 jampridem
1365 1995 1650 2055 obierunt,
1685 2005 1853 2064 atque

289 2083 585 2136 inferorum
637 2086 923 2139 tormentis
954 2086 1210 2153 exposita:
1243 2095 1391 2150 sunt;
1458 2085 1695 2138 mundus
1757 2102 1849 2138 au-

290 2181 396 2229 tem
428 2176 586 2229 durat
610 2188 667 2230 et
697 2177 994 2230 etiamnum
1037 2177 1269 2246 propria:
1304 2178 1419 2239 Dei,
1450 2178 1542 2245 qui
1571 2186 1653 2231 est
1692 2194 1855 2246 super

286 2268 492 2331 omnia,
538 2270 791 2336 potestati
817 2268 1077 2338 subjacet.

900 2402 1054 2456 CAP.
1084 2400 1226 2455 XXI.

298 2488 554 2545 Vicesima
614 2509 785 2561 prima
852 2495 1087 2556 Itwresis,
1119 2492 1588 2556 Quintilianorum,
1636 2494 1849 2547 Priscil-

353 2562 638 2640 iianorum,
667 2562 1044 2625 Pepuzitnrum
1084 2572 1129 2614 et
1178 2568 1610 2634 Artotyriturum.
1659 2567 1729 2617 Hi
1761 2569 1854 2617 bn-

350 2642 646 2700 ptrsautur.

349 2743 675 2809 Quintiliani
732 2746 786 2799 hi
850 2747 1511 2817 pseudOprophetissain,
1566 2766 1669 2802 una
1720 2764 1843 2803 cum

281 2834 527 2889 Priscilla
560 2837 833 2891 hereseos
862 2852 974 2892 sua:
1027 2839 1222 2893 ducem
1248 2841 1478 2910 jactant.
1541 2842 1709 2895 Aiunt
1743 2858 1843 2894 au—

284 2934 391 2978 tem
424 2926 662 2994 ipsarum
695 2943 856 2981 unam
887 2931 938 2982 in
1003 2931 1148 2995 loco,
1204 2932 1297 2998 qui
1350 2932 1559 2999 Pepttsa
1614 2932 1839 2997 dicitur,

281 3016 572 3081 dormisse,
613 3017 1003 3088 Christumque
1059 3021 1112 3073 in
1168 3023 1378 3076 somnis
1442 3022 1665 3088 vidisse,
1724 3040 1844 3076 tnu-

277 3107 437 3160 liebri
468 3108 681 3173 habitu,
716 3111 853 3163 stola
884 3112 1169 3179 splendida
1209 3114 1481 3176 indutum,
1513 3130 1620 3167 una
1652 3130 1838 3168 secum

280 3208 553 3252 versatum
583 3215 725 3263 esse,
752 3212 810 3254 et
834 3216 1085 3254 somnum
1122 3203 1352 3270 cepisse,
1400 3204 1721 3273 sapientiam
1747 3208 1843 3261 de-
1870 3207 1914 3269 C

278 3289 445 3357 nique
463 3291 567 3343 sibi
593 3292 915 3359 inspirasse;
948 3301 1113 3361 atque
1148 3294 1418 3347 revelasse
1445 3311 1608 3363 quant
1626 3307 1847 3351 sanctus

276 3379 366 3431 ille
392 3379 542 3433 locus
558 3391 721 3432 esset.
740 3384 1010 3434 Caeterum
1047 3382 1223 3435 Veteri
1248 3393 1299 3435 et
1318 3383 1467 3436 Novo
1494 3385 1845 3441 Testamento

277 3478 524 3531 utuntur,
562 3480 1012 3539 mortuornmque
1041 3476 1502 3527 resurrectionem
1522 3476 1838 3530 admittunt.

274 3558 532 3612 Mulieres
574 3572 757 3613 autetn
821 3564 873 3612 'tn
933 3562 1222 3631 episcopos
1273 3573 1327 3617 et
1381 3566 1727 3634 presbyteros
1772 3570 1841 3624 ab

276 3649 383 3701 illis
417 3649 713 3717 eliguntur.
738 3652 910 3705 Aiunt
969 3655 1139 3718 enim,
1171 3654 1225 3707 in
1277 3656 1503 3709 Christo
1552 3659 1679 3712 Jesu
1740 3676 1841 3716 nec

274 3742 600 3805 masculum,
658 3757 757 3796 nec
809 3743 1068 3798 feminam
1122 3760 1263 3801 esse.
1320 3748 1632 3819 Artotyritte
1675 3767 1841 3820 porro

277 3840 566 3893 vocantur,
629 3832 755 3899 quia
815 3848 1011 3901 panem
1060 3844 1114 3888 et
1163 3851 1383 3889 casa-um
1427 3853 1543 3892 suis
1593 3841 1837 3908 ipsorum

270 3921 627 3973 sacramentis
662 3922 961 3976 adhibent:
1003 3924 1164 3993 ἄρτος
1218 3928 1366 3979 enim
1423 3928 1626 3983 Graecis
1683 3934 1837 3999 panis

270 4018 376 4073 est,
401 4022 456 4063 et
483 4013 643 4081 τυρός
674 4026 884 4066 caseus.
916 4014 1113 4068 Fertur
1138 4016 1366 4086 insuper
1390 4020 1651 4087 quiddam
1686 4024 1834 4077 aliud

269 4102 440 4170 magis
481 4102 707 4170 impium
740 4104 884 4173 apud
918 4104 1042 4158 illos
1072 4106 1215 4160 fieri.
1250 4109 1495 4163 Puerum
1553 4116 1701 4166 enim
1730 4130 1831 4184 ap-

269 4194 710 4263 primejuvenetn
745 4198 979 4265 quodam
1023 4198 1112 4253 die
1143 4199 1285 4254 festo
1308 4216 1408 4269 per
1468 4218 1660 4259 omnes
1713 4222 1834 4259 cor-

266 4286 415 4352 poris
445 4298 623 4354 partes
647 4289 860 4341 subolis
911 4302 1183 4360 pungunt,
1218 4302 1332 4345 tum
1387 4296 1505 4362 ejus
1566 4298 1832 4367 sanguine

265 4374 492 4428 farinam
533 4380 757 4445 pinsunt
787 4388 844 4433 et
874 4381 1160 4451 subigunt,
1192 4384 1522 4453 tandemque
1546 4389 1831 4445 oblatione

265 4466 391 4519 inde
427 4466 569 4521 facta
596 4471 1032 4523 communicant.

546 4602 812 4655 ereseos
857 4603 1198 4673 prccedentis
1236 4608 1543 4676 eonfutatio.

337 4709 595 4780 Figulina:
625 4713 866 4781 ejusdem
893 4730 1015 4768 cum
1057 4719 1500 4785 praecedentibus
1529 4721 1579 4774 hi
1604 4738 1823 4793 quoque

260 4812 409 4868 sunt,
447 4803 556 4857 imo
589 4820 719 4859 vero
750 4821 1019 4874 perversae
1045 4810 1193 4862 illius
1232 4813 1595 4880 satanicaequo
1623 4816 1826 4870 doetri-

258 4909 342 4948 nte
372 4912 435 4950 ac
467 4888 793 4950 traditionis.
844 4899 981 4963 Quia
1017 4914 1148 4952 vero
1185 4916 1366 4954 rerum
1424 4904 1736 4961 immutatio
1765 4920 1822 4963 et

258 4985 539 5038 innovatio
568 5001 843 5055 nunquam
873 5004 981 5040 non
1030 4988 1303 5044 haereticis
1331 4993 1559 5059 arridet,
1596 5012 1815 5051 eorum-

253 5091 360 5142 que
387 5076 544 5138 adeo,
600 5092 721 5145 quas
743 5080 1022 5132 deteriora
1045 5092 1198 5144 sunt,
1234 5084 1447 5151 copiam
1483 5087 1809 5144 insolentius

254 5168 361 5220 sibi
421 5166 723 5228 vindicant,
777 5167 864 5221 his
925 5185 1141 5238 quoque
1191 5173 1433 5242 vestigiis
1484 5175 1815 5233 inharentes

249 5257 563 5327 Artotyrita:
584 5258 810 5311 feminas
830 5259 992 5312 etiam
1049 5262 1117 5313 ad
1155 5263 1539 5331 episcoporum
1594 5270 1814 5339 presby-

250 5358 602 5416 terorumque
666 5348 956 5402 cathedras
1005 5350 1268 5413 evehunt,
1322 5364 1485 5423 atque
1543 5356 1649 5409 illis
1684 5373 1809 5426 per-

248 5442 494 5505 mittunt,
528 5450 586 5492 ut
626 5455 747 5508 qua:
789 5440 933 5510 apud
984 5456 1080 5495 eos
1124 5445 1472 5498 celebrantur
1525 5452 1805 5517 mysteria,

249 5531 502 5585 manibus
532 5540 845 5585 attrectent.
884 5532 942 5586 in
970 5532 1129 5603 cujus
1155 5535 1232 5587 rei
1260 5537 1617 5592 assertionem
1649 5540 1802 5596 Pauli

318 5669 337 5700 ³
363 5669 520 5724 Joan.
541 5685 597 5734 ν,
640 5668 730 5734 Si,
768 5669 857 5724 52.

317 5813 426 5876 (46)
458 5812 655 5869 Euseb.
684 5811 812 5869 hist.
844 5812 943 5868 lib.
975 5830 1029 5881 ν,
1063 5828 1112 5867 c.
1145 5813 1235 5868 2'3.
1263 5814 1429 5871 Exod.
1472 5834 1569 5872 su.

936 5674 956 5702 ‘
990 5671 1107 5725 Gal.
1154 5686 1239 5738 ut,
1267 5673 1335 5729 26
1364 5691 1518 5745 seqq.

1595 5680 1613 5711 ⁸
1640 5679 1655 5731 Ι
1690 5680 1818 5738 Cor.
1850 5700 1958 5749 ιη’,
1992 5685 2081 5739 ⁸55.

1956 1984 2027 2039 tis
2050 1986 2306 2051 induerit,
2353 1986 2620 2057 imprimis
2645 1994 2828 2039 autem
2860 2001 2985 2040 cum
3035 1987 3117 2040 sic
3148 1987 3255 2039 alio
3286 1988 3525 2056 quodam

1954 2077 2074 2131 loco
2100 2078 2465 2131 exhortatur:
2500 2077 2808 2130 Mulieribus
2852 2079 3036 2130 docere
3078 2094 3182 2131 non
3235 2079 3520 2146 permilto:

1952 2165 2042 2216 sed
2071 2164 2214 2217 domi
2236 2167 2370 2218 viros
2403 2180 2523 2217 suos
2550 2166 2897 2233 interrogent.
2930 2166 2974 2217 si
3001 2181 3103 2233 qua
3130 2180 3182 2216 re
3222 2166 3287 2216 sit
3319 2181 3446 2232 opus
3480 2166 3523 2217 ³.

1955 2258 2107 2315 Item,
2157 2253 2254 2309 Vos
2279 2258 2377 2324 ipsi
2417 2254 2675 2324 judicate.
2712 2254 2865 2307 Decet
2907 2255 3178 2307 mulierem
3235 2271 3336 2308 non
3379 2256 3525 2309 velit-

1953 2357 2238 2401 luntorare
2272 2348 2437 2399 Deum
2480 2348 2542 2399 ﬁ?
2569 2346 2686 2402 Jatn
2744 2348 2785 2401 si
2836 2346 2989 2401 nullo
3044 2348 3206 2399 modo
3239 2350 3521 2412 Convenit,

1954 2447 2272 2506 naturaeque
2321 2436 2536 2507 legibus
2569 2440 2913 2500 adversatur,
2947 2450 3006 2492 ut
3057 2437 3257 2491 femina
3318 2448 3526 2493 retecto

1952 2529 2128 2597 capite
2158 2538 2273 2581 oret
2308 2528 2413 2599 (vir
2434 2531 2583 2583 enim
2617 2530 2662 2582 si
2694 2544 2908 2583 comam
2947 2530 3176 2594 nutriat,
3224 2530 3526 2599 ignominia

1948 2630 2026 2669 est
2065 2616 2162 2677 illi,
2199 2618 2391 2669 mulier
2429 2628 2611 2670 autem
2644 2619 2685 2669 si
2725 2632 2937 2671 comam
2975 2622 3203 2680 nutriat,
3232 2619 3407 2687 gloria
3434 2627 3522 2671 est

1952 2706 2064 2774 illij'
2088 2723 2347 2776 quoniam
2376 2724 2532 2761 coma
2566 2710 2641 2762 illi
2681 2709 2972 2763 velamenti
3003 2710 3121 2763 loco
3156 2711 3280 2762 data
3327 2720 3431 2771 est,
3476 2712 3521 2763 si

1948 2800 2206 2869 mysteria
2238 2808 2458 2864 tractet,
2482 2800 2721 2869 denique
2780 2802 2845 2854 ad
2914 2800 3089 2856 altare
3139 2802 3235 2856 Dei
3272 2805 3524 2872 .propius

1945 2892 2191 2957 accedat,
2218 2906 2488 2961 quantum
2525 2894 2705 2947 scelus
2753 2893 3027 2947 molitur?

2014 2983 2326 3054 Artotyrita:
2376 2994 2565 3039 autem
2594 2995 2645 3039 et
2690 2987 2884 3049 Deum,
2952 2996 3009 3041 et
3065 2987 3343 3043 salutifera
3400 2990 3522 3057 ejus

1948 3076 2889 3144 praeceptaignorantes,Christum
2922 3086 2978 3131 et
3032 3077 3258 3132 Paulum
3312 3080 3522 3134 calum-

1948 3171 2203 3219 niantur:
2236 3167 2386 3219 illum
2414 3169 2656 3236 quidem,
2710 3172 2838 3239 quia
2902 3172 3159 3226 muliebri
3225 3172 3414 3227 habitu
3450 3184 3519 3227 ad

1949 3272 2168 3310 suarum
2205 3259 2676 3327 prophetissarum
2706 3276 2867 3315 unam
2921 3264 3241 3324 accessisse,
3296 3281 3418 3321 cum
3452 3280 3516 3319 ca

1948 3346 2293 3410 dormivisse,
2323 3349 2645 3416 sapientiam
2674 3350 2913 3419 denique
2944 3361 3000 3406 et
3024 3352 3341 3408 futurorum
3377 3371 3516 3425 pra:-

1948 3440 2226 3494 notionem
2257 3441 2305 3495 ei
2342 3443 2637 3498 instillasse
2671 3444 2884 3499 dicunt.
2913 3446 3068 3500 Hunc
3090 3463 3237 3510 vero.
3264 3450 3363 3518 qui
3399 3465 3513 3504 ma-

1943 3548 2083 3601 gnus
2121 3533 2271 3586 orbis
2300 3549 2476 3603 praeco
2504 3537 2934 3604 jure-censetur,
2971 3541 3098 3607 quia
3124 3542 3366 3608 perversi
3421 3542 3510 3597 di-

1946 3640 2199 3677 vinorum
2228 3626 2349 3695 ejus
2381 3627 2695 3696 dogtnatum
2737 3629 3093 3700 interpretes,
3150 3632 3369 3688 feminis
3400 3650 3509 3687 non

1943 3732 2101 3772 secus
2126 3733 2288 3787 atque
2321 3721 2450 3773 viris
2519 3736 2670 3775 sacra
2732 3725 3138 3779 contreetanda
3188 3726 3448 3793 perinisis
3479 3747 3510 3782 e

1942 3808 2283 3862 mentiuntur
2317 3810 2682 3879 impudenter.

2010 3896 2164 3963 Quod
2200 3898 2267 3952 ad
2308 3903 2648 3969 προσφορὰν,
2688 3901 2794 3956 hoc
2825 3911 2909 3958 est
2932 3905 3211 3974 mysticam
3257 3906 3511 3963 sacriﬁcii

1939 3993 2277 4047 oblationem
2330 3994 2588 4061 pertinet,
2649 4010 2813 4064 quam
2862 3995 2939 4048 illi
2996 3997 3321 4062 celebrant,
3379 4014 3501 4054 eam

1939 4083 2112 4153 ipsam
2146 4098 2269 4138 esse
2297 4094 2452 4152 puto,
2482 4100 2647 4153 quam
2695 4086 2782 4140 vel
2829 4088 2950 4157 ejus
2992 4097 3206 4155 auctor,
3260 4099 3316 4143 et
3352 4090 3507 4160 impii

1937 4180 2075 4231 sacri
2102 4177 2300 4245 praesul
2331 4176 2600 4241 diabolus,
2639 4188 2898 4249 tanquam
2934 4183 3170 4236 maxime
3218 4182 3504 4247 nefariam,

1936 4269 2264 4324 de'estetur.

2537 4359 2687 4416 CAP.
2723 4360 2886 4413 XXII.

1938 4450 2192 4505 Vicesima
2237 4452 2469 4507 secunda
2504 4454 2715 4507 hazresis
2746 4451 3379 4508 Tessaresdecatistarum
3409 4472 3496 4509 seu

2041 4523 2662 4586 Quartodecimanorum.
2686 4524 2753 4577 Hi
2774 4531 3035 4593 unguento
3053 4526 3394 4595 intinguntur.

2006 4633 2253 4702 Reliquis
2275 4633 2328 4686 in
2360 4634 2527 4688 rebus
2568 4634 3051 4700 Quartodecimaut
3090 4651 3258 4705 prepe
3287 4636 3494 4691 lideles.

1931 4724 1983 4777 in
2024 4726 2241 4780 Pascha:
2272 4727 2409 4780 festo
2435 4728 2723 4796 judaizant
2754 4728 2889 4795 (46).
2926 4728 3034 4781 Nec
3058 4728 3206 4781 enim
3243 4728 3376 4782 illud
3404 4729 3495 4782 dic

1926 4815 2210 4870 Dominico
2239 4818 2542 4879 celebrant,
2574 4819 2670 4872 sed
2695 4833 3031 4887 quocunque
3080 4819 3489 4888 decimaquarta

1922 4907 2065 4959 luna:
2082 4907 2207 4961 dies
2236 4907 2513 4971 inciderit,
2539 4902 2658 4962 hoc'
2695 4909 2832 4977 legis
2862 4910 3086 4963 oraculo
3134 4908 3280 4973 freti,
3320 4910 3489 4963 Malo-

1920 5000 2096 5051 dictus
2120 4999 2317 5061 omnis,
2353 5000 2449 5067 qui
2505 5016 2613 5053 non
2676 5000 2841 5055 faciet
2878 5001 3085 5055 Pascha
3124 5000 3213 5055 die
3276 5001 3498 5055 decima

1917 5101 2110 5157 quarta
2138 5090 2363 5150 mensis.
2400 5091 2756 5160 dicentesque
2781 5092 3047 5146 Joannem
3078 5093 3390 5161 apostolum
3422 5107 3486 5145 er

1912 5181 2297 5247 evangelistam
2332 5190 2611 5235 auctorem
2636 5182 2823 5241 fuisse.
2870 5191 2929 5235 ut
2988 5182 3192 5236 Pascha
3216 5182 3305 5235 die
3333 5183 3480 5235 lunae

1912 5269 2120 5324 decima
2148 5281 2344 5340 quarta
2372 5272 2703 5325 celebretur.

1914 5360 2140 5414 Actibus
2196 5372 2448 5427 utuntur,
2508 5365 2599 5431 qui
2661 5372 2877 5417 erronei
2936 5363 3098 5431 vulgo
3151 5373 3472 5421 censentur,

1915 5455 2143 5522 aliisque
2170 5466 2434 5524 praeterea
2492 5456 2648 5509 libris
2686 5456 3008 5524 illegitunis,
3073 5470 3213 5524 quos
3244 5470 3473 5525 apocry-

1916 5545 2052 5613 phos
2090 5546 2281 5615 vulgus
2313 5556 2486 5600 vocat.

2784 5272 3019 5341 Insuper
3092 5274 3475 5340 apostolorum

2159 5687 2178 5717 '
2207 5686 2373 5742 lCor.
2410 5704 2485 5751 tu,
2520 5688 2605 5740 l5.
