4274 6382
251 440 386 506 1289

1493 431 1670 491 ‘THE
1691 430 1914 490 ςΑυιιι
1961 427 2109 486 [ιιι.
2154 426 2246 482 ιν.

3360 431 3496 491 1299

244 554 445 611 deinde
481 553 839 624 baptizatum,
902 563 958 607 et
1008 551 1060 603 in
1121 549 1475 605 solitudinem
1525 562 1555 599 a
1610 544 1807 614 spiritu
1838 550 1887 606 Α
1916 541 2000 594 sui
2037 538 2374 592 sulenilate
2423 539 2693 591 ses-monis
2740 540 2792 591 in
2836 540 3077 594 medium
3127 541 3335 597 idcirco
3380 560 3503 612 pros

240 648 536 703 abductum
562 645 760 698 fuisse:
791 643 1030 711 indeque
1067 655 1348 697 reversum
1373 637 1672 708 pratdicarc
1697 652 1810 690 cm.

242 741 408 805 pisse.
440 747 576 789 utex
598 733 828 788 aliorum
859 736 1316 805 evangelistarum
1335 731 1552 798 seriptis
1578 738 1810 782 constat.

245 827 566 896 liojusmodi
586 838 769 881 autem
798 827 933 879 nihil
950 825 1180 880 Joannis
1197 822 1494 893 Evangelio
1511 820 1806 875 contineri.

521 961 789 1016 [Imm-os
827 962 1169 1030 prmi-edentis
1220 960 1348 1026 conf
1347 961 1535 1013 utatio.

315 1098 551 1153 Demens
575 1112 786 1156 revera.
817 1109 870 1152 et
898 1111 1095 1165 expers
1127 1097 1355 1152 rationis
1381 1105 1464 1149 est
1496 1095 1812 1164 Alogoruin,

245 1188 312 1242 de
342 1190 544 1257 quibus
576 1188 665 1242 hic
684 1189 887 1258 agitur,
923 1189 1170 1252 heresis,
1197 1204 1297 1243 nec
1321 1189 1505 1241 minus
1527 1202 1661 1240 vana
1683 1203 1808 1243 cum

242 1282 352 1346 ipsa
383 1278 723 1332 dubitatione
747 1277 1115 1331 dttbitatzonis
1151 1281 1404 1338 occasio;
1443 1293 1542 1331 nec
1567 1278 1715 1331 enim
1755 1278 1812 1333 itt

239 1370 497 1424 omnibus
547 1382 786 1440 quatuor
832 1371 1186 1440 evangelista:
1248 1385 1493 1423 consona
1555 1382 1700 1423 tuter
1757 1385 1816 1424 se

201 1439 207 1447 ’
243 1439 671 1529 proferunt,sed
703 1477 766 1515 ea
797 1463 1022 1531 quidem
1066 1478 1188 1529 qua:
1221 1477 1318 1529 pro
1369 1473 1614 1532 tempore
1663 1474 1815 1532 gesta

239 1568 265 1606 s
290 1565 367 1607 :nt
399 1568 631 1622 qumque
659 1553 864 1608 Christi
895 1555 960 1606 ad
993 1570 1094 1606 nos
1118 1555 1381 1606 adventui
1415 1555 1721 1615 coluerent,
1746 1559 1814 1610 ab

239 1647 496 1698 omnibus
523 1646 656 1698 citra
687 1646 856 1699 uilum
878 1645 996 1698 falsi
1029 1647 1318 1715 vestigium
1352 1647 1812 1710 conscribuntur,

239 1737 383 1805 quod
415 1739 673 1792 nimirum
714 1739 805 1790 Dei
836 1736 1026 1802 Filius,
1058 1741 1130 1792 ita
1156 1740 1376 1796 volente
1412 1740 1507 1808 qni
1539 1752 1625 1793 est
1647 1757 1816 1811 super

240 1829 423 1880 omnia
478 1830 658 1891 Patre,
711 1840 1012 1900 sanctoque
1047 1829 1262 1899 Spiritu
1318 1846 1694 1900 cooperante,
1758 1837 1811 1890 iu

1923 632 2144 699 posuit,
2190 631 2317 696 quia
2370 630 2599 683 verbum
2653 630 2785 683 illud
2828 627 2896 698 ἦν
2943 643 3102 695 erat,
3156 634 3299 701 Quod
3353 636 3504 687 nullo

1922 719 2086 771 modo
2135 721 2377 772 recusari
2433 717 2730 773 refutarive
2774 733 2991 788 potest,
3059 725 3168 794 jam
3219 725 3504 778 hominum

1920 810 2148 864 auribus
2176 812 2515 874 intonuerat,
2542 819 2596 863 et
2625 811 2826 868 animis
2875 813 3211 870 innotuerat.
3243 817 3508 884 Quamvis

1917 903 2063 955 enim
2097 903 2183 955 vel
2214 902 2300 954 his
2330 911 2519 955 exacte
2552 904 2797 966 traditis,
2845 907 3246 976 perspicuaque
3296 910 3504 962 theolo-

1917 995 2000 1062 gia
2049 993 2349 1061 expositis.
2403 995 2608 1050 indocti
2669 998 3006 1067 pessimique
3057 1001 3306 1054 veritatis
3356 1004 3504 1054 asti-

1919 1094 2159 1137 matores
2181 1084 2295 1139 hate
2321 1086 2614 1141 verborum
2651 1100 2899 1157 portenta
2934 1092 3069 1143 τούκ
3093 1087 3183 1162 ἦν,
3214 1107 3322 1146 non
3355 1103 3506 1146 erat.

1915 1171 1986 1244 ἦν
2017 1177 2106 1227 ὅτι
2137 1177 2235 1228 οὐκ
2259 1174 2349 1248 ἦν,
2380 1178 2484 1231 fuit
2514 1191 2749 1248 tempus,
2781 1198 2892 1248 quo
2929 1200 3036 1236 non
3085 1195 3243 1250 erat;
3299 1189 3504 1255 ὅμοιον.

1919 1268 2098 1322 simile
2125 1285 2138 1332 ;
2165 1273 2494 1337 ὀμοιούσιον,
2529 1273 2726 1327 similis
2755 1277 3046 1340 cssentim;
3078 1274 3261 1346 ἦττον,
3304 1282 3508 1342 minus,

1919 1370 1976 1414 et
2005 1361 2220 1413 κτισῖὸν
2250 1373 2540 1429 creatum,
2581 1365 2965 1435 excogitarunt
2989 1407 3004 1434 ,
3038 1376 3094 1422 et
3143 1379 3341 1422 caetera
3381 1373 3510 1425 alia.

1918 1469 2038 1521 qua:
2097 1452 2165 1506 ad
2230 1454 2662 1509 confutationem
2715 1458 3175 1528 manifestamque
3223 1472 3510 1514 auctorum

1915 1559 2146 1598 suorum
2201 1544 2538 1599 derisionem
2587 1547 2747 1601 libiis
2799 1548 2965 1602 editis
3012 1552 3508 1608 circumleruntur.

1918 1634 2078 1702 l‘apa:
2107 1634 2120 1684 ι
2156 1648 2321 1701 quam
2351 1635 2643 1688 dissimilia
2674 1637 2741 1691 dc
2768 1639 2990 1692 Christo
3040 1641 3358 1695 dicerentur
3408 1646 3511 1697 ui:i

1919 1726 2184 1779 Dominus
2215 1742 2312 1794 per
2349 1743 2476 1781 eum
2520 1731 2612 1798 qui
2659 1731 2775 1785 haec
2821 1748 3020 1787 arcana
3061 1738 3365 1798 revelavit,-
3395 1749 3515 1792 tau-

1922 1832 2086 1886 quam
2118 1817 2185 1871 de
2233 1820 2373 1874 caelo
2403 1821 2756 1886 intonuissct,
2790 1841 2982 1881 vocem
3013 1844 3169 1882 suam
3203 1831 3516 1884 Altissimus

241 1931 442 1973 terram
481 1921 985 1974 (It-scelttlct‘itruhi
1014 1938 1182 1976 carne
1218 1924 1461 1993 Virginis
1522 1944 1552 1982 e
1589 1929 1814 1996 sangui-

1925 1909 2218 1974 cuiisisset,
2270 1911 2873 1982 dogmatum'maxime
2921 1920 3240 1976 divinorum
3294 1924 3511 1993 fulgura

241 2013 401 2062 lililili
430 2022 622 2062 tnttlui.
651 2021 895 2079 accepta,
929 2028 1120 2080 passos
1163 2016 1214 2067 ill
1288 2032 1478 2090 etnec,
1539 2021 1817 2087 sepultus-

238 2119 344 2170 que
371 2105 458 2159 sit.
491 2115 546 2155 ct
579 2104 967 2166 resuirexerit,
1017 2105 1204 2158 denuo
1248 2095 1487 2178 denique
1541 2111 1594 2164 in
1646 2114 1816 2168 cmlos

239 2195 577 2248 ascenderit.

309 2289 385 2340 Ad
426 2286 815 2341 miraculorum
867 2305 1033 2360 porro
1077 2291 1495 2361 explicationem
1540 2294 1686 2364 quod
1734 2305 1819 2348 at-

238 2382 406 2440 t.':.ct,
457 2380 708 2448 quamvis
767 2383 963 2434 eodem
1023 2382 1170 2435 illam
1221 2398 1410 2438 omnes
1482 2383 1648 2437 modo
1707 2399 1817 2438 non

240 2474 625 2537 ll‘at'lut'critll,
669 2474 817 2543 quod
876 2484 1056 2530 tatnen
1109 2478 1179 2532 ab
1228 2478 1337 2531 alio
1387 2478 1817 2548 praetermissum

235 2573 337 2627 est,
373 2565 421 2615 i.l
467 2565 667 2618 litteris
710 2566 851 2620 alius
906 2569 1174 2633 exaravit,
1229 2567 1487 2639 quodque
1536 2571 1678 2624 idem
1732 2571 1818 2625 hic

235 2656 455 2709 silentio
506 2661 834 2725 suppressit,
885 2661 935 2712 id
981 2661 1050 2711 ab
1103 2677 1170 2715 co
1214 2666 1305 2730 qui
1358 2663 1688 2717 subsecutus
1733 2673 1820 2716 est

236 2747 659 2817 haudquaquam
695 2752 984 2815 omissum,
1017 2754 1109 2807 sed
1138 2769 1459 2823 capressum
1492 2765 1546 2810 et
1578 2756 1821 2808 historia:

175 2867 179 2869 -
236 2840 503 2891 ιιι-,υι-ιυιιι
530 2853 634 2894 est.
665 2843 819 2908 Quod
848 2845 1070 2913 quidem
1118 2846 1318 2900 divina:
1370 2847 1729 2915 providentia:
1765 2859 1820 2900 ct

233 2929 730 2986 administrationis
767 2950 903 3004 opus
929 2938 1074 2989 haud
1108 2940 1273 2992 dubie
1306 2941 1818 3007 ριηετιαιιιὲεδὶιηιιιιι

233 3031 334 3071 rst.
381 3025 432 3073 Si
479 3025 623 3078 enim
670 3038 904 3093 quatuor
942 3031 1292 3099 evangelista:
1329 3032 1382 3084 in
1438 3033 1691 3084 omnibus
1738 3032 1821 3084 itt-

234 3123 317 3163 ter
364 3129 421 3166 se
478 3119 926 3183 consensisSent,
983 3121 1018 3172 ii
1065 3124 1162 3190 qui
1215 3124 1281 3176 ad
1338 3124 1584 3179 veritatis“
1632 3127 1818 3179 lumen

1928 2003 2372 2071 multiplicasset,
2420 2017 2589 2076 atque
2638 2009 2930 2065 haereticos
2974 2015 3333 2070 contudisset.
3381 2018 3511 2076 Sed,

1928 2103 1987 2146 ut
2022 2094 2207 2148 videre
2251 2106 2356 2157 est,
2392 2112 2502 2151 non
2527 2098 2632 2152 alia
2658 2099 2725 2154 de
2766 2118 2928 2157 causa
2967 2108 3321 2173 Evangelittm
3351 2108 3515 2162 .loau-

1927 2187 2014 2240 nis
2068 2188 2136 2239 ab
2196 2186 2283 2241 his
2332 2189 2515 2258 Alogis
2575 2192 2961 2262 improbatur,
3010 2214 3173 2267 quam
3234 2200 3363 2269 quia
3420 2201 3511 2255 Dei

1933 2272 2171 2325 Verbum
2234 2290 2343 2328 non
2403 2280 2729 2347 adniitlant,
2786 2298 2885 2338 nec
2954 2286 3159 2351 Deum,
3217 2306 3318 2343 nec
3372 2295 3512 2360 apud
3567 2323 3570 2326 ~

1930 2360 2095 2415 Deum
2129 2377 2269 2425 esse,
2317 2381 2418 2420 nec
2453 2372 2638 2424 omnia
2682 2389 2778 2440 per
2814 2376 2992 2442 ipsum
3029 2377 3166 2430 facta
3198 2395 3318 2432 esse
3343 2422 3356 2444 ,
3387 2397 3516 2435 eun-

1930 2456 2208 2520 liteantur,
2239 2465 2293 2510 et
2337 2460 2660 2527 praidiceni.

2529 2597 2681 2651 CAP.
2727 2598 2841 2654 XXl
2859 2600 2915 2654 Υ.

1942 2680 2199 2767 Vicesinta
2231 2696 2423 2753 quarta
2450 2690 2686 2752 ha'resis,
2723 2692 3168 2767 Adamianorum.
3205 2697 3276 2750 lli
3310 2716 3516 2767 ungun-

2001 2762 2108 2805 tur.
2136 2755 2199 2806 At
2234 2763 2509 2810 honestum
2538 2777 2742 2829 quoque
2783 2764 2965 2830 fuerit,
3001 2768 3045 2818 si
3073 2755 3430 2834 baptizentui'.

2001 2865 2288 2920 Adatniani
2320 2868 2530 2924 Adamo
2562 2874 2802 2942 quodam
2844 2875 3073 2933 doctore
3122 2880 3203 2934 usi
3261 2884 3524 2938 ecclesia;

1929 2970 2057 3010 suas
2084 2957 2137 3010 in
2171 2961 2423 3027 partibus
2452 2963 2814 3021 interioribus
2841 2968 2991 3024 leves
3021 2981 3075 3025 et
3104 2984 3366 3043 angustas
3405 2977 3490 3030 eiii
3519 3010 3523 3014 ~

1936 3048 2387 3119 ciebantqnibns
2433 3056 2858 3113 exeall‘aciendis
2910 3062 3055 3133 ligna
3108 3067 3521 3126 accendebant.

1927 3139 2217 3208 januisqne
2249 3143 2468 3198 adstare
2509 3145 2778 3215 jubeliant
2805 3189 2817 3208 ,
2855 3151 2948 3219 qui
2994 3152 3236 3205 virorum
3293 3155 3513 3209 femina-

233 3208 528 3259 i-a-cutiuut
558 3209 680 3262 il‘los
709 3215 1068 3279 convenisse,
1101 3219 1490 3286 communique
1535 3220 1820 3286 conspit'a—
1853 3252 1896 3311 Ο
1932 3245 2165 3298 rumque
2219 3234 2466 3286 omnium
2497 3277 2510 3296 ,
2581 3253 2720 3304 quos
2777 3242 2958 3293 statim
3003 3242 3072 3296 ab
3120 3244 3369 3314 ingressu
3397 3263 3522 3301 exui

236 3296 382 3350 tione
409 3308 575 3367 atque
621 3303 926 3371 sophistico
966 3321 1241 3360 consensu
1280 3324 1343 3361 ea
1397 3311 1729 3364 conﬁnxisse
1767 3325 1824 3366 ct

233 3393 626 3458 consumpsisse
674 3397 1054 3464 objectssent,
1096 3411 1215 3467 qum
1259 3403 1412 3455 nullo
1462 3403 1625 3455 modo
1673 3421 1821 3459 acut-

233 3479 464 3547 diss-ent,
503 3500 650 3540 nunc
695 3502 828 3542 vero
873 3492 928 3543 in
977 3491 1084 3544 illis
1113 3495 1409 3548 concordia
1449 3495 1662 3550 discors
1697 3499 1815 3552 elu-

233 3574 403 3626 cescit
431 3615 443 3637 ,
475 3578 784 3649 similisque
814 3583 952 3636 adeo
983 3597 1087 3645 est,
1127 3595 1186 3638 ut
1217 3590 1286 3639 ita
1319 3589 1532 3652 dicant,
1569 3589 1814 3662 Evange-

234 3668 431 3718 Iiorum
461 3673 753 3736 quaternio
778 3676 990 3727 musico
1015 3692 1222 3744 organo
1252 3684 1633 3744 tetrachordo,
1667 3687 1815 3751 quod

232 3756 473 3824 Spiritus
504 3772 729 3816 sanctus
775 3778 1069 3832 personat,
1106 3772 1378 3839 modoque
1431 3775 1543 3826 haec
1592 3778 1816 3829 salutari

232 3850 486 3913 cantico,
534 3855 702 3909 modo
752 3856 846 3912 illa
909 3873 1046 3913 sono
1093 3865 1245 3915 vocis
1302 3866 1656 3920 ornatissimo
1711 3869 1805 3921 ho-

234 3939 496 4004 tninibus,
527 3957 800 4014 quotquot
834 3951 1078 4003 nondum
1113 3969 1342 4021 prorsus
1375 3957 1814 4026 obsurduerunt,

231 4037 605 4100 percurrenda
643 4041 911 4102 assumit.
968 4045 1042 4097 ita
1085 4061 1143 4097 ut
1190 4059 1412 4114 quoth
1458 4050 1817 4122 Evangeliunt

228 4123 456 4181 Joannis
487 4130 710 4208 cmleste
743 4149 908 4197 voco,
937 4150 1082 4204 εωμο
1129 4150 1313 4193 autem
1365 4141 1507 4197 facio
1543 4147 1816 4216 ὰπήχημα

229 4221 524 4286 quoidam,
567 4236 664 4276 seu
701 4232 1011 4293 extremum
1049 4232 1370 4287 resultantis
1401 4236 1548 4291 vocis
1573 4241 1816 4293 sonitum

228 4328 277 4379 ιν
302 4314 495 4380 τιοξμω,
526 4331 638 4384 quo
677 4317 770 4370 Dei
811 4320 983 4384 gloria
1019 4333 1076 4377 et
1114 4325 1436 4383 harmoniea
1483 4329 1819 4388 ﬁrmamenti

226 4418 330 4457 vox
360 4407 710 4475 explicatur,
731 4425 854 4480 quo
887 4414 1112 4481 quidem
1146 4420 1415 4474 miracula
1459 4421 1551 4476 illa
1597 4439 1817 4480 annun-

227 4495 345 4557 tiat,
386 4510 510 4559 quae
549 4512 674 4550 cum
723 4513 895 4556 carne
943 4517 976 4557 a
1021 4508 1227 4569 verbo,
1279 4521 1336 4562 et
1390 4512 1640 4581 ejusdem
1686 4530 1816 4572 cum

223 4587 318 4640 illo
368 4593 577 4643 natura
623 4589 829 4659 Spiritu
888 4592 1034 4651 facta
1078 4607 1210 4653 sunt
1247 4619 1260 4655 :
1292 4618 1527 4674 quaeque
1571 4615 1815 4677 paterna
1848 4590 1895 4649 ί)

227 4695 419 4732 manus
450 4682 821 4750 appellatione
873 4688 1258 4758 designantur.
1314 4695 1630 4764 Discipulos
1659 4698 1809 4756 enim

223 4769 332 4821 Deo
379 4772 584 4826 eharus
626 4775 768 4829 viain
822 4777 1000 4833 tribus
1061 4782 1428 4853 Evangelistis
1480 4790 1688 4845 inviam
1753 4803 1814 4847 et

223 4878 555 4916 inaccessam
583 4866 886 4936 ingressus,
909 4872 1198 4947 eaCliristi
1229 4879 1495 4934 miracula
1528 4889 1808 4953 exposuit,

221 4969 564 5024 quaecunpte
611 4961 957 5026 prasterrnitti
1003 4981 1112 5019 non
1165 4980 1445 5039 poterant,
1499 4977 1633 5045 quin
1666 4993 1812 5046 quo-

220 5048 497 5112 quouiodo
530 5057 925 5110 tractarentur.
964 5056 1360 5116 Miraculorum
1392 5068 1543 5122 enim
1579 5085 1809 5126 suorum

219 5139 472 5194 Christus
506 5142 811 5213 discipulos
858 5165 1082 5222 quoque
1111 5157 1411 5228 participes
1458 5164 1636 5231 gratis
1675 5165 1813 5222 clle-

220 5236 331 5298 cit,
376 5237 612 5306 masque
662 5240 804 5295 adeo
847 5244 918 5299 iis
966 5263 1090 5316 qua:
1135 5251 1356 5308 fecisset
1409 5256 1550 5326 ipse,
1601 5266 1810 5333 majora

219 5323 462 5381 facturos
496 5343 620 5384 esse
650 5333 930 5402 pollicitus
952 5348 1060 5394 est.
1087 5343 1267 5413 Atque
1295 5363 1326 5400 a
1363 5323 1543 5406 tribus
1577 5323 1810 5424 quidem

218 5418 576 5486 evangelistis
602 5424 736 5478 satis
775 5440 1052 5500 superque
1085 5436 1287 5492 tradita
1317 5448 1374 5494 et
1403 5418 1654 5512 exposita
1678 5459 1810 5504 sunt

217 5507 331 5571 illa,
387 5515 577 5580 paucis
627 5515 840 5586 aliquot
888 5529 1156 5597 exceptis.
1210 5531 1508 5593 Cwlestem
1574 5556 1708 5597 vero
1757 5551 1812 5598 et

218 5605 499 5672 propriam
555 5608 760 5666 Christi
833 5624 1253 5685 generationem
1301 5632 1477 5688 verbo
1522 5629 1592 5705 ἦν
1644 5649 1809 5705 erat,

213 5711 529 5765 expressam
558 5704 742 5761 statim
776 5708 846 5761 ab
883 5712 1043 5769 initio
1072 5719 1314 5778 tonitrus
1370 5727 1518 5783 illius
1549 5704 1645 5785 hic
1690 5704 1814 5786 tati-

215 5805 382 5857 qaam
409 5791 640 5865 fulguris
665 5797 937 5872 impetus,
989 5807 1043 5863 in
1077 5827 1270 5871 omnes
1313 5820 1470 5877 orbis
1517 5822 1589 5878 [in
1630 5841 1655 5880 s
1699 5827 1815 5895 eja‘

189 5885 432 5948 ,cuiatus
460 5899 565 5955 est,
610 5901 668 5945 ut
701 5906 899 5951 caetera
939 5917 1161 5976 quoque
1205 5910 1258 5963 id
1309 5929 1505 5983 genus.
1547 5933 1672 5990 quae
1724 5885 1814 5977 illc

565 5989 829 6056 pATttOL.
869 6001 962 6064 C-n
1025 6002 1350 6080 CXXXIX.

1933 3325 2105 3378 moris
2146 3336 2299 3390 erat,
2374 3330 2705 3384 vestimenta
2776 3335 3159 3401 custodirent,
3218 3351 3383 3415 atque
3451 3345 3522 3396 ila

1869 3476 1872 3479 _
1935 3417 2198 3481 precibus
2262 3427 2317 3470 et
2376 3420 2790 3489 Srripturarum
2847 3426 3070 3480 lectioni
3127 3430 3522 3494 intendebant.

1928 3505 2266 3576 virginitatis
2340 3512 2526 3565 studio
2611 3530 2736 3569 sese
2803 3517 3132 3575 insolentius
3208 3523 3521 3580 eﬂ‘erentes.

1929 3597 2088 3662 Quod
2140 3600 2182 3652 si
2235 3602 2362 3669 quis
2416 3601 2468 3656 in
2532 3605 2741 3675 ﬂagitio
2785 3608 3298 3678 deprehenderetur
3338 3657 3353 3683 ,
3399 3635 3525 3672 eum

1932 3705 2057 3742 mox
2097 3691 2241 3746 foras
2296 3697 2533 3763 ejectum
2572 3699 2842 3754 Adamum
2899 3704 3268 3774 dictitabant,
3318 3713 3413 3779 qui
3458 3715 3526 3766 tle

1931 3781 2081 3850 ligno
2131 3786 2489 3840 comedisset.
2548 3789 2848 3846 l‘lei-lesiam
2898 3799 3043 3849 enim
3093 3815 3247 3853 suam
3289 3805 3524 3870 paradisi

1933 3874 2154 3925 immitte
2190 3875 2579 3944 tli'a'tlaballltll‘.
2628 3883 2794 3936 Iidem
2841 3899 3108 3955 prmterea
3156 3894 3378 3961 nuptias
3430 3897 3526 3949 itn-

1933 3967 2259 4034 jlrnilriirulJ.

2243 4061 2515 4132 Ilicreseos
2540 4085 2882 4150 prrrcedentis
2923 4090 3239 4158 confutatio.

1913 4221 1915 4223 ι
2001 4186 2110 4241 Nec
2158 4201 2326 4252 recte,
2365 4207 2468 4246 nec
2504 4195 2593 4262 pie
2637 4213 2740 4264 pro
2782 4200 2978 4256 Adami
3013 4219 3139 4258 cum
3179 4206 3290 4262 Eva
3324 4225 3530 4267 concu-

1930 4277 2046 4330 bitu
2096 4279 2167 4332 ab
2209 4280 2530 4337 Adamianis
2579 4285 2716 4355 ligni
2771 4289 3087 4360 degustatio
3131 4299 3383 4366 exposita
3423 4315 3529 4356 est.

1929 4367 2106 4423 Moses
2149 4372 2300 4425 enim
2350 4375 2515 4428 aliam
2565 4376 2736 4432 fuisse
2780 4382 2997 4437 arboris
3024 4385 3273 4443 scientia:
3303 4407 3369 4444 ex
3417 4409 3534 4448 ser-

1933 4462 2120 4530 pentis
2189 4467 2543 4535 suggestione
2601 4474 3057 4540 perceptionem,
3115 4480 3285 4533 alium
3335 4483 3530 4538 Adatni

1922 4551 2159 4623 Evazque
2193 4558 2556 4613 concubitum
2593 4570 2828 4618 testatus
2850 4575 2958 4621 est.
2992 4571 3174 4639 Atque
3225 4573 3371 4627 illam
3407 4581 3533 4645 qui-

1921 4644 2049 4701 dem
2099 4647 2152 4700 in
2212 4649 2470 4717 paradiso
2530 4653 2743 4709 nefarie
2795 4670 3169 4729 perpetratam
3211 4668 3332 4729 ait,
3386 4644 3534 4724 hunc

1925 4747 2061 4787 vero
2106 4745 2294 4803 postea
2333 4752 2500 4806 quam
2562 4741 2689 4796 inde
2733 4745 2896 4813 cjecti
2952 4759 3101 4816 sunt,
3160 4753 3532 4826 pellieeasque

1929 4826 2146 4880 tunicas
2175 4828 2500 4883 induerunt.
2523 4831 2680 4898 Quod
2706 4847 2893 4907 autem
2917 4843 3142 4909 nuptias
3167 4844 3532 4914 interdicunt,

1933 4915 2268 4982 virginitatis
2311 4921 2595 4976 simulatio
2648 4941 2913 4998 meraque
2969 4932 3094 4988 sine
3142 4937 3308 4992 rebus
3367 4942 3534 4995 verba

1934 5021 2088 5062 sunt.
2123 5012 2261 5065 Cum
2293 5016 2442 5068 enim
2474 5031 2585 5069 non
2617 5017 2738 5074 sine
2765 5038 2957 5092 magna
2985 5029 3349 5097 turpitudinis
3380 5044 3531 5100 npta.

1926 5098 2079 5152 omni
2110 5101 2316 5156 amictu
2347 5103 2629 5173 deposito,
2664 5112 2760 5166 aiii
2790 5113 3027 5186 aliorum
3056 5130 3251 5174 mutuo
3281 5098 3534 5182 fruantur

1925 5203 2177 5259 aspectu,
2224 5197 2316 5264 qui
2376 5199 2494 5252 ﬁeri
2550 5213 2751 5270 potest,
2797 5217 2854 5259 ut
2908 5210 3055 5278 apud
3103 5227 3295 5282 aquas
3344 5232 3531 5271 rerum

1929 5282 2297 5339 astimatores
2334 5289 2672 5354 virginitatis
2704 5309 2954 5352 amantes
3002 5309 3061 5355 et
3102 5305 3338 5359 studiosi
3375 5308 3534 5376 judi~

1936 5376 2168 5427 centur?
2207 5374 2479 5432 Cancrum
2545 5395 2813 5453 quantutn
2874 5389 2952 5443 illi
3009 5393 3193 5446 scelus
3263 5374 3529 5468 nefasque

1925 5466 2306 5532 committant,
2344 5472 2438 5539 qui
2477 5473 2550 5530 de
2582 5476 2857 5533 industria
2900 5482 3264 5553 volentesque
3307 5466 3529 5543 nuda-i—

1929 5562 2039 5620 tur,
2080 5566 2137 5610 et
2183 5573 2246 5613 ea
2295 5560 2590 5632 detegunt,
2625 5582 2748 5635 quae
2787 5571 3054 5626 occultari
3093 5587 3288 5631 natura
3331 5585 3456 5635 volo
3490 5594 3527 5646 ι,

1928 5646 2012 5700 vel
2047 5647 2150 5717 ipsi
2184 5655 2406 5720 generis
2446 5657 2674 5713 humani
2709 5664 3093 5731 progenitores
3126 5672 3521 5737 ostenderunt,

1930 5756 2056 5795 eum
2092 5745 2195 5799 sibi
2255 5749 2484 5803 lieulnea
2528 5751 2656 5808 folia
2719 5769 3083 5825 consuerunt,
3137 5779 3332 5818 eorum
3369 5783 3532 5836 aspe-

1932 5847 2080 5891 ctum
2111 5843 2374 5904 aversati,
2407 5858 2528 5911 qna:
2555 5849 2766 5915 pudore
2794 5850 2957 5922 digna
2993 5864 3144 5909 sunt.
3174 5855 3532 5914 Absurdissi-

1934 5946 2082 5984 mum
2119 5947 2288 6003 porro
2322 5947 2375 5991 et
2407 5939 2475 5992 ab
2510 5943 2661 5995 omni
2717 5945 2983 6000 modestia
3018 5965 3248 6017 prorsus
3285 5953 3527 6007 alienum

3037 6046 3101 6109 41
