4274 6382
858 340 993 402 1291

838 452 1094 521 quodque
1113 454 1343 509 calidum
1363 457 1527 511 .illttttt
1558 471 1614 514 et

840 544 1038 600 mianis
1068 558 1283 617 augeat,
1318 549 1421 604 hoc
1449 554 1646 608 merito
1675 567 1987 623 censeatur,
2022 564 2167 628 quod
2206 582 2327 618 cum
2358 567 2410 620 in

840 631 1137 691 Ecclesiant
1181 638 1423 695 vestibus
1475 643 1672 710 induti,
1708 656 1920 703 etcum
1965 652 2174 718 pudore
2214 671 2408 722 preces

838 724 950 781 Deo
984 726 1214 783 fundere
1252 729 1543 797 deberent,
1592 736 1648 789 in
1690 738 2041 808 hypocaustis
2070 750 2128 797 et
2164 747 2399 802 caminis

841 819 1019 886 ignem
1058 821 1384 887 accendant,
1436 824 1623 895 ibique
1652 842 1775 881 cum
1817 830 2038 886 feminis
2078 848 2412 891 conversan-

839 916 939 967 tes,
977 918 1140 979 atque
1177 928 1284 967 una
1321 929 1445 969 eum
1482 915 1587 969 illis
1634 918 1973 986 psallentes,
2025 924 2227 978 amoris
2276 942 2411 996 pru-

838 1000 944 1051 ritu
985 1000 1356 1067 inardescunt,
1394 1013 1449 1059 et
1480 1005 1655 1062 calide
1692 1007 1991 1064 admodum
2047 1023 2239 1068 mutuo
2277 1031 2407 1071 cono

835 1092 1020 1145 cubitu
1046 1091 1319 1148 fruantur.

1654 462 1699 496 ΓΔ.
1710 481 1731 496 1·
1740 481 1762 496 ὶ⁴

1437 1232 1587 1290 CAP.
1638 1234 1805 1290 XXV.

838 1317 1085 1374 vicesima
1118 1323 1304 1391 quinta
1337 1324 2030 1401 Itwresis,_Santpsworum,
2080 1334 2168 1401 qui
2192 1341 2241 1387 et
2273 1334 2404 1389 Hel-

1288 1396 1457 1447 cesa't'.
1485 1395 1551 1447 Hi
1579 1395 1943 1466 baptiiantur.

904 1502 1163 1571 Sampszei
1193 1515 1476 1569 vocantur,
1514 1509 1671 1575 quasi
1711 1511 1834 1577 puri
1882 1511 2150 1569 l’lebraica
2184 1515 2401 1586 lingua;

832 1592 1086 1650 llelcesaei
1118 1610 1272 1657 vero,
1303 1610 1333 1649 a
1361 1597 1600 1665 quodam
1639 1614 1832 1654 eorum
1860 1606 2088 1659 doctore
2117 1608 2250 1677 (47).
2286 1609 2405 1665 llae-

833 1700 1016 1739 rescos
1061 1702 1227 1755 porro
1272 1688 1381 1741 dux
1424 1697 1479 1742 et
1513 1699 1705 1745 auctor
1756 1693 1863 1747 illis
1908 1696 2011 1749 fuit
2058 1700 2403 1770 pseudopro-

2098 355 2143 415 Ν
2158 357 2387 421 lCETrE
2428 366 2655 434 CHONJ
2668 378 2831 439 ΑΤίΕ

1652 471 1951 518 ferventem
1981 471 2155 525 7.~‘:lUltl
2190 476 2241 526 itt
2269 475 2402 527 Ada-
2434 478 2481 536 Α
2512 497 2608 548 per
2653 505 2866 557 canent,

3940 408 4080 475 199?.

2910 509 3003 562 per
3034 512 3305 568 anserem,
3340 515 3393 558 ct
3434 521 3530 573 per
3574 509 3764 579 pinunt
3796 516 4077 586 iurabant,

2508 572 3014 655 t-letncntortnnque
3041 594 3456 658 quaternionem
3493 599 3557 651 ad
3587 600 3747 655 (idem
3772 607 3935 665 dictis
3963 613 4081 667 suis

2508 668 2859 724 astrucndam
2882 676 3257 743 proferebant.

2580 755 2722 821 Quin
2747 771 2802 857 et
2833 767 2980 833 apud
3016 773 3260 840 gentium
3283 773 3420 833 deos
3450 793 3480 834 e
3510 778 3673 853 Styge
3706 788 3887 857 (quem
3919 792 4068 850 infe-

2511 861 2695 903 rorum
2758 852 2968 911 fontem
3032 878 3152 919 esse
3212 865 3459 926 fabulosa
3520 852 4075 956 ttadit'antiquitas)

2507 951 2702 1006 aquam
2760 945 3171 1018 frigidissimam
3221 963 3519 1027 scaturire,
3573 967 3840 1026 verissimi
3887 981 4077 1043 quoti-

2506 1026 2684 1087 dianis
2734 1035 2789 1089 in
2830 1038 3120 1109 colloquiis
3161 1047 3457 1116 jurantcttti
3512 1054 3630 1110 loco
3671 1058 3923 1119 habebat.
3967 1065 4080 1121 Nos

2506 1129 2691 1175 autem
2718 1123 2938 1185 Christo
2984 1132 3239 1201 docente,
3284 1156 3461 1211 neque
3496 1160 3592 1213 per
3627 1159 3847 1214 terram,
3892 1171 4075 1225 neque

2507 1223 2604 1277 per
2638 1217 2840 1270 cmlum
2888 1221 3181 1290 jurandutn
3218 1241 3340 1283 esse
3377 1231 3711 1302 didicimus;
3752 1240 3894 1294 illam
3924 1217 4075 1297 enim

2508 1299 2707 1367 pedum
2742 1302 2837 1359 Dei
2880 1312 3202 1379 scabellum,
3255 1318 3361 1374 hoc
3393 1338 3525 1378 vero
3569 1326 3753 1380 sedem
3782 1345 3900 1385 esse
3929 1335 4076 1388 idem

2506 1396 2736 1446 testatus
2756 1402 2860 1448 est.
2890 1396 3280 1467 Jusjurandum
3318 1421 3500 1464 autem
3544 1426 3790 1469 nostrum
3831 1433 3952 1473 esse
3982 1438 4078 1476 vo-

2503 1478 2629 1546 luit,
2658 1482 2774 1549 Est,
2813 1494 2910 1552 est,
2951 1505 3076 1557 non,
3120 1512 3224 1550 non
3249 1499 3312 1551 ‘°.
3343 1500 3629 1570 Nugonum
3658 1508 3896 1580 denique
3934 1514 4076 1569 deli-

2505 1570 2583 1623 ria
2611 1583 2761 1641 sunt,
2808 1586 2865 1633 et
2903 1594 3094 1636 eorum
3133 1588 3227 1653 qui
3270 1589 3323 1642 in
3365 1591 3571 1661 scipsos
3617 1596 3855 1653 divinant
3887 1604 4077 1657 conci-

2505 1668 2620 1715 tant
2643 1663 2804 1734 iram,
2846 1685 2970 1725 cum
3001 1683 3172 1730 totum
3209 1679 3485 1736 Christum
3515 1689 3854 1755 corruptioni
3888 1696 4074 1748 obno-

1062 1749 1077 1755 -
2058 1749 2322 1770 ,πη-Ὗ-
2344 1749 2367 1756 ν
2545 1749 2554 1758 .
2874 1760 2884 1771 ,
3119 1766 3129 1777 _
3527 1774 3536 1783 _

828 1777 990 1847 pheta
1022 1778 1241 1847 quidam
1288 1777 1529 1844 Judaeus,
1574 1784 1793 1836 nomine
1827 1785 2005 1850 Elxai,
2054 1791 2146 1857 qui
2183 1790 2398 1861 Trajani
2431 1808 2475 1868 Β
2504 1764 3013 1868 ῘᾞἮξῗθξῳξην
3036 1779 3131 1868 ξίω
3163 1766 3231 1820 ab
3262 1768 3471 1868 Αδδφθ
3495 1781 3565 1826 ⁸η
3589 1785 3763 1840 om”:
3792 1796 3890 1834 "ec
3915 1798 4072 1849 ευιιιν

829 1871 1163 1937 temporibus
1202 1870 1355 1925 vixit.
1408 1871 1459 1925 ls
1508 1888 1605 1941 per
1653 1875 1843 1939 salem,
1894 1892 2114 1945 aquam,
2162 1889 2392 1951 terram,

826 1976 1043 2030 panem,
1090 1962 1313 2024 coelum,
1354 1964 1637 2029 aetherem,
1676 1976 1731 2019 et
1761 1976 1982 2021 ventum
2013 1972 2222 2039 jurare,
2246 1972 2393 2028 divi-

827 2066 1065 2121 numque
1105 2052 1212 2105 illis
1249 2052 1510 2108 exhibere
1560 2057 1771 2110 cultum
1818 2058 2070 2129 jubebat.
2120 2060 2389 2121 Caeterum

823 2142 1174 2198 continentia:
1196 2142 1610 2210 adversabatur,
1648 2147 2127 2219 virginitatemque
2167 2169 2390 2221 exosus,

820 2237 1031 2291 nubere
1060 2236 1307 2306 cogebat.
1354 2236 1461 2290 Sed
1487 2247 1542 2292 et
1583 2238 1912 2310 hypocrysin
1943 2245 2389 2313 commendabat,

822 2329 877 2382 in
902 2343 1075 2399 eaque
1100 2330 1238 2385 nihil
1274 2334 1458 2386 inesse
1497 2331 1705 2400 peccati
1746 2345 2018 2397 asserens,
2053 2348 2149 2389 eos
2194 2352 2220 2387 a
2263 2352 2390 2405 pec-

821 2424 946 2470 cato
975 2416 1249 2473 immanes
1296 2434 1416 2474 esse
1466 2419 1725 2484 addebat,
1774 2422 1869 2489 qui
1914 2439 1981 2475 ex
2033 2425 2385 2494 necessitate,

820 2524 929 2562 non
973 2524 1039 2562 ex
1097 2510 1435 2565 conscientia
1485 2521 1733 2580 tempore
1781 2517 2186 2583 persecutionis
2236 2518 2384 2573 idola

819 2601 1063 2656 venerati
1110 2613 1313 2656 essent.
1356 2603 1657 2673 Prophetas
1699 2621 1809 2659 non
1838 2607 2185 2664 admittebat.
2213 2614 2385 2665 Amu-

819 2690 1054 2742 letorum
1101 2690 1187 2744 vel
1242 2690 1533 2744 monilium
1586 2708 1745 2747 usum
1804 2694 2130 2763 imperabat.
2185 2696 2379 2753 Chris-

822 2789 937 2833 tum
988 2789 1297 2835 creaturam
1354 2796 1499 2844 esse,
1541 2791 1709 2851 atque
1755 2785 1808 2838 in
1850 2786 2058 2839 Adamo
2086 2786 2383 2841 formatum

819 2869 987 2923 fuisse
1018 2869 1388 2933 fabulabatur,
1423 2872 1582 2939 cujus
1612 2887 1816 2942 corpus
1838 2889 1939 2942 pro
1980 2890 2082 2929 suo
2113 2878 2381 2932 arbitratu

820 2962 1110 3025 indueret,
1165 2970 1466 3031 posteaque
1504 2976 1755 3019 exueret.
1811 2966 2079 3036 Spiritum
2132 2979 2381 3025 sanctum

820 3053 1044 3106 fratrem
1084 3053 1204 3121 ejus
1234 3067 1375 3117 esse,
1421 3062 1589 3123 atque
1629 3071 1821 3120 eorum
1870 3068 2164 3130 utrumque
2201 3063 2381 3132 longi-

2503 1851 2771 1909 quatenus
2806 1848 2949 1903 Deus
2970 1864 3073 1917 est,
3099 1862 3462 1926 praecesserit,
3487 1880 3609 1919 cmn
3646 1886 3846 1939 corpus
3878 1876 3950 1927 ab
3979 1893 4075 1930 eo-

2500 1932 2627 1988 dem
2667 1938 2815 2003 exui,
2865 1940 3157 2014 denuoque
3208 1951 3359 2006 indui
3414 1971 3690 2024 asserunt,
3745 1980 3854 2018 non
3906 1984 4072 2023 secus

2496 2036 2661 2096 atque
2702 2046 2732 2085 a
2763 2033 2924 2089 nobis
2965 2040 3314 2109 vestimenta,
3355 2056 3409 2101 et
3463 2066 3493 2102 a
3539 2057 3883 2120 serpentibus
3915 2059 4073 2113 lebe-

2494 2118 2645 2174 rides
2688 2124 2924 2182 decurso
2969 2134 3236 2201 temporis
3284 2139 3462 2205 Spatio
3509 2144 3705 2198 solent.
3738 2146 4072 2217 Unigenitus

2495 2211 2642 2264 enim
2666 2213 2759 2268 Dei
2791 2217 2981 2285 Filius,
3012 2238 3137 2277 eum
3164 2226 3235 2279 sit
3260 2227 3405 2282 Patri
3433 2242 3764 2300 comternus,
3787 2240 4067 2310 uniusque

2490 2311 2548 2356 et
2569 2304 2809 2372 ejusJem
2845 2324 2967 2364 cum
3000 2312 3092 2366 illo
3115 2326 3345 2379 naturae,
3378 2320 3433 2374 in
3468 2324 3676 2379 ultimis
3698 2332 4063 2398 temporibus,

2490 2402 2673 2447 creata
2719 2408 2904 2453 nostra
2939 2412 3131 2457 natura
3166 2407 3366 2463 divina:
3398 2411 3651 2469 increata:
3694 2427 3747 2470 et
3777 2434 3927 2486 pura:
3967 2438 4067 2490 per

2488 2485 2803 2557 ltypostasin
2833 2495 3005 2558 unita,
3033 2514 3232 2568 corpus
3261 2506 3405 2571 quod
3443 2523 3810 2579 assumpserat
3858 2514 4069 2567 divini-

2492 2580 2619 2632 tatis
2646 2581 2995 2650 dignitatum,
3036 2588 3150 2668 ipsa
3179 2596 3583 2664 conjunctione,
3622 2604 3895 2673 particeps
3926 2606 4063 2660 οσα-

2490 2678 2597 2732 ctt,
2635 2688 2732 2725 nec
2768 2674 2912 2727 illam
2960 2664 3068 2731 ullo
3102 2695 3340 2749 unquam
3399 2664 3639 2756 tempore
3672 2664 3947 2761 deposuit,
4004 2709 4065 2749 ut

2488 2776 2610 2829 quae
2634 2766 2821 2819 eadem
2848 2779 2991 2823 esset
3018 2786 3142 2825 cum
3177 2788 3242 2828 eo
3270 2779 3413 2844 quod
3451 2781 3721 2847 uniwrat,
3763 2786 3873 2837 imo
3904 2804 4064 2852 vero,

2489 2862 2548 2905 ut
2594 2854 2666 2908 ita
2714 2856 2914 2922 dicam,
2964 2862 3211 2928 ὁμόθεος,
3242 2867 3345 2921 hoc
3384 2879 3466 2923 est
3499 2871 3609 2925 Deo
3640 2890 3858 2943 semper
3888 2890 3944 2932 et
3974 2879 4063 2932 itt-

2488 2944 2793 3000 dissolnbili
2828 2950 3045 3005 vinculo
3086 2959 3397 3027 conjuncta,
3444 2965 3905 3031 quemadmodum
3942 2986 4062 3023 nta-

2487 3053 2626 3107 gnus
2672 3040 2759 3093 ille
2788 3040 3106 3112 theologicis
3133 3048 3183 3100 in
3218 3049 3378 3103 rebus
3404 3049 3698 3118 Gregorius
3724 3067 3915 3109 auctor
3950 3069 4059 3111 est.

821 3139 1012 3194 tudine
1045 3112 1446 3211 ad'nonaginta
1475 3112 1569 3197 sex
1607 3146 1886 3211 milliaria,
1923 3149 2212 3205 latitudine
2247 3168 2380 3208 vero
2408 3112 2449 3170 ϐ
2484 3124 2509 3178 Ε

2366 3112 2449 3206 ,Ε
2484 3124 2559 3178 Es
2596 3142 2702 3195 quo
2747 3129 2822 3189 fit,
2858 3140 2913 3183 ut
2966 3135 3275 3201 hypostasin
3336 3140 3478 3193 illam
3512 3112 3631 3210 quae
3671 3159 3734 3197 ex
3765 3146 4054 3201 divinitate

821 3232 889 3285 ad
916 3231 1105 3301 viginti
1138 3233 1382 3301 quinque
1425 3235 1681 3302 protendi
1711 3238 2010 3293 asserebat.
2047 3240 2186 3296 lluic
2217 3260 2384 3312 porro

817 3323 985 3375 frater
1045 3329 1196 3384 erat,
1245 3320 1451 3376 femus
1503 3325 1744 3379 nomine.
1785 3325 2027 3382 Tandem
2076 3346 2143 3383 ex
2189 3347 2383 3387 eorum

816 3412 1081 3482 sanguine
1106 3412 1369 3468 mulieres
1406 3412 1528 3467 dua:
1554 3414 1758 3470 Maltho
1787 3426 1843 3471 et
1875 3418 2150 3475 Malthana
2173 3434 2381 3479 exortae

816 3513 964 3567 sunt,
990 3518 1127 3572 quas
1161 3518 1269 3557 non
1307 3519 1466 3559 secus
1525 3514 1689 3574 atque
1734 3505 1863 3560 deas
1899 3520 2082 3563 mente
2112 3514 2254 3580 capti
2285 3531 2379 3569 ve-

814 3589 1171 3652 nerabantur,
1202 3599 1259 3644 et
1300 3591 1346 3644 si
1394 3606 1504 3660 quo
1554 3593 2054 3661 proliciscerentur,
2097 3602 2379 3667 pulverem

814 3680 1014 3747 pedum
1043 3694 1258 3744 earum,
1288 3681 1513 3751 insuper
1542 3693 1597 3737 et
1621 3684 1868 3750 salivam,
1899 3696 1952 3741 et
1980 3702 2164 3758 sputa,
2198 3694 2363 3748 bene.

812 3772 1073 3826 dictionis
1107 3772 1233 3832 loco
1267 3774 1371 3829 sibi
1403 3776 1718 3830 sumebant.

1098 3883 1369 3940 Ilwrescos
1392 3890 1737 3954 pra'cedentis
1767 3891 2079 3959 confutatio.

880 3996 1192 4052 Adamianis
1243 3998 1322 4063 lti,
1368 3998 1436 4053 ad
1476 4002 1697 4070 nuptias
1730 4011 1786 4057 et
1806 4004 2181 4071 virginitatem
2229 4012 2375 4079 quod

811 4088 1027 4151 attinet,
1078 4102 1144 4140 ex
1186 4088 1453 4143 diametro
1498 4101 1821 4160 repugnant.
1873 4091 2104 4164 Utrique
2151 4099 2297 4152 enim
2346 4116 2376 4155 a

811 4178 1187 4233 mediocritate
1209 4193 1264 4233 et
1293 4190 1438 4235 recta
1484 4182 1694 4237 ratione
1723 4182 2083 4241 deﬂexerunt.
2148 4189 2376 4259 Nuptias

809 4271 1031 4341 quidem
1093 4271 1352 4341 Sampsrei
1411 4273 1648 4329 maximo
1715 4277 1769 4329 in
1836 4278 2049 4335 honore
2124 4282 2371 4351 habent,

810 4373 1147 4433 cunctosque
1190 4363 1387 4432 jubent
1437 4365 1670 4419 nubere.
1708 4368 1777 4419 At
1817 4370 2186 4439 virginitatem
2229 4374 2373 4427 Ada-

810 4454 977 4507 miani
1020 4468 1238 4507 summo
1277 4453 1461 4508 studio
1490 4457 1927 4525 prosequendatn
1960 4474 2083 4515 esse
2114 4463 2237 4526 rati,
2277 4479 2371 4519 eos

808 4545 934 4597 odio
967 4555 1396 4612 prosequuntur,
1437 4546 1533 4613 qui
1566 4547 1786 4615 nuptias
1832 4551 2190 4617 contrahunt,
2238 4567 2364 4608 cum

810 4646 988 4687 tamen
1047 4633 1382 4687 honorandae
1432 4637 1659 4703 nuptiae,
1708 4639 2028 4708 nuptiisque
2084 4643 2373 4712 virginitas

806 4724 1155 4779 anteferenda
1203 4725 1293 4778 sit.
1329 4725 1567 4796 Utraque
1633 4727 1779 4782 enim
1846 4730 1955 4784 Deo
2007 4741 2159 4801 grata
2218 4746 2369 4792 sunt.

804 4820 1055 4874 Christus
1081 4820 1227 4885 enim
1260 4836 1290 4874 a
1341 4822 1655 4890 virginitate
1691 4838 1802 4877 non
1836 4824 2069 4893 alienus,
2108 4828 2367 4898 idemque

804 4910 1117 4979 nuptiarum
1160 4919 1371 4973 auctor,
1408 4909 1511 4973 Qui
1554 4920 1719 4979 potest
1765 4930 1970 4983 capere,
2030 4916 2232 4987 inquit,
2274 4938 2365 4975 ca-

802 5004 911 5069 piat
932 5004 970 5055 ⁸.
1007 5002 1137 5055 Item
1172 5016 1362 5070 magna
1404 5001 1494 5054 illa
1540 5002 1939 5070 praedicationis
1974 5007 2100 5060 tuba
2136 5009 2359 5077 Paulus,

803 5093 1099 5161 virginitati
1156 5091 1493 5161 primogenia
1542 5091 1699 5157 dans,
1744 5102 1931 5163 aperte
1981 5097 2200 5155 clamat.
2236 5101 2365 5156 Dico

800 5194 972 5234 autem
1008 5200 1111 5236 non
1146 5182 1326 5251 nuptis
1372 5192 1419 5234 et
1453 5184 1638 5249 viduis,
1690 5185 1880 5239 bonum
1924 5196 2001 5238 est
2048 5188 2173 5254 illis,
2209 5194 2254 5245 si
2290 5195 2365 5246 sic

799 5285 1140 5341 permaneant
1173 5277 1308 5330 sicut
1348 5284 1396 5328 et
1424 5291 1515 5345 ego
1547 5292 1564 5329 :
1591 5262 1683 5330 sed
1715 5280 1761 5331 si
1788 5294 1889 5331 non
1913 5281 2236 5348 contineant,
2267 5301 2367 5339 nu-

797 5370 919 5419 bunt
946 5368 985 5419 ³.
1017 5367 1095 5420 Eo
1126 5380 1307 5421 autem
1338 5368 1481 5438 quod
1506 5385 1602 5437 per
1636 5369 1905 5424 elementa
1933 5370 2144 5439 jurant,
2177 5377 2361 5429 mani-

798 5465 963 5514 festos
990 5475 1048 5516 se
1089 5462 1329 5529 gentium
1374 5462 1679 5515 imitatores
1717 5463 2037 5518 ostendunt.
2074 5464 2183 5520 illa:
2209 5470 2358 5523 enim

860 5608 879 5637 ⁸
918 5607 1102 5663 Matth.
1135 5622 1246 5666 Its.
1277 5607 1361 5661 12.
1438 5610 1457 5640 ⁹
1490 5608 1508 5661 l
1536 5607 1662 5663 Cor.
1702 5626 1793 5674 vn,
1842 5610 1893 5677 8,
1923 5615 1974 5668 9.

865 5753 971 5821 ti?)
1006 5752 1200 5805 linsch.
1233 5752 1328 5807 lib.
1358 5770 1429 5819 vt,
1462 5769 1579 5823 cap.
1616 5756 1705 5809 ‘27.

2487 3225 2542 3268 et
2581 3215 2915 3275 humanitate
2941 3225 3169 3279 conflata
3211 3236 3311 3291 est,
3340 3246 3482 3285 nunc
3504 3232 3723 3301 quidem
3753 3237 4057 3302 Christum,

2487 3305 2617 3359 item
2654 3308 2819 3363 Deum
2858 3321 2909 3364 et
2941 3313 3238 3381 hominem,
3288 3319 3415 3374 item
3456 3323 3621 3377 Deum
3656 3328 4001 3382 incarttstum
4039 3348 4051 3381 :

2485 3408 2632 3448 nunc
2695 3413 2822 3451 vero
2877 3402 3044 3455 Deunt
3103 3410 3404 3476 duntaxat,
3464 3424 3517 3467 et
3570 3415 3765 3470 Filium
3810 3420 4055 3475 homin's

2485 3481 2721 3553 itemque
2748 3486 3021 3544 hominem
3047 3503 3256 3549 tantunt
3290 3502 3652 3557 nominemus.
3698 3507 3807 3560 Nec
3843 3518 4021 3563 tamen

2484 3680 2821 3735 separamus,
2860 3688 2960 3726 nec
2982 3690 3102 3728 cum
3134 3677 3409 3734 hominem
3442 3691 3650 3737 tantum
3676 3689 4050 3755 nominamus,

2483 3756 2634 3810 illum
2667 3773 2697 3812 a
2739 3760 3024 3817 divinitate
3082 3768 3416 3838 sejungimus
3480 3773 3672 3843 (idem
3713 3780 3861 3831 enim
3902 3792 4053 3836 totus

2481 3847 2643 3913 Deus,
2671 3859 2727 3903 et
2772 3860 2916 3905 totus
2972 3855 3134 3909 homo
3174 3868 3257 3912 est
3291 3862 3331 3926 ),
3383 3877 3484 3915 nec
3532 3867 3874 3923 divinitatem
3910 3874 4051 3942 qui-

2481 3936 2603 3989 dem
2637 3954 2760 3993 cum
2817 3942 3089 4008 dicimus,
3140 3947 3215 4000 illi
3259 3965 3379 4018 qua
3435 3952 3760 4012 humanitati
3820 3936 4050 4031 propria

2482 4036 2633 4091 sunt,
2677 4034 2896 4087 nomina
2971 4037 3267 4094 tribuimus
3309 4042 3460 4110 (nec
3502 4048 3648 4100 enim
3696 4050 4045 4108 divinitatem

2478 4118 2719 4184 passioni
2777 4122 3090 4191 obnoxiam,
3131 4140 3225 4182 aut
3254 4144 3489 4187 creatam
3541 4138 3824 4210 dit-imus),
3862 4160 4047 4214 neque

2477 4218 2666 4263 contra
2714 4214 2932 4280 quoties
2988 4231 3018 4271 a
3068 4220 3228 4276 nobis
3274 4222 3627 4282 humanitatis
3673 4236 3877 4286 mentio
3938 4238 3997 4290 ﬁt
4028 4279 4041 4299 ,

2477 4315 2596 4353 eam
2656 4303 2962 4361 divinitatis
3020 4314 3443 4380 proprietatibus
3500 4320 3822 4377 decorantus
3878 4331 3895 4392 (
3940 4345 4043 4384 nec

2404 4425 2447 4481 ο
2477 4390 2620 4441 enim
2654 4392 3042 4449 humanitatem
3071 4399 3365 4455 increatam
3401 4407 3675 4475 dicimus),
3710 4421 3764 4463 at
3793 4415 3837 4466 si
3876 4423 4042 4471 unius

2475 4480 2833 4549 hypOSIaseos
2878 4489 3082 4541 mentio
3135 4491 3244 4553 fiat,
3281 4510 3386 4547 non
3420 4495 3515 4558 ita,
3557 4500 3651 4552 sed
3694 4503 3933 4571 ingenue
3984 4519 4039 4561 t-t

2470 4570 2639 4625 Deum
2674 4574 2960 4638 duntaxat,
2994 4588 3050 4631 et
3084 4579 3357 4636 hominem
3412 4585 3693 4653 duntaxat,
3731 4570 3784 4643 et
3827 4604 4038 4647 utram-

2468 4676 2575 4729 que
2643 4666 2974 4735 conjunctim
3041 4669 3316 4727 Christum
3384 4678 3734 4732 conﬁtemur.
3811 4688 4033 4753 Atque,

2468 4755 2928 4822 quemadmodum
2962 4760 3103 4814 Deus
3162 4761 3418 4830 Verbum,
3455 4778 3744 4839 antequam
3785 4774 3839 4828 itt
3868 4794 4034 4832 cruce

2473 4853 2770 4913 pateretur,
2808 4865 3026 4904 carnem
3055 4868 3215 4921 quam
3250 4855 3354 4910 sibi
3387 4860 3777 4928 conjunctione
3800 4876 3858 4919 et
3881 4883 4033 4920 com-

2472 4938 2724 4993 mistione
2763 4939 3025 4996 ineffabili
3050 4945 3428 5014 conjunxerat,
3463 4950 3790 5007 differentiae
3835 4971 4030 5026 exper-

2473 5038 2581 5083 tem
2632 5030 2942 5085 reddiderat
2972 5050 2987 5086 :
3024 5033 3096 5087 ita
3128 5037 3557 5093 immortalitatis
3599 5056 3819 5111 quoque
3852 5048 4029 5114 parti-

2462 5121 2636 5189 cipem
2691 5125 3092 5177 resurrectione
3119 5140 3215 5179 sua
3264 5126 3528 5194 reddidit,
3578 5146 3758 5200 neque
3807 5133 3881 5187 ab
3935 5136 4026 5189 illa

2460 5224 2681 5278 quoquo
2715 5212 2876 5265 modo
2924 5214 3205 5280 sejunctus
3252 5225 3356 5281 est,
3412 5234 3593 5287 neque
3643 5236 3884 5290 unquam
3939 5240 4026 5279 se-

2455 5300 2717 5369 jnngetur
2750 5311 2971 5371 propter
3021 5316 3287 5360 summam
3342 5307 3496 5361 illam
3553 5310 4020 5379 conjunctionem,

2460 5391 2801 5461 duplicisque
2864 5401 3070 5448 natura:
3139 5411 3507 5465 concursum,
3582 5402 3676 5470 qui
3754 5406 4018 5459 confundi

2458 5482 2611 5537 nullo
2660 5486 2820 5539 modo
2886 5486 3077 5555 possit.
3130 5488 3209 5543 Ita
3269 5490 3326 5545 in
3378 5506 3545 5547 cruce
3599 5494 3906 5563 pependit,
3962 5505 4019 5551 et

2055 5617 2096 5647 ὀ
2144 5618 2329 5675 Matth.
2374 5639 2425 5689 v,
2456 5626 2541 5679 57.
