4274 6382
231 424 361 487 I293

219 546 382 585 carne
413 540 600 597 passus
650 533 731 577 est
766 538 778 574 :
810 527 884 573 ita
921 533 951 571 e
1001 518 1355 569 monumento
1408 506 1610 578 prodiit
1639 522 1651 557 :

219 595 648 691 januisclausis
697 630 727 666 a
783 606 1067 677 discipulis
1117 602 1305 665 visus,
1353 595 1777 662 eorumdemque

224 680 407 777 digitis
436 709 810 758 contrectatus
836 704 923 749 est
962 710 975 745 :
1009 692 1080 745 ita
1118 692 1168 741 in
1205 687 1372 741 caelos
1401 680 1645 735 ascendit
1674 718 1687 741 ,
1722 686 1778 729 et

223 766 514 853 consessus
558 790 772 862 paterni
809 788 1017 840 honore
1047 787 1307 847 exceptus
1334 782 1418 827 est
1450 789 1465 825 :
1504 772 1577 823 ita
1621 766 1780 862 deni-

226 903 331 956 que
372 899 590 939 rursum
649 888 912 933 venturus
941 914 955 940 ,
994 880 1052 927 et
1111 870 1264 923 vivos
1310 876 1439 916 cum
1482 854 1784 951 incredulis

227 941 573 1044 jludicaturus
604 974 708 1022 est.
740 964 1030 1023 Caeterum,
1071 970 1196 1011 eum
1234 951 1503 1006 Dominus
1547 941 1785 1044 ipse‘di-

225 1032 313 1119 eat
340 1083 353 1119 :
374 1062 553 1118 Omnis
578 1072 700 1126 ergo
715 1056 803 1124 qui
829 1048 1152 1120 conﬁtebitur
1176 1059 1255 1096 me
1280 1056 1453 1094 coram
1475 1032 1785 1092 hominibus,

225 1156 505 1225 conﬁtebor
558 1158 606 1203 et
657 1163 748 1216 ego
795 1159 913 1197 eum
954 1152 1134 1191 coram
1172 1132 1334 1186 Patre
1390 1142 1542 1181 meo:
1580 1123 1666 1192 qui
1692 1136 1790 1172 au-

229 1216 334 1297 teni
368 1242 569 1311 negarit
629 1254 709 1291 me
753 1246 931 1287 coram
992 1225 1306 1285 hominibus,
1354 1216 1551 1287 negabo
1596 1223 1642 1266 et
1694 1226 1784 1280 ego

227 1335 377 1386 illum
405 1301 582 1383 coram
617 1322 816 1392 angelis
847 1318 1024 1373 Patris
1060 1315 1180 1376 mei,
1234 1309 1320 1378 qui
1349 1309 1404 1359 in
1438 1304 1577 1358 caelis
1601 1311 1673 1354 est
1704 1301 1740 1330 ¹¹
1769 1318 1783 1365 ;

232 1426 356 1476 item
390 1438 402 1473 :
437 1419 538 1483 Qui
570 1410 991 1485 perseveraverit
1019 1419 1179 1473 usque
1210 1403 1265 1455 in
1300 1400 1476 1467 finem,
1506 1398 1586 1449 hic
1611 1395 1789 1449 salvus

228 1512 323 1564 erit
354 1510 397 1540 ι’
434 1525 446 1559 :
483 1505 574 1573 qui
627 1502 742 1555 fieri
793 1505 990 1567 potest,
1039 1502 1099 1546 ut
1127 1487 1385 1557 Sampsrci
1418 1500 1647 1555 peccare
1695 1499 1790 1537 ne-

230 1609 468 1668 gentur,
536 1609 659 1648 cum
740 1583 1135 1658 persecutionis
1203 1590 1445 1646 tempore
1515 1574 1785 1627 idolorum

228 1663 433 1742 cultum
469 1680 826 1754 permittunt?
856 1676 1095 1729 Mutuum
1145 1672 1288 1726 enim
1340 1665 1525 1721 cordis
1578 1674 1632 1716 et
1682 1663 1788 1715 Iin-

233 1789 350 1843 gua:
393 1751 719 1825 consensum
768 1779 888 1818 esse
926 1769 1165 1830 Oportet,
1217 1768 1378 1824 atque
1412 1752 1545 1807 illud
1568 1751 1788 1820 quidem

234 1862 462 1915 interius
496 1858 751 1926 pietatem
808 1852 1104 1922 parturire,
1160 1849 1300 1900 hanc
1358 1859 1488 1899 vero
1539 1844 1787 1897 eamdem

232 1966 416 2005 coram
449 1951 513 2003 iis
560 1945 824 2016 proliteri,
877 1944 971 2010 qui
1016 1942 1284 1993 diversam
1328 1954 1357 1989 a
1412 1935 1570 1988 nobis
1628 1934 1787 1987 tidem

234 2041 655 2107 amplectuntur.
681 2033 838 2099 Quod
875 2044 1053 2083 autem
1084 2030 1172 2098 pio
1203 2029 1321 2080 viro
1362 2030 1433 2079 ita
1476 2024 1789 2079 faciendum

236 2132 324 2193 sit,
358 2131 521 2182 verba
554 2128 641 2180 illa
685 2140 803 2193 qua:
855 2138 953 2192 per
998 2122 1318 2189 prophetam
1352 2118 1493 2169 Deus
1546 2128 1790 2181 pronun-

239 2226 336 2274 tia'.
376 2226 727 2271 attestantur.
795 2209 1026 2281 Populus
1077 2211 1157 2262 hic
1198 2208 1348 2260 labiis
1419 2221 1500 2257 me
1548 2208 1792 2267 honorat,

236 2326 324 2362 cor
373 2316 546 2360 autem
602 2321 781 2358 eorum
833 2304 983 2371 longe
1033 2310 1106 2352 est
1137 2317 1168 2352 a
1219 2314 1299 2349 me
1341 2298 1404 2346 ¹³.
1460 2294 1523 2348 Et
1575 2294 1794 2355 Paulus,

234 2400 400 2452 corde
440 2398 658 2466 quidem
694 2396 862 2458 credi,
903 2408 998 2447 ore
1024 2400 1206 2445 autern
1239 2387 1632 2443 confessionem
1679 2386 1795 2439 ῆι)τί

239 2498 430 2541 amtor
455 2496 556 2541 est.

308 2580 535 2648 Insuper
565 2594 688 2631 cum
725 2574 987 2644 Spiritum
1021 2579 1267 2627 sanctum
1311 2567 1515 2622 Christi
1570 2566 1793 2619 fratrem

240 2671 542 2731 nominant,
598 2668 740 2720 haud
794 2667 959 2720 dubie
1014 2674 1285 2732 nugantur
1318 2702 1331 2722 ,
1378 2658 1793 2724 satauieumqne

239 2760 585 2814 mendacium
634 2757 940 2826 proferunt.
996 2754 1211 2807 Fratres
1236 2750 1380 2803 enim
1429 2748 1592 2801 simili
1644 2764 1798 2816 pror-

237 2862 359 2901 sutn
425 2849 585 2900 modo
618 2864 646 2899 a
677 2847 996 2915 parentibus
1048 2843 1099 2894 in
1144 2856 1327 2893 rerum
1386 2847 1634 2891 naturam
1671 2852 1798 2904 pro-

236 2937 463 2991 cedunt.
496 2936 563 2990 At
597 2937 650 2988 in
697 2935 913 2989 Christo
960 2942 1015 2985 et
1052 2932 1257 2999 Spiritu
1302 2930 1707 2998 generationem
1744 2934 1798 2978 et

239 3042 553 3095 processum
579 3042 607 3078 a
640 3026 795 3078 Patre
817 3024 1109 3076 didicimus
1136 3030 1189 3075 et
1213 3020 1591 3089 praadicamus.
1623 3017 1801 3083 Atque

240 3114 478 3180 Spiritus
532 3115 753 3181 quidem
808 3112 1110 3164 substantia
1158 3110 1308 3161 nullo
1358 3107 1518 3159 modo
1579 3122 1799 3160 mensu-

242 3205 431 3255 rabilis
468 3211 575 3265 est,
618 3211 676 3253 ut
708 3218 827 3269 qua:
866 3200 1237 3253 dimensiones
1267 3213 1458 3251 omnes
1481 3208 1797 3265 exsuperet,

241 3303 498 3356 tanquam
526 3293 744 3343 materia
765 3293 1007 3358 quautam
1034 3305 1153 3358 qua:
1176 3288 1402 3341 materia
1422 3289 1702 3355 formaque
1720 3303 1803 3341 ca-

243 3395 376 3434 reat.
396 3382 644 3434 Christus
665 3390 865 3441 autem,
890 3382 1012 3446 quia
1037 3394 1254 3431 carnem
1273 3377 1584 3446 assumpsit,
1611 3388 1805 3431 morta-

242 3473 459 3541 Iemque
496 3472 725 3524 formam
780 3469 970 3532 subiit,
1020 3469 1226 3523 idcirco
1279 3468 1399 3521 loco
1452 3468 1801 3522 circumscri-

243 3572 407 3631 ptus,
460 3578 671 3614 necnon
705 3561 846 3613 visui
905 3562 1184 3629 tactuique
1244 3560 1524 3628 expositus
1562 3568 1645 3613 est
1674 3599 1687 3623 ,
1732 3558 1800 3612 ad

240 3658 446 3723 justum
477 3650 711 3719 denique
734 3649 911 3704 aetatis
948 3650 1239 3703 terminum
1287 3649 1537 3715 pervenit
1568 3667 1579 3700 :
1616 3651 1689 3701 ita
1724 3658 1805 3702 ta-

248 3760 371 3800 men
429 3754 487 3798 ut
532 3760 642 3797 non
673 3743 928 3796 omnibus
974 3741 1190 3809 punetis
1247 3738 1666 3793 extenderetur.

316 3836 602 3901 Quomodo
628 3835 772 3885 enim
806 3834 860 3884 in
892 3846 1055 3884 cruce
1091 3839 1338 3882 mortuus
1374 3840 1469 3882 aut
1514 3829 1567 3881 in
1607 3838 1804 3882 monu-

247 3936 450 3984 mento,
498 3923 645 3992 quod
701 3923 804 3974 sibi
853 3921 955 3987 ipsi
1005 3919 1274 3986 Iosephus
1325 3917 1505 3987 lapide
1555 3929 1808 3971 constru-

251 4027 421 4080 xerat,
457 4014 703 4082 sepultus
735 4012 949 4074 fuisset,
978 4010 1021 4062 si
1054 4011 1119 4062 ad
1144 4010 1348 4078 jugeris
1372 4019 1426 4063 et
1455 4008 1613 4062 stadii
1648 4024 1805 4062 men-

250 4122 428 4161 suram
479 4105 828 4164 aecrevisset,
876 4109 1039 4168 atque
1092 4099 1156 4151 ad
1201 4101 1519 4151 immensam
1551 4098 1661 4152 fere
1690 4098 1809 4151 lon-

251 4195 573 4264 gitudinem,
613 4202 668 4245 et
700 4190 1095 4259 longitudinem
1134 4186 1410 4239 latitudini
1469 4187 1809 4256 responden-

255 4299 359 4339 tetu
397 4299 683 4353 ptotvnsus
722 4282 930 4333 fuissvt.

321 4382 456 4445 Quia
506 4395 635 4431 vero
664 4378 807 4445 ipsas
848 4388 1064 4443 quoque
1114 4373 1372 4427 mulieres
1420 4372 1608 4440 gentili
1659 4388 1809 4428 more

1479 394 1869 459 'I‘IIESAURI
1918 392 2061 452 LIB.
2104 391 2200 449 IV.

1704 503 1776 555 ita
1809 513 1850 565 Α
1884 502 1977 565 sit,
2015 506 2208 552 contra
2245 503 2390 547 certe
2413 506 2571 561 quam
2605 488 2806 544 Christi
2846 486 3008 540 verba
3047 485 3443 544 demonstrent,

3305 374 3441 439 19.94

1882 592 2082 659 quibus
2103 588 2174 640 ita
2196 587 2457 639 exclamat
2480 581 2599 635 εγω
2621 582 2778 645 vobis,
2805 577 3060 658 Phariswi
3082 575 3388 645 hypocritae'
3431 590 3444 626 :

1883 680 2085 748 quibus
2131 676 2311 730 verbis
2365 675 2629 742 ingratam
2670 685 2791 723 esse
2838 668 2951 721 Deo
3002 664 3318 737 hypocrisin
3360 663 3446 715 in-

1884 772 2050 824 dicat.

2477 873 2628 928 CAP.
2660 870 2848 926 XXVI.

2051 968 2303 1021 Vicesima
2335 974 2482 1019 sexta
2534 966 2764 1021 Ita'resis,
2797 960 3289 1014 Theodotianorum.

2441 1034 2509 1087 Hi
2547 1033 2907 1102 baptizantur.

1960 1150 2254 1223 Byzantius
2282 1149 2525 1218 quidam,
2560 1146 2780 1199 nomine
2810 1140 3146 1202 Theodotus,
3182 1148 3296 1191 arte
3328 1137 3452 1207 qui-

1891 1243 2014 1297 dem
2059 1240 2345 1300 curiarius,
2401 1248 2457 1291 at
2511 1236 2825 1290 Cra-corum
2879 1230 3198 1298 disciplinas
3250 1228 3315 1280 ad
3353 1244 3454 1279 uu-

1889 1346 2049 1402 guem
2091 1330 2310 1391 callens,
2345 1327 2429 1380 his
2463 1339 2659 1379 nomen
2708 1320 2990 1391 imposuit,
3025 1318 3116 1387 qui
3170 1317 3452 1385 cujusdam

1892 1420 2291 1491 persecutionis
2337 1431 2581 1486 tempore
2632 1413 2944 1470 carceribus
2984 1411 3240 1463 detentus
3297 1406 3455 1460 Chri-

1892 1524 2033 1566 stum
2062 1511 2369 1579 abnegavit.
2400 1506 2515 1572 Qua
2550 1508 2615 1560 de
2660 1518 2823 1559 causa
2845 1517 2967 1556 eum
3000 1500 3292 1554 multorum
3324 1511 3458 1551 con-

1892 1600 2046 1653 viciis
2077 1608 2131 1652 et
2183 1597 2494 1666 opprobriis
2543 1595 2938 1652 lacesseretur,
2991 1591 3116 1643 inde
3168 1587 3455 1655 aufugiens

1894 1692 2122 1744 Romam
2158 1689 2435 1757 profectus
2464 1694 2569 1747 est,
2624 1684 2713 1737 ubi
2742 1698 2864 1736 cum
2903 1681 3066 1735 etiam
3104 1679 3452 1742 innotuisset,

1896 1793 1997 1831 nec
2048 1775 2354 1829 minoribus
2402 1773 2718 1842 opprobriis
2762 1765 3453 1840 appeteretur,Christunt

1896 1866 2102 1919 nudum
2136 1876 2190 1919 et
2225 1865 2525 1933 simplicem
2550 1862 2824 1915 hominem
2847 1874 2966 1914 esse
2994 1857 3234 1927 profiteri
3267 1855 3452 1924 cmpit,

1896 1958 2083 2025 utique
2111 1967 2159 2009 u'
2193 1970 2458 2009 excusare
2512 1953 2712 2007 factum
2745 1967 2904 2006 suum
2945 1958 3148 2019 posset,
3206 1948 3299 2016 qui
3358 1947 3457 1999 ho-

1895 2051 2122 2108 minem,
2162 2062 2270 2100 non
2307 2048 2501 2107 Deum,
2536 2045 2859 2112 abnegasset
2888 2060 2901 2094 :
2932 2042 3141 2108 hacque
3168 2038 3303 2092 adeo
3327 2052 3458 2105 apo-

1897 2139 2033 2207 logia
2073 2137 2349 2191 utebatur.
2399 2136 2531 2189 Nam
2568 2134 2650 2187 vel
2714 2134 2828 2202 ipse
2879 2132 3129 2187 Christus
3197 2127 3455 2190 dicebat,

1896 2229 2046 2283 Nunc
2071 2238 2245 2281 autem
2282 2243 2361 2279 me
2407 2227 2637 2295 querritis
2698 2224 3012 2291 interﬁcere,
3066 2222 3325 2274 hominem
3371 2220 3458 2287 qui

1899 2322 2170 2373 veritatem
2202 2318 2403 2370 locutus
2460 2332 2575 2368 sum
2612 2316 2747 2368 vobis
2798 2316 2861 2366 “.
2899 2315 3054 2376 Item,
3085 2311 3141 2366 Si
3173 2312 3290 2380 quis
3344 2326 3462 2363 ver-

1900 2412 2019 2462 bum
2049 2423 2233 2462 contra
2269 2407 2466 2461 Filium
2498 2409 2721 2460 hominis
2755 2406 2967 2469 dixerit,
3004 2405 3302 2457 remittetur
3325 2403 3370 2454 ei
3394 2402 3459 2452 ’⁸.

1903 2502 2133 2567 Insuper
2183 2500 2414 2568 apostoli
2462 2513 2679 2567 quoque
2733 2496 3012 2557 dicebant,
3046 2494 3223 2547 Virum
3256 2493 3346 2563 qui
3376 2493 3463 2545 iu-

1904 2602 1982 2643 ter
2022 2608 2108 2645 vos
2154 2591 2317 2660 s'gnis
2350 2601 2397 2644 et
2439 2592 2691 2659 prodigiis
2733 2590 2981 2643 inclaruit
3007 2590 3077 2642 ”.

2184 2726 2450 2780 [hereseos
2486 2725 2821 2795 prwcedentis
2870 2724 3180 2791 confutatio.

1974 2836 2030 2891 Si
2067 2836 2319 2890 Christus
2360 2836 2522 2888 homo
2577 2835 2757 2888 nudus
2801 2833 3140 2904 simplexque
3192 2832 3289 2897 sit,
3330 2832 3466 2887 ado-

1904 2937 2115 2977 ratores
2160 2925 2398 2977 hominis
2434 2924 2576 2977 haud
2625 2924 2792 2977 dubie
2824 2940 3053 2990 sumus;
3104 2923 3250 2994 quod
3286 2925 3331 2979 si
3364 2925 3466 2979 ho-

1906 3018 2105 3070 minem
2146 3017 2456 3079 adoremus,
2512 3018 2667 3085 pejus
2712 3032 2874 3085 quam
2929 3026 3090 3071 antea
3144 3017 3465 3081 deliramus.

1907 3108 1951 3160 si
2008 3110 2199 3162 saltem
2256 3109 2383 3161 olim
2433 3110 2654 3177 quidem
2724 3124 2834 3177 prae
2900 3108 3206 3177 ignorantia
3256 3111 3464 3164 cultutn

1907 3201 2148 3254 divinum
2205 3200 2489 3253 elementis
2532 3201 2923 3253 exhibehamus
2955 3237 2972 3263 ,
3034 3216 3154 3269 qua:
3204 3201 3468 3255 hactenus

1920 3293 2111 3346 eodem
2160 3307 2217 3345 se
2246 3292 2407 3344 modo
2444 3291 2776 3355 habuerunt,
2810 3306 2955 3345 nunc
2986 3307 3112 3346 vero
3152 3293 3277 3347 data
3300 3309 3467 3364 opera

1913 3394 1968 3439 et
2000 3384 2158 3439 nobis
2190 3384 2394 3438 conscii
2441 3384 2493 3435 in
2525 3383 2767 3443 homine.
2812 3383 2906 3452 qui
2935 3398 3151 3438 servare
3187 3399 3295 3438 non
3339 3400 3467 3453 pos-

1909 3477 2023 3540 sit,
2093 3492 2217 3544 spes
2285 3485 2499 3529 nostras
2569 3477 2907 3545 reponimus.
2971 3476 3143 3546 Atque
3204 3476 3469 3533 Christia-

1908 3568 2119 3621 nismus
2149 3568 2204 3620 in
2247 3579 2526 3635 posterum
2559 3568 2851 3623 manifesto
2882 3578 3206 3622 cunctorum
3235 3569 3469 3625 ludibrio

1908 3669 2213 3727 exponetur
2279 3672 2385 3710 una
2440 3673 2562 3709 cum
2620 3658 3027 3713 narrationibus
3079 3659 3186 3714 illis
3235 3661 3466 3725 multis,

1909 3750 2111 3812 miris,
2184 3750 2409 3801 omnino
2462 3749 2662 3802 divinis
2716 3764 2837 3818 (tute
2882 3750 2949 3804 de
3008 3751 3127 3821 ipso
3182 3752 3471 3808 circumfe-

1915 3852 2135 3896 l'lIlIllIl'.

1981 3932 2089 3986 Nec
2148 3942 2326 3985 tamen
2404 3933 2621 3986 interim
2688 3931 2868 3986 nudus
2922 3931 3088 3986 homo
3142 3941 3199 3988 et
3240 3934 3472 4005 simplex

1907 4023 2162 4078 Christus
2220 4032 2337 4085 est,
2398 4023 2492 4075 sed
2543 4023 2637 4076 Dei
2700 4022 2889 4088 Filius,
2938 4031 2994 4077 et
3033 4022 3223 4078 Sermo
3269 4041 3367 4093 per
3413 4042 3471 4081 se

1912 4112 2215 4165 subsistens
2244 4152 2257 4171 ,
2314 4112 2406 4179 qui
2469 4126 2702 4165 massam
2754 4121 2998 4166 nostram
3038 4116 3371 4184 assumpsit,
3418 4127 3475 4170 et

1912 4218 2036 4255 cum
2066 4202 2377 4254 hominibus
2407 4202 2459 4254 in
2517 4217 2744 4270 corpore
2799 4214 3155 4259 conversatus
3210 4215 3314 4260 est.
3358 4205 3475 4261 Cae-

1916 4300 2089 4343 terum
2122 4290 2395 4354 Christus,
2440 4290 2533 4359 qui
2588 4303 2845 4360 tanquam
2895 4308 2961 4345 ex
2991 4293 3196 4362 duplici
3257 4305 3473 4361 natura,

1914 4395 2019 4431 non
2047 4390 2227 4432 autem
2291 4380 2569 4449 hypostasi
2615 4381 2973 4449 compositus,
3041 4383 3155 4436 haec
3206 4383 3260 4436 in
3293 4384 3473 4439 Evan-

253 4474 478 4526 deorum
512 4482 740 4523 numer0
764 4464 1167 4527 ndscribebam.
1193 4467 1577 4532 ρυινετθηιίιυθ
1609 4463 1807 4530 Pedum
1845 4487 1887 4541 ι)
1921 4469 2072 4539 geliis
2113 4470 2223 4523 ait:
2259 4469 2415 4522 Nunc
2444 4478 2620 4523 autem
2649 4472 2882 4538 quatritis
2917 4486 2997 4523 me
3024 4471 3337 4532 interficere,
3383 4474 3480 4527 ho-

250 4584 439 4624 earum
490 4577 547 4620 et
573 4566 796 4619 salivam
839 4573 1094 4630 tanquam
1130 4561 1422 4614 salutarem
1453 4558 1807 4626 expetebant,

253 4657 401 4725 digni
452 4667 600 4712 sunt,
638 4652 733 4721 qui
767 4660 1116 4720 respuantur,
1150 4658 1312 4715 atque
1344 4646 1507 4713 hujus
1530 4644 1732 4698 erroris
1760 4653 1813 4696 ct

256 4750 569 4816 impostura:
600 4746 819 4798 nomine
848 4743 1093 4797 omnium
1148 4740 1381 4793 maxime
1433 4737 1647 4791 ridiculi
1682 4752 1812 4789 cen-

253 4846 496 4898 seantur,
528 4845 782 4901 tanquam
809 4830 1096 4885 cerebrum
1134 4826 1189 4880 in
1218 4824 1487 4880 calcancis
1519 4834 1810 4893 gestantes,

251 4936 310 4980 et
341 4930 485 4979 circa
516 4924 606 4978 illa
639 4921 910 4991 occupati,
941 4933 1280 4990 quaecunque
1332 4930 1557 4983 serpens
1591 4914 1677 4967 ille
1710 4913 1809 4966 de-

253 5025 462 5084 sputor,
497 5023 553 5068 et
583 5015 678 5083 qui
712 5013 982 5067 virulenta
1018 5024 1149 5065 voce
1186 5010 1351 5063 Evam
1388 5005 1638 5075 appetiit,
1694 5016 1813 5058 tan-

254 5109 490 5176 demque
523 5104 917 5158 eondemnatus
953 5111 1060 5164 est,
1095 5109 1152 5154 ut
1186 5115 1349 5169 super
1382 5107 1571 5167 pectus
1600 5105 1656 5151 et
1682 5111 1811 5150 ven-

256 5211 397 5253 trem
436 5205 669 5265 reperet,
715 5204 983 5261 terraeque
1034 5193 1260 5262 pulvere
1296 5196 1633 5251 vesceretur,
1672 5186 1817 5240 anti-

255 5309 364 5361 qua
410 5288 685 5359 hypocrisi
736 5300 834 5340 sua
889 5286 1030 5338 inter
1063 5284 1162 5336 hos
1204 5295 1423 5349 quoque
1468 5277 1814 5332 introduxit:

257 5393 421 5449 quam
464 5378 685 5447 quidem
762 5371 1074 5444 hypocrisin
1129 5370 1337 5423 honore
1388 5368 1551 5422 etiam
1595 5367 1814 5435 dignam

258 5474 405 5542 apud
434 5486 493 5526 se
524 5476 801 5538 reputant,
835 5476 896 5520 nt
924 5480 1045 5535 quae
1074 5463 1220 5518 nulla
1254 5477 1489 5532 prorsus
1519 5460 1574 5514 in
1603 5460 1815 5514 offensa

330 5607 370 5637 “
406 5604 594 5659 Matth.
631 5618 685 5665 ι,
730 5602 820 5667 52,
870 5602 959 5654 55.

262 5680 305 5710 ³⁵
343 5677 499 5731 Joan.
531 5689 651 5740 vut,
680 5671 766 5735 40,
845 5672 889 5703 ¹⁶
911 5671 1042 5724 Luc.
1079 5685 1171 5733 xu,
1208 5668 1292 5723 10.

261 5747 305 5781 ’⁸
339 5744 475 5801 Ibid.
507 5743 560 5798 5.
670 5743 713 5773 “
751 5740 885 5796 Ibid.
918 5742 975 5805 9,
1004 5742 1087 5793 I0.

1073 5601 1114 5630 "
1159 5597 1371 5659 Matth.,
1422 5611 1569 5658 xxiv,
1618 5595 1703 5647 15.

1370 5667 1411 5697 ⁸⁷
1437 5668 1618 5720 At-tor.
1646 5682 1703 5729 tt,
1729 5664 1816 5720 99.

1818 5597 1862 5628 ¹³
1898 5597 2022 5653 Is:t..
2053 5610 2197 5656 xxix,
2228 5594 2314 5648 15.
2349 5594 2532 5648 Matth.
2562 5610 2649 5649 xv.
2713 5594 2798 5647 15.

1910 4563 2101 4612 minent
2150 4561 2237 4627 qui
2289 4562 2560 4613 veritatem
2619 4559 2821 4614 locutus
2872 4577 2987 4614 sum
3030 4563 3167 4615 vobis
3200 4562 3263 4617 ".
3295 4563 3471 4616 Item:

1913 4650 2074 4703 Filius
2114 4651 2320 4718 quidem
2380 4652 2643 4714 hominis,.
2667 4653 2953 4705 secundum
3003 4654 3141 4722 quod
3201 4652 3476 4719 deﬁnitum

1911 4750 1985 4792 est
2016 4777 2030 4797 .
2069 4740 2249 4802 vadit;
2285 4748 2649 4792 verumtamen
2684 4755 2761 4791 vae
2809 4740 3005 4792 homini
3051 4740 3131 4793 illi
3186 4756 3278 4809 per
3324 4756 3476 4807 quem

1916 4828 2157 4880 tradetur
2213 4829 2276 4879 ¹⁹.
2317 4826 2591 4889 Christus,
2635 4827 2880 4894 inquam,
2937 4829 3009 4881 ita
3070 4829 3120 4881 in
3167 4830 3476 4899 Evangeliis

1915 4918 2091 4969 dicere
2128 4917 2584 4984 deprehenditur:
2622 4915 2800 4980 Pater,
2836 4917 3070 4985 clariﬁca
3090 4919 3282 4973 Filium
3305 4931 3473 4981 tuum,

1918 5015 1971 5057 ut
2010 5016 2054 5058 et
2086 5004 2260 5057 Filius
2298 5013 2414 5056 tuus
2446 5004 2699 5069 clariﬁcet
2731 5015 2779 5058 te
2809 5008 2874 5060 ὀ.
2904 5008 3034 5061 Item
3067 5025 3081 5061 :
3114 5010 3364 5077 CJari/ica
3395 5028 3474 5063 me

1916 5097 2188 5157 claritate,
2241 5112 2399 5163 quam
2448 5095 2603 5147 habui
2661 5099 2805 5165 prius
2840 5115 2997 5167 quam
3065 5102 3288 5152 mundus
3341 5112 3471 5154 esset

1914 5187 2053 5257 apud
2089 5196 2133 5238 te
2170 5187 2236 5238 ¹¹.
2272 5186 2402 5238 Item
2437 5203 2447 5236 :
2493 5184 2594 5248 Qui
2630 5188 2762 5237 videt
2813 5204 2913 5246 me,
2950 5190 3085 5241 videt
3141 5199 3188 5241 et
3233 5189 3468 5246 Patrem.

1914 5280 2083 5333 Item:
2121 5276 2231 5345 Ego
2258 5278 2310 5329 in
2346 5276 2524 5337 Patre,
2556 5288 2601 5330 et
2636 5277 2791 5330 Pater
2838 5280 2890 5330 in
2936 5297 3015 5332 me
3043 5282 3107 5335 ".
3145 5280 3233 5334 IIIa
3264 5283 3331 5335 ad
3365 5283 3469 5335 Itu-

1914 5371 2252 5429 manitatem,
2310 5367 2425 5420 IIlL‘C
2484 5369 2549 5420 ad
2605 5368 2946 5422 divinitatem
3011 5369 3289 5423 referenda
3342 5382 3469 5427 sunt

1916 5459 2356 5533 quandoquidem
2411 5460 2606 5529 duplex
2651 5469 2790 5525 erat,
2841 5462 3049 5515 ratione
3098 5476 3315 5531 quoque
3368 5464 3471 5515 du-

2893 5595 2934 5626 “
2959 5594 3143 5649 Matth.
3196 5611 3347 5658 xxttt,
3384 5596 3466 5656 14.

1897 5669 1938 5697 ¹¹
1970 5668 2124 5721 Joan.
2152 5680 2265 5728 vnt,
2290 5666 2378 5721 lit.
2456 5667 2495 5696 ⁸³
2530 5665 2661 5719 Luc.
2696 5680 2802 5719 uti
2831 5665 2921 5719 ‘22.
2998 5668 3042 5698 ιο
3070 5666 3223 5717 Joan.
3255 5680 3382 5729 xvn,
3420 5668 3467 5717 1.
