4288 6372
836 377 985 436 1295

2093 377 2390 436 ΝἯΕΤᾸΞ
2430 377 2828 437 ειιιιΝιιιΤιΕ

3948 381 4092 447 1295

842 484 997 552 plicis
1044 497 1251 538 natura:
1295 482 1457 539 homo
1508 486 1681 539 solutn
1732 486 1954 551 dicitur,
1984 495 2034 539 et
2072 486 2237 540 Filius
2266 486 2394 551 Det;
2430 498 2470 551 Α
2504 487 2890 543 tiunt.Nuctus
2917 488 3257 558 cuimpatria
3277 487 3537 557 Epitesiu»
3565 505 3734 544 unum
3754 498 3810 546 et
3828 495 4088 550 eumdem

847 577 1004 641 item,
1042 577 1279 632 Verbum
1330 578 1443 638 Dei,
1486 587 1541 630 et
1599 578 1863 631 Dominus
1894 577 2098 645 gloriae.

906 667 1176 721 Caeterum
1211 669 1323 721 ha‘e
1388 668 1573 731 verba,
1618 668 1721 733 Qui
1750 670 1938 722 dixerit
1970 669 2178 720 vei-(mm
2215 677 2404 721 contra

841 760 1029 814 Filium
1060 760 1301 823 hominis,
1337 762 1629 814 remittetur
1654 763 1734 825 ei;
1756 762 2139 829 lilitsphetnanti
2165 771 2337 812 autem
2355 763 2410 813 in

836 852 1097 920 Spiritum
1116 860 1475 905 sauctumuou
1497 856 1786 906 remittetur
1811 869 1976 923 neque
2001 856 2054 905 iu
2094 854 2189 905 hoc
2211 852 2406 905 amulo
2438 847 2449 857 ’

840 960 1003 1010 neque
1032 943 1289 1011 in.[uturo
1318 943 1386 1007 ’³,
1420 945 1498 996 sie
1528 943 1851 1012 accipienda
1878 955 2024 998 sunt.
2060 944 2322 998 Pharismt
2346 951 2402 996 et

839 1018 1041 1085 Seribn‘i
1070 1050 1195 1086 cum
1229 1036 1491 1102 stupenda
1523 1034 1727 1088 Christi
1766 1036 2028 1090 miracula
2092 1050 2272 1089 coram
2324 1034 2406 1087 in-

838 1132 1143 1186 tuerentur,
1165 1138 1287 1177 cum
1306 1124 1392 1175 illa
1419 1123 1511 1177 Dei
1536 1126 1797 1192 operibus
1821 1142 2131 1189 accensere.
2158 1127 2212 1179 in
2247 1142 2403 1182 eum-

836 1229 943 1279 que
973 1216 1196 1266 credere
1230 1213 1577 1276 debuissent,
1612 1231 1641 1267 a
1669 1231 1778 1283 quo
1808 1215 2028 1281 fiebant,
2070 1217 2271 1269 invidia
2307 1232 2404 1284 po-

838 1305 945 1356 tius
978 1305 1103 1355 moti
1132 1320 1257 1357 cum
1292 1307 1343 1357 in
1380 1305 1699 1360 Beelzebub:
1726 1308 1973 1376 principe
2006 1310 2402 1362 daamoniorum

840 1391 1007 1445 malos
1031 1391 1257 1459 spiritus
1286 1395 1485 1462 ejicere
1516 1395 1794 1448 dicebant.
1826 1396 1939 1462 Ipse
2000 1412 2130 1450 vero
2181 1398 2400 1450 illorum

837 1482 1167 1535 dementiam
1201 1484 1285 1536 his
1338 1484 1497 1536 dictis
1545 1485 1870 1551 parabolicis
1929 1486 2084 1552 prius
2144 1502 2399 1555 arguens,

839 1572 1002 1623 i‘i’ema
1032 1583 1197 1640 potest
1226 1589 1351 1625 vasa
1376 1575 1525 1640 {ortis
1547 1575 1803 1640 ingressus
1829 1576 1882 1626 in
1907 1576 2115 1628 domum
2147 1578 2397 1645 diripere,

837 1664 1097 1731 uisiprius
1128 1668 1308 1731 [artem
1337 1663 1518 1732 alliget
1541 1664 1607 1727 ",
1637 1665 1838 1732 quibus
1902 1680 1968 1718 ne
2000 1667 2239 1734 seipsutn
2273 1668 2398 1735 qui-

836 1756 957 1807 dem
979 1756 1255 1809 diemoncs
1281 1757 1709 1825 iucrepaturum.
1729 1766 1784 1810 et
1801 1759 2120 1825 corporibus
2145 1760 2398 1813 humanis

836 1848 1140 1914 ejecturum
1170 1847 1646 1915 fuisscsiguiticat,
1707 1847 1812 1899 nisi
1849 1848 2046 1901 l'ortem
2082 1850 2237 1917 prius
2278 1853 2398 1903 vin-

839 1938 1027 1999 xisset,
1054 1936 1308 1987 nimirum
1339 1935 1731 1988 daemoniorum
1781 1936 2082 2005 principem
2104 1938 2399 1993 Beelzebu-

837 2028 941 2077 tem
970 2044 981 2079 :
1027 2028 1077 2077 in
1114 2040 1274 2093 quem
1302 2025 1566 2078 daauionia
1587 2026 1787 2095 ejicere
1810 2041 1839 2079 a
1869 2027 2219 2097 schphantis
2245 2015 2397 2083 dice-

836 2119 993 2169 batur
1027 2133 1042 2181 ;
1080 2127 1267 2185 postea
1296 2116 1575 2185 subjungit
1608 2133 1622 2169 ε
1656 2116 1722 2169 Ei
1751 2120 1843 2186 qui
1879 2122 1933 2171 in
1973 2118 2229 2189 Spiritum
2275 2136 2403 2173 san-

832 2222 971 2262 ctum
1004 2208 1463 2276 blasphemarerit,
1498 2225 1600 2261 non
1643 2212 1915 2263 remissum
1946 2212 2011 2263 iri
2042 2226 2060 2273 ;
2101 2213 2147 2263 ei
2171 2228 2291 2265 vero
2311 2214 2402 2280 qui

832 2319 882 2353 ill
921 2300 1118 2353 Filium
1147 2298 1603 2369 blasphemaverit,
1626 2302 1899 2354 remissum
1920 2302 1988 2354 iri
2013 2303 2083 2355 ".
2107 2302 2242 2355 Nam
2273 2320 2397 2357 eum

831 2406 976 2449 esset
1009 2396 1217 2450 ratione
1244 2398 1428 2450 carnis
1460 2405 1754 2464 assumptae
1804 2397 2160 2465 compositus,
2188 2398 2400 2451 carnis-

830 2505 935 2555 que
974 2489 1378 2555 lanquamvuli,
1414 2498 1472 2540 ut
1498 2489 1569 2540 ita
1610 2488 1811 2553 dicam,
1846 2488 2177 2543 intermedio
2210 2488 2398 2542 nobis-

828 2596 951 2631 cum
982 2591 1312 2644 versaretur,
1338 2595 1404 2633 eo
1440 2578 1603 2632 (iebat
1627 2588 1684 2631 ut
1712 2596 1858 2635 nunc
1887 2583 2107 2650 quidem
2133 2584 2400 2651 lacryma-

833 2681 937 2731 ret,
995 2669 1255 2722 Lazarum
1309 2686 1337 2721 a
1404 2670 1635 2725 mortuis
1689 2671 2047 2732 excitaturus.
2090 2685 2239 2724 nunc
2269 2686 2399 2724 vero

830 2775 996 2828 super
1025 2774 1175 2813 mare
1197 2759 1523 2820 ambularet.
1561 2761 1847 2815 mulierem
1888 2761 2156 2830 proﬂuvio
2177 2763 2399 2831 sangui-

829 2855 912 2904 nis
943 2855 1279 2907 laborantem
1313 2860 1533 2905 sanaret
1576 2869 1589 2904 :
1649 2852 1887 2921 denique
1939 2854 2157 2907 vitalem
2222 2852 2398 2907 arefa-

830 2954 931 2997 ttie
965 2942 1151 2996 manui
1173 2951 1384 2996 motum
1414 2943 1748 2996 restitueret.
1791 2943 2028 2997 Proinde
2084 2959 2174 3012 par
2205 2955 2306 3007 est,
2338 2952 2399 2997 ut

826 3036 919 3103 qui
956 3045 1184 3104 utraque
1232 3044 1489 3098 cernunt,
1524 3046 1579 3089 et
1614 3051 1734 3104 quae
1781 3034 1846 3087 ad
1880 3046 2127 3088 naturam
2153 3035 2395 3090 divinam

2511 593 2631 631 esse
2662 594 2769 632 non
2790 578 2908 632 sine
2929 578 3265 648 blasphemia
3283 580 3670 646 contendebat,
3700 584 3791 652 qui
3815 583 3997 647 Pater,
4030 598 4091 639 et

2513 668 2701 734 Filius,
2727 678 2795 721 et-
2817 669 3055 737 Spiritus
3079 681 3303 725 sanctus
3335 670 3559 736 dicitur,
3593 670 3917 743 Patremque
3938 690 4079 743 pas-

2513 775 2632 815 sum
2662 774 2911 814 asserere
2934 759 3192 815 audebat.
3217 760 3387 831 Cujus
3406 760 3760 831 blasphemiae
3779 778 3910 833 ergo
3940 780 4091 833 quo-

2510 852 2614 906 ties
2636 851 3047 922 ohjurgabatur,
3068 853 3203 906 nihil
3228 868 3287 907 se
3316 854 3442 908 mali
3471 854 3816 909 committere
3842 871 4078 926 respon-

2509 942 2693 1006 debat,
2715 942 2842 1011 quia
2876 957 3046 995 unum
3069 945 3240 997 Deum
3265 957 3512 1010 noverat,
3537 944 3629 1014 qui
3656 954 3841 1007 natus,
3862 960 4087 1015 passus,

2508 1040 2565 1084 et
2591 1042 2845 1086 mortuus
2867 1040 3032 1086 esset.
3066 1031 3251 1103 lnquit
3304 1032 3477 1096 enim,
3526 1034 3745 1088 dicebat
3787 1035 3897 1099 ille,
3932 1035 4091 1089 Deus

2506 1122 2572 1175 ad
2636 1122 2884 1177 Mosem:
2931 1122 3039 1192 Ego
3091 1123 3232 1178 Deus
3282 1125 3501 1194 primus,
3558 1125 3671 1195 Ego
3700 1135 3749 1179 et
3803 1136 3981 1196 postea
4014 1128 4083 1176 ”.

2504 1213 2661 1273 ltem,
2682 1212 2805 1266 Non
2836 1214 3045 1267 habebis
3071 1214 3192 1265 deos
3232 1215 3431 1267 alienos
3456 1214 3521 1268 ³⁸.
3548 1213 3787 1270 Proinde
3847 1216 3892 1270 si
3916 1214 4086 1270 Chri—

2506 1314 2621 1358 stus
2650 1305 2703 1356 in
2730 1306 2993 1357 ntundmn
3014 1305 3239 1358 veniens
3266 1316 3427 1359 natus
3455 1314 3557 1367 est,
3586 1305 3727 1359 idem
3743 1322 3969 1377 prorsus
3993 1320 4085 1361 est

2504 1391 2681 1454 Pater,
2703 1391 2843 1443 idem
2868 1392 3061 1455 Filius,
3080 1393 3219 1446 idem
3235 1392 3472 1461 denique
3489 1394 3628 1447 Deus
3647 1408 3806 1455 unus,
3829 1397 3922 1462 qui
3940 1413 4075 1451 sem-

2508 1497 2603 1550 per
2620 1494 2721 1545 est,
2743 1492 2800 1535 et
2827 1480 2975 1536 nunc
3004 1484 3173 1537 venit.
3202 1484 3262 1537 ln
3295 1483 3565 1538 haereseos
3595 1493 3776 1540 autem
3806 1500 3915 1539 suae
3938 1501 4079 1540 con-

2503 1575 2867 1627 ﬁrmationem
2895 1576 3113 1628 sacrise
3133 1573 3353 1628 Litteris
3384 1574 3782 1644 depromptam,
3812 1578 3925 1632 htec
3956 1593 4087 1634 oro-

2502 1665 2718 1733 pltetiea
2735 1665 3061 1732 detorquere
3086 1647 3392 1718 conabatur
3426 1681 3438 1717 :
3470 1663 3570 1718 llic
3594 1674 3669 1719 est
3702 1666 3837 1720 Deus
3870 1680 4075 1727 noster.

2500 1766 2549 1809 et
2588 1773 2691 1809 non
2717 1759 3063 1810 (estimabitur
3086 1757 3243 1820 alius,
3267 1758 3521 1811 adversus
3564 1774 3698 1811 eum.
3736 1759 3834 1813 llic
3862 1762 4083 1815 adiuer-

2499 1850 2575 1901 nit
2614 1863 2820 1901 omnem
2864 1850 3004 1900 viam
3041 1848 3348 1916 disciplinaz,
3384 1850 3600 1917 posthac
3632 1852 3687 1902 in
3740 1852 3893 1903 terris
3936 1854 4080 1903 visus

2500 1953 2597 2007 est,
2633 1951 2825 1995 etcum
2856 1942 3150 1995 hominibus
3197 1954 3529 1996 conversatus
3592 1952 3690 1996 est.
3750 1944 3905 2010 Item,
3954 1944 4080 1998 Non

2497 2042 2575 2085 est
2610 2032 2747 2085 Deus
2781 2041 2972 2101 prwter
2995 2040 3045 2083 te
3077 2032 3144 2083 ".
3169 2028 3306 2084 Cum
3357 2047 3489 2103 ergo
3545 2035 3769 2103 ἀνόητος
3796 2037 3908 2099 ltic,
3970 2041 4081 2091 hoc

2498 2132 2583 2177 est
2612 2133 2796 2177 mente
2810 2132 3021 2192 captus.
3042 2122 3249 2177 Noctus
3284 2122 3660 2192 hujuscemodi
3685 2127 3936 2194 dogmata
3956 2128 4074 2181 dis-

2498 2215 2817 2276 seminaret,
2844 2214 2899 2266 in
2925 2222 3223 2266 extremam
3261 2216 3477 2266 tandem
3502 2216 3899 2271 absurditatem
3927 2220 4072 2271 inci-

2496 2305 2598 2367 dit,
2654 2304 2792 2359 adeo
2828 2312 2887 2356 ut
2941 2304 3186 2370 seipsum
3238 2303 3464 2370 Mosam,
3529 2304 3869 2377 fratremque
3906 2326 4074 2363 suum

2497 2398 2770 2449 Aaronem
2797 2396 3029 2450 diceret.

2567 2489 2813 2543 Novatus
2875 2499 3079 2555 autem,
3127 2489 3382 2545 Ecclesia:
3437 2490 3692 2546 Romana:
3750 2492 4067 2562 presbyter,

2499 2580 2826 2650 arrogantia:
2856 2579 3054 2649 spiritu
3086 2581 3284 2643 elatus,
3313 2582 3369 2635 in
3407 2598 3656 2637 errorem
3688 2582 3934 2653 impegit.
3958 2585 4073 2639 Nec

2490 2672 2639 2726 enim
2678 2670 2799 2724 illos
2856 2672 2949 2740 qui
2997 2672 3376 2739 persecutione
3427 2683 3705 2741 grassante
3754 2676 3891 2744 lapsi
3943 2676 4072 2730 l‘ue-

2499 2770 2623 2815 rant
2647 2770 2834 2830 postea
2864 2762 3194 2830 pmnitentes
3220 2761 3580 2817 admittebat:
3615 2763 3749 2817 nihil
3785 2764 3855 2817 iis
3875 2765 4072 2818 salutis

2508 2852 2761 2905 relictum
2797 2867 2920 2906 esse
2942 2853 3152 2915 dicens,
3185 2854 3277 2921 qui
3309 2863 3429 2921 post
3490 2854 3818 2922 baptismum
3854 2872 4073 2924 peccas-

2497 2951 2641 2997 sent.
2672 2943 2918 3011 Denique
2959 2944 3213 3011 quamvis
3250 2959 3373 2996 eum
3399 2943 3713 3005 Cornelius,
3751 2949 3851 3013 qui
3884 2947 4073 3001 Eccle-

2500 3035 2596 3087 sia:
2633 3034 2893 3088 Romana:
2922 3044 3053 3087 tunc
3082 3034 3340 3101 temporis
3364 3044 3617 3101 praeerat,
3654 3050 3795 3103 saepe
3817 3038 4073 3090 cohorta-

827 3126 1019 3179 aﬁ'ecta
1038 3133 1214 3189 erant,
1243 3135 1297 3177 et
1320 3142 1440 3192 qtue
1471 3126 1536 3177 ab
1555 3125 1645 3178 illo
1671 3125 1872 3179 fiebant
1896 3126 2231 3188 humanitus.
2256 3144 2401 3181 nunc
2426 3132 2471 3193 C
2504 3134 2655 3178 retur
2684 3134 2744 3178 ut
2779 3123 2993 3177 concito
3022 3124 3191 3192 gradu
3220 3122 3287 3175 ad
3314 3122 3652 3175 Christianos
3688 3124 4068 3193 Tyrannorum

827 3218 1046 3285 quidem
1071 3218 1137 3268 ad
1165 3230 1363 3282 eaqu;e
1397 3213 1620 3267 meliora
1669 3225 1796 3269 sunt
1834 3216 2164 3279 excitentur,
2197 3216 2395 3269 Deum-

829 3326 935 3378 que
968 3321 1150 3362 rerum
1183 3306 1492 3374 hujusmodi
1524 3305 1841 3360 effectorem
1866 3318 2221 3375 cognoscant,
2245 3321 2393 3361 nunc

827 3414 958 3453 vero
978 3395 1249 3451 hominem
1270 3394 1433 3447 fuisse
1461 3395 1792 3459 existiment,
1825 3397 1917 3464 qui
1956 3404 2206 3448 naturam
2240 3395 2393 3449 factis

826 3486 1213 3555 obsignaverit.
1245 3484 1346 3550 Qui
1376 3501 1506 3554 ergo
1534 3487 1600 3543 ad
1632 3485 1868 3539 Verbum
1927 3488 2163 3539 humana
2217 3487 2393 3540 forma

828 3588 1051 3632 exutmn
1078 3577 1389 3637 accesserit,
1418 3575 1738 3646 legibusque
1793 3579 1974 3630 carnis
2025 3578 2389 3646 acquieverit,

826 3669 873 3722 ci
902 3666 1236 3735 blasphemia
1258 3665 1591 3730 remittetur,
1633 3668 1794 3734 eique
1854 3676 2040 3733 parcet
2102 3668 2390 3729 Dominus,

828 3760 953 3826 quia
982 3758 1033 3809 in
1066 3772 1132 3810 eo
1160 3757 1344 3824 lapsus
1391 3758 1484 3819 sit,
1519 3757 1661 3824 qttod
1689 3756 2020 3825 aspectabile
2042 3768 2144 3820 est,
2178 3767 2231 3810 et
2267 3774 2393 3825 pro-

832 3864 949 3915 ενοι*
982 3862 1201 3899 carnem
1237 3848 1288 3898 in
1308 3861 1368 3899 ea
1403 3862 1460 3899 se
1495 3848 1624 3899 vitia
1648 3847 1994 3910 demerserit,
2023 3848 2228 3915 quibus
2262 3864 2391 3902 caro

829 3938 1192 3992 obnoxiaest.
1229 3937 1283 3990 Si
1318 3940 1443 4006 quis
1473 3954 1604 3991 vero
1640 3937 1707 3989 ad
1769 3937 1955 3990 divina
1994 3938 2279 4001 miracula,
2338 3948 2394 3992 ct

830 4045 949 4099 qua!
978 4040 1171 4097 prteter
1201 4027 1347 4095 vulgi
1380 4028 1694 4097 Opinionem
1750 4039 2007 4096 operatus
2054 4040 2137 4082 est
2209 4030 2393 4082 Domi—

830 4137 953 4182 nus,
994 4118 1193 4171 clausis
1225 4118 1400 4172 oculis
1430 4119 1741 4179 conniveat,
1771 4133 1946 4187 caque
1994 4118 2253 4171 satanicis
2283 4117 2392 4170 vir-

831 4214 1038 4266 tutibus
1070 4212 1369 4274 adscribat,
1402 4214 1451 4264 ei
1472 4209 1771 4264 absurdum
1795 4210 1897 4263 hoc
1917 4210 2095 4263 scelus
2123 4224 2229 4262 non
2259 4224 2393 4262 con-

828 4305 1136 4365 donabitur,
1186 4303 1535 4373 judiccmque
1586 4316 1839 4356 severum
1891 4310 1947 4355 ct
2003 4300 2392 4354 immisericor-

830 4396 951 4447 di-m
992 4395 1323 4461 experietur,
1349 4393 1526 4460 ipsum
1576 4391 1783 4445 scilicet
1812 4391 2099 4461 Spiritum.
2134 4392 2189 4446 in
2223 4408 2385 4461 quem

2508 3213 2715 3267 saevitia
2754 3212 3034 3281 perculsos
3081 3220 3136 3266 et
3164 3211 3503 3266 labascentes
3537 3227 3593 3280 se
3626 3214 3921 3277 conferret,
3950 3231 4071 3269 eus-

2509 3319 2616 3372 que
2671 3314 2929 3373 tanquam
2956 3303 3214 3356 sacerdos
3248 3303 3420 3355 sacris
3458 3304 3821 3357 concienibus
3872 3308 4071 3359 contir-

2507 3403 2699 3455 maret,
2765 3396 2916 3447 nullo
2973 3404 3152 3447 tamen
3216 3393 3376 3445 modo
3425 3393 3478 3444 id
3527 3403 3585 3446 ut
3614 3392 3837 3457 faceret,
3868 3396 4066 3448 adtlllt’l

2505 3487 2704 3554 potuit,
2731 3485 2825 3540 sed
2863 3500 2981 3539 sese
3001 3484 3314 3537 subducens
3354 3483 3784 3555 delitescereque
3812 3497 4065 3550 conatus,

2503 3578 2721 3630 tandem
2747 3578 2844 3630 hac
2878 3576 3040 3644 impia
3073 3574 3395 3628 crudelitate
3421 3575 3700 3642 laborans,
3727 3577 3794 3631 ab
3813 3578 4067 3632 Ecclesia:

2506 3682 2725 3736 quoque
2758 3682 2985 3735 corpore
3021 3668 3265 3721 secessit.
3298 3665 3565 3720 Cancrum
3601 3668 3766 3736 hujus
3798 3668 4068 3722 haereseos

2506 3768 2809 3813 sectatores
2855 3772 2962 3810 non
3022 3766 3231 3810 tantum
3284 3757 3591 3821 Novatiani,
3641 3757 3733 3809 sed
3765 3758 3929 3810 etiam
3965 3757 4065 3809 Ca-

2505 3849 2669 3911 thari,
2704 3848 2805 3901 hoc
2838 3856 2921 3900 cst
2946 3846 3092 3915 puri,
3130 3853 3540 3914 nuncupantur.
3606 3846 3752 3898 Idem
3803 3861 3898 3899 eos
3927 3862 4065 3914 qun-

2502 3955 2608 4009 que
2645 3937 3016 3999 aversabatur,
3051 3937 3144 4004 qui
3182 3946 3304 4005 post
3338 3936 3665 4004 baptismum
3691 3936 3757 3988 ad
3789 3936 4064 3989 secundas

2504 4031 2723 4098 nuptias
2774 4026 3157 4091 convolabant,
3213 4041 3313 4081 nec
3339 4027 3459 4080 illos
3510 4026 3577 4079 ad
3619 4027 4061 4081 communionem

2505 4119 2847 4175 admittebat.

2808 4253 3079 4308 llareseos
3111 4252 3447 4322 prircedentis
3473 4251 3781 4319 confutatio.

2591 4386 2787 4441 ditatis
2817 4384 3036 4454 puerilis
3059 4381 3460 4435 informatrices
3499 4380 3602 4431 illze
3625 4376 3937 4431 Salomonis
3964 4392 4059 4431 vo-

831 4502 937 4555 pm:
966 4486 1195 4552 ignavia,
1218 4483 1299 4535 vel
1338 4483 1685 4551 improbitate
1744 4483 2074 4550 peccaverit.
2118 4482 2386 4551 Loquitur
2415 4470 2465 4528 Ι)
2492 4491 2581 4531 crs
2620 4475 2819 4543 quibus
2851 4473 2949 4532 ait.
3008 4471 3118 4523 Vidi
3139 4471 3344 4539 justum
3374 4469 3631 4536 perditum
3660 4466 3715 4517 in
3775 4482 3873 4516 sua
3896 4467 4060 4533 justi-

830 4588 1010 4630 autem
1044 4577 1111 4630 de
1134 4576 1334 4643 iis,qui
1368 4575 1746 4643 blasphemarc
1773 4573 2041 4641 Spiritum
2078 4589 2385 4641 persevera-

829 4668 1031 4730 verint,
1064 4674 1229 4733 atque
1263 4664 1317 4715 in
1358 4664 1458 4715 hac
1515 4662 1792 4731 opinionis
1849 4662 2206 4729 perversitate
2256 4661 2394 4714 vivis

830 4757 1186 4813 excesserint.
1207 4753 1361 4820 Quod
1391 4754 1435 4807 si
1470 4755 1595 4824 quis
1644 4754 1859 4807 Domini
1896 4754 2265 4822 cognitionem
2325 4754 2397 4807 sit

832 4848 1086 4915 adeptus,
1155 4860 1345 4899 eorum
1412 4860 1535 4914 qua:
1598 4846 1652 4897 in
1709 4844 1814 4897 hoc
1858 4844 2063 4897 mundo
2103 4842 2395 4913 ignoravit,

830 4936 1205 4988 reu‘iissionein
1269 4941 1661 5002 consequetur.
1713 4934 1871 4987 idem
1934 4948 2153 5001 quoque
2206 4948 2400 4987 sensus

830 5037 913 5079 est
945 5025 1109 5093 hujus
1138 5026 1373 5078 Actuum
1405 5025 1832 5092 apostolieorum
1866 5024 1970 5077 loci
2012 5039 2025 5074 :
2069 5021 2246 5075 Virum
2309 5024 2399 5093 qui

830 5118 962 5166 inter
990 5130 1081 5166 nos
1103 5115 1263 5180 signis
1288 5124 1333 5165 et
1372 5114 1639 5167 miraculis
1658 5114 1905 5166 inclaruit
1943 5114 2010 5166 ".

1401 5220 1551 5277 CAP.
1600 5222 1813 5277 XXVII.

832 5316 846 5330 '
887 5308 1141 5361 Vicesima
1195 5311 1419 5379 septima
1457 5313 1687 5375 haeresis,
1744 5311 1915 5369 Nocti.
1962 5320 2009 5363 et
2064 5312 2272 5366 Novati.
2320 5310 2390 5364 lli

903 5389 1201 5451 unguntur;
1231 5381 1531 5451 priestiterit
1562 5390 1762 5439 autem,
1795 5389 1850 5433 ut
1887 5381 2137 5435 Noetiuni
2184 5383 2390 5451 quidem

898 5450 1245 5514 baptizentur,
1271 5449 1558 5503 Novatiani
1587 5466 1703 5504 rero
1729 5453 2077 5520 iniungantur.

898 5559 1098 5613 l'artim
1127 5564 1473 5617 consentiunt
1494 5561 1670 5615 biduo
1690 5562 1831 5615 inter
1852 5576 1930 5624 se.
1958 5562 2153 5631 partim
2182 5562 2395 5616 dissen-

897 5674 941 5703 "
971 5672 1123 5738 Lue.,
1154 5693 1249 5740 xu,
1294 5678 1372 5732 lO.
1448 5680 1493 5708 “
1523 5678 1684 5732 Marc.
1735 5695 1814 5739 III,
1846 5679 1933 5730 ‘27.

2016 5679 2058 5708 ⁸⁵
2102 5677 2286 5729 Matth.
2315 5693 2407 5741 xn,
2450 5676 2536 5727 3i.

2491 4569 2562 4620 tiu
2585 4567 2627 4596 ³⁰
2649 4582 2664 4633 ;
2685 4567 2837 4630 item,
2862 4563 2994 4616 Sunt
3022 4565 3138 4621 vite,
3158 4577 3275 4630 qua:
3296 4560 3536 4613 videntur
3550 4557 3747 4609 homini
3772 4565 3947 4618 recta,
3975 4571 4058 4606 ex-

2495 4668 2661 4710 trema
2697 4667 2871 4709 tamen
2903 4670 3087 4707 earum
3120 4652 3341 4705 tendunt
3400 4650 3468 4702 ad
3491 4656 3710 4700 mortem
3732 4647 3797 4709 ³⁸,
3858 4649 4054 4698 mirum

2495 4750 2549 4802 in
2583 4748 2801 4800 modum
2826 4744 3018 4798 Novati
3038 4743 3255 4797 szevitiae
3289 4751 3344 4794 et
3370 4739 3635 4807 opinioni,
3685 4753 3790 4806 qua
3845 4738 4055 4791 veniam

2496 4839 2697 4892 nullam
2726 4835 2985 4897 admittit,
3016 4842 3394 4887 consentanea:
3415 4840 3559 4884 sunt.
3589 4829 3723 4883 Nam
3741 4828 3872 4881 dum
3908 4843 4058 4895 puri-

2499 4929 2625 4982 tatis
2654 4942 2711 4981 se
2743 4940 2903 4995 quam
2942 4939 3038 4993 par
3065 4932 3149 4977 est
3178 4920 3536 4975 amantiorem
3559 4925 3778 4987 praestat
3827 4930 4055 4983 eamque

2498 5016 2806 5072 accuratius
2826 5030 2982 5084 aequo
3008 5021 3271 5075 sectatur,
3298 5010 3478 5063 minus
3504 5008 3761 5069 advertit,
3789 5015 4053 5075 quantum

2496 5110 2552 5163 in
2588 5106 2929 5162 crudelitatis
2958 5104 3278 5159 barathrum
3303 5115 3361 5155 se
3396 5100 3702 5169 praecipitet
3732 5114 3746 5149 :
3799 5098 4051 5150 exitium-

2496 5215 2602 5268 que
2639 5199 2741 5252 sibi
2777 5199 2922 5250 ultro
2952 5203 3197 5249 accersat
3233 5208 3246 5244 :
3276 5207 3378 5247 nec
3397 5205 3581 5246 secum
3605 5197 3845 5257 reputat,
3882 5188 4055 5241 nemi~

2499 5305 2622 5343 nem
2659 5304 2800 5353 esse,
2854 5287 2948 5356 qui
2978 5285 3122 5355 quod
3179 5286 3382 5337 bonum
3437 5289 3523 5334 est
3552 5298 3566 5332 :
3599 5280 3673 5332 ita
3698 5285 3964 5340 sectetur,
3998 5288 4053 5329 ut

2501 5380 2629 5434 inde
2652 5379 2905 5433 excidere
2936 5389 3213 5445 nunquam
3245 5374 3437 5443 possit,
3488 5378 3653 5439 atque
3714 5368 3768 5422 id
3796 5384 3865 5422 ne
3923 5369 4049 5421 sim-

2502 5470 2629 5540 plici
2663 5468 2884 5538 quidem
2932 5467 3191 5536 angelica:
3248 5472 3458 5518 natura:
3508 5475 3628 5528 qua:
3683 5459 3795 5513 Deo
3828 5457 4050 5517 assistit.

2504 5572 2768 5631 perpetuo
2797 5560 3008 5612 datum.
3041 5558 3118 5611 Ad
3147 5558 3258 5610 btec
3288 5556 3332 5609 si
3366 5554 3434 5609 ab
3463 5569 3529 5608 eo
3572 5550 3717 5621 quod
3742 5550 3945 5603 bonum
3974 5560 4053 5603 est

2615 5677 2656 5705 ὀ
2686 5677 2801 5728 Aet.
2832 5687 2888 5736 Il,
2912 5670 3004 5734 22,
3078 5672 3123 5703 "
3151 5669 3316 5723 laxod.
3357 5685 3435 5731 ιιι,
3468 5666 3520 5719 Ο.
3598 5666 3638 5695 ν
3672 5663 3819 5718 [πιθα
3879 5680 3965 5720 xx.
4001 5664 4047 5717 ἴ.

899 5746 1060 5802 tat-cu.
1100 5764 1278 5813 xxxvi,
1309 5750 1361 5803 5.
1437 5749 1478 5779 ³⁸
1514 5748 1655 5801 Ετί.
1696 5766 1787 5808 vn,
1835 5751 1915 5801 Its.
1988 5749 2213 5829 ξιιιίυγ.
2263 5763 2368 5799 χιιι
2415 5745 2498 5798 12.
