4288 6372
280 409 410 472 1291

1546 416 1940 479 ἸῚΙΕΞᾹΗΙΠ
1983 415 2129 476 LIB.
2176 417 2248 475 IV

3388 416 3521 481 1298

277 542 381 576 non
417 522 848 590 deﬂexissenues,
871 542 1010 597 opus
1061 527 1479 599 haudquaquam
1532 529 1720 588 fuisse,
1782 535 1836 577 ut
1871 530 1910 585 Α
1944 536 2054 580 tum
2100 535 2369 588 sanctum,
2417 529 2667 579 naturam
2698 522 2917 594 quidem
2944 537 3129 585 unam.
3169 522 3519 603 divinitatem

278 617 416 669 Deus
440 616 671 671 Verbum
698 618 763 671 ad
788 634 887 673 nos
906 629 1180 690 assumpta
1203 636 1367 674 carne
1400 621 1849 675 descenderet.At

273 719 425 769 vero,
456 707 584 775 quia
619 708 781 761 vitam
804 709 1089 763 mutationi
1123 710 1414 764 obnoxiam
1446 712 1849 765 sortitushomo

270 804 371 859 est,
398 806 451 849 et
480 812 586 850 non
607 813 764 852 secus
788 808 951 868 atque
989 801 1205 853 trutinae
1252 801 1442 856 Iances
1468 802 1520 855 in
1553 812 1846 870 utrunque

284 887 427 941 latus
462 890 639 958 vergit
684 898 741 943 et
785 901 1061 954 movetur,
1123 894 1333 945 idcirco
1382 909 1558 961 neque
1598 894 1842 962 angelus,

276 994 452 1045 neque
483 978 647 1033 homo
676 979 820 1049 (cum
849 981 1086 1050 Spiritus
1115 982 1224 1036 sint
1256 983 1561 1037 ministerio
1591 984 1842 1051 addicti).

280 1070 373 1122 sed
405 1070 667 1126 Dominus
721 1073 836 1143 ipse
882 1076 1064 1134 venit.
1116 1086 1175 1129 ut
1232 1076 1408 1130 salvos
1471 1091 1571 1129 nos
1617 1076 1840 1130 faceret.

270 1160 412 1225 Quid
449 1177 579 1231 ergo
612 1162 880 1218 Novatum
916 1166 1190 1229 movebat,
1229 1176 1287 1220 ut
1336 1182 1433 1221 eos
1471 1182 1579 1219 non
1636 1166 1842 1220 admit-

277 1260 439 1312 teret,
477 1252 569 1320 qui
607 1262 728 1322 post
758 1254 1088 1324 baptismum
1120 1260 1482 1328 peccassent?
1526 1268 1619 1312 aut
1651 1274 1841 1327 perseo

276 1343 518 1396 cutiouis
578 1354 823 1414 tempore
896 1348 1075 1417 lapsos
1145 1350 1546 1403 aversaretur?
1614 1350 1842 1405 Prorsus

272 1436 493 1500 ignoro:
522 1432 626 1486 nisi
655 1434 777 1503 quis
818 1435 1131 1506 limusrrtodi
1181 1440 1614 1501 contentionem,
1657 1440 1839 1494 homi-

270 1525 356 1576 nis
384 1526 789 1592 persuasionem
824 1528 1052 1581 rationis
1080 1539 1363 1597 expertem
1408 1531 1593 1585 dicere
1657 1532 1839 1596 malit,

271 1629 500 1682 qumque
532 1616 597 1668 ad
625 1616 917 1684 puritatem
953 1620 1103 1672 nullo
1128 1622 1288 1673 modo
1316 1638 1645 1690 quemquam
1667 1623 1838 1676 dedu-

271 1720 397 1756 cere
430 1713 614 1772 queat.
650 1706 724 1759 Ex
754 1708 956 1776 quibus
1000 1710 1171 1773 enim,
1223 1726 1429 1780 qtneso,
1463 1713 1623 1766 dictis
1669 1730 1836 1767 evan-

271 1795 458 1862 gelicis
483 1810 578 1849 ore
612 1797 703 1850 Dei
742 1799 993 1866 prolatis,
1027 1801 1109 1853 vel
1145 1802 1309 1855 etiam
1343 1804 1657 1870 apostolicis
1694 1820 1794 1857 cun
1816 1836 1832 1845 -

269 1886 648 1941 stitutioaihus
686 1888 929 1943 Novatus
964 1891 1051 1945 hic
1076 1900 1282 1945 tantam
1313 1896 1659 1948 severitatem
1695 1896 1835 1947 hau-

272 1975 381 2027 sit?
413 1976 601 2029 Nonne
624 1977 885 2033 Dominus
914 1978 1097 2033 ﬂetum
1128 1982 1293 2045 Petri,
1322 1982 1389 2035 ab
1412 1998 1477 2037 eo
1500 1984 1825 2051 abuegatus,

271 2082 299 2118 a
324 2066 527 2120 lmisit?
578 2084 760 2123 nonne
799 2070 1051 2123 eumdem
1083 2074 1454 2141 apostolorum
1490 2074 1834 2144 coryphteum

274 2157 423 2211 fratri
454 2161 764 2230 septuagies
796 2170 1017 2229 peccata
1076 2179 1195 2217 esse
1241 2166 1564 2219 remittenda
1613 2166 1839 2220 docuit?

274 2249 463 2302 Nonne
518 2250 719 2304 Paulus
770 2251 1124 2307 Corinthium
1210 2256 1360 2308 illum
1408 2256 1499 2325 qui
1549 2272 1836 2312 novercam

274 2350 724 2409 constupraverat
777 2344 938 2397 venia
998 2355 1117 2413 post
1147 2345 1415 2416 lacrymas
1446 2348 1666 2418 dignum
1718 2367 1839 2405 esse

275 2432 531 2485 censuit?
561 2433 930 2505 eumdemque
962 2437 1177 2507 reliquo
1222 2438 1480 2494 Ecclesia:
1521 2440 1693 2495 canui
1752 2457 1839 2496 re-

275 2522 492 2576 stituit?

343 2614 552 2679 Quanta
569 2631 699 2669 vero
724 2619 973 2673 socordia
1018 2620 1266 2690 falsaque
1292 2623 1551 2691 puritatis
1580 2624 1838 2693 opinione

276 2707 484 2759 l.t|l0l't'I
521 2707 758 2762 Novatus
791 2710 898 2775 hic,
933 2712 1018 2766 vel
1051 2728 1114 2766 ex
1146 2728 1213 2767 eo
1237 2714 1508 2783 arguitur,
1558 2717 1704 2785 quod
1751 2718 1836 2777 iis.

273 2798 365 2865 qui
398 2798 462 2851 ad
491 2802 758 2855 secundas
809 2804 1101 2858 convolant
1142 2806 1381 2874 nuptias.
1432 2808 1841 2863 communicare

275 2889 425 2949 nolit,
459 2892 709 2957 quamvis
744 2891 944 2945 Paulus
988 2903 1177 2962 aperte
1229 2897 1377 2950 dicat
1422 2915 1434 2949 :
1484 2899 1622 2953 Volo
1676 2900 1839 2954 etiam

276 2994 331 3029 ut
383 2995 613 3047 jlvallCS
658 2982 835 3036 viduae
868 2986 1120 3039 nubant!
1164 2986 1312 3040 Idem
1376 2987 1509 3055 quid
1543 2990 1608 3043 de
1662 2989 1837 3045 Νοεῑο

276 3072 625 3126 sentiendum
660 3084 765 3138 est,
805 3076 895 3144 qui
948 3077 1271 3146 iniustitiam
1317 3079 1372 3133 in
1408 3081 1577 3134 altum
1627 3083 1842 3138 locutus

271 3171 375 3222 est,
409 3172 462 3216 et
494 3166 675 3232 posuit
698 3184 758 3221 os
790 3167 843 3221 in
873 3170 1094 3233 cretum,
1116 3186 1237 3224 cum
1270 3174 1572 3242 praesertim
1598 3176 1829 3240 Patrem,
1863 3197 1905 3255 ς

276 3253 473 3305 Filium
510 3266 565 3308 et
616 3256 913 3325 Spiritum.
950 3260 1302 3330 blasphemus
1339 3264 1427 3317 ille
1468 3281 1635 3319 unum
1683 3283 1838 3322 cum-

270 3342 503 3411 demque
532 3348 717 3399 voeetl
744 3352 1004 3412 Quamvis
1030 3352 1174 3404 enim
1196 3353 1622 3421 dispensation’s
1642 3368 1839 3427 myste-

272 3431 410 3484 rium
442 3433 716 3498 admittat,
744 3436 1179 3494 incarnationem
1215 3442 1307 3495 Dei
1355 3445 1633 3512 prazdicet,
1663 3447 1839 3502 Evan-

272 3520 471 3585 gelium
513 3524 749 3586 evolvat,
784 3542 1013 3597 qumque
1063 3530 1115 3583 in
1148 3547 1215 3584 eo
1259 3534 1614 3589 continentur
1654 3540 1837 3594 omnia

275 3621 582 3677 percurrat,
620 3614 787 3667 corde
821 3626 1000 3671 tamen
1025 3628 1084 3673 et
1113 3619 1271 3674 laliiis
1296 3637 1359 3676 ea
1379 3638 1435 3676 se
1454 3624 1836 3697 fugere,atquc

276 3702 325 3751 iri
369 3706 699 3760 contrariam
751 3712 1074 3764 sententiam
1125 3714 1355 3781 pedibus
1415 3717 1493 3772 ire
1549 3718 1837 3775 manifeste

274 3793 475 3859 prodit.
502 3796 703 3853 Euutes
728 3801 900 3866 enim,
942 3804 1119 3874 inquit
1161 3804 1437 3874 Christus,
1465 3812 1638 3863 docete
1658 3828 1836 3868 omnes

270 3897 467 3950 nentes,
504 3890 834 3959 baptizantes
866 3911 951 3947 eos
974 3895 1026 3948 in
1060 3898 1269 3951 nomine
1297 3898 1494 3966 Patris,
1527 3910 1577 3955 et
1610 3902 1752 3966 Filii,
1788 3914 1838 3958 et

271 3975 502 4039 Spiritus
532 3984 785 4037 sancti".
807 3984 1010 4039 Videris
1032 3982 1499 4065 quemadmodum
1536 4003 1643 4049 tres
1674 3998 1837 4051 unius

270 4066 576 4125 divinitatis
651 4074 974 4144 hypostases
1028 4081 1412 4149 explicantur?
1480 4082 1613 4138 hem
1662 4101 1725 4139 ex
1770 4102 1837 4141 eo

270 4158 417 4224 quod
449 4161 556 4215 alto
586 4163 727 4218 idem
768 4166 821 4218 in
850 4167 970 4221 loco
992 4169 1066 4222 ait
1094 4188 1105 4220 :
1144 4170 1325 4234 Pater,
1370 4172 1605 4241 clariﬁca
1637 4175 1837 4231 Filium

275 4256 443 4310 tuum,
476 4262 531 4302 ut
580 4251 754 4307 Filius
798 4258 956 4310 etiam
1005 4266 1121 4311 tuus
1184 4260 1438 4329 clari/lcet
1484 4271 1532 4315 te
1556 4265 1618 4319 ³³.
1667 4267 1832 4322 Item:

275 4334 622 4396 Nuncautem
657 4346 726 4397 ad
747 4355 794 4399 te
814 4350 983 4404 uenia.
1027 4352 1196 4405 Item:
1236 4352 1489 4420 Clariﬁca
1539 4373 1621 4409 me
1676 4360 1840 4412 clari-

274 4436 403 4492 trte,
445 4448 607 4500 quam
658 4437 819 4490 habui
868 4442 1173 4509 priusquam
1224 4445 1450 4498 mundus
1522 4456 1653 4500 esset
1696 4452 1838 4519 apud

1952 634 2082 672 vero
2132 619 2308 671 tribus
2332 616 2643 673 distinctam
2671 614 2922 686 personis
2951 615 3006 669 in
3040 631 3203 670 unam
3229 631 3521 687 personam

1949 710 2281 764 contrahere
2319 718 2374 764 et
2397 718 2698 773 coarctare,
2732 721 2942 777 proque
2970 721 3334 775 personarum
3365 704 3522 762 dilic-

1948 801 2122 854 rentia
2141 800 2785 869 substantiam‘usurpare
2800 796 3256 867 deprehenditur.
3293 797 3522 863 Insuper

1949 904 2015 943 eo
2053 888 2199 959 quod
2225 904 2445 944 carnem
2476 903 2503 942 a
2537 889 2697 943 Patre
2746 896 3108 956 assumptam,
3160 886 3520 956 quemadmo-

1948 981 2077 1035 dum
2098 999 2126 1036 a
2159 982 2319 1048 Filio,
2349 996 2522 1053 eaque
2557 982 2887 1050 omnia,qu:e
2921 977 3302 1047 dispositionis
3332 984 3514 1038 erant,

1944 1074 2211 1143 completa
2260 1089 2380 1129 esse
2426 1072 2677 1135 afﬁrmat,
2728 1070 3060 1141 cvangelieis
3130 1068 3521 1126 traditionibus

1943 1166 2231 1235 perspicue
2256 1173 2544 1234 repugnat.
2601 1163 2838 1218 Joannes
2870 1163 3016 1221 enim
3065 1162 3401 1223 evangelista
3465 1172 3522 1216 et

1943 1256 2247 1323 theologus,
2284 1255 2347 1307 In
2380 1255 2633 1324 principio
2653 1262 2767 1307 erat
2788 1252 3039 1315 Verbum,
3064 1261 3112 1305 et
3146 1251 3367 1306 Verbum
3401 1262 3517 1305 erat

1943 1346 2084 1415 apud
2110 1346 2273 1397 Deum
2311 1344 2375 1404 ³⁷,
2405 1344 2713 1397 fulminanti
2756 1358 2890 1397 voce
2935 1344 3223 1397 exclamat.
3252 1342 3317 1395 Et
3348 1342 3514 1408 paulo

1942 1444 2102 1504 post:
2137 1434 2201 1487 Et
2238 1432 2457 1486 Verbum
2492 1450 2614 1486 caro
2644 1435 2949 1501 factumest,
2984 1443 3034 1485 et
3064 1432 3315 1485 habitat-it
3343 1435 3396 1485 in
3417 1448 3513 1485 tto-

1940 1525 2017 1578 bis
2043 1526 2106 1576 ³¹¹.
2146 1525 2510 1593 Incorporeus
2534 1537 2754 1591 quoque
2783 1525 3007 1591 angelus
3044 1522 3320 1592 Virginem
3349 1522 3421 1575 ita
3457 1522 3515 1575 in

1942 1615 2168 1670 civitate
2201 1614 2470 1669 Nazarcth
2524 1614 2798 1669 allocutus
2852 1623 2971 1667 est:
3017 1614 3245 1683 Spiritus
3305 1623 3518 1667 sanctus

1937 1708 2263 1775 superveniet
2294 1709 2349 1759 in
2383 1716 2452 1770 te,
2496 1713 2545 1760 et
2572 1707 2735 1760 virtus
2761 1706 3023 1759 Altissimi
3050 1705 3376 1769 obumbrabjt
3407 1706 3517 1756 tibi.

1944 1795 2172 1865 Ideoque
2199 1797 2335 1864 quod
2366 1813 2427 1849 ea:
2452 1806 2499 1849 te
2525 1806 2771 1851 nascetur
2792 1806 3034 1850 sanctum
3059 1797 3325 1850 vocabitur
3352 1795 3521 1849 Filius

1945 1885 2037 1937 Dei
2063 1884 2587 1939 ".IlisDavidieum
2654 1902 2872 1955 quoque
2929 1887 3244 1939 vaticinium
3306 1887 3520 1955 astipu-

1940 1978 2128 2032 latur:
2184 1977 2474 2047 Pr0pterea
2542 1980 2695 2031 unxit
2779 1987 2827 2030 te
2907 1978 3063 2038 Deus.
3155 1980 3288 2031 Deus
3369 1990 3510 2040 tum,

1939 2069 2052 2122 oleo
2081 2069 2279 2123 latitia
2308 2085 2414 2136 pra:
2444 2069 2767 2123 consortibus
2799 2070 2901 2122 tuis
2927 2068 2973 2101 δ’
2998 2088 3012 2135 ;
3053 2070 3513 2138 quemadmodum

1939 2164 2029 2217 illa
2053 2177 2270 2232 quoque
2298 2162 2671 2231 Theanthropi
2702 2177 2796 2215 seu
2830 2162 2923 2216 Dei
2959 2171 3016 2216 et
3043 2162 3283 2216 hominis
3320 2164 3511 2225 verba,

1940 2253 2069 2307 Cum
2094 2255 2257 2322 ipsum
2284 2253 2452 2306 bibent
2484 2269 2671 2306 novum
2697 2254 2750 2305 in
2784 2269 2940 2321 regno
2971 2252 3150 2307 Patris
3179 2256 3301 2306 mei.
3338 2254 3469 2307 Item
3502 2272 3511 2303 :

1939 2344 2169 2397 Asceudo
2199 2345 2268 2396 ad
2300 2344 2509 2397 Patrem
2545 2361 2715 2396 meum
2737 2354 2782 2396 et
2826 2344 3038 2397 Patrem
3060 2351 3308 2407 vestrum,
3347 2345 3509 2398 Deum

1939 2450 2107 2487 meum
2133 2443 2180 2486 et
2215 2433 2377 2485 Deum
2408 2444 2634 2486 vestrum
2660 2434 2724 2485 δι.
2756 2435 2885 2487 Item
2920 2450 2934 2486 :
2970 2432 3092 2486 Noli
3145 2450 3227 2487 me
3274 2444 3511 2505 tangere.

1939 2526 2169 2579 nondum
2216 2527 2351 2578 enim
2397 2527 2607 2578 ascendi
2659 2526 2728 2578 art
2777 2525 2992 2578 Patrem
3052 2542 3222 2579 meum
3251 2524 3327 2579 ⁸³.
3385 2525 3516 2592 Qui-

1939 2618 2042 2672 bus
2067 2617 2286 2685 quidem
2314 2617 2568 2670 omuihus
2596 2618 2811 2685 p’etatis
2837 2618 3037 2670 alumni
3068 2619 3147 2672 sic
3163 2618 3509 2673 sentiendum

1941 2724 2061 2764 esse
2089 2710 2326 2767 discunt.
2369 2718 2559 2761 uttres
2591 2724 2856 2778 personas
2898 2712 2948 2761 in
2987 2710 3141 2764 licata
3170 2718 3226 2765 ct
3289 2710 3511 2764 immor-

1942 2802 2037 2854 tali
2085 2800 2371 2853 divinitatc
2399 2800 2729 2868 intelligant,
2766 2816 2888 2870 qua:
2917 2802 2969 2855 in
3022 2800 3206 2867 Patre,-
3259 2810 3314 2857 et
3345 2799 3506 2866 Filio,

1940 2900 1995 2946 et
2022 2894 2368 2947 sanctissimo
2387 2892 2589 2961 Spiritu
2619 2894 2883 2958 cernitur,
2916 2900 2972 2947 et
3005 2892 3225 2947 colitur.

2497 3024 2647 3080 CAP.
2709 3024 2944 3080 XXVIII.

1950 3138 2201 3196 Vicesimn
2223 3148 2402 3193 octaua
2425 3141 2636 3193 literesis
2671 3138 2907 3193 Sabellii.
2937 3139 3002 3192 lii
3019 3138 3380 3206 baptizantur,
3401 3137 3504 3202 uel,

2220 3220 2270 3262 ut
2302 3212 2609 3276 quibusdam
2639 3209 2832 3279 placet,
2863 3212 3216 3279 inunguatur.

2012 3343 2283 3397 Saliellius
2346 3342 2545 3411 Libyca
2599 3341 2881 3410 Pentapoli
2940 3342 3209 3397 oriundus
3238 3357 3405 3397 unam
3452 3342 3508 3397 in

1943 3439 2123 3495 Patre.
2152 3437 2307 3499 Filio,
2340 3445 2391 3489 et
2424 3436 2629 3504 Spiritu
2670 3446 2859 3491 sancto
2916 3451 3207 3506 personam
3244 3437 3509 3507 pradica-

1940 3529 2051 3590 bat,
2082 3526 2331 3580 eumdem
2360 3540 2479 3580 esse
2514 3527 2726 3580 Patrem
2780 3541 3051 3591 asserens,
3087 3527 3182 3596 qui
3231 3538 3287 3583 et
3313 3528 3509 3591 Filius,

1940 3629 1994 3675 cl
2025 3619 2262 3687 Spiritus
2294 3628 2517 3671 sanctus
2570 3626 2749 3671 esset:
2793 3617 2867 3671 ita
2900 3627 2958 3671 ut
2990 3618 3044 3672 in
3104 3634 3213 3673 una
3275 3633 3507 3687 persona

1940 3719 2051 3763 tres
2088 3706 2527 3775 signiﬁcationes,
2560 3706 3024 3775 quemadmodum
3055 3708 3108 3761 in
3155 3708 3346 3763 eodem
3375 3725 3511 3777 quo.

1940 3817 2048 3871 que
2078 3800 2300 3853 homine
2329 3815 2547 3867 corpus,
2577 3800 2778 3863 anima,
2798 3809 2852 3853 et
2872 3800 3097 3869 spiritus
3127 3800 3509 3869 deprehende-

1941 3903 2153 3948 rentur.
2190 3894 2364 3961 Atque
2396 3893 2449 3945 in
2495 3891 2674 3947 Veteri
2731 3893 2954 3961 quidem
3007 3893 3355 3947 Testamento
3387 3901 3506 3946 tan-

1939 4002 2099 4055 quam
2138 3987 2353 4041 Patrem
2376 3986 2522 4053 leges
2546 3986 2755 4047 tulisse,
2778 3985 2829 4038 in
2849 3984 3001 4039 Novo
3028 3994 3282 4054 tanquam
3307 3984 3503 4038 Filium

1940 4094 2159 4133 carnem
2188 4077 2570 4145 assumpsisse,
2595 4077 2854 4145 apostolis
2877 4085 3059 4131 autem
3095 4085 3350 4146 tanquam
3378 4077 3503 4140 Spi-

1939 4172 2103 4225 ritum
2127 4170 2506 4239 supervenisse
2533 4187 2546 4222 :
2579 4168 2649 4221 ita
2673 4179 2730 4221 ut
2753 4169 2997 4239 corporis
3019 4168 3237 4237 quidem
3263 4168 3506 4229 ναίει-,ιιι

1940 4261 2013 4316 ita
2044 4262 2243 4323 dicam,
2286 4262 2483 4314 anima:
2512 4274 2642 4313 vero
2674 4244 2863 4318 Filius,
2897 4259 3123 4327 spiritus
3154 4258 3391 4329 denique
3424 4259 3504 4312 vi-

1938 4368 2076 4417 cem,
2109 4362 2330 4407 sanctus
2358 4352 2450 4405 ille
2476 4350 2757 4419 suppleret
2780 4348 3056 4417 Spiritus:
3098 4349 3183 4403 vel
3246 4357 3503 4418 tanquam

1941 4443 1993 4497 in
2026 4443 2164 4505 sole,
2199 4442 2355 4510 cujus
2388 4457 2494 4495 una
2530 4456 2763 4509 persona
2794 4450 2898 4501 est.
2928 4452 3040 4495 tres
3094 4440 3337 4495 actiones
3380 4441 3503 4495 clu-

275 4528 324 4570 te
382 4521 450 4576 ”.
496 4522 673 4593 Atque
725 4527 989 4583 Dominus
1036 4531 1256 4599 quidem
1306 4534 1420 4601 ipse
1482 4546 1835 4608 posteaquam
1867 4534 1913 4591 D
1942 4542 2241 4595 ccscerent,
2275 4534 2530 4586 nimirum
2564 4531 3312 4597 illuminativa,calefactiva,
3360 4533 3506 4602 ipsa-

272 4621 584 4679 assumptus
622 4624 705 4669 est
758 4618 811 4670 in
863 4620 1097 4682 coelum,
1156 4623 1405 4692 seditque
1453 4626 1517 4678 ad
1559 4628 1835 4684 dexteram

274 4700 473 4764 Patris,
515 4714 703 4772 aperte
756 4707 1019 4762 indicavit
1059 4712 1219 4765 aliam
1277 4715 1454 4769 Patris
1487 4732 1635 4779 esse,
1670 4720 1833 4773 aliam

275 4789 395 4843 Filii
453 4792 790 4864 hypostasin.
823 4798 938 4852 Imo
976 4801 1089 4869 ipsa
1126 4818 1345 4873 quoque
1380 4803 1556 4860 Patris
1614 4816 1669 4861 et
1712 4808 1835 4862 Filii

272 4886 600 4952 signiﬁcatio
628 4906 982 4959 personarum
1023 4897 1258 4951 dualitas
1284 4908 1388 4962 est,
1419 4916 1541 4968 quae
1593 4902 1839 4957 sehetiea

269 4977 686 5043 significatione,
714 4998 808 5037 seu
840 4985 1105 5041 hahituali
1137 4997 1191 5041 et
1226 4988 1450 5043 relativa
1475 4992 1724 5046 eﬂ‘ertur.

345 5068 421 5121 Eo
451 5081 714 5138 praeterea
746 5077 890 5144 quod
920 5078 1090 5132 Filius
1114 5080 1180 5133 dc
1202 5080 1407 5149 Spiritu
1439 5083 1575 5137 dixit
1605 5101 1619 5135 :
1651 5084 1836 5139 Petam

270 5174 299 5207 η
338 5156 518 5224 Patre,
550 5170 599 5215 et
622 5164 786 5217 alium
832 5166 1172 5222 Paracletum
1236 5173 1402 5225 mittet
1460 5174 1618 5239 vobis,
1670 5173 1839 5240 Spiri-

273 5257 381 5301 tum
414 5253 673 5316 ueritatis,
699 5256 787 5325 qui
812 5274 844 5309 a
871 5257 1034 5312 Patre
1058 5262 1291 5329 procedit
1329 5263 1395 5314 ³⁸.
1423 5263 1577 5325 Item,
1647 5261 1743 5317 Ille
1760 5281 1840 5317 me

1936 4640 2042 4695 que
2076 4624 2265 4693 ﬁgura,
2292 4638 2397 4691 qua
2432 4624 2484 4675 in
2512 4622 2702 4675 orbem
2726 4621 3194 4689 circumducitur;
3226 4630 3389 4690 atque
3414 4638 3504 4677 ca-

1937 4718 2189 4772 lefactiva
2226 4715 2445 4784 quidem
2485 4715 2895 4782 actioSpiritus
2930 4732 2943 4767 :
2996 4713 3382 4780 illuminativa,
3409 4716 3498 4769 Fi-

1935 4807 2041 4861 lius
2076 4825 2089 4859 :
2124 4806 2292 4859 totius
2338 4806 2573 4874 denique
2626 4819 2873 4872 persona:
2926 4808 3116 4873 ligura,
3150 4805 3308 4860 Pater
3335 4814 3500 4861 esset.

1936 4899 2136 4953 Filium
2164 4898 2420 4961 addebat,
2451 4906 2703 4963 tanquam
2764 4895 2997 4957 radium,
3055 4896 3499 4965 aliquandomis-

1936 5005 2057 5044 sum
2089 5004 2229 5050 esse,
2268 4989 2376 5041 imo
2430 4987 2612 5056 potius
2642 4986 2856 5041 Patrem
2919 4987 2972 5039 in
3007 4989 3189 5055 specie
3231 4988 3349 5041 Filii
3407 4988 3502 5043 cle-

1938 5081 2237 5139 seendisse.
2269 5081 2359 5147 qui
2412 5094 2474 5132 ea
2509 5088 2821 5139 exsecutus,
2870 5092 2991 5147 quae
3021 5078 3088 5132 ad
3124 5079 3498 5147 evangelicum

1936 5173 2406 5243 dispensationem
2441 5171 2831 5241 pertinebant:
2862 5178 3116 5238 tanquam
3154 5170 3327 5224 Filius
3371 5186 3496 5225 rur-

1936 5280 2029 5319 sus
2055 5265 2108 5317 in
2146 5265 2344 5318 cmlum
2382 5271 2635 5332 receptus
2659 5270 2826 5324 esset.
2863 5277 2971 5315 non
3007 5276 3169 5316 secus
3214 5270 3378 5331 atque
3408 5279 3497 5317 ra-

270 5337 581 5405 ctari/icabit
606 5343 672 5408 “,
704 5346 917 5399 tertiam
945 5364 1162 5417 quoque
1189 5352 1357 5404 sancti
1388 5352 1839 5423 Spiritushypos-
1932 5356 2057 5410 dius
2090 5356 2256 5410 asole
2285 5355 2483 5409 missus
2512 5353 2577 5407 ad
2628 5354 2803 5422 ipsum
2831 5353 3013 5407 denuo
3039 5368 3095 5407 se
3124 5353 3335 5422 recipit.
3365 5353 3500 5408 San-

272 5432 410 5483 tasin
467 5433 695 5489 indicat.
760 5438 893 5493 Male
975 5439 1162 5509 igitur,
1220 5459 1321 5496 nec
1369 5454 1626 5513 tanquam
1685 5446 1825 5499 bona

274 5534 453 5575 ruente
477 5526 740 5592 praeditus
776 5528 886 5593 ille,
922 5533 1200 5601 quivulgo
1232 5544 1407 5587 tamen
1436 5536 1642 5603 Νόητος
1672 5538 1827 5604 quasi

271 5622 450 5669 mente
481 5617 741 5684 praeditus
796 5621 1017 5688 dicitur,
1042 5625 1276 5691 Patrem,
1310 5625 1527 5693 Filium,
1568 5636 1621 5681 et
1660 5628 1831 5697 Spiri-

340 5724 382 5754 ³³
413 5724 599 5779 Matth.
636 5744 821 5793 xxvrtr,
862 5730 947 5784 19.

275 5812 310 5857 ι,
358 5795 401 5846 Ι.
480 5796 525 5827 ³⁸
550 5798 688 5852 Ibid.
735 5800 817 5853 Η.

1026 5732 1076 5763 ³³
1107 5733 1263 5787 Joan.
1296 5752 1426 5793 xvu.
1455 5742 1506 5789 1.

896 5801 1099 5857 "Luc.
1173 5822 1207 5865 r,
1250 5807 1335 5859 55.

1620 5737 1662 5767 ³”
1700 5738 1837 5791 Ibid.
1864 5739 1917 5791 5.

1412 5809 1456 5837 ‘°
1487 5808 1623 5860 Psal.
1666 5825 1803 5873 serv,
1848 5812 1902 5864 8.

1937 5458 2084 5503 ctum
2116 5448 2351 5517 denique
2372 5447 2635 5515 Spiritum
2659 5448 2711 5499 in
2752 5446 2901 5499 hunc
2928 5445 3212 5509 mundum,
3236 5452 3494 5514 tanquam

1936 5539 2238 5607 energiam,
2269 5554 2363 5591 seu
2404 5538 2514 5591 vim
2539 5537 2844 5592 elTeetivam
2872 5535 3046 5601 Patris
3076 5535 3298 5589 missum
3349 5551 3495 5598 esse.

1937 5631 2003 5685 ad
2032 5646 2128 5685 eos
2148 5639 2204 5683 et
2230 5630 2443 5699 publice
2466 5641 2519 5684 et
2545 5630 2823 5698 privatim,
2855 5627 2949 5687 aui
2986 5626 3053 5681 ab
3090 5626 3181 5680 illo
3209 5625 3493 5689 viviﬁcari,

2622 5742 2667 5773 ³⁸
2698 5742 2855 5799 Joan.
2914 5752 3030 5803 xvt,
3078 5736 3165 5792 Η.
3266 5739 3309 5770 ³⁷
3333 5742 3489 5799 .Ioan.

2524 5811 2568 5842 "
2611 5810 2750 5866 Ibid.

2032 5740 2074 5771 ³³
2100 5740 2255 5794 Joan.
2292 5756 2382 5805 xv,
2420 5742 2509 5794 26.

1980 5811 2020 5842 “
2057 5811 2211 5865 Joau.
2236 5826 2325 5871 xx,
2364 5811 2447 5866 l7.
