4288 6372
767 375 908 439 1299

2021 375 2069 435 Ν
2080 372 2317 433 ICET/E
2356 372 2557 433 CHON
2567 372 2759 431 ΙΑΤᾸΞ

3866 346 4008 415 1300

769 486 963 551 foveri,
992 498 1048 543 et
1109 488 1367 555 caleﬁeri,
1426 489 1570 543 votis
1621 484 1944 541 ardentibus
1994 490 2335 555 expeterent.
2365 482 2415 542 Α
2444 480 2836 536 Prorsusenim
2870 476 3160 547 cultjuncta
3194 470 3270 541 (et
3306 470 3676 555 consequetur
3714 460 4008 528 deinceps;

1053 582 1323 637 llwreseos
1366 579 1720 649 praecedentis
1741 576 2049 646 confutatio.

834 675 964 742 Quae
981 681 1169 729 contra
1191 671 1423 726 Noetum
1451 671 1596 725 dicta
1629 675 1759 724 sunt
1785 669 1921 738 (l8),
1949 667 2035 722 cui
2065 664 2338 721 Sabellius

775 774 788 833 ζ
800 779 852 821 ut
874 783 941 821 ex
979 766 1251 819 haereseos
1273 762 1630 817 similitudine
1654 761 2002 831 perspicuum
2032 759 2136 825 est)
2178 769 2334 810 suam

765 852 1700 925 proditurusimperitiamadhaesit,
1755 852 1820 906 ad
1867 848 2168 905 Sabellium
2193 858 2335 914 quo-

765 966 872 1019 que
923 950 1314 1005 confutandum
1360 947 1657 1003 suﬂiciunt.
1710 946 1789 1002 Ad
1822 945 2141 1014 ampliorem
2172 953 2339 1009 porro

769 1042 1202 1096 Sabellianorum
1238 1041 1508 1093 haereseos
1548 1038 1984 1094 conlutationem
2039 1035 2152 1089 haec
2200 1050 2342 1104 quo-

770 1149 875 1200 que
937 1131 1265 1200 superadjici
1317 1140 1544 1199 possunt
1585 1130 1688 1186 :Si
1761 1143 1904 1182 unus
1955 1126 2209 1196 idemque
2270 1126 2341 1179 sit

769 1224 929 1277 Pater
957 1230 1012 1275 et
1037 1222 1227 1285 Filius,
1262 1236 1532 1290 qulenatn,
1562 1234 1770 1289 quaeso,
1799 1218 2082 1273 nominum
2143 1216 2342 1271 distin-

769 1308 969 1368 ctionis
1022 1314 1163 1368 ratio
1210 1312 1423 1366 luerit?
1450 1311 1581 1366 Nam
1638 1311 1731 1379 qui
1783 1309 1899 1364 ﬁeri
1926 1320 2124 1380 potest,
2157 1318 2216 1362 ut
2244 1308 2338 1377 qui

769 1406 935 1459 alium
962 1420 1068 1459 non
1096 1404 1303 1475 genuit,
1324 1405 1507 1468 Pater,
1540 1410 1596 1456 et
1622 1402 1714 1470 qui
1745 1402 1897 1455 nullo
1925 1417 2148 1471 prorsus
2179 1403 2343 1457 modo

771 1495 987 1562 genitus
1011 1504 1114 1554 est,
1148 1493 1319 1547 Filius
1344 1492 1648 1562 appelletur
1674 1492 1696 1544 ?
1723 1492 1860 1556 Quia
1892 1508 2021 1546 vero
2040 1493 2193 1546 illum
2224 1493 2343 1561 qui-

770 1584 893 1637 dem
946 1583 1224 1653 genuisse,
1263 1583 1412 1638 hunc
1437 1591 1619 1636 autem
1650 1582 1891 1651 genitum
1919 1597 2036 1636 esse
2063 1596 2229 1637 sacrm
2259 1590 2341 1637 at-

774 1682 1045 1727 testautur
1088 1674 1337 1737 Litterae,
1390 1688 1456 1727 eo
1514 1673 1591 1737 ﬁt,
1627 1680 1686 1725 ut
1714 1688 1812 1741 per
1841 1688 1899 1726 se
1935 1672 2255 1737 subsistant,
2288 1683 2343 1728 et

774 1765 1034 1833 peculiari
1062 1763 1299 1834 quodam
1328 1764 1546 1818 nomine
1572 1763 1733 1817 Pater
1759 1771 1815 1816 et
1856 1763 2025 1816 Filius
2056 1776 2342 1825 vocentur,

775 1856 902 1924 quia
935 1857 1197 1909 nimirum
1226 1855 1280 1909 id
1315 1854 1461 1924 quod
1491 1862 1738 1929 generat.
1763 1854 1908 1907 aliud
1949 1869 2072 1908 esse
2099 1854 2340 1918 videtur,

775 1948 843 2002 ab
865 1964 934 2007 eo
960 1948 1105 2017 quod
1130 1956 1443 2017 generatur.
1472 1946 1616 2013 Quin
1660 1947 1824 1999 etiam
1877 1945 2073 1999 beatus
2120 1961 2344 2016 quoque

778 2040 977 2094 Paulus
1012 2038 1079 2093 ad
1128 2039 1385 2093 Hebraeos
1424 2038 1671 2092 scribens
1728 2036 1800 2092 ita
1850 2037 1917 2091 de
1947 2037 2085 2091 Filio
2126 2037 2341 2106 inquit:

778 2131 1022 2196 Quicum
1051 2134 1104 2186 in
1136 2132 1307 2199 forma
1345 2129 1441 2183 Dei
1474 2139 1630 2193 esset,
1690 2146 1793 2183 non
1848 2133 2095 2195 rapinam
2116 2130 2348 2183 arbitra-

776 2232 859 2273 tus
896 2228 970 2273 est
998 2237 1053 2273 se
1084 2236 1190 2274 esse
1220 2219 1481 2287 «qualem
1512 2217 1639 2281 Deo,
1674 2220 1763 2272 sed
1785 2220 2013 2289 seipsum
2035 2219 2348 2285 exinanivit,

775 2311 1003 2375 formant
1028 2310 1163 2362 servi
1200 2310 1458 2378 accipiens
1490 2306 1554 2359 ⁸³.

851 2401 1088 2455 Proinde
1136 2414 1362 2454 necesse
1415 2408 1517 2463 est,
1549 2407 1608 2453 ut
1649 2399 1693 2452 is
1722 2397 1863 2452 alius
1894 2396 2065 2452 fuisse
2104 2397 2345 2465 dicatur,

781 2491 873 2557 qui
900 2489 1155 2543 informa
1189 2489 1282 2542 Dei
1300 2497 1467 2554 esset,
1491 2489 1632 2543 alius
1662 2499 1876 2553 contra,
1905 2490 1951 2543 is
1988 2490 2147 2560 cujus
2174 2490 2349 2543 forma

776 2599 839 2636 ea
889 2590 1037 2637 erat:
1069 2597 1171 2637 nec
1203 2582 1670 2652 ununlquippiam
1704 2581 1959 2656 idemque
1986 2596 2217 2636 numero
2244 2581 2352 2636 Pa-

780 2685 939 2730 teret
993 2675 1186 2735 Filius.
1246 2674 1342 2729 sed
1404 2675 1623 2744 propria
1680 2673 2056 2742 peculiarique
2112 2688 2348 2743 persona

781 2767 995 2835 praediti
1028 2782 1150 2820 esse
1179 2766 1456 2829 dicantur,
1484 2765 1579 2835 qui
1614 2765 1755 2818 inter
1784 2780 1844 2819 se
1893 2765 2130 2819 vicissim
2155 2766 2348 2820 eadem

785 2857 839 2909 in
874 2857 1178 2910 substantia
1212 2857 1604 2910 considerandi
1633 2857 1737 2909 sint
1771 2895 1785 2909 .

856 2947 1119 3015 Alioioco
1151 2948 1318 3001 Filius
1340 2963 1404 3001 ex
1428 2949 1731 3002 substantia
1759 2956 1977 3016 paterna
2010 2965 2068 3004 se
2088 2951 2354 3019 prodiisse

787 3037 1102 3101 ostendens,
1166 3023 1299 3107 Ego,
1330 3038 1530 3107 inquit,
1556 3057 1586 3092 a
1630 3038 1793 3091 Putre
1824 3043 1957 3093 erivi
1980 3041 2046 3094 “.
2075 3042 2174 3107 Qui
2223 3059 2355 3113 ergo

2446 583 2505 625 ut
2537 571 2679 625 Deus
2705 570 2866 624 Pater
2898 578 3118 621 carnem
3164 557 3525 627 assumpsisse
3580 553 3818 611 dicatur,
3872 565 4007 620 pro-

2443 673 2569 732 pter
2616 663 2763 716 illam
2811 655 3118 714 divinitatis
3165 653 3411 712 ἐκτασιν,
3466 663 3563 702 seu
3608 641 4012 701 extensionem,

2441 768 2603 822 quam
2667 752 2953 807 Marcellus
2993 745 3320 808 introduxit,
3351 756 3457 796 una
3491 752 3615 794 cum
3668 746 4014 803 concorpore

2444 842 2610 896 Verbi
2634 841 2729 894 Dei
2763 840 2945 894 denuo
2971 837 3025 891 in
3052 833 3299 891 eamdem
3341 826 3741 885 contractione,
3770 838 3891 893 qua:
3916 838 4019 875 ne-

2443 934 2681 989 cessario
2716 940 3168 1001 consequeretur.
3193 924 3310 980 Una
3340 923 3487 978 enim
3529 918 3687 975 Verbi
3714 917 3811 971 Dei
3838 916 4010 969 etiam

2443 1035 2566 1096 post
2599 1033 2934 1093 assumptam
2957 1036 3178 1078 carnem
3207 1032 3437 1089 persona
3463 1014 3602 1081 erat)
3633 1028 3646 1064 :
3682 1019 3775 1064 aut
3803 1008 4017 1096 absque

2445 1093 2673 1185 corpore
2706 1115 2771 1168 ad
2805 1114 2977 1168 Deum
2996 1112 3213 1165 Patrem
3250 1107 3339 1160 illa
3401 1097 3706 1156 divinitatis
3744 1093 4019 1153 extensio,

2447 1226 2565 1279 qure
2594 1208 2651 1261 in
2686 1207 2906 1262 Christo
2936 1212 3071 1262 erat,
3143 1199 3207 1253 ad
3250 1195 3538 1266 pristinam
3580 1185 4017 1243 contractionem

2447 1276 2652 1354 rediit:
2697 1312 2798 1351 nec
2842 1295 3077 1363 amplius
3123 1289 3229 1344 erit
3274 1285 3547 1344 Christus,
3598 1278 3693 1334 sed
3726 1276 3905 1329 nudus
3961 1281 4021 1326 et

2448 1391 2674 1459 simplex
2701 1387 2867 1441 homo
2890 1387 3169 1439 duntaxat.
3210 1390 3270 1434 ut
3314 1378 3407 1446 qui
3434 1376 3664 1429 duarum
3690 1375 4018 1459 naturarum

2448 1455 2883 1552 praestantiorem
2907 1475 3143 1530 exuerit.
3170 1472 3315 1527 Patri
3345 1466 3583 1534 denique
3606 1462 3767 1552 lesus
3787 1455 4019 1552 quidam

2449 1541 2962 1641 divinitatisexpers
2980 1562 3244 1621 assidebit
3273 1579 3284 1613 :
3319 1568 3413 1613 aut
3452 1556 3641 1611 saltem
3669 1541 4019 1641 implumiuin

2450 1665 2724 1736 pullorum
2751 1636 2921 1714 instar
2970 1653 3375 1712 deturbabitur,
3418 1646 3707 1701 divinitate
3756 1636 4019 1736 nimirum

2451 1726 2721 1828 privatus,
2754 1767 2860 1821 qua
2897 1750 3217 1818 gravitatem
3283 1740 3535 1797 sublevet
3568 1752 3582 1788 :
3620 1744 3831 1799 nosque
3848 1726 4023 1828 “adeo

2451 1817 2666 1915 egregie
2690 1817 3042 1909 desipiemus,
3068 1836 3159 1904 qui
3184 1830 3488 1893 hominem,
3508 1840 3616 1879 non
3646 1830 3828 1876 autem
3848 1817 4021 1871 Deum

2452 1913 2796 1992 incarnatum
2851 1927 3249 1983 adorabimus:
3311 1919 3459 1990 quod
3517 1913 3741 1985 quidem
3796 1917 4025 1963 cunctas

2453 2030 2694 2085 haereses
2720 2022 2998 2094 impietate
3026 2018 3183 2072 facile
3212 2014 3445 2071 excedit.
3497 2005 3783 2063 Nestorius
3846 1998 4020 2063 enim,

2454 2119 2670 2175 tametsi
2702 2115 3009 2171 naturalem
3041 2107 3344 2165 divinitatis
3391 2112 3447 2157 et
3477 2095 3836 2155 humanitatis
3889 2107 4025 2146 con-

2446 2211 2788 2284 junctionem
2824 2214 3068 2277 negaret,
3100 2214 3382 2269 unumque
3424 2194 3707 2251 Christum
3761 2190 3900 2284 duas
3943 2186 4021 2284 in

2457 2277 2719 2375 personas
2749 2300 3039 2361 divideret,
3065 2294 3362 2351 scheticam
3384 2299 3589 2347 tamen,
3624 2286 3727 2339 hoc
3754 2289 3838 2337 est
3858 2277 4030 2375 liabi:

2458 2368 2659 2451 iualem
2691 2409 2787 2448 seu
2811 2391 3093 2446 relativam
3118 2384 3467 2455 copulam,et
3493 2376 3829 2433 indivulsum
3858 2368 4029 2425 Verbi

2457 2498 2514 2545 et
2550 2488 2676 2543 Jesu
2709 2498 3041 2541 concursum
3102 2478 3396 2533 fatebatur.
3452 2472 3555 2528 Alii
3596 2477 3777 2523 autem
3803 2461 4032 2519 Davidi—

2459 2579 2636 2635 dieam
2672 2590 2860 2631 vocem
2899 2572 3040 2626 male
3095 2568 3483 2636 intelligentes,
3540 2575 3647 2629 qua
3721 2553 3920 2622 inquit,
3964 2548 4031 2603 In

2456 2670 2569 2726 sole
2599 2669 2773 2740 posuit
2802 2661 3200 2721 tabernaculum
3226 2674 3379 2714 suum
3400 2658 3469 2718 ⁵⁵,
3501 2651 3686 2707 carnis
3732 2642 4037 2740 depositio-

2459 2734 2968 2824 nenl'invexerunt,
3004 2755 3310 2822 Filiumque
3344 2746 3578 2803 Verbum
3615 2741 3680 2795 ad
3738 2739 3909 2792 Deum
3934 2734 4034 2787 Pa-

2463 2866 2602 2909 trem
2636 2866 2760 2906 cum
2794 2848 2909 2902 sola
2975 2842 3264 2897 divinitate
3328 2832 3642 2890 ascendisse
3694 2825 4029 2878 docuerunt.

2465 2944 2567 3010 Qui
2622 2950 2803 2994 autem
2839 2952 2867 2989 a
2892 2932 3145 2987 Maree'llo
3165 2926 3402 2988 stabant,
3438 2921 3491 2973 in
3545 2910 3877 2971 contrariam

2465 2994 2715 3092 tientianl,
2796 3040 3028 3094 eamque
3086 3018 3418 3076 deteriorem
3476 3010 3838 3064 diverteutes,
3903 2994 4031 3094 Filii

793 3129 911 3183 ﬁeri
940 3130 1164 3198 poterit,
1193 3145 1303 3198 quo
1369 3131 1549 3183 minus
1586 3131 1730 3184 alius
1788 3132 1912 3183 sita
1946 3099 2117 3186 Patre
2159 3099 2348 3196 Filiuvs,
2380 3128 2423 3186 (Ξ
2456 3139 2744 3199 personam
2767 3122 2819 3175 in
2853 3120 3020 3173 Deum
3042 3116 3254 3169 Patrem
3276 3103 3645 3199 resolt'ebant.
3664 3099 3864 3153 Verum
3884 3104 4034 3199 enim

789 3221 833 3274 si
870 3235 1113 3288 persona:
1139 3221 1466 3289 nulllerique
1490 3221 1628 3273 ratio
1662 3221 1928 3275 habeatur
1955 3224 1978 3275 ?
2005 3224 2139 3277 Nam
2198 3226 2359 3292 quid-

789 3309 920 3376 quid
958 3309 1026 3364 ab
1057 3310 1241 3379 aliquo
1268 3311 1558 3378 processit,
1611 3310 1678 3365 ab
1712 3328 1778 3365 co
1829 3328 2019 3366 revera
2082 3313 2360 3368 diversum

791 3412 898 3466 est,
932 3416 960 3454 a
990 3416 1099 3470 quo
1129 3402 1412 3470 processit.
2220 3396 2223 3397 ⁷

1375 3535 1525 3591 CAP.
1573 3538 1763 3592 XXlX.

812 3627 1067 3682 Vicesima
1142 3646 1280 3682 nona
1350 3630 1559 3683 [Heresis
1620 3630 1864 3684 Marcelli
1910 3647 1929 3684 :
1973 3632 2027 3684 Ili
2092 3632 2366 3702 bIlpilzt'Jl-

1526 3711 1633 3755 tur.

868 3815 1057 3871 Galata
1091 3816 1379 3872 Marcellus
1428 3818 1619 3873 eodem
1687 3818 1870 3879 modo,
1932 3836 2042 3888 quo
2074 3820 2366 3887 Sabellius,

800 3908 1123 3962 Trinitatem
1138 3911 1391 3977 negavit:
1424 3908 1517 3964 sed
1536 3910 1826 3980 quamdam
1848 3919 2085 3980 pateram
2116 3912 2372 3966 divinita-

804 4002 872 4054 tis
897 4002 1138 4067 ἔκτασιν,
1167 4000 1270 4054 hoc
1299 4012 1381 4056 est
1410 4003 1783 4057 extensioneln
1839 4003 1895 4056 ill
1916 4004 2109 4057 Filium
2135 4006 2370 4060 subiisse

802 4087 1045 4155 dicebat,
1101 4107 1263 4161 quam
1294 4092 1465 4146 Deum
1535 4092 1771 4147 Verbum
1840 4095 2195 4149 nominabat:
2249 4113 2371 4166 quae

803 4182 1025 4251 quidem
1060 4190 1185 4252 post
1230 4184 1501 4237 universae
1559 4184 1984 4254 dispensationis
2026 4202 2373 4242 consumma-

805 4274 1010 4326 tionem
1052 4274 1256 4344 rejecta
1283 4282 1632 4344 retraetaque
1649 4277 1715 4329 ad
1748 4278 1918 4331 Deum
1953 4278 2134 4332 denuo
2197 4281 2373 4335 redis-

804 4377 907 4429 set,
932 4380 960 4418 a
996 4381 1106 4435 quo
1129 4376 1257 4421 ante
1283 4378 1505 4423 extensa
1559 4369 1753 4422 fuerat.
1817 4370 2232 4424 Sanctissimum
2270 4387 2369 4424 au-

805 4465 911 4511 tem
936 4455 1199 4525 Spiritum
1226 4459 1562 4529 παρέκτασιν
1590 4459 1689 4529 τῆς
1715 4460 2009 4524 ἐκτάσεως,
2038 4462 2141 4513 hoc
2168 4469 2251 4514 est
2275 4476 2371 4513 ex-
2405 4459 2452 4516 D

808 4548 1076 4602 tensionis
1103 4549 1504 4613 extensionem,
1563 4566 1683 4619 qua:
1742 4551 2006 4619 apostolis
2067 4550 2375 4621 obtigisset.

808 4637 877 4693 Ut
906 4654 1015 4693 uno
1033 4641 1203 4695 verbo
1229 4641 1527 4707 absolvam,
1579 4642 1671 4695 ille
1707 4641 2028 4697 Trinitatem
2077 4644 2297 4696 extendi
2325 4654 2382 4697 et

809 4729 1090 4797 contrahi,
1120 4730 1665 4801 prodispensatiouis
1723 4732 2041 4786 diversitate
2094 4731 2381 4787 fabulaba-

810 4830 920 4874 tur.

1112 4930 1383 4985 Hcereseos
1413 4930 1755 5001 pra'cedentis
1783 4930 2093 5000 confutatio.

877 5045 1143 5115 Dogmata
1207 5045 1300 5099 hic
1348 5060 1571 5115 quoque
1627 5045 1779 5099 nullo
1832 5044 1993 5097 modo
2037 5041 2377 5096 admittenda

808 5136 1159 5203 probandave
1210 5138 1571 5207 proponebat.
1596 5136 1699 5202 Qui
1730 5136 1876 5189 enim
1915 5134 2031 5188 ﬁeri
2085 5143 2283 5201 potest,
2320 5142 2379 5187 ut

810 5226 1130 5292 ὑπόστατον,
1159 5226 1267 5282 hoc
1317 5236 1403 5281 est
1435 5242 1529 5293 per
1562 5241 1622 5281 se
1673 5226 1981 5280 subsistens
2004 5224 2098 5278 Dei
2138 5223 2377 5276 Verbum

816 5331 923 5367 una
959 5331 1081 5369 cum
1112 5327 1390 5387 assumpta
1418 5334 1582 5373 carne
1623 5326 1986 5386 assumptum,
2018 5316 2377 5382 assidensque

811 5404 924 5460 Deo
949 5414 1007 5461 et
1023 5406 1190 5471 Patri,
1221 5412 1502 5474 ἕκπτασιτ,
1524 5424 1619 5463 seu
1649 5409 1896 5463 extensio
1917 5416 2157 5477 paternae
2177 5405 2379 5459 divini-

819 5498 963 5563 tatis,
992 5515 1319 5571 rursumque
1348 5503 1414 5556 ad
1438 5503 1607 5559 Deum
1633 5502 1850 5557 Patrem
1874 5499 2123 5556 contrahi
2143 5498 2381 5553 dicatur?

2466 3181 2598 3274 vero
2624 3231 2748 3270 cum
2771 3206 3076 3280 blasphemi
3108 3204 3185 3258 illi
3210 3199 3473 3270 Spiritum
3503 3192 3780 3249 ἐκτάσεως
3830 3181 4035 3250 etapiu-

2465 3328 2646 3373 τισιν,
2704 3306 2813 3360 hoc
2869 3310 2957 3356 est
3019 3292 3387 3352 ex’stensionis
3442 3280 3863 3357 productionem
3911 3286 4034 3372 esse

2466 3403 2641 3460 aiunt,
2675 3410 2841 3449 unam
2872 3393 2927 3446 in
2967 3397 3152 3443 sancta
3188 3380 3457 3437 Trinitate
3517 3382 3807 3462 persona—m
3836 3377 4032 3462 ‘manl-

2466 3494 2604 3548 festo
2632 3456 2971 3543 autumant:
3020 3481 3235 3546 hocque
3282 3479 3442 3541 pacto
3491 3462 3695 3519 divinis
3732 3456 4037 3549 Scripturis

2467 3595 2523 3639 et
2564 3576 2898 3649 evangelicis
2940 3569 3101 3627 dictis
3156 3567 3538 3649 adversantur.
3598 3550 3738 3649 l‘iam
3781 3545 3877 3614 qui
3914 3541 4034 3643 ﬁeri

2468 3675 2663 3747 possit,
2717 3645 2776 3725 ut
2820 3669 2868 3723 is
2909 3665 3078 3721 Filius
3130 3668 3187 3714 et
3237 3654 3482 3709 Verbum
3517 3645 3613 3702 Dei
3649 3648 4034 3747 vocanti—qut

2470 3739 2624 3823 nullo
2664 3761 2828 3817 modo
2851 3756 2991 3829 apud
3020 3754 3142 3807 illos
3169 3745 3534 3802 ὲνυπόστατος
3581 3744 3687 3795 est,
3719 3746 3815 3833 se‘u
3837 3741 3946 3833 per
3981 3739 4041 3775 se

2471 3859 2752 3923 substitit';
2800 3822 2900 3909 vcl‘
2938 3852 3080 3906 alius
3137 3845 3377 3914 Spiritus
3441 3826 3804 3923 Paraol—ettl‘sll
3837 3822 4045 3923 liuius-

2475 3909 2792 4008 nl-odicel’te
2839 3909 3563 4000 assertiouesdogmatibus
3603 3915 3807 3974 Christi
3871 3909 4046 4008 refra-

2474 4050 2695 4113 gantur,
2736 4034 2827 4104 qui
2872 4031 2949 4086 ait
2987 4047 2999 4080 :
3037 4026 3234 4080 Enntes
3279 4021 3453 4072 docete
3490 4025 3668 4113 omnes
3722 3999 4047 4113 gen‘t‘esftla-

2474 4092 2731 4206 :itizantes
2756 4092 2853 4180 'eos
2886 4126 2938 4176 in
2968 4119 3175 4174 nomine
3222 4112 3400 4167 Patris
3448 4114 3496 4160 et
3523 4102 3673 4162 Filii,
3715 4109 3763 4151 et
3788 4092 4045 4206 .Spiritns

2473 4187 2727 4282 ;ancti“.
2762 4215 2982 4286 Triplici
3012 4211 3159 4266 enim
3216 4206 3499 4259 nominum
3563 4188 3939 4286 invocatione,
3988 4187 4043 4231 et

2476 4274 2789 4374 verbis,
2810 4274 2956 4361 Alius
2989 4298 3324 4358 Paracletus,
3351 4302 3461 4347 tres
3481 4285 3840 4374 designantur
3861 4274 4039 4341 hypo-

2477 4372 2673 4465 stases.
2710 4372 2859 4457 Hanc
2909 4409 3075 4466 porro
3105 4386 3336 4444 bazresin
3368 4380 3509 4436 nihil
3535 4372 3682 4430 aliud
3727 4379 3891 4466 quam
3922 4376 4047 4466 seu:

2478 4516 2574 4558 sus
2602 4492 2826 4552 humani
2861 4500 3080 4545 sensum
3103 4495 3248 4539 esse,
3275 4475 3360 4530 vel
3407 4488 3473 4526 ex
3500 4484 3567 4523 eo
3619 4465 3859 4558 constat:
3892 4450 4037 4558 quod

2479 4547 2835 4658 bal-conoque
2860 4578 3126 4637 desolata,
3161 4568 3455 4624 exstincta.
3492 4568 3549 4658 et
3588 4553 3697 4658 sub
3746 4547 4044 4658 obli:io:lis

2481 4640 3009 4740 t-ewneblras'demersa
3038 4667 3127 4720 sit.
3159 4664 3210 4717 ls
3240 4658 3386 4714 enim
3421 4652 3515 4722 qui
3570 4640 3907 4718 profundum
3964 4640 4045 4740 in-

2481 4734 2692 4839 ciepat,
2721 4768 2883 4836 eique
2904 4761 3060 4821 dicit,
3088 4753 3339 4809 Desolare
3390 4748 3471 4797 δτι
3505 4753 3561 4796 et
3592 4740 3734 4792 hanc
3780 4740 3837 4839 et

2482 4823 2868 4923 rasrbaareses
2922 4845 3292 4905 oblitteravit,
3345 4838 3548 4907 quippe
3610 4842 3732 4898 qua:
3778 4823 4044 4892 plantatiu

3076 5166 3227 5223 CAP.
3262 5158 3428 5216 XXX.

2801 5284 3091 5340 Triresinta'
3124 5275 3353 5334 haeresis,
3381 5266 3765 5323 Valentiorum.

2561 5405 2759 5462 Valens
2788 5399 3010 5472 quidam
3038 5395 3210 5451 Arabs
3267 5388 3483 5443 natione
3536 5380 3703 5472 fuisse
3736 5375 3911 5472 fertur
3934 5408 3949 5427 ,
3979 5382 4042 5472 ex

2488 5511 2598 5566 quo
2624 5463 2828 5556 evenit,
2862 5499 2924 5543 ul
2946 5489 3065 5558 ejus
3099 5481 3319 5538 bteresis
3350 5479 3400 5531 iu
3436 5469 3689 5529 Bai-albis
3728 5463 4039 5534 pullularet.

887 5633 1184 5705 "Philipp.
1223 5651 1283 5700 ll,
1314 5635 1366 5703 6,
1391 5638 1443 5690 7.
1522 5638 1567 5669 “
1591 5638 1748 5693 Joan.
1777 5652 1886 5701 xvr,
1911 5636 2002 5689 28.
2081 5635 2125 5665 "
2157 5632 2301 5688 Psal.
2354 5632 2583 5697 xvltt,6.
2661 5629 2705 5660 "“
2742 5625 3151 5682 Matth.‘xxvlu,
3187 5620 3272 5674 l9.
3349 5616 3391 5647 ⁸⁷
3423 5614 3525 5666 lsa.
3556 5623 3699 5670 xuv,
3726 5605 3818 5659 27.

889 5766 1000 5835 (68)
1034 5767 1089 5822 S.
1113 5770 1294 5841 Cyrilli
1331 5773 1384 5827 in
1420 5772 1769 5843 Evangelium
1817 5771 2058 5825 Joannis.
2120 5767 2374 5836 Eutllyln.
2419 5766 2504 5820 tit.
2533 5782 2585 5819 ι.
