4288 6372
303 355 428 415 1301

1562 370 1959 433 THESAURI
2005 375 2158 435 LIB.
2198 378 2299 438 IV.

3410 382 3551 445 1303'

301 462 439 515 Sunt
491 471 675 517 autent
734 463 969 523 Bacatha
1015 469 1402 540 Metrocomia,
1447 476 1551 533 hoc
1616 489 1700 534 est
1752 482 1865 550 pri-
1895 487 1939 545 Δ
1967 486 2137 539 edidit
2192 487 2621 556 multitudinem,
2660 491 2948 564 Egyptius
2998 506 3221 563 genere,
3254 493 3533 547 sanctissi~

295 555 524 606 marium
558 556 840 625 Oppidum,
872 562 992 632 ejus
1028 563 1380 635 Philalphiaa,
1415 587 1537 641 quae
1575 573 1629 627 in
1659 575 1859 629 Arabia

297 656 445 699 trans
492 645 788 704 Jordanem
836 652 939 707 sita
980 662 1084 710 est.
1132 657 1335 714 Eadem
1396 662 1579 733 itaque
1624 664 1859 722 Valentii

298 752 515 806 quoque
542 739 610 794 de
648 741 933 812 principiis
966 756 1022 801 et
1056 752 1417 818 potestatibus
1451 770 1573 810 cum
1613 758 1866 813 Archon-

300 826 442 893 ticis,
473 828 773 897 Setbianis,
813 842 870 889 et
919 838 1136 894 caeteris
1161 839 1324 912 hujus
1366 843 1557 900 farina:
1590 849 1858 902 sentiunt.

297 1023 364 1061 eo
395 1010 666 1068 collocant
696 1031 951 1085 operam,
1001 1030 1061 1075 ut
1098 1038 1262 1092 quam
1293 1026 1558 1095 plurimos
1576 1036 1864 1090 eunuchos

299 1092 554 1151 habeant.
613 1098 899 1159 Hominem
935 1116 1127 1163 autem»
1172 1092 1557 1186 quemcunque
1590 1120 1707 1175 suis
1737 1122 1864 1177 riti-

298 1184 403 1239 bus
429 1197 485 1242 et
516 1190 831 1249 cerimoniis
880 1196 1209 1256 iuitiandum
1258 1210 1634 1277 susceperint,
1693 1215 1864 1273 nullis

300 1275 554 1331 animatis
600 1283 745 1336 vesci
793 1287 1161 1352 permittunt,
1187 1275 1447 1362 quamdiu
1478 1275 1732 1368 pudenda
1764 1304 1864 1360 ha-

301 1366 508 1423 buerit.
541 1370 752 1436 Quibus
798 1376 996 1434 ablatis
1026 1397 1293 1450 persuaso
1316 1389 1427 1458 jam
1460 1366 1546 1447 vel
1574 1395 1741 1450 etiam
1768 1412 1863 1451 co-

299 1467 417 1513 acto
450 1460 754 1533 discipulo.
792 1467 966 1525 libere
999 1484 1111 1527 tum
1136 1515 1150 1539 ,
1188 1487 1243 1532 et
1272 1493 1335 1533 ex
1367 1482 1534 1538 animi
1591 1490 1863 1545 sententia

298 1550 565 1620 quidquid
622 1556 872 1612 arriserit
920 1562 1083 1619 cdere
1129 1569 1497 1634 permittunt:
1555 1577 1681 1644 quia
1727 1579 1861 1648 jam,

299 1649 357 1691 ut
406 1641 506 1711 ipsi
543 1645 731 1713 aiunt,
768 1665 796 1703 a
833 1656 1133 1711 certamine
1178 1658 1321 1714 liber
1351 1671 1407 1716 et
1434 1641 1857 1734 expeditus-est.

298 1731 406 1786 Nec
440 1736 675 1805 amplius
700 1754 826 1793 eum
855 1742 909 1796 in
942 1746 1217 1813 pathicam
1266 1731 1552 1809 libidinem
1611 1759 1859 1814 ciborum

299 1822 507 1879 deliciis
537 1827 988 1897 despumaturum
1018 1842 1390 1908 suspicantur.
1446 1847 1559 1902 Nec
1591 1850 1690 1905 hos
1716 1851 1858 1906 duu—

299 1923 445 1969 taxat
479 1918 563 1972 his
597 1921 840 1977 alliciunt
886 1929 1083 1995 modis,
1125 1933 1217 1986 sed
1249 1944 1303 1987 et
1331 1935 1374 1989 si
1403 1939 1527 2006 quis
1577 1951 1867 1997 transeun-

298 2007 430 2060 tium
457 2011 523 2063 ad
550 2027 645 2065 eos
673 2014 941 2083 divertat,
985 2020 1135 2075 illum
1181 2036 1326 2081 intro
1348 2030 1607 2086 revinctis
1640 2050 1668 2087 a
1712 2044 1863 2105 tergo

299 2096 548 2152 manibus
598 2100 910 2172 abripiunt,
966 2117 1189 2180 tumque
1248 2114 1299 2167 vi
1349 2116 1635 2185 pudendas
1683 2096 1864 2191 partes

298 2200 579 2245 cxsecant.

574 2303 842 2364 Ha'reseos
886 2316 1223 2379 pra'cedeutis
1250 2320 1557 2389 confulatio.

368 2414 731 2477 Exsecrandis
794 2425 1095 2484 hmresibus
1158 2435 1496 2491 accensenda
1543 2437 1763 2494 videtur
1809 2452 1865 2496 et

298 2504 413 2569 illa,
451 2523 573 2577 qute
604 2512 981 2570 Valentiorum
1006 2527 1111 2584 est,
1137 2522 1339 2592 quippe
1373 2541 1496 2595 quae
1524 2542 1632 2582 non
1686 2530 1863 2585 solum

299 2595 581 2666 principiis
604 2612 658 2656 et
682 2609 1042 2671 potestatibus
1064 2626 1093 2664 a
1126 2612 1233 2667 Deo
1260 2618 1462 2672 creatis
1517 2619 1865 2691 totiushujus

302 2689 679 2748 universitatis
718 2698 1249 2757 administrationem
1281 2711 1575 2763 concredat
1603 2727 1615 2763 :
1653 2713 1748 2765 sed
1778 2713 1864 2766 di—

299 2778 441 2833 vinis
473 2783 636 2836 etiam
662 2786 930 2855 dogmatis
953 2792 1277 2864 refragetur.
1329 2797 1423 2851 Illa
1451 2800 1597 2853 enim
1630 2802 1696 2855 ad
1729 2803 1866 2871 legi-

301 2874 464 2921 t;mns
487 2873 704 2938 nuptias
732 2877 1074 2935 exhortantia
1110 2885 1187 2937 sic
1218 2888 1474 2941 sanciunt
1506 2908 1520 2944 :
1560 2890 1787 2946 Crescite
1814 2902 1864 2946 et

302 2957 745 3026 multiplicamini,
778 2977 826 3019 et
864 2970 1055 3036 replete
1085 2982 1282 3029 terram
1318 2978 1384 3032 ⁸⁸.

372 3049 603 3106 Valentii
652 3073 777 3109 vero
809 3063 984 3116 modis
1012 3067 1270 3122 omnibus
1294 3074 1609 3128 exsecraudi
1647 3077 1863 3143 puden-

300 3141 495 3195 durum
552 3151 942 3218 exsectiouem,
1004 3156 1105 3210 hoc
1146 3170 1225 3214 est
1283 3180 1573 3221 commune
1621 3173 1866 3226 omnium

300 3236 587 3300 exsilium,
638 3258 966 3314 magnopere
1017 3254 1299 3307 extollunt.
1339 3258 1570 3315 Proinde
1592 3262 1635 3316 si
1678 3278 1867 3318 eorum

300 3324 682 3387 deliramentis
726 3351 918 3391 omnes
973 3340 1108 3396 forte
1163 3345 1379 3402 fortuna
1431 3354 1864 3420 subscriberent,

301 3417 621 3476 hominibus
669 3425 810 3479 haud
849 3428 1015 3484 dubie
1061 3444 1203 3489 terra
1237 3439 1545 3503 orbaretur,
1600 3443 1867 3500 ferarum-

301 3523 408 3576 que
439 3510 700 3567 duntaxat
759 3518 1079 3577 habilationi
1127 3541 1357 3594 pateret.
1391 3531 1667 3589 Caeterum
1701 3554 1865 3606 quam

301 3602 541 3654 cxsectio
593 3603 726 3666 illa,
783 3624 888 3677 qua
945 3627 1011 3665 ex
1064 3614 1375 3675 hominibus
1426 3626 1663 3679 eunuchi
1708 3626 1864 3692 ﬁunt,

302 3688 463 3743 laude
492 3694 561 3748 sit
603 3695 843 3767 indigna,
882 3702 1147 3761 Dominus
1182 3709 1233 3762 in
1258 3710 1562 3782 Evangeliis
1585 3725 1868 3776 attestatus

300 3788 404 3843 est,
434 3782 581 3835 illam
602 3790 769 3840 solam
815 3793 1047 3858 probans
1081 3814 1199 3865 quae
1234 3810 1453 3870 propter
1481 3820 1705 3870 regnum
1758 3825 1869 3865 cce-

300 3868 476 3925 lorum
510 3873 691 3929 ﬁeret:
727 3895 846 3947 quae
869 3885 1086 3951 quidem
1119 3868 1347 3945 frenatis
1371 3868 1656 3952 affectibus
1683 3902 1867 3968 potius

299 3974 462 4027 quam
492 3966 762 4032 pudendis
795 3978 1102 4030 resecandis
1136 3979 1274 4035 efﬁci
1304 3986 1462 4039 solet.

371 4052 587 4124 Alioqui
633 4075 763 4114 vero
792 4079 915 4118 cum
949 4070 1111 4123 varia:
1162 4074 1271 4127 sint
1315 4076 1611 4133 ali‘ectuum
1636 4084 1865 4152 species,

300 4148 580 4212 corporeis
626 4152 828 4211 idc.rco
902 4162 1402 4222 combinationibus
1448 4168 1866 4244 haudquaquam

299 4235 828 4300 circumseribuntur
900 4250 1153 4319 (quorum
1210 4258 1429 4314 invitam
1479 4263 1866 4323 abstinentiam

301 4325 626 4387 insolentius
684 4337 789 4390 sibi
849 4340 1127 4398 vindicant
1166 4346 1442 4421 Valentii),
1507 4355 1602 4409 sed
1639 4359 1864 4414 avaritia

298 4430 538 4486 quoque,
563 4422 1130 4497 invidia,ambitione,
1152 4435 1304 4500 luxu,
1336 4449 1391 4493 et
1428 4446 1636 4499 caneris
1683 4447 1872 4515 hujus-

300 4506 446 4559 modi
478 4522 748 4579 constant,
777 4519 977 4586 quibus
1018 4523 1085 4576 ad
1121 4529 1417 4595 nequitiam
1448 4534 1685 4592 fenestra
1727 4556 1864 4609 pan-

298 4596 466 4653 ditur.
505 4601 572 4656 Ut
597 4614 800 4661 taceam
841 4611 1163 4670 miserorum
1194 4631 1537 4679 exsectorutn
1581 4629 1867 4700 plerosque

301 4686 459 4758 longa
490 4690 579 4746 die
632 4694 686 4747 in
740 4701 927 4767 gancis
962 4703 1362 4774 deprehensos,
1420 4715 1508 4766 ubi
1543 4686 1868 4777 mulieribus

302 4791 500 4847 pra-ter
530 4794 779 4842 naturam
814 4792 960 4848 viros
1003 4811 1060 4849 se
1096 4809 1450 4867 praestarent:
1490 4806 1598 4860 imo
1619 4825 1771 4876 vero,
1808 4823 1869 4867 ut

303 4874 375 4927 ila
420 4878 931 4941 dicam.mulicbria
953 4900 1307 4961 paterentur;
1361 4898 1590 4968 aliisque
1622 4911 1728 4957 tam
1766 4921 1866 4973 pa-

304 4969 447 5024 thice
494 4973 947 5035 obscmnitatibus
999 4983 1199 5038 addicti
1248 4999 1452 5053 essent,
1500 5002 1557 5045 ut
1607 4994 1705 5048 viri
1753 4969 1864 5066 jam

301 5076 412 5129 prae
444 5066 721 5121 semiviris
751 5071 887 5124 nulli
919 5089 1087 5143 pr0pe
1116 5076 1455 5134 viderentur.

928 5184 1079 5243 CAP.
1109 5187 1273 5244 XXXI

345 5268 629 5325 Tricesima
662 5276 834 5342 prima
868 5278 1099 5341 haeresis,
1124 5280 1383 5352 Origenis.
1444 5287 1516 5342 Ili
1546 5302 1831 5362 unguntur.

370 5377 663 5450 Origenes,
696 5385 790 5453 qui
818 5394 873 5441 et
897 5387 1255 5446 Adamantius
1288 5410 1648 5465 cognomento
1686 5404 1869 5463 dictus

302 5477 386 5521 est.
416 5480 490 5531 ,et
545 5470 995 5542 Commentator,
1036 5480 1107 5533 ob
1153 5488 1674 5545 commentariorum
1729 5510 1868 5564 quos

372 5617 417 5653 δ’
450 5618 586 5673 Gen.
622 5636 657 5685 t,
700 5622 788 5687 22,
821 5625 912 5680 28.
988 5627 1034 5659 δ’
1062 5628 1204 5682 Psal.
1236 5646 1374 5688 \L'x.
1414 5634 1497 5686 16.

384 5764 494 5832 (‘0)
510 5765 614 5820 Pro
647 5782 754 5835 quo
785 5768 979 5838 vulgus
1003 5773 1323 5827 Ambrosius
1351 5769 1534 5825 habet.

1969 579 2154 647 mique
2210 581 2467 651 martyris
2516 582 2775 640 Leonidae
2834 583 2977 639 ﬁlius
3021 583 3144 638 fuit.
3195 583 3538 638 Alexandria

1964 679 2338 727 commoratus
2370 682 2475 740 est,
2511 675 2605 730 ubi
2652 691 2775 730 cum
2814 686 2870 731 et
2902 675 3167 730 educatus
3217 683 3273 729 et
3309 675 3538 729 edoctus

1966 744 2181 827 fuisset,
2211 762 2454 821 Athenas
2481 782 2703 837 quoque
2739 768 3135 837 commigravit,
3172 767 3362 837 ibique
3397 768 3539 822 assi—

1968 854 2136 909 duum
2164 872 2224 911 se
2250 855 2304 910 in
2329 859 2621 928 gymnasiis
2647 860 2954 914 auditorem
2988 859 3255 928 praestitit.
3296 859 3539 913 Tandem

1965 960 2089 999 cum
2128 945 2441 1001 Graecorum
2472 947 2791 1016 disciplinas
2842 949 3248 1018 perdidietsset,
3281 949 3545 1006 ecclesia-

1966 1035 2119 1090 sticis
2152 1052 2369 1107 quoque
2398 1036 2667 1106 dogmatis
2696 1040 2938 1092 animum
2962 1038 3225 1095 excoluit.

2036 1126 2307 1182 Caeterum
2354 1128 2605 1183 Deciana:
2646 1129 3046 1198 persecutionis
3090 1139 3349 1199 tempore,
3372 1129 3543 1183 multa

1967 1219 2057 1273 hic
2110 1228 2334 1288 propter
2378 1221 2501 1275 ﬁdei
2546 1221 2946 1275 confessionem
2994 1236 3184 1289 passus
3230 1206 3542 1313 estlacum

1965 1309 2232 1365 conviciis
2278 1310 2566 1365 lacessitus
2600 1311 2835 1365 mediam
2878 1326 2977 1380 per
3026 1310 3221 1364 urbem
3278 1309 3538 1388 trahitur,

1967 1402 2260 1456 tormentis
2321 1402 2615 1471 objicitur.
2674 1402 3028 1470 ludibrioque
3100 1401 3353 1473 habetur.
3402 1400 3540 1455 .Ali-

1968 1494 2195 1562 quando
2223 1493 2394 1555 enim,
2423 1502 2482 1547 ut
2510 1493 2787 1547 memorire
2814 1493 3092 1562 proditum
3129 1503 3234 1578 est,
3285 1508 3413 1548 eum
3450 1508 3544 1548 ca-

1965 1584 2079 1653 pite
2105 1585 2393 1639 detonsum
2443 1585 2615 1641 Graeci
2645 1585 2712 1651 .in
2753 1584 2990 1654 Serapazi
3030 1585 3215 1655 templi
3266 1583 3557 1652 vestibula

1968 1677 2395 1738 constituerunt,
2449 1677 2500 1730 id
2552 1677 2807 1745 muneris,
2837 1676 3215 1747 jmponcntes,
3250 1684 3312 1730 ut
3335 1676 3589 1745 palma-3

1967 1782 2089 1820 rum
2130 1768 2370 1821 ramulos
2404 1767 2472 1821 iis
2508 1766 2828 1836 porrigeret,
2864 1764 2959 1835 qui
2994 1763 3222 1833 Serapio
3259 1762 3565 1858 adoratur‘e

1973 1871 2039 1910 eo
2094 1856 2496 1911 ascenderem:
2534 1855 2678 1925 quod
2715 1854 2958 1925 quidem
2985 1868 3187 1907 munus
3230 1854 3544 1909 sacerdotes

1979 1947 2251 2002 idolorum
2295 1948 2451 2002 obire
2507 1946 2777 2002 solebant.
2831 1946 2924 1999 Ille
2971 1960 3105 1999 vero
3159 1945 3429 2014 correptis
3456 1961 3545 2001 ra-

1974 2040 2097 2104 mis,
2128 2041 2355 2095 elatiore
2378 2056 2508 2095 voce
2546 2040 2678 2093 nihil
2708 2049 2802 2094 aut
2831 2038 3039 2092 veritus
3068 2047 3161 2092 aut
3186 2037 3541 2101 addubitans,
3610 2060 3613 2063 λ
3656 2046 3664 2055 ’

1972 2131 2419 2186 vociferabatnr:
2472 2132 2662 2185 Venite
2697 2141 2751 2185 et
2795 2130 3064 2199 accipite,
3098 2144 3208 2182 non
3248 2128 3411 2190 idoli,
3447 2129 3540 2183 sed

1972 2222 2209 2285 Christi,
2270 2238 2502 2276 ramum.
2550 2220 2763 2287 Quibus
2814 2222 2999 2276 verbis
3053 2237 3179 2277 mox
3236 2222 3541 2291 iniquitatis

1972 2315 2209 2385 operarii
2238 2316 2495 2371 commoti
2527 2315 2804 2384 optionem
2837 2324 3171 2387 proponunt,
3210 2327 3392 2373 utrum
3434 2318 3543 2374 da:-

1974 2406 2231 2460 monibus
2290 2420 2442 2459 sacra
2486 2405 2701 2469 facere,
2765 2422 2832 2461 an
2882 2423 3016 2461 vero
3071 2424 3273 2478 corpus
3321 2408 3546 2464 libidini

1970 2493 2245 2564 EthiOpis
2291 2495 2489 2549 cinaedi
2528 2498 2869 2565 prostituere
2920 2499 3095 2553 malit.
3129 2499 3223 2554 Ille
3252 2515 3377 2554 cum
3434 2508 3544 2555 tam

1972 2585 2297 2640 sceleratum
2340 2593 2589 2654 stuprum
2646 2588 2755 2656 pati
2810 2603 2919 2642 non
2972 2602 3188 2657 posset,
3240 2590 3545 2647 miserabili

1973 2676 2309 2745 querclaque
2359 2691 2491 2730 voce
2543 2678 2854 2733 sacriﬁcare
2909 2693 2967 2733 se
3018 2678 3179 2732 malle
3208 2679 3541 2748 respondit:

1973 2767 2120 2836 quod
2151 2782 2275 2822 cum
2335 2769 2499 2837 paulo
2552 2777 2676 2839 post
2730 2770 3018 2825 immutata
3054 2770 3325 2827 sententia
3361 2772 3545 2826 facere

1975 2857 2369 2922 detrectasset,
2428 2860 2519 2914 illi.
2564 2861 2841 2929 prioribus
2917 2863 3205 2931 promissis
3255 2863 3542 2928 instantes.

1975 2949 2233 3020 imposito
2260 2952 2511 3008 manibus
2541 2955 2661 3024 ejus
2693 2953 2856 3010 thure
2881 2994 2895 3018 ,
2926 2955 3098 3011 sacris
3144 2954 3199 3009 id
3229 2954 3437 3026 imponi
3464 2955 3550 3012 fo-

1973 3043 2053 3096 cis
2077 3043 2363 3112 imperant.

2040 3132 2195 3197 Quod
2229 3150 2353 3187 cum
2388 3134 2638 3199 fecisset,
2666 3135 2734 3190 ab
2773 3136 3034 3191 omnibus
3077 3137 3379 3194 Christiani
3412 3138 3547 3211 dog-

1971 3224 2137 3277 matis
2184 3225 2592 3279 confcssoﬁbus
2648 3234 2705 3279 et
2752 3226 3088 3297 martyribus
3137 3229 3432 3296 explosus,
3488 3240 3545 3284 et

1970 3313 2215 3369 Ecclesia
2246 3317 2456 3385 ejectus
2488 3324 2590 3371 est.
2625 3318 2871 3373 Tandem
2900 3335 3025 3372 cum
3061 3329 3270 3375 tantum
3302 3319 3544 3377 dedecus

1972 3405 2113 3461 ferre
2137 3422 2242 3461 non
2275 3417 2476 3476 posset,
2504 3409 2829 3464 Alexandria
2849 3426 2906 3463 se
2934 3410 2989 3464 in
3024 3409 3371 3467 Palaestinam
3406 3427 3542 3468 eon-

1970 3498 2113 3558 tulit.
2145 3500 2231 3552 ubi
2263 3508 2484 3568 rogatus
2508 3501 2575 3555 ab
2598 3502 3093 3572 Hierosolymitano
3118 3504 3289 3567 clero,
3317 3512 3377 3559 ut
3402 3518 3540 3560 con-

1969 3589 2182 3643 cionem
2222 3590 2458 3659 aliquam
2502 3590 2730 3645 haberet
2770 3590 3060 3661 (siquidem
3094 3594 3160 3646 ad
3198 3593 3542 3661 presbytera-

1970 3688 2060 3733 tus
2090 3680 2340 3733 ordinem
2391 3689 2683 3750 antequam
2717 3683 3051 3737 sacriﬁcaret
3080 3684 3309 3739 allectus
3341 3683 3537 3755 fuerat)

1969 3772 2236 3833 surrexit,
2262 3781 2317 3825 et
2342 3788 2370 3826 e
2410 3772 2689 3827 tricesimo
2720 3790 2865 3827 nono
2899 3774 3113 3829 Psalmo
3136 3776 3281 3830 hunc
3311 3792 3544 3832 versum.

1968 3862 2216 3916 recitavit
2251 3880 2263 3917 :
2301 3863 2571 3917 Peccatori
2614 3873 2791 3919 autem
2844 3868 2975 3921 dixit
3022 3867 3177 3931 Deus,
3214 3867 3281 3921 Ut
3327 3868 3456 3936 quid
3480 3877 3534 3921 tu

1969 3957 2180 4021 exponis
2207 3957 2449 4024 justitias
2475 3973 2648 4017 meas,
2675 3966 2724 4010 et
2756 3960 2980 4013 assumis
3017 3967 3387 4013 testamentum
3426 3976 3539 4013 me-

1974 4061 2059 4096 um
2085 4046 2139 4097 in
2171 4061 2260 4097 ore
2286 4054 2373 4098 tuo
2398 4046 2491 4098 ‘9?
2539 4046 2937 4116 confestimque
2968 4047 3168 4101 librum
3224 4048 3422 4103 clausit
3479 4056 3535 4102 et

1970 4136 2205 4191 reddidit
2240 4154 2253 4189 :
2313 4148 2475 4206 atque
2530 4140 2582 4190 in
2610 4138 2845 4207 gemitus
2873 4148 2928 4192 et
2976 4138 3243 4209 lacrymas
3282 4153 3533 4206 prorum-

1969 4242 2123 4296 pens.
2152 4227 2409 4280 omnibus
2433 4227 2481 4281 ci
2513 4228 3047 4297 collacrymantibus,
3081 4243 3234 4282 suam
3265 4244 3323 4283 sc
3358 4226 3410 4281 in
3446 4242 3534 4281 se-

1969 4318 2091 4372 dem
2126 4318 2355 4386 recepit.
2387 4318 2580 4372 Postea
2607 4334 2731 4372 cum
2761 4320 2816 4373 in
2846 4319 3269 4373 familiaritatem
3296 4319 3538 4373 venisset

1976 4408 2223 4462 Habrosii
2281 4408 2391 4476 (49)
2436 4410 2725 4479 cujusdam
2770 4412 3166 4474 Marcionistae,
3216 4410 3302 4465 vel
3345 4411 3535 4467 Sabel-

1904 4468 1946 4521 θ
1976 4499 2129 4558 liani,
2161 4509 2220 4553 ut
2251 4468 2581 4569 quibusdam
2611 4503 2823 4572 placet.
2868 4502 2946 4557 illi
2985 4468 3203 4557 tandem
3238 4503 3533 4572 persuasit,

1970 4600 2050 4651 ut,
2102 4588 2297 4644 haeresi
2352 4592 2580 4655 relicta,
2641 4594 2899 4649 Ecclesiae
2971 4595 3250 4652 catholicae
3293 4594 3539 4650 adhaere-

1973 4691 2170 4736 sceret.
2230 4683 2322 4737 Ille
2373 4700 2536 4753 porro
2560 4686 2841 4741 studiosus
2889 4700 3167 4740 sacrarum
3202 4684 3543 4739 Litterarum

1969 4772 2163 4836 lector,
2192 4774 2479 4843 Origenem
2536 4776 2769 4847 rogavit,
2809 4785 2867 4830 ut
2902 4776 3024 4831 illas
3058 4776 3538 4845 interpretaretur.

1971 4862 2070 4917 Hic
2109 4865 2244 4918 votis
2281 4866 2427 4919 illius
2458 4865 2707 4922 facturus
2729 4868 2863 4922 satis
2897 4868 3039 4938 apud
3086 4868 3288 4939 Tyrum
3319 4866 3541 4921 Plateni-

1967 4958 2088 5015 circ.
2121 4968 2180 5011 ut
2207 4959 2383 5023 aiunt,
2432 4975 2532 5029 per
2566 4971 2693 5015 octo
2727 4970 2782 5014 et
2806 4960 2999 5030 viginti
3031 4975 3204 5014 annos
3237 4958 3540 5028 Scripturis

1965 5047 2396 5117 interpretandis
2428 5066 2652 5122 operam
2679 5053 2916 5106 navavit.
2951 5052 3220 5106 llabrosio
3254 5052 3436 5120 itaque
3463 5051 3542 5104 ci-

1965 5134 2136 5200 baria,
2180 5140 2458 5201 notarios.
2510 5150 2565 5194 et
2598 5156 2992 5202 amanuenses.
3042 5155 3142 5195 nec
3175 5155 3283 5194 non
3321 5140 3539 5195 chartas

1964 5243 2086 5280 cum
2123 5229 2346 5299 reliquis
2385 5232 2695 5301 sumptibus
2723 5243 3067 5303 suggerente,
3108 5232 3373 5303 Origenes
3402 5247 3536 5286 con-

1968 5317 2216 5380 tiuentia,
2252 5322 2435 5391 vigilia
2473 5331 2530 5376 et
2571 5323 2760 5377 labore
2792 5323 3029 5378 assiduis
3062 5320 3281 5375 tandem
3299 5319 3538 5374 confecit

1965 5422 2122 5476 Opus,
2157 5418 2211 5462 ct.
2237 5410 2303 5464 ad
2332 5411 2648 5467 umbilicum
2683 5414 2958 5484 perduxit,
2986 5414 3315 5484 praecipuam
3354 5422 3536 5467 autem

1965 5514 2187 5567 operam
2221 5501 2390 5567 dedit,
2421 5503 2487 5558 iis
2510 5520 2631 5574 quae
2659 5504 2896 5575 Hexapla
2916 5504 3195 5561 dicuntur.
3227 5503 3363 5559 Cum
3388 5502 3535 5558 enim
