4288 6372
784 418 919 483 i303

2030 420 2075 477 Ν
2090 419 2322 478 ECET.E
2373 418 2779 480 CIIONIA'I'AE

3879 412 4023 473 13οὶ

780 525 1050 579 dictiones
1102 524 1390 578 liebraicas
1417 523 1614 578 litteris
1638 524 1842 579 Griecis
1876 541 1981 580 una
2026 529 2218 596 pagina
2254 544 2350 580 ex-
2378 525 2426 584 Α
2459 531 2725 594 Adamus,
2786 538 3076 598 antequam
3116 532 3384 596 peccaret,
3429 523 3659 593 emgiem
3700 523 3843 577 illam
3875 521 3991 575 divi

782 616 1085 684 pressisset,
1117 614 1280 667 unius
1302 614 1447 668 enim
1476 615 1597 668 loco
1622 614 1776 676 duas,
1807 624 1864 669 ut
1893 632 2013 683 quae
2040 617 2180 670 idem
2215 631 2347 669 con-

778 704 1038 769 \inerent,
1066 703 1320 768 habebat,
1352 719 1474 758 mox
1498 706 1712 759 tertiam
1730 707 1810 760 vel
1840 709 2024 775 potius
2055 716 2346 761 secundam

779 792 1046 860 paginam,
1108 792 1365 845 nimirum
1399 791 1630 846 duorum
1661 802 1716 847 et
1764 796 2111 865 septuaginta
2172 796 2349 849 Inter-

777 890 1011 949 prctum,
1038 882 1339 953 subjunxit.
1388 884 1532 937 Duos
1558 894 1614 936 et
1641 888 1977 956 septuaginta
2017 888 2348 953 lntcrpretes

774 974 1020 1042 Aquilas,
1053 974 1302 1043 Aquilam
1337 975 1715 1044 Symmachus,
1756 978 2139 1047 Symmachum
2162 977 2345 1030 Theo-

777 1062 987 1125 dotion,
1014 1071 1177 1131 atque
1209 1063 1279 1115 ita
1318 1062 1536 1116 demum
1562 1062 1748 1131 quinta
1784 1065 2116 1133 sequebatur
2145 1067 2344 1120 versio.

777 1150 888 1206 lloc
922 1152 1082 1206 modo
1108 1151 1278 1206 Vetus
1307 1168 1467 1207 omne
1494 1153 1904 1207 Testamentum
1936 1155 2051 1208 suis
2092 1155 2348 1225 llexaplis

776 1244 1089 1312 complexus
1115 1254 1218 1299 est.

845 1331 913 1390 At
946 1347 1076 1385 vero
1116 1340 1196 1385 tot
1228 1333 1469 1401 talesque
1515 1332 1730 1386 labores
1783 1334 1837 1386 in
1877 1334 2216 1403 explicandis
2253 1334 2344 1388 Bi-

775 1420 900 1474 bliis
961 1422 1264 1477 exantlatos
1326 1422 1459 1476 illud
1521 1425 1955 1492 perniciosorum
2032 1425 2343 1496 dogmatum

773 1513 1121 1567 corollarium
1160 1514 1492 1569 obscuravit.

843 1605 1019 1675 Atque
1076 1608 1223 1660 illum
1289 1606 1520 1661 fortasse
1559 1607 1706 1663 Deus
1746 1608 2137 1677 dereliquerat,
2197 1613 2342 1680 quod

775 1712 901 1749 eum
955 1712 1107 1751 vanae
1151 1698 1337 1766 gloria:
1390 1714 1650 1767 auraque
1706 1700 1950 1768 populari
2009 1702 2345 1767 aucupandte

775 1788 893 1855 plus
914 1803 1070 1857 atquo
1104 1788 1377 1842 addictum
1406 1788 1655 1842 videret:
1702 1804 1812 1856 pra:
1843 1790 1999 1857 cujus
2025 1789 2211 1842 studio
2235 1790 2345 1857 pri-

2451 639 2574 676 nam
2600 632 2798 677 sartsm
2832 634 3048 680 tectam.
3083 621 3187 673 hoc
3226 630 3303 672 eSI
3338 618 3593 671 omnibus
3629 616 4027 684 integumentis

2451 712 2674 774 nudam,
2710 714 2933 779 solaque
2988 711 3225 763 humana
3250 707 3419 760 forma
3464 706 3763 774 przeditam,
3788 718 4023 756 conser-

2450 802 2632 855 vabat.
2661 803 2729 854 At
2758 817 2889 853 vero
2914 809 3266 869 posteaquam
3305 796 3517 849 Domini
3545 806 3814 864 prreepta
3840 804 4028 846 trans-

2449 904 2669 957 gressus
2697 899 2801 949 cst,
2834 887 3079 942 eamdem
3126 887 3269 939 illam
3323 884 3549 937 formam
3582 882 3838 953 perdidit,
3888 897 4021 934 cum

2449 980 2682 1046 primum
2722 979 2933 1033 scilicet
2975 993 3175 1046 corpus
3230 977 3337 1029 hoc
3390 974 3570 1027 anima
3605 972 3812 1034 subiit,
3865 972 4020 1040 quod

2454 1070 2676 1136 quidem
2728 1071 3078 1137 pellicaarutn
3116 1069 3422 1122 tunicarum
3473 1067 3692 1119 nomine
3729 1065 3901 1118 sacris
3959 1064 4019 1115 in

2446 1160 2747 1227 Scripturis
2799 1159 3159 1229 signiﬁcatur,
3194 1167 3307 1211 tum
3335 1158 3458 1226 quia
3498 1170 3697 1224 corpus
3730 1155 3851 1214 hoc,
3904 1170 4023 1221 quo

2448 1248 3254 1313 involvimur,.resnrrcctionis
3284 1247 3428 1300 illius
3455 1246 3544 1299 die
3583 1260 3690 1298 non
3730 1255 4018 1310 resurget;

2445 1342 2538 1394 sed
2584 1341 2818 1394 humana
2852 1350 3066 1394 tantum
3110 1340 3312 1401 forma,
3346 1355 3450 1408 qua
3487 1338 3689 1393 Paulus
3734 1335 3873 1389 forte
3927 1335 4018 1387 vel

2444 1434 2642 1486 Petrus
2674 1432 3031 1501 dignoscitur,
3066 1440 3228 1498 atque
3261 1430 3397 1483 adeo
3426 1429 3730 1489 extrinseca
3760 1423 3848 1479 illa
3877 1424 3983 1493 [ign
4004 1455 4020 1463 -

2444 1535 2503 1573 ra
2538 1530 2809 1588 resurget,
2842 1536 2961 1587 qua:
2989 1518 3090 1572 sub
3121 1518 3291 1572 forma
3324 1532 3540 1587 quaque
3591 1514 4017 1584 comprehendi-

2446 1620 2555 1665 tur.
2590 1612 2758 1665 l‘orro
2798 1610 3102 1678 subjectum
3142 1609 3316 1676 ipsum
3342 1649 3356 1670 ,
3414 1608 3529 1662 sive
3574 1621 3803 1675 corpus,
3837 1604 4017 1657 haud-

2445 1718 2717 1773 quaquam
2766 1702 2907 1755 idem
2956 1700 3194 1754 manebit
3232 1716 3244 1750 :
3288 1697 3595 1752 Seminatur
3641 1697 3786 1750 enim
3823 1712 4019 1763 corpus

2449 1792 2704 1851 animale,
2738 1792 2913 1860 inquit
2939 1789 3249 1852 Apostolus,
3296 1803 3585 1856 corpusque
3620 1785 3894 1856 spirituale
3928 1802 4018 1836 re-

773 1880 929 1934 stium
988 1895 1117 1944 sum,
1153 1880 1400 1948 quamvis
1448 1881 1670 1947 privata!
1717 1880 1838 1931 vita!
1880 1878 2170 1932 insidiatus
2198 1891 2336 1933 erat.
2370 1852 2417 1910 Β
2442 1884 2610 1951 surgit
2635 1882 2701 1934 ⁸¹.
2730 1881 3074 1949 Quapropter
3113 1894 3341 1932 necesse
3395 1888 3500 1939 cst,
3535 1886 3595 1931 ιιι
3651 1876 4019 1931 resurrectio-

774 1971 905 2023 Nam
939 1985 1060 2024 cum
1095 1971 1263 2024 nollet
1293 1969 1571 2038 corporeis
1616 1969 1871 2022 sensibus
1904 1970 2136 2031 titillari,
2182 1971 2338 2039 geni-

774 2062 898 2113 talia
953 2060 1052 2114 sibi
1080 2060 1329 2114 .membra
1383 2070 1696 2114 resecuerat
1730 2076 1742 2111 :
1776 2068 1939 2128 atque
1988 2060 2243 2128 pr0priis,
2282 2068 2341 2113 ut

772 2153 991 2218 quidam
1017 2152 1228 2216 volunt,
1264 2152 1516 2205 manibus
1546 2168 1560 2215 ;
1622 2162 1679 2204 ut
1714 2151 1807 2204 alii
1837 2192 1850 2214 ,
1887 2165 2052 2219 opera
2084 2151 2214 2205 Elite
2243 2166 2340 2205 cu-

767 2244 985 2311 jusdam
1012 2244 1211 2297 medici
1251 2243 1583 2311 percelehris
1610 2259 1760 2296 usus.

842 2335 959 2388 Non
995 2334 1212 2393 desunt,
1244 2334 1338 2402 qui
1390 2349 1618 2387 nervum
1654 2343 2063 2393 cremasterem.
2122 2335 2227 2388 hoc
2257 2344 2341 2389 est

770 2441 917 2487 eum,
948 2441 1013 2479 ex
1064 2440 1175 2493 quo
1230 2425 1466 2479 testiculi
1516 2426 1845 2492 dependent.
1880 2426 2145 2479 duntaxat
2183 2442 2335 2480 exse-

771 2518 949 2571 cuisse
981 2516 1224 2570 tradunt.
1273 2515 1505 2581 Quidam
1531 2518 1779 2584 apposito
1824 2519 2121 2584 pliarmaco
2158 2527 2340 2587 partes

775 2611 891 2662 illas
915 2609 1221 2662 eXSiceasse
1266 2607 1627 2662 arbitrantur.
1676 2610 1778 2661 Alii
1806 2611 2067 2663 medicam
2110 2610 2335 2663 herbam

773 2700 1038 2769 reperisse
1093 2699 1334 2761 malunt,
1370 2699 1529 2766 cujus
1566 2698 1774 2752 viribus
1829 2701 2152 2768 spcrmatica
2210 2716 2335 2753 vasa

774 2797 1193 2845 marcescerent.
1258 2788 1365 2842 Sed
1414 2788 1480 2842 de
1536 2789 1624 2841 his
1661 2790 1941 2844 hactenus.
1999 2791 2150 2845 Tunc
2178 2807 2340 2859 porro

775 2894 884 2934 sum
912 2880 1061 2933 virus
1099 2878 1369 2932 haereseos
1414 2892 1537 2931 cum
1594 2876 1648 2930 in
1684 2879 1970 2947 plerosque.
2001 2882 2160 2943 alios,
2221 2894 2333 2935 tum

778 2975 830 3025 in
871 2970 1186 3034 monachos,
1222 2970 1579 3023 anaehoretas
1604 3010 1616 3030 ,
1649 2980 1703 3022 et
1756 2974 2013 3025 eremitas
2062 2973 2340 3043 [Egyptius

777 3077 1029 3131 spargere
1051 3060 1254 3129 coepit:
1291 3061 1398 3113 imo
1426 3074 1558 3112 vero
1587 3060 1815 3125 primam
1849 3061 2141 3116 fenestram
2208 3066 2338 3118 Ario

776 3154 1009 3218 aperuit,
1059 3151 1377 3221 ceterisque
1433 3150 1747 3215 sceleratis,
1797 3153 1888 3219 qui
1962 3162 2089 3207 sunt
2148 3154 2334 3207 Arium
2370 3177 2410 3236 ο

773 3245 1073 3299 subsecuti.

849 3333 898 3384 1.
970 3332 1151 3385 Ausus
1184 3330 1329 3385 enim
1372 3339 1455 3385 est
1505 3347 1783 3391 asserere.
1827 3334 1969 3403 quod
2018 3334 2338 3404 Unigeidtus

776 3423 988 3477 l‘atrem
1028 3423 1214 3477 videre
1267 3438 1373 3477 non
1430 3426 1602 3493 possit
1654 3442 1667 3477 :
1728 3441 1905 3493 neque
1955 3427 2082 3479 item
2136 3426 2332 3479 Filium

776 3516 1012 3583 Spiritus
1053 3530 1069 3569 :
1113 3531 1289 3584 neque
1340 3516 1597 3585 Spiritum
1658 3518 1832 3587 angeli
1861 3557 1874 3578 ,
1920 3533 2097 3586 neque
2174 3520 2337 3571 homo

776 3607 999 3675 angelos
1028 3606 1215 3661 videre
1241 3618 1427 3676 queat.

844 3700 898 3752 2.
974 3699 1128 3761 ltem,
1160 3699 1351 3753 Filium
1380 3700 1591 3754 dicebat
1621 3716 1729 3755 non
1754 3717 1873 3755 esse
1907 3718 1969 3756 ex
2007 3703 2180 3755 Patris
2210 3702 2339 3755 sult-

776 3789 995 3851 stantia,
1051 3789 1145 3843 sed
1186 3792 1362 3846 modis
1392 3792 1647 3845 omnibus
1704 3794 1943 3846 alienum
1977 3794 2043 3845 ah
2073 3809 2168 3857 eo,
2207 3793 2334 3862 quia

779 3880 1039 3933 nimirum
1078 3891 1293 3937 creatus
1332 3883 1440 3946 sit,
1486 3884 1767 3955 Filiusque
1822 3901 1919 3954 per
1951 3888 2178 3955 gratiam
2241 3902 2339 3938 vo-

782 3978 961 4023 θεων.

851 4059 903 4111 5.
982 4058 1181 4115 Adhmc
1220 4062 1428 4115 animas
1468 4062 1785 4118 hominibus
1840 4064 2176 4133 antiquiores
2200 4065 2341 4119 amr-

782 4148 986 4212 mabat,
1020 4164 1139 4217 qua:
1166 4151 1305 4204 scilii
1326 4162 1382 4205 et
1406 4153 1578 4219 angeli
1610 4153 1905 4221 aliquando
1936 4164 2339 4222 potestatesque

780 4240 1030 4293 fuerint:
1093 4242 1313 4295 tandem
1378 4258 1527 4308 vero,
1565 4259 1688 4297 cum
1726 4256 2069 4312 peccassent.
2121 4246 2175 4297 in
2237 4245 2342 4297 hoc

780 4346 999 4398 corpus,
1037 4341 1292 4402 tanquam
1325 4334 1377 4385 in
1436 4336 1766 4401 ergastulum
1804 4336 2067 4389 demissas
2093 4377 2106 4395 .
2139 4343 2198 4389 ut
2249 4336 2339 4389 hic

782 4419 1011 4483 primam
1035 4422 1542 4473 condemnationem
1568 4422 1970 4487 experirentur.
1990 4423 2068 4476 Ex
2092 4438 2199 4491 quo
2215 4437 2342 4476 eve-

782 4511 884 4572 nit,
934 4518 991 4563 ut
1018 4510 1188 4564 Grieci
1217 4526 1418 4579 corpus
1445 4512 1612 4579 δέμας
1644 4514 1901 4576 dixerint,
1938 4515 2089 4582 παρᾶ
2120 4515 2177 4566 τὸ
2198 4515 2339 4567 δέδε-
2370 4499 2414 4552 ί)

782 4598 908 4649 σθαι
941 4599 1038 4667 τὴν
1091 4599 1268 4667 ψυχὴν
1316 4601 1372 4650 ἐν
1416 4600 1564 4667 αὑτῷ
1596 4603 1731 4669 (50),
1792 4602 1896 4655 hoc
1942 4612 2043 4663 est,
2087 4606 2233 4671 quod
2278 4617 2343 4656 eo

782 4699 1038 4757 tanquam
1067 4689 1286 4742 vinculo
1305 4690 1482 4744 anima
1520 4700 1861 4745 coercentur.
1897 4694 2145 4747 Animam
2178 4694 2339 4747 iidem

777 4780 957 4848 ψυχήν
1006 4779 1370 4848 appellarunt,
1404 4781 1491 4833 διὰ
1518 4782 1577 4833 τὸ
1609 4783 1814 4834 ἄνωθεν
1867 4782 2163 4851 ἐψυχέσθαι
2189 4823 2203 4845 ,
2241 4783 2343 4838 huc

778 4882 882 4932 est,
911 4872 1037 4940 quia
1074 4872 1293 4925 ccelitus
1332 4872 1596 4939 inspirata
1646 4876 1737 4935 sit,
1773 4874 1920 4942 quod
1969 4874 2191 4942 quidem
2235 4875 2339 4927 sibi

779 4976 947 5017 sacra:
978 4962 1290 5016 testimonio
1331 4964 1541 5034 pagina:
1572 4964 1898 5018 conﬁrmare
1934 4963 2172 5017 videtur.
2225 4963 2341 5017 [loc

779 5056 948 5116 enim,
977 5056 1267 5125 Antequam
1297 5058 1627 5118 humiliarer,
1651 5070 1743 5123 ego
1768 5054 1973 5121 peccari
2000 5053 2067 5114 ”,
2095 5051 2162 5105 de
2206 5053 2340 5121 ipsa.

784 5147 958 5214 inquit
991 5147 1103 5209 ille,
1128 5147 1308 5201 anima
1343 5148 1548 5201 dictum
1595 5154 1678 5199 est
1727 5144 1931 5212 quippe
1957 5159 2080 5211 quae
2118 5144 2171 5195 in
2205 5144 2346 5196 cudo

786 5235 1041 5297 peccarit,
1067 5231 1359 5302 antequam
1402 5236 1455 5287 in
1486 5246 1737 5301 corpore,
1766 5231 2172 5283 humiliaretur.
2212 5230 2341 5281 Item

784 5324 937 5385 illud,
962 5308 1305 5387 Convertere,
1336 5325 1517 5378 anima
1557 5338 1695 5385 mea,
1727 5320 1783 5373 in
1821 5321 2051 5389 requiem
2093 5328 2239 5371 tuam
2269 5318 2335 5379 ",

781 5415 984 5482 quippe
1014 5431 1135 5483 quae
1180 5415 1346 5469 rebus
1379 5417 1432 5468 in
1480 5414 1580 5467 hac
1629 5414 1737 5465 vita
1776 5404 1917 5465 bene
1940 5409 2107 5479 gestis
2134 5410 2198 5463 ad
2227 5409 2341 5477 pri-

785 5507 982 5559 stinam
1013 5507 1255 5575 requiem
1284 5505 1439 5575 quasi
1460 5503 1780 5573 postlimino
1812 5503 1991 5556 redeat
2019 5517 2033 5565 ;
2072 5509 2185 5553 tum
2214 5502 2339 5568 quia

855 5641 898 5668 "’
921 5639 1060 5693 Psal.
1084 5653 1269 5702 cxvm,
1292 5637 1378 5690 67.
1455 5638 1495 5669 "
1532 5637 1670 5691 Psal.
1694 5650 1837 5696 cvtv,
1874 5635 1924 5685 7.

2030 5630 2118 5683 ⁸²Ι
2155 5631 2278 5683 Cor.
2312 5648 2397 5689 xv.
2445 5632 2532 5688 «Η.

2442 1988 2568 2027 nem
2607 1976 2659 2027 in
2695 1974 2807 2027 sola
2858 1972 3029 2025 forma
3062 1972 3300 2026 futuram
3335 1984 3617 2039 speremus
3638 2008 3651 2033 ,
3682 1970 3735 2022 in
3763 1968 4019 2038 subjecto

2440 2080 2590 2125 vero,
2622 2079 2727 2116 non
2764 2063 2913 2117 item.

2514 2152 2635 2205 llaec
2664 2164 2789 2205 sunt
2842 2168 2960 2220 qure
2982 2153 3244 2218 Origenes
3298 2153 3363 2207 de
3410 2152 3713 2206 animarum
3759 2151 4019 2221 ιιι-ωειδὶ-

2442 2244 2666 2305 stentia,
2698 2251 2751 2294 et
2787 2246 3190 2299 resurrectione
3222 2245 3500 2297 disseruit.

2511 2334 2658 2387 ldem
2698 2334 3075 2402 ἀλληγορικῶς
3120 2334 3303 2388 omnia
3328 2336 3607 2404 explicare
3641 2343 3870 2389 conatus
3900 2344 4014 2392 est,

2442 2425 2774 2495 paradisum,
2808 2427 3050 2494 inquam,
3078 2432 3133 2480 et
3153 2438 3340 2493 aquas,
3370 2437 3479 2480 tam
3512 2443 3633 2495 qua:
3653 2426 3815 2491 infra’,
3844 2443 4017 2495 quam

2445 2535 2564 2588 qua:
2599 2533 2764 2585 supra
2795 2518 3199 2572 ﬁrmamentum
3230 2532 3350 2571 esse
3384 2518 3660 2573 feruntur.

2513 2611 2581 2665 Ut
2616 2625 2726 2663 uno
2760 2610 2927 2663 verbo
2955 2609 3258 2669 absolvam,
3311 2618 3477 2662 totam
3510 2609 3850 2678 Scripturam
3884 2626 4013 2679 per-

2444 2702 2630 2764 vertit,
2674 2701 2953 2770 futurique
2999 2700 3135 2755 adeo
3166 2700 3347 2754 surculi
3380 2702 3711 2768 supplicium
3767 2712 4014 2769 tempore

2444 2806 2595 2847 certo
2623 2794 2874 2863 prrcbuit,
2913 2794 3093 2851 locum
3128 2792 3282 2845 illum
3317 2792 3464 2845 Pauli
3492 2794 3724 2861 apostoli
3750 2794 3891 2847 male
3928 2792 3985 2846 in

2445 2889 2711 2955 tell‘gens,
2760 2902 2867 2952 quo
2926 2884 2996 2937 ita
3054 2882 3347 2942 scribitur.
3406 2882 3826 2951 Uniuscujusque
3878 2900 4015 2952 opus

2445 2976 2600 3046 quale.
2624 2984 2698 3027 est
2732 2976 2867 3041 ignis
2898 2971 3157 3043 probabit,
3180 2972 3289 3038 ipse
3318 2979 3490 3023 autem
3524 2972 3677 3039 quasi
3706 2986 3799 3039 per
3834 2970 4014 3039 ignem

2441 3066 2727 3118 servabitur
2755 3064 2800 3095 ⁸³

2516 3157 2629 3209 Alii
2670 3156 2893 3223 insuper
2938 3153 3199 3207 nonnulla
3249 3162 3515 3222 nugatur,
3554 3161 3610 3205 et
3659 3152 4013 3215 deblatterat,

2446 3262 2565 3317 quin
2596 3262 2663 3300 ne
2693 3244 2935 3297 scribere
2961 3243 3180 3311 quidem
3215 3242 3502 3295 honestum
3531 3241 3665 3294 mihi
3699 3242 3939 3294 videtur.

2518 3337 2630 3391 lloc
2669 3347 2847 3389 autem
2877 3336 2931 3387 in
2988 3349 3197 3388 summa
3239 3332 3532 3386 dicendum
3574 3342 3679 3396 est,
3714 3331 4012 3401 Origencm

2447 3431 2501 3484 iu
2534 3428 2772 3497 physicis
2805 3426 3157 3480 theorematis
3178 3465 3193 3488 ,
3226 3438 3527 3491 eorumque
3562 3424 3856 3489 allegoriis.
3886 3439 4015 3475 nec-

2452 3537 2559 3575 non
2598 3520 2648 3572 in
2684 3527 2792 3571 tota
2838 3516 3045 3569 morali
3080 3514 3367 3583 disciplina
3423 3515 3704 3567 doctorem
3756 3514 4016 3565 omnibus

2448 3608 2885 3677 accepti-simum
2954 3603 3688 3670 aceommodatissimumqne
3721 3601 3908 3665 fuisse,
3934 3611 4009 3654 at

2446 3716 2552 3770 quo
2583 3700 2717 3752 adeo
2742 3713 2887 3759 cum,
2922 3696 3013 3764 qui
3040 3696 3312 3749 virtutum
3341 3694 3651 3746 actionibus
3691 3708 3747 3746 se.
3779 3694 4015 3745 maxime

2447 3792 2692 3846 omnium
2726 3798 3025 3841 exerceret.
3055 3786 3224 3852 Huius
3257 3785 3400 3838 enim
3437 3784 3679 3837 exercitii
3711 3784 3892 3837 studio
3929 3785 4015 3836 vi-

2449 3891 2555 3933 tam
2583 3896 2749 3948 usque
2777 3880 2912 3931 adeo
2947 3877 3249 3937 excolebat,
3280 3885 3338 3928 ut
3388 3868 3576 3943 pectus
3622 3875 3739 3944 ejus
3764 3918 3779 3936 ,
3820 3889 4018 3943 quem-

2445 3971 2738 4025 aluodum
2793 3969 2969 4023 aiunt.
3014 3983 3124 4035 prae
3163 3965 3329 4019 nimia
3361 3965 3438 4019 rei
3480 3967 3854 4033 cujuscunque
3895 3965 4017 4017 ani-

2451 4072 2609 4115 mata:
2666 4059 3000 4113 continentia
3059 4066 3113 4111 et
3144 4050 3479 4110 abstinentia
3513 4056 3798 4110 exciderit.
3842 4056 3908 4109 At
3961 4057 4014 4108 in

2453 4168 2578 4203 vera
2613 4151 2752 4213 fide,
2791 4150 2965 4217 iisque
3024 4148 3360 4215 disciplinis,
3397 4163 3519 4215 quae
3572 4149 3830 4215 majorem
3877 4163 4017 4201 con-

2451 4239 2882 4307 templationem,
2916 4246 3078 4303 atque
3108 4235 3159 4286 in
3195 4235 3386 4303 primis
3409 4235 3788 4303 theologicam.
3828 4237 4015 4303 requio

2452 4341 2603 4392 runt,
2656 4330 2899 4382 omnium
2952 4335 3219 4395 quotquot
3268 4326 3420 4379 illum
3473 4338 3909 4394 praacesscrunt,
3961 4336 4018 4379 et

2456 4421 2631 4475 secuti
2668 4431 2815 4483 sunt,
2850 4418 3309 4473 absurdissimum
3341 4432 3398 4471 se
3434 4416 3708 4485 prmsmit.

2740 4555 3007 4609 ereseos
3039 4551 3377 4622 pra'cedentis
3405 4552 3716 4604 confutatio.

2516 4686 2963 4757 Sapientissimus
3007 4683 3275 4753 Origenes
3319 4684 3626 4739 Salomonis
3669 4684 4009 4738 exhortatio-

2445 4795 2570 4833 nem
2605 4775 3026 4845 parvipendens,
3054 4791 3159 4842 qua
3190 4776 3263 4828 ita
3297 4775 3561 4843 loquitur,
3593 4775 3656 4828 In
3681 4776 4013 4845 multiloqm’o

2441 4886 2547 4922 non
2581 4870 2745 4922 deerit
2774 4875 3038 4935 peccatum
3067 4868 3132 4929 ⁵⁸,
3168 4882 3273 4918 non
3321 4866 3558 4920 advert't
3604 4881 3692 4927 se,
3722 4866 3850 4917 dum
3891 4867 4011 4919 uni-

2439 4974 2655 5012 versam
2697 4958 2830 5026 legis
2859 4966 2914 5010 et
2972 4956 3156 5025 gratia:
3191 4955 3528 5022 Scripturam
3565 4956 3920 5024 pervestigat.
3955 4956 4007 5007 in

2440 5050 2708 5102 absurdas
2733 5048 3090 5114 cogitationes
3125 5055 3182 5098 et
3238 5047 3526 5113 opiniones
3562 5046 3837 5097 inauditas
3874 5060 4005 5113 prae-

2440 5139 2661 5205 cipitem
2698 5137 2955 5189 incidisse
2978 5175 2991 5194 .
3026 5137 3134 5188 imo
3161 5151 3290 5187 vero
3315 5136 3514 5187 alicubi
3546 5135 3746 5188 divinis
3788 5137 4005 5203 dogma.

2443 5230 2511 5283 tis
2544 5228 2707 5296 impia
2740 5236 2796 5282 et
2828 5226 3051 5295 profana
3086 5227 3470 5295 permiscuisse
3494 5266 3507 5287 ,
3541 5226 4003 5293 quemadmodum

2448 5331 2511 5369 ex
2546 5316 2612 5367 iis
2635 5330 2757 5382 quae
2787 5330 2951 5382 supra
2983 5314 3405 5368 memoravimus
3441 5314 3617 5367 cuivis
3659 5314 3861 5367 volenti
3926 5315 4001 5367 dio

2447 5421 2602 5461 scere
2628 5406 2773 5459 licet.

2519 5497 2652 5551 Nam
2683 5496 2775 5566 qui
2811 5496 2921 5550 fieri
2960 5495 3155 5565 possit,
3198 5504 3259 5549 ut
3291 5504 3507 5548 creatus
3561 5494 3654 5549 Dei
3699 5491 3873 5550 Filius
3921 5494 4002 5547 di~

2610 5632 2653 5661 "
2689 5630 2934 5688 iCorm,
2982 5630 3061 5682 ιε..
3152 5633 3196 5661 ⁸⁸
3244 5629 3403 5682 Prov.
3440 5646 3489 5687 x.
3531 5632 3609 5683 19.

857 5778 965 5841 (50)
983 5778 1320 5833 Platonicum
1361 5778 1551 5845 dogma
1589 5777 1655 5831 de.
1698 5776 1888 5831 infer’s
1916 5774 2038 5829 vide
2070 5774 2209 5843 apud
2253 5774 2395 5829 Macr
2434 5772 2526 5828 lib.
2558 5789 2588 5827 ι,
2628 5774 2679 5824 in
2715 5771 2894 5827 Somn.
2922 5770 3063 5838 Scip.
