4288 6372
270 399 405 463 I305

1513 391 1755 450 TIIES.\
1770 389 1903 448 [fill
1953 387 2095 447 LIB.
2146 388 2220 446 [ν

3360 344 3517 451 nos

264 519 437 568 eatur,
482 512 643 573 atque
678 502 1097 571 participatione
1131 501 1322 565 Filius,
1352 497 1812 572 quemadmodum
1854 514 1884 565 Α
1922 496 2005 548 lus
2028 537 2042 559 ,
2075 495 2169 563 qui
2215 491 2399 546 Tobiae
2448 487 2739 560 apparuit,
2791 497 2847 542 et
2878 486 2920 540 is
2946 528 2959 549 ,
3025 485 3117 553 qui
3152 484 3358 555 Virgini
3395 486 3502 539 Are

266 598 563 668 prophetae,
600 593 957 663 reliquusque
1018 604 1335 648 sanctorum
1368 590 1690 660 catalogus?
1731 589 1826 659 qui

266 687 511 744 mutabili
547 684 713 739 etiam
772 696 970 738 natura
1002 687 1266 755 praeditus
1294 726 1309 747 ,
1357 694 1411 739 et
1449 699 1475 736 a
1510 683 1603 736 Dei
1637 693 1828 736 natura

264 778 513 832 alienus?
553 777 647 845 qui
698 774 938 843 denique
975 774 1142 827 Deum
1183 774 1406 827 minime
1440 773 1625 826 videre
1682 771 1831 823 dicc-

264 881 353 922 tur
405 871 471 931 is,
501 868 569 922 de
618 884 728 938 quo
761 867 1000 919 Joannes
1034 866 1366 934 evangelista
1406 864 1551 917 clara
1584 876 1713 915 voce
1737 876 1830 913 ex-

264 958 554 1014 clamavit:
584 958 649 1011 In
673 956 935 1026 principio
970 965 1084 1009 erat
1129 954 1370 1018 Verbum,
1402 963 1449 1006 et
1473 953 1688 1006 Verbum
1710 958 1829 1003 erat

266 1053 407 1122 apud
433 1052 618 1113 Deum,
650 1060 711 1126 et.
741 1051 876 1103 Deus
907 1059 1020 1102 erat
1065 1048 1286 1101 Verbum
1308 1049 1390 1112 ";
1431 1047 1556 1099 item
1590 1061 1604 1099 :
1639 1044 1827 1112 διείρεο

267 1145 406 1197 nitus
434 1142 619 1207 Filius,
652 1145 739 1213 qui
770 1151 843 1195 est
876 1144 927 1194 in
962 1144 1080 1194 sinu
1104 1140 1302 1203 Patris,
1336 1140 1425 1193 ille
1452 1139 1784 1191 enarravit"
1808 1136 1833 1187 τ

266 1233 382 1300 Ipse
406 1248 625 1302 quoque
659 1233 910 1287 Christus
936 1234 1044 1286 ait:
1078 1233 1189 1304 Ego
1228 1235 1279 1286 iu
1327 1232 1519 1295 Patre,
1568 1240 1616 1288 et
1673 1228 1831 1281 Pater

268 1324 323 1375 iu
364 1339 443 1375 me
463 1324 528 1377 ".
562 1321 730 1377 nem:
762 1321 863 1386 Qui
892 1323 1026 1376 videt
1058 1338 1157 1385 me,
1205 1323 1341 1375 uidet
1369 1329 1416 1374 et
1448 1321 1659 1374 Patrem
1690 1319 1757 1373 ⁵⁸.

335 1413 452 1468 Jam
487 1428 613 1467 vero
670 1412 713 1467 si
744 1428 867 1467 cum
908 1414 1067 1467 Patre
1115 1413 1168 1466 in
1199 1412 1469 1481 principio
1491 1419 1629 1471 erat,
1682 1408 1831 1461 nullo

271 1504 431 1558 modo
458 1512 705 1559 creatura
738 1513 841 1558 est.
878 1502 1162 1558 Creaturaa
1187 1510 1334 1556 enim
1367 1517 1430 1555 ex
1457 1502 1629 1555 nihilo
1657 1500 1829 1559 factae,

266 1595 604 1664 temporique
637 1594 893 1663 subjectae
916 1602 1059 1647 sunt.

335 1683 504 1754 Cujus
534 1694 713 1738 autem
744 1686 989 1738 essentia
1029 1693 1199 1749 caret,
1239 1685 1284 1737 is
1315 1682 1586 1752 principio
1617 1688 1834 1733 creatus

266 1790 374 1829 non
400 1785 504 1839 est,
532 1776 628 1831 sed
657 1792 746 1832 .ne
794 1789 985 1830 natura
1020 1777 1240 1844 quidem
1292 1775 1535 1829 mutabili
1568 1773 1828 1842 przeditus

264 1874 367 1930 est,
393 1866 660 1935 siquidem
704 1868 757 1921 in
789 1868 1059 1936 principio
1100 1875 1219 1920 erat
1242 1907 1255 1929 ,
1313 1866 1669 1936 ejusdemque
1702 1879 1824 1916 cum

268 1959 425 2012 Patre
462 1959 798 2019 substantiae.
841 1960 1073 2013 diversm
1099 1973 1625 2026 vero-nequaquam.
1676 1958 1826 2019 Quo-

268 2048 428 2102 modo
452 2050 598 2103 enim
649 2050 975 2119 Unigenitus
999 2090 1013 2114 ,
1060 2048 1337 2112 quomodo
1371 2048 1535 2102 etiam
1584 2044 1826 2114 paternis

266 2154 295 2192 e
321 2139 531 2193 sinibus
568 2137 995 2209 inseparabilis?
1046 2140 1181 2193 Eum
1205 2139 1351 2193 enim
1399 2138 1555 2191 Pater
1580 2137 1719 2206 apud
1767 2150 1824 2189 se

268 2243 489 2282 manere
536 2244 816 2297 nunquam
868 2228 1239 2296 permisisset,
1287 2228 1379 2296 qui
1413 2228 1637 2281 diversae
1688 2240 1716 2277 a
1767 2240 1825 2277 se

266 2318 582 2374 substantia:
607 2319 818 2381 fuisset.
868 2320 959 2375 hic
989 2333 1169 2373 autem
1205 2319 1449 2389 ejusdem
1505 2331 1627 2372 cum
1666 2317 1825 2368 Patre

267 2408 582 2465 substantia:
626 2418 731 2471 est,
756 2409 1295 2464 naturaimmutabili
1325 2407 1604 2478 prmditus,
1634 2419 1825 2474 quem-

266 2499 559 2553 admodum
596 2508 653 2554 et
689 2500 799 2555 ille.

337 2592 440 2656 Qui
494 2593 608 2645 ﬁeri
637 2601 902 2660 praeterea
948 2601 1145 2661 potest,
1173 2601 1232 2646 ut
1261 2589 1547 2644 invisibilis
1574 2588 1643 2642 sit
1672 2586 1830 2661 Pater

269 2684 429 2746 Filio,
459 2682 614 2751 cujus
642 2685 758 2737 bree
806 2686 969 2738 verba
999 2684 1252 2751 leguntur
1293 2700 1306 2734 :
1352 2680 1514 2735 Nemo
1546 2660 1687 2731 uarii
1721 2676 1827 2729 Pa-

269 2788 398 2829 trem
431 2777 531 2830 nisi
579 2775 767 2841 Filius,
800 2784 849 2829 et
880 2777 922 2829 is
971 2777 1053 2828 cui
1078 2774 1296 2829 voluerit
1327 2773 1489 2828 Filius
1513 2770 1740 2824 revelare
1760 2769 1829 2828 ",

270 2868 361 2935 qui
388 2867 531 2921 Patri
561 2876 861 2921 coaeternus
880 2873 983 2929 est,
1012 2881 1111 2921 nec
1140 2866 1231 2918 ulli
1261 2865 1526 2933 principio
1544 2861 1832 2931 suhjacet?

267 2974 387 3027 quze
436 2973 525 3011 res
575 2958 629 3011 in
686 2972 850 3011 causa
903 2965 1005 3017 est,
1047 2956 1191 3023 quod
1247 2956 1549 3022 ignoretur,
1601 2967 1699 3006 nec
1748 2967 1834 3004 as-

271 3048 553 3115 pectabilis
573 3046 663 3101 sit.
703 3046 820 3101 Jam
857 3047 950 3112 qui
1013 3046 1125 3098 ﬁeri
1170 3053 1367 3113 potest,
1403 3053 1464 3096 ut
1520 3058 1575 3096 se
1611 3042 1832 3095 minime

268 3141 413 3193 norit
445 3140 644 3208 ipsum,
672 3137 762 3205 qui
807 3137 929 3189 aliis
954 3136 1285 3205 cognitionis
1314 3147 1504 3189 auctor
1537 3135 1663 3188 est?

340 3226 581 3293 Quanam
610 3241 739 3279 vero
779 3225 989 3278 ratione
1032 3240 1061 3277 a
1107 3224 1313 3293 Spiritu
1362 3240 1581 3295 quoque
1630 3232 1818 3276 sancto

271 3318 466 3372 Filium
502 3317 725 3369 minime
756 3315 928 3369 videri
990 3316 1115 3385 quis
1170 3316 1483 3378 contendat,
1542 3330 1664 3369 cum
1700 3314 1830 3367 sul)-

276 3409 473 3463 stantia
524 3408 617 3470 sit,
651 3422 772 3476 quae
817 3408 934 3460 solo
970 3408 1256 3460 intellectu
1302 3407 1619 3475 percipitur,
1657 3419 1831 3473 eaque

274 3496 502 3559 inﬁnita,
536 3498 580 3549 si
605 3496 750 3548 vires
771 3497 1173 3562 expendamus:
1224 3494 1545 3554 substantia,
1580 3494 1827 3562 inquam,

274 3586 613 3654 temporibus
632 3592 688 3638 et
715 3585 926 3638 saeculis
976 3587 1269 3647 immensa,
1308 3600 1415 3654 qua
1450 3586 1661 3639 abumle
1692 3585 1829 3637 bona

273 3679 378 3732 sibi
412 3678 569 3757 insita
603 3676 832 3746 largitur
857 3717 870 3741 ,
904 3677 950 3731 is
996 3676 1230 3746 denique
1254 3718 1268 3741 ,
1321 3692 1482 3746 quem
1528 3676 1708 3730 omnia
1731 3675 1833 3729 sibi

272 3779 552 3838 expetunt,
581 3784 704 3838 quae
752 3770 915 3821 vitam
946 3784 1013 3821 ex
1047 3767 1367 3837 praescripto
1406 3767 1626 3820 virtutis
1677 3766 1834 3820 insti—

274 3872 471 3925 tuunt;
526 3860 593 3913 ad
638 3875 800 3930 quem
832 3861 995 3912 etiam
1046 3870 1240 3914 cuncta
1300 3859 1656 3928 confugiunt,
1713 3873 1835 3926 qua:

274 3952 701 4006 sanctiﬁcatione
732 3951 998 4021 indigent,
1020 3951 1065 4003 is
1084 3967 1151 4005 ex
1175 3967 1284 4020 quo
1307 3961 1627 4004 cancrorum
1659 3948 1836 4001 omni-

276 4061 364 4097 um
396 4044 659 4113 perfectio
717 4043 1009 4111 dependet,
1040 4043 1087 4096 is
1127 4043 1221 4111 qui
1259 4042 1403 4096 nulla
1447 4042 1499 4093 in
1546 4055 1604 4093 rc
1630 4039 1833 4102 deﬁcit,

271 4138 363 4206 qui
397 4146 554 4189 vtam
605 4136 943 4202 suppeditat.
993 4136 1086 4203 qui
1129 4136 1406 4189 additione
1462 4151 1569 4187 non
1601 4133 1838 4201 comple-

277 4238 385 4288 tur,
411 4226 502 4280 sed
531 4241 747 4294 semper
779 4226 971 4293 plenus
1004 4241 1019 4289 ;
1059 4239 1160 4278 nec
1193 4226 1375 4277 minus
1403 4240 1563 4293 quam
1596 4224 1755 4277 Pater
1784 4231 1840 4274 et

277 4317 447 4371 Filius
472 4316 739 4385 principio
769 4331 981 4378 carens,
1032 4324 1087 4368 et
1121 4325 1427 4369 coaeternus
1467 4324 1571 4375 est,
1618 4315 1836 4367 divina-

274 4425 382 4479 que
414 4409 744 4461 (harismata
796 4406 1012 4468 dividit,
1044 4416 1100 4459 et
1152 4406 1381 4475 singulis
1433 4422 1533 4475 pro
1573 4407 1835 4476 dignitate

1929 588 2087 649 dixit,
2122 584 2503 650 Zachariteque
2535 588 2921 648 eoneeptunim
2968 576 3337 631 lilizabetltam
3371 590 3497 643 pro-

1930 676 2240 740 nuntiavit;
2280 675 2398 741 ipse
2446 673 2684 741 denique
2734 669 2984 723 Christus
3018 678 3195 745 testis,
3232 665 3325 735 qui
3363 680 3499 741 apo-

1929 769 2095 823 stolos
2121 768 2205 821 his
2235 765 2418 820 verbis
2444 762 2784 833 increpavit:
2836 759 3000 813 Sinite
3037 759 3287 829 parvulas
3321 758 3498 810 uenire

1930 861 2003 912 ad
2045 875 2143 911 me.
2197 854 2382 925 Augeli
2421 856 2557 907 enim
2601 870 2779 906 eorum
2838 867 3043 919 semper
3084 852 3255 902 uident
3309 848 3497 915 faciem

1938 950 2110 1002 Patris
2146 949 2263 1007 mei.
2301 947 2388 1016 qui
2428 955 2500 998 est
2530 947 2583 997 in
2613 942 2750 995 ταριίε
2777 944 2842 993 ⁸⁸.
2885 942 3017 995 Item
3049 957 3061 993 :
3112 937 3337 1009 Spiritus
3364 937 3503 989 veri-

1930 1041 2072 1098 tatis,
2115 1053 2267 1106 quem
2312 1034 2534 1086 mundus
2586 1048 2687 1082 non
2723 1039 2883 1095 potest
2916 1029 3169 1096 accipere,
3218 1025 3340 1093 quia
3395 1039 3500 1075 non

1929 1126 2205 1179 videteum
2249 1138 2267 1175 :
2323 1120 2572 1191 quoniam
2626 1120 2767 1186 apud
2797 1132 2881 1168 vos
2916 1122 3093 1167 manet
3116 1114 3185 1166 ”.
3234 1112 3500 1165 Prmterea

1934 1230 2029 1284 per
2060 1213 2378 1283 prophetam
2412 1231 2423 1264 :
2468 1211 2579 1279 Ego
2618 1208 2882 1262 vobiscum
2939 1221 3053 1258 sum
3075 1230 3105 1267 ,κ
3138 1203 3265 1255 dicit
3320 1200 3503 1253 Domi-

1930 1305 2110 1372 nus“.
2144 1314 2196 1357 et
2229 1303 2467 1371 Spiritus
2496 1316 2667 1353 meus.

2003 1396 2057 1449 Si
2115 1394 2240 1464 quis
2286 1393 2451 1446 etiam
2486 1382 2717 1445 animas
2745 1387 3073 1458 corporibus
3123 1382 3501 1454 praeexsistere

1940 1488 2104 1547 dicat,
2150 1500 2354 1551 easque
2408 1482 2721 1550 angelorum
2756 1490 2810 1533 et
2862 1480 3128 1531 virtutum
3189 1471 3504 1527 nominibus

1932 1578 2208 1647 dignetur,
2238 1576 2460 1642 angelos
2504 1580 2687 1625 autem
2728 1571 2781 1623 in
2831 1578 3111 1637 peccatum
3147 1566 3326 1633 lapsos
3367 1576 3494 1628 sup-

1932 1670 2080 1739 plicii
2111 1669 2229 1722 loco
2259 1669 2309 1719 in
2337 1666 2439 1719 hoc
2460 1678 2659 1733 corpus
2686 1663 2878 1714 missos
2906 1672 3047 1714 esse.
3074 1665 3134 1708 ut
3153 1655 3239 1708 bic
3262 1653 3501 1722 primum

1931 1760 2194 1830 judicium
2226 1756 2441 1819 subeat,
2472 1753 2697 1822 impium
2720 1760 2866 1803 certe
2890 1747 3091 1806 fuerit.
3114 1753 3169 1799 et
3195 1743 3353 1813 primi
3401 1742 3505 1793 ho-

1932 1852 2091 1904 minis
2117 1847 2379 1903 creationi
2426 1858 2754 1914 repugnans.
2807 1842 2975 1895 Vetus
3004 1837 3151 1891 enim
3199 1833 3505 1900 eademque

1934 1945 2116 1999 divina
2164 1942 2443 2007 Scriptura
2478 1953 2580 1992 nos
2629 1937 2813 1998 docet,
2857 1927 3316 2001 quemadmodum
3359 1922 3504 1978 Ada-

1934 2051 2103 2090 tnuse
2134 2035 2263 2086 limo
2297 2030 2564 2083 formatus
2587 2024 3014 2080 insufﬂationem
3047 2020 3303 2074 divinam
3348 2015 3400 2068 in
3428 2013 3504 2067 fa-

1931 2127 2014 2181 cie
2077 2140 2175 2180 sua
2229 2121 2492 2175 divinitus
2547 2117 2864 2186 exceperit,
2898 2128 3018 2183 quae
3062 2111 3363 2165 etiamnum
3420 2120 3505 2157 ra-

1938 2216 2107 2271 tionis
2165 2227 2220 2269 et
2278 2214 2586 2267 intellectus
2656 2208 2928 2279 particeps
2988 2203 3170 2257 anima
3226 2199 3429 2253 dicitur
3472 2204 3539 2248 ι’

1930 2308 2107 2363 nobis.

2006 2398 2270 2467 Origenes
2306 2410 2469 2464 porro
2516 2408 2637 2447 cum
2679 2391 2985 2443 animarum
3020 2377 3506 2454 pra-exsistentiam

1938 2490 2258 2550 introducit,
2309 2497 2386 2552 et,
2420 2485 2565 2555 quod
2597 2480 3048 2539 absurdissimum
3092 2486 3195 2536 est,
3226 2488 3319 2528 eas
3345 2487 3513 2539 ange-

1940 2583 2022 2636 los
2046 2596 2162 2635 esse
2201 2579 2355 2637 dicit.
2411 2577 2503 2645 qui
2556 2583 2778 2644 peccato
2812 2573 2943 2636 lapsi
2994 2572 3215 2634 fuerint,
3254 2570 3305 2623 in
3347 2570 3511 2639 hujus

1940 2673 2019 2725 rei
2052 2670 2519 2725 conﬁrmationem
2555 2667 2671 2720 haec
2717 2664 2972 2718 Davidiea
2998 2664 3279 2731 proferens
3306 2678 3320 2714 :
3355 2660 3510 2712 Prius

1936 2780 2094 2834 quam
2121 2762 2450 2823 humiliarer,
2484 2777 2574 2830 ego
2616 2758 2819 2827 peccari
2854 2758 2937 2818 ⁸⁸;
2982 2755 3134 2815 item,
3174 2754 3506 2813 Convertere,

1937 2859 2117 2911 anima
2144 2871 2284 2917 mea,
2335 2854 2389 2906 in
2430 2851 2656 2920 requiem
2692 2860 2837 2901 tuam
2877 2848 2943 2910 “,
2989 2846 3252 2915 judicium
3308 2844 3511 2898 d:l‘lll0-

1948 2966 2078 3001 num
2117 2944 2414 2999 introducit
2443 2951 2565 2995 ante
2600 2952 2832 3007 tempus.
2862 2953 3063 3006 eosque
3103 2936 3354 3004 Stlppiiuii
3390 2934 3512 2985 ioco

1949 3042 2002 3094 in
2053 3053 2282 3106 corpore
2334 3035 2673 3087 introductus
2724 3046 2842 3085 esse
2894 3030 3046 3088 dicit,
3095 3027 3238 3095 quod
3290 3024 3509 3092 quidem

1864 3148 1908 3210 ρ
1938 3131 2201 3199 judicium
2242 3128 2628 3182 determinavit
2665 3125 2827 3181 Deus.
2862 3132 2923 3174 ut
2973 3121 3173 3175 Paulus
3232 3117 3510 3186 apostolus

1940 3226 2038 3285 ait,
2092 3239 2191 3276 nec
2225 3221 2319 3273 ulli
2358 3234 2535 3273 tamen
2568 3218 2620 3270 in
2677 3216 2822 3269 hunc
2876 3229 3046 3282 usque
3094 3212 3238 3265 diem
3290 3208 3507 3266 intulit;

1935 3318 2045 3372 imo
2076 3330 2205 3367 vero
2237 3314 2289 3366 in
2333 3320 2682 3364 mortuorum
2716 3305 3202 3362 resurrectionem.
3237 3301 3508 3366 totiusque

1935 3406 2120 3461 mundi
2183 3403 2705 3459 consummationem
2764 3397 3062 3451 reservavit
3112 3410 3125 3449 :
3184 3406 3293 3460 quo
3342 3390 3506 3444 etiam

1938 3508 2188 3565 tempore
2215 3495 2488 3548 dtemones
2539 3492 2590 3543 in
2655 3490 2832 3555 ignem
2893 3487 3217 3539 exteriorem
3255 3481 3505 3538 abibunt.

1933 3593 2025 3658 qui
2061 3589 2142 3642 eis
2170 3600 2468 3654 eortimque
2524 3582 2780 3652 pra-fectu
2809 3588 3142 3647 praeparatus
3159 3584 3277 3639 \est,
3302 3587 3509 3639 eosque

1932 3681 2069 3735 adeo
2094 3678 2334 3731 damnati
2368 3677 2619 3729 homines
2664 3672 3092 3729 comitabuntur,
3144 3675 3361 3734 propter
3393 3664 3503 3725 illa,

1941 3787 2061 3841 qum
2088 3771 2139 3822 in
2169 3771 2275 3822 vita
2312 3778 2501 3821 contra
2522 3769 2610 3833 jus
2638 3776 2691 3819 et
2720 3778 2933 3832 :equum
2967 3761 3326 3814 admiserunt.

2007 3864 2269 3931 Origenes
2322 3878 2451 3929 ergo
2503 3860 2789 3913 fabulatur.
2834 3856 2960 3907 dum
3012 3854 3220 3905 animas
3282 3846 3503 3918 angelos

1938 3973 2058 4011 esse.
2097 3967 2319 4025 peccato
2359 3956 2541 4022 lapsos
2590 3953 2881 4008 existimat,
2925 3962 3157 4019 quarum
3203 3941 3506 3999 subatantia

1937 4066 2000 4103 ex
2021 4050 2100 4101 dit
2119 4050 2205 4102 ina
2237 4048 2598 4103 insnfllatione
2626 4043 2946 4112 dependeat.

1960 4150 1961 4157 ‘
2008 4142 2108 4204 Qui
2157 4139 2275 4191 fieri
2327 4138 2495 4191 etiam
2558 4143 2754 4203 potest,
2816 4142 2872 4183 nt
2919 4130 3169 4185 Christus
3204 4141 3402 4195 corpus
3438 4139 3501 4177 ex

1944 4231 2307 4301 sanguinibus
2358 4229 2617 4297 virgineis
2658 4233 3020 4289 contractum,
3053 4222 3392 4288 animamque
3419 4232 3503 4269 ra-

1941 4324 2106 4377 tionis
2148 4333 2203 4375 et
2258 4320 2562 4373 intellectus
2597 4315 2913 4385 participem
2945 4325 3220 4364 assumere
3253 4310 3505 4377 dignatus

1944 4415 2034 4472 sit,
2062 4414 2104 4466 si
2141 4412 2334 4464 animai
2368 4426 2466 4476 pro
2489 4407 2828 4460 daemonibus
2861 4412 3080 4472 peccato
3101 4401 3266 4470 lapsis
3300 4400 3505 4453 haben-

277 4510 534 4569 tauquam
566 4498 709 4552 Deus
743 4497 1045 4559 distribuit,
1073 4506 1236 4565 prout
1288 4498 1445 4553 vult:
1479 4499 1623 4567 quod
1649 4498 1842 4553 Petrus
1875 4490 1916 4544 Β
1944 4505 2025 4557 εἰπε
2047 4502 2192 4555 sint?
2215 4501 2485 4558 Christus.
2516 4501 2758 4566 inquam,
2797 4496 2888 4564 qui
2916 4496 2966 4547 in
3004 4493 3263 4545 mundum
3297 4491 3503 4544 idcirco

272 4592 436 4644 etiam
471 4591 537 4644 iis
564 4596 851 4644 attestatus
889 4598 992 4652 est,
1020 4604 1141 4657 qua:
1168 4587 1451 4656 Sapphirae
1488 4588 1663 4643 dixit:
1696 4588 1837 4654 Quid

273 4683 463 4750 utique
504 4681 762 4735 convenit
810 4680 967 4734 vobis
999 4689 1216 4733 tentare
1267 4679 1533 4748 Spiritum
1567 4681 1781 4735 Domini
1817 4680 1839 4732 ?

274 4772 389 4827 Non
420 4772 623 4825 mentiti
652 4772 771 4823 estis
817 4770 1129 4832 hominibus,
1170 4769 1262 4822 sed
1294 4770 1396 4822 Deo
1425 4770 1493 4822 ⁸⁸.

341 4860 612 4915 Caeterum
666 4859 887 4926 angelus
932 4860 1096 4912 etiam
1146 4858 1383 4911 divinam
1426 4868 1481 4913 et
1512 4858 1839 4912 ineﬁ'aliilem

273 4950 822 5023 supersubstautialis
866 4948 1170 5004 divinitatis
1202 4949 1663 5018 pulchritudinem
1693 4951 1843 5004 velut

275 5048 326 5100 in
347 5045 571 5115 speculo
595 5042 976 5111 contemplari.
1010 5042 1162 5111 juxta
1198 5042 1617 5111 proportionem
1642 5057 1844 5111 prmi-o-

274 5141 486 5208 gativaz,
531 5136 843 5204 quaeinter
898 5134 1019 5187 illos
1083 5144 1201 5195 est.
1265 5144 1323 5188 et
1394 5133 1843 5188 sanctiﬁcationis

280 5228 523 5287 modum,
559 5241 723 5295 quam
758 5240 787 5277 a
815 5225 1021 5294 Spiritu
1053 5233 1243 5280 sancto
1278 5226 1503 5285 habent.
1530 5240 1632 5278 nec
1662 5225 1842 5277 homi-

278 5336 410 5375 num
434 5319 627 5374 ocuios
654 5332 880 5386 prorsus
923 5316 1163 5386 eﬁ'ugere
1185 5358 1198 5380 ,
1233 5317 1385 5371 testis
1415 5327 1497 5370 est
1545 5316 1631 5369 illa
1671 5315 1844 5369 Abra-

275 5414 402 5467 ham
434 5410 796 5479 hospitalitas,
828 5409 984 5463 testis
1027 5410 1141 5463 hare
1175 5409 1398 5463 Monowi
1426 5408 1603 5462 oratio
1623 5448 1637 5471 ,
1676 5406 1840 5460 Morte

275 5506 583 5569 moriemur,
627 5504 751 5572 quia
785 5503 1005 5557 vidimus
1050 5502 1330 5555 Dominum
1354 5490 1396 5534 ’ί
1428 5518 1443 5567 ;
1479 5501 1635 5555 testis
1667 5515 1836 5569 ange-

800 5643 845 5673 "
888 5642 1022 5696 “till.
1059 5642 1143 5705 18,
1220 5644 1262 5673 ⁵⁷
1298 5642 1454 5697 Juan.
1490 5656 1599 5693 XIV.
1638 5639 1720 5689 ιθ.

346 5639 571 5694 "Joan.
598 5658 634 5693 ι.
675 5642 727 5693 1.

1801 5638 1843 5667 ’τ
1878 5635 2015 5688 ibid.
2052 5634 2105 5682 9.

1938 4594 2104 4655 venit,
2143 4601 2201 4645 ut
2230 4592 2534 4644 drenionum
2567 4588 2854 4656 imperium
2902 4586 3230 4641 destrueret.
3262 4596 3510 4635 comnm—

1943 4699 2181 4750 nemque
2211 4681 2427 4750 generis
2462 4680 2681 4731 humani
2738 4678 2964 4731 salutem
3021 4680 3357 4742 procuraret.
3414 4670 3509 4723 llla

1946 4789 2110 4842 porro
2145 4772 2446 4824 animarum
2482 4766 2932 4836 pI-a-exsistentia,
2971 4778 3132 4832 quam
3181 4760 3529 4823 introducit,.

1944 4864 2255 4918 Gra‘corum
2291 4860 2654 4914 labulamenta
2686 4858 2913 4910 redolet.

2008 4952 2179 5007 Graeci
2232 4951 2402 5016 enim,
2438 4951 2644 5002 animas
2688 4948 3065 5016 praeexsisterc
3106 4945 3230 5001 rati.
3261 4958 3354 4997 eas
3385 4956 3499 5010 pec,

1940 5051 2061 5095 cato
2088 5040 2354 5093 obnoxias
2385 5052 2504 5091 esse
2536 5037 2814 5099 dicebant,
2847 5052 2966 5105 qum
3020 5051 3142 5088 cum
3194 5034 3301 5087 alio
3346 5032 3506 5085 modo

1944 5131 2175 5185 detersis
2202 5129 2427 5183 maculis
2460 5137 2514 5180 et
2563 5127 2834 5187 sordibus,
2862 5127 3060 5193 quibus
3107 5122 3508 5177 inﬁcit-bantur.

1943 5221 2259 5291 cxpurgari,
2295 5220 2359 5273 ad
2397 5219 2794 5287 pristinamqnc
2828 5217 3121 5287 puritatem
3183 5216 3363 5268 redire
3399 5229 3507 5266 non

1949 5322 2190 5383 possent,
2220 5308 2422 5365 ideirco
2442 5310 2769 5378 corporibus
2803 5308 3247 5367 infunderentur,
3278 5319 3505 5372 quaeque

1947 5407 2082 5458 aaleo
2114 5401 2431 5468 exiviatoriis
2466 5400 2766 5454 virtutibus
2801 5416 2906 5455 non
2943 5399 3319 5457 abuterentur,
3358 5409 3437 5446 eae
3478 5410 3508 5445 a

1944 5494 2265 5564 corporibus
2317 5493 2565 5547 resoluta:
2611 5492 2895 5560 pristinam
2953 5488 3278 5558 puritatem,
3326 5482 3475 5538 since

2182 5631 2225 5660 "-‘
2257 5629 2421 5681 Matth
2484 5644 2554 5680 xr.
2611 5629 2698 5680 ‘27.
2736 5628 2778 5657 (θ
2815 5630 2911 5678 Aet
2962 5643 3015 5681 v.
3050 5625 3102 5677 4.
3219 5622 3260 5651 ⁶¹
3320 5620 3505 5674 Jttdtc.

280 5727 393 5766 im.
428 5711 513 5761 es.
593 5713 636 5742 ο·
664 5688 850 5765 inuti.
882 5688 1319 5777 ἐῖἕξίὶξᾈνιιιξ
1338 5688 1454 5764 id?
1494 5688 1556 5741 ’ὶι
1586 5688 1740 5764 inin.
1782 5724 1891 5765 xw,
1922 5706 1973 5755 ιτ

1807 5706 2001 5765 iv.l1.
2080 5700 2123 5731 ⁸⁵
2162 5700 2272 5753 Jer.
2308 5715 2432 5759 xui,
2470 5698 2550 5751 id.
2642 5698 2683 5726 °‘
2720 5698 2859 5750 Psal.
2901 5712 3048 5755 cvm,
3082 5693 3166 5746 40.
3248 5692 3294 5727 ⁸⁸
3355 5688 3500 5777 l‘sal.

278 5795 417 5837 CXIV.
469 5794 509 5833 Ι.
