4288 6372
782 345 907 406 1307

2013 354 2307 413 ΝΙΕΕΤ.Ε
2349 357 2540 417 (111οΝ
2554 360 2571 416 l
2584 361 2748 420 ATJ'I

3873 371 4015 437 1303

777 474 1006 527 rumque
1038 460 1266 515 nitorem
1309 463 1490 516 denuo
1516 466 1842 534 reciperent,
1879 469 2198 539 ueterisque
2226 487 2342 524 ant-
2373 475 2413 528 Α
2516 474 2584 528 At
2624 492 2758 531 vero
2784 475 3038 533 curiosus
3064 478 3153 535 hic
3194 478 3381 544 homo,
3443 480 3869 552 subtilitatisque
3890 495 4013 540 stu-

774 550 880 603 mis
911 551 1092 604 statim
1118 568 1145 605 a
1170 553 1345 608 reditu
1397 557 1907 623 conuniscerentur,
1941 574 2060 628 quae
2094 563 2339 630 corpori-

779 642 882 694 bus
905 643 1054 696 nullo
1094 657 1151 696 sc
1177 646 1338 697 modo
1388 649 1818 716 conjunxissent,
1850 667 1970 718 qua:
2028 669 2155 707 vero
2207 655 2339 709 alie-

777 734 1315 802 ctuumcorruptioni
1341 738 1707 806 obsequentes
1730 743 2001 809 pr0priam
2022 745 2338 814 dignitatem

780 822 983 874 irritam
1027 832 1081 877 et
1133 826 1379 879 inutilem
1413 829 1725 894 redderent,
1776 834 2090 903 similesque
2122 840 2342 905 speculo

779 928 835 963 se
872 924 1213 978 praestarent.
1240 934 1267 970 a
1296 934 1406 986 quo
1440 921 1590 973 levor
1628 922 1716 975 ille
1766 939 1934 991 purus
1953 938 2007 979 et
2041 928 2342 995 pellucidus

775 1003 822 1052 af
845 1004 940 1068 sit,
968 1019 1046 1058 ea:
1078 1007 1166 1058 ubi
1215 1008 1448 1074 primunt
1481 1027 1508 1064 a
1552 1029 1782 1079 corpore
1812 1018 2049 1082 exirent,
2098 1018 2148 1071 iu
2179 1021 2344 1075 chaos

774 1102 829 1143 et
856 1093 1093 1147 Erebum
1137 1101 1445 1167 prn‘cipitvs
1471 1104 1750 1156 darentur.

848 1183 1050 1235 llnrum
1096 1203 1259 1253 porro
1322 1193 1637 1253 verborum,
1697 1193 1849 1249 Prius
1895 1216 2054 1260 quam
2094 1203 2346 1256 humilia-—

780 1289 887 1332 rer,
931 1290 1022 1341 ego
1055 1281 1259 1343 peccavi
1288 1295 1302 1327 .·
1337 1282 1485 1342 item,
1520 1283 1850 1347 Convertere,
1887 1293 2066 1343 anima
2119 1310 2252 1358 mea,
2289 1298 2341 1348 in

776 1365 1003 1430 requiem
1040 1376 1209 1423 tuam,
1262 1368 1348 1421 hic
1396 1379 1479 1422 est
1526 1387 1737 1431 sensus.
1779 1387 1834 1429 ut
1888 1377 1973 1431 his
2004 1380 2182 1434 νισι-ωδ
2236 1385 2344 1437 sei-

777 1467 933 1519 psum
966 1463 1116 1508 Vates
1149 1461 1619 1526 conuiciis-faciat,
1664 1479 1833 1534 eaque
1874 1468 1927 1520 in
1976 1482 2210 1526 mentem
2258 1490 2344 1529 re.-

789 1554 961 1604 rocet,
997 1561 1117 1610 quae
1148 1547 1199 1600 in
1244 1548 1424 1604 Uriam
1482 1554 1745 1607 scelerate
1772 1558 2064 1613 admodum
2120 1568 2350 1618 commi-

775 1643 922 1687 serat
949 1653 962 1688 :
996 1638 1427 1695 humiliationetu
1446 1646 1915 1715 seuabjectiouem
1946 1669 2043 1720 pro
2081 1659 2220 1724 turpi
2253 1659 2349 1711 de-

778 1724 998 1789 decore,
1052 1732 1194 1796 quod
1232 1735 1281 1785 in
1318 1750 1443 1787 eum
1509 1738 1631 1790 inde
1694 1741 2112 1807 redundaverat,
2151 1749 2348 1817 illeque

2443 564 2632 619 diosus
2684 568 2807 635 plus
2862 584 3025 638 quam
3078 571 3211 625 satis
3265 579 3368 634 est,
3429 573 3543 628 haec
3585 584 3717 630 tunc
3755 578 4011 635 elocutus

2444 657 2576 710 mihi
2611 658 2847 719 videtur.
2883 676 3006 714 cum
3040 677 3105 715 ex
3132 663 3426 718 Platonicis
3474 665 3708 734 placitis,
3744 668 4010 722 aliorum—

2445 764 2548 816 quc
2594 750 3066 820 philosophorum,
3134 770 3366 823 quorum
3442 756 3679 811 lectione
3759 760 4006 814 animum

2444 856 2604 893 suum
2636 845 2839 897 teneris
2871 845 2938 907 ab
2961 846 3119 899 annis
3140 848 3477 911 excoluerat,
3508 849 3776 905 contraria
3806 861 4013 907 nostra:

2448 932 2572 985 iidei
2627 933 2876 1002 dogmata
2902 936 3194 999 hausisset,
3227 946 3281 991 et
3309 938 3376 991 ad
3415 939 3721 993 satietatem
3754 940 4009 995 bibisset.

2444 1025 2714 1079 ldolorum
2743 1028 2888 1081 enim
2921 1043 3117 1095 genera
3164 1028 3274 1082 duo
3326 1030 3418 1083 uni
3468 1031 3756 1099 eidemque
3814 1035 4015 1088 animae

2447 1116 2674 1169 rationis
2702 1119 2949 1186 participi
2982 1119 3151 1173 (ἴε-ιρςί
3188 1129 3458 1184 attexunt,
3488 1138 3723 1191 quorum
3777 1126 4013 1177 alterum

2448 1206 2522 1259 illi
2549 1206 2614 1257 ab
2644 1217 2849 1260 aeterno
2878 1210 3131 1271 cohaeret,
3161 1211 3227 1263 ab
3273 1211 3488 1281 illisque
3539 1212 3784 1270 ditinum
3808 1230 4013 1283 COrpllS

2447 1304 2503 1348 et
2576 1297 2909 1350 luminosnm
2988 1300 3210 1364 dicitur,
3270 1302 3499 1357 alterum
3560 1320 3689 1358 vero
3750 1310 4014 1369 crassius,

2449 1388 2681 1455 quodex
2720 1398 2988 1443 astrorum
3029 1391 3407 1460 dispositione,
3462 1405 3521 1448 ut
3577 1395 3749 1452 aiunt.
3787 1398 4013 1451 insitum

2451 1477 2628 1531 cidem
2656 1489 2757 1532 est.
2789 1480 2967 1548 Atque
2997 1480 3123 1535 huic
3146 1485 3386 1538 secundo
3434 1486 3580 1539 idolo
3609 1503 3805 1542 nomen
3839 1490 4019 1557 impo-

2450 1576 2608 1625 nunt,
2641 1569 2943 1638 animmque
2996 1572 3200 1626 idolum
3239 1577 3466 1629 ratiOuis
3489 1592 3688 1645 expers
3718 1582 4015 1647 appellant,

2451 1657 2711 1720 opinandi
2741 1658 2791 1710 vi
2827 1659 3135 1724 praeditum,
3170 1661 3600 1732 imaginativum,
3656 1669 3975 1722 scnsitivum
3998 1711 4014 1729 .

2453 1749 2821 1813 generationis
2854 1761 3134 1819 appetens.
3170 1769 3379 1808 necnon
3428 1771 3616 1810 eorum
3669 1775 3790 1827 quze
3851 1777 4023 1826 gene-

2261 1807 2271 1817 .
2454 1807 2479 1813 -.
2891 1807 2938 1819 ..
3128 1807 3133 1809 .
3372 1807 3375 1808 ν
3437 1807 3485 1809 ν-
3535 1807 3612 1810 -ηκ
3673 1807 3785 1827 Ἰ--ν
3852 1807 3985 1826 ,ην-ν

788 1819 1073 1874 seditionis
1108 1825 1362 1889 tumultu,
1404 1844 1512 1896 quo
1540 1831 1727 1885 eadem
1766 1834 1832 1887 de
1863 1851 2022 1891 causa
2072 1840 2140 1891 ab
2183 1843 2350 1895 Achi.
2385 1807 2424 1861 Β
2454 1838 2650 1891 rationi
2677 1839 3065 1908 subjiciuntur.
3106 1844 3220 1897 Non
3256 1846 3402 1898 enim
3436 1848 3526 1899 uni
3578 1849 3864 1918 eidemque
3899 1853 4023 1905 ani-

790 1909 1007 1976 tephele
1058 1922 1112 1965 et
1162 1913 1431 1972 Absalone
1488 1920 1662 1976 fuerat
1721 1926 2018 1995 impetitus,
2060 1932 2349 1989 subsecuta

785 2002 1020 2071 denique
1050 2006 1119 2059 ab
1148 2007 1377 2076 imperio
1422 2013 1825 2079 detnrbatione,
1863 2037 2070 2076 necnon
2124 2027 2353 2095 ignomi-

702 2114 705 2117 -
784 2092 938 2146 niosa
978 2098 1141 2165 regiis
1168 2115 1231 2152 ex
1270 2102 1479 2157 aedibus
1529 2105 1675 2174 fuga,
1717 2092 2165 2181 SOlilUdlttiSqtte'
2194 2116 2352 2171 habi-

739 2194 745 2201 '
788 2185 990 2238 talione
1014 2202 1302 2256 usurpans,
1339 2196 1794 2259 quemadmodum
1829 2202 1933 2253 alio
1961 2206 2123 2258 etiam
2153 2208 2204 2260 in
2233 2210 2352 2262 loco

786 2275 1020 2339 psallens
1044 2278 1154 2329 Deo
1184 2282 1467 2348 profitetur
1502 2285 1682 2351 :Diri,
1730 2289 2025 2358 Conﬁtebor
2077 2298 2353 2353 adversum

789 2381 868 2416 me
918 2366 1235 2435 injustitiam
1294 2390 1461 2426 meam
1516 2377 1735 2433 Domino
1790 2383 1878 2449 "’;
1938 2386 2088 2451 item,
2150 2388 2354 2446 Bonum

788 2464 862 2507 es!
894 2462 1037 2520 milii,
1066 2467 1203 2529 quod
1236 2468 1590 2524 lmmilinveris
1624 2490 1724 2537 me,
1760 2484 1807 2527 et
1855 2494 1944 2546 per
1973 2482 2139 2534 exitus
2191 2500 2358 2552 aqua-

792 2566 909 2601 rum
936 2554 1157 2606 demersi
1178 2568 1299 2609 sunt
1330 2561 1465 2613 oculi
1489 2566 1588 2616 mei
1616 2581 1632 2616 .'
1664 2567 1790 2633 quia
1820 2585 1920 2620 non
1961 2574 2163 2625 servavi
2194 2577 2355 2644 legem

791 2646 938 2695 tuam
969 2644 1031 2696 “.
1058 2645 1264 2711 Quibus
1307 2653 1559 2707 omnibus
1608 2659 1970 2729 promulgatio
2020 2666 2266 2732 quaedam
2300 2677 2356 2722 et

796 2735 1096 2788 recantatio
1144 2739 1456 2793 continetur
1487 2744 1604 2811 ejus
1629 2762 1789 2813 quem
1834 2759 2210 2806 anteactorum
2247 2773 2356 2811 nta-

794 2821 970 2876 lorum
1019 2828 1265 2891 tuanitet.
1330 2834 1532 2900 quique
1574 2853 1694 2890 cum
1751 2845 1967 2909 propria
2029 2847 2359 2910 colloquitur

797 2914 973 2966 anima
1007 2927 1059 2970 et
1086 2934 1204 2971 eam
1239 2922 1304 2975 ad
1360 2925 1562 2989 gratias
1613 2930 1848 2997 agendas
1885 2934 2225 3001 exhortatur,
2262 2953 2359 3005 pro

798 3003 1099 3074 beneficiis,
1126 3026 1246 3079 quae
1281 3022 1391 3067 tum
1430 3018 1693 3087 percepit,
1741 3036 1863 3074 cum
1919 3026 2141 3079 meritas
2172 3003 2359 3091 poenas

2453 1928 2524 1981 mi
2556 1939 2779 1993 natura},
2817 1934 2978 1986 unius
3009 1937 3543 2004 contemplationem,
3580 1939 3783 2007 primas
3839 1945 4023 1993 notio-

2454 2032 2571 2081 nes,
2649 2021 2947 2089 exquisitas
3032 2025 3309 2086 scientias,
3374 2042 3637 2080 crroncas
3705 2029 4021 2095 opiniones,

2454 2124 2644 2162 eorum
2670 2128 2789 2176 qua:
2829 2115 3083 2168 sensibus
3140 2115 3480 2182 objiciuntur
3528 2119 4020 2184 apprehensiones,

2455 2201 2969 2271 imaginativamque
3004 2206 3313 2260 facultatem
3374 2208 3644 2270 tribuunt,
3675 2209 3767 2262 St'd
3807 2209 3855 2262 ei
3898 2212 4024 2277 qui-

2455 2291 2576 2345 dem
2629 2295 2788 2360 parti,
2840 2310 2960 2363 quze
3022 2297 3246 2349 rationis
3294 2307 3378 2349 est
3408 2296 3699 2365 particeps,
3758 2311 4024 2366 prmstan-

2458 2384 2617 2444 tiora,
2646 2387 2697 2438 ei
2728 2402 2876 2443 vero.
2909 2403 3029 2455 qua:
3064 2389 3270 2442 ratione
3295 2400 3464 2449 caret.
3497 2406 3561 2444 ea
3594 2406 3713 2458 qua:
3745 2390 4021 2445 deteriora

2456 2484 2585 2527 sunt
2642 2476 2940 2542 assignant.
2989 2493 3098 2530 non
3152 2494 3217 2531 eo
3261 2478 3485 2547 quidem
3541 2482 3745 2541 animo.
3782 2492 3838 2535 ut
3893 2483 4025 2535 inde

2458 2567 2700 2621 maculas
2725 2569 2875 2621 ullas.
2914 2578 3009 2622 aut
3043 2571 3277 2624 dedecus
3303 2571 3471 2623 ullum
3526 2572 3782 2624 diviniori
3811 2584 4026 2627 natura:

2460 2657 2721 2726 irrogent,
2748 2658 2841 2711 sed
2871 2667 2928 2710 ut
2954 2674 3077 2711 cum
3117 2660 3206 2713 illa
3234 2661 3557 2714 necessariis
3589 2663 3872 2729 perfuncta
3904 2664 4028 2717 iuc-

2458 2748 2529 2799 rit
2567 2748 2907 2813 muneribus,
2933 2749 3047 2803 base
3069 2748 3135 2802 ad
3193 2766 3255 2803 ea
3291 2767 3349 2805 se
3395 2752 3656 2806 duntaxat
3712 2764 4024 2819 convertat,

2458 2852 2579 2907 qua:
2600 2840 2865 2892 diviniora
2891 2841 3279 2896 censebuntur.

2530 2925 2644 2983 lloc
2668 2928 2827 2999 igitur
2854 2930 3078 2989 idolum.
3102 2930 3245 2999 thod
3273 2940 3329 2985 et
3368 2932 3605 2987 crassius
3640 2932 3896 2999 diximus,
3930 2935 4026 2990 hic

2461 3021 2682 3089 quidem
2704 3022 2773 3074 ab
2808 3023 2984 3075 anima
3032 3022 3255 3074 rationis
3283 3023 3545 3091 participe
3580 3025 3822 3090 separari
3857 3027 4027 3080 mini-

798 3110 987 3150 eorum
1015 3102 1233 3155 nomine
1266 3121 1371 3157 non
1402 3106 1572 3165 dedit.
1608 3125 1727 3178 qua:
1764 3113 1814 3165 in
1865 3114 2031 3168 Deum
2078 3130 2359 3174 contume-
2386 3138 2429 3193 ο
2465 3130 2491 3164 ιι

2339 3138 2429 3193 -C
2465 3128 2548 3165 me
2590 3128 2745 3180 posse
2801 3113 2972 3174 aiunt,
3033 3122 3088 3166 at
3140 3111 3359 3166 homine
3409 3114 3587 3167 soluto
3633 3131 4026 3183 nonnunquam

800 3186 990 3240 liusius
1026 3190 1337 3247 admiserat.
1370 3194 1472 3247 Per
1510 3198 1751 3266 requieut
1795 3212 1999 3267 autem,
2051 3206 2194 3259 illam
2225 3225 2359 3274 quo-

803 3295 909 3346 que
942 3282 1135 3336 anima:
1156 3284 1288 3351 justi
1343 3291 1832 3355 peregrinationem
1880 3295 2181 3363 intelligere
2236 3318 2363 3367 pos-

806 3385 1016 3432 sumus,
1042 3389 1146 3440 qua
1173 3376 1390 3442 quidem
1424 3379 1670 3433 tristibus
1698 3382 1860 3450 hujus
1888 3387 2073 3439 mundi
2109 3390 2363 3454 periculis

806 3458 980 3511 libera
1016 3462 1361 3523 sulzduritur,
1404 3476 1457 3519 et
1493 3470 1740 3536 corporis
1772 3486 1800 3524 a
1842 3487 1900 3524 se
1933 3473 2363 3538 tabernaculum,

808 3562 1062 3620 tanquam
1094 3572 1232 3608 onus
1265 3575 1424 3626 grave.
1454 3563 1679 3624 excutit,
1729 3572 1785 3615 ut
1812 3565 2010 3621 Paulus
2036 3570 2198 3622 etiam
2246 3574 2321 3623 ait
2348 3590 2361 3625 :

811 3640 873 3692 In
947 3646 1040 3696 hoc
1099 3649 1439 3702 tabernaculo
1510 3654 1891 3721 ingemiscimus
1981 3663 2192 3726 gravati
2267 3664 2361 3718 "z

810 3732 961 3793 itrm.
996 3737 1158 3805 Cupio
1185 3740 1413 3802 dissolvi,
1450 3753 1497 3795 et
1538 3760 1645 3797 esse
1672 3762 1786 3797 cum
1830 3747 2033 3801 Christo
2064 3752 2130 3805 '°.

882 3827 1223 3896 BlaSphemia
1274 3848 1379 3885 non
1412 3838 1622 3889 tninore
1672 3842 1952 3907 sequentia
1999 3858 2217 3911 quoque.
2246 3860 2368 3898 sca-

816 3928 951 3981 tent,
985 3921 1186 3987 quibus
1232 3923 1437 3977 scilicet
1482 3926 1747 3980 Adamum
1809 3941 2097 4000 antequam
2154 3934 2370 3990 Domini

819 4012 1130 4065 mandatum
1179 4017 1670 4086 trausgrederctur,
1702 4020 1987 4091 imaginem
2023 4024 2115 4077 Dei
2148 4042 2372 4082 conser-

821 4118 971 4155 vas~c
998 4107 1300 4170 contendit,
1323 4109 1475 4177 cujus
1516 4110 1771 4165 nimirum
1827 4115 2007 4167 anima
2065 4117 2229 4181 nuda,
2273 4135 2374 4174 nec

822 4197 946 4248 ullis
970 4198 1285 4251 velamentis
1317 4200 1553 4253 obducta
1589 4212 1754 4265 esset,
1783 4211 1836 4263 at
1878 4203 1933 4256 in
1985 4207 2097 4260 sola
2142 4208 2376 4265 hominis

822 4290 995 4341 turma
1021 4290 1447 4357 conspiceretur.
1489 4291 1850 4362 Transgresso
1885 4305 2065 4351 autem
2121 4301 2376 4354 mandato

818 4378 1067 4431 eamdem
1092 4380 1235 4434 illam
1259 4380 1547 4449 imaginem
1579 4386 1824 4440 amisisse
1848 4387 1945 4452 ait,
1972 4402 2096 4441 cum
2119 4390 2376 4443 nimirum

2464 3203 2889 3271 pra-stantioretn
2933 3204 3097 3260 illam.
3138 3203 3471 3271 rationisque
3533 3203 3851 3272 participem
3907 3206 4031 3258 ani-

2465 3310 2629 3351 mam.
2658 3310 2778 3345 cum
2807 3294 3072 3345 luminosa
3106 3295 3293 3363 ﬁgura,
3345 3309 3575 3361 cumque
3608 3305 3757 3362 parte
3803 3295 4034 3349 rationis

2463 3399 2705 3453 experzc.
2758 3386 2822 3437 ad
2872 3384 3143 3453 propriam
3186 3383 3625 3450 peculiaremque
3657 3395 3859 3437 sortem
3894 3388 4030 3438 sub-

2464 3479 2699 3538 vehunt;
2723 3492 3108 3543 nonnunquam
3129 3490 3255 3529 vero
3271 3475 3515 3543 sejunc’ta
3536 3473 3648 3533 illa,
3668 3490 3784 3542 qua:
3802 3476 4033 3529 rationis

2467 3586 2657 3636 expers
2689 3578 2767 3619 est
2793 3566 3272 3635 (quemadmodum
3320 3567 3385 3620 de
3441 3564 3673 3619 Hercule
3701 3566 3891 3620 scribit
3918 3565 4033 3620 Ho-

2469 3670 2671 3725 merus)
2704 3660 2755 3712 in
2787 3658 2927 3712 Orco
2961 3657 3043 3710 vel
3078 3658 3218 3710 inter
3243 3657 3423 3711 sidera
3457 3658 3749 3711 collocant.

2541 3750 2723 3819 Itaque
2753 3750 3033 3817 Origenes,
3083 3757 3141 3800 ιιι
3176 3762 3293 3800 mea
3337 3748 3555 3815 quidem
3587 3746 3692 3801 fert
3741 3749 4039 3810 sententia,

2472 3859 2595 3897 cum
2656 3842 2890 3895 animum
2934 3838 3080 3894 idolo
3140 3838 3513 3909 hujuscemodi
3547 3840 3840 3902 vestiisset,
3887 3841 4039 3909 quod

2473 3930 2720 4000 proprias
2770 3929 3034 3991 actiones,
3075 3929 3288 3997 sibique
3332 3928 3602 3982 involutas
3632 3930 4037 3991 circumferret.

2474 4025 2591 4078 fore
2622 4024 2872 4091 subjecit,
2894 4031 2952 4076 ut
2971 4038 3076 4076 una
3096 4038 3220 4076 cum
3241 4021 3342 4076 hoc
3362 4022 3453 4075 illa
3476 4032 3805 4092 resurgeret,
3825 4024 4042 4077 futuru-

2475 4130 2580 4184 quc
2604 4114 2812 4182 judicio
2850 4113 3232 4181 subjiceretur,
3266 4129 3372 4182 qua
3404 4114 3455 4167 in
3507 4128 3566 4167 re
3594 4122 3784 4183 gentes
3814 4129 4042 4181 prorsus

2478 4208 2745 4271 imitatur,
2773 4206 3018 4261 mortalis
3066 4215 3247 4259 autem
3298 4206 3575 4274 tactuiquc
3620 4207 3863 4274 exposita
3911 4222 4043 4261 caro

2477 4298 2765 4359 deﬂueret,
2801 4307 2962 4366 atque
2993 4306 3367 4350 evanesceret.

2549 4388 2628 4443 Ad
2660 4391 2816 4457 cujus
2858 4386 3079 4441 absurdi
3116 4385 3397 4459 dogmatis
3426 4386 3897 4440 conﬁrmationem
3957 4387 4044 4441 his

822 4475 1000 4525 anima
1027 4488 1227 4540 corpus
1250 4475 1352 4529 hoc
1376 4477 1665 4540 induisset,
1722 4480 1866 4548 quod
1902 4495 1996 4548 per
2017 4484 2229 4536 tunicas
2261 4484 2375 4552 pel—
2400 4471 2453 4530 D
2477 4480 2718 4548 Apostoli
2747 4480 2928 4532 verbis
2956 4477 3305 4539 abutebatur,
3346 4475 3653 4530 Seminatnr
3680 4477 3828 4530 enim
3855 4493 4043 4544 corpus

821 4562 988 4616 lccas
1013 4562 1283 4632 intelligit.
1322 4566 1496 4621 Moses
1545 4570 1690 4622 enim
1746 4569 1799 4623 in
1847 4568 2121 4625 Geneseos
2157 4573 2382 4628 historia

828 4658 993 4710 Deum
1013 4670 1228 4726 sumpto
1254 4658 1384 4714 limo
1416 4660 1689 4715 hominem
1723 4661 2006 4727 formasse,
2039 4664 2235 4719 deinde
2258 4668 2381 4720 auio

826 4763 967 4801 mam
1002 4748 1180 4803 eidem
1224 4750 1515 4819 inspirasse
1544 4752 1755 4813 scribit,
1796 4754 1888 4822 qui
1919 4769 2041 4807 cum
2072 4756 2383 4810 mandatum

826 4848 1197 4908 transgressus
1221 4851 1385 4905 esset,
1418 4844 1532 4896 haec
1567 4858 1597 4896 a
1629 4842 1738 4896 Deo
1760 4844 2033 4897 audiverit
2068 4862 2080 4897 :
2109 4843 2288 4899 Ριιίυὶε
2312 4863 2386 4910 es,

824 4942 873 4984 ct
930 4934 985 4984 in
1038 4934 1301 4987 oulverem
1351 4937 1622 4989 reverteris
1661 4937 1729 5000 τί,
1794 4951 1897 4991 nec
1952 4936 2026 4990 ita
2062 4938 2230 4991 multo
2265 4948 2401 5013 post

824 5025 1078 5078 exsulare
1105 5026 1293 5091 jussus
1328 5026 1420 5091 sit,
1455 5027 1673 5080 tandem
1705 5044 1835 5082 vero
1865 5028 2193 5082 exturbatus
2226 5044 2391 5095 para-

828 5118 949 5169 diso
984 5116 1201 5170 tunicas
1232 5118 1485 5187 pelliceas
1521 5118 1782 5173 induerit.

905 5214 1021 5261 tam
1078 5208 1172 5274 qui
1234 5210 1351 5263 ﬁeri
1404 5219 1604 5279 potest,
1658 5223 1717 5264 ut
1770 5209 1815 5264 is
1884 5212 1973 5265 cui
2029 5212 2232 5266 dictum
2284 5227 2391 5274 ρει.

836 5302 996 5355 Terra
1029 5318 1100 5366 es,
1132 5311 1178 5354 et
1204 5302 1257 5355 in
1289 5310 1487 5354 terram
1537 5302 1721 5361 abibis,
1761 5304 1880 5357 sine
1924 5319 2153 5372 corpore
2206 5304 2392 5367 fuerit,

834 5393 930 5445 sed
961 5392 1163 5444 idolum
1196 5392 1461 5446 duntaxat
1490 5408 1751 5463 corporea
1800 5393 1973 5448 forma
2029 5396 2390 5463 conspicuum

838 5486 1035 5539 anima:
1062 5486 1470 5553 circnmjcctum
1497 5486 1789 5540 habuerit?

908 5664 930 5697 ⁸
988 5666 1127 5721 ΡέτιΙ.
1162 5684 1307 5730 xx‘t,
1341 5669 1391 5723 5.

1472 5668 1513 5701 "'
1544 5669 1682 5724 Psal.
1713 5685 1895 5730 cum,
1925 5668 2010 5719 7|.

844 5752 929 5791 xv.
985 5736 1069 5789 Η.

2117 5668 2157 5697 ⁸⁸
2186 5667 2224 5720 ll
2252 5666 2378 5721 Cor.
2432 5683 2483 5728 v,
2532 5664 2571 5716 ι.

2475 4571 2725 4633 animale,
2757 4571 3017 4624 excitatur
3043 4578 3222 4623 autem
3267 4584 3453 4635 corpus
3480 4566 3757 4637 spirituale
3778 4568 3825 4598 "
3855 4585 3869 4621 :
3897 4568 4041 4635 quod

2476 4663 2698 4733 quidem
2731 4661 2972 4731 Apostoli
3003 4660 3230 4714 verbum
3265 4672 3555 4726 corporum
3583 4657 4039 4711 resurrectionem

2477 4755 2894 4822 haudquaquam
2972 4751 3257 4806 subvertit.
3329 4750 3443 4803 Nec
3516 4750 3663 4803 enim
3745 4749 4042 4803 verisimile

2479 4854 2585 4905 est,
2618 4843 2744 4898 utis
2784 4844 2839 4896 in
2873 4857 2936 4896 ea
2964 4842 3035 4896 sit
3063 4840 3353 4900 sententia,
3400 4839 3492 4908 qui
3533 4839 3746 4893 Domini
3801 4854 4044 4893 resurre-

2482 4936 2716 4989 ctionem
2750 4949 2871 4988 cum
2896 4946 3124 5001 corpore
3145 4940 3340 5001 gentes
3373 4928 3515 4998 apud
3567 4944 3756 4983 omnes
3800 4931 4044 4999 promul-

2484 5032 2594 5091 gat.
2632 5022 2990 5090 ejusdemque
3020 5035 3123 5074 nos
3160 5018 3351 5073 formae
3373 5017 3665 5089 participes
3698 5017 3815 5071 fore
3855 5019 4047 5087 praedi-

2484 5118 2581 5175 cit.
2615 5131 2720 5183 qua
2753 5115 2841 5169 ille
2889 5113 3011 5173 fuit,
3047 5128 3169 5166 cum
3198 5128 3228 5165 a
3286 5111 3515 5165 mortuis
3575 5118 3906 5179 resurgeret.
3943 5109 4043 5164 Sed

2485 5221 2685 5273 corpus
2716 5206 2969 5266 animale,
3007 5204 3204 5271 inquit,
3249 5200 3379 5256 illud
3430 5211 3535 5262 est,
3569 5201 3715 5268 quod
3762 5200 4046 5253 aﬂ‘ectihus

2486 5313 2541 5351 et
2572 5298 2737 5350 ﬂnxui
2778 5295 3074 5349 obnoxium
3135 5303 3239 5356 est,
3286 5291 3746 5360 quemadmodum
3788 5291 3915 5343 alibi
3952 5293 4046 5343 ho-

2487 5388 2687 5438 minem
2715 5386 3000 5437 animalem
3048 5383 3188 5435 idem
3218 5381 3428 5434 vocavit
3467 5380 3756 5447 Apostolus
3782 5395 3929 5439 eum,
3959 5397 4045 5448 qui

2485 5478 2665 5530 omnia
2688 5492 2749 5533 ex
2778 5475 2942 5529 animi
2965 5470 3464 5529 ratiocinationibus
3490 5472 3729 5533 metitur,
3751 5485 3848 5524 nec
3877 5487 4049 5522 rerum

3260 5657 3302 5687 "
3334 5654 3447 5708 Gen
3512 5670 3587 5708 Ill.
3629 5653 3708 5703 l9.
3799 5651 3886 5704 "l
3929 5651 4050 5705 Cor.

2651 5663 2695 5691 ’θ
2734 5661 2927 5728 Philip.
2964 5674 3000 5720 t,
3050 5659 3138 5710 ‘33.
