4288 6372
241 382 380 451 1309

1497 379 1887 442 TllESAURl
1927 384 2074 449 LIB.
2119 391 2216 452 IV.
2272 450 2277 456 .

3371 381 3508 452 1310

243 501 557 557 divinarum
581 492 746 549 ullam
793 490 1109 554 meditatur,
1174 504 1277 545 nec
1307 503 1517 556 earum,
1559 506 1678 560 qua!
1727 507 1936 566 na-Ai

1810 521 1826 534 -
1851 508 1900 566 Α
1926 511 2166 566 quatuor
2196 503 2249 556 in
2287 504 2532 571 ﬂumina,
2597 503 2698 558 hoc
2749 512 2854 567 est,
2898 499 3206 572 praecipuas
3251 498 3503 552 virtutes.

245 604 380 646 tura:
402 589 599 645 seriem
629 585 1046 649 transcendunt,
1081 584 1134 638 in
1180 584 1385 654 quibus
1417 593 1596 638 tamen
1629 585 1826 638 seani-

241 698 364 736 mus
389 694 646 736 exercere
681 680 844 734 solet.

311 772 652 843 Cujusmodi,
685 785 891 842 qumso,
921 778 1048 825 sunt
1085 785 1173 833 ea,
1203 785 1324 839 qua:
1369 768 1504 824 levis
1544 769 1632 823 hic
1659 778 1712 823 et
1747 767 1829 822 in-

247 877 508 920 constans
546 865 711 918 homo
744 861 812 917 de
837 877 904 916 eo
941 862 1206 921 tradebat,
1239 861 1386 930 quod
1421 861 1487 914 ad
1538 860 1825 930 imaginem

245 967 488 1010 creatum
521 965 625 1019 est,
650 969 759 1024 quo
791 964 1035 1023 tempore
1075 969 1270 1006 novam
1300 969 1481 1006 rerum
1515 952 1825 1006 divinarum

246 1048 749 1116 interpretationem
786 1046 1136 1108 moliebatur,
1187 1063 1359 1114 eaque
1417 1046 1482 1098 ad
1543 1045 1710 1097 animi
1741 1043 1825 1098 sui

251 1156 408 1193 sensa
454 1149 509 1193 et
543 1140 929 1208 conceptiones
983 1139 1262 1208 tyrannice
1317 1138 1625 1190 revocabat.
1664 1136 1825 1190 Aliud

247 1233 394 1283 enim
448 1231 638 1291 Deum,
680 1230 826 1283 aliud
856 1231 906 1283 id
947 1229 1094 1298 quod
1143 1229 1206 1282 ad
1242 1229 1527 1297 imaginem
1574 1227 1827 1280 ell'orma-

251 1332 364 1376 tum
394 1333 497 1382 cst,
520 1321 668 1375 aliud
717 1322 844 1374 item
895 1320 1338 1379 similitudinem,
1386 1317 1532 1371 aliud
1594 1316 1644 1369 id
1681 1315 1825 1385 quod

251 1415 317 1468 ad
349 1416 763 1469 similitudinem
796 1413 1051 1468 eﬂectum
1083 1421 1167 1465 est
1215 1427 1335 1465 esse
1387 1409 1680 1464 statuebat.
1729 1409 1828 1461 At-

251 1523 357 1575 que
393 1508 596 1574 primas
621 1504 841 1574 quidem
885 1502 1149 1571 imagines
1212 1502 1699 1562 etsimilitudincs,
1735 1497 1828 1552 Dei

256 1600 481 1667 angelos
529 1597 774 1664 aliasque
809 1596 1040 1648 virtutes
1072 1609 1192 1647 esse
1221 1592 1439 1646 dicebat
1473 1608 1487 1644 :
1524 1607 1620 1643 nos
1647 1600 1829 1644 autem

255 1689 527 1741 secundos
552 1686 776 1744 abillis.
814 1694 872 1739 ut
917 1685 1158 1737 minores
1191 1682 1318 1746 illis,
1372 1679 1465 1748 qui
1507 1680 1570 1732 ad
1615 1681 1828 1732 illorum

255 1780 466 1832 scilicet
508 1780 800 1847 imaginem
855 1776 1128 1830 etlormati
1165 1775 1355 1829 simus.
1394 1772 1598 1826 Deinde
1631 1772 1695 1824 ad
1732 1772 1832 1825 de-

1930 595 2302 663 prudentiam,
2337 598 2631 666 justitiam,
2674 595 3072 656 fortitudinem,
3109 602 3165 647 et
3199 600 3511 659 temperan-

1929 689 2058 742 tiam
2119 688 2455 744 diduxerunt
2496 707 2506 742 :
2541 690 2615 744 ita
2660 699 2720 743 ut
2776 687 2978 742 Phison
3029 701 3152 739 cum
3216 681 3508 752 prudentia

1929 780 2266 842 conferatur,
2300 781 2394 850 qui
2427 795 2643 834 omnem
2667 790 2867 835 terram
2915 777 3110 836 Evilat,
3151 776 3253 829 hoc
3273 782 3356 828 est
3386 771 3508 826 ani-

1930 885 2074 922 mam
2127 871 2412 926 laboribus
2462 879 2519 924 et
2569 871 2836 939 angustiis
2882 882 3224 937 oppressam.
3271 863 3506 919 circuit:

1932 961 2046 1014 haec
2102 963 2247 1015 enim
2306 973 2386 1018 est
2433 963 2714 1016 Hebraicae
2787 961 3049 1014 dictionis
3099 957 3510 1025 interpretatio,

1931 1055 2058 1122 quia
2105 1054 2366 1108 nimirum
2423 1055 2610 1108 labore
2661 1053 3006 1122 prudentiam
3073 1050 3510 1118 consequimur:

1931 1162 2052 1215 quae
2084 1147 2218 1200 nihil
2260 1157 2362 1209 est,
2396 1164 2556 1216 quam
2589 1147 2862 1205 collectio,
2900 1155 2954 1199 et
3008 1143 3369 1201 coacervatio.
3405 1141 3514 1193 imo

1932 1255 2064 1292 vero
2111 1241 2276 1293 etiam
2342 1241 2618 1294 acnsulatio
2669 1255 2885 1300 eorum,
2951 1253 3071 1305 quae
3129 1236 3358 1289 honeste
3410 1233 3511 1286 ali-

1933 1331 2153 1399 quando
2175 1339 2320 1398 gesta
2346 1341 2494 1388 sunt,
2527 1331 2609 1383 vel
2641 1331 2944 1382 etiamnum
2977 1334 3265 1396 geruntur.

2005 1421 2170 1474 Ga-on
2224 1431 2427 1478 autem.
2485 1422 2576 1489 qui
2637 1420 2930 1487 Aililloplte
2979 1420 3252 1487 regionem
3305 1416 3512 1468 circum

1935 1513 2089 1566 alluit
2147 1513 2522 1579 temperantiae
2572 1512 3037 1571 accommodatur,
3088 1524 3208 1576 quae
3257 1506 3511 1575 cupidam

1936 1606 2132 1659 animae
2164 1613 2370 1672 partem
2403 1602 2811 1672 quodammodo
2865 1600 3194 1665 constringit
3226 1608 3281 1650 et
3342 1597 3518 1651 conti-

1935 1707 2052 1755 net.
2075 1712 2176 1748 nec
2209 1698 2260 1748 in
2304 1695 2574 1750 absurdas
2601 1695 2845 1748 actiones
2875 1692 3121 1745 ditlluere
3155 1673 3336 1744 sinit.‘

2012 1787 2216 1855 Tigrim
2251 1797 2451 1842 autem.
2489 1786 2580 1853 qui
2608 1800 2672 1838 ex
2702 1784 2932 1837 adverso
2975 1783 3321 1852 Assyriorum
3376 1778 3517 1839 fluit,

259 1873 455 1926 teriora
485 1870 784 1924 deﬂectens
836 1869 1126 1938 imaginem
1166 1866 1457 1920 invisibilis
1503 1865 1596 1918 Dei
1649 1865 1836 1931 unige-
1865 1857 1952 1932 B1

1826 1896 1836 1906 '
1865 1857 1912 1916 Β
1943 1877 2288 1932 fortitudinis
2317 1876 2625 1947 symbolum
2655 1890 2776 1928 esse
2826 1873 3138 1934 voluerunt,
3161 1871 3288 1939 quia
3306 1869 3519 1923 scilicet

257 1962 433 2016 nitum
471 1962 667 2016 Filium
693 1970 872 2024 vocat,
909 1960 1208 2028 apostolica
1257 1973 1390 2012 voce
1419 1966 1704 2024 corrupta,
1736 1969 1837 2008 nec

259 2068 325 2107 eo
358 2053 592 2123 adjecto,
617 2053 762 2123 quod
811 2053 864 2106 in
899 2054 990 2106 illo
1037 2051 1326 2105 mutationi
1379 2049 1677 2103 obnoxium
1727 2061 1835 2099 non

260 2155 365 2210 est,
397 2161 607 2215 nosque
635 2145 700 2199 ad
741 2145 1034 2215 imaginem
1090 2144 1210 2206 Dei,
1254 2158 1350 2198 seu
1389 2141 1508 2195 Filii
1545 2138 1834 2208 unigeniti,

262 2236 436 2290 factos
464 2251 584 2290 esse
614 2235 825 2296 scribit,
859 2234 1007 2304 quod
1049 2235 1326 2302 impietate
1349 2247 1457 2285 non
1489 2238 1657 2283 caret.

331 2329 413 2382 Ad
446 2328 540 2382 Dei
575 2328 721 2382 enim
772 2327 1061 2397 imaginem
1105 2326 1313 2380 idcirco
1363 2322 1531 2378 creati
1580 2322 1835 2382 dicimur,

265 2419 393 2487 quia
426 2419 478 2472 in
510 2418 672 2472 nobis
728 2417 1047 2471 dominatur
1093 2417 1253 2480 ratio,
1292 2432 1398 2485 qua
1447 2415 1608 2479 duce,
1639 2425 1786 2468 artes
1809 2429 1838 2465 a

269 2513 680 2565 nobisinvenla:
722 2519 872 2574 sunt,
906 2510 1120 2578 virique
1144 2509 1281 2562 adeo
1311 2523 1493 2562 rerum
1525 2506 1837 2560 divinarum

268 2608 580 2677 cognitione
623 2606 872 2660 celebres
899 2605 1155 2673 pleraque
1211 2604 1276 2656 ad
1332 2602 1426 2655 Dei
1478 2600 1729 2670 gloriam,
1785 2606 1841 2650 et

271 2699 681 2762 magnificorum
717 2699 836 2766 ejus
881 2711 1115 2767 operum
1171 2695 1388 2748 laudent
1439 2692 1837 2760 excogitarunt.

273 2789 527 2850 Proin:.’e,
555 2799 614 2844 ut
639 2805 705 2843 ex
747 2790 813 2843 iis
843 2805 963 2857 qua:
992 2803 1022 2840 a
1052 2788 1214 2840 nobis
1267 2786 1408 2838 dicta
1456 2794 1583 2838 sunt
1631 2782 1843 2851 persid-

272 2898 435 2935 cuum
463 2893 568 2942 est,
596 2883 715 2950 ejus
743 2880 1037 2949 participes
1081 2893 1290 2940 sumus,
1346 2877 1492 2945 quod
1543 2874 1609 2928 ad
1653 2873 1844 2938 imagi-

274 2991 398 3028 nem
419 2975 656 3028 etlictum
688 2983 793 3036 est,
827 2974 946 3042 ejus
973 2986 1104 3026 vero
1151 2970 1296 3038 quod
1328 2969 1393 3022 ad
1423 2967 1842 3021 similitudinem

277 3067 337 3126 ii.
372 3068 688 3135 quivirtute
734 3065 959 3134 perfecti
1012 3070 1343 3118 evaserunt:
1375 3061 1693 3128 nullumque
1735 3073 1841 3110 non

1939 1969 2086 2039 Tigri
2117 1984 2223 2022 non
2259 1967 2527 2021 absimilis
2573 1977 2656 2020 est
2698 1967 2788 2018 ille
2848 1963 3016 2018 animi
3070 1961 3256 2024 ardor,
3291 1971 3346 2014 et
3387 1975 3520 2014 con-

1939 2074 2095 2116 stans
2123 2075 2315 2114 eorum
2349 2059 2716 2127 propositum,
2753 2056 2846 2126 qui
2894 2071 2961 2107 ex
2988 2055 3218 2124 spiritus
3262 2049 3518 2120 praescri-

1939 2163 2034 2222 pto
2058 2153 2227 2204 vitam
2269 2150 2586 2204 instituunt.
2615 2149 2695 2202 Illi
2749 2150 2895 2203 enim
2938 2143 3198 2213 impavidi
3250 2158 3315 2197 ea
3362 2154 3524 2211 pcne-

1940 2258 2105 2310 trant,
2150 2263 2268 2315 quae
2296 2246 2418 2299 aliis
2447 2256 2714 2300 terrorem
2747 2242 2941 2296 atl‘erre
2973 2239 3254 2292 videntur.

2009 2338 2286 2393 Justitiam
2322 2337 2563 2404 denique
2592 2349 2716 2388 cum
2743 2333 3025 2402 Euphrate
3057 2326 3372 2387 conferunt,
3401 2338 3524 2392 quae

1941 2431 2091 2484 nulla
2152 2440 2305 2498 parte
2351 2427 2850 2485 circumscribitur,
2905 2418 3369 2491 quemadmodum
3411 2415 3524 2467 vir-

1943 2532 2088 2578 tutes
2115 2531 2366 2583 caeteras;
2401 2519 2495 2574 sed
2536 2534 2633 2587 per
2685 2531 2876 2569 omnes
2927 2511 3206 2566 discurrit.
3265 2507 3525 2562 omnibus

1941 2616 2116 2673 adest,
2142 2629 2332 2668 omnes
2351 2621 2600 2673 exornat,
2625 2605 3074 2672 omnesamplexu
3101 2618 3202 2656 suo
3227 2601 3368 2654 fovet
3391 2600 3525 2666 (Si).

2015 2705 2121 2762 Sed
2213 2705 2327 2757 haec
2406 2702 2714 2762 hactenus,
2800 2713 3034 2767 quorum
3103 2693 3324 2762 quidem
3403 2704 3527 2740 nar-

1945 2799 2106 2859 ratio,
2161 2806 2220 2851 ut
2242 2797 2458 2866 opinor,
2485 2791 2832 2846 auditoribus
2883 2790 3023 2843 haud
3082 2785 3296 2840 inutilis
3328 2781 3523 2834 fuerit.

2018 2911 2168 2967 Pauli
2207 2924 2372 2978 porro
2401 2911 2572 2968 locus,
2625 2921 2734 2972 quo
2765 2904 2840 2956 ait
2873 2921 2884 2954 :
2949 2897 3366 2966 Uniuscujusque
3399 2907 3527 2957 opus

1946 3004 2100 3074 quale
2149 3009 2241 3060 est,
2294 2997 2427 3067 ignis
2490 2996 2767 3063 probabit;
2825 2993 2933 3045 dies
2973 2989 3109 3041 enim
3149 2982 3526 3051 manifestabit.

1947 3095 2069 3163 quia
2099 3093 2150 3144 in
2189 3092 2305 3159 igne
2333 3085 2690 3145 reveletur",
2725 3084 2830 3135 hoc
2879 3095 3041 3133 sensu
3093 3074 3266 3142 accipi
3325 3078 3525 3139 potest.

279 3168 568 3257 monitum
595 3156 852 3225 lapidem'
883 3154 1127 3256 quandi"
1167 3154 1444 3257 Vixerunt:
1480 3151 1619 3257 ﬁni"
1658 3165 1842 3203 rerum
1871 3198 1914 3257 (;
1952 3151 2260 3238 lleraclittis
2289 3179 2510 3248 quidem
2541 3175 2907 3245 philosolihus
2929 3171 3262 3224 elementum
3289 3163 3527 3233 primum

275 3248 658 3316 cognitionem,
695 3263 799 3316 qua
834 3246 1076 3301 converti
1133 3252 1353 3312 possent
1378 3242 1443 3295 ad
1480 3242 1673 3304 Deum,
1708 3255 1842 3293 con-

277 3347 658 3407 sequerentur,
690 3337 994 3406 eademque
1039 3337 1179 3390 votis
1209 3335 1466 3388 omnibus
1496 3341 1842 3400 expeterent,

277 3449 396 3499 quae
442 3448 658 3501 semper
703 3434 894 3488 eodem
955 3448 1014 3488 se
1057 3433 1220 3486 modo
1279 3433 1484 3486 habere
1535 3431 1793 3482 dicuntur
1830 3444 1843 3479 :

278 3540 418 3591 quos
450 3525 655 3580 idcirco
713 3525 895 3578 divina
956 3525 1236 3591 Scriptura
1288 3524 1421 3576 deos
1475 3520 1848 3586 Altissimique

285 3617 424 3669 ﬁlios
473 3613 732 3684 appellat,
786 3631 966 3684 neque
1004 3615 1195 3669 eodem
1226 3629 1336 3683 quo
1370 3622 1595 3666 caeteros
1629 3611 1848 3664 nomine

281 3707 589 3774 compellat,
625 3722 763 3775 quos
803 3721 927 3760 cum
977 3706 1236 3774 iumentis
1281 3703 1667 3773 insipientibus
1718 3716 1850 3754 con-

286 3799 389 3851 fert
420 3813 434 3849 :
469 3798 644 3866 iisque
667 3797 873 3851 similes
892 3797 1132 3852 evasisse
1159 3798 1375 3858 clamat,
1417 3795 1510 3864 qui
1561 3794 1703 3847 male
1748 3792 1851 3845 Do-

285 3887 496 3939 minum
524 3886 766 3941 calcibus
793 3887 1076 3955 impetant.

355 3980 466 4033 Nec
497 3995 628 4034 vero
686 3981 909 4044 mirum,
971 3979 1116 4049 quod
1171 3980 1433 4049 Origenes
1487 3979 1742 4049 pleraque
1797 3979 1850 4030 in

288 4076 458 4129 Deum
491 4077 675 4129 minus
699 4076 1080 4130 convenientia
1105 4083 1448 4130 commentus
1501 4085 1556 4128 et
1602 4075 1855 4142 prolocu-

289 4178 396 4228 tus,
425 4166 733 4235 paradisum
782 4182 995 4235 quoquc
1056 4176 1112 4220 et
1157 4181 1344 4234 aquas,
1395 4181 1514 4234 quae
1549 4172 1654 4216 tam
1693 4162 1853 4224 infra,

292 4273 456 4326 quam
492 4273 657 4327 supra
708 4257 1108 4311 firmamentum
1149 4273 1269 4310 esse
1297 4257 1574 4318 dicuntur,
1609 4253 1857 4321 allegori-

293 4366 355 4403 ce.
406 4358 644 4418 exponat
705 4348 830 4416 (hoc
863 4351 1008 4403 enim
1041 4351 1108 4403 de
1171 4350 1264 4402 illo
1316 4363 1422 4400 non
1479 4361 1680 4415 parvus
1736 4360 1861 4413 pro-

291 4440 558 4495 fessorum
595 4439 839 4493 veritatis
863 4456 1124 4494 numerus
1157 4440 1351 4493 asserit
1380 4478 1396 4503 ,
1425 4454 1525 4492 nec
1546 4454 1714 4505 aquas
1735 4453 1857 4490 cum

1955 3278 2130 3344 ignem
2164 3289 2287 3327 esse
2322 3280 2587 3333 statuens,
2622 3270 2918 3322 etiamnum
2950 3262 3178 3322 servari,
3228 3267 3283 3312 et
3336 3266 3529 3310 caetera

1952 3380 2172 3420 servare
2198 3362 2433 3418 dicebat.
2465 3376 2584 3427 quae
2637 3358 2896 3410 nimirum
2952 3349 3244 3406 contrariis
3280 3347 3422 3399 inter
3472 3359 3531 3396 se

1949 3455 2308 3527 qualitatibus
2336 3453 2619 3507 cummista
2659 3457 2806 3508 sunt,
2839 3447 2911 3498 ita
2946 3454 3124 3497 tamen
3177 3449 3372 3493 caetera
3404 3435 3520 3490 ele-

1957 3559 2138 3603 menta
2171 3548 2254 3601 sui
2307 3546 2575 3599 ellusione
2609 3549 2971 3609 superaturus
3001 3531 3296 3602 aliquando
3329 3535 3478 3582 esset
3511 3542 3528 3578 :

1956 3652 2118 3710 atque
2141 3639 2256 3692 suis
2289 3637 2561 3691 limitibus
2605 3643 2859 3701 tanquam
2908 3626 3219 3682 crateribus
3265 3621 3528 3680 emissus,

1957 3748 2132 3799 usque
2174 3730 2313 3782 adeo
2359 3727 2563 3780 eflicaci
2621 3724 2887 3792 qualitate
2947 3734 3043 3774 sua
3111 3718 3525 3770 intumesceret,

1959 3835 2014 3876 ut
2052 3822 2231 3874 omnia
2265 3834 2386 3888 qua:
2432 3825 2561 3870 sunt
2601 3815 2651 3868 in
2702 3826 2890 3866 rerum
2953 3817 3146 3862 natura
3196 3803 3526 3870 depasturus

1959 3925 2012 3969 et
2034 3922 2415 3980 assumpturus
2439 3915 2580 3962 esset
2608 3905 2739 3973 (52).

2030 4004 2323 4074 Apostolus
2348 3987 2529 4055 autem
2558 3999 2623 4052 de
2669 3997 2791 4065 igne
2830 3987 3140 4060 hujusmodi
3181 3994 3526 4052 nequaquam

1961 4102 2124 4154 verba
2158 4097 2286 4150 facit
2320 4113 2334 4148 :
2376 4109 2497 4147 cum
2540 4089 2728 4144 mundi
2756 4101 2901 4156 pars.
2941 4084 3059 4151 ip-e
3087 4092 3301 4148 quoque
3335 4074 3425 4133 sit,
3474 4079 3531 4124 et

1964 4187 2300 4259 corruptioni
2367 4182 2608 4237 universi
2671 4179 2843 4248 ipsius
2889 4173 3182 4230 obnoxius,
3226 4180 3402 4234 neque
3458 4164 3526 4216 ile

1967 4284 2056 4336 illo
2087 4254 2328 4348 quidem,
2366 4276 2522 4345 cujus
2552 4271 2694 4340 apud
2728 4265 3096 4342 apostolorum
3152 4259 3402 4311 columen
3430 4254 3536 4306 Pe-

1967 4343 2224 4426 trumhis
2259 4343 2446 4422 verbis
2491 4363 2699 4417 mentio
2737 4361 2836 4412 fit:
2911 4356 3087 4410 Veniet
3146 4351 3254 4402 dies
3302 4343 3532 4404 Domini,

1969 4476 2023 4517 ut
2052 4463 2135 4530 fur
2158 4463 2211 4514 in
2244 4467 2429 4511 nocte:
2463 4458 2516 4508 in
2544 4471 2647 4523 qua
2675 4451 2787 4504 caeli
2817 4464 2932 4502 cum
2965 4458 3151 4512 magno
3183 4441 3375 4504 impetu
3401 4448 3536 4502 prat-

291 4534 572 4587 "onnums
601 4533 920 4588 docmrib“
973 4533 1234 4596 "ebm’ist
1291 4542 1399 4584 “m
1460 4532 1653 4600 priscis
1697 4527 2219 4614 quatheribunt,
2279 4551 2540 4603 elementa
2599 4554 2773 4598 autem
2832 4537 3116 4594 wstuantia
3168 4527 3531 4586 dissolventur.

294 4625 715 4688 recentioribus,
778 4625 844 4678 ad
891 4626 1168 4694 angelicos
1227 4624 1453 4678 ordines
1495 4623 1708 4675 refert:
1768 4621 1862 4675 sed

294 4721 536 4791 gentium
561 4720 852 4791 synagogis
875 4721 1267 4781 atcommodat,
1317 4735 1436 4787 quae
1464 4718 1684 4786 quidem
1741 4733 1864 4771 sca-

298 4813 630 4867 turientibus
662 4813 823 4880 aquis
847 4813 1052 4865 simifes
1110 4813 1163 4865 in
1218 4812 1530 4879 multijugas
1593 4809 1747 4871 fides,
1808 4820 1863 4864 et

296 4903 594 4958 multiﬁdas
615 4903 873 4958 derivata:
911 4912 966 4958 et
1003 4902 1188 4956 causae
1229 4912 1378 4964 sunt,
1401 4902 1574 4955 donec
1615 4901 1667 4953 in
1703 4916 1866 4954 unam

297 5011 622 5066 synagogam
664 4995 865 5050 Christi
895 4996 1234 5064 apparitione
1261 5011 1360 5063 per
1392 5004 1616 5064 angusta
1649 4998 1866 5051 confra-

297 5103 537 5157 gosaque
572 5088 691 5141 loca
739 5086 973 5139 fluentes
1007 5088 1351 5148 coaluerunt,
1400 5089 1862 5154 quemadmodum

301 5181 391 5232 alii
425 5180 560 5232 nihil
597 5180 664 5232 ab
689 5179 932 5232 historia:
982 5179 1227 5232 Mosaicae
1255 5178 1483 5233 veritate
1530 5179 1866 5242 aberrantes,

299 5279 549 5323 naturam
571 5279 810 5323 nostram
836 5285 958 5322 cum
985 5270 1262 5336 paradiso,
1285 5269 1485 5323 bonum
1508 5280 1686 5322 autem
1715 5272 1872 5325 nobis

1963 4649 2124 4703 Terra
2155 4660 2277 4698 vero
2333 4655 2548 4712 qumque
2599 4641 2650 4691 in
2697 4653 2758 4688 ea
2792 4643 2910 4686 sunt
2943 4645 3101 4698 opera
3149 4623 3536 4677 comburentur.

1964 4738 2021 4794 Si
2046 4753 2167 4806 ergo
2196 4738 2304 4788 ha’c
2333 4733 2510 4786 omnia
2560 4728 2852 4785 solvantur,
2882 4721 3064 4793 quales
3116 4731 3224 4769 esse
3260 4728 3352 4765 nos
3380 4723 3533 4776 opor-

1967 4838 2038 4885 tet
2103 4831 2158 4882 in
2241 4827 2436 4881 sanctis
2499 4817 3002 4876 conversationibus,
3074 4819 3122 4861 et
3198 4806 3297 4875 piis
3353 4814 3542 4868 opera-

1965 4923 2191 4975 tionibus
2224 4961 2238 4983 ,
2334 4922 2711 4985 exspectantes,
2794 4916 2844 4962 et
2921 4902 3274 4958 accelerantes
3351 4891 3542 4985 adven-

1972 5023 2081 5066 tum
2129 4979 2234 5065 diei
2307 4979 2538 5067 Domini,
2620 5006 2675 5057 in
2740 5019 2845 5066 qua
2912 4994 3028 5050 coeli
3107 4989 3351 5042 ardentes
3427 4979 3542 5030 dis-

1970 5106 2259 5164 solventur,
2319 5109 2366 5154 et
2412 5099 2669 5152 elementa
2745 5090 3026 5148 wstuantia
3108 5083 3391 5149 liquescant
3449 5071 3545 5122 "?

1971 5196 2038 5249 At
2071 5211 2202 5247 vero
2228 5194 2408 5262 ignem
2447 5189 2612 5242 alium
2668 5183 2943 5251 intelligit,
2980 5176 3074 5246 qui
3106 5165 3549 5262 scilicetgehenf

1975 5302 2057 5340 nae.
2087 5255 2523 5354 quasi-quaedam
2579 5277 2760 5348 portio
2807 5273 3283 5342 fragmentum‘que
3339 5257 3433 5354 sit,
3473 5255 3541 5307 ad

301 5379 333 5415 a-
368 5363 478 5417 Deo
502 5363 722 5416 insitum
774 5378 896 5415 cum
943 5363 1093 5415 fonte
1146 5363 1292 5416 velut
1326 5378 1354 5416 a
1408 5364 1660 5430 paradiso
1691 5377 1874 5420 scatu-
1972 5347 2134 5446 φηιῆ
2169 5391 2268 5430 nos
2294 5347 2514 5443 ξμιοιιυε
2546 5347 2675 5423 tunc
2703 5359 3026 5420 admovendi
3055 5368 3266 5411 sumus.
3301 5356 3362 5403 ιιι
3391 5347 3444 5400 in
3477 5361 3544 5397 θο

303 5455 477 5509 riente
515 5462 569 5508 et
596 5453 899 5522 proﬂuente
927 5455 1275 5507 eontulemnt
1305 5470 1319 5506 :
1355 5454 1666 5525 bonumque
1695 5455 1869 5528 ipsum

380 5591 423 5622 "
456 5589 474 5643 l
505 5589 630 5643 Cor.
668 5604 754 5649 ιιι,
787 5589 870 5644 15.
948 5588 995 5618 ’⁵
1025 5588 1068 5641 ll
1102 5589 1246 5644 Petr.
1290 5605 1371 5653 nt,
1407 5589 1470 5642 lO
1496 5607 1650 5660 seqq.

392 5723 470 5783 (5|
506 5720 726 5774 Aristot.
755 5722 806 5773 in
839 5720 1044 5774 Etliicis
1067 5736 1129 5774 ex
1165 5721 1501 5784 Theognide.

1971 5470 2211 5537 purgati,
2238 5465 2318 5518 vel
2379 5464 2585 5516 dextrae.
2639 5458 2802 5528 parti,
2836 5454 2919 5508 vel
2966 5448 3204 5505 sinistra:
3249 5451 3545 5494 accensea-

402 5783 1498 5861 iiii)llujusdogmatismeminit0viilius
1543 5795 1686 5846 Μετα
1704 5811 1756 5862 μ.
1796 5809 1850 5846 l:
1890 5791 2012 5846 Esse
2068 5807 2270 5860 quoque
2315 5790 2367 5841 in
2407 5789 2530 5854 fatis
2570 5783 3130 5851 reminiscitur,aﬂ'ore
3183 5787 3406 5846 tempus,
3431 5783 3535 5827 Cic.
