4288 6372
810 327 939 390 1311

2054 340 2345 401 NlCE'l‘E
2390 344 2794 406 CllONl:\T.E

3902 356 4037 425 t312

808 477 950 513 mur.
989 462 1080 516 Vel
1114 463 1251 533 ignis
1279 468 1501 522 nomine
1531 469 1697 525 Deum
1754 471 1915 524 etiam
1957 473 2134 542 ipsum
2168 476 2369 528 intelli-
2402 461 2447 514 Α
2476 474 2501 508 ³

2361 504 2369 513 ,
2402 461 2447 514 Α
2476 458 2579 509 adn
2604 459 2677 510 oti
2717 458 2940 522 fuerint,
2981 459 3292 530 quicunque
3318 461 3495 517 anima
3531 481 3663 532 pura
3703 476 3757 520 et
3784 470 4054 535 pellucida

805 567 930 618 gere
962 569 1269 620 possumus,
1324 558 1416 625 qui
1475 560 1659 613 lumen
1721 577 1941 630 quoque
1998 563 2221 626 dicitur,
2280 580 2381 618 nec

812 644 951 711 ignis
980 646 1398 713 appellationem
1454 651 1801 720 dedignatur.
1842 654 1988 707 ldem
2018 656 2161 707 enim
2196 656 2285 709 hic
2325 665 2381 709 et

810 737 1027 789 nou-ine
1078 747 1249 799 caret,
1308 756 1361 794 et
1395 742 1708 796 nominibus
1758 745 2020 808 abundat,
2073 761 2172 812 pro
2223 746 2381 799 habi-
2414 785 2426 798 .

809 834 959 875 tuum
1022 838 1340 881 nostrorum
1396 830 1609 882 ratione
1674 833 2093 900 appellationem
2141 834 2377 887 subinde

806 923 1043 968 mutans.
1073 915 1207 981 Quia
1244 919 1387 971 enim
1417 922 1653 973 animam
1685 932 1877 991 purgat
1925 932 1979 975 et
2004 926 2229 976 candori
2268 924 2377 989 pri-

802 1001 946 1053 stino
1001 1005 1263 1071 restituit,
1330 1017 1492 1075 atque
1548 1012 1785 1062 maeulas
1846 1011 2173 1065 inbmrentcs
2220 1014 2375 1073 eluit,

807 1106 944 1156 quas
981 1093 1030 1145 ei
1060 1094 1252 1147 vitium
1290 1096 1581 1157 inusserat.
1613 1100 1815 1153 ideirco
1852 1102 2031 1154 lumen
2088 1112 2249 1155 estet
2291 1103 2378 1155 di-

806 1182 969 1239 eitur,
1000 1182 1342 1249 quolumine
1388 1187 1519 1237 nihil
1567 1188 1859 1255 quidquam
1917 1189 2156 1242 lucidius
2195 1191 2373 1258 splen-

810 1272 1100 1340 didiusque
1133 1274 1239 1326 dici
1273 1277 1461 1343 possit.
1505 1276 1638 1341 Quia
1671 1295 1797 1330 vero
1848 1282 2125 1333 materiam
2181 1297 2377 1335 censu-

808 1361 928 1421 luit,
962 1362 1100 1429 ignis
1143 1364 1344 1417 idcirco
1379 1365 1603 1428 dicitur,
1655 1386 1848 1435 quemn
1876 1372 2114 1423 lmodutn
2154 1380 2208 1423 et
2241 1371 2372 1424 alibi

811 1452 937 1517 quia
969 1462 1136 1515 secat,
1165 1453 1379 1520 dividit,
1410 1468 1465 1511 et
1516 1458 1581 1511 ad
1618 1462 1811 1512 animm
1848 1461 2113 1514 medullas
2152 1464 2373 1530 pertin-

810 1541 905 1606 git.
937 1557 997 1593 ea
1031 1542 1095 1594 de
1133 1558 1294 1596 causa
1323 1546 1535 1612 gladius
1558 1558 1611 1600 et
1635 1564 1816 1603 sermo
1850 1560 2044 1603 acutus
2094 1568 2376 1619 nuncupa-

805 1640 912 1680 tur.
956 1628 1374 1701 Uuiusrujusque
1421 1652 1551 1704 ergo
1599 1655 1750 1706 opus,
1806 1641 1961 1708 quale
2008 1645 2183 1705 fuerit,
2242 1644 2375 1709 ignis

803 1720 1061 1784 probabit.
1090 1721 1143 1773 ln
1176 1722 1277 1775 boc
1319 1725 1536 1791 quidem
1567 1729 1771 1779 mundo
1800 1730 2027 1781 aliorum
2060 1733 2367 1799 prohaticni

804 1810 1149 1875 espouimur,
1185 1812 1273 1865 ubi
1332 1817 1638 1881 permu'tus
1666 1834 1819 1870 errur
1872 1819 2033 1882 inest,
2072 1824 2367 1888 pernnzlta~

803 1916 909 1967 que
951 1903 1368 1959 commissorum
1441 1908 1765 1962 delictorum
1824 1914 2154 1979 repensatio,
2208 1925 2370 1983 atque

803 2007 941 2060 opus
964 1995 1180 2061 quidem
1214 1996 1388 2066 ipsum
1414 2000 1630 2053 coronis
1663 2001 1979 2069 plerumque
2022 2004 2108 2056 vel
2156 2005 2370 2072 suppli-

806 2084 906 2138 ciis
943 2086 1164 2154 dignum
1216 2097 1298 2141 est
1332 2107 1344 2141 :
1411 2094 1711 2144 amicorum
1749 2102 1927 2145 tamen
1969 2108 2125 2162 opem
2189 2095 2371 2149 fcren-

802 2176 937 2228 tium
992 2178 1363 2232 consolatione
1424 2180 1723 2249 disertique
1782 2184 2015 2237 oratoris
2066 2187 2371 2252 patrocinio

799 2282 1039 2337 persmpe
1074 2271 1151 2327 fit.
1196 2279 1255 2323 ιιι
1296 2272 1460 2340 judex
1489 2274 1553 2327 ad
1615 2275 2047 2329 miscricordiam
2096 2277 2367 2341 ﬂectatur,

796 2374 974 2427 neque
1035 2361 1359 2428 adducatur,
1412 2375 1471 2418 ιιι
1520 2368 1847 2421 sententiam
1907 2368 2159 2424 immutet
2209 2371 2369 2427 :illic

801 2459 982 2502 autem
1019 2453 1176 2519 quale
1209 2464 1291 2507 est
1350 2455 1781 2527 uniuscujusque
1812 2474 1952 2528 opus
1988 2461 2129 2529 ignis
2172 2462 2371 2530 proba-

808 2535 905 2586 lzit.
970 2537 1081 2590 Nec
1138 2540 1281 2593 enim
1342 2543 1502 2610 judex
1532 2547 1934 2609 circumveniri,
1982 2565 2085 2603 nec
2132 2553 2368 2605 tribunal

800 2634 1121 2687 muneribus
1170 2644 1444 2707 corrumpi
1508 2646 1703 2708 potest,
1754 2649 1806 2698 et
1846 2640 2013 2701 simul
2056 2651 2218 2717 atque
2246 2668 2367 2717 pru-

798 2724 918 2786 p'us
965 2724 1030 2775 ad
1070 2726 1315 2791 judicem
1350 2730 1472 2796 quis
1526 2734 1777 2791 accessit.
1840 2735 1961 2804 igne
1995 2751 2215 2805 quoque
2256 2739 2365 2805 jxm

800 2813 1059 2878 probatus
1086 2829 1184 2871 est.
1224 2820 1573 2875 Exaetissima
1605 2825 1749 2877 enim
1798 2827 2075 2880 actionum
2112 2829 2365 2897 probatio

795 2904 863 2954 ab
896 2905 1062 2973 ipsius
1095 2909 1294 2977 judicis
1333 2921 1529 2966 natura
1578 2915 1850 2984 dependet
1882 2937 1893 2970 :
1936 2918 2055 2973 Dies
2090 2923 2248 2976 enim.
2288 2928 2368 2975 in-

800 2996 939 3059 quit,
998 3000 1375 3067 manifestubit,
1437 3006 1573 3071 quod
1616 3008 1733 3071 igne
1792 3018 1988 3063 cuneta
2046 3013 2361 3065 revelentur.

2484 547 2747 611 prazditus
2778 547 2903 609 erit,
2958 548 3158 602 clarior
3189 566 3254 604 ex
3308 552 3446 620 ignis
3485 554 3809 621 probatione
3858 557 4055 623 factus,

2482 636 2791 690 mercedem
2844 640 3053 707 accepit
3096 655 3215 707 qna.-
3271 658 3398 696 vera
3436 660 3616 700 aureae
3673 648 3790 717 ejus
3835 650 4053 712 animm,

2482 725 2826 793 actionisque
2856 727 3103 791 sineenr,
3135 746 3235 785 nec
3280 734 3387 787 ulla
3418 735 3742 790 delictorum
3775 738 3893 793 labe
3922 756 4058 793 con-

2483 824 2771 881 spurcatze,
2814 818 3103 870 retributio
3131 830 3213 874 est
3251 837 3265 875 :
3298 824 3425 890 quia
3464 826 3721 878 nimirum
3771 827 3880 881 Deo
3925 844 4062 882 cou-

2477 904 2745 973 jnngitur,
2773 904 3060 975 ignemque
3091 909 3335 962 divinum
3363 911 3514 964 illum
3563 915 3805 981 perfert?
3826 926 3879 969 et
3915 933 4058 985 pum

2482 993 2629 1047 illius
2663 995 2935 1050 immistns
2988 998 3201 1060 lumini,
3234 1002 3499 1055 creatoris
3536 1003 3752 1057 tandem
3786 1006 4061 1059 beneﬂcio

2484 1085 2627 1138 Deus
2653 1086 2855 1140 evadit.
2916 1087 3092 1142 Manet
3125 1091 3271 1143 enim
3297 1107 3434 1159 opus
3466 1077 3604 1163 Ejus,
3630 1098 3776 1163 quod
3812 1112 4055 1165 supera--

2481 1178 2743 1231 diﬁcavit.
2803 1180 3273 1249 Superzediticavit
3320 1194 3502 1237 autem
3557 1186 3608 1238 in
3658 1202 3726 1241 eo
3760 1198 3943 1243 turres
3997 1202 4059 1243 et

2481 1272 2909 1337 propugnacula.
2938 1272 3041 1325 hoc
3064 1282 3147 1326 est
3170 1273 3608 1344 inexpugnabilia
3624 1278 3747 1332 ﬁdei
3773 1279 4054 1349 dogmata,

2481 1358 2745 1411 v?rtutum
2783 1359 3019 1428 fastigia,
3053 1376 3141 1425 ea,
3186 1361 3433 1430 inquam,
3463 1380 3562 1432 per
3589 1382 3731 1434 qum,
3794 1378 4055 1438 tanquam

2480 1463 2578 1514 per
2611 1448 2970 1503 intermedios
3034 1451 3258 1519 gradus,
3300 1454 3345 1507 si
3406 1455 3529 1524 quis
3559 1471 3589 1511 e
3639 1468 3783 1512 terra
3832 1474 4055 1514 sursum

2478 1538 2757 1598 ascendat.
2793 1534 2970 1607 ipsum
3005 1541 3173 1596 Deum
3228 1543 3413 1599 videre
3464 1548 3661 1615 possit.
3728 1549 4053 1620 llujusmodi

2480 1628 2662 1691 muri,
2716 1629 3028 1699 hujusmodi
3092 1634 3284 1687 mantia
3338 1635 3561 1697 divina,
3621 1637 4053 1710 haudquaquam

2479 1717 2712 1771 ﬂammis
2743 1720 3131 1783 absumuntur,
3163 1724 3257 1778 sed
3308 1727 3483 1796 magis
3513 1730 3796 1798 magisque
3824 1730 4055 1785 firman-

2478 1800 2571 1862 ιιιιῖ
2595 1819 2649 1863 et
2677 1822 2989 1864 servantur.
3045 1812 3199 1878 Quod
3259 1816 3304 1869 si
3349 1817 3475 1887 quis
3527 1818 3845 1874 fasciculum
3876 1822 4059 1891 stipu-

2475 1903 2650 1955 larum
2678 1917 2798 1969 qua:
2834 1904 3062 1958 materia
3091 1904 3248 1960 facile
3280 1907 3610 1975 absumitur,
3660 1911 3893 1982 igneque
3916 1929 4057 1968 cou-

2472 1992 2662 2063 ﬂagrat
2686 1996 3090 2065 (quemcunque
3115 1998 3419 2069 intelligere
3444 2002 3695 2065 velimus,
3734 2011 3792 2057 ut
3821 2020 3945 2059 meo
3966 2007 4057 2076 ju-

2472 2086 2617 2140 dicio
2644 2087 2913 2141 malorum
2968 2103 3197 2157 operum
3246 2093 3486 2162 copiam)
3515 2095 3731 2163 propria
3766 2095 3819 2149 in
3868 2100 4051 2151 anima

2472 2180 2795 2247 gustaverit,
2855 2179 3016 2234 simul
3100 2182 3165 2235 ad
3227 2182 3403 2253 ignem
3457 2185 3680 2254 propius
3730 2189 4048 2249 accesserit,

2474 2269 2964 2340 conﬂagrationem
3012 2272 3157 2327 ferre
3184 2290 3292 2329 non
3317 2277 3538 2344 poterit,
3568 2279 3800 2347 proinde
3848 2280 4049 2332 multa-

2472 2362 2643 2416 bitur.
2690 2364 2911 2417 Multam
2956 2380 3089 2419 vero
3121 2364 3212 2421 hic
3256 2382 3365 2421 non
3414 2376 3473 2422 ut
3528 2369 3748 2438 quidam
3795 2370 4051 2427 arbitrati

2473 2464 2621 2515 sunt,
2651 2470 2753 2523 pro
2780 2456 3022 2511 materia:
3054 2458 3479 2527 conﬂagratione
3526 2461 3900 2530 accipiendam
3951 2478 4056 2531 pu~

2461 2556 2552 2622 κιο,
2586 2545 2678 2598 sed
2713 2560 2811 2613 pro
2832 2560 2899 2599 eo
2928 2546 3073 2615 quod
3105 2548 3231 2617 quis
3279 2548 3450 2602 divini
3495 2550 3723 2605 luminis
3776 2552 4054 2619 particeps

2473 2638 2899 2712 haudquaquam
2956 2638 3071 2702 ﬁat,
3103 2654 3285 2710 neque
3320 2642 3588 2696 creatoris
3638 2642 3928 2710 splendore
3963 2644 4052 2694 di-

2469 2750 2605 2803 guns
2630 2734 2918 2787 trahentur.
2961 2732 3111 2786 Talis
3134 2748 3265 2801 ergo
3310 2732 3398 2785 vir
3436 2732 3787 2796 multabitur,
3823 2742 3877 2785 et
3932 2748 4051 2785 ser-

2468 2826 2704 2880 vabitur.
2733 2826 2967 2890 Quibus
2997 2825 3050 2878 iu
3104 2825 3286 2879 verbis
3339 2826 3515 2879 inesse
3560 2826 3778 2879 videtur
3826 2836 4049 2879 contra-

2470 2914 2654 2967 rietas.
2700 2915 2835 2968 Nam
2901 2916 2944 2969 si
2992 2916 3175 2969 multae
3227 2916 3448 2970 nomine
3503 2916 3737 2983 privatio
3786 2916 4042 2973 luminis.

2471 3006 2797 3074 nomint-que
2831 3007 3022 3060 salutis
3054 3007 3299 3076 ejusdem
3357 3007 3579 3062 lmniuis
3634 3008 3826 3061 fruitio
3883 3009 4041 3062 intel-

796 3083 917 3139 lltcc
947 3095 1029 3140 est
1054 3091 1413 3157 praecellentis
1445 3094 1576 3148 dicti
1628 3097 1990 3154 confirmatio.
2030 3102 2162 3165 Quia
2218 3104 2362 3155 enim
2389 3101 2433 3164 C
2468 3095 2480 3147 Ι

2353 3101 2433 3164 ια
2468 3094 2555 3163 ligi
2590 3094 2806 3154 debeat,
2843 3096 2934 3163 qui
2979 3094 3093 3149 fieri
3153 3097 3375 3164 poterit,
3414 3105 3474 3150 ιιι
3530 3098 3720 3151 eodem
3776 3099 4046 3165 temporis

798 3193 893 3230 nos
928 3179 1047 3247 igne
1075 3181 1357 3235 universos
1389 3184 1688 3252 judicatum
1718 3190 1780 3242 iri
1814 3191 1976 3252 dixit,
2005 3193 2146 3261 ignis
2181 3204 2359 3246 autent

796 3266 907 3332 ille,
929 3271 1020 3337 qui
1053 3272 1243 3323 vitium
1273 3276 1569 3337 consumit,
1621 3288 1674 3331 et
1711 3280 1761 3332 in
1805 3280 2039 3335 favillam
2072 3288 2360 3344 convertit,

796 3356 909 3422 ipse
955 3359 1097 3412 Deus
1128 3370 1231 3424 est,
1263 3379 1325 3416 ea
1358 3363 1424 3417 de
1449 3380 1611 3419 causa
1642 3368 1873 3437 subjecit
1907 3390 1919 3425 :
1956 3371 2074 3425 Dies
2090 3375 2361 3426 euim‘ma-

794 3446 1058 3511 ttifeslubit
1102 3450 1237 3514 quod
1296 3452 1350 3504 in
1407 3454 1526 3523 igne
1575 3467 1770 3510 cuncta
1835 3459 2152 3513 revelantur.
2210 3462 2359 3515 Diem

797 3537 1091 3601 Apostolus
1118 3540 1221 3593 hoc
1262 3541 1381 3596 loco
1425 3561 1520 3612 pro
1553 3548 1751 3600 smculo
1790 3548 1973 3603 futuro
2015 3552 2197 3619 posuit
2229 3569 2241 3603 :
2278 3553 2359 3605 vel

790 3626 914 3692 quia
943 3628 1071 3680 solis
1120 3644 1282 3683 cursu
1329 3648 1433 3685 non
1482 3635 1552 3687 ita
1594 3637 1800 3703 regitur
1832 3678 1845 3698 ,
1888 3647 1947 3690 ut
1978 3638 2096 3691 dies
2151 3638 2241 3701 sit,
2272 3640 2359 3692 cui

794 3732 917 3769 mox
950 3718 1183 3773 vicissim
1215 3722 1471 3775 succndat
1505 3739 1517 3775 :
1558 3726 1639 3777 vel
1673 3726 1799 3794 quia
1832 3727 1874 3780 si
1926 3743 2049 3781 cum
2102 3730 2358 3795 prrcsenti

794 3807 900 3859 vita
924 3809 1260 3874 conferatur,
1293 3812 1412 3867 dies
1443 3816 1588 3868 nocti
1647 3818 1842 3871 similis
1890 3828 1994 3871 est.
2055 3819 2178 3872 ιιτυο
2224 3834 2355 3889 ergo

791 3900 921 3960 dies,
948 3900 1144 3968 inquit,
1184 3904 1544 3971 manifestabit
1590 3910 1727 3976 quod
1754 3909 1936 3961 omnia
1964 3910 2017 3961 in
2061 3913 2178 3978 igne
2221 3928 2361 3963 reve-

795 3988 996 4041 lantur.
1052 3990 1275 4046 Caeteris
1320 3995 1707 4064 enimjudiciis
1747 4001 2067 4067 antiquatis,
2102 3987 2359 4070 omnique

792 4081 1051 4135 tormenti
1103 4091 1158 4136 ct
1219 4084 1588 4152 inquisitionis
1645 4104 1843 4156 genere
1910 4090 2128 4159 longum
2181 4093 2359 4147 valere

784 4167 959 4233 jusso,
1014 4186 1238 4239 operum
1293 4184 1606 4228 nostrorum
1651 4178 1916 4246 judicium
1993 4195 2174 4233 coram
2243 4182 2359 4234 solo

791 4261 899 4313 Dco
926 4262 1083 4316 nobis
1110 4266 1523 4332 superfuturum
1568 4285 1687 4322 csse
1728 4281 1963 4324 constat.
1995 4273 2188 4327 Nullus
2210 4277 2354 4327 enim

768 4349 895 4403 “illic
924 4351 1049 4415 erit,
1085 4354 1177 4421 qui
1229 4370 1409 4409 rerum
1437 4358 1974 4413 admiu'strationem
2014 4361 2132 4415 aliis
2182 4363 2356 4415 ambi—

2467 3195 2746 3237 momeuto
2782 3186 2923 3238 idem
2980 3186 3144 3239 homo
3178 3188 3441 3240 multetur
3465 3198 3517 3241 et
3569 3190 3752 3241 salvus
3803 3187 4048 3241 evadat?

2464 3276 2649 3343 Itaque
2680 3278 2959 3329 sciendum
3004 3286 3108 3339 est,
3167 3278 3359 3332 salutis
3414 3278 3695 3345 emphasin
3752 3278 3859 3332 hoc
3916 3279 4043 3331 loco

2463 3368 2622 3421 aliam
2648 3383 2768 3420 esse
2802 3368 2869 3420 ab
2892 3383 2976 3428 ea,
3028 3384 3149 3435 quas
3203 3368 3363 3433 vulgo
3412 3368 3658 3422 inolevit.
3715 3369 3829 3422 lloe
3887 3371 4035 3421 enim

2463 3463 2584 3514 loco
2616 3459 2845 3513 verbum
2878 3461 3081 3512 servari
3145 3459 3566 3528 haudquaquam
3618 3459 3848 3515 salutem
3900 3475 4037 3529 pro-

2463 3551 2660 3605 mereri
2694 3550 2979 3621 significat,
3016 3551 3107 3603 sed
3152 3551 3274 3619 igne
3304 3565 3411 3603 non
3448 3551 3685 3612 absumi,
3711 3559 3803 3603 aut
3826 3550 4038 3604 conﬂa-

2462 3659 2619 3714 grare
2654 3660 2670 3698 :
2724 3642 3167 3711 quandoquidem
3199 3640 3543 3694 adamantem
3574 3657 3788 3709 quoque
3825 3644 3877 3694 in
3909 3641 4036 3711 igne

2461 3736 2668 3788 servari
2702 3735 2935 3787 dicimus
2963 3732 3331 3799 nonnuflaque
3372 3731 3669 3783 animantia
3707 3731 4028 3785 fornacibvs

2462 3825 2677 3876 admota
2728 3822 2932 3877 servari
3017 3821 3422 3891 quodammodo
3475 3821 3755 3885 dicuntur,
3813 3823 4037 3889 quoties

2461 3912 2599 3979 ignis
2621 3913 2854 3966 calorem
2887 3910 3200 3980 perferunt,
3232 3927 3332 3965 nee
3363 3920 3600 3963 uruntur
3641 3920 3736 3963 aut
3769 3911 4034 3963 mutilan-

2460 4013 2570 4057 tur.
2596 4002 2831 4056 Proinde
2867 4011 3116 4056 servatus
3168 4001 3222 4055 in
3268 4002 3391 4070 igne
3440 4000 3486 4053 is
3545 4014 3764 4069 quoque
3794 4000 3901 4053 dici
3938 4017 4035 4067 po-

2462 4102 2585 4156 test,
2617 4094 2709 4162 qui
2741 4094 3022 4159 multatur,
3072 4107 3194 4147 cum
3250 4093 3554 4161 prtesertim
3607 4094 3678 4145 sit
3731 4093 4031 4145 immortali

2465 4196 2695 4250 corpore
2722 4181 3005 4249 preuditus,
3054 4181 3200 4250 quod
3229 4197 3329 4235 nec
3358 4182 3719 4236 incisionibus
3755 4183 3901 4247 ullis,
3928 4199 4031 4235 nec

2460 4270 2848 4325 adustionibus
2903 4270 3202 4325 obnoxium
3260 4280 3363 4326 est.
3444 4272 3597 4336 Quod
3677 4281 3861 4325 autem
3927 4274 4033 4327 hoc

2463 4371 2628 4411 sensu
2660 4358 2889 4411 verbum
2935 4360 3133 4412 servari
3169 4358 3438 4426 capiatur,
3468 4373 3531 4410 ex
3580 4372 3646 4411 eo
3677 4369 3845 4425 patet.
3881 4361 4028 4429 quod

789 4441 931 4494 tione
983 4451 1329 4512 extorqueat,
1380 4456 1473 4501 aut
1539 4449 1739 4516 judicia
1808 4452 2224 4514 circumveniat,
2257 4465 2351 4507 aut
2393 4420 2482 4497 DS

2337 4465 2351 4507 ι
2393 4420 2437 4478 D
2466 4446 2697 4515 subjecit
2738 4447 3055 4515 Apostolus.
3108 4420 3405 4515 Postquam
3468 4447 3614 4500 enim
3679 4420 3864 4500 dixit:
3901 4420 4030 4514 ἰρεε

781 4531 988 4597 judicis
1086 4535 1415 4592 voluntatem
1500 4539 1605 4592 sibi
1674 4542 1951 4607 conciliet,
2028 4554 2119 4597 aut
2178 4545 2350 4613 legem

784 4622 1025 4677 divinam
1111 4636 1166 4679 et
1238 4628 1586 4683 insolubilem
1644 4632 1893 4685 immulet
1969 4648 1986 4685 :
2058 4634 2119 4687 Si
2203 4638 2353 4702 cujus

782 4728 902 4781 ergo
933 4729 1058 4780 Opus
1083 4718 1353 4778 manserit.
1386 4720 1523 4785 quod
1561 4720 2022 4789 supcrwdi/icavit,
2070 4726 2351 4776 mercedem

785 4804 1001 4871 accipiet
1038 4821 1055 4857 :
1090 4808 1135 4858 si
1190 4807 1343 4875 cujus
1372 4818 1548 4861 autem
1582 4826 1711 4879 opus
1755 4815 1966 4875 arserit,
2019 4813 2348 4865 multabitur.

790 4891 1260 4956 Quemadmodum
1290 4897 1434 4949 enim
1486 4900 1529 4951 si
1579 4909 1826 4953 nostrum
1878 4901 2023 4955 hunc
2056 4902 2108 4955 in
2148 4903 2348 4971 ignem,

786 4982 877 5048 qui
911 4985 1164 5038 sensibus
1192 4997 1273 5039 est
1293 4988 1597 5056 expositus,
1632 4992 1855 5044 materia
1908 4993 2175 5061 quaepiam
2222 5009 2346 5047 cum

788 5074 892 5125 alia
923 5076 1268 5145 conjiciatur,
1299 5094 1420 5148 quae
1462 5096 1598 5149 pura
1635 5098 1871 5151 vereque
1901 5099 2067 5136 aurea
2096 5085 2185 5144 sit,
2232 5100 2345 5137 ma.

784 5166 865 5232 gis
888 5181 950 5220 ac
972 5170 1143 5237 magis
1171 5172 1225 5220 iu
1272 5171 1493 5224 fornace
1527 5171 1860 5240 splendescit
1888 5191 1900 5224 :
1934 5182 2121 5240 etquo
2171 5174 2350 5226 eﬂica-

785 5255 901 5307 εἰοι-
921 5256 1059 5325 ignis
1078 5266 1185 5320 est,
1216 5273 1282 5311 eo
1315 5258 1479 5312 etiam
1512 5274 1599 5312 res
1629 5260 1679 5311 in
1714 5276 1836 5313 eum
1884 5263 2126 5331 conjecta
2178 5263 2352 5330 pellu-

782 5346 959 5399 etdior
1014 5348 1217 5402 evadit.
1270 5348 1323 5403 Si
1382 5350 1513 5419 quid
1571 5366 1697 5403 vero
1760 5351 1965 5420 plumbi
2019 5361 2110 5405 aut
2163 5353 2342 5405 stanni

786 5438 1058 5505 particeps
1115 5438 1169 5491 in
1219 5440 1470 5494 eumdem
1536 5441 1758 5502 iicidat,
1802 5443 2027 5496 materia
2070 5443 2344 5507 deteriore

784 5536 1058 5596 assumpta
1093 5528 1359 5596 pristinus
1384 5531 1472 5584 ille
1501 5546 1688 5584 massae
1728 5542 1908 5584 tumor
1955 5532 2339 5587 imminuitur:

786 5615 1043 5669 itaetiam
1084 5629 1435 5689 posteaquam
1496 5621 1743 5674 homines
1800 5622 1959 5675 simul
1995 5640 2183 5677 omnes
2233 5623 2340 5686 igni

788 5708 974 5763 divino
1032 5718 1085 5765 et
1139 5711 1469 5780 purgatorio,
1532 5713 1627 5781 ipsi
1674 5714 1889 5781 inquam
1949 5716 2073 5772 Deo.
2123 5718 2343 5781 propius

2456 4544 2631 4590 autem
2672 4538 2987 4602 servabitur,
3020 4536 3243 4590 modum
3278 4552 3497 4604 quoque
3531 4535 3758 4595 addidit,
3784 4537 3873 4590 bis
3911 4554 4030 4592 ver-

2456 4625 2559 4685 bis,
2592 4636 2845 4694 tanquam
2874 4642 2964 4694 per
3005 4627 3202 4694 ignem,
3226 4641 3327 4679 nec
3353 4628 3518 4689 enim,
3542 4625 3739 4694 inquit,
3764 4638 4028 4693 praesxan-

2458 4717 2595 4769 tiore
2624 4717 2823 4781 salute,
2876 4715 2968 4769 sed
3016 4716 3290 4769 deteriore
3343 4715 3575 4778 fruetur,
3630 4728 3692 4767 ea
3744 4717 4023 4779 nimirum,

2454 4822 2575 4876 qua:
2610 4808 2669 4860 tit
2691 4822 2786 4875 per
2827 4807 3027 4876 ignem.

2519 4897 2778 4967 Origenes
2830 4914 2958 4968 ergo
3009 4899 3154 4960 hinc.
3194 4907 3252 4950 ut
3279 4898 3411 4962 dixi,
3447 4910 3661 4969 arrepta
3710 4900 4021 4960 occa~iune,

2451 4986 2658 5040 animas
2691 4988 2922 5054 pristino
2958 4988 3121 5042 statui
3151 4989 3513 5042 restituendas
3538 5005 3656 5043 esse
3689 4990 3971 5042 continua!
4006 5006 4020 5041 ε

2451 5077 2578 5130 dum
2632 5079 2956 5147 supplicium
2998 5080 3151 5140 illud,
3203 5080 3348 5148 quod
3400 5080 3451 5132 in
3497 5080 3667 5132 sacris
3719 5079 3952 5148 Evangi-l
3982 5083 4019 5132 is

2449 5180 2711 5221 internum
2748 5169 2967 5231 dicitur,
3001 5185 3106 5221 non
3141 5169 3320 5222 minus
3351 5178 3511 5236 atque
3539 5168 3793 5237 gaudium
3830 5186 4023 5237 perpe-

2448 5274 2562 5310 ram
2614 5259 3004 5328 interpretatur
3050 5269 3345 5328 aperteque
3395 5259 3735 5312 demonstrat
3778 5259 3917 5329 fore,
3964 5271 4021 5313 ut

2447 5349 2657 5415 animm,
2694 5366 2813 5418 quae
2844 5358 3063 5419 peccato
3101 5350 3284 5419 lapse.
3322 5351 3601 5405 materiem
3625 5349 3883 5405 vitiorum
3915 5356 4016 5406 silui

2448 5442 2802 5509 aggesserint,
2845 5444 3106 5509 tantisper
3139 5444 3188 5494 iu
3221 5442 3342 5511 igne
3390 5452 3663 5505 maneant,
3692 5443 3821 5495 dum
3860 5446 4020 5497 vitu.

2449 5548 2567 5584 rum
2600 5547 2819 5585 suorum
2850 5533 3038 5587 sordes
3068 5534 3459 5586 absumautur:
3488 5534 3684 5601 quibus
3721 5538 4015 5600 assumpts

2449 5621 2553 5673 illae
2580 5624 2758 5674 denuo
2795 5622 3175 5685 servabuntur,
3214 5633 3559 5690 posteaquam
3598 5622 4011 5675 ﬂammisesco-

2448 5723 2544 5765 (‘lal‘
2577 5721 2622 5768 et
2661 5721 2965 5783 expurgat:
3007 5713 3226 5773 iuerint,
3267 5713 3335 5765 ita
3370 5724 3544 5766 tamen
3578 5726 3633 5766 ut
3662 5714 3864 5767 tenuis
3898 5714 4009 5766 sine
