4288 6372
247 407 384 471 1313
417 399 431 407 ’

1526 395 1920 457 TllESc‘LURI
1963 396 2111 456 LIB.
2155 396 2253 457 ll'.

3362 401 3491 466 13H

234 520 340 572 ﬁne
393 521 725 585 permaneat.
754 527 855 567 nec
883 516 1127 583 gehenna
1165 508 1575 582 exstinguatnr,
1615 524 1807 578 quent-
1832 524 1875 574 Α
1907 510 2225 580 negligenda
2261 526 2389 565 esse
2421 511 2717 573 duxerunt,
2748 512 2841 565 st
2872 509 3213 564 Antiochiam
3244 513 3314 565 ad
3350 514 3492 566 hanc

227 608 517 661 admodum
569 602 830 657 Dominus
858 603 911 655 in
942 601 1247 671 Evangeliis
1279 602 1376 665 ait,
1404 609 1463 653 ut
1492 601 1594 653 hoc
1643 606 1802 668 pacto

227 693 538 749 stimuletur
586 694 638 745 in
692 700 968 759 posterum
999 725 1015 753 ,
1076 691 1477 759 reiriceturque
1537 688 1803 743 memoria

225 784 425 838 divina;
470 782 822 837 humanitatis
869 785 923 835 in
969 781 1207 847 animis,
1263 778 1805 850 quaeapereunibus

230 878 384 930 hisce
411 874 691 943 suppliciis
719 874 960 928 liberata:
992 872 1214 927 iuerint.

813 1006 963 1063 CAP.
1002 998 1219 1061 XXXII.

225 1121 503 1176 Tricesima
548 1121 795 1186 secunda,
843 1122 1004 1176 Pauli
1029 1121 1405 1187 Samosateui;
1436 1123 1485 1175 lii
1508 1131 1796 1191 unguntur.

295 1234 496 1290 Paulus
525 1233 613 1287 hic
635 1232 950 1298 Samosatis,
982 1234 1035 1287 in
1072 1234 1456 1303 Mesopotamia
1482 1244 1654 1298 ortus,
1686 1235 1801 1288 An-

224 1327 438 1380 tiochia:
492 1341 695 1395 magna:
748 1324 963 1393 prad’uit
1012 1334 1131 1393 post
1181 1323 1607 1389 Demetrianum,
1653 1325 1802 1378 deci-

225 1415 630 1484 mnmquintum
679 1417 799 1484 ejus
834 1415 985 1469 urbis
1006 1414 1009 1417 ’
1034 1399 1350 1484 episcopum
1380 1434 1391 1467 :
1420 1416 1671 1485 qui'cum
1706 1415 1807 1467 Ze-

224 1507 403 1564 nobio:
460 1508 893 1575 obsequeretur,
951 1507 1005 1559 in
1055 1505 1506 1560 absurdissimam
1570 1506 1803 1559 Itzeresin

226 1600 510 1666 prolapsus
549 1608 650 1651 est.
690 1597 817 1663 Quae
853 1611 1016 1665 porro
1042 1597 1108 1651 de
1136 1597 1371 1652 Zenobia
1397 1599 1801 1651 circumferun-

226 1703 338 1754 tur,
374 1691 445 1744 ita
476 1706 531 1743 se
560 1690 780 1742 habent.
811 1690 929 1753 Quo
971 1698 1211 1757 tempore
1245 1688 1502 1741 Catienus
1529 1687 1797 1741 Valeriani

229 1783 371 1836 titius
410 1782 665 1835 Romanis
699 1778 1019 1848 imperabat,
1069 1778 1340 1831 Macrinus
1375 1778 1428 1830 in
1459 1794 1584 1830 eum
1619 1778 1803 1831 insur-

226 1874 386 1925 rcxit.
444 1870 797 1924 Odennathus
844 1881 1027 1922 autem
1084 1866 1367 1938 Palmynia:
1437 1869 1801 1936 metropoleos
1834 1872 1868 1925 Β

224 1963 435 2016 Arabia:
480 1960 732 2029 princeps
794 1959 1076 2013 Catienum
1122 1958 1345 2026 juvabat
1405 1974 1419 2011 :
1470 1968 1805 2027 quapropter

231 2054 320 2106 hic
352 2054 573 2106 victoria
603 2062 779 2120 parta,
804 2050 1332 2105 administrationem
1361 2050 1531 2103 totius
1561 2050 1801 2105 Orientis

232 2142 310 2195 illi
344 2142 702 2196 concredidit.

293 2233 559 2285 Caeterum
607 2230 952 2293 Odennatho,
986 2246 1015 2283 a
1044 2230 1355 2285 domesticis
1390 2245 1549 2293 c.1250,
1593 2246 1694 2284 nec
1727 2231 1800 2285 ita

224 2322 396 2373 multo
433 2330 555 2389 post
587 2319 807 2373 Galienu
834 2321 944 2373 vita
989 2320 1268 2380 defuncto,
1320 2321 1582 2375 successit
1612 2320 1665 2373 in
1700 2321 1803 2372 int-

226 2412 434 2478 perium
486 2411 769 2472 Claudius,
817 2426 978 2479 quem
1010 2427 1136 2466 cum
1164 2412 1342 2465 Persae
1395 2412 1535 2463 hello
1567 2408 1804 2464 devicis—

224 2512 365 2566 sent,
397 2501 686 2555 Zenobiam
720 2501 1027 2555 Odennathi
1070 2502 1354 2571 conjugem
1387 2500 1554 2571 Syria:
1582 2500 1804 2556 Ρὶιωιιίο

223 2594 427 2659 cizeque
484 2593 862 2658 praefecerunt.
916 2592 1050 2645 Cum
1107 2608 1234 2646 vero
1296 2594 1459 2661 paulo
1515 2602 1637 2661 post
1690 2594 1804 2660 ipse

225 2694 444 2748 quoque
496 2680 756 2734 Claudius
795 2696 829 2734 e
873 2682 1009 2734 vivis
1058 2682 1422 2745 excessisset,
1461 2682 1805 2737 Aurelianus

227 2772 524 2839 imperator
554 2778 774 2825 creatus
804 2780 996 2824 contra
1028 2771 1322 2825 Zenobiam
1350 2775 1648 2827 exercitum
1682 2790 1800 2825 mo-

225 2861 303 2911 γει
329 2878 343 2914 :
372 2874 601 2928 eamque
646 2859 909 2928 captivam
960 2860 1211 2916 abduxit.
1252 2862 1390 2917 Huic
1422 2879 1571 2932 ergo,
1613 2880 1795 2933 quem-

228 2948 524 3002 admodum
573 2950 832 3014 diximus,
892 2952 1191 3004 etiatnnum
1246 2954 1499 3020 praedicta
1550 2955 1664 3007 loca
1718 2970 1803 3005 re-

227 3040 372 3107 genti
421 3054 542 3091 cum
592 3039 791 3093 Paulus
839 3041 1066 3110 obsequi
1120 3044 1299 3107 vellet,
1341 3052 1399 3095 ut
1445 3060 1566 3112 quae
1615 3045 1803 3098 Jndai-

228 3142 407 3180 smutn
460 3129 825 3196 proﬁteretur,
857 3132 971 3198 ipse
998 3147 1217 3201 quoque
1258 3149 1425 3185 unum
1471 3150 1590 3189 esse
1631 3137 1798 3188 Deum

1914 600 2142 656 haeresin
2174 618 2202 656 e
2240 602 2418 655 medio
2458 588 2747 655 tollendam
2802 611 3197 656 convenerunt.
3243 600 3489 656 Concdie

1914 702 2183 761 prmerant
2234 692 2557 747 Theodorus
2594 693 2728 761 (55),
2767 694 2858 761 qui
2885 702 2938 747 ct
2965 692 3276 761 Gregorius,
3302 694 3464 746 tniriil

1913 801 2029 850 cus,
2069 786 2522 841 Neocaesariensis
2573 787 2886 855 episcopus,
2939 788 3328 843 Athenodorus
3376 790 3491 859 ejus

1908 876 2099 935 frater,
2135 876 2227 942 qui
2280 877 2628 930 PDullCtll'Ulll
2689 876 3052 930 Ecclesiarutn
3111 878 3202 930 uni
3237 890 3491 946 praterat;

1911 966 2260 1019 Firntilianus
2310 965 2695 1030 Neocaesarex,
2744 984 2864 1037 qua:
2906 969 2958 1021 itt
2991 968 3333 1037 Cappadocia
3388 982 3493 1029 est.

1908 1056 2219 1124 cpiscopus,
2265 1053 2502 1108 Helenus
2545 1056 2721 1120 Tarsi,
2769 1059 2977 1111 lcotitas
3022 1058 3214 1121 Iconii,
3264 1059 3493 1129 Ilyeme-

1910 1160 2083 1207 tneus,
2125 1143 2645 1214 Hierosolymorum,
2679 1144 3027 1199 Theoteenus
3060 1146 3348 1207 (λθειν-ρει»,
3372 1160 3491 1213 qua:

1914 1237 1966 1288 in
1999 1234 2285 1288 Palzestina
2319 1246 2422 1299 est,
2453 1234 2715 1288 Maximus
2764 1222 3182 1296 Bostrorum,et
3212 1236 3497 1289 Anatolio:

1910 1321 2213 1385 Laodicea,
2262 1341 2381 1394 qum
2431 1325 2597 1393 Syria:
2652 1323 2880 1376 linitima
2915 1334 3030 1389 est,
3071 1325 3358 1393 cpiscopus
3387 1343 3497 1377 tm.-

1912 1430 2050 1483 gnus
2098 1426 2280 1469 autem
2311 1417 2399 1469 ille
2428 1416 2714 1485 Dionysius
2757 1414 3159 1485 Alexandiinus
3199 1431 3308 1481 pne
3335 1418 3491 1469 senio

1909 1507 2173 1561 interesse
2198 1506 2419 1574 quidem
2446 1521 2553 1558 non
2570 1507 2785 1573 ,potuit,
2814 1507 3013 1560 litteris
3044 1516 3225 1560 tamen
3256 1522 3353 1560 eas
3398 1511 3491 1577 qui

1909 1603 2306 1653 convenerunt,
2337 1594 2403 1647 ad
2436 1595 2678 1647 veritatis
2707 1596 3194 1663 propugnationem
3246 1600 3487 1650 exacuit.

1977 1687 2179 1740 Coacta
2231 1694 2412 1739 autem
2465 1685 2672 1755 synodo
2749 1686 2949 1738 Paulus
2997 1686 3210 1739 inﬁcias
3260 1687 3338 1739 ire
3383 1687 3491 1755 jam

1908 1786 2132 1847 paratus
2177 1787 2314 1839 erat,
2364 1793 2486 1829 cum
2537 1776 2863 1841 Malachion,
2910 1756 3001 1845 qui
3055 1791 3210 1830 antea
3267 1758 3490 1844 quidem

1908 1868 2259 1938 sophisticam
2290 1878 2463 1921 artezn
2498 1879 2839 1928 exercuerat,
2872 1876 3057 1936 postea
3092 1883 3223 1920 vero
3257 1868 3484 1938 presby-

1911 1961 2032 2014 terii
2097 1960 2359 2028 dignitate
2416 1969 2717 2012 exornatus
2788 1959 3005 2022 fuerat,
3062 1960 3488 2027 disputationem

1904 2052 2167 2104 adversus
2198 2050 2349 2102 illum
2387 2049 2642 2102 instituit.
2676 2049 2919 2116 Cumque
2950 2049 3052 2102 hoc
3079 2062 3235 2117 pacto
3267 2050 3484 2104 detecta

1903 2141 2056 2192 fraus
2108 2139 2229 2208 ejus
2292 2146 2468 2199 esset,
2516 2135 2611 2205 qui
2657 2133 2935 2189 Christum
2982 2135 3257 2189 hominem
3308 2134 3491 2189 divina
3536 2123 3544 2136 ’

1902 2246 2013 2300 pne
2036 2229 2247 2283 CtBlCl'iS
2269 2227 2440 2296 gratia
2464 2234 2791 2281 exornatum
2818 2224 3054 2289 diceret,
3086 2239 3115 2278 e
3141 2224 3488 2277 sacerdotum

1905 2331 2050 2376 creto
2083 2327 2396 2387 sirgregatus
2430 2316 2625 2370 merito
2652 2325 2758 2370 est.
2794 2314 2931 2381 Quia
2969 2331 3097 2369 vero
3128 2316 3486 2371 ecclesiastici

1907 2426 1965 2465 se
1994 2411 2044 2465 ei
2075 2417 2464 2478 opposuerant,
2496 2406 2795 2460 Aureliano
2838 2415 2967 2459 tunc
3012 2407 3268 2475 temporis
3318 2406 3487 2475 impc-

1906 2505 2047 2554 ranti
2089 2501 2323 2553 ltwreses
2356 2499 2475 2567 ejus
2517 2499 2909 2566 patefecerunt,
2965 2506 3487 2565 persuaserantque,

1910 2602 1971 2645 ut
1999 2592 2068 2647 ab
2094 2590 2343 2646 Ecclesia
2376 2590 2525 2642 illum
2556 2590 2889 2641 exturbaret.
2932 2586 3190 2651 Quamvis
3222 2588 3368 2641 enim
3398 2588 3489 2642 ille

1904 2684 2176 2737 idolorum
2224 2670 2392 2737 cultui
2438 2682 2658 2735 deditus
2691 2690 2859 2743 esset,
2907 2694 3120 2747 aequum
3158 2687 3335 2734 tamen
3370 2682 3487 2735 exi-

1902 2775 2181 2836 stimabat,
2211 2775 2388 2841 tttqui
2436 2772 2680 2843 ejusdem
2714 2773 2835 2826 ﬁdei
2886 2772 3226 2825 consortibus
3267 2784 3487 2825 contr..-

1902 2866 2211 2926 diceret,is
2241 2866 2307 2917 ab
2337 2880 2527 2917 eorum
2569 2873 2735 2928 ctetu,
2768 2864 3043 2916 communi
3090 2868 3332 2915 omnium
3364 2864 3480 2917 cal—

1905 2959 2029 3010 culo
2067 2958 2464 3010 secluderetut.

2196 3105 2452 3145 τιιεουῡιιι
2488 3103 2813 3143 SCUTARIOT£
2849 3102 3131 3141 SCBOL‘ON.

230 3219 434 3277 docuit.
479 3220 573 3287 qui
629 3220 807 3284 pater,
859 3231 914 3274 et
965 3200 1153 3286 Filius”
1194 3233 1249 3276 el
1300 3222 1535 3291 Spiriws
1580 3237 1800 3279 sanctus
1828 3207 1868 3261 C
1901 3202 2325 3281 Sciantlcctares
2364 3204 2456 3283 ltoc
2488 3200 2828 3254 Samosateno
2877 3201 3469 3291 Paulo'tleposila,lfle-

230 3324 369 3366 unus
406 3310 659 3377 idemque
708 3311 1003 3365 diceretur.
1032 3312 1180 3365 Unus
1218 3316 1384 3374 enim,
1434 3314 1627 3382 inquit,
1660 3317 1800 3370 Dens

228 3410 331 3459 est.
360 3410 413 3454 et
444 3400 611 3454 Filius
645 3402 765 3469 ejus
792 3403 843 3454 in
872 3418 959 3465 eo,
1004 3403 1461 3472 quemadmodum
1493 3406 1545 3459 in
1582 3408 1800 3463 homine

231 3508 430 3545 ενι-ηπ).
473 3492 589 3560 Ipse
624 3502 805 3547 autem
843 3492 1033 3548 Sermo
1081 3510 1204 3550 cum
1233 3496 1284 3548 in
1313 3506 1512 3550 tetram
1538 3502 1802 3559 vetti~set,

234 3582 495 3635 habitavit
525 3584 576 3635 in
612 3584 849 3648 homine,
886 3587 979 3652 qui
1019 3585 1177 3639 Jesus
1218 3586 1523 3649 dicebatur,
1563 3591 1800 3658 comple-

232 3683 393 3742 taque
461 3674 909 3742 dispensatione,
966 3678 1207 3732 ascendit
1250 3678 1316 3730 ad
1367 3679 1601 3732 Patrem.
1647 3681 1803 3734 Jesus

230 3777 359 3814 vero
404 3760 657 3815 Christus
708 3762 938 3816 inferior
984 3775 1087 3829 est,
1134 3764 1226 3833 qui
1265 3780 1331 3817 ex
1372 3765 1535 3819 Maria
1586 3767 1801 3821 initium

233 3853 506 3909 habuerit.

300 3942 617 4013 Hujusmodi
662 3959 794 4014 ergo
834 3945 983 3999 Pauli
1026 3946 1215 4016 dogma
1257 3947 1379 4010 fuit,
1426 3954 1568 4018 quod
1602 3950 1795 4019 partim

230 4048 353 4089 cum
386 4033 557 4087 Noeto
612 4043 666 4086 et
694 4034 932 4089 Sabellio
976 4039 1265 4100 consentit,
1318 4043 1511 4107 partim
1544 4042 1612 4095 ab
1655 4052 1804 4095 utro-

230 4141 336 4194 que
368 4126 639 4179 discordat
668 4143 679 4177 :
713 4128 1151 4196 quandoquidem
1199 4129 1273 4182 illi
1318 4147 1534 4201 quoque
1568 4135 1710 4185 inter
1741 4149 1798 4187 se

229 4217 607 4288 quadantenus
666 4219 1063 4271 dissenserunt.
1108 4220 1187 4272 Eo
1236 4222 1381 4273 enim
1435 4223 1577 4291 quod
1630 4240 1797 4277 unum

232 4310 422 4373 Deum,
453 4307 607 4376 quasi
654 4307 828 4361 tribus
868 4309 1184 4363 distinctum
1227 4314 1476 4381 personis
1519 4330 1800 4380 asserunt,

232 4398 285 4449 hi
316 4407 427 4449 tres
461 4397 602 4449 inter
624 4411 681 4449 se
708 4400 1079 4452 conveniunt:
1110 4401 1162 4453 in
1195 4401 1297 4455 hoc
1323 4412 1503 4457 autem
1535 4404 1800 4460 ditl'erunt

1974 3276 2200 3324 ricorum
2228 3288 2272 3322 et
2310 3280 2695 3339 episctaporum,
2735 3288 2859 3335 quos
2900 3273 3221 3338 instituerat,
3270 3268 3473 3321 nullum

1974 3357 2080 3393 esse
2128 3358 2243 3393 cum
2283 3357 2340 3392 eo
2379 3342 2689 3405 depasitum.
2726 3341 2827 3393 Sed
2875 3343 2999 3408 quia
3052 3356 3226 3392 omnes
3260 3340 3310 3389 in
3346 3356 3404 3391 sa
3447 3363 3475 3377 -

1972 3412 2318 3462 ctissimorum
2368 3410 2593 3461 Patrum
2631 3407 2949 3471 mitrarum,
2976 3428 3006 3462 a
3034 3412 3217 3478 quibus
3252 3407 3339 3460 ille
3384 3410 3474 3458 de-

1974 3482 2169 3549 positus
2219 3490 2321 3535 est.
2372 3482 2683 3530 sententiam
2740 3482 2949 3546 pedibus
3000 3483 3235 3539 iceram,
3283 3479 3474 3531 idcirco

1972 3553 2081 3602 suis
2115 3549 2453 3619 dignitatibus
2487 3551 2683 3616 anguli
2730 3551 2952 3600 resLtuti
2979 3559 3121 3600 sunt.

2204 3657 2285 3710 ιια
2304 3673 2470 3717 reseas
2502 3657 2837 3727 prwcedeutis
2867 3659 3175 3725 confatalia.

1973 3775 2172 3829 Paulos
2226 3772 2612 3829 Samosatenus
2657 3785 2803 3827 terra
2855 3786 2975 3829 erat
3025 3792 3127 3829 nec
3176 3775 3340 3838 bona,
3370 3791 3468 3829 nec

1901 3865 2117 3927 fertilis,
2146 3880 2247 3919 nec
2264 3865 2459 3919 divinae
2475 3865 2703 3918 sementi
2724 3866 3096 3930 acctnmmoda,
3114 3866 3207 3919 sed
3226 3866 3473 3923 sentibus

1899 3966 1952 4010 et
1983 3954 2196 4009 tribulis
2232 3955 2453 4008 horrida
2482 3971 2496 4008 ε
2524 3954 2783 4007 nimirum
2812 3954 3077 4023 dogmatis
3102 3957 3170 4009 ab
3199 3958 3469 4026 inculpata

1896 4061 1952 4105 et
1978 4050 2275 4104 orthodoxa
2325 4049 2427 4102 llde
2453 4060 2639 4102 nostra
2671 4049 3073 4104 dissentancis?
3110 4060 3273 4121 atque
3307 4052 3468 4113 adeo,

1901 4154 1960 4197 ut
2013 4145 2085 4197 ita
2139 4142 2339 4203 dicam,
2387 4142 2569 4195 cloaca
2622 4142 2888 4211 quaepiam
2947 4158 3160 4196 cuznnm
3209 4144 3469 4212 ejectans,

1899 4237 2043 4305 quod
2075 4236 2128 4288 in
2161 4234 2253 4288 Dei
2302 4233 2495 4305 Filium
2530 4234 2614 4288 vel
2644 4233 2744 4302 ipsi
2778 4235 2982 4302 posteri
3037 4235 3467 4304 cjaeularentur.

1902 4329 1979 4382 Ex
2012 4328 2108 4381 hoc
2138 4326 2283 4382 enim
2305 4304 2432 4380 'cum
2460 4325 2747 4380 Nestorius
2782 4326 3073 4388 hausisset,
3108 4336 3273 4397 atque
3306 4328 3473 4383 hibis-

1898 4426 2002 4478 set,
2036 4430 2160 4470 eum
2194 4414 2399 4468 nudum
2426 4423 2480 4469 et
2512 4415 2813 4485 simplicem
2866 4417 3140 4471 hominem
3188 4433 3334 4481 esse,
3379 4420 3473 4487 qri

230 4488 375 4557 quod
418 4488 622 4542 Noetus
670 4489 890 4557 quidem
941 4492 1154 4546 Patrem
1198 4495 1377 4563 ipsum
1422 4495 1478 4549 in
1525 4495 1696 4550 forma
1745 4508 1797 4550 et
1831 4515 1874 4569 ι)
1902 4518 2092 4557 revera
2137 4504 2282 4558 Deus
2332 4512 2471 4570 erat,
2509 4506 2763 4568 asSeruit,
2795 4517 2854 4558 ut
2892 4490 3239 4575 explanatius
3272 4509 3324 4562 in
3368 4510 3473 4562 Ne-

232 4583 451 4634 nomine
498 4597 712 4650 passum
751 4597 869 4636 esse
899 4585 1051 4648 dicit,
1102 4586 1367 4643 Sabellius
1400 4599 1583 4644 autem
1623 4593 1800 4660 ipsum

230 4672 452 4739 quidem
499 4672 736 4737 Patrem,
792 4683 848 4726 at
894 4690 1000 4728 non
1052 4686 1111 4729 ut
1154 4678 1392 4743 Patrem,
1437 4682 1531 4735 sed
1576 4693 1634 4735 ut
1680 4682 1802 4736 Filii

232 4779 460 4832 persona
511 4765 759 4819 indutum
790 4783 804 4819 :
841 4766 1309 4839 Paulus»denique
1340 4787 1463 4841 non,
1490 4788 1715 4843 prorsus
1744 4780 1803 4829 ut

235 4856 473 4914 Patrem.
504 4856 600 4910 sed
638 4865 699 4910 ut
724 4855 941 4911 Filium.

301 4944 477 5015 Atque
504 4946 618 5001 haec
647 4957 794 5013 sunt,
819 4950 871 5001 in
898 4948 1099 5017 quibus
1130 4949 1221 5005 hic
1253 4951 1333 5005 vel
1363 4967 1487 5006 cum
1522 4954 1799 5023 praedictis

234 5034 609 5089 haeresiarchis
662 5038 990 5103 concordat,
1038 5040 1121 5095 vel
1165 5041 1233 5095 ab
1281 5043 1472 5097 iisdem
1520 5045 1794 5101 dissentit.

233 5126 430 5194 Aperte
472 5141 603 5180 vero
629 5141 754 5181 cum
796 5129 1091 5185 Artemone
1124 5141 1179 5189 et
1227 5134 1514 5189 Theodoro
1561 5139 1797 5193 coriario

233 5217 525 5282 consentit,
561 5218 654 5287 qui
703 5217 995 5275 Domindm
1038 5222 1222 5277 Jesum
1259 5224 1538 5280 Christum
1587 5228 1795 5283 nudum

231 5315 286 5360 et
310 5305 609 5375 simplicem
634 5309 903 5368 hominem
929 5314 1215 5382 perspicue
1241 5316 1482 5371 tradunt.

300 5398 429 5462 Quae
458 5413 580 5452 cum
612 5401 682 5452 ita
708 5416 765 5455 se
794 5402 994 5458 habere
1018 5404 1385 5461 Ecclesiarum
1423 5408 1794 5468 moderatores

230 5496 569 5554 compertum
594 5490 1042 5562 exploratumtjue
1065 5494 1348 5560 haberent,
1374 5498 1792 5570 haudquaquam

307 5624 351 5653 ⁷⁵
379 5622 514 5676 Gen.
544 5640 579 5689 I,
605 5626 695 5679 ‘26.

310 5766 418 5835 (53)
448 5765 761 5824 Theodotus
785 5768 877 5838 qtti
909 5777 963 5823 et
989 5770 1252 5841 Georgius
1300 5772 1585 5828 miriﬁcus.

1903 4593 2138 4648 storiana
2178 4594 2424 4646 dicemus
2474 4593 2719 4650 historia.
2760 4594 2962 4648 Paulus
3021 4597 3202 4664 itaque
3234 4594 3471 4650 Sabellio

1903 4695 1957 4739 et
2004 4683 2176 4737 Noeto
2220 4683 2456 4753 Ephesio
2505 4694 2875 4738 consentanea
2929 4685 3231 4753 professus,
3285 4686 3473 4741 inanes

1904 4790 2024 4829 cum
2078 4774 2186 4827 illis
2232 4788 2395 4827 voces
2442 4781 2657 4827 eructat
2701 4789 2715 4826 :
2758 4763 3101 4842 Patremque,
3151 4774 3473 4836 Filium,'-ct

1904 4863 2162 4932 Spiritum
2213 4872 2484 4925 sanctum,
2533 4863 2587 4915 in
2626 4878 2788 4917 unam
2822 4863 3185 4933 eamdemque
3235 4874 3473 4919 coarctat
3532 4936 3537 4939 τ

1902 4956 2241 5027 hypostasin.
2291 4954 2755 5024 pmdivinamque
2804 4964 3051 5010 naturam
3098 4955 3320 5008 animali
3354 4957 3468 5007 cui.

1896 5052 2038 5120 piam
2072 5032 2350 5101 trinomini
2402 5047 2633 5102 similem
2669 5046 2850 5110 tradit,
2885 5062 3007 5100 cum
3063 5054 3241 5097 tamen
3286 5046 3397 5099 mul
3428 5050 3471 5098 is

1894 5162 1925 5201 e
1960 5142 2262 5210 Scriptum
2292 5140 2428 5194 locis
2460 5155 2579 5195 eam
2618 5138 2816 5207 triplici
2848 5137 3124 5192 deﬁnitam
3154 5137 3468 5207 hypostasin

1893 5236 2215 5295 didicisset,
2259 5242 2423 5302 atque
2474 5248 2540 5286 ex
2590 5229 2766 5286 Veteri
2809 5230 3029 5299 quidem
3082 5228 3463 5283 Testamento-

1898 5326 1992 5380 ubi
2023 5325 2097 5377 ait
2123 5340 2137 5375 :
2176 5321 2456 5375 Faciamus
2489 5321 2750 5374 hominem
2784 5322 2852 5372 ad
2892 5321 3176 5390 imaginem
3205 5328 3255 5371 et
3282 5319 3469 5373 simili-

1900 5416 2130 5469 tudinem
2186 5424 2420 5466 nostram
2462 5412 2551 5465 ":
2598 5426 2720 5479 qua:
2775 5411 2951 5465 Patris
2998 5411 3164 5465 verba
3219 5418 3348 5465 sunt
3400 5412 3465 5465 ad

1900 5520 2013 5567 eos,
2047 5503 2141 5573 qui
2179 5518 2275 5559 sua
2309 5518 2339 5558 e
2382 5501 2681 5557 substantia
2748 5511 3144 5572 processerant,
3176 5504 3267 5573 qui
3299 5504 3464 5558 etiam
