4288 6372
807 394 946 462 1315

2056 393 2349 452 NICETzE
2390 392 2591 453 1311οΝ
2602 394 2796 453 ΙΑΤ.Ε

3906 398 4062 461 131ξί

804 514 1086 569 υτιςιιῑτὶοτε
1128 528 1249 566 cum
1288 509 1382 565 illo
1430 506 1834 577 Dominica‘que
1885 508 2165 576 dignitatis
2211 508 2377 575 parti—
2409 517 2447 570 Α
2481 508 2549 561 ita
2595 509 2859 578 scriptum
2907 519 2988 564 est
3017 527 3027 560 :
3058 510 3153 564 llic
3176 520 3250 563 est
3279 507 3414 560 Deus
3451 519 3646 573 uoster,
3682 517 3729 562 et
3760 525 3861 562 non
3909 514 4064 566 csti-

804 606 954 674 cipes
988 604 1219 656 fuerant.
1269 599 1415 653 Idem
1450 598 1541 650 ubi
1574 597 1688 651 ait:
1722 596 1851 650 Ecce
1879 595 2047 648 Adam
2079 598 2244 665 [uetus
2275 608 2371 659 est,

803 698 931 748 sicut
965 708 1094 744 unus
1123 706 1185 742 ex
1212 691 1356 742 nobis
1379 691 1447 755 "‘,
1473 690 1587 743 sive
1610 699 1669 741 ut
1701 688 2072 755 unusquisque
2106 697 2372 753 uoslrum,

803 788 894 854 qui
931 795 1037 837 tres
1090 798 1334 850 persona:
1364 796 1469 835 una
1502 781 1553 832 in
1580 780 1863 833 divinitate
1914 795 2126 850 sumus.
2176 780 2375 844 Quam-

802 878 882 929 vis
911 876 1056 928 enim
1090 874 1196 927 hoc
1224 874 1429 927 irouice
1459 872 1664 925 dictum
1695 870 1785 931 sit,
1814 870 1964 922 nullo
1993 880 2171 923 tanien
2215 871 2373 923 tundo

799 965 1016 1020 unicam
1073 979 1362 1033 personam
1412 963 1721 1031 signiﬁcare
1772 970 1966 1031 potest.
2010 962 2263 1014 Itemubi
2297 963 2374 1015 sic

798 1057 1024 1110 habet:
1080 1055 1335 1124 Apparuit
1419 1054 1645 1107 Abralne
1705 1052 1845 1104 Deus
1905 1052 2062 1120 juxta
2124 1069 2373 1119 quercum

797 1147 1047 1200 Humbre.
1089 1144 1386 1213 Respiciens
1437 1152 1612 1197 autem
1646 1144 1803 1195 oculis
1846 1144 1951 1195 suis
1992 1144 2113 1195 vidit
2138 1157 2154 1193 :
2183 1150 2231 1193 et
2262 1159 2376 1195 ecce

798 1249 902 1289 tres
953 1239 1048 1289 viri
1096 1245 1349 1289 steterunt
1402 1251 1563 1303 supra
1611 1251 1749 1293 eum,
1796 1246 1843 1285 et
1894 1235 2107 1287 intuitus
2149 1235 2375 1286 occurrit

797 1330 999 1381 obviam
1032 1327 1135 1381 illis
1162 1344 1181 1383 :
1212 1340 1258 1379 et
1291 1327 1531 1382 adoravit
1564 1327 1616 1377 in
1648 1334 1810 1387 terra,
1858 1335 1903 1374 et
1936 1326 2065 1375 leIl
2092 1341 2108 1376 :
2136 1323 2374 1385 Domine,

794 1424 837 1473 si
883 1421 1054 1473 inveni
1121 1421 1349 1489 gratiam
1397 1435 1574 1470 coram
1613 1430 1683 1478 te,
1723 1433 1786 1469 ne
1835 1428 2116 1484 prwtereas
2173 1434 2376 1469 servum

799 1519 946 1562 tuum
971 1512 1038 1562 ⁷⁷.
1071 1510 1268 1563 Vident
1297 1508 1573 1577 quomodo
1606 1507 1889 1575 Scriptura
1946 1517 2176 1559 testetur
2206 1507 2374 1559 Deum

799 1601 1117 1667 apparuisse
1173 1600 1405 1652 Abrahae
1434 1640 1446 1660 ,
1490 1611 1601 1652 tres
1647 1610 1830 1651 autent
1878 1597 2081 1660 fuisse,
2138 1598 2227 1665 qui
2279 1612 2373 1665 ap-

799 1691 1097 1758 paruerint.
1155 1692 1220 1744 Et
1265 1690 1512 1758 quam-is
1569 1700 1677 1744 tres
1729 1699 1954 1754 essent,
2009 1705 2133 1742 eum
2190 1698 2370 1741 tamen

798 1800 920 1836 cum
953 1800 1062 1836 uno
1091 1799 1210 1836 esse
1238 1785 1591 1845 collocutum,
1634 1782 1778 1849 quod
1813 1783 2039 1834 onmino
2073 1783 2143 1833 ita
2174 1781 2370 1834 factum

2484 599 2712 653 tuebitur
2762 603 2899 654 alius
2950 604 3197 655 adversus
3249 616 3368 653 eum
3389 599 3480 651 ":
3514 600 3716 666 quibus
3755 602 3804 654 id
3833 615 4064 670 quoque

2483 689 2786 758 subjunxit,
2827 690 2972 760 quod
3004 689 3378 759 subsequitur.
3408 688 3471 742 In
3518 690 3667 741 terris
3701 693 3837 744 uisus
3874 700 3975 756 est,
4012 702 4065 744 et

2481 794 2599 831 cum
2644 780 2936 834 hominibus
2988 791 3321 833 conversatus
3353 791 3425 833 est
3450 779 3516 831 ⁸⁸.
3550 779 3788 833 Micbeas
3836 797 4065 850 quoque

2480 868 2558 920 ait
2592 889 2603 922 :
2643 870 2705 922 Et
2735 879 2790 920 tu
2821 870 3115 925 Belli/ehem
3169 880 3331 932 terra,
3369 870 3533 935 Iuda,
3569 886 3631 922 ea:
3659 880 3709 922 te
3733 872 3870 923 enim
3920 874 4064 925 exist

2479 958 2586 1010 dux
2616 962 2704 1029 qui
2747 970 2885 1029 reget
2921 965 3170 1031 populum
3228 977 3398 1013 meum
3428 959 3601 1013 Israel
3622 961 3687 1014 ".
3722 960 3825 1014 Sed
3864 963 4063 1014 Daniel

2477 1050 2642 1102 etiam
2685 1052 2756 1103 ita
2811 1050 3037 1104 scribit:
3068 1053 3390 1120 Aspiciebam
3433 1050 3486 1102 in
3528 1052 3728 1104 visione
3774 1054 3960 1112 noctis,
4012 1062 4063 1103 et

2480 1156 2594 1192 ecce
2624 1157 2740 1193 cum
2782 1142 2999 1193 nubibus
3026 1142 3141 1195 εωιὶ
3170 1144 3317 1211 quasi
3345 1140 3508 1194 Filius
3537 1143 3757 1194 hominis
3788 1144 4025 1194 ueniebat
4044 1158 4061 1192 :

2481 1244 2527 1286 et
2568 1250 2726 1301 usque
2754 1236 2824 1287 ad
2870 1237 3154 1303 Antiquam
3203 1237 3408 1288 dierum
3453 1234 3682 1302 peracuit
3709 1242 3798 1285 :et
3841 1236 3892 1286 in
3935 1250 4067 1287 con-

2481 1333 2653 1392 spectu
2696 1324 2809 1379 eius
2857 1326 3154 1377 obtulerunt
3203 1339 3361 1377 eum:
3394 1333 3441 1377 et
3471 1324 3609 1375 dedit
3635 1324 3679 1374 ei
3719 1330 4061 1389 potestatem,

2484 1425 2529 1466 et
2566 1416 2830 1471 honorem.
2876 1422 2924 1463 et
2966 1429 3204 1481 regnum,
3236 1422 3282 1464 et
3314 1428 3491 1464 omnes
3528 1412 3728 1481 populi,
3782 1412 3967 1471 tribus,
4014 1421 4065 1460 et

2483 1503 2675 1572 lingua!
2721 1505 2946 1555 servient
2979 1504 3313 1569 ei:potestas
3366 1505 3497 1569 ejus,
3549 1512 3778 1569 potestas
3834 1509 4064 1559 a-lerua,

2481 1613 2596 1665 qute
2643 1613 2744 1648 non
2794 1598 3058 1663 auferetur
3082 1610 3099 1645 .'
3123 1603 3172 1645 et
3201 1595 3477 1662 imperium
3529 1592 3640 1659 ejus
3669 1608 3771 1643 non
3823 1606 4057 1642 corrum-

2484 1698 2636 1758 petur
2658 1688 2726 1749 ⁸⁸,

2558 1779 3039 1831 Verumenimvcro
3092 1780 3134 1832 si
3196 1775 3320 1845 quis
3399 1773 3808 1826 Testamentum
3886 1769 4063 1822 Vetus

798 1883 903 1935 est,
943 1884 1001 1926 ut
1028 1890 1129 1924 una
1167 1875 1465 1939 cadentique
1500 1873 1673 1925 tribus
1703 1871 1804 1924 sub
1838 1871 2083 1939 personis
2120 1872 2381 1926 Divinitas
2416 1860 2452 1912 Β
2483 1873 2715 1936 ernlvat,
2759 1873 3161 1940 prophetasque
3203 1873 3508 1937 percurrat,
3557 1864 3752 1931 triplici
3788 1862 3875 1913 illa
3928 1860 4063 1911 che-

798 1968 1063 2019 eiuceret.
1094 1964 1246 2029 Quod
1277 1964 1321 2016 si
1356 1965 1480 2031 quis
1533 1978 1701 2015 unum
1744 1973 1952 2015 tantum
1988 1964 2175 2021 Deum.
2209 1963 2376 2015 duos-

799 2072 906 2124 que
935 2057 1154 2123 angelos
1186 2071 1307 2108 esse
1341 2055 1504 2113 dicat,
1545 2052 1817 2121 quomodo
1857 2070 1959 2103 una
1990 2069 2112 2105 cum
2148 2053 2376 2105 Dmuinu

753 2181 765 2190 -
800 2151 990 2200 sedere
1036 2149 1149 2199 ausi
1194 2146 1359 2198 sunt?
1389 2146 1518 2197 Item
1548 2160 1561 2197 :
1597 2143 1735 2195 l’luit
1789 2144 2036 2196 Dominus
2088 2160 2245 2211 super
2277 2144 2375 2197 So-

802 2239 956 2289 doma
990 2248 1036 2288 et
1089 2238 1378 2290 Comorrlia
1432 2239 1604 2304 ignem
1636 2246 1682 2286 et
1729 2234 1950 2303 sulphur
1981 2254 2009 2287 α
2042 2235 2264 2286 Domino
2316 2237 2379 2287 de

803 2332 1018 2383 culo".
1067 2331 1428 2392 ItemzAudi,
1479 2330 1694 2390 Israel,
1751 2330 2001 2382 Dominus
2048 2330 2185 2382 Deus
2240 2342 2381 2393 tuus,

809 2424 1058 2475 Lomiuus
1116 2440 1249 2475 unus
1288 2435 1361 2474 est
1402 2423 1469 2473 7’.
1522 2421 1614 2473 IIis
1671 2430 1819 2474 certe
1875 2422 2051 2474 verbis
2102 2421 2376 2485 Dominus,

809 2516 965 2575 Deus,
1024 2516 1260 2581 itemque
1307 2513 1581 2575 Dominus,
1648 2514 2119 2582 hypostaseszbis
2166 2525 2374 2577 autem,

807 2622 940 2657 unus
966 2615 1063 2667 est,
1100 2622 1203 2657 una
1238 2605 1288 2656 in
1317 2606 1491 2657 tribus
1522 2604 1783 2656 Divinitas
1811 2605 2206 2656 subindiratur.
2248 2606 2380 2670 Qui-

810 2697 910 2749 Izus
939 2697 1053 2749 Inec
1080 2695 1332 2749 Iiavidica
1356 2704 1714 2747 consentanea
1742 2704 1901 2745 sunt:
1932 2695 1993 2745 In
2024 2694 2129 2745 Deo
2155 2694 2378 2747 laudabo

821 2786 1066 2847 l'erbum,
1110 2786 1163 2837 in
1211 2785 1426 2836 Domino
1471 2786 1698 2836 laudabo
1736 2784 2035 2837 Sermonem
2070 2784 2137 2835 ⁸ο.
2198 2785 2375 2839 Item:

812 2877 876 2930 In
913 2878 1015 2929 Deo
1049 2878 1269 2942 speravi,
1297 2892 1396 2926 non
1426 2875 1611 2927 timebo
1640 2877 1762 2943 quid
1793 2876 1955 2941 facint
1990 2878 2115 2927 mihi
2139 2878 2287 2929 home
2314 2877 2379 2929 η.

810 2970 939 3021 Item
966 2982 981 3016 :
1006 2966 1231 3019 lmmolu
1274 2966 1376 3016 Deo
1421 2966 1740 3027 sacri/icium
1790 2963 1983 3026 laudis,
2022 2974 2071 3016 et
2109 2967 2265 3017 redde
2289 2966 2382 3020 Αι-

810 3061 1006 3112 tissimo
1047 3069 1165 3110 vom
1203 3066 1292 3109 tua
1314 3056 1380 3109 ⁸³.
1420 3056 1550 3109 item
1583 3072 1595 3109 :
1632 3056 1823 3109 Invoca
1855 3073 1935 3108 me
1963 3059 2013 3109 in
2047 3059 2130 3108 die
2159 3060 2380 3110 tribula-

2487 1962 2670 2016 rubica
2705 1962 3151 2023 sanctificatione,
3188 1971 3243 2013 et
3273 1955 3577 2026 bujusmodi
3614 1957 3884 2022 plerisque
3930 1967 3956 2004 s
3996 1967 4063 2001 n-

2486 2062 2627 2106 (tnm
2674 2054 2943 2122 designari
2994 2052 3188 2105 Triada
3240 2050 3425 2101 ridere.
3462 2048 3654 2116 possit,
3702 2044 4062 2113 quemadmo-

2484 2144 2611 2196 dum
2642 2155 2695 2196 et
2732 2146 2831 2196 hoc
2866 2144 3159 2195 Davidico:
3198 2141 3341 2193 Dixit
3373 2140 3622 2190 Dominus
3667 2135 3887 2187 Domino
3922 2151 4061 2195 mia,

2486 2237 2616 2287 Sede
2647 2254 2675 2287 a
2705 2236 2903 2287 dextris
2941 2236 3085 2295 meis,
3118 2232 3277 2285 donec
3310 2246 3502 2299 ponam
3533 2229 3763 2280 inimicos
3794 2235 3907 2277 tuos
3937 2240 4065 2275 sca-

2487 2330 2674 2380 bellum
2728 2329 2913 2394 pedum
2972 2326 3241 2379 tuorum"
3274 2328 3310 2375 '.
3351 2323 3507 2383 Item,
3540 2320 3610 2373 Tu
3639 2336 3689 2371 es
3734 2318 3976 2371 sacerdos
4006 2317 4065 2365 in

2485 2428 2739 2470 a'ternum
2772 2418 3054 2469 secundum
3097 2416 3333 2467 ordinem
3378 2409 3841 2464 Melchisedech".
3876 2407 4063 2459 Aaron

2487 2508 2655 2567 enim,
2696 2517 2749 2559 et
2788 2509 2906 2574 ejus
2954 2516 3266 2566 consortes,
3329 2501 3642 2555 animalium
3697 2497 4065 2549 visceratione

2490 2613 2601 2649 rem
2639 2613 2850 2651 sacram
2900 2598 3151 2651 fecerunt
3181 2612 3194 2647 :
3231 2609 3365 2662 pane
3412 2602 3593 2644 autem
3627 2598 3681 2643 et
3712 2586 3837 2639 vino
3860 2626 3871 2646 ,
3911 2601 3938 2638 ε
3962 2584 4067 2635 .lus

2486 2690 2730 2740 omnium
2781 2687 3175 2741 Melchisedech
3227 2702 3242 2737 ι
3293 2683 3385 2752 qui
3433 2678 3637 2735 Christi
3681 2678 3845 2728 etiam
3894 2684 4065 2740 atque

2488 2778 2808 2831 iuitiationis
2845 2776 3223 2846 mysteriorum
3255 2776 3374 2843 ejus
3406 2782 3563 2840 typus
3591 2776 3750 2821 erat:
3778 2766 3863 2818 cui
3902 2764 4066 2816 Dati-

2489 2868 2585 2919 des
2617 2882 2831 2934 quoque
2877 2866 3240 2918 sacerdotium
3287 2872 3553 2913 aeternum
3598 2854 3947 2907 vaticinatur.
3982 2851 4064 2902 Ex

2489 2968 2676 3010 nostro
2730 2967 2933 3019 autem,
2973 2970 3068 3008 seu
3117 2953 3268 3007 Novo
3317 2950 3665 3003 Testamento
3718 2944 3969 3003 clariora,
4004 2947 4065 2992 et

2489 3050 2711 3117 majoris
2741 3047 2997 3116 ponderis
3031 3046 3337 3098 testimonia
3359 3037 3622 3108 expiscari
3654 3041 3836 3104 queat,
3860 3044 4061 3099 quem-

810 3150 963 3201 tionis
1006 3156 1108 3198 tua:
1129 3146 1193 3198 ⁸³.
1246 3145 1419 3197 Item:
1463 3143 1595 3195 Vivit
1647 3142 1899 3195 Dominus
1928 3182 1941 3204 ,
1992 3153 2038 3194 et
2089 3144 2382 3195 benedictus
2411 3166 2452 3220 ε
2486 3140 2777 3194 admodum
2811 3153 2877 3191 ex
2906 3136 3121 3189 Triadis
3169 3127 3706 3201 supersubstantials
3771 3122 4060 3191 mysterio,

813 3240 1062 3292 Dominus
1087 3236 1153 3286 ⁸³.
1189 3233 1316 3286 Item
1347 3252 1359 3285 :
1397 3233 1673 3286 Exaltetur
1730 3235 1865 3286 Deus
1924 3234 2110 3286 salutis
2162 3251 2288 3285 mea:
2310 3235 2378 3288 ⁸³.

810 3329 1020 3393 Quibus
1070 3328 1182 3379 haec
1216 3326 1339 3378 addi
1390 3333 1653 3392 possunt:
1696 3323 1854 3375 Verbo
1891 3322 2101 3376 Domini
2148 3324 2260 3376 caeli
2289 3325 2380 3391 ﬁr-

812 3418 942 3471 mati
966 3426 1107 3478 sunt,
1136 3426 1183 3466 et
1214 3415 1407 3479 Spiritu
1442 3414 1547 3463 oris
1575 3412 1687 3479 ejus
1720 3414 1885 3463 omnis
1914 3413 2077 3463 virtus
2109 3428 2289 3463 eorum
2312 3413 2379 3464 υ.

813 3509 946 3562 Item
975 3525 988 3560 ι
1019 3507 1084 3559 In
1116 3507 1311 3557 lumine
1355 3514 1442 3556 tuo
1499 3504 1776 3555 videbimus
1816 3503 1986 3554 lumen
2013 3503 2076 3564 “,
2106 3504 2156 3555 id
2188 3512 2291 3566 est,
2322 3504 2379 3556 In

813 3600 949 3652 Filio
1011 3610 1101 3651 tuo
1156 3610 1542 3665 cognoscemus
1615 3594 1877 3662 Spiritum
1948 3604 2217 3647 sanctum.
2272 3594 2377 3647 Per

814 3690 991 3756 ipsum
1026 3686 1170 3739 enim
1205 3700 1265 3736 ea
1298 3699 1417 3752 qua:
1452 3691 1578 3737 sunt
1607 3683 1673 3736 de
1700 3683 1905 3753 Spiritu
1951 3693 2140 3736 sancto
2180 3700 2376 3751 eosne.

815 3780 1032 3841 scenda,
1069 3791 1174 3827 non
1221 3774 1400 3827 minus
1451 3788 1610 3842 quam
1642 3788 1704 3826 ea
1737 3788 1860 3841 quae
1888 3774 1955 3826 de
1995 3774 2173 3831 Patre.
2209 3773 2381 3824 maui-

815 3869 1011 3923 lestius
1063 3866 1437 3935 cognovimus.
1487 3865 1597 3919 Iino
1637 3867 1799 3918 etiam
1850 3867 1904 3918 in
1943 3866 2084 3918 libro
2134 3866 2378 3918 .Icremia:

2484 3230 2628 3300 quod
2654 3226 2752 3298 per
2785 3230 3123 3281 incarnatum
3173 3223 3375 3278 Christi
3424 3220 3717 3272 adventum
3768 3214 3965 3265 illuxit.
3998 3211 4059 3262 In

2482 3323 2601 3383 ipso
2630 3337 2774 3374 unm
2797 3320 2950 3387 quasi
2982 3317 3166 3370 limine
3192 3313 3417 3383 angelus
3445 3308 3648 3377 Virgini
3677 3304 3811 3358 dixit
3839 3320 3851 3354 :
3880 3302 4059 3367 Spiri-

2483 3422 2565 3464 tus
2615 3422 2824 3464 sanctus
2873 3409 3189 3473 superveniet
3239 3406 3291 3456 in
3341 3412 3423 3462 te,
3482 3410 3530 3452 et
3580 3400 3741 3450 uirtus
3795 3392 4057 3445 Altissimi

2483 3503 2807 3556 obumbrubit
2842 3500 3049 3552 tibi":
3091 3496 3289 3566 quibus
3330 3493 3511 3547 verbis
3558 3490 3901 3544 divinitatem
3955 3484 4061 3536 tri-

2485 3594 2588 3648 bus
2621 3590 3002 3664 hypostasibus
3030 3594 3341 3642 contentam
3381 3578 3763 3635 subindicavit.
3801 3575 3904 3639 Qui
3933 3574 4060 3643 plu-

2485 3702 2541 3738 ra
2581 3686 2742 3747 volet,
2774 3699 2842 3737 ex
2871 3682 2992 3734 aliis
3033 3672 3625 3748 quoque.evangelicis
3668 3669 3831 3723 dictis
3864 3666 4055 3718 venari

2484 3774 2704 3842 poterit,
2758 3773 2809 3823 in
2857 3781 3091 3838 quorum
3148 3764 3479 3817 mentionem
3508 3757 3800 3812 incidimus
3847 3753 4053 3813 obiter,

2485 3878 2610 3914 cum
2637 3862 2703 3915 de
2730 3858 2949 3913 Sabellii
2983 3853 3329 3924 dogmatibus
3356 3861 3659 3919 ageremus.

2219 4020 2368 4074 CAP.
2409 4018 2647 4073 XXXI”.

823 4184 1103 4237 Tricesima
1148 4183 1301 4234 tertia
1331 4180 1561 4240 lia'resis,
1589 4180 2025 4235 JIauic/ta’orum
2056 4187 2103 4229 et
2137 4176 2384 4230 Cubrico-
2421 4178 2450 4231 ι

1296 4267 1409 4302 rum
1441 4265 1457 4312 ;
1490 4251 1539 4300 In
1574 4250 1929 4319 baptizantnr.

896 4363 956 4417 lli
989 4363 1265 4417 Acuanilte
1302 4361 1517 4413 tandem
1556 4360 1685 4413 dicti
1733 4371 1877 4422 sunt,
1924 4367 2206 4428 propterea
2241 4357 2385 4423 quod

822 4461 967 4510 Acua
1016 4455 1271 4521 quodam,
1321 4467 1351 4504 e
1395 4452 1777 4519 Mesopotamia
1827 4450 2061 4503 oriundo
2093 4488 2106 4508 ,
2161 4449 2386 4516 impurae

825 4548 988 4615 hujus
1043 4547 1313 4598 haereseos
1363 4546 1610 4596 doctores
1641 4545 1720 4596 usi
1752 4553 1896 4596 sunt.
1948 4542 2225 4596 Mauichwi
2258 4555 2387 4594 vero

823 4648 877 4691 et
907 4636 1125 4689 Cubrici
1156 4635 1223 4686 ab
1249 4634 1477 4695 antiquo
1512 4633 1844 4684 denomiuali
1892 4642 2037 4691 sunt,
2074 4632 2326 4683 nimirum
2359 4644 2389 4681 a

826 4726 1033 4779 Manete
1064 4724 1246 4783 Persa,
1281 4722 1372 4788 qui
1410 4721 1677 4773 (lubricus
1721 4730 1876 4772 antea
1918 4718 2229 4780 vocabatur,
2261 4717 2391 4769 sibi—

826 4832 931 4884 que
992 4824 1176 4883 postea
1244 4812 1470 4866 Mauetis
1521 4826 1717 4864 norucn
1778 4809 2066 4862 indiderat.
2124 4807 2389 4861 Czeterum

830 4910 930 4958 hac
966 4920 1096 4957 voce
1130 4903 1312 4955 Manes
1331 4901 1749 4970 Babyloniorum
1776 4900 2031 4951 idiomate
2057 4912 2169 4959 vas,
2192 4898 2298 4959 vel,
2328 4906 2388 4949 ut

828 5001 1049 5071 quidam
1084 4999 1289 5060 volunt,
1320 4997 1646 5051 dialecticus
1664 4996 1998 5064 designatur.
2038 4992 2379 5046 Paracletum

830 5104 994 5161 porro
1044 5103 1102 5142 se
1154 5088 1331 5156 ipsum
1384 5088 1551 5140 miser
1582 5086 1671 5139 hic
1704 5085 1886 5138 Maues
1935 5083 2187 5146 vocabat,
2225 5082 2387 5135 Chri-

830 5194 1083 5250 stumque
1114 5181 1227 5233 sola
1263 5181 1570 5249 phantasia,
1626 5194 1721 5232 seu
1790 5177 2139 5231 simulatione
2164 5215 2178 5240 ,
2215 5190 2385 5242 appa-

832 5274 1029 5334 ruisse,
1063 5280 1227 5340 atque
1264 5286 1480 5337 passum
1518 5286 1637 5325 esse
1667 5269 1921 5323 docebat.
1957 5268 2187 5333 Insuper
2236 5263 2389 5333 prin-

906 5427 952 5456 "
975 5424 1113 5480 Gen.
1141 5442 1220 5489 tu,
1247 5423 1340 5476 22.

835 5497 1040 5551 "PsaI.
1078 5511 1217 5552 Χιιχ.
1256 5495 1341 5546 14.

832 5568 880 5598 ⁸³⁸
905 5566 1133 5618 Bnruch.
1160 5580 1238 5620 ut.
1299 5565 1355 5615 6.

834 5638 880 5667 ⁸³
912 5637 1037 5688 Luc.
1074 5651 1109 5697 I,
1150 5634 1235 5686 55.

1415 5422 1458 5453 "
1495 5421 1630 5475 Gen.
1689 5435 1840 5484 xvnt,
1873 5419 1897 5470 1
1935 5434 2086 5486 seqq.

1452 5492 1499 5522 ⁸³
1523 5491 1660 5543 Ibid.
1694 5490 1780 5544 15.
1895 5489 1941 5518 ⁸⁵
1966 5488 2107 5541 Psal.
2145 5502 2271 5546 xvn,
2303 5486 2389 5536 47.

1466 5561 1510 5593 "
1534 5561 1647 5614 Ibid
1696 5561 1785 5613 38.
1898 5558 1945 5588 ⁹⁰
1986 5556 2147 5610 Micb.
2190 5572 2241 5617 γ,
2270 5557 2323 5608 2.

2162 5417 2206 5446 "
2227 5415 2362 5476 Gen,
2397 5431 2503 5476 xu,
2544 5418 2631 5470 εει.

2437 5556 2480 5587 ⁹¹
2510 5555 2645 5608 Ι).ιιι.
2690 5571 2784 5618 vn,
2814 5554 2897 5616 I3,
2930 5553 3015 5605 14.

2629 4176 2765 4242 Περὶ
2800 4175 3141 4240 Mar-(xulem
3173 4169 3292 4221 τῶν
3329 4165 3425 4219 καὶ
3449 4163 3789 4229 Κουιῗρίκων
3822 4158 3922 4227 (a).

2555 4349 2713 4407 Οὗτοι
2757 4353 3096 4404 Ἀκουανίται
3139 4349 3236 4417 μὲν
3278 4347 3502 4414 ὕστερον
3553 4340 3882 4410 ἐκλήθησαν,
3915 4334 4051 4385 διότι

2497 4445 2725 4498 Ἀκούιν
2755 4442 2895 4495 οὕτω
2932 4440 3266 4507 καλούμενόν
3299 4454 3418 4488 τινα
3462 4437 3525 4485 ἐκ
3584 4432 3683 4498 τῆς
3721 4432 3892 4497 μέσης
3943 4427 4050 4478 τῶν

2488 4537 2749 4601 ποταμῶν
2841 4531 3163 4601 ὁρμώμενον
3233 4525 3515 4595 ὐφηγητὴν
3575 4522 3784 4589 ἔχοντες
3845 4517 4050 4583 μιαρᾶς

2491 4627 2777 4693 αἱρὲτεως.
2812 4622 3103 4688 Μανιχαίοι
3134 4618 3190 4670 δὲ
3222 4617 3315 4667 καὶ
3353 4612 3649 4680 Κούὸρικοι
3680 4607 3886 4660 ἄνευθεν
3915 4602 4051 4654 ὠνο-

2492 4715 2776 4784 μάσθησαν
2806 4711 2912 4763 ἀπὸ
2948 4709 3222 4769 Μανέντος
3252 4707 3460 4774 Πέρσου
3482 4718 3495 4732 ·
3531 4703 3735 4759 ἐκεῖνος
3766 4697 3875 4764 γὰρ
3905 4694 4049 4784 Ι(οᾷ-

2488 4782 2674 4875 opus;
2706 4801 2951 4854 ἐκαλεῖτο
2980 4797 3266 4865 πρότερον,
3302 4790 3419 4844 εἶτα
3453 4788 3817 4859 μετεκάλεσεν
3854 4782 4049 4835 ἑαυτὸν

2487 4870 2741 4948 Mum
2768 4911 2777 4921 -
2807 4894 2955 4963 δηλοῖ
2984 4892 3039 4944 δὲ
3064 4890 3093 4940 ὁ
3120 4887 3308 4953 Μάνης
3332 4884 3397 4951 τῇ
3432 4876 3784 4931 Βαϐυλωνίων
3828 4870 4049 4963 γλώττῃ

2489 4987 2548 5037 τὸ
2584 4984 2792 5046 σκεῦος,
2842 4984 2875 5053 ἢ
2922 4982 2997 5044 ὡς
3025 4978 3160 5032 ἔνιοί
3192 4991 3324 5042 φασι
3350 4973 3441 5023 τὸν
3490 4968 3817 5019 διδακτικόν.
3864 4962 4049 5028 [lapa-

2492 5080 2687 5149 κλητον
2710 5080 2765 5131 δὲ
2789 5077 2981 5129 ἑαυτὸν
3024 5074 3281 5126 ἐκάλεσεν
3309 5069 3337 5118 ὁ
3364 5064 3542 5124 ἄθλιος
3570 5061 3759 5124 Μάνης
3777 5072 3791 5086 ο
3828 5058 3932 5149 και
3959 5056 4046 5149 silv

2492 5146 2722 5240 Χριστὸν
2747 5170 2850 5236 ἔφη
2885 5166 3100 5235 δοκήσει
3142 5164 3277 5231 μόνῃ
3311 5158 3408 5211 καὶ
3452 5153 3686 5222 φανῆναι
3715 5149 3807 5200 καὶ
3834 5146 4047 5197 παθεῖν.

2490 5264 2634 5333 Πρὸς
2662 5260 2869 5320 τούτοις
2905 5258 3236 5326 εἰσηγήσατο
3260 5254 3351 5306 δύο
3376 5251 3569 5320 ἀρχὰς,
3598 5241 3841 5311 πονηράν
3869 5255 3926 5291 τε
3958 5242 4048 5292 κει

3188 5409 3232 5439 ⁸⁸
3282 5406 3424 5461 Psal.
3453 5421 3536 5465 LV,
3576 5405 3629 5462 5.
3672 5405 3752 5457 II.
3833 5402 3876 5433 ⁸¹
3911 5401 4049 5453 Ibid.

3193 5495 3261 5506 ....
3349 5482 3380 5506 ιε
3505 5477 3548 5506 s1
3580 5476 3694 5506 nunt
3768 5488 3903 5506 uno
3970 5477 4026 5506 In

3579 5476 3718 5530 Psal.
3768 5488 3930 5533 xxw,
3970 5477 4046 5523 ιυ.

3579 5547 3621 5596 I.
3735 5548 3783 5576 "
3826 5542 3965 5596 Ibid.
3994 5544 4045 5593 ὂ.

2709 5416 2751 5446 τ’
2778 5414 2930 5467 ΟΜΝ.
2959 5428 3031 5467 VI.
3062 5410 3114 5463 ι.

2506 5486 2717 5539 l"Ibid.
2834 5484 2882 5513 "
2929 5482 3065 5536 I’sal.
3120 5495 3286 5538 xuu,
3349 5482 3401 5530 6.
3505 5482 3619 5530 "P

2510 5555 2645 5608 Dan.
2690 5571 2784 5612 vn.
2814 5554 2897 5612 I3,
2930 5553 3015 5605 H.
3121 5551 3190 5580 "'
3238 5548 3380 5603 Psal.
3411 5560 3520 5612 Ωιι,
3572 5547 3621 5599 1.

906 5770 974 5827 ta)
997 5765 1164 5814 Grace
1189 5760 1315 5826 apud
1350 5758 1524 5808 Maium
1551 5754 1754 5807 Bibliotlt
1793 5769 1895 5805 nov.
1923 5763 2035 5803 tom.
2066 5753 2143 5813 IV,
2170 5760 2289 5813 part.
2311 5765 2363 5809 n,
2400 5764 2447 5811 p.
2485 5753 2585 5801 illi.
