4288 6372
262 435 388 502 lilii

1502 403 1894 464 TIIESAURI
1938 401 2085 460 ΜΒ.
2122 401 2220 459 1V.

1757 403 1894 464 URI
1938 401 2085 460 ΜΒ.
2122 401 2220 459 1V.
3353 397 3443 459 iSl

257 544 468 615 ἀγαθήν
488 558 502 572 ⁸
533 537 626 594 δύο
649 537 756 605 γὰρ
782 529 1111 599 ὑποθέμενος
1144 523 1469 591 ἁγεννήτους
1491 517 1584 569 καὶ
1607 515 1830 615 ἀϊδίο-υς,
1863 521 1908 574 Α
1936 526 1950 564 t

1794 533 1830 577 ;,
1863 521 1908 574 Α
1936 511 2078 578 cipia
2115 509 2242 569 duo.
2277 509 2478 562 bonum
2514 517 2568 562 ct
2596 507 2794 562 malum
2843 507 3244 562 introduCebat.
3289 509 3487 564 Positis

259 608 390 692 Θεόν
420 608 478 689 τε
503 634 593 688 καὶ
625 630 778 698 ὕλην,
810 626 899 679 τὸν
931 623 1028 692 μὲν
1055 617 1186 671 Θεὸν
1215 611 1652 683 προσηγόρευσεν
1682 608 1819 674 φῶς,

262 731 361 800 τὴν
395 730 450 782 δὲ
483 728 615 795 ὓλην
641 722 828 781 σκότος
851 732 865 749 ⁶
901 715 998 768 καὶ⁵
1019 712 1079 764 τὸ
1111 707 1380 800 μὲνῗφῶς,
1413 703 1646 800 αγιαθόνῖ
1679 701 1740 751 τὺ
1768 699 1826 750 δὲ

268 792 476 882 σκότος,
506 792 695 869 κακόν.
715 811 824 879 Τὴν
850 804 1092 859 Παλαιὰν
1119 799 1394 864 Διαθήκην
1416 792 1826 866 ἐϐλασφήμησε,

268 916 364 963 καὶ
417 912 503 961 τὸν
534 909 590 958 ὲν
624 905 760 971 αὐτῇ
791 899 1125 964 λαλήσαντα,
1178 891 1274 942 καὶ
1305 889 1511 946 πάντας
1537 884 1660 940 τοὺς
1700 895 1830 948 προ-

267 1006 439 1069 φήτάς
460 1014 472 1026 ·
508 998 638 1064 ἡλίῳ
666 993 761 1046 καὶ
793 991 992 1057 σελήνῃ
1040 987 1134 1035 καὶ
1163 983 1382 1048 ἄστροις
1410 977 1554 1034 Θεοῖς
1588 987 1828 1039 προσκυ-

269 1095 377 1144 νεῖν
402 1087 666 1158 ὲπὲτρεψε
689 1101 704 1116 ο
757 1072 1280 1152 μετενσωματώσεις
1331 1067 1516 1135 ψυχῶν
1547 1064 1790 1114 ἐδίδασκε
1813 1075 1826 1090 °

271 1184 468 1246 σαρκὸς
531 1181 825 1231 ἀνάστασιν
882 1170 1192 1237 ἠρνήσατο·
1250 1162 1479 1229 βοτάν;·ς
1519 1154 1829 1216 καὶόῖνδρα

269 1277 362 1324 καὶ
393 1274 536 1341 ὓδωρ
569 1271 661 1320 καὶ
689 1268 756 1319 τά
778 1263 940 1315 λοιπὰ
977 1260 1150 1310 πάντα
1203 1253 1419 1321 ἔμψυχα
1447 1244 1584 1300 εἶναι
1614 1245 1828 1310 ἀπεφή-

272 1379 422 1416 νατο·
453 1367 543 1413 και
573 1359 736 1427 ’ἐτερα
772 1352 939 1423 μυρία
962 1349 1184 1401 τοιαῦτα
1210 1343 1613 1410 παρελήρησεν.
1643 1336 1834 1384 Τελευ-

272 1456 420 1502 ταῖον
454 1451 507 1501 δὲ
558 1450 645 1500 τὸν
697 1445 898 1512 τρόπον
949 1440 1138 1492 τοῦτον
1193 1437 1460 1500 πνεύματι
1521 1424 1832 1490 κεπφωθεὶς

272 1545 523 1608 οἰήσεως,
571 1541 664 1589 καὶ
716 1537 824 1597 τοῖς
853 1534 1014 1585 αὑτὸν
1064 1528 1255 1593 ἄγουσι
1282 1525 1497 1590 δαίμοσι
1531 1520 1831 1587 θαρρήσας,

275 1648 301 1678 τ
318 1652 362 1681 ,ν
385 1632 495 1680 υἱὸν
517 1629 604 1679 τού
631 1626 892 1696 βασιλέως
920 1617 1140 1689 Περσῶν
1165 1615 1491 1666 ἀσθενοῦντα
1511 1609 1834 1678 θεραπεύειν

275 1720 667 1787 ἐπηγγείλατο·
702 1718 794 1766 καὶ
849 1713 911 1779 δὴ
959 1707 1294 1778 προσήνεγκε
1326 1721 1444 1754 τινα
1471 1702 1639 1769 τούτῳ
1673 1701 1834 1763 θερα-

274 1813 505 1864 πευτικὰ
540 1811 803 1876 φάρμακα
825 1821 837 1834 ·
896 1804 1092 1854 αὐτίκα
1133 1801 1188 1850 δὲ
1219 1798 1276 1847 τὸ
1323 1796 1602 1864 μειράκιον
1629 1794 1685 1843 ὲν
1716 1794 1834 1850 ταῖς

1933 603 2079 656 enim
2111 604 2329 656 duobtts
2366 617 2470 653 non
2515 600 2711 668 genitis
2746 610 2797 655 ct
2842 603 3083 662 teteruis,
3131 600 3240 654 Deo
3283 601 3493 656 scilicet

1934 699 2102 761 atque
2131 690 2382 748 materia.
2437 689 2608 742 Deum
2664 689 2886 757 quidem
2933 690 3140 753 lumen,
3201 690 3488 743 materiam

1933 793 2114 834 autem
2147 780 2401 834 tenebras
2431 779 2755 848 appellabat.
2813 781 2989 849 Atque
3049 781 3230 834 lumen
3269 781 3491 850 quidem

1933 875 2158 937 bonum,
2196 873 2454 927 tenebras
2486 885 2674 927 autem
2703 873 2928 926 malum.
2973 873 3136 928 Vetus
3179 875 3499 928 Testamen-

1935 978 2070 1027 tum,
2101 975 2153 1019 et
2177 982 2302 1019 eum
2329 967 2419 1035 qui
2444 969 2659 1020 loculus
2690 967 2746 1019 in
2792 966 2906 1029 illo,
2933 980 3058 1018 cum
3083 961 3339 1019 omnibus
3380 969 3494 1019 suis

1934 1057 2236 1126 prophetis,
2269 1057 2620 1126 blasphemus
2653 1057 2742 1110 ille
2787 1057 3110 1112 maledictus
3157 1056 3488 1109 incessebat.

1937 1148 2141 1210 Solem,
2192 1150 2380 1202 lunam
2433 1158 2489 1201 et
2533 1159 2700 1211 astra,
2743 1157 2998 1216 tanquam
3051 1151 3204 1209 deos,
3257 1147 3491 1200 adorare

1942 1239 2229 1292 suadebat.
2261 1238 2626 1290 Animaruma
2653 1237 2978 1302 corporibus
3014 1237 3068 1288 in
3120 1252 3351 1305 corpora
3396 1236 3497 1289 mi-

1938 1333 2212 1402 grationes
2239 1331 2489 1385 docebat.
2513 1329 2704 1383 Carnis
2765 1330 3223 1382 resurrectionem
3284 1330 3496 1382 inlicia-

1941 1425 2124 1477 batur.
2172 1420 2396 1483 llerbas,
2428 1422 2918 1488 arbores,aquam,
2973 1427 3026 1471 et
3065 1429 3260 1472 caetera
3309 1420 3496 1471 omnia

1942 1514 2146 1566 habere
2179 1511 2562 1564 contendebat:
2636 1519 2800 1578 atque
2842 1512 3127 1562 innumera
3179 1509 3495 1577 hujusnnodi

1944 1604 2050 1656 alia
2085 1602 2439 1656 deliramenta
2461 1603 2818 1669 proponebat.
2860 1600 3099 1654 Tandem
3136 1610 3314 1652 autem
3343 1617 3500 1655 arro-

1943 1696 2138 1762 gantim
2188 1694 2382 1762 spiritu
2415 1695 2611 1754 elatus,
2647 1691 2952 1744 datiuonum
2983 1707 3014 1743 a
3072 1691 3272 1759 quibus
3295 1695 3497 1745 subve-

1949 1789 2202 1851 hebatur,
2228 1787 2432 1839 auxilio
2463 1787 2651 1847 fretus,
2687 1800 2743 1838 se
2788 1786 3077 1838 Persarum
3132 1785 3274 1852 regis
3330 1781 3498 1837 [ilium

279 1902 441 1954 αὑτοῦ
476 1901 631 1969 χερσὶ.
664 1897 1013 1964 διεφώνησεν.
1053 1890 1352 1957 ὐργισθεὶς
1395 1884 1487 1938 οὖν
1510 1887 1536 1934 ό
1562 1883 1834 1950 βασιλεὺς,
1940 1896 1971 1931 tt

1804 1899 1834 1946 τ,
1940 1878 2130 1931 morbo
2184 1879 2545 1938 laborantem,
2584 1876 2825 1944 pristina:
2848 1876 3066 1927 sanitati
3115 1877 3497 1928 restituturum

278 1997 357 2054 εἰς
397 1992 645 2059 φυλακὴν
679 1989 870 2040 τοῦτον
902 1982 1214 2036 κατέκλεισε
1238 1996 1250 2009 ⁸
1304 1981 1396 2030 καὶ
1425 1978 1545 2027 τότε
1574 1978 1669 2042 μὲν
1704 1975 1839 2042 χρὴ·

284 2099 427 2150 ματα
487 2079 712 2132 πλεῖστα
767 2078 879 2136 τοῖς
931 2071 1124 2139 φύλαξι
1175 2066 1492 2136 παρασχὼν,
1554 2063 1836 2129 ἐξέφυγεν.

1938 1970 2211 2038 pollicitus
2244 1970 2550 2036 est:eique
2595 1968 2733 2020 adeo
2778 1982 2904 2018 cum
2960 1967 3250 2034 pharmaca
3305 1969 3501 2019 morbo

1936 2059 2186 2111 curando
2207 2057 2558 2110 accommoda
2582 2056 2952 2121 applicuisset,
2969 2056 3340 2108 excontinenti
3366 2071 3502 2124 puer

283 2147 546 2241 λ’Υστερον
574 2171 630 2222 δὲ
663 2166 1040 2235 κατασχεθεὶς,
1084 2162 1312 2228 ἐξεδάρη
1338 2157 1603 2223 καλάμοις
1623 2172 1636 2186 ο
1666 2157 1754 2208 καὶ
1780 2153 1840 2205 τὸ
1936 2150 1976 2202 ir

1813 2153 1840 2205 ὸ
1936 2150 1989 2202 in
2013 2149 2264 2202 manibus
2289 2148 2409 2212 ejus
2438 2147 2723 2215 expiravit.
2747 2148 3014 2212 Quocirca
3048 2163 3138 2200 rex
3163 2148 3241 2201 ira
3261 2157 3502 2214 perlutus

281 2263 456 2330 δέρμα
489 2261 676 2311 τούτου
709 2257 949 2322 πλησθὲν
1006 2253 1210 2320 ἀχύρου
1245 2247 1574 2315 ἐφυλάττετο
1604 2245 1661 2295 ὲν
1697 2245 1841 2311 Περ-

287 2353 390 2404 σίδι
412 2366 426 2380 ⁸
465 2351 729 2419 τιμῶντες
763 2348 820 2398 δὲ
848 2345 1007 2397 αὑτὸν
1040 2343 1090 2392 οι
1122 2340 1412 2408 Μανιχαῖοι
1455 2336 1547 2388 ἐπὶ
1578 2333 1840 2399 καλάμων

287 2442 382 2504 τὰ;
410 2443 543 2503 ιδίας
577 2441 761 2499 κοίτας
792 2434 1090 2488 ποιοῦνται.

1939 2241 1995 2293 in
2017 2253 2269 2293 carceres
2293 2239 2442 2290 illum
2471 2239 2737 2306 cunjecit:
2775 2238 2918 2292 unde
2936 2239 3253 2292 custodibus
3269 2240 3504 2306 pecunia

1948 2332 2225 2398 corruptis
2287 2331 2518 2398 aufugit.
2551 2331 2630 2383 Ad
2668 2339 2971 2383 extremum
3028 2340 3208 2384 autem
3253 2346 3502 2398 compre-

1948 2421 2173 2482 hensus.
2224 2432 2280 2475 et
2335 2421 2700 2475 arundinibus
2758 2423 3072 2474 excoriatus
3101 2430 3218 2474 est:
3270 2421 3498 2489 ejusque

288 2537 445 2604 pellis
494 2533 663 2602 paleis
706 2527 1060 2584 sulIarcinata
1105 2523 1163 2576 in
1213 2516 1439 2576 Perside
1487 2510 1830 2568 servabatur.
1871 2510 2142 2568 Caeterum
2175 2513 2230 2566 in
2261 2513 2379 2581 ejus
2433 2513 2698 2566 honorem
2755 2509 3036 2567 Hanichai
3078 2526 3244 2582 super
3280 2512 3506 2566 arundi-

290 2630 454 2683 nibus
479 2628 653 2681 leetos
680 2639 809 2678 suos
837 2624 1172 2676 insternunt.

888 2736 1270 2803 Ἀντίρῤησις.

364 2857 477 2926 Τὴν
507 2852 870 2910 ἁποστολικὴν
907 2852 1062 2920 ῥῆσιν
1097 2849 1198 2914 τὴν
1221 2844 1484 2910 λέγουσαν
1514 2839 1570 2892 ὲν
1592 2837 1849 2908 ὁμοιώσει

293 2944 579 3015 ἀνθρώπου
607 2944 836 3012 φανῆναι
857 2941 946 2991 τὸν
978 2938 1201 3005 Κύριον,
1225 2935 1318 2985 καὶ
1352 2933 1593 3000 σχήματι
1624 2927 1849 2998 εὑρεθῆ-

294 3054 379 3088 ναι
405 3039 477 3097 ὡς
507 3034 810 3102 ἄνθρωπον,
841 3031 890 3081 οι
933 3028 1218 3095 Μανιχαῖοι
1259 3024 1441 3085 κακῶς
1474 3019 1848 3087 ὲκλαϐόμενοι,

291 3126 504 3194 αἵρεσιν
534 3125 746 3183 ἑαυτοῖς
771 3121 1166 3186 συνεστήσαντο
1190 3117 1514 3184 φάσκοντες,
1548 3128 1687 3164 κατα
1715 3127 1850 3175 φαν-

294 3216 487 3266 τασίαν
552 3215 721 3284 μόνην
775 3212 1006 3279 ὀφθῆναι
1054 3210 1147 3261 καὶ
1205 3207 1398 3259 παθεῖν
1451 3205 1542 3254 τὸν
1595 3200 1848 3269 Χριστόν.

308 3307 497 3376 Ἡμεῖς
528 3306 582 3357 δὲ
607 3309 632 3358 ό
664 3309 760 3373 τῆς
781 3302 1005 3370 φυτείας
1036 3298 1270 3367 Χριστοῦ
1302 3296 1458 3359 λεὼς,
1496 3295 1553 3345 τὸ
1575 3296 1630 3344 ὲν
1656 3292 1854 3359 ὁμοιώ-

301 3414 427 3464 ματι
481 3394 770 3464 ἀνθρώπου
818 3391 1068 3460 γενέσθαι
1125 3389 1219 3440 καὶ
1261 3389 1497 3456 σχήματι
1545 3383 1854 3450 εὑρεθῆναι,

294 3489 437 3543 οὕτω
479 3485 743 3547 θεοσεϐῶς
788 3486 926 3537 νοεῖν
975 3478 1356 3548 ἐδιδάχθημεν,
1398 3478 1491 3528 καὶ
1524 3475 1854 3542 πιστεύομεν

299 3583 379 3633 ὅτι
430 3580 528 3640 τὴν
579 3577 851 3646 ἡμετέραν
883 3572 1044 3642 φύσιν
1106 3568 1426 3640 προσλαϐὼν
1471 3569 1560 3620 καὶ
1589 3564 1702 3627 ἶσος
1727 3567 1856 3632 ἡμῖν

301 3671 458 3737 ὤφθη
481 3670 575 3721 καὶ
603 3670 785 3737 ὅμοιος
805 3667 880 3726 ὡς
913 3665 1124 3733 μορφὴν
1156 3662 1342 3714 δούλου
1375 3658 1573 3720 λαϐὼν,
1607 3659 1722 3725 ἦτοι
1759 3656 1857 3722 φύ-

303 3777 385 3812 σιν
416 3761 701 3827 ἀνθρώπου
733 3757 1046 3821 δεξάμενος,
1071 3753 1130 3803 οὐ
1162 3754 1302 3803 κατά
1349 3748 1690 3816 ἀνθρωπίνην
1728 3747 1859 3796 ἁκο-

300 3850 515 3902 λουθίαν
545 3848 679 3900 ἀλλὰ
696 3847 816 3914 δίχα
843 3846 1176 3912 σπέρματος.
1209 3841 1282 3892 Τὸ
1319 3840 1417 3908 μὲν
1442 3843 1548 3905 γάρ
1583 3843 1643 3888 ἐκ
1672 3852 1863 3901 γυναι-

303 3944 396 4001 κ“ς
434 3938 738 4007 προελθεῖν,
774 3935 1116 4004 ἀνθρώπινον
1159 3933 1254 3982 καὶ
1307 3930 1453 3997 αύτῴ
1507 3929 1583 3996 τῲ
1641 3925 1860 3993 Χριστῷ

306 4031 436 4082 ἴδιον
459 4047 472 4060 ·
515 4030 576 4080 τὸ
601 4029 656 4080 δὲ
688 4031 752 4080 ὲκ
785 4025 1078 4094 παρθένου,
1101 4021 1240 4090 ὑπὲρ
1265 4021 1547 4086 ἄνθρωπον
1576 4018 1670 4068 καὶ
1698 4015 1860 4083 μόνου

305 4119 564 4188 Χριστοῦ.
593 4119 653 4168 Εἰ
693 4118 800 4185 γὰρ
832 4118 924 4168 καὶ
954 4116 1013 4167 τὸ
1056 4113 1396 4181 ἀνθρώπινον
1422 4106 1558 4170 εἶδος
1607 4103 1739 4175 εἶχε,
1770 4106 1866 4158 καὶ

306 4212 520 4279 άληθῶς
545 4211 677 4262 αὐτὸ
715 4209 1047 4278 περιέκειτο,
1083 4205 1195 4258 ἀλλ’
1235 4200 1330 4255 οὖν
1384 4201 1542 4252 πλέον
1597 4195 1742 4267 εἶχεν
1769 4200 1866 4249 ἁν-

309 4302 549 4372 θρώπου,
611 4303 672 4352 τὸ
728 4303 802 4366 μὴ
832 4299 986 4364 ψιλὸν
1031 4297 1192 4348 αὑτὸν
1244 4292 1384 4345 εἶναι
1412 4293 1716 4360 ἄνθρωπον,
1751 4288 1865 4342 ἀλλ’

308 4394 584 4464 ἡνωμένον
626 4390 838 4458 θεότητι
862 4404 875 4417 ·
910 4388 1002 4439 καὶ
1025 4387 1202 4446 ἄλλως
1231 4385 1286 4436 δὲ
1329 4385 1505 4434 εἰπεῖν
1535 4384 1593 4434 τὸ
1617 4383 1868 4448 ὁμοίωμα

2225 2720 2495 2774 Harenas
2534 2719 2873 2788 praecedentis
2909 2719 3223 2787 confatalia.

2019 2835 2390 2903 Apostolicam
2414 2849 2626 2897 vocem,
2672 2848 2781 2902 quo
2825 2833 3090 2886 Dominus
3142 2834 3196 2885 in
3233 2833 3505 2885 hominum

1951 2925 2349 2978 similitudinem
2382 2926 2574 2991 factus,
2604 2933 2651 2974 et
2678 2925 2854 2976 habitu
2889 2926 3127 2976 inventus
3177 2933 3234 2976 ut
3267 2926 3420 2977 homo
3451 2925 3498 2955 "

1948 3019 2118 3071 fuisse
2152 3017 2375 3080 dicitur,
2423 3016 2703 3070 Manicliaei
2745 3017 2885 3069 male
2937 3016 3347 3083 detorquentes,
3389 3015 3500 3068 ha:-

1876 3132 1918 3188 (ς
1957 3110 2101 3163 resin
2141 3124 2295 3161 suam
2337 3110 2766 3169 cciistituerunt,
2806 3108 3029 3174 solaque
3067 3107 3373 3174 phantasia,
3407 3119 3501 3159 seu

1954 3201 2322 3261 simulatione,
2368 3197 2645 3252 Christum
2681 3198 3018 3266 apparuisse,
3048 3205 3102 3249 et
3135 3211 3351 3263 passum
3385 3211 3506 3249 esse

1954 3292 2231 3345 dixerunt.
2270 3291 2379 3343 Nos
2411 3298 2614 3351 autem,
2664 3289 2757 3355 qui
2807 3287 3040 3355 pottulus
3084 3301 3291 3346 sumus,
3339 3301 3502 3354 quem

1954 3383 2205 3438 Christus
2237 3381 2522 3450 plantavit,
2556 3382 2731 3448 ipsum
2757 3379 2809 3432 in
2850 3378 3211 3431 similitudine
3267 3377 3507 3430 hominis

1954 3475 2142 3537 fuisse,
2162 3473 2418 3528 etbabitu
2445 3470 2861 3531 inventum,hoc
2891 3483 3050 3521 sensu
3078 3469 3163 3536 pie
3202 3467 3508 3536 intelligere

1957 3566 2269 3628 didicimus,
2301 3575 2360 3616 ut
2392 3573 2447 3617 et
2477 3562 2774 3622 credimus,
2796 3576 2920 3613 eum
2961 3561 3191 3622 scilicet,
3230 3570 3506 3626 assumpta

1957 3657 2086 3710 na'tu
2098 3674 2153 3708 ra
2176 3665 2379 3719 nostra,
2397 3655 2551 3708 nobis
2567 3654 2826 3722 aqualem
2842 3662 2894 3705 et
2913 3653 3143 3704 similem
3167 3653 3484 3719 apparuisse
3496 3687 3509 3710 ,

1961 3757 2021 3799 ut
2041 3749 2131 3814 qui
2161 3748 2303 3798 servi
2335 3746 2562 3798 fortnam
2590 3745 2913 3810 accepisset,
2947 3758 3042 3794 seu
3070 3743 3311 3794 hominis
3342 3751 3514 3793 natu-

1961 3855 2076 3892 ram
2100 3839 2502 3906 assumpsissct,
2545 3853 2646 3889 nec
2696 3851 2814 3889 eam
2844 3835 3062 3903 quidem
3090 3834 3325 3886 humana
3385 3847 3516 3887 con-

1963 3933 2194 3995 ditione,
2225 3933 2319 3984 sed
2347 3933 2553 3998 absque
2581 3929 2807 3984 semine.
2839 3928 2992 3992 Quod
3033 3929 3180 3981 enim
3202 3942 3266 3980 ex
3291 3926 3518 3980 muliere

1964 4019 2312 4088 processerit,
2338 4019 2660 4080 humanum,
2685 4017 2734 4070 id
2756 4018 2968 4085 ipsique
2991 4015 3209 4068 Christo
3234 4015 3517 4083 pr0prium

1965 4110 2089 4163 fuit.
2115 4111 2267 4174 Quod
2301 4126 2430 4163 vero
2457 4125 2523 4162 ex
2555 4110 2789 4177 virgine,
2823 4108 2872 4159 id
2919 4107 3160 4159 humana
3206 4104 3520 4159 conditione

1968 4201 2334 4270 praestantius,
2367 4210 2530 4268 atque
2557 4201 2836 4268 proprium
2868 4198 3068 4251 Christi
3092 4197 3262 4249 solius
3293 4194 3524 4248 exstitit.

1970 4293 2084 4346 Etsi
2107 4293 2254 4347 enim
2287 4292 2522 4346 humana
2543 4291 2716 4343 forma
2749 4305 2878 4342 vere
2932 4288 3196 4355 prieilitus
3235 4295 3375 4348 erat,
3426 4285 3530 4336 hoc

1974 4393 2156 4436 tamen
2207 4384 2485 4436 hominem
2539 4380 2855 4449 superabat,
2903 4383 3046 4448 quod
3080 4379 3243 4430 homo
3293 4375 3522 4443 simplex

312 4453 486 4538 καὶτὸ
510 4483 715 4552 σχῆμα,
756 4453 852 4533 καὶ
881 4482 942 4533 τὸ
999 4479 1299 4547 ἀμφίϐολον
1354 4479 1446 4528 τοῦ
1492 4477 1869 4544 ὲπιρρήματος
1902 4453 1945 4507 D
1975 4491 2005 4529 ιι

1837 4490 1869 4534 ις
1902 4453 1945 4507 D
1975 4476 2225 4529 nudusve
2258 4489 2367 4528 non
2399 4484 2567 4536 esset,
2597 4472 2946 4525 atdivinitati
2999 4471 3348 4537 conjunctus.
3383 4466 3530 4520 Aliu-

312 4581 392 4642 τὸ,
435 4574 530 4641 Ὠς
558 4579 884 4641 ἅνθρωπος,
919 4571 1162 4624 δοκοῦσιν
1187 4566 1297 4622 οἷον
1318 4568 1393 4635 τῷ
1420 4567 1876 4636 τῆςιὲνανορωπή-

316 4687 450 4730 σεως
476 4671 618 4736 λόγῳ
655 4665 1033 4736 λυμαίνεσθαι.
1078 4664 1221 4731 Πλὴν
1248 4662 1344 4730 οὐχ
1388 4662 1570 4727 ὅμοιος
1601 4661 1872 4728 ἀνθρώπῳ

315 4765 344 4814 ό
375 4759 573 4827 Κύριος
603 4759 848 4825 γέγονεν,
887 4756 1001 4808 ἀλλ’
1042 4755 1323 4823 ἄνθρωπος
1371 4754 1576 4813 τέλειος
1630 4751 1737 4803 οὐδ’
1765 4752 1874 4802 ὦσ-

321 4869 426 4921 περ
455 4856 509 4903 εν
542 4853 714 4921 σκηνῇ
768 4848 1262 4919 δραματουργήσας
1323 4846 1382 4896 τὸ
1432 4844 1614 4912 σῶμα,
1655 4845 1753 4895 καὶ
1778 4841 1876 4911 τὴν

321 4944 628 5013 οἰκονομίαν
654 4941 986 5010 ὑποκριθείς,
1013 4938 1396 5006 ὑποϐολιμαῖον
1428 4938 1764 5005 προσωπεῖον
1785 4935 1876 4987 τὸν

323 5035 607 5104 ἄνθρωπον
631 5032 830 5096 ἔξωθεν
860 5030 1230 5100 περιεϐάλετο,
1270 5028 1383 5080 οὗθ’
1412 5027 1601 5094 ὥσπερ
1653 5026 1710 5077 al
1736 5026 1878 5078 κατὰ

323 5123 432 5175 τῶν
456 5125 647 5193 τοίχων
680 5123 766 5174 διὰ
793 5123 1098 5190 χρωμάτων
1143 5119 1314 5180 σκιαὶ,
1375 5117 1558 5184 σχῆμα
1595 5118 1751 5184 μόνον
1783 5114 1877 5166 καὶ

323 5216 383 5264 οὐ
404 5215 503 5284 τὴν
530 5212 623 5266 τοῦ
647 5213 930 5281 ἀνθρώπου
960 5209 1120 5278 φύσιν
1143 5207 1527 5278 προσείληφεν,
1559 5205 1633 5267 ὡς
1666 5206 1740 5273 μὴ
1777 5220 1873 5255 κυ-

328 5306 457 5376 ρίως
482 5301 621 5358 εἶναι
651 5304 957 5373 ἄνθρωπος,
987 5301 1103 5354 ἀλλ’
1127 5301 1202 5362 ὡς
1252 5298 1533 5367 ἄνθρωπος
1564 5295 1872 5362 φαίνεσθαι.

329 5397 511 5450 Ταῦτα
529 5397 635 5466 γὰρ
661 5399 692 5466 ἡ
724 5394 1033 5454 ἐπιπόλαιος
1054 5392 1145 5444 τοῦ
1177 5386 1536 5444 ἀποστολικοῦ
1568 5387 1725 5455 λόγου
1757 5389 1879 5436 ὲπι-

328 5491 456 5560 ϐολὴ
481 5491 734 5559 ἐμφαίνει
785 5492 893 5551 τοῖς
942 5487 1018 5557 μὴ
1067 5486 1147 5547 είς
1201 5485 1261 5534 τὸ
1294 5483 1454 5551 βάθος
1488 5480 1874 5546 ὲγκύπτουσιν.

340 5585 476 5638 Ἀλλ’
507 5583 773 5645 οὑσιὼσας
829 5584 886 5636 ὲν
915 5580 1091 5650 ἑαυτῷ
1141 5579 1238 5648 τὴν
1289 5575 1635 5646 ἀνθρωπίνην
1690 5575 1873 5640 φύσιν,

402 5767 446 5797 ’⁸
476 5766 615 5822 Phil.
653 5783 712 5830 Il,
741 5769 793 5821 7.

1975 4570 2090 4635 qui,
2119 4576 2176 4620 ut
2223 4567 2296 4619 ita
2347 4567 2544 4627 dicam,
2597 4563 2917 4623 similitudo,
2957 4570 3011 4614 et
3056 4561 3292 4621 habitus,
3328 4569 3382 4611 et
3436 4557 3531 4608 atl-

1975 4662 2170 4723 verbii,
2213 4671 2273 4715 ut
2304 4663 2488 4724 homo,
2525 4659 2875 4728 ambiguitas,
2905 4652 3300 4709 incarnationis
3332 4648 3528 4702 rationi

1977 4752 2368 4808 velutoﬂicere
2393 4753 2668 4806 videntur.
2712 4749 2980 4803 Caeterum
3032 4745 3297 4798 Dominus
3360 4739 3534 4793 haud-

1973 4860 2246 4913 quaquam
2275 4843 2471 4896 similis
2506 4839 2733 4904 homini,
2761 4838 2856 4892 sed
2897 4835 3174 4905 perfectus
3199 4833 3363 4900 homo
3387 4830 3528 4910 iuit:

1974 4951 2076 4989 nec
2126 4945 2381 5002 tanquam
2419 4933 2471 4985 in
2494 4930 2784 5000 proscenio
2812 4928 3050 4981 fabulam
3067 4935 3310 4984 acturus,
3331 4935 3530 4989 corpus

1973 5039 2027 5080 et
2050 5026 2514 5094 dispensationem
2541 5020 2882 5089 conﬁngens,
2908 5016 3244 5072 subdititiam
3272 5009 3527 5073 hominis,

1974 5132 2259 5186 personam
2284 5115 2530 5169 exterius
2578 5111 2900 5180 assumpsit,
2958 5123 3058 5161 nec
3106 5118 3360 5173 tanquam
3411 5116 3529 5152 um-

1973 5208 2107 5267 bra:,
2141 5222 2260 5274 qua:
2288 5206 2532 5258 colorum
2595 5201 2925 5256 adminiculo
2969 5197 3277 5267 parietibus
3337 5191 3505 5261 appin

1981 5312 2209 5372 guntur,
2242 5298 2484 5352 habitum
2529 5295 2728 5354 solum,
2772 5307 2874 5345 nec
2910 5293 3039 5343 item
3097 5288 3336 5341 hominis
3375 5298 3534 5340 natu-

1984 5412 2098 5448 ram
2126 5389 2438 5456 assumpsit,
2497 5388 2570 5440 ita
2614 5394 2673 5438 ut
2726 5399 2834 5436 non
2871 5382 3088 5450 pr0prie
3131 5381 3292 5431 homo
3339 5377 3529 5436 fuerit,

1983 5487 2075 5540 sed
2103 5496 2161 5539 ut
2189 5485 2351 5536 homo
2388 5478 2723 5548 apparuerit.
2747 5474 2891 5544 (Haec
2917 5474 3060 5526 enim
3086 5470 3327 5540 Apostoli
3367 5468 3530 5521 verba

1984 5579 2038 5634 in
2071 5574 2358 5647 superﬁcie
2393 5589 2502 5642 pra:
2533 5586 2588 5625 se
2625 5569 2830 5630 ferunt,
2894 5567 2939 5620 si
2964 5564 3057 5634 qui
3082 5560 3404 5632 profundius
3425 5572 3534 5611 non
