4288 6372
269 412 394 474 1321

1510 392 1895 454 THESAURI
1926 393 2088 452 LIB.
2134 395 2230 454 IV.

3338 393 3471 456 132?.

268 529 461 580 malum
513 533 621 571 non
679 525 780 569 est.
846 514 964 568 Jam
1029 521 1172 579 quod
1250 507 1366 575 pari
1448 505 1818 559 custodienda:
1858 515 2039 570 aptum
2070 513 2175 559 est.
2250 502 2299 554 iul
2337 517 2464 554 vero
2493 500 2692 554 belmm
2723 517 2938 556 movere
2999 516 3350 573 pttgnareque
3377 523 3475 560 nec

262 619 398 688 quit.
426 614 543 678 Quo
573 610 649 673 ﬁt,
675 617 736 662 ut
777 603 1102 674 principium
1139 616 1303 653 unum
1355 599 1712 668 relinquatur,
1762 596 1812 648 id
1855 600 2076 658 lanium,
2106 610 2160 650 et
2193 598 2260 649 ab
2293 598 2438 649 omni
2473 597 2602 649 vitio
2639 598 2890 650 liberum.

335 708 393 758 El.
427 703 481 754 δὲ
506 702 756 770 φήσουσι,
788 698 880 748 καὶ
909 694 1070 746 πόθεν
1097 694 1156 743 τὸ
1188 691 1506 758 κακὸνέφιη
1543 689 1821 756 ἀμήχανεν
1852 698 1892 749 Α
1991 691 2028 755 ρ

1782 706 1821 739 .ν
1852 698 1892 749 Α
1991 689 2146 755 Quod
2176 689 2220 741 si
2254 690 2558 754 percontari
2584 690 2770 748 velint,
2807 686 3074 740 undenam
3103 687 3301 740 malum
3333 688 3475 740 oria-

265 799 369 866 γὰρ
399 797 462 844 ὲκ
489 793 580 844 τοῦ
610 787 816 858 ἀγαθοῦ
842 788 900 838 τὸ
928 787 1092 838 κακὸν
1134 785 1414 850 εἰληφέναι
1454 783 1552 848 τὴν
1577 779 1816 844 γένεσιν,

266 883 443 954 φαμὲν
466 883 546 933 ὅτι
577 882 636 932 τὸ
663 877 831 929 κακὸν
861 877 1010 927 οὐδὲν
1037 875 1220 940 ἕτερόν
1249 874 1392 922 ἐστιν
1429 885 1454 938 η
1492 868 1584 919 τοῦ
1619 867 1820 932 ἀγαθοῦ

267 974 544 1041 στέρησις,
566 972 658 1022 καὶ
688 970 751 1019 ὲκ
778 967 869 1020 τοῦ
899 966 1038 1018 κατὰ
1071 964 1229 1030 φύσιν
1267 967 1346 1023 εἰς
1390 963 1448 1012 τὸ
1480 959 1630 1027 παρὰ
1664 959 1821 1024 φύσιν

268 1064 628 1136 παρατροπή·
658 1061 832 1126 ,οὐδὲν
869 1059 978 1124 γὰρ
1029 1055 1194 1106 κακὸν
1231 1054 1368 1105 κατὰ.
1400 1051 1592 1118 φύσιν·
1650 1050 1824 1102 πάντα

269 1158 377 1222 γαρ
423 1155 520 1203 ὅσα
579 1150 836 1215 ἐποίησεν
884 1149 910 1197 ό
938 1145 1090 1206 Θεὸς,
1122 1143 1240 1195 λίαν
1289 1143 1396 1192 εἰσὶ
1448 1139 1606 1199 καλὰ,
1645 1137 1765 1190 καθ’
1798 1137 1827 1186 ὂ

269 1246 457 1311 γεγόνει
470 1260 538 1294 σι.
574 1242 814 1292 Μένοντα
838 1237 1012 1286 τοίνυν
1039 1234 1216 1291 καθὼς
1245 1231 1508 1292 ἔκτισται,
1542 1229 1683 1280 καλὰ
1708 1228 1827 1277 λίαν

270 1338 442 1388 εἰσίν·
487 1331 746 1390 ἑκουσίως
784 1329 838 1378 δὲ
875 1327 1226 1391 ἀποφυγόντα
1255 1323 1318 1372 ὲκ
1354 1319 1444 1372 τοῦ
1479 1320 1614 1370 κατὰ
1648 1317 1824 1383 φύσιν,

271 1428 361 1477 καί
393 1425 467 1485 είς
492 1425 550 1475 τὸ
577 1423 723 1490 παρὰ
744 1420 904 1486 φύσιν
929 1421 1173 1474 ἐλθόντα,
1204 1418 1258 1465 ὲν
1285 1414 1360 1482 τῷ
1387 1413 1539 1480 κακῴ
1567 1413 1824 1477 γίνονται.

271 1518 422 1567 Κατὰ
485 1515 646 1580 φύσιν
695 1513 795 1580 μὲν
826 1512 919 1564 οὖν
954 1512 1130 1561 πάντα
1173 1509 1327 1559 δοῦλα
1369 1510 1462 1559 καὶ
1515 1505 1728 1573 ὑπήκοα
1755 1502 1829 1570 τῷ

268 1603 609 1673 δημιουργῷ·
664 1606 790 1655 ὅταν
847 1602 902 1652 δὲ
943 1600 1204 1658 ὲκουσίω;
1251 1615 1304 1648 τι
1363 1595 1472 1646 τῶν
1518 1596 1828 1660 κτισμάτων

270 1695 567 1764 ἀφηνιασῃ,
599 1696 692 1744 καὶ
731 1693 1010 1759 παρήκοον
1038 1691 1131 1741 τοῦ
1156 1690 1473 1754 ποιήσαντος
1515 1687 1641 1736 αὑτὸ
1672 1685 1832 1750 γένη-

271 1801 381 1848 ται,
407 1788 466 1836 ὲν
497 1783 673 1850 ἑαυτῷ
715 1785 1038 1850 συνέστησεν
1064 1783 1160 1843 τὴν
1198 1778 1415 1830 κακίαν·
1459 1780 1488 1843 ἡ
1524 1779 1630 1846 γὰρ
1661 1777 1831 1826 κακία

272 1873 393 1924 οὕτε
421 1873 575 1924 οὐσία
609 1889 693 1932 τις
726 1873 892 1928 ἐστιν,
925 1870 1047 1920 οὔτε
1070 1869 1255 1929 obsis;
1283 1869 1492 1935 ίδῖωςια,
1525 1868 1658 1918 ἀλλὰ
1691 1883 1830 1932 συμ-

271 1961 542 2026 6ε6ηκόςο
607 1961 771 2025 ἦγουν
833 1957 1078 2018 ὲκούσιός
1139 1974 1222 2009 τις
1283 1956 1614 2024 παρατροπὴ
1645 1958 1707 2007 ἐκ
1741 1955 1831 2006 τοῦ

1926 791 2012 833 tnr
2047 794 2168 843 tnec
2198 779 2342 831 enim
2395 781 2508 832 lieri
2555 780 2664 832 ullo
2717 777 2877 830 modo
2911 787 3107 844 potest,
3144 787 3203 832 ut
3251 795 3281 832 a
3335 783 3480 833 bono

1927 871 2124 920 malum
2159 869 2421 935 originem
2451 867 2716 932 traxerit),
2738 866 2937 918 malum
2967 867 3099 919 nihil
3127 868 3297 931 aliud,
3317 884 3480 937 quam

1928 958 2054 1011 boni
2081 958 2434 1024 privationem
2465 972 2583 1011 esse
2609 957 2860 1018 dicimus,
2892 966 3054 1023 atque
3081 956 3216 1009 adeo
3244 961 3457 1011 eversio

1929 1064 2049 1099 nem
2087 1049 2203 1116 ejus
2228 1049 2371 1116 quod
2420 1057 2504 1101 est
2551 1056 2756 1099 natura:
2810 1057 3261 1108 consentaneum,
3315 1047 3368 1099 in
3429 1049 3481 1100 il

1929 1143 2071 1205 quod
2123 1150 2206 1192 est
2260 1149 2468 1192 natura:
2523 1138 2855 1190 contrarium
2899 1156 2909 1189 :
2952 1137 3220 1204 siquidem
3275 1138 3484 1190 nuilum

1931 1233 2127 1283 malum
2179 1240 2384 1282 natura:
2415 1239 2860 1280 consentaneum.
2902 1227 3095 1281 Omnia
3146 1229 3291 1282 enim
3341 1243 3488 1295 quae-

1931 1341 2142 1393 cunque
2189 1323 2314 1376 l‘eeit
2358 1324 2518 1386 Deus,
2556 1324 2711 1378 valde
2758 1323 2899 1376 bona
2941 1335 3085 1386 sunt,
3120 1324 3165 1377 si
3197 1326 3488 1378 ereationis

1935 1434 2126 1472 eorum
2185 1416 2449 1468 habeatur
2501 1417 2660 1468 ratio.
2720 1415 2956 1468 Proinde
3012 1415 3056 1468 si
3103 1415 3282 1483 qualia
3311 1424 3488 1467 creata

1931 1516 2078 1562 sunt.
2117 1506 2239 1557 talia
2268 1514 2542 1565 maneant,
2575 1503 2729 1556 valde
2786 1506 2923 1555 bona
2970 1514 3135 1566 sunt;
3181 1512 3232 1554 at
3269 1503 3312 1554 si
3349 1503 3491 1554 ultro

1931 1598 1998 1650 ab
2027 1611 2092 1648 eo
2117 1593 2258 1662 quod
2299 1605 2381 1647 est
2412 1606 2618 1648 natura:
2651 1604 3099 1656 consentaneum,
3154 1595 3217 1646 atl
3269 1594 3318 1646 id
3361 1594 3492 1646 deﬁ-

1933 1685 2100 1744 ciant,
2136 1685 2276 1752 quod
2308 1693 2514 1736 natura:
2545 1693 2828 1751 repugnat,
2873 1685 2980 1750 jam
3026 1684 3166 1735 malo
3200 1699 3492 1736 accensen-

1938 1784 2043 1826 tur.
2074 1775 2274 1827 Natura
2303 1774 2463 1842 igitur
2491 1774 2671 1826 omnia
2699 1789 2878 1825 rerum
2906 1773 3096 1841 Opiﬁci
3127 1773 3494 1842 subjiciuntur

1935 1875 2095 1932 atque
2130 1873 2338 1932 parent.
2379 1863 2512 1917 Cum
2550 1879 2677 1916 vero
2717 1873 2965 1917 creatura
3011 1865 3276 1933 qumpiam
3314 1864 3493 1916 rebel-

1937 1957 2148 2029 laverit.
2179 1963 2232 2007 et
2261 1955 2504 2007 Creatori
2541 1969 2642 2006 suo
2673 1954 2852 2006 minus
2901 1957 3222 2022 morigeram
3264 1970 3321 2008 se
3357 1970 3493 2023 prae-

271 2054 410 2100 κατα
432 2051 592 2116 φύσιν
629 2051 708 2110 είς
749 2048 810 2098 τὸ
843 2051 992 2115 παρὰ
1023 2046 1201 2114 φύσιν,
1236 2047 1370 2112 ὅπερ
1393 2048 1540 2097 ἐστὶν
1575 2046 1607 2111 ἡ
1648 2044 1828 2113 ἀμαρ-
1865 2034 1903 2090 Β
1933 2063 1958 2101 ε

1794 2071 1828 2084 ι·
1865 2034 1903 2090 Β
1933 2046 2154 2108 stiterit,
2191 2047 2293 2098 sibi
2337 2046 2527 2096 vitium
2571 2045 2715 2096 ultro
2769 2046 3071 2098 accersivit.
3124 2046 3258 2098 Nam
3297 2047 3487 2096 vitium

267 2139 379 2189 τία.
419 2140 484 2190 Ἦ
546 2139 604 2189 δὲ
641 2139 887 2204 ἁμαρτία
943 2139 1041 2204 τῆς
1067 2136 1424 2200 αὑτεξουσίου
1460 2135 1556 2186 τοῦ
1587 2136 1832 2186 ausam

271 2230 492 2298 γνώμης
547 2228 784 2299 εὖρεμασ
825 2228 991 2289 κακὸς
1045 2224 1138 2278 οὖν
1169 2229 1200 2275 ό
1250 2225 1515 2287 διάϐολος,
1565 2227 1626 2276 οὑ
1658 2224 1777 2276 καθ’
1810 2225 1838 2274 ὃ

275 2319 514 2382 γέγονεν,
541 2315 772 2383 ἄγγελος
791 2314 898 2386 γὰρ
927 2315 1315 2382 φωτεινότερος
1340 2315 1432 2364 καὶ
1460 2312 1838 2380 λαμπρότερος

275 2410 382 2458 ὑπὸ
411 2405 504 2458 τοῦ
535 2407 878 2476 Δημιουργοῦ
911 2407 1177 2467 ἔκτισται,
1213 2401 1557 2464 αὑτεξοὺσιος
1587 2401 1660 2460 ὠς
1692 2400 1840 2466 loyc-

276 2499 368 2559 κός
391 2515 403 2528 ·
437 2500 696 2558 ἑκουσίως
743 2498 798 2547 δὲ
828 2495 1094 2561 τῆςκατά
1160 2495 1320 2560 φύσιν
1380 2493 1584 2562 ἀρετῆς
1612 2494 1837 2559 ἀπεφοί-

274 2607 430 2658 τη;ε,
473 2592 564 2641 καὶ
594 2592 650 2639 ἐν
681 2588 755 2658 τῷ
781 2587 926 2656 ζόφῳ
960 2589 1054 2654 τῆς
1081 2587 1278 2648 κακίας
1305 2586 1543 2652 ἐγένετο,
1564 2586 1698 2635 Θεοῦ
1731 2602 1832 2651 μα-

278 2681 526 2743 κρυνυεὶς
567 2679 660 2729 τοῦ
690 2679 853 2746 μόνου
883 2676 1088 2742 ἀγαθοῦ
1121 2678 1216 2728 καὶ
1257 2675 1517 2737 ζωοποιοῦ
1538 2691 1550 2703 ⁶
1591 2673 1650 2737 ἐξ
1675 2673 1840 2726 αὑτοῦ

277 2776 384 2836 γὰρ
423 2771 527 2820 πᾶν
563 2769 766 2834 ἀγαθὸν
796 2768 1128 2833 ἁγαϐύνεται
1153 2781 1166 2794 ’
1206 2767 1299 2817 καὶ
1335 2765 1564 2817 καθόσον
1587 2767 1644 2830 ἐξ
1679 2763 1842 2816 αὑτοῦ

280 2861 597 2928 ξμακρύνθη
621 2860 836 2927 γνώμῃ,
875 2860 933 2908 οὔ
969 2858 1073 2925 γὰρ
1115 2858 1289 2925 τόπῳ,
1319 2860 1376 2907 ὲν
1403 2856 1477 2926 τῷ
1503 2857 1659 2924 κακῴ
1687 2858 1846 2923 γέγο-

283 2967 389 3002 δίεν.

1931 2149 2112 2202 neque
2137 2134 2442 2187 substantia
2487 2149 2664 2202 neque
2695 2134 3015 2188 substantia:
3058 2135 3359 2202 proprietas
3385 2136 3492 2187 ulia

1931 2235 2036 2287 est,
2070 2225 2166 2279 sed
2206 2223 2478 2286 accidens,
2526 2241 2619 2278 seu
2657 2227 2908 2294 spontina
2972 2225 3218 2294 qua'dam
3265 2225 3494 2278 ilcﬁexio

1937 2319 2004 2370 ab
2031 2331 2100 2370 eo
2132 2318 2278 2385 quod
2310 2325 2396 2370 est
2437 2325 2646 2369 natur-re
2674 2327 3122 2378 consentaneum,
3163 2317 3231 2371 ad
3267 2319 3317 2371 id
3347 2318 3491 2387 quod

1938 2419 2143 2464 natura:
2206 2417 2510 2478 repugnat:
2560 2409 2706 2476 quod
2756 2409 2979 2476 quidem
3039 2418 3317 2475 peccatmn
3385 2419 3490 2460 est.

1934 2500 2222 2552 Peccatum
2278 2506 2460 2550 autem
2515 2495 2697 2549 liberm
2733 2495 2934 2549 diaboli
2967 2496 3260 2549 voluntatis
3307 2496 3497 2549 inven-

1933 2599 2048 2643 tum
2089 2600 2192 2643 est.
2244 2587 2476 2642 Proinde
2524 2588 2774 2642 diabolus
2831 2589 3004 2641 malus
3045 2598 3148 2649 est,
3190 2605 3298 2643 non
3346 2590 3492 2658 quod

1939 2681 2062 2734 talis
2086 2689 2302 2734 creatus
2333 2679 2519 2742 fuerit,
2563 2679 2785 2747 angelus
2845 2680 2991 2732 enim
3039 2680 3408 2734 lucidissimus
3441 2691 3498 2732 et

1939 2771 2279 2823 clarissimus
2331 2783 2358 2820 a
2408 2784 2590 2820 rerum
2622 2768 2867 2820 omnium
2904 2768 3096 2836 opiﬁce
3145 2769 3254 2821 Deo
3283 2777 3499 2822 creatus

1938 2871 2022 2915 est
2061 2871 2223 2929 atque
2255 2861 2429 2913 libero
2453 2861 2683 2912 arbitrio
2736 2860 2995 2928 praeditus
3021 2901 3034 2922 ,
3073 2861 3196 2928 quia
3240 2862 3498 2915 nimirum

1942 2950 2168 3002 rationis
2199 2951 2472 3017 particeps
2507 2966 2520 3000 :
2564 2959 2754 3017 sponte
2804 2964 2934 3001 vero
2987 2964 3016 3002 a
3052 2951 3252 3004 virtute
3295 2961 3503 3006 natura:

279 3055 636 3098 tonsentanea
672 3045 935 3100 descivit:
968 3055 1022 3098 et
1049 3046 1113 3098 ad
1147 3045 1258 3097 vitii
1310 3046 1592 3113 caliginem
1636 3045 1956 3115 transfugit:
1999 3046 2185 3115 procul
2250 3059 2280 3096 a
2321 3042 2430 3097 Deo
2495 3054 2757 3105 remotus,
2785 3046 2878 3114 qui
2914 3045 3062 3100 solus
3100 3045 3273 3098 bonus
3309 3055 3363 3099 et
3423 3047 3502 3096 vi-

283 3141 471 3188 vitieas
501 3147 604 3190 est.
648 3139 725 3189 Ab
756 3140 874 3206 ipso
910 3140 1054 3190 enim
1088 3139 1351 3205 quidquid
1402 3140 1601 3190 bonum
1629 3148 1712 3190 est
1743 3178 1756 3200 ,
1825 3141 1874 3192 id
1914 3141 2049 3191 bene
2084 3147 2140 3189 ct
2207 3137 2438 3204 benigne
2497 3135 2693 3188 factum
2726 3143 2807 3188 est
2850 3145 2947 3189 :et
2985 3147 3250 3205 quatenus
3293 3137 3359 3190 ab
3409 3138 3500 3191 illo

281 3229 466 3294 procul
496 3229 798 3292 diverterit,
839 3230 1114 3282 voluntate
1153 3231 1316 3295 (nam
1365 3230 1483 3283 loco
1517 3245 1620 3282 non
1665 3232 1832 3297 item)
1876 3232 1941 3283 ad
1979 3231 2177 3284 malum
2211 3229 2428 3284 defecit.

357 3319 602 3378 Ματαιος
628 3319 806 3369 τοίνυν
844 3323 870 3370 ό
897 3322 1108 3386 Μάνης,
1152 3322 1242 3370 καὶ
1289 3323 1512 3382 σκότους
1542 3323 1846 3389 φθεγγόμε-
1871 3335 1914 3388 c
2018 3325 2050 3377 ν

1810 3340 1846 3373 ε-
1871 3335 1914 3388 c
2018 3325 2198 3377 Vanus
2231 3323 2409 3391 itaque
2438 3322 2618 3376 Manes
2649 3333 2751 3385 est,
2796 3332 2852 3376 et
2900 3323 3071 3377 {utilis
3098 3365 3111 3388 ,
3137 3324 3226 3391 qui
3265 3323 3503 3377 tenebris

281 3426 364 3469 νος
396 3408 541 3472 ἄξια,
571 3405 651 3469 οἷς
679 3410 740 3460 τὸ
791 3411 979 3472 σκότος
1016 3414 1111 3462 καὶ
1138 3411 1236 3478 τὴν
1271 3410 1402 3480 ὓλην
1433 3413 1578 3465 αἴδια
1629 3414 1841 3476 δοξάζει

281 3501 374 3549 καὶ
407 3499 524 3566 Θεῷ
585 3500 994 3566 συναγέννητα·
1063 3501 1264 3571 καίπερ
1319 3506 1532 3556 ἀκούων
1565 3505 1842 3566 Μωῦσέως

281 3591 555 3657 λέγοντος·
601 3593 694 3643 Ἐν
716 3593 869 3660 ἀρχῇ
899 3595 1188 3659 ἐποίησεν
1210 3599 1241 3647 ό
1280 3595 1423 3657 Θεὸς
1448 3596 1553 3645 τὸν
1585 3594 1842 3659 οὐρανὸν

283 3683 379 3731 καὶ
415 3682 526 3746 τὴν
552 3681 663 3748 γῆν
689 3698 702 3711 ·
754 3685 847 3735 καὶ
899 3684 978 3734 δτι
1014 3683 1071 3745 ἐξ
1105 3686 1200 3734 οὑκ
1229 3684 1398 3734 ὄντων
1441 3686 1508 3736 τὰ
1539 3685 1718 3736 πάντα
1756 3686 1846 3750 γέ-

284 3789 407 3837 γονε
428 3788 440 3800 ·
469 3777 562 3824 καὶ
591 3774 662 3832 ὡς
693 3775 805 3840 ἅμα
838 3776 896 3825 τὸ
927 3777 1040 3840 φῶς
1081 3775 1362 3843 παρήχθη,
1407 3777 1498 3826 καὶ
1542 3777 1599 3827 τὸ
1655 3777 1842 3834 σκότος

285 3864 628 3931 ὑπεχώρησε.
666 3866 770 3915 Καὶ
797 3865 903 3933 γὰρ
927 3866 954 3914 ὁ
985 3866 1364 3933 Σωφροιίσκου
1400 3866 1712 3934 Σωκράτης,
1752 3865 1844 3914 καὶ

280 3954 308 4001 ὁ
359 3951 679 4016 ’Δρίστωνος
728 3953 970 4015 Πλάτων,
1023 3959 1116 4005 καὶ
1151 3956 1197 4003 οἱ
1231 3955 1432 4004 τούτων
1463 3953 1712 4021 διάδοχοι,
1749 3954 1844 4003 καὶ

283 4042 460 4108 crepo:
498 4043 752 4101 πλεῖστοι,
791 4041 951 4109 τῆσδε
988 4045 1083 4108 τῆς
1113 4044 1268 4110 δόξης
1303 4045 1459 4109 γε’,ιέν
1504 4062 1642 4107 νται,
1670 4045 1760 4096 τοῦ
1787 4046 1844 4108 ἐξ

286 4131 650 4197 ὑποκειμένης
694 4130 824 4197 om;
865 4132 931 4182 τὰ
977 4138 1150 4184 πάντα
1206 4133 1695 4202 δημιουργηθῆναι,
1756 4138 1846 4185 καὶ

289 4221 534 4271 συναῖὃια
569 4223 705 4271 αὑτι
736 4221 830 4272 τοῦ
861 4221 996 4272 Θεοῦ
1034 4223 1302 4289 λέγοντες,
1346 4226 1516 4274 αἴτιον
1549 4227 1716 4292 αὑτῆς
1756 4228 1845 4276 τὸν

287 4309 417 4358 Θεὸν
439 4312 814 4376 ὀνομάζουσιν.
874 4314 946 4362 Οὑ
980 4317 1084 4381 μὴν
1130 4315 1300 4381 αὑτὴν
1333 4312 1510 4384 [ὓλην]
1539 4317 1630 4365 καὶ
1669 4317 1846 4383 κακὴν

287 4398 577 4466 ὁρίζονται.
618 4401 896 4468 Μςγίστην
953 4403 1060 4472 γὰρ
1099 4403 1446 4470 βλασφημίαν
1487 4404 1760 4473 νομίζουσι
1788 4407 1846 4456 τὸ

289 4489 450 4551 φάναι
489 4490 580 4540 τὸν
601 4490 735 4542 Θεὸν
769 4487 909 4542 εἶναι
935 4492 1044 4542 τῶν
1075 4493 1257 4543 κακῶν
1283 4496 1535 4562 ποιητήν.
1571 4497 1678 4546 Καὶ
1709 4497 1848 4546 ἐκεῖ·

288 4593 367 4625 νοι
392 4577 489 4641 μὲν
516 4577 731 4645 ἔχουσιν
771 4579 901 4640 τσως
935 4581 1056 4630 τινὰ
1079 4581 1430 4649 συγγνώμην,
1456 4589 1592 4650 μήτε
1635 4601 1847 4652 προφη-

1944 3414 2106 3482 digna
2157 3413 2544 3481 proloquitur,
2604 3427 2725 3465 curn
2797 3412 3047 3466 tenebras
3112 3423 3166 3465 et
3223 3415 3501 3466 materiam

1943 3515 2167 3567 aeterna,
2195 3513 2250 3556 et
2272 3520 2376 3556 non
2408 3517 2568 3556 secus
2593 3513 2752 3571 atque
2783 3504 2948 3557 Deum
2973 3543 2986 3566 ,
3024 3519 3127 3555 non
3176 3505 3353 3570 genita
3386 3519 3505 3556 esse

1945 3603 2212 3655 autumat,
2237 3593 2484 3660 quamvis
2516 3592 2695 3645 Mosen
2739 3593 2810 3644 ita
2853 3593 3122 3644 dicentem
3175 3595 3392 3645 audiat:
3443 3591 3507 3643 In

1948 3686 2202 3752 principio
2227 3685 2419 3735 creavit
2451 3683 2516 3746 ",
2557 3682 2700 3750 quod
2731 3697 2797 3736 ex
2853 3683 3022 3734 nih'.lo
3078 3693 3272 3736 cuncta
3327 3694 3506 3736 creata

1948 3786 2096 3838 sunt,
2126 3776 2271 3843 quod
2297 3775 2458 3826 etiam
2485 3774 2642 3826 simul
2665 3783 2830 3841 atque
2862 3775 2952 3826 lux
2981 3774 3240 3842 prodireta
3268 3784 3371 3834 est,
3429 3785 3508 3827 tc-

1947 3865 2130 3918 nebra:
2156 3871 2518 3917 secesserunt.
2552 3863 2799 3917 Socrates
2826 3866 2969 3916 enim
3015 3864 3363 3932 Snphranisci
3389 3905 3402 3928 ,
3455 3880 3510 3917 ct

1950 3954 2097 4007 Plato
2132 3954 2399 4006 Aristonis
2430 3953 2598 4014 ﬁlius,
2626 3967 2925 4020 eorumque
2949 3967 3313 4014 successores,
3345 3961 3511 4020 atque

1946 4045 2034 4097 alii
2065 4045 2450 4112 quamplurimi
2481 4059 2544 4096 ea
2581 4045 2634 4096 in
2669 4044 2934 4097 sententia
2965 4044 3204 4107 fuerunt,
3239 4055 3297 4097 ut
3328 4060 3507 4097 omma

1947 4153 2010 4190 ex
2069 4138 2308 4205 subjecta
2362 4138 2581 4188 materia
2631 4146 2810 4188 creata
2849 4138 3014 4188 fuisse
3061 4137 3305 4189 direrent
3339 4153 3351 4186 :
3391 4153 3512 4204 qua:

1953 4229 2170 4295 quidem
2205 4229 2314 4280 Deo
2337 4237 2602 4279 coaeterna
2631 4226 2894 4290 dicentes,
2924 4227 3023 4294 ipsi
3059 4227 3169 4280 Deo
3206 4243 3378 4280 causa»
3411 4244 3508 4280 no-

1951 4337 2074 4372 men
2107 4321 2391 4387 imponunt
2422 4336 2434 4370 :
2464 4334 2571 4371 non
2597 4329 2775 4371 tamen
2807 4320 3084 4370 materiam
3116 4320 3280 4388 ipsam
3311 4321 3364 4372 in
3397 4336 3510 4372 ma-

1952 4412 2016 4462 lis
2045 4426 2164 4464 esse
2216 4409 2480 4462 deﬁniunt
2514 4425 2526 4462 ;
2557 4411 2823 4477 siquidem
2876 4410 3218 4476 blasphemia:
3267 4410 3511 4463 maxima:

1950 4503 2070 4554 loco
2098 4517 2217 4555 esse
2249 4503 2456 4563 dicunt,
2483 4503 2524 4554 si
2554 4503 2679 4570 quis
2711 4503 2876 4556 Deum
2916 4505 3178 4556 malorum
3207 4515 3505 4557 creatorem

1952 4607 2070 4644 esse
2101 4591 2267 4644 dicat.
2303 4593 2473 4660 Atque
2525 4593 2602 4645 illi
2656 4593 2873 4662 quidem
2928 4595 3105 4661 aliqua
3161 4593 3301 4646 forte
3349 4596 3506 4646 venia

288 4668 454 4716 τικών
488 4667 892 4729 ἐπακούσαντες
947 4669 1141 4736 λόγων,
1177 4673 1310 4738 μήτε
1341 4674 1465 4730 τοὺς
1514 4671 1688 4732 θείους
1716 4675 1849 4724 ἀπο·
1884 4689 1924 4742 ι)
1955 4683 1981 4735 d

1816 4693 1849 4720 δ·
1884 4689 1924 4742 ι)
1955 4683 2099 4750 digni
2130 4694 2279 4745 sunt,
2322 4684 2411 4752 qui
2443 4699 2618 4752 neque
2651 4685 2998 4752 propheticus
3044 4700 3324 4737 sermones
3355 4686 3509 4737 auiti-

291 4758 506 4816 στόλους
536 4759 802 4826 ποδηγοὺς
843 4763 1161 4829 ἐσχηκότες,
1214 4763 1396 4829 μόνοις
1429 4763 1486 4813 δὲ
1545 4767 1653 4822 τοῖς
1702 4763 1851 4830 λογι-

291 4851 443 4914 σμοῖς
467 4851 562 4916 τὴν
595 4851 701 4900 τῶν
736 4850 903 4902 ὄντων
931 4853 1316 4920 ἐπιτρέψοντες
1347 4853 1570 4919 γνῶσιν.
1604 4850 1762 4905 Οὗτοι
1793 4855 1848 4904 δὲ

290 4940 445 4998 nia;
479 4942 544 4992 ἂν
566 4940 773 4993 τί.ε.αν
800 4942 951 5002 δίκας
983 4946 1078 5010 τῆς
1109 4944 1360 5003 ἀσεϐείας
1393 4945 1569 5006 αξίας,
1613 4942 1716 4994 τῶν
1752 4945 1850 5010 μὲν

289 5031 448 5080 υεέων
506 5030 911 5093 ἀπολαύσαντες
980 5033 1347 5099 Εὑαγγελίων,
1404 5035 1464 5084 τὸ
1534 5035 1590 5086 δὲ
1649 5034 1850 5086 τούτων

285 5121 689 5188 αποδρασαντες
721 5123 854 5187 φῶς,
881 5126 971 5176 καὶ
996 5125 1055 5175 τὸ
1093 5125 1279 5186 σκότος
1323 5127 1702 5192 ἀσπασάμενοι
1732 5129 1849 5186 ταῖς

288 5214 562 5280 νυκτερίσι
621 5215 1040 5281 παραπλησίω,;
1089 5218 1306 5284 Ἐπειδὴ
1351 5220 1458 5287 γὰρ
1503 5221 1652 5270 πᾶσα
1683 5221 1847 5288 τέχνη

288 5303 440 5367 παρὰ
499 5303 805 5370 ἀνθρώποις
863 5304 991 5372 ὕλης
1051 5308 1418 5377 ὑποκειμένης
1497 5311 1844 5375 προσδεῖται,

289 5389 557 5441 ὑπέλαϐον
589 5394 638 5443 οἱ
663 5395 880 5462 ἀνόητοι
913 5398 1004 5448 καὶ
1039 5398 1128 5447 τὸν
1153 5398 1284 5450 Θεὸν
1333 5403 1406 5468 μὴ
1434 5399 1688 5451 δύνασθαι
1717 5401 1846 5470 ὕλης

285 5477 406 5546 δίχα
444 5480 823 5552 δημιουργεῖνο
857 5489 949 5538 καὶ
1009 5491 1068 5539 οὐ
1103 5492 1342 5542 συνεῖδον
1381 5493 1504 5542 ὅσον
1557 5492 1842 5561 ἀνθρώπου

287 5576 383 5622 καὶ
419 5573 552 5624 Θεού
589 5577 646 5627 τὸ
673 5579 928 5647 διάφορον
948 5598 961 5612 ·
989 5584 1078 5633 καὶ
1102 5582 1174 5643 ὡς
1191 5583 1287 5650 οὐχ
1319 5583 1430 5637 οἶόν
1456 5601 1511 5636 τε
1543 5587 1641 5654 τὴν
1663 5587 1844 5639 εἰκόνα

360 5732 405 5766 ⁵⁵
428 5735 561 5790 Gen.
589 5755 623 5804 ι,
662 5752 708 5791 t.

606 5836 868 5890 ΓΑτιιοι.
919 5838 1032 5894 (in.
1083 5840 1405 5902 CXXXlX.

1948 4776 2144 4832 verint.
2207 4792 2382 4842 neque
2434 4785 2649 4827 sanctos
2701 4775 2975 4842 apostolos
3033 4777 3132 4828 via:
3183 4775 3351 4828 duces
3414 4777 3512 4828 ha-

1951 4866 2188 4928 buerint,
2221 4867 2314 4919 sed
2362 4867 2493 4918 solis
2527 4867 2859 4935 conjecturis
2911 4881 3091 4920 rerum
3138 4868 3506 4937 cognitionem

1947 4958 2223 5010 consecuti
2276 4960 2401 5010 sint.
2455 4958 2516 5009 HI
2565 4973 2698 5011 vero
2729 4959 2937 5025 quales,
2988 4973 3188 5026 quaso,
3232 4976 3506 5028 quantque

1950 5063 2042 5098 sua
2068 5048 2342 5112 impietate
2373 5047 2560 5114 dignas
2583 5062 2772 5115 ρωπος
2821 5049 2992 5109 luent,
3020 5049 3114 5116 qui
3143 5063 3268 5102 cum
3302 5061 3507 5103 sanctis

1948 5142 2262 5191 fruerentur
2286 5139 2609 5208 Erangeliis,
2655 5141 2723 5192 ab
2763 5155 2950 5194 eorum
2999 5142 3202 5195 lumine
3245 5143 3310 5195 ad
3357 5153 3507 5197 tene-

1947 5231 2092 5288 bras.
2126 5245 2276 5283 more
2321 5246 2638 5284 noctuarum
2690 5233 3115 5301 transfugerunt.
3175 5233 3310 5299 Quia
3358 5238 3502 5286 enim

1945 5322 2168 5375 cuilibet
2217 5322 2320 5374 arti
2379 5323 2517 5374 inter
2557 5322 2809 5376 homines
2857 5326 3078 5376 materia
3115 5325 3366 5392 subjerta
3419 5329 3505 5378 est

1944 5430 2101 5481 opus,
2141 5413 2398 5480 suspicati
2439 5424 2565 5466 sunt
2597 5414 2858 5467 vecordes
2899 5415 2997 5478 illi,
3042 5429 3110 5468 ne
3160 5416 3329 5469 Deum
3381 5418 3503 5484 qui-

1943 5507 2063 5558 dem
2088 5504 2382 5572 quidquam
2415 5505 2531 5556 sine
2582 5506 2806 5558 materia
2842 5520 3030 5559 creare
3074 5507 3315 5574 potuisse
3348 5525 3359 5559 :
3399 5524 3502 5561 nec

1944 5595 2350 5656 intellexerunt,
2387 5604 2647 5661 quantum
2677 5594 2816 5647 inter
2842 5610 2898 5648 se
2933 5594 3073 5649 Deus
3107 5605 3163 5649 et
3208 5596 3370 5648 homo
3395 5597 3501 5650 tlif.

3113 5857 3183 5918 42
