4288 6372
267 417 404 480 1325

1523 404 1915 463 THESAURI
1960 402 2110 462 LIB.
2153 404 2248 463 ιν.

3366 401 3505 464 l326

272 532 466 583 borum
502 527 637 580 fastu
667 527 967 580 scatebant.
999 526 1075 579 Ex
1108 538 1215 593 quo
1246 521 1426 574 evenit
1460 527 1540 582 ut,
1579 531 1698 570 cum
1734 514 1836 568 sibi
1873 526 1910 576 Α
1945 512 2222 572 assimilis,
2258 511 2375 579 ipso
2404 511 2467 564 ad
2509 511 2676 564 Deum
2707 526 2934 564 ascensu
2978 512 3372 578 innovaretur;
3406 516 3501 569 sed

270 620 489 686 sapiens
526 620 824 679 videretur,
877 617 1127 687 dogmata
1169 616 1220 666 in
1260 609 1548 681 posterum
1575 623 1674 678 pro
1708 608 1829 660 libi-

272 711 396 764 dine
425 718 778 778 proponeret.
831 708 964 761 Nam
1029 708 1144 775 ipse
1186 719 1402 772 quoque
1434 701 1614 754 carnis
1646 715 1830 753 resur-

272 802 570 855 rectionem
599 799 928 868 antiquavit,
966 798 1320 863 animamque
1351 792 1520 846 solum
1550 805 1831 860 resurgere

275 895 552 947 fabulatus
580 902 684 954 est,
716 893 842 961 quia
874 892 1133 944 nimirum
1169 887 1474 957 spiritualis
1502 883 1833 938 resurrectio

275 983 364 1034 sit.
399 980 712 1034 Paradisum
743 979 998 1032 sensilem
1040 991 1162 1032 esse
1205 976 1359 1029 nullo
1392 975 1551 1027 modo
1584 973 1837 1025 admitte-

277 1074 388 1126 bat.
441 1074 667 1141 Nuptias
725 1075 776 1126 in
811 1072 991 1125 Veteri
1029 1071 1382 1123 Testamento
1413 1069 1678 1121 duntaxat
1715 1080 1837 1133 per-

281 1166 473 1219 missas
525 1165 713 1226 fuisse,
770 1172 889 1232 post
923 1163 1124 1217 Christi
1169 1171 1347 1214 autem
1381 1160 1674 1213 adventum
1726 1171 1834 1208 non

283 1257 512 1323 unplius
541 1270 695 1322 posse
723 1257 814 1323 qui
847 1255 1062 1322 nuptias
1094 1253 1490 1305 contraherent
1525 1250 1678 1318 regni
1725 1263 1832 1302 cm-

280 1345 434 1398 lestis
453 1347 564 1398 fieri
583 1347 871 1414 participes
889 1346 1184 1398 asserebat.
1209 1343 1346 1409 Quid
1370 1343 1540 1402 enim,
1562 1339 1836 1406 inquiens,

285 1437 409 1489 nuvi
449 1438 709 1501 facturus,
744 1448 836 1490 aut
868 1438 1281 1506 prazdicaturus.
1326 1444 1421 1487 aut
1452 1435 1842 1486 emendaturus

287 1525 373 1577 ille
409 1525 498 1577 Dei
525 1526 714 1579 Sermo
742 1527 910 1587 venit,
952 1535 1148 1594 prwter
1174 1526 1476 1578 castitatem
1540 1532 1596 1575 et
1643 1522 1845 1575 sancti-

285 1621 546 1678 moniam,
599 1617 715 1669 sine
767 1632 872 1684 qua
921 1632 1080 1669 nemo
1130 1615 1420 1668 Dominum
1469 1613 1686 1665 visurus
1721 1612 1844 1665 est?

288 1703 438 1755 Unde
474 1703 670 1755 l‘aulus
696 1719 933 1771 quoque,
973 1719 1096 1755 cuin
1131 1701 1433 1754 honorabile
1462 1701 1776 1753 connubiunt
1799 1700 1844 1730 ⁵⁸

285 1793 437 1856 ἀὶιεῗι,
471 1809 575 1847 non
610 1809 832 1862 prorsus
856 1793 1059 1847 idcirco
1082 1793 1234 1855 dicit,
1263 1804 1319 1846 ut
1347 1793 1530 1847 laudet
1562 1791 1716 1852 illud,
1749 1790 1844 1844 sed

1942 602 2126 655 nescio
2153 602 2274 670 quis
2307 603 2522 655 informi
2588 602 2930 656 deformitate
2958 605 3227 672 graculus,
3254 602 3506 675 Origenis

1944 692 2320 758 opinionibus.
2359 693 2856 760 nonnullorumque
2899 695 2992 759 qui
3025 695 3176 748 illum
3208 710 3504 764 przecessc-

1948 796 2090 844 rant,
2133 784 2435 835 haeresibus
2475 785 2632 852 quasi
2687 786 3032 855 syllogisticis
3087 787 3188 841 alis
3246 788 3503 857 gestiens.

1949 875 2412 940 Quemadmodum
2459 879 2602 930 enim
2645 879 2909 932 Dominus
2963 881 3139 932 soluta
3182 882 3371 936 mortis
3424 891 3506 952 ty-

1952 965 2177 1019 rannide
2207 976 2565 1018 monumento
2597 970 2816 1030 exsitiit,
2859 970 3250 1039 discipulisque
3299 982 3507 1034 astans,

1949 1066 2000 1105 et
2033 1055 2100 1105 ab
2134 1053 2327 1107 iisdem
2356 1055 2622 1122 palpatus,
2655 1071 2872 1111 carnem
2906 1059 3107 1113 habere
3139 1061 3510 1127 deprehensus

1951 1150 2052 1205 est,
2090 1144 2164 1197 ita
2205 1155 2256 1196 et
2279 1160 2382 1198 nos
2420 1160 2787 1214 resurgemus,
2833 1149 3059 1216 ejusque
3097 1149 3356 1203 tribunali
3387 1165 3511 1202 cum

1953 1234 2142 1286 eodem
2174 1248 2402 1302 corpore
2427 1236 2788 1307 athe‘anima
2820 1238 3008 1291 eadem
3039 1240 3358 1303 astabimus,
3387 1254 3512 1294 cum

1957 1325 2155 1392 quibus
2191 1335 2247 1378 et
2271 1325 2435 1392 hujus
2467 1327 2589 1379 vitae
2620 1327 2948 1380 cuniculum
2983 1331 3371 1398 peregerimus.

2027 1413 2290 1482 Origenes
2347 1416 2489 1468 enim
2543 1417 2762 1486 longum
2802 1419 2997 1480 val-eat,
3051 1434 3175 1472 cum
3237 1421 3512 1484 omnibus,

1959 1506 2053 1573 qui
2086 1504 2154 1557 ab
2189 1503 2280 1557 illo
2322 1516 2529 1559 stantes
2574 1509 2808 1560 animam
2856 1523 3084 1576 corpore
3129 1510 3326 1564 nudam
3361 1512 3513 1580 judi-

1959 1595 2103 1647 cium
2134 1595 2435 1648 subituram
2466 1612 2582 1650 esse
2610 1597 2972 1661 tradiderunt,
3006 1599 3108 1652 tale
3143 1590 3378 1656 hominis
3396 1603 3517 1657 ido-

1959 1685 2070 1737 lum
2099 1686 2150 1738 ei
2184 1688 2526 1754 adaptantes,
2559 1689 2747 1757 quales
2776 1690 2911 1742 ideae
2939 1698 3068 1743 sunt
3098 1706 3126 1742 a
3158 1690 3360 1745 Stoicis
3387 1709 3519 1746 con--

1960 1777 2116 1842 fleta},
2149 1779 2346 1847 quibus
2379 1795 2440 1832 ea
2478 1780 2661 1842 etiam,
2703 1795 2822 1848 quae
2873 1782 2928 1834 in
2987 1781 3189 1835 mundo
3243 1783 3519 1847 videntur,

289 1887 465 1938 obiter
492 1885 782 1946 subinfcrt,
816 1900 881 1937 ne
931 1885 1149 1938 tandem
1191 1885 1434 1937 incidant
1484 1883 1537 1935 in
1589 1881 1842 1936 tentatio-
1879 1864 1918 1922 Β
1949 1887 1976 1923 C

1829 1911 1842 1920 .
1879 1864 1918 1922 Β
1949 1879 2130 1924 creata
2165 1870 2334 1924 fuisse
2369 1871 2698 1926 docuerunt.
2726 1871 2804 1926 Ad
2837 1875 2994 1942 cujus
3016 1875 3305 1942 opinionis,
3328 1875 3522 1930 absur-

291 1992 436 2029 nem.
471 1977 670 2029 Deinde
713 1977 974 2044 suhjicit:
1020 1975 1148 2038 Quae
1199 1985 1359 2044 nupta
1397 1990 1497 2032 non
1537 1981 1632 2037 est,
1659 1975 1849 2041 cogitat

292 2067 546 2133 quomodo
577 2065 795 2133 placebit
829 2066 953 2118 Deo.
1001 2065 1180 2136 Nupta
1211 2077 1409 2126 autem,
1442 2068 1697 2134 quomodo
1727 2065 1847 2135 pla-

289 2157 421 2206 cebit
465 2156 654 2208 viro".
708 2155 762 2209 Si
821 2172 952 2223 ergo
1005 2157 1112 2207 Deo
1156 2170 1265 2207 non
1305 2155 1533 2220 placeat,
1574 2155 1850 2222 quomodo

293 2247 638 2298 servabitur?
673 2245 803 2298 Item
842 2263 854 2297 :
899 2245 1112 2306 l’ellem,
1148 2243 1343 2311 inquit,
1379 2259 1554 2295 omnes
1578 2259 1687 2296 esse
1717 2245 1850 2294 sicut

295 2351 385 2403 ego
436 2352 549 2386 sum
576 2336 638 2387 ‘°.
705 2335 835 2387 Item
871 2352 881 2384 :
935 2333 1066 2386 Sunt
1101 2334 1336 2392 eunuchi,
1372 2333 1458 2399 qui
1497 2347 1551 2382 se
1589 2341 1854 2382 castrave-

296 2426 501 2476 runt“.
553 2424 678 2478 Haec
727 2424 980 2478 llieracas
1030 2438 1135 2475 non
1175 2423 1350 2474 Solum
1384 2421 1637 2482 docebal,
1666 2421 1758 2473 sed
1799 2431 1853 2473 et

295 2528 460 2579 opere
504 2513 858 2582 complebat:
910 2529 1010 2566 nec
1071 2512 1379 2581 patiebatur
1426 2525 1753 2578 quemquam
1785 2509 1851 2562 ad

297 2621 449 2658 suam
477 2606 700 2674 synaxin
757 2620 852 2657 seu
897 2603 1337 2656 communionem
1385 2602 1593 2663 venire,
1629 2601 1720 2668 qui
1759 2609 1854 2652 aut

301 2693 622 2757 monachus,
685 2704 778 2746 aut
833 2695 1143 2753 continens,
1187 2702 1280 2743 aut
1325 2692 1497 2759 virgo,
1553 2699 1649 2742 aut
1691 2691 1852 2742 vidua

301 2798 408 2835 non
439 2793 601 2837 esset.
640 2783 903 2849 Spiritum
941 2793 1188 2836 sanctum
1238 2782 1375 2834 nihil
1427 2781 1576 2833 aliud
1617 2796 1737 2834 esse
1772 2781 1855 2833 di-

297 2873 478 2937 cebat,
531 2889 692 2942 quam
740 2889 863 2926 eum
919 2875 1008 2940 qui
1045 2875 1204 2941 vulgo
1258 2873 1655 2926 Melchisedech
1718 2876 1850 2927 fere-

305 2970 480 3021 batur.
513 2969 609 3020 Hic
642 2971 780 3020 enim
813 2978 918 3030 est,
952 2968 1151 3036 inquit,
1193 2967 1260 3020 de
1307 2983 1415 3035 quo
1452 2967 1671 3030 dicitur,
1711 2967 1854 3035 quod

302 3074 426 3111 cum
459 3059 778 3112 assimilutus
806 3070 873 3112 sit
909 3058 1048 3112 Filio
1072 3059 1184 3122 Dei,
1213 3061 1642 3113 manetsecerdos
1669 3062 1719 3112 in
1743 3077 1858 3128 per-

1963 1959 2201 2013 dissima:
2268 1960 2486 2026 quidem
2549 1961 2728 2024 illius,
2785 1963 3298 2031 confirmationem,
3354 1971 3520 2024 stulte

1961 2049 2252 2102 admodum
2308 2051 2452 2102 hunc
2502 2052 2729 2119 apostoli
2767 2053 2917 2106 Pauli
2974 2055 3152 2109 locum
3213 2059 3517 2126 proferunt,

1964 2139 2056 2191 ubi
2084 2139 2163 2192 sic
2185 2138 2296 2192 ait:
2323 2138 2630 2194 Seminatur
2654 2144 2904 2206 animale,
2951 2159 3127 2216 surget
3160 2151 3437 2218 spirituale
3456 2153 3520 2213 ",

1967 2229 2059 2281 ubi
2095 2246 2190 2296 per
2213 2231 2495 2299 spirituale
2528 2247 2729 2301 corpus
2769 2235 2822 2287 id
2865 2236 3195 2306 intelligunt,
3253 2242 3396 2310 quod
3453 2243 3521 2296 ad

1967 2320 2134 2372 solam
2164 2321 2402 2375 hominis
2437 2324 2663 2392 figuram
2690 2326 3055 2394 eﬂ'ormatum,
3088 2346 3192 2384 non
3239 2342 3419 2387 autem
3457 2351 3524 2389 ex

1965 2423 2200 2479 quatuor
2224 2414 2621 2467 elementorum
2671 2419 3048 2474 commistione
3079 2422 3372 2479 conﬂatum
3405 2428 3476 2481 sit
3506 2445 3520 2481 :

1966 2517 2086 2568 quze
2116 2503 2336 2570 quidem
2361 2503 2732 2571 interpretatio
2771 2523 2798 2559 a
2833 2509 3077 2564 doctrina
3101 2522 3157 2567 et
3190 2529 3350 2570 sensu
3379 2520 3524 2588 Apo-

1967 2591 2089 2642 stuli
2123 2593 2296 2645 aliena
2344 2604 2443 2646 est.
2503 2596 2550 2649 Is
2597 2599 2741 2650 enim
2772 2600 2836 2651 ad
2879 2611 3116 2667 sanctos,
3144 2607 3236 2674 qui
3276 2607 3524 2663 Corinthi

1965 2691 2141 2743 erant,
2168 2683 2237 2734 ita
2265 2685 2452 2737 scribit
2487 2703 2499 2737 :
2532 2685 2633 2740 Sed
2656 2689 2784 2740 dicet
2816 2690 3006 2758 aliquis
3045 2708 3062 2744 :
3107 2694 3372 2757 Quomodo
3392 2705 3526 2754 exci—

1969 2781 2149 2824 tantur
2193 2776 2428 2827 mortui?
2468 2779 2613 2845 quali
2664 2793 2838 2832 autem
2883 2799 3095 2852 corpore
3139 2791 3529 2844 venturisunt.’

1967 2863 2246 2930 Ittsipiens,
2309 2874 2363 2916 tu
2410 2870 2546 2934 quod
2594 2873 2840 2934 seminas,
2896 2889 2996 2925 non
3051 2876 3361 2942 vit'iﬁcatur.
3426 2886 3527 2936 nisi

1990 2955 2136 3018 prius
2181 2955 2440 3008 moriatur
2467 2973 2483 3010 :
2514 2969 2562 3010 τι
2604 2961 2740 3028 quod
2762 2966 3011 3028 seminas,
3044 2982 3144 3019 non
3177 2985 3360 3038 corpus
3389 2976 3526 3042 quod

1965 3045 2200 3109 futurum
2240 3057 2314 3099 est
2375 3051 2620 3111 seminus,
2676 3053 2765 3104 sed
2797 3056 2990 3108 nudum
3035 3075 3282 3127 granum,
3337 3074 3526 3133 utputa

301 3158 531 3213 petitum.
569 3150 646 3202 Ad
683 3151 795 3203 ha-c
832 3151 955 3218 quia
989 3151 1123 3203 Filio
1148 3152 1457 3204 Paracletus
1486 3151 1742 3205 assimilis
1764 3161 1866 3212 est,
1898 3176 1938 3231 ε

1832 3161 1866 3212 ι.
1898 3176 1938 3231 C
1971 3136 2144 3197 tritici,
2183 3150 2274 3190 aut
2319 3139 2543 3209 alicujus
2594 3152 2920 3199 (ceterorum.
2965 3148 3102 3202 Deus
3126 3162 3297 3206 autem
3342 3172 3525 3226 corpus

305 3249 590 3306 propterea
613 3240 722 3291 sine
745 3251 912 3306 patre,
935 3241 1047 3291 sine
1066 3249 1250 3303 matre,
1273 3250 1318 3292 et
1343 3243 1458 3293 sine
1487 3244 1790 3312 genealogia
1821 3246 1863 3274 θ’

307 3328 508 3379 dicitur
540 3346 551 3378 :
587 3330 706 3381 sine
738 3340 908 3382 matre
939 3331 1182 3396 quidem,
1219 3331 1347 3399 quia
1375 3343 1602 3386 matrem
1638 3349 1856 3386 sursum

307 3429 414 3465 non
445 3415 626 3476 habet,
664 3416 781 3470 sine
816 3427 970 3485 patre
1004 3427 1209 3484 autem,
1247 3419 1377 3486 quia
1419 3420 1472 3472 in
1511 3432 1652 3474 terra
1679 3422 1862 3473 nullus

303 3508 355 3558 ei
388 3515 538 3573 pater
562 3516 665 3559 est.

379 3596 550 3665 Hujus
591 3613 754 3665 porro
797 3598 1267 3667 interpretationis
1312 3615 1500 3654 ansam
1526 3617 1591 3654 ex
1626 3601 1860 3669 quodam

309 3686 626 3754 apocrypbo
656 3687 844 3740 libello
881 3689 1193 3756 expiscatus
1223 3700 1327 3752 est,
1373 3693 1528 3758 cujus
1584 3690 1866 3758 inscriptio

309 3787 452 3841 erat,
477 3779 858 3842 Anabaticum,
891 3795 983 3832 seu
1011 3781 1077 3833 de
1104 3780 1440 3833 Ascensione
1476 3781 1645 3844 Isaiae,
1678 3781 1730 3832 in
1754 3794 1860 3849 quo

311 3867 386 3918 ita
423 3868 724 3921 scribitur:
778 3868 1018 3936 Angelus
1065 3870 1159 3939 qui
1209 3870 1520 3923 ambulabat
1573 3878 1700 3922 ante
1757 3884 1862 3932 me,

310 3957 554 4010 ostendit
585 3958 740 4024 mihi,
776 3969 830 4014 et
862 3960 1000 4014 dixit
1034 3961 1167 4014 mihi
1196 3978 1209 4015 :
1246 3961 1380 4025 Quis
1409 3969 1492 4013 est
1535 3960 1624 4013 ille
1676 3961 1768 4028 qui
1796 3959 1864 4011 ad

310 4044 588 4097 dexteram
625 4047 718 4098 Dei
744 4048 941 4102 sedet?
974 4062 1029 4102 et
1061 4050 1316 4118 respondi
1351 4049 1443 4102 ei:
1478 4048 1559 4101 Tu
1595 4049 1722 4110 scis,
1765 4049 1870 4101 Do-

316 4131 460 4186 mine
493 4154 503 4186 :
532 4143 587 4187 et
611 4134 745 4186 dixit
775 4136 904 4189 :llie
925 4145 1010 4190 est
1038 4137 1292 4190 dilectus.
1327 4137 1563 4190 Rursum
1597 4136 1667 4189 ita
1689 4135 1826 4189 dixit
1855 4153 1866 4188 :

313 4220 447 4284 Quis
495 4235 579 4276 est
626 4224 785 4287 alter,
842 4227 935 4292 qui
991 4241 1020 4277 a
1074 4225 1311 4279 sinistris
1346 4230 1496 4280 venit
1541 4227 1590 4280 ei
1641 4227 1871 4281 similis?

315 4311 466 4364 Tunc
501 4314 753 4380 re3p0ndi
786 4315 836 4367 ei
863 4331 877 4369 ;
911 4317 990 4369 Tu
1023 4318 1150 4381 scis,
1184 4318 1409 4371 Domine
1441 4336 1453 4372 :
1481 4327 1536 4371 et
1564 4319 1736 4372 dixit:
1773 4319 1870 4373 llic

313 4412 397 4454 est
453 4403 690 4472 Spiritus
735 4415 955 4459 sanctus
1003 4409 1096 4475 qui
1156 4408 1398 4474 loquitur
1443 4409 1496 4461 in
1548 4416 1598 4461 te
1645 4418 1700 4461 et
1746 4425 1871 4476 pro-

1971 3225 2053 3277 illi
2074 3230 2186 3289 dat,
2211 3230 2339 3281 sicut
2370 3232 2548 3292 voluit,
2578 3243 2625 3285 et
2656 3234 2930 3304 unicuique
2972 3243 3225 3293 seminum
3255 3225 3523 3314 proprium

1972 3331 2183 3382 corpus.
2219 3321 2334 3369 A‘on
2363 3324 2534 3374 omnis
2573 3340 2721 3387 caro,
2755 3327 2933 3378 eadem
2966 3345 3110 3393 caro,
3143 3334 3234 3384 sed
3254 3334 3359 3388 alia
3391 3340 3515 3405 qui-

1971 3405 2089 3457 dem
2111 3407 2402 3469 hominum,
2436 3410 2542 3462 alia
2589 3430 2845 3479 pecorum,
2894 3419 3002 3470 alia
3034 3422 3268 3487 piscium,
3301 3426 3407 3478 alia
3438 3443 3526 3481 DO-

1971 3494 2193 3548 lucrum.
2218 3499 2347 3550 ltetn
2379 3518 2390 3551 :
2416 3499 2645 3569 Corpora
2669 3504 2916 3570 caelestia,
2936 3517 2982 3560 et
2999 3524 3216 3579 corpora
3235 3518 3522 3578 terrestria,

1971 3586 2061 3636 sed
2092 3586 2202 3639 alia
2233 3591 2439 3655 quidem
2467 3593 2748 3646 caelestium
2781 3595 2971 3665 gloria,
3002 3599 3108 3652 alia
3143 3613 3319 3655 autem
3360 3614 3524 3659 terre-

1970 3678 2175 3730 strium.
2207 3679 2326 3732 Alia
2359 3683 2580 3736 claritas
2603 3687 2748 3747 solis,
2774 3689 2882 3740 alia
2909 3690 3122 3743 claritas
3145 3692 3303 3755 laute,
3336 3705 3383 3748 et
3415 3699 3523 3750 alia

1974 3764 2195 3820 claritas
2240 3771 2532 3825 stellarum.
2581 3773 2746 3829 Stella
2791 3781 2924 3831 enim
2967 3798 2997 3833 a
3040 3784 3192 3839 stella
3248 3788 3416 3855 diﬁ‘ert
3470 3791 3524 3841 in

1972 3857 2238 3924 claritate,
2264 3864 2336 3913 sic
2379 3873 2424 3914 et
2470 3868 2776 3919 resurrectio
2835 3879 3177 3927 mortuorum.
3217 3872 3526 3929 Seminatur

1970 3947 2026 3997 in
2072 3951 2426 4016 corruptione.
2474 3955 2731 4007 excitatur
2784 3959 2838 4010 in
2892 3959 3322 4029 incorruptione:
3366 3970 3526 4018 semi-

1973 4049 2131 4088 natur
2161 4038 2212 4089 in
2243 4042 2582 4107 ignobilitate,
2613 4057 2789 4116 surget
2811 4050 2866 4101 in
2893 4050 3062 4117 gloria
3095 4066 3115 4101 .·
3145 4056 3438 4108 seminatur
3471 4061 3525 4109 in

1969 4128 2295 4195 inﬁrmitate,
2331 4144 2506 4202 surget
2529 4135 2582 4187 in
2614 4137 2800 4190 virtute
2831 4154 2848 4191 .'
2881 4143 3169 4195 seminatur
3197 4161 3381 4215 corpus
3411 4150 3528 4202 ani-

1975 4217 2130 4281 male,
2171 4231 2345 4289 surget
2378 4241 2561 4292 corpus
2590 4229 2863 4296 spirituale
2885 4233 2948 4287 “.

2043 4309 2250 4374 Quibus
2276 4314 2448 4367 verbis
2498 4331 2592 4370 eos
2630 4318 2868 4382 instruit,
2901 4339 3131 4390 quorum
3164 4343 3326 4384 aures
3371 4347 3527 4384 ceru-

1975 4401 2118 4456 mine
2185 4403 2522 4462 inﬁdelitatis
2596 4412 3015 4484 haudquaquam
3092 4421 3524 4486 obsurduerunt.

315 4496 496 4563 phetis
525 4515 538 4548 :
569 4507 626 4549 et
652 4509 770 4552 erat
797 4499 994 4553 similis
1024 4501 1247 4555 dilecto.
1281 4502 1486 4555 Pueros
1512 4503 1735 4570 insuper
1778 4503 1868 4570 qui
1906 4493 1945 4545 Ι)
1974 4505 2005 4557 (1

1834 4503 1868 4554 ,ί
1906 4493 1945 4545 Ι)
1974 4492 2137 4557 quod,
2157 4497 2610 4561 quemadmodum
2631 4517 2855 4570 granum
2878 4506 3130 4562 frumenti
3155 4511 3206 4563 in
3231 4514 3527 4569 visceribus

316 4599 646 4654 praematura
704 4597 867 4643 aetate
909 4601 1277 4655 morerentur,
1327 4604 1616 4661 antequam
1655 4593 1747 4645 Dei
1783 4608 1873 4646 co-

314 4677 611 4741 gnitionem
674 4678 854 4744 adepti
909 4689 1090 4732 essent
1142 4681 1290 4747 regni
1347 4680 1582 4733 ccclesiis
1633 4681 1875 4732 heredes

311 4779 430 4817 esse
472 4782 580 4818 non
630 4782 788 4834 posse
817 4769 1057 4830 dicebat,
1093 4772 1186 4837 qui
1235 4771 1497 4823 nimirum
1532 4786 1638 4823 non
1670 4779 1873 4823 certas-

313 4862 451 4905 sent.
490 4853 564 4906 lta
588 4856 731 4908 enim
764 4856 939 4924 inquit
970 4875 982 4911 :
1013 4857 1068 4911 Si
1098 4860 1191 4926 qui
1215 4868 1389 4912 certat
1417 4875 1526 4912 non
1582 4868 1873 4911 coronatur

317 4945 422 4996 nisi
468 4946 711 5014 legitime
750 4950 1063 5010 certaverit,
1098 4960 1301 5017 quanto
1343 4951 1523 5005 minus
1553 4950 1600 5004 is
1643 4949 1736 5018 qui
1797 4949 1862 5001 ad

312 5047 590 5091 certamen
623 5050 846 5092 vocatus
878 5056 984 5094 non
1015 5043 1139 5096 est?

590 5172 853 5227 Ha‘reseos
899 5175 1238 5241 praecedentis
1277 5175 1582 5243 confutatio.

384 5304 434 5356 ls
462 5307 584 5369 inon
614 5316 730 5359 erat
785 5308 1058 5370 Hieracas.
1102 5311 1194 5379 qui
1243 5311 1614 5364 venatieorum
1653 5325 1866 5378 praepe-

309 5403 533 5462 tumque
565 5398 822 5465 tepixwv,
852 5398 954 5451 hoc
983 5407 1084 5462 est,
1127 5399 1446 5468 accipitrum
1477 5411 1627 5451 more
1658 5398 1870 5450 divinas

310 5484 619 5552 Scripturas
651 5488 824 5541 oculis
853 5489 1332 5553 circumlustraret,
1361 5496 1524 5557 atque
1554 5489 1866 5558 dogmatum

312 5576 593 5630 veritatem
645 5577 881 5648 undique
923 5595 1215 5633 venaretur
1256 5599 1268 5632 :
1306 5589 1398 5633 aut
1438 5580 1631 5633 saltem
1672 5579 1872 5647 aquilis

364 5696 408 5724 "‘
449 5697 582 5748 lleo.
610 5713 724 5755 xm,
750 5699 800 5750 4.
877 5699 919 5730 ⁸³
952 5699 969 5751 l
999 5700 1123 5753 Cor.
1152 5714 1242 5759 vn,
1274 5699 1359 5750 54.
1472 5698 1516 5728 ⁸⁰
1562 5697 1694 5750 lhid.
1717 5699 1765 5748 7.

307 5766 351 5795 ⁶”⁵
383 5765 518 5816 Iliiil.
547 5768 633 5818 35.
665 5784 774 5818 μνη.

1880 5697 1920 5726 ⁶¹
1946 5697 2132 5750 Matth.
2171 5713 2280 5764 xix,
2332 5701 2411 5755 12.

1973 4589 2129 4634 terra:
2153 4586 2400 4650 moritur,
2427 4598 2480 4642 et
2511 4605 2610 4643 suo
2643 4602 2884 4662 tempore
2919 4602 3167 4670 resurgit,
3190 4619 3298 4656 non
3321 4605 3528 4661 nudum
3579 4620 3581 4623 '

1971 4672 2212 4740 quidem,
2264 4685 2320 4729 et
2372 4680 2531 4746 quale
2570 4683 2893 4737 seminatum
2922 4697 3025 4751 est,
3084 4692 3177 4745 sed
3234 4695 3438 4749 clarum
3471 4710 3527 4752 et

1970 4766 2379 4832 perpulchrum,
2429 4780 2590 4839 atque
2621 4787 2686 4826 ex
2720 4775 2935 4842 pristini
2977 4783 3226 4849 corporis
3273 4786 3526 4841 substan-

1973 4858 2042 4908 tia
2069 4873 2080 4906 :
2108 4857 2179 4910 ita
2209 4861 2372 4913 etiam
2407 4876 2604 4929 corpus
2631 4873 2872 4918 nostrum
2906 4870 3112 4926 nudum
3156 4876 3396 4943 quidem,
3445 4881 3527 4932 in-

1968 4946 2137 5001 forme
2152 4960 2205 5001 et
2223 4949 2508 5018 inglorium
2531 4961 2688 5006 terra:
2727 4959 3108 5026 committitur,
3132 4966 3350 5032 elegans
3370 4982 3521 5029 vero.

1968 5039 2293 5092 concinnum
2317 5049 2372 5093 et
2411 5042 2689 5109 spirituale
2713 5049 2966 5117 resurgit.
2983 5050 3446 5115 Quemadmodum
3465 5059 3520 5112 in

1969 5126 2269 5181 seminibus
2293 5143 2508 5197 quoque
2551 5131 2839 5190 videmus:
2886 5154 3108 5207 germen
3142 5144 3286 5196 enim
3339 5147 3522 5203 aristis

1969 5216 2238 5268 munitum
2270 5217 2548 5284 emittunt,
2575 5237 2682 5276 non
2717 5236 2896 5279 autem
2929 5230 3155 5294 nudum,
3181 5233 3338 5300 quale
3358 5238 3519 5291 etiam

1965 5314 2124 5358 terra-
2157 5308 2505 5363 commissum
2542 5320 2648 5375 est,
2676 5315 2903 5382 proinde
2930 5333 3122 5386 corpus
3151 5321 3290 5375 idem
3318 5337 3522 5380 excita-

1966 5404 2076 5448 tur.
2101 5396 2268 5466 Hujus
2294 5401 2437 5450 cnim
2462 5402 2538 5454 rei
2567 5403 2680 5471 ipse
2699 5421 2918 5475 quoque
2947 5410 3144 5466 Paulus
3172 5425 3363 5470 auctor
3399 5427 3519 5472 est:

1973 5483 2253 5555 Unicuique
2293 5493 2582 5558 resurgenti
2621 5499 2805 5550 semini
2833 5504 3098 5568 proprium
3123 5520 3308 5572 corpus
3338 5507 3516 5560 datur.

2043 5578 2186 5631 Idem
2222 5590 2482 5646 praeterea
2514 5588 2712 5641 astruit
2738 5603 2845 5642 non
2877 5607 2986 5645 uno
3016 5594 3067 5649 in
3101 5598 3306 5652 lim-ore
3340 5588 3493 5652 resur

2521 5705 2564 5736 δ’
2599 5696 2732 5760 lIch.
2766 5722 2863 5773 vit,
2893 5709 2944 5761 5.
3021 5713 3064 5742 ”
3092 5714 3258 5767 lCur.
3298 5730 3387 5782 xv,
3425 5714 3494 5769 il
