4288 6372
784 396 910 431 ιπητ

784 430 902 455 ιυιι

1994 386 2290 445 NlCET/E
2330 386 2737 451 CliONlATJﬂ

3848 399 3987 460 1328

776 521 1027 566 recturus
1104 506 1195 562 sed
1257 514 1473 559 sanctos
1523 501 1903 572 peccatoribus
1952 503 2212 555 clariores
2251 500 2333 553 fu.
2365 508 2402 560 Α
2434 505 2594 574 gebat
2636 508 2771 577 :qui
2825 509 2935 563 Deo
2976 510 3168 564 similis
3216 511 3418 566 nullam
3451 511 3609 566 aliam
3657 513 3727 567 οι)
3773 529 3999 570 causam

777 619 948 667 turos,
978 600 1164 655 eadem
1197 596 1624 663 comparatione,
1651 610 1752 662 qua
1777 608 1835 647 se
1866 607 2086 662 quoque
2120 592 2321 645 habent

773 708 1001 760 corpora
1034 688 1278 741 cwlcstia
1330 686 1395 737 ad
1432 700 1667 736 terrena.
1701 681 1841 745 Quin
1876 682 1959 733 vel
1997 682 2139 734 inter
2182 681 2331 748 ipsos

772 789 944 856 j:.s:os
971 783 1113 835 idem
1142 778 1405 832 claritatis
1440 778 1677 829 futurum
1710 775 2028 838 discrimen,
2059 788 2169 842 quo
2200 772 2329 825 luna

776 897 802 929 ιι
852 875 987 936 sole,
1046 880 1101 925 ct
1149 884 1257 939 quo
1312 869 1589 921 stellarum
1632 866 1834 918 chorus
1878 878 1908 916 a
1960 864 2088 916 luna
2120 859 2327 913 diﬂert.

776 964 1020 1020 Animale
1072 969 1254 1014 autem
1309 972 1506 1024 corpus
1560 952 1967 1023 intelligendum
2026 958 2130 1014 est,
2184 950 2329 1017 quod

777 1054 1108 1111 animalibus
1149 1050 1504 1103 facultatibus
1549 1046 1753 1115 tegitur
1778 1056 1833 1096 et
1864 1050 2135 1104 movetur,
2164 1050 2330 1108 atque

777 1151 979 1203 idcirco
1033 1145 1099 1196 iis
1142 1140 1560 1207 haudquaquam
1604 1146 1747 1204 eget,
1783 1149 1903 1202 qua:
1948 1132 2015 1185 ad
2070 1132 2332 1185 crassitu-

776 1240 960 1291 dinem
992 1230 1299 1288 necessaria
1354 1240 1503 1293 sunt,
1560 1236 1721 1295 prout
1752 1234 1982 1292 corpora
2014 1230 2139 1275 ante
2186 1237 2329 1275 mor-

774 1342 881 1382 tetu
918 1325 1122 1379 omnia.
1154 1321 1448 1391 Spirituale
1484 1332 1635 1380 vero,
1670 1315 1814 1383 quod
1849 1322 2071 1367 sanctus
2095 1313 2331 1381 Spiritus

776 1419 1090 1490 operatione
1130 1416 1285 1468 dives
1335 1422 1436 1474 est,
1479 1410 1544 1462 ab
1599 1409 1689 1461 iilo
1737 1408 1931 1469 l’ertur,
1980 1420 2102 1458 cum
2152 1406 2331 1456 anima

777 1511 1013 1577 denique
1044 1507 1162 1576 ipsa
1196 1505 1529 1573 gubernatur
1561 1517 1572 1549 :
1608 1501 1694 1550 vel
1736 1498 1868 1549 alias
1906 1511 2002 1564 per
2045 1492 2329 1561 Spirituale

773 1601 907 1655 illud
961 1596 1232 1664 intelligit,
1274 1592 1415 1660 quod
1470 1589 1807 1656 corruptioui
1860 1602 1968 1640 non
2006 1585 2324 1644 obnoxium,

773 1693 866 1745 sed
903 1687 1102 1741 subtile
1150 1694 1204 1736 et
1263 1684 1379 1735 leve
1426 1688 1530 1740 est,
1558 1690 1722 1746 atque
1763 1677 1918 1744 quasi
1954 1690 2051 1743 per
2088 1689 2215 1726 aera
2246 1688 2332 1723 ve-

773 1794 975 1844 ctatur,
1009 1788 1061 1832 et
1092 1775 1156 1828 ad
1184 1774 1477 1828 acthereain
1504 1770 1862 1823 substantiam
1902 1764 2170 1823 ascendit.
2228 1778 2329 1815 nec

775 1875 879 1926 ulla
932 1879 1275 1923 terrenarum
1336 1862 1636 1931 cupiditate
1695 1858 1955 1928 capitur:
2025 1855 2329 1921 cujusmodi

772 1965 935 2017 etiam
972 1974 1200 2027 corpora
1232 1936 1418 2009 uestra
1453 1962 1574 2022 post
1626 1947 2081 2004 resurrectionem
2135 1959 2165 1997 a
2222 1944 2334 1996 Deo

777 2058 933 2116 tiunt,
986 2050 1080 2118 qui
1136 2046 1378 2101 cmlestia
1410 2044 1678 2097 elementa
1733 2055 1797 2094 ea
1850 2038 2166 2093 conditione
2210 2051 2336 2103 pro-

774 2138 947 2203 daxit,
989 2146 1045 2188 ut
1084 2135 1214 2188 nulli
1254 2132 1428 2193 senio,
1478 2130 1716 2197 nullique
1768 2127 1937 2180 labori
1983 2124 2216 2178 obnoxia
2250 2140 2335 2177 cs-

774 2236 913 2278 aeni.

842 2316 957 2368 Jam
989 2330 1096 2383 quo
1118 2315 1272 2382 jure,
1303 2326 1523 2380 quaeso,
1558 2309 1789 2362 animatn
1840 2306 1908 2361 ad
1954 2314 2155 2360 a-terna
2207 2319 2337 2373 sup-

777 2409 973 2475 plicia,
1035 2406 1114 2456 vel
1165 2417 1395 2455 coronas
1467 2414 1788 2470 perpetuum
1840 2398 2168 2457 duraturus,
2218 2398 2337 2449 sine

776 2513 1003 2565 corpore
1033 2497 1226 2549 abduci
1264 2494 1474 2557 doceat,
1513 2509 1633 2546 cum
1669 2507 1777 2560 quo
1804 2491 1884 2544 vel
1911 2489 1998 2559 pia
2018 2529 2033 2554 ,
2067 2488 2148 2542 vel
2175 2486 2337 2556 impia

777 2603 1003 2659 quaeque
1036 2584 1327 2640 commisit.

848 2677 1061 2747 ludigui
1101 2691 1265 2747 porro
1288 2681 1435 2734 sunt,
1468 2673 1560 2743 qui
1595 2672 1896 2726 nativitatis
1923 2672 2066 2724 diem
2098 2682 2338 2737 unquam

778 2770 1033 2833 viderint,
1105 2767 1416 2836 quicunque
1463 2766 1671 2817 nullum
1738 2778 1922 2817 eorum
1971 2764 2062 2829 qui
2124 2760 2341 2827 nuptias

778 2862 1146 2916 contraxerint
1208 2867 1477 2912 servatum
1538 2857 1605 2909 iri
1665 2855 1950 2909 allirmant.
2010 2853 2339 2918 l’aulumque

783 2953 1046 3008 mendacii
1078 2949 1161 3005 sui
1204 2960 1393 3003 testem
1419 2947 1742 3017 proferunt,
1776 2945 1868 2998 ubi
1899 2948 1976 2997 ait
2008 2960 2021 2995 :
2068 2940 2195 2995 Volo
2224 2957 2339 2993 om-

781 3062 870 3097 nes
902 3060 1010 3096 csse
1041 3045 1173 3095 sicut
1206 3050 1251 3093 et
1291 3055 1381 3110 ego
1413 3039 1478 3093 “.
1510 3039 1642 3091 Item
1675 3055 1687 3090 :
1719 3034 2012 3103 Sequimini
2060 3034 2342 3085 sanctimo-

2433 597 2613 652 dictus
2666 607 2850 665 esset,
2900 615 3065 669 quam
3139 602 3264 670 quia
3310 603 3457 657 solus
3531 608 3776 658 omnium
3848 606 4001 673 apud

2432 687 2632 741 Mosent
2662 690 2779 744 sine
2808 694 3118 760 genealogia
3144 701 3306 753 esset,
3336 703 3392 746 et
3424 693 3573 761 quia,
3605 702 3663 746 ut
3690 694 3761 746 ita
3789 695 3994 755 dicam,

2434 779 2590 846 panis
2621 790 2677 833 et
2710 783 2818 835 vini
2867 782 3142 834 oblatione
3186 784 3619 836 benevolentiam
3662 799 3816 837 suam
3865 802 3996 854 erga

2433 869 2706 922 Abraham
2742 872 3089 936 declarasset,
3125 888 3248 926 cum
3278 890 3306 927 a
3333 876 3575 943 quinque
3611 890 3794 943 regum
3840 877 3996 928 exci-

2433 961 2522 1011 dio
2556 970 2960 1025 reverteretur,
3008 980 3129 1033 qua:
3158 965 3379 1032 quidem
3414 965 3596 1017 omnia
3634 965 3851 1019 Christo
3885 966 3995 1018 mi-

2434 1066 2553 1103 rum
2590 1052 2642 1104 in
2675 1054 2893 1106 modum
2926 1056 3274 1109 conveniunt.
3304 1056 3438 1109 Nam
3474 1058 3856 1125 generationem
3884 1057 3999 1117 eius

2433 1146 2545 1212 quis
2578 1146 2847 1197 enarrabit
2894 1147 2978 1198 “?
3014 1148 3267 1214 illamque
3300 1152 3437 1199 adeo
3476 1150 3718 1217 mysterii
3776 1151 3998 1202 institu-

2436 1238 2636 1289 tionem
2670 1246 2829 1290 nocte
2865 1238 2956 1291 illa
2986 1240 3204 1303 factum,
3231 1255 3333 1308 qua
3360 1239 3700 1303 tradebatur,
3751 1254 3889 1305 pane
3940 1248 4000 1291 et

2435 1329 2561 1380 vino
2593 1327 2860 1381 deﬁniunt
2891 1330 2955 1379 τ’.
2994 1330 3176 1382 Dicam
3209 1346 3335 1383 vero
3369 1330 3626 1398 quiddam
3657 1332 3804 1382 aliud
3837 1331 3999 1383 tertio

2432 1418 2575 1483 loco,
2600 1421 2745 1487 quod
2775 1437 2803 1472 a
2834 1419 3019 1474 multis
3046 1422 3343 1490 ignoratur.
3380 1420 3495 1475 Uno
3526 1420 3829 1489 eodemque
3858 1432 3991 1476 tem-

2434 1522 2568 1575 pore
2631 1509 2771 1561 duos
2825 1510 3063 1579 insignes
3131 1513 3330 1579 pietate
3408 1513 3554 1565 viros
3625 1513 3998 1565 Abrahamum

2435 1598 2643 1651 scilicet
2671 1608 2727 1651 et
2758 1599 3208 1655 Melchisedecum
3230 1643 3245 1665 ,
3275 1602 3523 1656 ﬂoruisse
3556 1603 3729 1656 Moses
3755 1595 3949 1656 scribit
3982 1620 3999 1656 :

2433 1701 2663 1754 quorum
2706 1696 2886 1740 tamen
2930 1688 3019 1742 ille
3062 1690 3115 1743 in
3162 1690 3598 1753 circumcisione,
3628 1692 3718 1745 hic
3766 1692 3820 1744 in
3859 1706 4002 1759 prm-

2436 1778 2586 1845 putio
2641 1788 3024 1832 testamentum
3096 1792 3401 1850 acceperat.
3455 1782 3690 1835 Proinde
3745 1784 4003 1836 (,hristus

2438 1869 2693 1921 sacerdos
2733 1868 3033 1922 secundum
3082 1872 3329 1925 ordinem
3392 1871 3766 1925 Melchisedeci
3821 1875 4003 1925 nomi-

2438 1968 2620 2020 natur,
2649 1975 2757 2012 non
2800 1962 2974 2013 solum
3010 1962 3136 2028 quia
3171 1976 3306 2030 pane
3348 1969 3404 2016 et
3448 1962 3593 2025 vino,
3644 1964 4001 2031 quemadmo-

2438 2048 2566 2102 dum
2596 2059 2651 2102 et
2682 2052 2791 2113 ille,
2828 2055 3049 2122 mystice
3078 2053 3205 2105 fecit
3240 2067 3254 2103 :
3285 2052 3380 2105 sed
3408 2053 3571 2105 etiam
3606 2054 3735 2122 quia
3761 2057 4002 2108 circum-

2437 2140 2699 2193 cisioneni
2751 2140 2805 2193 in
2856 2144 3119 2210 praeputio
3165 2142 3483 2206 benedixit,
3534 2143 4000 2211 quemadmodum

2441 2230 2798 2284 Melchisedec
2832 2234 2883 2284 in
2917 2239 3180 2303 praeputio
3207 2234 3589 2289 circumcisum
3627 2235 4000 2288 Ahrahamum

2440 2322 2812 2377 benedixerat.

2511 2414 2711 2468 Eorum
2741 2430 2900 2481 porro
2927 2415 3017 2484 qui
3052 2424 3375 2483 prazinatura
3410 2425 3584 2472 morte
3617 2418 3840 2485 obeunt,
3875 2422 4004 2476 vita:

2444 2507 2769 2561 brevitatem
2803 2508 2892 2561 alii
2926 2510 3281 2577 prognostica:
3314 2525 3494 2563 rerum
3532 2512 3775 2566 omnium
3805 2515 3995 2569 Provi-

2440 2598 2637 2651 dentia:
2666 2598 2988 2661 ascribunt,
3018 2608 3082 2652 ut
3130 2601 3387 2654 nimirum
3438 2613 3800 2657 sttosecutura
3859 2604 4005 2657 mala

2440 2697 2496 2741 et
2524 2688 2740 2758 exleges
2789 2696 3031 2744 actiones
3082 2706 3218 2759 quas
3262 2694 3624 2760 perpetratori
3660 2703 3854 2757 erant,
3902 2695 4004 2747 hac

2445 2781 2654 2833 ratione
2685 2781 3083 2847 pmcidantur;
3130 2781 3221 2832 alii
3252 2782 3320 2833 ad
3369 2794 3650 2848 parentum
3696 2785 4008 2851 castigatio-

2443 2885 2566 2923 nem
2604 2872 2868 2935 reieruut,
2910 2886 3030 2939 quae
3061 2888 3161 2925 nec
3201 2872 3403 2939 absque
3457 2873 3718 2926 ineﬂ‘abili
3764 2875 3850 2926 illa
3889 2873 4005 2927 Nu-

2443 2961 2605 3014 minis
2632 2960 2972 3029 providentia
3012 2960 3124 3015 ﬁat.
3158 2962 3335 3030 Atque
3368 2963 3401 3014 ii
3433 2963 3653 3032 quidem
3698 2966 3789 3032 qui
3842 2979 4006 3018 sacro

2447 3052 2644 3105 initiati
2692 3052 2961 3121 baptismo
3008 3068 3116 3105 non
3164 3062 3325 3114 sunt,
3362 3055 3566 3121 quique
3607 3055 3930 3122 parentibus
3976 3069 4007 3106 a

782 3142 926 3191 niam
983 3136 1233 3203 corporis,
1278 3138 1390 3185 sine
1432 3148 1536 3200 qua
1590 3145 1737 3183 nemo
1788 3129 1990 3182 visurus
2039 3134 2114 3178 est
2160 3124 2343 3177 Domi-
2368 3154 2412 3213 α
2448 3159 2475 3195 Γ

2319 3152 2343 3161 ·’
2368 3154 2412 3213 ο
2448 3151 2593 3196 recta
2626 3144 2730 3198 lide
2764 3156 2946 3199 nostra
2978 3144 3172 3199 alienis
3202 3149 3307 3202 orti
3339 3159 3488 3213 sunt,
3534 3162 3643 3201 non
3671 3162 3829 3201 secus
3855 3146 4009 3199 dam-

781 3243 903 3278 num
958 3226 1024 3278 “.
1086 3222 1199 3275 Nec
1257 3221 1401 3273 enim
1450 3216 1823 3272 sanctimoniae
1877 3214 2095 3268 nomine
2142 3213 2341 3266 Paulus

779 3316 1092 3369 cuciibatum
1126 3312 1414 3380 intelligit,
1446 3309 1541 3363 sed
1576 3309 1886 3361 connubium
1916 3306 2136 3375 quidem
2180 3309 2341 3357 Itono-

780 3409 971 3468 rabilc,
1003 3414 1172 3457 torum
1213 3418 1345 3456 vero
1374 3400 1773 3454 immaculatum
1810 3399 1974 3451 tradit
2017 3398 2102 3463 ‘7;
2151 3412 2341 3465 quein-

780 3498 1074 3551 admodum
1111 3482 1252 3547 Deus
1313 3507 1528 3561 quoque
1562 3489 1879 3559 pra‘linivit,
1919 3490 2108 3541 dicens
2164 3504 2177 3539 :
2222 3483 2343 3537 Non

781 3598 853 3642 est
890 3592 1080 3642 bonum
1116 3587 1376 3638 hominem
1419 3598 1528 3635 eae
1575 3582 1765 3644 solum,
1791 3581 2047 3649 faciamus
2090 3580 2137 3631 ei
2180 3580 2342 3646 adju—

785 3682 976 3734 torium
1022 3680 1191 3731 rinat'le
1225 3677 1322 3742 ipsi
1353 3674 1417 3727 °'.
1469 3673 1574 3726 Sed
1624 3672 1820 3726 Paulus
1869 3670 2072 3723 Christi
2118 3669 2343 3738 vestigia

789 3782 1032 3832 secutus,
1084 3768 1175 3836 qui
1226 3765 1427 3835 primas
1471 3762 1769 3831 virginitati
1818 3761 2050 3822 detulit,
2104 3774 2229 3813 cum
2279 3772 2347 3811 ex

801 3866 1019 3927 Virgine
1050 3860 1347 3913 secundum
1373 3869 1590 3909 carnem
1621 3865 1780 3907 natus
1807 3860 1911 3915 est,
1942 3851 2185 3918 dixitque
2210 3866 2222 3904 :
2246 3848 2346 3912 Qui

791 3962 955 4027 potest
988 3968 1191 4021 capere,
1221 3951 1395 4018 capiat
1431 3949 1474 3978 ⁶⁹
1523 3962 1537 3998 :
1573 3947 1792 4013 nuptias
1820 3956 2035 4012 quoque
2081 3940 2350 4012 legitimas

791 4065 910 4103 csse
942 4047 1121 4106 docet,
1152 4045 1337 4111 eisque
1378 4042 1739 4110 virginitatem
1790 4034 2035 4104 ιιι-κτενί,
2067 4034 2251 4101 seipse
2295 4031 2351 4085 in

793 4139 1103 4206 exotuplum
1143 4137 1444 4204 proposito,
1478 4134 1570 4201 qui
1604 4128 1923 4184 Pharisaica:
1957 4126 2082 4179 vitae
2110 4123 2350 4192 regulam

791 4242 1143 4299 sequeretur,
1189 4240 1309 4294 qua:
1378 4225 1517 4276 inter
1564 4229 1757 4274 caetera
1810 4217 2079 4270 haereseos
2115 4227 2224 4266 sua:
2269 4225 2353 4263 as-

792 4323 965 4376 scclas
996 4316 1264 4370 aleminis
1294 4313 1566 4367 abstinere
1607 4310 1855 4380 jubebat.
1902 4307 2057 4374 Atqui
2110 4302 2355 4372 corporis

794 4409 1151 4468 sanctimonia
1246 4407 1482 4459 femineo
1556 4400 1847 4456 concubitu
1932 4398 2351 4465 haudquaquam

2448 3236 2743 3299 uabuntur,
2780 3248 2945 3305 atque
2984 3251 3241 3306 parentes
3272 3254 3459 3292 eorum
3483 3278 3498 3303 ,
3536 3240 3629 3307 qui
3675 3240 3795 3291 illos
3838 3238 4005 3292 simul

2447 3335 2610 3393 atque
2664 3326 2776 3378 nati
2830 3337 2991 3391 sunt,
3049 3342 3079 3381 a
3138 3330 3407 3396 baptismo
3474 3330 3813 3389 alienarunt,
3865 3343 4009 3396 quos

2448 3417 2666 3484 quidem
2696 3417 2924 3471 Davides
2945 3418 2997 3470 in
3017 3419 3223 3488 judicio
3258 3420 3479 3472 minime
3506 3428 3911 3472 resurrecturus
3939 3419 4006 3480 ”,

2449 3522 2626 3576 neque
2692 3507 2747 3560 in
2802 3509 3087 3562 consilium
3134 3510 3403 3579 justorum
3465 3520 3723 3563 venturos
3776 3508 3853 3562 ait
3900 3528 3913 3559 :
3970 3509 4006 3561 ii

2449 3614 2618 3663 vero,
2662 3600 2754 3666 qui
2790 3601 3107 3668 parentibus
3156 3601 3341 3655 divino
3397 3602 3641 3656 intinctis
3684 3602 4010 3669 baptismate

2449 3690 2558 3742 nati
2594 3698 2754 3750 sunt,
2802 3690 3069 3757 aquisque
3111 3691 3428 3744 lustralibus
3473 3702 3706 3743 veterem
3737 3703 4011 3745 exuerunt

2452 3779 2729 3832 hominem
2753 3818 2767 3841 ,
2801 3781 3011 3833 tametsi
3057 3782 3275 3835 coronis
3307 3782 3412 3834 illis
3443 3782 3727 3856 privamur
3750 3819 3764 3841 ,
3807 3782 4013 3849 quibus

2452 3871 2690 3924 redimiti
2719 3883 2847 3923 sunt
2870 3872 3116 3930 athletae.
3150 3888 3255 3925 non
3295 3872 3413 3926 sine
3449 3873 3709 3941 sanguine
3753 3880 3809 3924 et
3840 3871 4009 3925 sudo~

2451 3962 2643 4027 ribus,
2691 3961 2783 4030 qui
2838 3962 2891 4014 in
2946 3961 3257 4031 hujusmodi
3304 3964 3692 4017 certaminibus
3742 3962 4011 4015 exantlari

2452 4053 2648 4114 solent,
2689 4056 2877 4121 requie
2907 4064 3085 4105 tamen
3123 4055 3213 4107 illa
3251 4070 3357 4106 non
3395 4054 3685 4115 excidunt,
3728 4069 3834 4120 qua
3869 4052 4011 4105 beati

2454 4142 2748 4205 fruuntur,
2787 4159 2907 4211 quae
2941 4145 3158 4211 quidem
3199 4144 3252 4196 in
3294 4145 3490 4197 multas
3539 4154 3595 4197 et
3636 4144 3815 4195 varias
3863 4158 4017 4195 man-

2454 4234 2635 4285 siones
2667 4232 2839 4285 divisa
2866 4240 2969 4286 est.
2995 4233 3112 4286 Non
3139 4235 3281 4287 enim
3308 4248 3373 4286 ex
3402 4234 3665 4302 professo.
3692 4243 3749 4287 et
3774 4233 4014 4286 melioris

2454 4322 2736 4376 sententia:
2779 4321 3155 4375 immutatione
3182 4360 3197 4385 ,
3242 4323 3335 4376 sed
3382 4327 3779 4392 extemporaria
3830 4329 4015 4393 pntius

2457 4412 2770 4465 certaminis
2822 4412 3233 4480 interruptione,
3294 4414 3535 4482 martyrii
3578 4414 3833 4467 ell’ectum
3888 4431 4012 4483 pcr-

797 4499 1283 4561 circumscribitur,
1335 4493 1431 4549 sed
1471 4493 1665 4546 latiore
1696 4490 1972 4543 intellectu
2007 4495 2201 4555 patet:
2245 4497 2353 4550 quo
2384 4474 2430 4531 D
2458 4500 2737 4554 diderum.
2778 4500 2914 4565 Quia
2948 4474 3078 4555 ηιῖο
3121 4503 3277 4569 primi
3311 4474 3561 4569 parem“
3607 4503 3661 4554 in
3715 4503 3832 4570 ipso
3880 4474 4011 4555 dum

797 4593 1021 4646 Paulina
1073 4599 1289 4656 quoque
1336 4581 1498 4634 verba
1533 4577 1847 4648 accipienda
1900 4583 2048 4637 sunt,
2100 4572 2193 4640 qui
2242 4573 2356 4639 ple-

805 4687 988 4749 risque
1017 4678 1152 4732 locis
1178 4675 1545 4745 Epistolarum
1583 4679 1770 4724 monet
1794 4667 1861 4731 ",
1882 4674 1943 4719 ut
1969 4666 2037 4739 ab
2068 4663 2354 4727 adulterio,

797 4770 1183 4832 t'orniiatione,
1221 4765 1440 4826 invidia,
1487 4758 1843 4820 detractione,
1874 4753 2195 4819 mendacio,
2237 4767 2361 4821 per-

793 4864 960 4936 juriu,
999 4859 1243 4929 crapula,
1282 4866 1337 4909 et
1372 4854 1583 4909 ueteris
1624 4849 1829 4921 peccati
1896 4844 2179 4901 vestibulis
2236 4841 2358 4909 puri

796 4960 991 5010 simus.
1534 4986 1544 4993 .

865 5044 1000 5098 Nam
1042 5039 1085 5093 si
1126 5039 1324 5093 anilem
1355 5038 1593 5091 llieraca:
1635 5029 1980 5085 traditionem
2015 5028 2188 5082 secuti
2234 5024 2358 5094 qui-

802 5148 1017 5201 cunque
1080 5129 1284 5185 Christi
1342 5127 1567 5181 nomine
1612 5112 1941 5185 censentur,
1993 5135 2023 5172 a
2067 5118 2358 5171 mulierum

802 5224 1086 5291 complexu
1111 5222 1468 5280 abstinerent,
1501 5227 1692 5269 omnes
1724 5213 1789 5265 ad
1825 5226 1993 5265 unum
2026 5224 2134 5263 una
2171 5212 2225 5262 ln
2265 5222 2360 5275 ge-

806 5314 1085 5369 neratione
1124 5311 1484 5365 deﬁceremus
1515 5321 1532 5358 :
1572 5318 1841 5371 nemoque
1870 5301 1974 5354 sibi
2008 5299 2356 5368 superstitem

804 5406 1111 5473 relinquere
1141 5409 1375 5468 curaret,
1427 5402 1474 5456 si
1526 5414 1713 5454 revera
1757 5395 1962 5449 cultum
2008 5406 2066 5446 se
2102 5398 2357 5461 praestare

803 5494 1034 5552 Domino
1065 5491 1410 5561 intelligeret.

868 5586 1020 5649 ,ldem
1061 5582 1436 5637 Melchisedeci
1501 5582 1722 5636 nomine
1776 5579 2112 5634 Paracletum
2161 5574 2363 5630 intelli-

877 5702 969 5756 σ⁵1
1015 5700 1139 5757 Cor.
1168 5716 1265 5762 vn,
1302 5700 1353 5751 7.
1433 5699 1479 5730 ⁸⁸
1525 5698 1687 5753 Hebr.
1721 5714 1815 5761 xu,
1855 5697 1939 5749 H.

810 5773 949 5833 tv.5.
1024 5774 1064 5802 ⁷⁸
1090 5772 1191 5825 lsa.
1213 5785 1328 5833 LIII,
1350 5769 1404 5823 8.
1480 5769 1925 5834 "lCor.x1,!l3.
2010 5767 2215 5823 "Psal.
2244 5786 2279 5834 ι,
2307 5777 2359 5828 5.

2019 5697 2061 5773 ᾖξ’
2075 5697 2255 5773 llehr.
2283 5718 2396 5773 xm,

2451 4590 2627 4644 a-tatis
2651 4589 2937 4644 confetttim
2964 4590 3020 4644 in
3052 4592 3313 4644 mundum
3345 4591 3593 4660 producti
3628 4602 3775 4644 sunt.
3808 4592 4014 4644 Resur-

2454 4681 2713 4733 rectionis
2742 4690 2922 4734 autem
2968 4680 3015 4734 is
3061 4696 3261 4751 scopus
3306 4690 3362 4734 et
3408 4682 3529 4734 ﬁnis
3562 4692 3679 4746 est,
3732 4690 3790 4734 ut
3822 4692 4013 4735 natura

2456 4768 2695 4823 humana
2744 4769 2811 4823 ad
2861 4770 3137 4839 antiquam
3183 4770 3327 4823 illam
3374 4775 3674 4839 primorum
3729 4780 4013 4838 parentum

2456 4858 2838 4913 formationem
2873 4868 3195 4925 revocetur,
3227 4860 3433 4914 idcirco
3472 4871 3528 4913 et
3554 4862 3645 4929 qui
3686 4862 3843 4914 senio
3887 4876 4016 4914 cou-

2455 4951 2582 5004 l‘ecti
2612 4962 2761 5014 sunt,
2792 4960 2848 5005 et
2875 4952 2966 5020 qui
2995 4951 3079 5005 vel
3109 4951 3265 5004 cunis
3305 4951 3359 5003 in
3396 4951 3527 5018 ipsis
3565 4950 3800 5003 animam
3846 4951 4011 5002 exha-

2455 5042 2592 5105 lant,
2619 5042 2809 5095 eadem
2841 5043 3016 5097 aetatis
3047 5057 3301 5096 mensura
3337 5049 3642 5110 resurgent,
3674 5055 3776 5093 nec
3819 5050 4011 5092 natura

2457 5136 2539 5190 eis
2567 5134 2638 5188 ob
2676 5134 3069 5204 magnitudinis
3096 5134 3468 5188 diversitatem
3508 5132 3912 5186 immutabitur.

3033 5247 3181 5301 CAP.
3228 5246 3442 5301 XXXV.

2469 5339 2745 5393 Tricesirna
2781 5338 2962 5407 quinta
3000 5338 3230 5398 heresis,
3280 5335 3778 5407 Collyridianorum.
3812 5335 3883 5387 1Ιί
3920 5352 4017 5386 nn-

3163 5419 3378 5477 guutur.

2537 5498 3263 5571 Collyridianorumquoque
3290 5498 3515 5552 haeresis
3551 5498 3602 5551 in
3628 5496 3821 5549 Arabia
3846 5496 4018 5565 pullu-

2468 5593 2618 5655 lavit,
2644 5591 2798 5644 initio
2827 5606 2857 5643 a
2878 5589 3199 5659 quibusdam
3238 5589 3455 5643 feminis
3478 5605 3508 5643 e
3534 5589 3763 5641 Thracia
3792 5597 3848 5641 et
3894 5588 4021 5654 Sc)—

2455 5711 2507 5766 4,
2589 5708 2632 5739 ⁶⁸
2657 5708 2792 5761 Gen.
2843 5723 2900 5774 ιι,
2941 5708 3023 5761 lS.
3117 5709 3158 5739 '°
3197 5706 3381 5760 Matth.
3416 5722 3523 5771 XIS,
3563 5708 3645 5758 1:2.
3704 5705 3748 5735 τ’
3784 5703 3800 5756 ι
3834 5702 4021 5755 Thess.
