4288 6372
322 388 456 454 1329

1562 395 1950 456 TlIESAURI
1992 395 2140 455 LIB.
2189 395 2287 456 IV.

3396 388 3532 455 1330

314 500 423 553 tliia
454 500 738 567 superiore
758 499 1007 556 oriundis
1044 512 1279 572 sumpto.
1338 505 1401 558 lli
1455 505 1658 574 majore
1708 520 1869 575 quam
1899 510 2054 569 Aest
2116 512 2373 559 voventes
2459 511 2553 558 aut
2614 508 2901 571 precantes
2954 497 3279 570 signiﬁcant.
3332 498 3536 553 Decent

310 603 407 656 par
432 597 578 643 esset
609 588 815 643 honore
873 600 1110 645 sanctam
1170 594 1263 648 Dei
1310 594 1636 650 Genitricem
1684 610 1873 664 prose-

309 688 558 748 quentes.
628 695 745 733 eam
818 680 916 735 Dei
1006 684 1247 747 nomine.
1325 696 1381 741 et
1455 688 1605 742 cultu
1673 694 1871 755 praeter

310 767 573 821 rationem
655 768 1042 836 dignabantur,
1102 773 1429 845 feminisque
1486 776 1616 844 ipsis
1689 775 1868 829 eidem

309 874 463 911 sacra
541 859 741 921 facere.
816 874 981 930 atque
1055 864 1381 918 sacrificium
1447 876 1701 935 tanquam
1758 866 1870 919 Deo

307 948 507 1002 otl‘erre
537 950 952 1017 permittebant:
991 969 1114 1022 qua:
1166 955 1387 1022 quidem
1436 955 1651 1009 feminae
1705 970 1871 1009 curru

308 1054 402 1093 seu
479 1042 732 1097 vehiculo
793 1045 1082 1108 instructo.
1155 1046 1381 1101 linteum
1440 1049 1871 1118 quadrangulum

310 1130 638 1197 pandebant.
718 1135 807 1189 cui
863 1136 1167 1206 collyridia,
1222 1153 1321 1193 seu
1383 1154 1609 1208 parvum
1676 1154 1872 1209 panem

310 1218 672 1287 itnponentes,
702 1224 756 1277 in
811 1228 1030 1281 nomine
1072 1228 1253 1284 Maria:
1309 1245 1529 1285 sursum
1582 1231 1870 1294 tollebant,

308 1320 470 1378 atque
506 1313 669 1367 itaex
731 1330 799 1370 eo
847 1320 1322 1376 communicabant
1376 1336 1588 1387 omnes,
1633 1331 1690 1377 et
1750 1321 1872 1377 aliis

310 1400 782 1469 impertiebantur.

586 1494 858 1551 ereseos
907 1501 1242 1567 prtccedentis
1279 1503 1591 1570 confutatis.

379 1584 495 1637 Non
538 1586 656 1639 sine
689 1603 878 1654 magna
898 1590 1055 1644 laude
1105 1592 1337 1647 virtutes
1396 1594 1710 1649 nominibus
1762 1610 1876 1648 me-

309 1670 654 1725 diocritatum
700 1674 990 1743 designata:
1046 1688 1212 1744 sunt;
1272 1697 1531 1736 excessus
1581 1692 1761 1737 autem
1819 1692 1873 1737 et

308 1762 550 1817 defectus
572 1780 670 1832 pro
725 1765 936 1819 honesti
996 1773 1514 1838 transgressionihus
1551 1784 1608 1828 et
1658 1775 1875 1844 optimae

309 1854 506 1922 cuique
536 1855 737 1908 actioni
760 1858 1046 1912 contrariis
1074 1875 1288 1927 semper
1340 1862 1510 1915 habiti
1559 1873 1705 1918 sunt.
1761 1864 1875 1918 Etsi

308 1946 451 1997 enim
482 1945 672 1999 iisdem
707 1948 758 1999 in
787 1947 994 2001 aedibus
1023 1950 1285 2016 habitant,
1324 1962 1381 2004 ut
1407 1954 1477 2006 ita
1505 1953 1706 2015 dicant,
1733 1956 1879 2009 alia:-

310 2053 415 2104 que
436 2038 901 2104 aliisinhzereant,
963 2058 1071 2095 non
1108 2053 1285 2098 tamen
1336 2044 1539 2099 idcirco
1570 2048 1879 2102 actionibus

310 2128 453 2183 inter
481 2145 537 2183 se
553 2134 909 2185 conveniunt.

386 2221 621 2276 Proinde
643 2223 737 2291 qui
773 2224 959 2278 divino
1012 2225 1454 2282 Nnminicultum
1485 2231 1742 2298 maiorem
1778 2231 1878 2285 itu-

310 2311 529 2380 pendet,
560 2329 723 2382 quam
746 2330 845 2384 par
878 2324 983 2379 est,
1008 2333 1279 2387 quamque
1306 2336 1333 2373 a
1369 2322 1473 2389 piis
1495 2323 1626 2375 viris
1651 2337 1877 2391 accepe-

312 2405 401 2468 rit,
431 2405 842 2475 haudquaquam
892 2407 1003 2460 Deo
1034 2418 1286 2473 acceptus
1332 2412 1462 2470 erit,
1503 2424 1597 2465 aut
1641 2414 1872 2471 salutem

311 2498 413 2551 hoc
444 2507 600 2567 pacto
626 2509 1014 2567 consequetur,
1041 2500 1253 2554 etiamsi
1303 2517 1502 2571 corpus
1546 2508 1877 2564 comburen-

310 2594 439 2646 dum
467 2594 662 2654 tradat,
686 2596 896 2649 etiamsi
923 2597 1061 2651 bona
1079 2613 1175 2652 sua
1204 2603 1534 2668 pauperibus
1557 2604 1866 2673 distribuat,

313 2684 422 2738 imo
446 2701 510 2738 ne
541 2701 792 2753 maguum
847 2687 1067 2755 quidem
1126 2690 1255 2757 quid
1322 2691 1514 2746 fecisse
1538 2693 1873 2764 dicetur.qui

310 2776 376 2828 ad
399 2777 662 2830 virtutem
692 2777 795 2829 alia
820 2777 903 2830 via
941 2779 1261 2847 aSpiraverIt
1289 2797 1449 2850 quam
1473 2799 1590 2853 qua:
1616 2787 1877 2841 caelicolis

311 2863 570 2918 arrideat.

384 2955 440 3008 Si
474 2958 599 3024 quis
632 2959 987 3029 enimjejunii
1021 2962 1165 3015 vires
1217 2978 1310 3017 eas
1360 2979 1481 3018 esse
1539 2969 1753 3031 doetus,
1818 2977 1876 3022 ut

313 3061 509 3114 pravos
542 3048 769 3103 affectus
791 3051 857 3104 de
886 3051 1064 3106 medio
1089 3054 1258 3113 tollat.
1310 3069 1515 3123 eosque
1568 3057 1868 3126 ingeneret,

1969 596 2116 651 enim
2143 595 2277 650 nihil
2308 595 2454 648 aliud
2478 594 2543 648 ad
2568 593 2842 648 daemonas
2862 590 3201 659 elfugandos.
3258 589 3531 644 animam-

1973 703 2137 756 quea
2225 686 2407 754 pravis
2473 683 2762 739 affectibus
2830 680 3199 742 asserendam.
3269 676 3537 731 orationis

1971 776 2376 847 perseverantia
2417 773 2688 828 efﬁcacius
2721 786 2865 827 esse.
2929 769 3097 825 Iidem
3190 766 3534 837 Euphemitae

1972 882 2211 937 quoque,
2236 867 2340 919 hoc
2367 873 2450 918 est
2474 865 2647 918 fausta
2697 870 3005 932 precantes.
3033 875 3127 915 seu
3156 875 3249 914 ore
3267 862 3532 916 faventes.

1972 960 2103 1013 item
2131 957 2467 1027 Martyriaui.
2489 965 2546 1008 et
2575 955 2850 1009 Sataniani
2881 953 3161 1007 dicuntur.
3195 948 3535 1019 Euphemitte

1973 1050 2217 1120 quidem,
2245 1051 2372 1119 quia
2396 1048 2625 1107 caeteris,
2666 1045 2875 1099 orando
2896 1054 2952 1099 et
2986 1042 3361 1098 benedicendo
3398 1042 3533 1102 Deo,

1972 1140 2385 1196 exercitatiores
2420 1153 2541 1193 esse
2608 1136 2903 1199 videntur;
2962 1134 3272 1204 Martyriani
3331 1141 3533 1191 autem,

1974 1235 2099 1301 quia
2128 1249 2193 1287 ex
2210 1233 2323 1287 suis
2348 1230 2643 1287 nonnullos
2662 1229 2729 1283 ab
2757 1227 3075 1283 orthodoxis
3104 1227 3313 1281 occisos
3338 1234 3535 1294 marty-

1976 1322 2126 1377 ribus
2148 1329 2520 1377 aceenserent.
2541 1318 2822 1374 Sataniani
2856 1317 3116 1387 denique.
3138 1317 3263 1386 quia
3283 1316 3537 1371 Satanam

1974 1415 2175 1466 fortem
2200 1412 2573 1466 existimantes
2606 1425 2732 1463 eum
2769 1408 3189 1464 venerabantur.
3214 1421 3283 1462 ne
3314 1406 3452 1461 mala
3486 1406 3537 1458 in

1973 1505 2075 1566 eis,
2104 1514 2164 1558 ut
2189 1503 2465 1566 dicebant,
2502 1510 2840 1571 cperaretur.

2050 1594 2491 1649 Massalianorum
2533 1607 2697 1660 porro
2730 1592 3001 1645 haereseos
3032 1590 3213 1659 capita
3230 1603 3296 1643 ex
3343 1602 3534 1642 eorum

1975 1686 2132 1742 libris
2156 1690 2409 1751 excerpta
2445 1684 2559 1735 haec
2589 1693 2734 1735 sunt.

2048 1777 2099 1829 l.
2131 1774 2286 1839 Quod
2317 1773 2545 1826 Satanas
2576 1770 3007 1841 enhypostatice,
3060 1770 3163 1823 hoc
3224 1774 3308 1821 est
3352 1779 3541 1819 revera

1980 1866 2187 1921 lromini
2236 1864 2534 1926 eohabitet,
2586 1864 2745 1931 eique
2810 1863 2862 1915 in
2907 1860 3161 1917 omnibus
3209 1858 3539 1913 dominetur.

2046 1960 2099 2013 2.
2128 1957 2280 2025 Quod
2328 1957 2555 2010 Satanas
2618 1963 2673 2010 et
2724 1954 2999 2007 daemones
3052 1952 3349 2005 humanum
3422 1950 3544 2004 ani-

1979 2066 2124 2103 mum
2165 2047 2501 2118 possideant,
2551 2046 2898 2112 humanaque
2950 2043 3087 2097 adeo
3142 2052 3335 2097 natura
3384 2042 3546 2112 spiri-

1981 2150 2131 2193 tuum
2162 2138 2422 2207 ueqnitize
2450 2151 2678 2191 consors
2708 2148 2763 2189 et
2787 2134 2968 2189 socius
3000 2133 3092 2187 sit.

2046 2233 2100 2286 3.
2129 2229 2283 2296 Quod
2346 2228 2572 2283 Satanas
2619 2237 2675 2281 et
2731 2216 2967 2296 Spiritus
3043 2237 3268 2282 sanctus
3334 2222 3540 2278 homini

1978 2322 2314 2383 cohabitent,
2360 2321 2616 2391 quodque
2662 2334 2732 2373 ne
2792 2319 3020 2388 apostoli
3077 2318 3300 2388 quidem
3344 2332 3374 2370 a
3418 2331 3548 2370 con-

1979 2415 2144 2468 traria
2214 2414 2456 2483 cnergia,
2532 2427 2627 2466 seu
2683 2411 2994 2466 daemonum
3056 2416 3345 2479 potestate,
3386 2406 3544 2462 liberi

1977 2507 2204 2561 fuerint.

2047 2596 2101 2649 4.
2133 2595 2287 2661 Quod
2320 2610 2494 2663 neque
2559 2594 2865 2664 baptismus
2913 2594 3189 2648 hominem
3243 2592 3549 2663 perfectum

1979 2688 2188 2745 reddat.
2253 2701 2427 2755 neque
2457 2685 2766 2739 divinorum
2821 2683 3204 2755 mysteriorum
3264 2684 3547 2752 perceptio

1977 2780 2210 2834 animam
2232 2787 2515 2848 expurget,
2540 2778 2633 2831 sed
2664 2778 2797 2841 sola,
2849 2792 2968 2846 quae
3014 2775 3081 2829 ab
3124 2776 3228 2829 illis
3257 2786 3519 2831 censetur

1977 2873 2171 2926 oratio.

2049 2962 2101 3015 5.
2132 2960 2285 3026 Quod
2318 2961 2505 3019 homo.
2536 2959 2703 3012 etiam
2752 2965 2875 3026 post
2932 2956 3284 3025 baptismum,
3324 2967 3548 3025 peccato

1979 3054 2298 3121 inquinatus
2324 3061 2426 3113 est,
2460 3052 2715 3121 quodque
2763 3066 2869 3103 non
2906 3048 3183 3115 baptismi,
3226 3048 3319 3102 sed
3347 3049 3552 3101 oratio—

313 3137 407 3205 qui
436 3138 812 3193 mediocritate
865 3156 960 3194 sua
1004 3142 1306 3197 laudabiles
1347 3146 1479 3209 sint,
1530 3160 1649 3199 eam
1708 3150 1884 3202 comi-
1909 3144 1949 3199 c
1984 3138 2070 3191 nis
2100 3138 2365 3190 beneﬁcio
2400 3139 2510 3197 fiat,
2546 3148 2604 3190 nt
2633 3138 2805 3191 fidelis
2837 3136 3131 3190 immortali
3164 3137 3253 3190 illa
3279 3145 3334 3191 et
3363 3135 3545 3189 divina

315 3228 555 3281 nentiam
581 3229 730 3282 nullo
753 3230 912 3283 modo
955 3233 1305 3301 prosequitur
1354 3246 1408 3287 et
1466 3237 1683 3300 excolit,
1727 3240 1884 3307 cuius

315 3330 543 3385 capacvs
571 3318 954 3373 hominesesse
985 3332 1208 3387 queant,
1260 3323 1353 3376 sed
1387 3323 1554 3378 frenis
1604 3328 1727 3393 ejus
1788 3342 1884 3379 ex-

315 3410 509 3470 cussis,
539 3411 706 3462 nimia
734 3410 1109 3466 imbecillitate
1143 3428 1344 3482 corpus
1395 3416 1714 3479 attenuarit,
1768 3418 1884 3472 ani.

316 3517 565 3569 mamque
591 3502 663 3555 ita
702 3501 1003 3556 miserrime
1036 3504 1251 3557 tandem
1304 3505 1585 3565 efﬂaverit.
1640 3507 1880 3575 seipsum

316 3593 498 3661 potius
529 3593 813 3654 occidisse,
844 3608 1006 3661 quam
1038 3594 1244 3662 jejunio
1268 3609 1391 3648 cum
1418 3597 1625 3665 angelis
1647 3608 1884 3652 certasse

316 3683 612 3737 videbitur.
697 3683 1164 3749 Quemadmodum
1258 3702 1435 3754 neque
1509 3698 1732 3757 martyr,
1788 3689 1882 3742 sed

315 3774 398 3829 sui
431 3774 602 3841 ipsius
636 3774 951 3827 interfector
998 3774 1332 3833 censebitur.
1371 3791 1547 3844 neque
1599 3778 1885 3831 sanctitate

318 3863 407 3917 illa
430 3865 625 3932 dignus
668 3864 981 3924 habebitur,
1010 3880 1117 3931 qua
1152 3866 1336 3917 lideles
1369 3868 1617 3919 exornari
1683 3868 1884 3931 solent,

316 3957 628 4026 quicunque
656 3955 893 4025 gladium
931 3956 983 4008 in
1012 3956 1217 4010 viscera
1268 3957 1487 4025 propria
1521 3959 1883 4024 distrinxerit,

316 4048 468 4115 quasi
505 4046 608 4099 hoc
639 4056 796 4113 pacto
818 4061 917 4115 pro
952 4046 1150 4100 Christi
1178 4048 1398 4100 nomine
1436 4059 1666 4101 mortem
1718 4048 1881 4115 ferat,

316 4146 376 4190 ut
429 4138 761 4204 martyribus
828 4148 1204 4192 accenseatur.
1253 4138 1455 4192 Eodem
1503 4140 1664 4192 etiam
1725 4141 1885 4192 modo

313 4226 661 4296 Collyridiani
695 4228 811 4296 ejus
837 4238 982 4281 certe
1011 4228 1155 4292 fidei,
1190 4244 1295 4296 qua
1319 4227 1595 4283 Christum
1621 4246 1887 4283 veneran-

317 4327 406 4371 tur
434 4334 562 4385 ergo
588 4318 928 4385 amplexandi
954 4328 1083 4371 sunt
1109 4336 1121 4371 :
1163 4319 1306 4386 quod
1361 4334 1491 4372 vero
1524 4320 1616 4373 Dei
1646 4318 1887 4373 Genitri-

315 4425 432 4464 cem
465 4410 633 4463 Deum
661 4409 1177 4477 existiment,eique
1222 4425 1372 4463 saera
1421 4409 1642 4472 faciant,
1698 4426 1885 4463 sacer-

1984 3238 2134 3282 \este
2176 3228 2410 3282 fruatur.

2054 3318 2101 3371 6.
2136 3318 2291 3383 Quod
2346 3319 2704 3387 amplexanda
2766 3319 3105 3388 cstapatbia.
3156 3333 3258 3373 nec
3309 3326 3392 3372 est
3426 3333 3550 3388 per-

1988 3409 2351 3463 turbationum
2382 3412 2640 3472 vacuitas,
2673 3411 2925 3480 quodque
2956 3410 3188 3480 spiritus
3243 3410 3550 3464 communi-

1983 3502 2125 3554 catio
2155 3518 2314 3556 sensu
2353 3514 2408 3557 et
2440 3519 2626 3564 reapse
2654 3504 2997 3572 percipienda
3022 3505 3114 3558 sit.

2057 3592 2104 3645 7.
2136 3591 2288 3656 Quod
2308 3593 2488 3645 anima
2517 3593 2607 3646 tali
2629 3594 2865 3647 cmlestis
2887 3594 3047 3663 hujus
3067 3595 3247 3663 sponsi
3270 3595 3548 3649 consortio

1984 3683 2088 3736 frui
2117 3682 2329 3741 debeat.
2353 3684 2497 3753 quali
2530 3695 2641 3738 tum
2697 3683 2895 3739 fruitur
2939 3700 3073 3739 uxor
3122 3700 3245 3739 cum
3311 3686 3366 3740 in
3439 3685 3542 3739 viri

1985 3774 2325 3842 amplexibus
2349 3776 2509 3844 jacet.

2055 3862 2106 3916 8.
2139 3862 2291 3928 Quod
2326 3864 2413 3931 qui
2447 3862 2648 3932 Spiritu
2685 3871 2937 3933 aguntur,
2996 3872 3275 3931 peceatum
3318 3872 3372 3917 et
3422 3880 3543 3923 stra-

1986 3954 2137 4009 tiam.
2176 3963 2281 4007 tam
2332 3965 2606 4023 operatam
2634 3970 2796 4024 quam
2834 3965 3171 4025 Operaulem.
3215 3955 3441 4009 interius
3490 3967 3546 4010 et

1983 4043 2225 4097 enerius
2266 4042 2505 4097 videant.

2053 4135 2110 4188 9.
2137 4134 2294 4198 Quod
2323 4135 2582 4189 revelatio
2615 4136 2702 4199 sit,
2740 4152 2860 4205 quae
2884 4152 3046 4190 sensu
3086 4146 3143 4190 et
3195 4136 3377 4189 divina
3448 4137 3537 4207 hy-

1986 4226 2186 4295 postasi
2224 4225 2333 4287 fiat,
2366 4227 2539 4294 qualis
2570 4234 2653 4280 est
2685 4227 2975 4281 hzrreseos.

2057 4316 2139 4368 10.
2169 4314 2321 4380 Quod
2352 4315 2489 4384 ignis
2520 4315 2629 4368 vim
2662 4317 3079 4383 procreatricem
3110 4316 3329 4371 habeat.

2058 4406 2143 4457 Η.
2174 4404 2327 4469 Quod
2350 4406 2553 4466 anima.
2580 4420 2701 4475 qua:
2735 4405 3011 4460 Christum
3074 4423 3241 4462 sensu
3300 4416 3354 4461 et
3398 4412 3545 4461 omni

315 4500 533 4553 dotibus
560 4500 777 4553 feminis
805 4500 870 4552 ad
915 4499 966 4552 id
999 4499 1306 4562 destinatis,
1336 4501 1535 4568 quibus
1570 4516 1638 4553 ne
1682 4501 1882 4568 templa
1916 4521 1957 4573 ι)
1987 4498 2305 4565 operatione
2333 4511 2439 4549 non
2477 4496 2662 4560 habet.
2721 4499 2997 4567 reptilium
3043 4508 3100 4552 et
3152 4508 3543 4553 venenatorum

314 4590 534 4657 quidem
563 4589 786 4641 omnino
814 4596 1020 4655 patent,
1052 4599 1275 4657 propter
1308 4589 1501 4642 sordes
1550 4590 1689 4650 illas,
1747 4604 1884 4657 quas

315 4680 418 4731 sibi
441 4694 468 4730 a
495 4689 683 4731 natura
707 4689 1114 4741 contraxerunt,
1154 4680 1291 4732 sacri
1325 4695 1551 4747 prorsus
1582 4690 1636 4733 et
1662 4686 1884 4732 intesta-

316 4769 452 4822 biles
491 4784 520 4821 a
564 4768 815 4822 fidelibus
876 4769 1110 4822 habendi
1173 4778 1338 4823 sunt:
1408 4784 1509 4821 nec
1586 4770 1881 4837 quidquam

316 4858 450 4910 lucri
478 4859 669 4910 animae
696 4872 824 4910 suae.
872 4872 993 4909 meo
1040 4857 1259 4925 quidem
1306 4856 1529 4924 judicio,
1587 4856 1884 4924 acquirunt

316 4964 381 5001 cx
411 4947 477 5000 iis
504 4963 623 5015 qua:
652 4948 1050 5016 quadamtenus
1092 4949 1177 5015 pie
1231 4962 1421 5016 gerere
1474 4946 1750 5000 videntur.
1791 4947 1885 5000 Illa

315 5039 458 5090 enim
483 5047 702 5105 propter
747 5038 977 5090 aliorum
1015 5037 1489 5106 improbationem,
1534 5037 1688 5092 irrita
1748 5054 1887 5108 quo—

316 5141 421 5193 que
442 5135 495 5177 et
527 5125 975 5192 prorsusinutilia
1018 5126 1559 5191 evadent,.Quoniam
1592 5132 1685 5197 qui
1714 5144 1882 5181 unum

317 5217 451 5284 legis
513 5216 825 5268 mandatum
876 5217 1260 5283 antiquaverit,
1352 5218 1426 5271 ita
1488 5220 1885 5273 condemnatur

318 5322 380 5360 ac
413 5306 458 5360 si
486 5315 649 5360 totam
680 5306 853 5375 legem
885 5315 1259 5376 transgressus
1296 5318 1461 5363 esset.

887 5417 1040 5473 CAP.
1074 5417 1311 5472 XXXVI.

320 5507 602 5560 Tricasimx
638 5515 785 5560 sexta
814 5508 1044 5570 heresis,
1074 5507 1539 5572 Massaliauorum,
1600 5510 1704 5563 sive
1772 5510 1880 5562 Eu-

393 5579 673 5649 chitarum.
702 5578 800 5649 illi
847 5581 1157 5649 unguntur,
1192 5587 1247 5629 ut
1308 5579 1620 5649 quibusdam
1687 5579 1879 5646 placet,

385 5647 490 5709 uel,
536 5656 588 5697 ut
618 5647 755 5709 aliis,
784 5646 1152 5714 baptizautu’r,‘
1182 5647 1325 5715 quod
1357 5649 1569 5716 quidem
1608 5658 1850 5717 pra'slat.

401 5761 695 5815 \lassaliani
730 5762 841 5824 ipsa
867 5762 1138 5816 notatione
1196 5762 1431 5820 nominis
1472 5761 1748 5824 Euchitas,
1782 5765 1883 5818 huc

1984 4587 2322 4648 animalium,
2355 4586 2460 4642 hoc
2503 4596 2587 4641 est
2607 4589 2784 4642 omnis
2836 4589 3123 4644 contrariae
3168 4589 3401 4652 virtutis,
3453 4591 3548 4643 ha-

1985 4677 2284 4731 bitaculum
2326 4686 2428 4731 est.

2058 4767 2144 4820 12.
2182 4766 2336 4833 Quod
2370 4777 2559 4822 natura
2583 4767 2843 4821 malorum
2871 4770 2989 4822 fons
3018 4777 3072 4822 et
3098 4769 3250 4838 origo
3280 4770 3370 4824 sit.

2055 4854 2141 4907 l3.
2180 4854 2337 4920 Quod
2404 4856 2571 4909 Maria
2617 4865 2671 4910 et
2745 4871 2932 4911 semen
2995 4868 3052 4913 et
3108 4859 3343 4913 Verbum
3413 4873 3547 4914 cono

1985 4945 2210 5013 ceperit.

2060 5035 2145 5087 14.
2174 5034 2327 5099 Quod
2371 5036 2628 5099 Adamus,
2676 5036 2839 5090 etiam
2868 5044 2992 5089 ante
3039 5037 3541 5105 transgressionem,

1984 5142 2106 5183 cum
2142 5127 2256 5181 Eva
2301 5128 2438 5183 citra
2490 5130 2651 5182 ullam
2676 5129 2843 5182 animi
2894 5127 3362 5197 perturbationem
3411 5143 3548 5182 con-

1984 5216 2286 5272 eumberel.

2056 5306 2141 5359 15.
2169 5307 2324 5373 Quod
2396 5307 2603 5361 homini
2689 5307 2811 5362 dute
2885 5307 2995 5360 sint
3049 5308 3265 5368 animae,
3311 5320 3543 5373 quarum

1981 5400 2148 5453 altera
2172 5399 2381 5453 caateris
2407 5399 2717 5454 hominibus
2748 5399 3073 5461 communis,
3101 5399 3271 5452 altera
3301 5396 3541 5450 C(Blesti-

1983 5491 2085 5545 bus
2113 5492 2332 5561 propria
2362 5492 2447 5545 sit.

2056 5583 2140 5636 16.
2171 5582 2322 5647 Quod
2394 5582 2511 5636 fieri
2594 5581 2784 5651 possit,
2840 5591 2900 5635 ut
2957 5582 3127 5635 homo
3202 5595 3386 5644 sensu,
3439 5579 3543 5633 hoc

1982 5680 2064 5725 est
2083 5686 2293 5740 reapse,
2317 5681 2369 5726 et
2400 5673 2547 5726 omni
2592 5670 2928 5742 operatione,
2981 5671 3253 5742 Spiritum
3294 5678 3544 5725 sanctqu

1986 5764 2263 5819 suscipiat.
