4288 6372
783 378 916 443 1331

777 586 973 656 possit,
999 586 1253 657 quodque
1276 587 1568 654 aliquando
1588 602 1874 656 procerum
1900 589 2122 657 quidam
2147 590 2344 658 deprc-

779 679 983 734 bensus
1019 677 1202 741 fuerit,
1239 693 1364 731 cum
1423 677 1489 731 ad
1542 677 1712 732 altare
1761 678 1958 733 astanti
2018 687 2129 733 tres
2181 695 2350 747 panes

777 768 900 823 oieo
934 769 1056 837 pisti
1077 779 1505 837 apponerentur.

848 859 934 911 18.
966 859 1119 924 Quod
1151 859 1445 913 Massiliani
1480 875 1617 927 opus
1641 876 1804 916 omne
1831 870 2170 925 aversantur,
2198 862 2346 930 quod

777 952 1032 1004 manibus
1065 953 1141 1010 fit.
1175 961 1429 1020 tanquam
1454 951 1798 1005 Christianos
1841 953 2066 1006 minime
2092 953 2303 1006 deceat.

850 1041 935 1093 l9.
997 1041 1056 1094 ln
1111 1051 1265 1109 parte
1313 1057 1445 1094 vero
1497 1041 1949 1096 inhumanitatem
2016 1059 2236 1112 quoque
2292 1045 2345 1098 in

778 1147 1044 1200 pauperes
1074 1133 1451 1186 introducunt.
1486 1133 1693 1202 Negant
1723 1134 1869 1185 enim
1894 1148 1990 1186 eos
2012 1134 2102 1202 qui
2145 1133 2348 1187 mundo

778 1226 1252 1286 renuntiaverint,
1290 1224 1372 1276 vel
1414 1227 1643 1276 omnino
1687 1224 1984 1292 quidquam
2019 1225 2145 1278 boni
2187 1241 2349 1295 agere

778 1315 1075 1374 voluerint,
1106 1315 1176 1367 iis
1197 1314 1494 1382 quidquam
1525 1329 1748 1383 erogare
1774 1323 2064 1382 Oporlere,
2105 1316 2196 1383 qui
2247 1317 2348 1369 sti-

780 1421 901 1474 pem
956 1407 1172 1474 publice
1207 1406 1518 1469 mendicat,
1570 1413 1665 1458 aut
1718 1404 1950 1459 desertis
1998 1407 2201 1470 viduis,
2255 1416 2349 1461 aut

781 1499 848 1551 iis
899 1499 990 1566 qui
1022 1497 1170 1550 varia
1204 1498 1444 1566 pericula
1480 1496 1789 1558 subierunt,
1817 1508 1911 1550 aut
1957 1513 2185 1566 corpore
2231 1514 2350 1551 mu-

780 1589 941 1653 tilati,
977 1597 1070 1642 aut
1097 1593 1286 1642 morbo
1317 1589 1521 1648 alllicti,
1555 1596 1650 1640 aut
1694 1589 2028 1642 creditorum
2064 1589 2346 1650 saevitiam,

781 1690 873 1733 aut
924 1681 1284 1733 Barbarorum
1328 1680 1684 1733 excursiones
1713 1720 1726 1742 ,
1759 1691 1853 1732 aut
1895 1680 2028 1733 alias
2080 1681 2132 1733 id
2178 1698 2348 1750 genus

782 1771 1119 1824 calamitates
1165 1770 1411 1837 experti,
1461 1785 1641 1823 rerum
1692 1785 1912 1823 suarum
1955 1771 2225 1835 jacturam
2266 1773 2346 1826 fe-

782 1871 997 1926 cerunt,
1044 1863 1137 1916 sed
1182 1862 1284 1915 sibi
1319 1863 1470 1930 ipsis,
1506 1863 1597 1931 qui
1635 1878 1902 1932 pauperes
1924 1864 2119 1934 spiritu
2158 1879 2347 1918 revera

783 1953 914 2016 sint,
940 1953 1119 2005 omnia
1150 1951 1546 2020 suppeditanda
1571 1966 1691 2006 esse
1728 1953 1904 2006 aiunt.

851 2044 942 2098 20.
1005 2043 1102 2097 His
1151 2044 1503 2097 ecclesiarum
1565 2052 1620 2097 et
1666 2045 1918 2098 altarium
1975 2055 2345 2114 contemptum

783 2137 1012 2200 addunt,
1061 2138 1212 2205 quasi
1243 2152 1336 2190 eos
1366 2137 1459 2204 qui
1491 2137 1745 2204 pietatem
1783 2137 2104 2206 profitentur
2129 2179 2142 2202 ,
2173 2139 2348 2192 haud-

783 2241 1057 2294 quaquam
1108 2227 1159 2277 in
1201 2225 1589 2280 ecclesiasticis
1641 2227 2119 2280 communionibus
2164 2243 2352 2295 perse-

784 2333 975 2370 vorare
1019 2316 1229 2377 deceat,
1280 2317 1346 2369 iis
1397 2317 1654 2384 precibus
1705 2327 2011 2379 contentos,
2059 2334 2193 2387 quas
2245 2318 2347 2387 ipsi

783 2412 898 2463 suis
931 2409 983 2462 in
1029 2408 1282 2462 Oratoriis
1324 2408 1434 2465 De!)
1488 2407 1743 2461 fundunt.
1794 2409 1989 2463 Preces
2030 2411 2174 2463 enim
2224 2425 2350 2463 suas

786 2502 922 2556 tanti
972 2502 1230 2570 ponderis
1275 2515 1394 2554 esse
1447 2499 1658 2560 dicunt,
1726 2509 1784 2554 ut
1841 2499 1944 2552 sibi
2001 2509 2056 2554 et
2111 2501 2179 2554 iis
2213 2516 2352 2570 quos

785 2593 1082 2646 instituunt
1124 2591 1362 2661 Spiritus
1392 2598 1615 2644 sanctus
1653 2604 1917 2660 apparere
1948 2607 2110 2645 sensu
2159 2590 2350 2660 depre-

785 2684 1077 2738 hendatur.

855 2797 945 2851 2|.
982 2797 1315 2851 Fabulantur
1339 2797 1503 2852 etiam
1536 2797 1763 2859 decere,
1820 2805 1879 2849 ut
1928 2799 2017 2865 qui
2061 2797 2192 2850 salvi
2235 2811 2353 2850 esse

784 2891 1015 2952 volunt,
1051 2887 1238 2941 tandiu
1276 2898 1469 2948 orent,
1498 2889 1632 2942 nihil
1663 2887 1808 2941 aliud
1841 2903 2064 2956 prorsus
2111 2898 2351 2956 agentes,

789 2980 964 3033 donec
995 2988 1300 3047 peccatum,
1331 2986 1586 3047 tanquam
1637 2981 1846 3032 fumum
1888 2987 1982 3031 aut
2013 2978 2208 3046 ignem,
2262 2988 2354 3033 aut

790 3068 1109 3128 draconem,
1161 3077 1256 3122 aut
1317 3068 1370 3121 id
1421 3083 1590 3135 genus
1642 3067 1812 3122 feram
1864 3068 2114 3136 quamvis
2168 3068 2350 3132 aliam,

791 3160 1056 3213 orationis
1090 3159 1140 3211 vi
1169 3159 1336 3228 abigi,
1363 3175 1392 3211 a
1435 3174 1602 3227 seque
1639 3159 1933 3212 abscedere
1981 3174 2143 3212 sensu
2175 3158 2355 3227 perci-
2386 3170 2427 3227 ο

791 3254 964 3320 piant,
997 3260 1052 3303 et
1080 3251 1316 3304 vicissim
1354 3263 1526 3304 sancti
1565 3251 1803 3319 Spiritus
1849 3251 2144 3305 efficaciam
2194 3265 2358 3304 sensu

794 3342 1071 3411 exeipiant
1096 3360 1109 3395 :
1136 3342 1592 3410 manifestumque
1625 3341 1954 3396 introeuntis
1992 3343 2110 3412 ejus
2139 3357 2359 3396 sensum

793 3436 977 3488 animo
1019 3433 1452 3502 deprehendant.
1498 3433 1674 3500 Atque
1721 3434 1861 3486 hanc
1913 3433 2133 3486 demum
2178 3442 2360 3485 veram

792 3525 1230 3580 Christianorum
1265 3524 1703 3578 communionem
1735 3537 1853 3576 esse
1880 3523 2093 3578 dicunt.

866 3641 957 3693 Ξῖ.
994 3640 1203 3708 Negant
1235 3638 1380 3692 enim
1416 3638 1471 3692 in
1520 3637 1776 3692 Ecclesiae
1808 3637 2098 3706 baptismo,
2131 3647 2222 3690 aut
2254 3639 2365 3692 cle-

799 3731 1038 3785 ricorum
1069 3730 1449 3791 clectionibus,
1481 3745 1576 3782 eos
1600 3728 1694 3798 qui
1727 3728 2073 3796 baptizantur
2094 3772 2107 3788 .
2140 3739 2234 3784 aut
2263 3731 2363 3784 eli-

801 3832 1034 3893 guntur,
1077 3822 1249 3875 sancti
1293 3818 1530 3889 Spiritus
1570 3819 1867 3888 participes
1898 3835 2039 3882 esse,
2095 3819 2200 3872 nisi
2250 3822 2366 3876 suis

804 3919 1048 3986 ipsorum
1086 3914 1343 3984 precibus
1374 3913 1672 3967 studiosius
1705 3911 2246 3966 communicaverint.
2288 3913 2364 3967 lta

803 4020 865 4060 ut
921 4007 1127 4070 cuivis,
1187 4005 1349 4058 etiam
1404 4005 1522 4058 sine
1589 4002 1890 4071 baptismo,
1940 4004 2366 4057 communicatio

803 4101 1039 4170 Spiritus
1085 4099 1258 4154 sancti
1317 4103 1499 4167 pateat
1550 4113 1563 4150 :
1623 4094 1786 4147 modo
1847 4093 2063 4146 assidue
2133 4095 2247 4148 suis
2314 4096 2367 4148 in

803 4193 1039 4247 canibus
1085 4189 1312 4254 versari,
1356 4201 1586 4257 quaeque
1652 4184 1725 4238 ibi
1759 4183 2010 4252 dogmata
2042 4184 2364 4249 traduntur,

803 4283 1047 4338 ediscere
1082 4281 1233 4334 velit.

877 4396 966 4450 9.3.
995 4394 1150 4450 Unde
1181 4407 1306 4448 cum
1335 4389 1636 4461 presbyteri
1670 4388 1956 4442 orthodoxi
1986 4387 2230 4457 quaedam
2261 4388 2367 4441 illis

2005 384 2297 444 NECETAZ
2338 385 2740 447 CHONIATJE

884 495 936 548 '7.
967 494 1120 561 Quod
1186 497 1474 549 orantibus
1518 511 1650 550 crux
1707 497 1759 550 in
1820 497 2023 550 lumine
2080 514 2339 568 apparere
2373 506 2413 562 Α
2444 505 2841 567 obscenitatcs,

3873 393 4013 453 133?.

2921 506 3272 575 pecuniarum
3325 507 3463 562 furta
3547 517 3600 562 et
3658 512 4022 568 scortationes

2452 597 2784 652 inciderunt.

2515 688 2606 742 95.
2648 691 2772 743 Haec
2808 694 2863 743 et
2895 690 3148 758 pleraque
3183 691 3233 744 id
3273 703 3444 760 genus
3490 691 3592 745 alia
3630 700 3880 760 portenta
3920 698 4019 749 de-

2448 777 2649 840 sinant,
2683 777 2754 831 ita
2792 787 2850 832 ut
2879 779 3097 846 nuptias
3127 781 3290 832 etiam
3323 780 3592 848 legitimas
3613 781 3871 837 facillime
3909 785 4016 838 dis-

2447 870 2677 932 solvant,
2704 881 2759 923 et
2791 884 2886 923 eos
2915 871 3006 938 qui
3040 885 3068 922 a
3101 871 3306 938 nuptiis
3334 870 3497 924 alieni
3524 882 3670 932 sunt,
3706 889 3812 925 non
3862 889 4025 929 serus

2448 971 2610 1025 atque
2641 959 2958 1021 monachos,
2993 975 3173 1012 SCt'lllll
3203 960 3479 1013 asciscunt
3508 1001 3520 1022 ,
3557 961 3854 1031 beatosque
3883 981 4021 1030 pre-

2449 1048 2652 1102 dieant.
2687 1049 2864 1118 Atque
2892 1049 3030 1101 adeo
3069 1049 3436 1117 persuadent,
3491 1059 3552 1101 ut
3592 1060 3743 1117 patre
3771 1090 3783 1110 ,
3850 1062 4026 1104 matre

2449 1139 2749 1208 liberisque
2801 1140 2978 1208 (quos
3018 1139 3253 1193 educare
3287 1138 3633 1200 debuerant)
3674 1140 4023 1206 posthabitis,

2450 1230 2514 1284 ad
2554 1247 2612 1284 se
2648 1242 2842 1284 cuncta
2875 1239 3243 1299 eomportent.

2521 1321 2609 1375 ‘26.
2675 1321 2875 1376 Servos
2917 1337 2944 1375 a
2993 1323 3231 1376 dominis
3282 1322 3547 1390 fugientes
3586 1321 3822 1374 libenter
3872 1324 4027 1375 exci—

2452 1413 2606 1483 piunt
2645 1432 2657 1466 :
2700 1414 2868 1465 variis
2909 1414 3144 1480 peccatis
3173 1412 3401 1465 infames
3449 1412 3513 1464 ad
3571 1427 3628 1465 se
3676 1413 4023 1474 accedentes,

2451 1503 2655 1570 absque
2690 1502 2800 1555 ullo
2831 1503 3166 1570 pmnitentim
3200 1502 3403 1565 fructu,
3441 1502 3646 1570 absque
3694 1504 4023 1556 auctoritate

2452 1593 2794 1656 sacerdotali,
2837 1594 3042 1662 absque
3081 1593 3362 1663 gradibus,
3396 1594 3487 1662 qui
3518 1594 3824 1647 canonibus
3849 1594 4028 1646 eccle-

2450 1681 2684 1736 siasticis
2714 1683 3160 1752 prmscribuntur.
3195 1685 3262 1736 ab
3294 1684 3441 1736 omni
3488 1698 3545 1738 se
3577 1694 3800 1752 peccato
3847 1698 4026 1751 quan-

2454 1774 2628 1827 tocius
2709 1775 3024 1842 espiaturos
3087 1774 3456 1843 promittunt,
3542 1774 3587 1826 si
3661 1774 3784 1841 quis
3861 1773 4030 1825 modo

2460 1863 2700 1917 triviales
2728 1877 2920 1916 eorum
2954 1877 3144 1932 preces
3170 1865 3314 1932 apud
3345 1879 3438 1917 eos
3472 1862 3765 1916 meditatus
3813 1871 4021 1916 extem-

2458 1967 2728 2020 poraneus
2764 1953 3020 2021 nequitiae
3049 1955 3303 2007 sacerdos
3329 1954 3585 2008 evaserit.

2527 2043 2616 2096 27.
2648 2044 2835 2111 Itaque
2869 2043 3183 2107 nonnullos,
3212 2045 3377 2098 etiam
3407 2054 3698 2112 antequam
3728 2059 3756 2098 a
3783 2045 4028 2114 peccatis

2458 2133 2813 2188 absolvantur
2862 2134 2963 2201 ipsi
3013 2133 3080 2186 ad
3128 2133 3455 2187 clericorum
3509 2135 3806 2187 electiones
3851 2135 4034 2187 addu-

2458 2235 2608 2283 cunt.
2637 2235 2689 2278 et
2720 2225 2786 2279 ab
2815 2226 3088 2293 episcopis
3119 2225 3245 2279 dolo
3298 2226 3571 2294 persuasis
3623 2240 3881 2278 manuum
3925 2226 4033 2279 im-

2461 2317 2786 2386 positionem
2833 2324 3179 2384 extorquent.
3227 2330 3366 2382 quos
3410 2315 3664 2369 nimirum
3715 2316 4036 2370 testimonio

2458 2423 2648 2461 eorum
2689 2408 2955 2469 inescant,
2993 2407 3085 2474 qui
3122 2406 3262 2476 apud
3296 2421 3390 2460 eos
3420 2407 3672 2460 monachi
3703 2417 4025 2460 censentur.

2531 2498 2618 2550 98.
2683 2496 2737 2548 ld
2792 2505 2852 2549 ut
2903 2497 3122 2557 faciant,
3184 2511 3293 2548 non
3347 2511 3414 2549 eo
3462 2499 3828 2560 adducuntur,
3878 2497 4032 2565 quod

2460 2588 2784 2640 clericorum
2827 2586 3029 2654 gradus
3085 2587 3434 2641 honorabiles
3480 2587 3745 2655 judicent,
3799 2587 3893 2654 qui
3942 2588 4032 2640 vel

2461 2680 2640 2747 ipsos,
2672 2679 2890 2746 quoties
2933 2679 3254 2733 collubitum
3288 2685 3392 2740 est,
3446 2678 3733 2746 episcopos
3782 2687 4037 2731 contem-

2461 2769 2577 2838 ptui
2628 2768 2853 2829 habent,
2906 2769 3001 2823 sed
3059 2779 3118 2822 ut
3167 2776 3491 2837 potestatem
3540 2777 3596 2822 et
3641 2769 4030 2822 auctoritatem

2463 2861 2565 2915 sibi
2603 2870 2939 2928 comparent.

2530 2952 2619 3005 ‘29.
2684 2951 2940 3006 Nonnulli
3008 2967 3172 3020 porro
3235 2965 3426 3004 eorum
3507 2964 3574 3003 ne
3636 2949 4030 3018 mysteriorum

2462 3043 2683 3113 quidem
2715 3041 3085 3096 communioni
3119 3056 3176 3094 se
3208 3055 3447 3108 unquam
3472 3038 3784 3092 interfuisse
3810 3038 4029 3097 dicunt,

2463 3135 2566 3186 nisi
2617 3134 2787 3187 sancti
2856 3132 3097 3202 Spiritus
3155 3131 3518 3200 praesentiam,
3576 3146 3696 3198 quas
3748 3130 3836 3182 illa
3895 3130 4035 3184 hora

2467 3227 2648 3289 fiebat,
2677 3237 2862 3294 aperte
2897 3225 3166 3278 sentirent
3193 3233 3248 3277 et
3276 3224 3679 3291 experirentur.

2533 3313 2624 3366 30.
2658 3312 2767 3366 Nec
2798 3311 2998 3365 desunt
3050 3311 3192 3364 inter
3225 3311 3344 3363 illus
3366 3351 3380 3373 ,
3415 3309 3507 3378 qui
3541 3309 3608 3361 ad
3660 3308 3836 3361 virilia
3870 3323 4028 3362 rese—

2465 3403 2660 3462 canda.
2700 3404 2742 3457 si
2776 3403 2866 3470 qui
2902 3401 3042 3455 forte
3069 3401 3263 3464 velint,
3293 3400 3674 3453 exhortentur.

2535 3495 2623 3548 5|.
2660 3494 3046 3561 Separationes
3081 3492 3228 3559 (quae
3261 3493 3423 3559 vulgo
3457 3490 3878 3559 degradationes
3934 3503 4028 3557 ap-

2467 3590 2763 3659 pellantur)
2802 3589 2959 3642 facile
2994 3596 3376 3641 contemnunt.

2535 3680 2621 3732 52.
2651 3678 2928 3731 Audacter
2955 3677 3158 3744 jurant,
3196 3684 3251 3726 et
3281 3676 3547 3744 pejerant.

2535 3771 2624 3824 53.
2656 3770 2899 3838 Denique
2930 3769 3012 3822 vel
3041 3783 3194 3821 suam
3220 3767 3465 3836 ipsorum
3490 3768 3722 3822 haresin
3748 3766 3912 3820 tacite
3940 3765 4040 3818 de-

2469 3867 2758 3914 testantur.

2749 3993 3014 4047 Horresco:
3041 3991 3381 4060 precedentis
3432 3990 3748 4058 coniuratio.

2543 4124 2868 4192 Deplorandi
2895 4132 3044 4178 certe
3098 4133 3228 4177 sunt
3270 4123 3536 4184 Euchitaa,
3581 4131 3803 4190 propter
3840 4121 4037 4172 multi-

2469 4214 2662 4283 plicem
2724 4215 2868 4267 illam
2951 4213 3206 4274 hmresin,
3258 4221 3424 4281 atque
3483 4211 3697 4280 piorum
3772 4209 4037 4278 precibus

2470 4306 2789 4359 sublevandi
2825 4316 2884 4359 ut
2919 4305 3140 4358 tandem
3172 4303 3468 4372 aliquando
3512 4319 3542 4356 a
3575 4301 3902 4356 temeritatis
3935 4315 4033 4354 ve-

2471 4407 2632 4451 terno
2678 4397 2922 4460 excitati,
2952 4397 3239 4465 Deumque
3296 4407 3714 4465 cognoscentes,
3774 4409 3801 4447 a
3849 4394 4034 4448 stultis

805 4483 1157 4553 objecissent,
1185 4490 1314 4550 puta
1345 4479 1488 4548 quod
1523 4478 1648 4539 fide,
1681 4492 1790 4529 non
1819 4491 1978 4530 sensu
2002 4514 2017 4536 ,
2055 4491 2153 4530 nos
2196 4476 2368 4544 Spiri-
2403 4500 2446 4553 υ
2480 4492 2494 4543 ί

2346 4505 2368 4514 ·
2403 4500 2446 4553 ι)
2480 4491 2588 4544 illis
2646 4491 2906 4558 precibus
2953 4491 3287 4547 abstineant.
3337 4497 3499 4555 atque
3546 4489 3862 4555 dogmatum
3902 4500 4039 4538 suav

809 4587 898 4631 tus
929 4575 1100 4630 sancti
1129 4572 1420 4643 participes
1449 4569 1566 4624 fieri
1596 4567 1941 4628 conﬁtemur,
1977 4567 2053 4619 illi
2102 4567 2215 4620 suis
2249 4583 2369 4635 pre-

809 4669 967 4721 cibus
1015 4680 1236 4719 sensum
1293 4676 1510 4730 quoque
1562 4658 1798 4727 Spiritus
1857 4658 2030 4710 sancti
2088 4656 2370 4726 obtingere

812 4760 918 4814 sibi
955 4756 1383 4826 rcSpunderunt.

881 4872 971 4925 24.
1004 4871 1182 4923 Tanto
1217 4874 1396 4920 autem
1429 4863 1750 4933 arrogantiae
1788 4861 1928 4916 fastu
1958 4859 2278 4921 efferuntur,
2313 4869 2372 4911 ut

811 4979 907 5018 eos
936 4961 1029 5030 qui
1060 4971 1245 5013 secum
1292 4956 1526 5024 Spiritus
1571 4953 1740 5007 sancti
1791 4967 2010 5006 sensum
2063 4949 2371 5019 percipiunt

811 5057 1000 5109 beat-os
1045 5051 1336 5121 prazdicent
1387 5064 1400 5100 :
1451 5053 1706 5113 tanquam
1756 5041 1984 5112 perfecti
2023 5039 2180 5094 etab
2226 5038 2373 5092 omni

815 5153 1039 5218 peccato
1095 5142 1276 5204 liberi,
1301 5137 1537 5206 denique
1589 5135 1842 5189 meliores
1887 5132 2159 5186 evaserint
2193 5147 2210 5183 :
2251 5144 2374 5182 eos-

815 5241 939 5293 dem
966 5238 1128 5299 ctiam
1172 5247 1385 5288 summo
1427 5245 1611 5284 amore
1641 5233 2061 5296 prosequantur,
2089 5230 2144 5274 et
2171 5221 2372 5284 colant,

818 5340 879 5384 ut
908 5329 1001 5396 qui
1037 5343 1143 5380 non
1169 5324 1401 5393 amplius
1440 5320 1642 5389 peccati
1679 5315 1936 5387 periculis
1980 5314 2089 5368 sint
2130 5311 2374 5366 obnoxii.

821 5420 926 5476 Sed
962 5421 1013 5472 in
1055 5426 1333 5486 posterum
1363 5412 1568 5482 quiete,
1615 5410 1861 5463 ciborum
1911 5403 2178 5474 cupediis,
2225 5401 2374 5457 omni

822 5510 1129 5580 largitionis
1173 5521 1390 5576 genere,
1424 5504 1635 5557 deliciis
1666 5497 2074 5565 honoribusque
2103 5495 2373 5548 fruantur.

818 5605 1060 5669 Quorum
1095 5598 1342 5669 plerique
1369 5595 1509 5664 apud
1541 5607 1636 5646 eos
1661 5587 1974 5658 huiusmodi
2007 5584 2375 5638 testimonium

818 5693 1170 5768 perfectionis
1205 5690 1386 5760 adepti
1413 5730 1428 5751 .
1481 5687 1625 5740 inter
1662 5691 1918 5738 externos
1966 5681 2144 5768 (quos
2176 5691 2244 5729 ne
2276 5691 2377 5768 no-

822 5765 966 5843 mine
1006 5782 1221 5852 quidem
1259 5777 1690 5834 Christianorum
1726 5768 2059 5841 dignantur)
2106 5767 2160 5820 in
2201 5765 2378 5822 varias

2474 4598 2595 4635 rum
2632 4581 2830 4635 fabulis
2887 4583 3107 4650 longum
3153 4580 3339 4633 valere
3379 4580 3566 4649 jussis,
3596 4579 3857 4646 pietatem
3913 4591 4035 4645 per-

2471 4671 2710 4724 discant.

2543 4763 2680 4814 Vera
2715 4763 2860 4815 enim
2886 4760 3163 4815 dementia
3187 4769 3292 4824 est,
3330 4759 3374 4813 si
3409 4758 3531 4827 quis
3555 4755 3836 4810 existimet
3857 4753 4034 4816 eali)-

2476 4852 2763 4919 postatice,
2823 4852 2928 4904 hoc
2973 4860 3059 4904 est
3092 4865 3301 4911 revera,
3347 4849 3601 4902 Satanam
3649 4855 3706 4900 et
3758 4844 4030 4912 Spiritum

2475 4953 2718 4998 sanctum
2750 4942 2956 4996 homini
2994 4942 3301 4996 inhabitare
3334 4959 3348 4995 :
3383 4956 3505 4995 cum
3535 4939 3836 5004 prmsertim
3886 4935 4032 4988 Deus

2477 5035 2752 5088 hominem
2785 5049 2849 5086 ex
2873 5033 3052 5086 anima
3077 5043 3130 5086 et
3157 5048 3388 5101 corpore
3425 5030 3824 5099 composuerit,
3885 5025 4028 5078 alie-

2477 5143 2719 5197 numque
2751 5142 2781 5181 a
2842 5125 3319 5187 Salanazditione,
3376 5123 3478 5177 sub
3527 5122 3642 5190 ipsa
3696 5119 3884 5172 mundi
3923 5117 4036 5184 pri-

2477 5219 2684 5273 murdia
2737 5215 3080 5270 formaverit.
3114 5215 3265 5268 ldem
3324 5214 3468 5268 enim
3498 5213 3612 5280 ipse
3653 5209 3852 5263 cmlum
3886 5222 4028 5275 quo-

2476 5324 2581 5379 que
2613 5306 2875 5378 appendit
2896 5305 3221 5365 etlirmavit,
3250 5303 3638 5373 quihominum
3658 5298 4032 5369 generispira-

2479 5403 2661 5458 culum
2682 5400 2802 5451 vitm
2818 5398 2970 5451 dedit
3008 5398 3124 5452 Jam
3138 5397 3182 5451 si
3203 5396 3433 5451 Satanas
3449 5394 3652 5447 homini
3670 5390 4032 5451 cohabitaret,

2475 5494 2635 5560 eique
2671 5490 3164 5549 συνενυπὸστατος,
3203 5489 3306 5540 hoc
3353 5497 3438 5540 est
3491 5499 3681 5538 revera
3709 5482 3922 5536 insitus
3977 5488 4032 5532 et

2479 5581 2754 5637 immistus
2801 5578 3200 5640 dominaretur,
3250 5590 3530 5640 nunquam
3584 5589 3613 5627 a
3673 5572 3881 5626 sanctis
3921 5569 4036 5624 eal-

2479 5682 2632 5726 catus
2658 5672 3060 5738 iucrepatusve,
3113 5676 3370 5735 tanquam
3394 5665 3507 5717 ‘vile
3539 5661 3900 5730 mancipium.
3934 5673 4036 5711 nec

2480 5766 2636 5818 aliter
2662 5776 2826 5832 quam
2855 5760 3100 5815 misellus
3139 5760 3491 5829 passerculus
3531 5756 3781 5812 ludibrio
3803 5754 4030 5807 habitus
