4288 6372
313 397 332 463 1
343 403 443 461 333

1546 392 1943 454 ΤΙΙΕΞΑΗΒΙ
1989 392 2136 450 LIB.
2180 391 2274 449 IV.

3384 385 3519 451 1334

305 513 518 566 luisset.
591 511 734 566 Alias
781 510 946 564 etiam
1009 510 1129 564 ﬁeri
1175 530 1279 564 non
1345 516 1545 580 potest,
1595 517 1652 560 ιιι
1720 503 1862 573 apud
1896 509 1935 563 Α
1971 501 2135 555 unius
2165 500 2333 554 divini
2365 511 2420 553 et
2449 497 2640 552 :etcrni
2676 495 2926 577 ptipcipii
2957 496 3195 565 cognitio
3231 496 3353 553 orbi
3411 504 3521 552 ter-

309 617 476 655 unum
503 602 863 670 eumdemque
923 602 1199 656 hominem
1239 603 1359 656 dus:
1414 600 1708 657 contraria:
1752 598 1863 650 vir-

309 704 474 754 tutes,
506 704 749 755 sanctus.
786 696 1032 763 inquam,
1068 694 1306 762 Spiritus
1337 703 1388 748 et
1421 694 1670 754 Satanas,
1698 688 1862 746 simul

308 785 665 837 conveniant.
715 784 826 837 Nec
863 785 1008 838 enim
1059 785 1276 838 illorum
1330 798 1636 838 concursus
1678 783 1724 835 is
1757 789 1863 843 est,

307 875 402 943 qui
428 875 704 937 accidere,
736 885 830 928 aut
857 878 968 929 ullo
1005 893 1242 944 unquam
1275 889 1520 945 tempore
1548 875 1864 942 contingere

309 967 501 1033 possit.
562 967 653 1019 llle
702 968 846 1019 enim
881 969 1021 1020 Deus
1065 977 1148 1021 est
1180 979 1236 1020 et
1273 969 1588 1036 angelorum
1623 975 1862 1023 creator,

306 1058 396 1111 hic
452 1073 580 1110 vero
630 1059 926 1125 apostatica
988 1058 1345 1126 malelieaque
1401 1057 1667 1125 potentia,
1745 1070 1866 1124 quae

305 1159 530 1216 propter
565 1149 784 1201 insitam
826 1149 1139 1216 superbiam
1165 1150 1232 1202 ab
1263 1150 1356 1202 illo
1388 1148 1579 1217 procul
1611 1147 1863 1209 exsulat;

305 1248 358 1289 et
385 1240 532 1306 juxta
564 1237 771 1292 Domini
815 1240 1067 1302 verbum,
1094 1248 1353 1301 tauquam
1401 1239 1581 1307 fulgur
1612 1255 1715 1291 una
1740 1251 1864 1290 cum

304 1329 546 1395 ejusdem
610 1329 924 1382 rebellionis
978 1330 1328 1382 co:.sortibus
1382 1328 1642 1397 potentiis
1679 1325 1862 1379 eccelo

306 1419 494 1471 decidit
525 1419 591 1471 ⁷⁸.

384 1507 438 1560 2.
474 1507 670 1562 Divino
710 1525 877 1578 porro
913 1511 1266 1580 baptismate,
1321 1509 1634 1579 Christique
1663 1519 1869 1580 myste-

307 1602 514 1651 riorum
552 1603 930 1670 perceptione,
957 1603 1212 1664 animam,
1251 1618 1410 1655 unam
1443 1602 1661 1670 quidem
1694 1602 1866 1665 illam,

311 1703 408 1740 nec
447 1687 687 1756 duplicis
747 1702 976 1754 naturae,
1037 1700 1094 1745 ut
1123 1691 1370 1746 Euchita:
1408 1704 1706 1760 nugantur,
1739 1707 1867 1758 pur—

306 1777 421 1843 gari
479 1777 867 1848 hominemque
916 1780 1220 1850 perfectura
1285 1783 1460 1846 reddi,
1529 1783 1699 1850 ipsius
1775 1784 1864 1836 Dei

309 1866 488 1921 verbis
521 1879 764 1932 constat,
800 1886 923 1939 qua:
958 1873 1335 1926 remissionem
1361 1883 1733 1942 peccatorum.
1759 1873 1868 1940 spi-

310 1957 664 2024 ritualemque
719 1963 932 2015 coalitus
981 1962 1175 2016 factam
1225 1963 1712 2032 regenerationem.
1770 1963 1869 2016 ba-

309 2047 569 2109 ptismum
605 2059 824 2103 vocant.
848 2051 1036 2105 Divina
1057 2069 1272 2122 quoque
1302 2069 1526 2106 munera
1549 2054 1730 2106 cibum
1746 2069 1869 2107 esse

310 2135 594 2199 novimus,
645 2139 738 2206 qui
821 2156 1098 2210 nunquam
1141 2145 1478 2196 .absumatur
1533 2155 1588 2198 ct
1627 2154 1866 2213 pereat:

305 2225 399 2290 qui
453 2241 648 2280 manna
703 2233 817 2296 lpso
857 2230 1015 2300 longe
1071 2233 1142 2286 sit
1195 2234 1388 2286 melior
1415 2235 1483 2285 ".
1547 2234 1660 2288 Hoc
1720 2235 1870 2288 enim

307 2313 518 2368 Hebraei
544 2314 776 2386 (Egyplo
802 2329 1064 2373 exeuntes
1091 2322 1144 2373 in
1168 2323 1466 2376 solitudine
1488 2323 1870 2383 comederunt,

302 2414 359 2456 et
396 2407 595 2458 mortui
645 2418 817 2462 sunt:
869 2409 960 2462 illa
1011 2426 1140 2464 vero
1177 2413 1634 2465 immortalitatem
1688 2415 1871 2466 confe-

307 2507 439 2548 runt
474 2512 488 2548 :
525 2499 806 2567 multoque
833 2501 1028 2554 melius
1049 2501 1284 2554 animam
1313 2504 1380 2556 ab
1403 2505 1729 2558 animalibus
1760 2520 1871 2556 ma-

303 2587 443 2641 eulls
475 2587 866 2644 inhaerentibus
894 2601 1217 2660 expurgant,
1249 2608 1408 2660 quam
1431 2593 1596 2647 carbo
1624 2594 1714 2646 ille
1754 2595 1869 2662 qui,

307 2678 512 2746 forcipe
569 2695 598 2733 a
632 2679 910 2734 Cherubin
971 2683 1120 2736 lsaize
1177 2683 1393 2737 oblatus
1444 2694 1527 2738 est
1550 2685 1616 2739 ".
1664 2685 1729 2740 Ut
1763 2701 1870 2739 uno

307 2767 476 2821 verbo
513 2769 807 2832 absolvam,
867 2771 999 2824 nihil
1036 2772 1182 2825 aliud
1248 2774 1336 2825 illa
1367 2782 1518 2836 sunt,
1566 2789 1726 2840 quam
1778 2789 1869 2826 co-

311 2859 438 2924 pula
498 2860 746 2927 quaedam
782 2877 904 2914 cum
941 2861 1182 2924 Christo,
1239 2880 1474 2932 veraque
1526 2865 1650 2918 vita:
1684 2880 1868 2919 causa.

308 2951 559 3004 Christus
614 2955 759 3004 enim
800 2953 850 3006 in
887 2954 1192 3022 Evangeliis
1234 2955 1414 3008 dixit:
1449 2955 1547 3020 Qui
1591 2957 1873 3009 mnnducat

306 3058 475 3092 meam
505 3057 740 3103 carnem,
775 3044 827 3094 in
861 3059 940 3094 me
966 3053 1161 3104 manet,
1191 3055 1237 3094 et
1271 3061 1359 3111 ego
1412 3045 1463 3095 in
1501 3061 1558 3096 eo
1590 3047 1655 3096 ⁷⁷.
1691 3045 1818 3097 Item
1856 3064 1868 3098 :

1969 607 2150 646 rarum
2182 592 2327 645 clare
2356 590 2614 642 innotuit.

2039 685 2093 737 4.
2157 682 2326 735 Porro
2376 681 2420 734 si
2476 680 2599 748 quis
2665 678 2808 732 dicet
2880 680 3081 733 malum
3165 679 3528 733 ὲνυπόστατον

1967 789 2108 834 esse,
2155 774 2260 826 hoc
2297 780 2399 833 est,
2446 786 2632 825 revera
2705 771 3042 832 consistere,
3076 771 3205 838 quid
3246 771 3392 823 aliud
3426 771 3529 824 hoc

1972 875 2075 926 est,
2110 879 2270 932 quam
2316 878 2505 915 eorum
2561 862 2834 931 impietas,
2880 861 2973 928 qui
3009 861 3153 914 bono
3190 863 3301 916 Deo
3334 863 3529 915 malam

1971 953 2570 1022 quamdamjpotentiam
2591 953 2814 1020 opponi,
2837 961 2893 1006 et
2918 961 3172 1021 tanquam
3190 954 3529 1006 contrarium

1969 1044 2122 1113 quid.
2172 1059 2276 1096 una
2327 1057 2451 1095 cum
2487 1057 2552 1095 eo
2591 1041 2746 1110 quasi
2796 1056 2860 1094 ex
2906 1043 3142 1096 adverso
3189 1056 3528 1111 comparere,

1970 1146 2196 1191 censent
2224 1144 2279 1190 et
2319 1136 2683 1204 proﬁtentur?
2714 1135 2859 1204 quod
2894 1137 3040 1190 nullo
3071 1137 3236 1191 modo
3271 1137 3388 1192 ﬁeri
3431 1153 3531 1207 po-

1973 1238 2092 1284 test.
2151 1229 2356 1281 Bonum
2407 1227 2550 1280 enim
2587 1236 2640 1281 et
2674 1227 2871 1280 malum
2909 1237 3099 1280 mutuo
3139 1242 3198 1279 se
3257 1227 3531 1280 vicissim-

1969 1337 2074 1391 que
2110 1320 2376 1388 perimere
2405 1328 2619 1372 constat
2653 1336 2665 1372 :
2703 1319 2828 1387 quia
2862 1317 3119 1372 nimirum
3155 1317 3256 1370 sibi
3299 1317 3532 1371 invicem

1972 1412 2267 1480 irrequiete
2297 1418 2619 1478 repugnant,
2651 1418 2706 1462 et
2758 1408 3030 1462 inﬁrmius
3075 1423 3105 1461 a
3138 1407 3363 1461 fortiore
3413 1422 3532 1460 cor-

1971 1503 2261 1571 rumpitur.
2301 1501 2454 1566 Quod
2489 1502 2532 1554 si
2564 1501 2685 1570 quis
2730 1515 2886 1568 aequo
2920 1500 3008 1553 illa
3058 1499 3300 1568 pondere
3350 1499 3536 1555 existi-

1971 1601 2100 1654 met,
2133 1601 2398 1661 perpetuo
2432 1593 2577 1646 inter
2630 1607 2688 1645 se
2746 1592 2890 1646 bello
2950 1591 3234 1649 dimicare.
3264 1601 3430 1658 atque
3465 1606 3533 1644 ex

1973 1683 2369 1751 consequentia
2402 1692 2646 1736 mutuam
2681 1681 2785 1736 sibi
2831 1682 3053 1736 assidue
3092 1681 3391 1749 perniciem
3447 1683 3536 1733 in-

1973 1776 2116 1828 leire
2154 1774 2525 1843 deprehendet
2559 1792 2571 1828 :
2600 1789 2725 1827 cum
2777 1773 3003 1827 alternis
3039 1785 3272 1841 utraque
3308 1774 3531 1825 vincant

1972 1877 2025 1920 et
2073 1866 2382 1920 vincantur.
2417 1865 2519 1931 Qui
2554 1865 2699 1920 enim
2736 1875 2931 1920 cuncta
2962 1865 3015 1918 in
3051 1880 3232 1918 rerum
3285 1873 3533 1916 naturain

1975 1958 2254 2025 produxit,
2292 1959 2517 2011 honesta
2551 1966 2605 2011 et
2657 1958 2795 2010 bona
2835 1957 3016 2010 omnia
3058 1957 3285 2015 creavit,
3339 1964 3397 2006 ut
3441 1956 3535 2019 qui

1972 2049 2238 2102 honestus
2268 2058 2323 2102 et
2354 2051 2530 2102 bonus
2559 2057 2726 2104 esset.
2761 2048 2947 2115 Neque
2975 2047 3120 2100 enim
3159 2048 3267 2099 vita
3299 2056 3532 2098 mortem

1972 2148 2215 2209 generat,
2262 2155 2438 2208 neque
2473 2139 2653 2192 lumen
2689 2155 2718 2192 e
2754 2139 2988 2192 tenebris
3020 2139 3217 2191 oritur.
3276 2137 3377 2202 Qui
3423 2136 3538 2190 ﬁeri

1972 2246 2101 2299 ergo
2130 2240 2328 2298 potest,
2361 2239 2421 2282 ut
2454 2231 2654 2284 malum
2687 2245 2716 2282 a
2748 2229 2860 2282 Deo
2894 2228 3114 2280 tuimine
3154 2235 3399 2280 creatum
3437 2241 3535 2276 na-

1977 2332 2094 2377 tura
2115 2324 2546 2393 enhypostatica,
2567 2338 2660 2376 seu
2682 2337 2778 2392 per
2802 2338 2858 2374 se
2890 2322 3222 2374 subsistente
3246 2318 3533 2385 praeditum

1973 2412 2078 2465 sit?
2108 2412 2304 2465 Malum
2333 2420 2482 2466 certe
2510 2427 2629 2466 esse
2663 2427 2824 2465 nemo
2854 2411 2953 2464 ibit
3001 2409 3234 2464 inﬁcias.
3263 2408 3319 2463 ld
3354 2417 3537 2461 autem

1974 2504 2253 2556 viventem
2284 2512 2340 2557 et
2367 2504 2658 2556 animatam
2695 2503 3090 2564 substantiam,
3141 2510 3230 2554 aut
3289 2510 3540 2553 naturam

1975 2593 2233 2660 nequitiae
2262 2603 2538 2662 parentem
2563 2633 2577 2656 ,
2614 2609 2874 2662 negamus
2908 2611 2920 2645 :
2960 2592 3054 2645 sed
3091 2591 3440 2644 aﬁectionem
3479 2590 3536 2642 in

1978 2684 2159 2738 anima
2193 2683 2398 2737 idcirco
2426 2683 2617 2736 virtuti
2651 2693 3042 2751 repugnantem
3075 2679 3540 2748 asserimus,quia

1976 2774 2044 2828 al)
2080 2774 2310 2827 honesto
2337 2780 2393 2826 et
2425 2771 2570 2825 bono
2600 2772 2748 2840 lapsa
2786 2775 2878 2834 sit,
2916 2787 3038 2837 quae
3068 2770 3290 2839 quidem
3331 2769 3543 2839 ignavis

1975 2864 2302 2925 innascitur,
2337 2877 2446 2914 non
2476 2863 2848 2925 extrinsecus,
2878 2871 2971 2914 aut
3012 2873 3207 2928 praeter
3240 2863 3410 2916 animi
3446 2877 3541 2916 vo-

1974 2955 2239 3008 luntatem
2300 2969 2313 3004 :
2374 2952 2578 3020 alioqui
2634 2967 2812 3018 neque
2841 2952 3054 3019 legibus
3095 2954 3147 3004 in
3201 2952 3543 3006 facinorosos

1976 3061 2148 3116 pinna:
2185 3045 2441 3105 decretae,
2475 3057 2651 3111 neque
2687 3058 2728 3096 s:
2756 3043 2954 3111 pplicia
2992 3043 3044 3096 in
3067 3043 3286 3096 eosdem
3320 3059 3350 3096 a
3393 3043 3543 3112 judi-

306 3132 416 3185 Nisi
440 3135 872 3188 manducaveritis
896 3151 1108 3187 carnem
1140 3134 1262 3186 Filii
1293 3137 1531 3194 hominis.
1574 3147 1619 3188 ct
1645 3137 1874 3188 biberitis
1905 3153 1946 3209 ο
1981 3138 2136 3192 cibus
2173 3135 2318 3188 illata
2357 3135 2608 3188 fuissent.
2644 3135 2798 3198 Quod
2852 3143 3032 3186 autem
3086 3134 3284 3186 malutn
3336 3148 3435 3186 nec
3483 3133 3540 3186 in

303 3223 416 3288 ejus
455 3225 784 3288 sanguinem,
819 3240 918 3275 non
963 3225 1160 3276 habetis
1202 3227 1360 3276 vitam
1412 3227 1463 3276 in
1494 3228 1628 3277 vobis
1655 3228 1718 3278 "'.

373 3314 426 3366 5.
477 3312 662 3366 Oratio
721 3322 902 3366 autem
947 3315 1238 3366 virtutibus
1291 3317 1578 3383 conjuncta
1622 3333 1737 3382 qua:
1790 3317 1858 3370 ad

303 3406 446 3473 piam
480 3406 642 3458 vitam
679 3405 1055 3469 introducunt,
1089 3407 1315 3473 gratiam
1361 3407 1598 3475 Spiritus
1631 3425 1857 3461 conser-

303 3505 412 3557 vat,
445 3512 564 3562 qua:
603 3513 696 3563 per
729 3498 1002 3548 lavacrum
1043 3499 1475 3564 regenerationis
1533 3507 1589 3550 et
1632 3500 1860 3566 partici-

304 3587 577 3655 p:-tionem
632 3587 879 3655 corporis
931 3597 986 3641 et
1042 3590 1320 3656 sanguinis
1354 3589 1555 3642 Christi
1593 3589 1656 3641 iis
1683 3589 1773 3656 qui
1803 3605 1863 3643 ea

302 3675 450 3741 digni
481 3684 607 3727 sunt
635 3674 962 3727 infunditur.
1001 3676 1108 3727 Nec
1133 3692 1264 3728 vero
1291 3678 1400 3728 sola
1434 3693 1532 3743 per
1559 3693 1616 3730 se
1642 3677 1706 3730 ad
1738 3677 1861 3731 ﬁdei

302 3764 718 3816 fundamentum
772 3763 1098 3817 assumenda
1146 3775 1276 3817 est:
1341 3781 1440 3818 nec
1496 3768 1562 3818 ad
1636 3767 1864 3820 salutem

308 3854 645 3922 precantium
712 3854 1009 3922 quidquam
1078 3859 1309 3908 Confert.
1367 3855 1484 3919 Quo
1540 3857 1685 3908 enim
1728 3857 1868 3910 rele-

306 3957 462 3996 retur
529 3945 726 4008 oratio,
779 3945 883 3997 nisi
932 3945 1107 4013 pietas
1139 3946 1306 4011 illam,
1372 3946 1576 4014 Deique
1628 3949 1867 4015 cognitio

306 4036 627 4103 praecedat?
661 4051 820 4103 quem
849 4035 1070 4104 quidem
1104 4051 1291 4096 sensu,
1323 4035 1622 4106 hypostasi,
1654 4048 1708 4090 et
1741 4054 1865 4106 per-

306 4127 492 4193 spicue
523 4125 707 4178 videre
741 4124 948 4178 nemini
981 4123 1160 4178 adhuc
1203 4142 1393 4179 eorum
1443 4128 1672 4196 contigit
1700 4145 1712 4192 ;
1767 4129 1862 4196 qui

308 4214 512 4268 terreni
545 4215 789 4283 corporis
808 4215 1081 4284 ergastulo
1106 4227 1448 4269 coercentur.
1485 4217 1677 4270 Paucis
1699 4229 1871 4282 certe,

307 4307 490 4375 iisque
529 4306 862 4373 expurgatis,
915 4321 1039 4359 eum
1095 4315 1353 4374 tanquam
1390 4307 1444 4359 in
1485 4309 1789 4376 agnimatis
1817 4318 1872 4363 et

307 4395 610 4449 visionibus
664 4395 918 4448 obscuris
973 4396 1291 4462 apparuisse
1331 4406 1563 4449 constat.
1617 4397 1870 4462 Quando-

1979 3240 2161 3279 rerum
2181 3232 2372 3276 natura
2386 3223 2673 3284 consistat,
2694 3238 2790 3274 nec
2811 3238 2840 3274 a
2861 3223 2968 3275 Deo
2987 3222 3313 3289 productum
3333 3222 3422 3282 sit,
3441 3221 3536 3274 sed

1973 3316 2150 3370 eidem
2175 3331 2240 3368 ex
2270 3313 2498 3367 adverso
2520 3322 2800 3380 repugnet,
2819 3310 2945 3363 hinc
2966 3311 3308 3378 perspicuum
3331 3310 3438 3363 ﬁat.
3462 3309 3533 3362 Ex

1979 3405 2195 3459 honesti
2238 3401 2764 3472 transgressionilms
2796 3401 2995 3453 malum
3044 3402 3222 3454 oritur
3259 3419 3272 3452 :
3317 3417 3420 3452 non
3453 3416 3539 3453 se-

1975 3514 2073 3553 cus
2115 3507 2277 3565 atque
2305 3496 2589 3548 secedente
2639 3493 2845 3546 lumine
2895 3494 3134 3546 tenebrae
3169 3493 3477 3546 succcdunt
3514 3511 3527 3546 :

1974 3600 2136 3656 atque
2185 3603 2250 3640 ex
2294 3587 2423 3639 boni
2459 3586 2823 3639 declinatione
2853 3600 3170 3653 progressus
3217 3585 3281 3637 ad
3331 3586 3532 3638 malum

1973 3679 2238 3731 nascitur.
2272 3678 2514 3730 Virtutes
2554 3676 2696 3729 enim
2734 3676 2957 3743 singulae.
3001 3691 3124 3728 cum
3175 3675 3388 3728 ailixum
3425 3677 3534 3730 sibi

1973 3770 2165 3821 vitium
2231 3768 2485 3829 habeant,
2524 3767 2627 3820 nisi
2690 3767 3026 3820 inconcussa:
3085 3766 3359 3835 ﬁrmaque
3415 3783 3532 3820 ma-

1973 3868 2159 3918 neant,
2187 3857 2521 3909 contrarium
2553 3857 2741 3908 vitium
2767 3856 3137 3910 substituunt:
3173 3858 3531 3924 quemadmo-

1973 3946 2100 3999 dum
2138 3961 2340 4013 corpus
2386 3945 2530 4013 quod
2563 3945 2832 4013 splendori
2866 3945 2997 3999 solis
3023 3946 3374 4008 obtenditur,
3408 3963 3529 3999 um-

1972 4037 2146 4090 bram.
2180 4037 2339 4090 Verbi
2366 4038 2556 4105 gratia,
2594 4051 2714 4088 cum
2753 4035 3016 4090 fortitudo
3046 4045 3300 4104 tanquam
3355 4038 3530 4090 virtus

1977 4128 2324 4180 mediocritas
2366 4131 2467 4186 sit,
2498 4126 2915 4179 contrarietalcs
2951 4126 3226 4194 utrinque,
3261 4127 3526 4180 timidita«

1977 4227 2106 4278 tem,
2127 4218 2371 4286 inquam,
2401 4225 2455 4270 et
2485 4216 2784 4274 audaciam.
2807 4217 2966 4269 tacite
2989 4217 3314 4270 substitutas
3344 4217 3528 4272 habet.

1975 4309 2225 4373 Quandiu
2261 4323 2392 4376 ergo
2433 4308 2586 4360 ﬁrma
2624 4317 2677 4360 et
2711 4317 2997 4367 constans,
3045 4323 3252 4374 suoque
3310 4310 3529 4363 nomine

1979 4399 2139 4462 digna
2176 4407 2382 4458 manet,
2421 4397 2695 4450 timiditati
2728 4407 2781 4450 et
2813 4397 3055 4450 audacia:
3081 4398 3262 4451 nullus
3285 4411 3534 4468 superest

308 4486 530 4555 quidem
593 4485 791 4546 Moses,
850 4499 975 4537 cum
1026 4485 1273 4552 petiisset
1334 4495 1391 4538 ut
1429 4485 1593 4538 Deum
1638 4487 1869 4549 videret,
1905 4502 1945 4557 ῃ
1978 4488 2152 4541 locus.
2186 4487 2387 4540 Harum
2415 4503 2542 4540 vero
2574 4488 2834 4540 alterutra
2867 4488 3185 4554 obrepente,
3219 4489 3306 4542 illa
3336 4494 3534 4544 obscu-

307 4577 514 4630 audivit
539 4595 551 4630 :
581 4575 746 4628 Nemo
774 4577 958 4629 videbit
989 4577 1176 4643 faciem
1195 4595 1382 4640 meam,
1405 4587 1452 4631 et
1476 4581 1602 4632 vivet
1629 4582 1672 4610 "’
1694 4599 1706 4633 :
1731 4581 1872 4635 unde

307 4669 503 4737 dignus
532 4668 692 4719 etiam
725 4667 945 4719 habitus
975 4677 1079 4729 est,
1113 4670 1202 4736 qui
1235 4670 1599 4737 posteriorum
1632 4673 1867 4738 partium

308 4768 532 4826 aspectu
567 4758 866 4822 frueretur,
897 4773 1236 4826 quaecunque
1287 4759 1504 4812 tandem
1542 4763 1872 4828 posteriores

311 4851 402 4903 Dei
434 4857 616 4916 partes
653 4848 763 4901 sint
816 4865 827 4899 :
864 4849 958 4916 qui
996 4849 1048 4900 in
1081 4850 1331 4902 columna
1381 4851 1564 4912 nubis,
1621 4852 1869 4920 caligine,

306 4953 359 4996 et
397 4942 617 4995 turbine
654 4941 797 4994 venti
832 4942 1037 5000 Mosen,
1067 4951 1122 4994 et
1146 4941 1323 5008 justos
1372 4957 1496 4996 eum
1551 4943 1872 4997 subsecutus

307 5036 580 5087 allocutus
611 5040 715 5086 est.
757 5032 903 5086 Idem
931 5033 1093 5085 etiam
1136 5033 1279 5084 Deus
1313 5048 1451 5085 unus
1510 5041 1593 5086 est
1634 5034 1728 5100 qui
1760 5049 1867 5088 una

309 5127 362 5179 ii.
398 5124 710 5187 Divinitate,
737 5133 791 5177 et
826 5125 1187 5192 hypostaseon
1208 5123 1478 5175 Trinitate
1507 5125 1864 5192 dignoscitur:

305 5227 469 5280 quem
504 5212 556 5263 in
589 5210 766 5272 Patre,
806 5210 941 5263 Filio
974 5219 1030 5263 et
1064 5210 1268 5278 Spiritu
1321 5210 1641 5266 adoramus.
1690 5213 1869 5282 Atque

310 5303 443 5356 Mosi
496 5303 722 5371 quidem
768 5312 824 5356 et
880 5302 1162 5371 prophetis
1217 5319 1574 5371 personarum
1634 5303 1870 5358 Trinitas

309 5394 542 5446 obscure
588 5400 790 5446 retecta
821 5402 904 5446 est
942 5409 954 5445 :
997 5393 1052 5446 in
1104 5392 1313 5446 ultimis
1357 5409 1486 5447 vero
1532 5394 1870 5462 temporibus

310 5497 435 5536 cum
470 5481 638 5535 Filius
683 5481 776 5535 Dei
825 5491 1064 5535 nostram
1119 5482 1411 5550 assumpsit
1439 5483 1867 5554 corruptionem,

387 5682 430 5711 “
469 5681 599 5736 Luc.
634 5699 686 5745 ι,
729 5683 810 5739 l8.

318 5765 512 5813 nam,
545 5753 636 5804 '20.

895 5687 939 5716 "
975 5684 1145 5740 Exod.
1171 5701 1281 5749 XVI,
1321 5685 1384 5740 15
1409 5701 1423 5749 ;
1449 5686 1604 5740 Joatt.
1633 5701 1713 5751 Vt,
1748 5685 1836 5740 51.

1909 5685 1951 5715 ⁷⁸
1991 5685 2089 5738 lsa.
2126 5701 2196 5749 γι,
2224 5683 2274 5738 6.
2342 5684 2385 5715 ⁷⁷
2412 5683 2566 5737 .loan.
2596 5697 2667 5747 Vl,
2695 5681 2780 5735 57.
2846 5681 2890 5712 "
2918 5681 3052 5735 lbid.
3093 5683 3178 5750 54.

1978 4589 2149 4639 ratur.
2184 4580 2612 4647 venerabileque
2648 4594 2843 4630 nomen
2887 4579 3089 4631 amittit
3131 4595 3144 4632 :
3188 4591 3349 4648 atque
3393 4582 3532 4636 adeo

1977 4679 2235 4736 tanquam
2292 4668 2534 4722 inaudita
2590 4669 2750 4737 perit,
2806 4677 2861 4720 et
2918 4669 3045 4721 vitia
3080 4685 3108 4722 a
3143 4685 3200 4723 se
3247 4670 3532 4726 eﬁ‘ormata

1975 4760 2257 4812 substituit
2294 4775 2306 4812 :
2342 4768 2403 4812 ut
2431 4774 2616 4811 arcum
2647 4758 2698 4810 in
2737 4758 2977 4812 nubibus
3009 4760 3280 4826 hypostasi
3311 4764 3534 4831 propria

1976 4856 2248 4901 carentem
2274 4859 2436 4916 atque
2460 4848 2510 4898 in
2543 4847 2656 4899 sole
2683 4847 2989 4914 parhelium
3021 4861 3114 4899 seu
3143 4849 3372 4917 virgam,
3396 4866 3537 4922 quos

1977 4940 2168 5006 vulgus
2200 4939 2340 4991 soles
2375 4944 2556 4998 vocat,
2586 4937 2768 4991 videre
2797 4946 2898 4990 est.

2049 5032 2099 5082 5.
2139 5013 2206 5082 At
2254 5044 2406 5092 vero,
2443 5030 2573 5097 quid
2608 5029 2744 5082 adeo
2776 5030 2975 5082 malum
3014 5032 3121 5085 dici
3149 5040 3350 5100 potest,
3384 5035 3528 5102 quod

1976 5138 2086 5175 non
2113 5121 2147 5172 ii
2183 5121 2491 5188 designent,
2540 5121 2632 5188 qui
2673 5135 2811 5188 opus
2846 5137 3003 5176 omne
3036 5123 3341 5194 defugiunt,
3367 5126 3530 5179 nulli-

1975 5231 2078 5284 que
2110 5214 2197 5266 alii
2231 5220 2443 5276 vacant,
2473 5211 2573 5264 nisi
2633 5221 2689 5265 ut
2742 5226 2803 5263 ea
2844 5212 3351 5279 comminiscantur,
3406 5231 3528 5284 qua:

1976 5321 2002 5359 a
2059 5319 2188 5356 vero
2239 5317 2464 5371 prorsus
2515 5301 2690 5353 aliena
2741 5301 2851 5354 sint
2879 5301 2901 5354 ἳ
2931 5301 3066 5355 Cum
3099 5303 3245 5357 enim
3281 5304 3464 5357 statim
3499 5323 3530 5357 a

1977 5392 2406 5460 transgressione
2440 5390 2713 5443 hominem
2746 5390 2888 5443 Deus
2923 5391 2974 5444 in
3006 5392 3189 5452 labore
3235 5402 3290 5446 et
3329 5393 3528 5447 sudore

1977 5498 2171 5551 panem
2223 5482 2326 5535 s'sbi
2358 5496 2673 5549 comparare
2701 5480 2946 5550 jusserit,
2997 5481 3303 5551 Paulusque
3345 5495 3532 5552 aperte

3274 5685 3318 5716 ⁷⁹
3351 5685 3523 5743 Exod.
