4288 6372
740 348 762 408 Ι
774 350 877 409 335

1955 355 2002 413 Ν
2016 356 2250 418 ΙΟΕΤᾹΕ
2293 362 2385 420 CH
2395 364 2494 424 ON
2504 364 2700 424 ιΑΤΑε

3830 368 3970 435 1336

737 463 1004 517 εποιειηὶεῐ
1036 460 1176 527 ἱραί
1224 479 1324 515 ηοη
1379 462 1585 516 Ιαινοναί
1639 480 1741 517 ἰοη
1796 476 2073 520 manduco!
2110 469 2155 501 ⁸⁰
2198 489 2213 526 :
2258 470 2312 525 lii
2344 478 2385 531 Α
2485 476 2642 542 Quod
2674 493 2803 533 vero
2830 494 3018 533 semen
3056 481 3108 533 in
3146 480 3384 551 Virginis
3434 491 3649 536 uterum
3700 496 3808 537 una
3852 498 3978 538 cum

735 567 878 621 opus
940 550 1085 605 inter
1134 560 1355 619 peccata
1411 553 1978 607 rccensuerunt.Jam
2016 554 2062 608 si
2117 569 2311 610 omnes

738 643 1017 707 homines,
1048 652 1107 695 ut
1139 642 1227 695 isti
1251 642 1463 705 volunt,
1493 643 1730 696 orationi
1757 644 1876 698 sine
1907 645 2312 703 intermissione

745 743 1005 788 vacarent
1037 747 1139 787 nec
1173 748 1368 787 eorum
1395 735 1696 803 quidquam
1731 746 2015 799 curarent,
2071 753 2193 807 quae
2243 738 2312 792 ad

747 825 995 894 corporis
1048 826 1497 879 constitutionem
1550 826 1847 894 pertinent,
1896 827 2038 883 fame
2089 843 2314 899 prorsus

747 916 927 969 enecti
963 926 1194 969 mortem
1228 916 1474 969 omnium
1510 916 1745 971 maxime
1768 916 2131 971 miserandam
2149 921 2316 975 ohiis-

743 1016 885 1060 seut.
916 1005 1022 1059 Sed
1064 1005 1239 1070 dices,
1278 1021 1311 1060 ο
1364 1006 1621 1067 Euchita,
1657 1015 1708 1060 te
1741 1007 1930 1061 herbis
1957 1015 2011 1061 et
2039 1008 2315 1064 fructibus

744 1110 937 1167 sponte
956 1114 1052 1168 per
1067 1098 1196 1151 anni
1217 1104 1397 1166 partes
1420 1099 1807 1152 enascentibus
1826 1113 1946 1153 esse
1970 1108 2311 1153 contentum.

745 1192 930 1259 Quid?
982 1206 1106 1245 cum
1140 1191 1230 1245 illa
1258 1190 1491 1259 colligis.
1526 1205 1708 1244 nonne
1746 1191 1991 1259 operaris
2020 1191 2043 1244 ?
2071 1207 2253 1246 nonne
2284 1207 2313 1245 a

745 1286 1025 1354 perpetuis
1045 1284 1150 1337 illis
1174 1283 1431 1353 precibus
1463 1283 1529 1336 ad
1570 1291 1788 1351 tempus
1821 1284 2171 1350 supersedes,
2205 1298 2311 1337 non

748 1391 906 1428 secus
933 1385 1118 1443 atque,
1144 1391 1251 1442 quo
1276 1390 1373 1443 per
1398 1379 1570 1427 otium
1597 1374 1761 1427 liceat
1792 1375 1872 1427 ori
1908 1384 2001 1427 tuo
2032 1376 2312 1429 esculenta

750 1480 1064 1535 suggerere.
1100 1464 1381 1519 cautiones
1410 1464 1532 1519 illas
1560 1475 1616 1519 et
1640 1479 1833 1533 preces
1866 1465 1918 1516 in
1956 1473 2101 1517 tuam
2128 1464 2314 1532 perni-

746 1559 885 1611 ciem
919 1572 947 1609 a
985 1566 1034 1610 te
1086 1556 1206 1610 cani
1258 1556 1473 1619 solitas,
1525 1555 1896 1608 intermittis?
1927 1555 2082 1609 Absit
2130 1555 2276 1610 enim
2300 1597 2312 1620 ,

749 1662 809 1704 ut
837 1664 928 1703 eas
968 1657 1018 1701 te
1049 1648 1160 1701 Deo
1192 1662 1390 1703 canere
1422 1646 1625 1699 dicam.

819 1740 873 1794 6.
914 1741 983 1796 Ut
1010 1748 1191 1793 autem
1226 1741 1435 1793 interea
1465 1727 1597 1793 dum
1634 1740 1703 1794 ab
1733 1738 1879 1792 omni
1912 1752 2078 1807 opere
2099 1752 2315 1792 cessas-

2413 571 2595 626 Verbo
2627 572 2932 627 immissum
2958 573 3125 629 fuisse
3152 574 3429 639 fabularis,
3461 578 3513 630 id
3558 591 3588 629 a
3624 576 3775 630 nullo
3796 590 3979 630 rerum

2413 663 2725 717 divinarum
2776 667 3076 734 interprete
3124 682 3359 737 unquam
3410 669 3767 737 accepimus:
3801 678 3892 722 aut
3921 678 3980 723 tu

2415 755 2660 825 ﬁgmenti
2691 757 2854 827 hujus
2883 759 3034 812 solus
3064 768 3256 813 auctor
3288 775 3369 822 es,
3399 760 3492 829 qui
3523 767 3672 814 certe
3722 768 3979 829 tanquam

2418 849 2620 902 nmium
2650 855 2709 903 et
2745 850 3018 919 ingratum
3049 864 3258 913 semen,
3308 850 3573 919 vanisque
3634 850 3983 904 sermonibus

2414 940 2678 1011 gaudens,
2707 941 2999 995 emersisti.
3031 940 3380 1009 lniquissime
3406 956 3570 1009 porro
3586 950 3834 995 naturam
3853 957 3977 1010 quo

2414 1044 2519 1098 que
2544 1029 2785 1082 divinam
2813 1028 3104 1083 mutationi
3131 1030 3420 1084 obnoxiam
3443 1044 3563 1084 esse
3583 1038 3746 1099 atque
3774 1030 3984 1084 idcirco

2416 1122 2616 1176 animis
2645 1123 2740 1191 qui
2774 1138 2836 1177 ea
2870 1122 3018 1191 digni
3052 1123 3185 1185 sint,
3217 1123 3560 1177 commisceri
3592 1123 3794 1177 dicitis.
3814 1122 3980 1191 Atqui

2416 1226 2603 1266 rerum
2636 1227 2829 1267 earum
2880 1229 3003 1282 qua:
3036 1222 3235 1268 creatae
3271 1222 3419 1276 sunt,
3467 1215 3697 1268 mutatio
3752 1214 3979 1274 dicitur.

2417 1320 2538 1373 qua:
2567 1304 2653 1358 vel
2686 1305 2965 1359 voluntate
2995 1314 3300 1369 mutantur,
3331 1315 3391 1360 ut
3434 1308 3631 1374 angeli,
3686 1316 3741 1360 et
3790 1310 3987 1360 anima:

2417 1402 2581 1461 prout
2620 1393 2674 1445 in
2704 1392 2847 1446 bono
2872 1391 3185 1461 proﬁciunt,
3216 1402 3273 1448 et
3296 1394 3363 1447 ad
3399 1395 3598 1449 malum
3657 1404 3985 1453 moventur:

2415 1480 2501 1535 vel
2528 1482 2657 1549 quia
2681 1491 2878 1536 creatap
2901 1489 2956 1536 et
2978 1483 3267 1538 mutationi
3300 1484 3550 1539 obnoxiae
3574 1495 3720 1546 sunt,
3744 1494 3802 1539 ut
3826 1488 3989 1555 quid-

2416 1571 2548 1640 quid
2588 1574 2964 1641 corrumpitur
2993 1585 3049 1627 et
3078 1575 3268 1630 interit
3301 1593 3314 1629 :
3346 1576 3529 1645 qualia
3566 1584 3715 1638 sunt,
3752 1592 3874 1646 qua:
3929 1578 3983 1631 in

2417 1663 2623 1717 mundo
2653 1674 2956 1719 cernuntur
2998 1667 3203 1721 omnia.
3236 1668 3380 1721 Deus
3412 1676 3591 1721 autem
3622 1684 3799 1736 neque
3833 1684 3991 1722 crea-

2422 1763 2530 1817 tus,
2564 1771 2739 1825 neque
2774 1757 3063 1811 mutationi
3109 1759 3381 1814 obnoxius
3411 1769 3518 1814 est.
3558 1759 3693 1825 Quia
3723 1762 3869 1814 enim
3903 1776 3993 1814 es-

748 1835 905 1895 dum,
929 1849 992 1886 ex
1016 1832 1252 1885 assiduis
1278 1831 1537 1899 precibus
1565 1829 1958 1900 invigilandum
1985 1845 2107 1885 esse
2132 1830 2315 1887 doces.
2355 1846 2392 1900 Β
2423 1843 2615 1896 senum
2647 1845 2768 1913 eius
2792 1844 2935 1899 ηιίο
2969 1845 3036 1899 iis
3065 1846 3339 1900 contraria
3365 1858 3469 1911 est,
3501 1863 3621 1916 qua,
3650 1848 3991 1918 εεηεηιίυηί

752 1922 1086 1992 persuadeas
1123 1922 1209 1984 iis,
1241 1936 1380 1989 quos
1412 1921 1523 1973 tuis
1552 1919 1778 1973 initiasti
1811 1919 2089 1990 mysteriis
2114 1962 2127 1985 ,
2171 1929 2228 1972 ut
2265 1923 2315 1973 in

752 2025 803 2066 te
837 2014 1036 2076 solum,
1068 2013 1160 2080 qui
1194 2012 1428 2066 orationi
1462 2011 1739 2080 invigiles,
1773 2012 2081 2081 spirituque
2110 2027 2318 2080 pauper

750 2104 1002 2162 exsistas.
1044 2103 1461 2157 beneficentiam
1493 2111 1803 2165 exerceant,
1836 2102 2150 2170 nulliusqne
2181 2117 2320 2169 prce-

752 2203 903 2249 terea
925 2196 1304 2258 misereantur,
1325 2193 1601 2248 Christum
1622 2208 1839 2261 quoque
1875 2203 2068 2247 testem
2097 2193 2320 2259 allegas,

752 2289 845 2354 qui
877 2287 1013 2340 citra
1042 2287 1309 2340 deleetum
1361 2286 1417 2338 in
1475 2300 1921 2354 unumquemque
1963 2287 2321 2352 eleemo~yna3

754 2377 957 2429 bonum
1010 2373 1415 2427 extendendum
1457 2388 1577 2426 esse
1613 2372 1861 2435 tradidit,
1914 2383 1973 2425 ut
2005 2373 2109 2424 hoc
2162 2379 2322 2438 pacto

753 2466 966 2519 Patrem
1003 2466 1302 2525 imitemur,
1336 2463 1427 2533 qui
1461 2465 1514 2516 in
1550 2465 1703 2518 cadis
1738 2472 1839 2527 est,
1873 2465 1962 2532 qui
1988 2462 2146 2515 solem
2170 2478 2324 2515 suum

754 2559 881 2609 oriri
904 2558 1030 2623 facit
1053 2572 1217 2624 super
1246 2564 1467 2614 terram,
1493 2570 1879 2623 quamcunque
1901 2570 2001 2607 suo
2024 2554 2215 2607 lustrat
2242 2555 2323 2606 Iu-

758 2650 903 2703 mine
941 2665 953 2701 :
994 2657 1042 2701 et
1067 2649 1199 2715 pluit
1228 2648 1568 2717 superjustos
1596 2658 1643 2701 et
1670 2648 1891 2715 injustas
1926 2647 1990 2697 “.
2028 2645 2142 2699 Nisi
2177 2646 2321 2697 enim

755 2742 874 2806 ejus
895 2749 945 2793 te
966 2740 1242 2801 misereat,
1264 2739 1355 2808 qui
1386 2738 1710 2791 vulneribus
1731 2747 1901 2792 scatet
1928 2752 2085 2791 zeum
2102 2736 2325 2799 vestias,

756 2834 849 2897 qui
876 2834 1055 2885 nudus
1087 2831 1307 2884 oberrat
1340 2849 1351 2882 :
1380 2846 1503 2883 eum
1529 2830 1767 2897 denique
1794 2808 2026 2885 nutrias.
2051 2829 2142 2896 qui
2188 2828 2327 2880 fame

758 2922 1103 2976 contabescit
1139 2936 1152 2970 :
1192 2920 1245 2972 in
1274 2934 1592 2988 quemnam,
1617 2932 1818 2986 quaeso.
1851 2918 2014 2969 alium
2049 2917 2327 2969 beneﬁcus

760 3013 926 3065 Deum
957 3012 1106 3066 coles
1126 3012 1147 3063 ?
1168 3027 1237 3065 an
1264 3010 1317 3063 in
1349 3010 1612 3079 leipsum?
1632 3009 1791 3075 Atqui
1826 3007 1930 3059 hoc
1956 3006 2327 3059 misericordia

760 3120 872 3156 non
904 3112 987 3157 est
1015 3144 1029 3168 ,
1064 3103 1161 3158 sed
1215 3102 1533 3155 divitiarum
1582 3100 1930 3153 conservatio
1963 3139 1977 3161 ,
2037 3111 2327 3165 moresque

2420 1934 2653 1987 obnoxia
2700 1946 2851 1997 sunt,
2886 1951 2949 1990 ea
2978 1936 3046 1990 de
3073 1952 3237 1991 causa
3274 1952 3375 1992 nec
3406 1938 3472 1991 iis
3504 1938 3817 2007 subjicitur,
3861 1940 3994 2008 qui-

2420 2026 2525 2081 bus
2582 2026 2672 2080 illa
2698 2026 2897 2098 subjici
2929 2029 3126 2083 solent.
3160 2028 3255 2083 Illa
3284 2030 3431 2083 enim
3482 2030 3701 2084 mobilia
3736 2040 3865 2085 sunt
3900 2032 3995 2086 hic

2422 2127 2603 2171 autem
2637 2128 2830 2173 natura
2884 2119 3184 2176 immobilis
3210 2131 3295 2176 est
3336 2139 3348 2174 :
3383 2130 3438 2175 et
3494 2137 3659 2190 supra
3720 2134 3902 2175 motus
3964 2140 3995 2175 a

2422 2209 2772 2276 philosophis
2824 2210 3133 2281 descriptos
3162 2254 3175 2278 ,
3223 2212 3549 2281 quantitatis
3575 2252 3589 2275 ,
3662 2213 3946 2280 qualitatis
3980 2253 3995 2273 .

2423 2310 2479 2354 et
2525 2300 2632 2355 loci
2681 2316 2929 2371 expers:
2969 2303 3145 2360 modis
3193 2304 3431 2374 denique
3485 2303 3744 2358 omnibus
3798 2305 3998 2358 immu-

2427 2393 2632 2446 tabilis.

2496 2484 2549 2537 9.
2594 2483 2765 2551 Quam
2797 2500 2931 2540 vero
2962 2485 3186 2554 impium
3216 2485 3323 2540 hoc
3366 2500 3585 2555 quoque
3630 2484 3815 2539 dicitis
3847 2483 3996 2553 quod

2428 2572 2718 2626 humanam
2770 2582 3019 2627 naturam
3062 2575 3205 2628 Deus
3255 2573 3593 2627 daemonibus
3641 2572 3846 2627 servire
3897 2585 3999 2623 vo-

2426 2662 2626 2717 luerit:
2655 2663 2783 2717 hinc
2802 2665 2947 2719 enim
2983 2667 3148 2719 Deum
3170 2681 3388 2735 quoque
3419 2676 3696 2719 auctorem
3723 2663 3995 2717 malorum

2427 2768 2547 2807 esse
2580 2754 2769 2808 inferri
2820 2763 3027 2823 posset.
3058 2756 3125 2809 At
3154 2770 3259 2808 non
3292 2756 3365 2809 ita
3412 2770 3473 2809 se
3522 2769 3611 2809 res
3645 2754 3810 2807 habet
3842 2770 3855 2805 :
3886 2752 3998 2805 imo

2428 2856 2556 2896 vero
2586 2842 2860 2897 hominem
2898 2843 2979 2898 sui
3009 2844 3171 2913 juris,
3206 2853 3261 2897 et
3292 2859 3321 2896 a
3368 2843 3678 2896 da‘monum
3716 2841 3998 2896 consortio

2429 2939 2483 2984 et
2536 2933 2936 2987 consuetudine
2969 2934 3206 2987 alienum
3238 2934 3382 2987 Deus
3411 2932 3748 2986 eﬂ'ormsvit.
3787 2932 4000 2985 Damio-

2431 3038 2527 3076 nas
2561 3038 2726 3092 porro
2777 3033 3099 3092 potestatem
3151 3034 3348 3078 natura
3380 3038 3489 3077 non
3519 3024 3696 3078 solum
3733 3024 3786 3076 in
3822 3023 4001 3077 homi-

2430 3126 2551 3169 nes.
2581 3112 2674 3166 sed
2712 3129 2779 3168 ne
2815 3114 2869 3166 in
2919 3113 3080 3167 bruta
3132 3113 3355 3183 quidem
3389 3128 3655 3166 exercere
3695 3128 3877 3182 posse,
3910 3116 3999 3168 vel

763 3197 1022 3260 hominis,
1052 3198 1145 3265 qui
1204 3204 1396 3248 mutuo
1449 3194 1658 3247 nullum
1711 3207 1896 3247 amore
1949 3192 2317 3261 prosequitur,
2348 3193 2390 3253 C
2426 3202 2553 3255 hinc
2588 3212 2757 3270 pater.
2807 3203 2953 3271 quod
3004 3204 3081 3257 ίιιί
3119 3204 3277 3274 jussu
3325 3203 3525 3258 Clu-isti
3576 3206 3627 3257 in
3665 3219 3863 3273 ροτοος
3919 3205 4002 3257 in-

762 3288 871 3339 imo
893 3289 1056 3341 etiam
1082 3287 1287 3355 privata
1310 3284 1557 3351 quaedam
1584 3282 1951 3351 ingurgitat'o,
1975 3298 2134 3345 quam
2162 3297 2324 3334 nemo

764 3396 870 3432 non
897 3379 1029 3432 vitio
1059 3385 1255 3431 vertat.
1284 3376 1438 3430 Absit
1465 3390 1597 3429 vero
1626 3390 1654 3429 a
1684 3375 1844 3429 nobis
1874 3384 2018 3428 tanta
2071 3375 2325 3436 inhuma-

765 3472 929 3524 nitas.
968 3470 1239 3524 Diabolica
1265 3469 1382 3522 haec
1426 3466 1702 3531 doctrina,
1735 3475 1789 3521 et
1820 3483 1849 3520 a
1891 3466 2091 3521 Christi
2124 3481 2325 3534 praece-

764 3562 872 3629 ptis
900 3560 1077 3614 aliena
1104 3568 1209 3613 est.

840 3652 892 3705 7.
926 3651 1173 3717 Quonam
1208 3660 1389 3705 autem
1416 3649 1663 3714 artiﬁcio,
1687 3648 1823 3703 heus
1847 3657 1925 3709 tu,
1958 3647 2172 3700 interim
2199 3646 2325 3698 dum

765 3742 998 3796 orationi
1030 3756 1209 3805 vacas,
1247 3752 1535 3811 peceatum
1570 3751 1722 3795 tuum
1764 3740 1897 3793 fumi
1933 3748 1987 3792 et
2021 3739 2182 3808 ignis,
2216 3737 2329 3790 sive

767 3834 980 3888 (ruenti
1005 3834 1167 3886 etiam
1197 3834 1449 3888 draconis
1474 3834 1666 3894 instar,
1694 3842 1788 3885 tuo
1815 3831 2077 3885 excedere
2105 3845 2331 3898 corpore

767 3924 1006 3978 videbis?
1034 3924 1193 3978 Nullo
1219 3938 1443 3993 prorsus
1478 3941 1490 3976 :
1519 3924 1619 3977 nisi
1647 3923 1976 3983 daemonum,
2010 3936 2147 3989 quos
2174 3920 2328 3982 colis,

768 4019 970 4086 aliquis
1026 4027 1076 4070 te
1138 4016 1295 4069 solita
1350 4029 1609 4068 vesanum
1664 4013 1845 4081 adigat
1896 4013 2217 4080 impostura,
2273 4018 2333 4063 ut

772 4110 1067 4179 piamigiis
1098 4106 1411 4178 hujusmodi
1445 4106 1661 4165 credas.
1684 4106 1841 4174 cujus
1871 4104 2036 4158 etiam
2073 4102 2211 4155 dolis
2251 4102 2329 4161 ﬁt.

774 4211 832 4252 ut
870 4212 1049 4252 mente
1085 4207 1277 4267 captus
1308 4197 1566 4266 precibus
1591 4195 1700 4249 tuis
1721 4196 1842 4265 plus
1866 4194 2145 4263 ponderis,
2169 4209 2330 4263 quam

771 4291 958 4344 divino
1016 4289 1357 4358 baptismati.
1411 4287 1715 4351 attribuas,
1777 4286 1844 4340 ad
1895 4287 2332 4354 consequendam

772 4389 1117 4451 peccatorum
1162 4380 1563 4439 remissionem,
1612 4393 1980 4446 manuumque
2026 4378 2335 4445 impositio-

773 4486 922 4533 nem,
954 4485 1073 4538 quae
1090 4470 1414 4523 sacerdotali
1446 4470 1517 4522 sit
1540 4468 1910 4524 excellentior.
1933 4477 1985 4521 et
2019 4467 2132 4520 sola
2164 4466 2333 4520 divini

2426 3293 2595 3360 gressi
2645 3294 2756 3346 sint
2805 3294 2871 3346 ⁸³.
2925 3293 3123 3348 Verum
3156 3295 3305 3349 enim
3358 3310 3490 3349 vero
3525 3294 3726 3349 Paulus
3773 3312 3999 3364 quoque

2428 3382 2506 3435 sic
2534 3382 2609 3435 ait
2644 3400 2656 3435 :
2690 3382 2805 3436 Non
2834 3393 2909 3436 est
2939 3385 3083 3437 nobis
3117 3393 3377 3438 certamen
3408 3370 3999 3453 adversus-sanguinem

2426 3482 2476 3527 et
2502 3491 2735 3539 carnem,
2767 3478 2857 3528 sed
2887 3477 3133 3530 adversus
3194 3478 3539 3545 principatus,
3567 3477 3814 3529 adversus
3854 3492 4001 3539 pate-

2427 3575 2608 3628 states,
2640 3568 2887 3619 adversus
2910 3567 3211 3634 spiritualia
3245 3568 3488 3636 nequitia:
3533 3569 3711 3620 mundi
3744 3567 3900 3627 huius
3930 3569 3998 3629 ".

2430 3658 2583 3724 quasi
2616 3656 2775 3708 nobis
2795 3670 2918 3708 cum
2948 3657 3040 3709 illo
3071 3657 3326 3711 conferre
3349 3656 3540 3725 pedem
3567 3655 4002 3710 formidantibus

2432 3746 2641 3799 animos
2670 3746 2901 3807 addens,
2941 3758 3105 3815 atque
3138 3746 3224 3800 his
3254 3747 3440 3800 verbis
3475 3760 3750 3799 exacuens
3785 3763 3799 3798 :
3836 3746 3998 3800 Assu-

2435 3837 2559 3889 mite
2594 3847 2932 3891 armaturam
2962 3836 3074 3898 Dei.
3094 3845 3150 3889 ut
3182 3839 3385 3905 possitis
3419 3839 3658 3891 resistere
3686 3837 3733 3868 “
3776 3836 4001 3891 insidiis

2433 3925 2733 3979 adversarii
2779 3924 3007 3979 diaboli.
3073 3925 3407 3979 Enumerata
3460 3924 3661 3979 deinde
3714 3934 3999 3977 armatura

2434 4016 2549 4069 hate
2580 4030 2799 4083 quoque
2828 4014 3099 4068 subinl‘ert
3130 4032 3143 4066 :
3195 4014 3375 4068 Estote
3404 4015 3667 4083 pracincti
3700 4013 3885 4065 lumbis
3921 4029 4005 4065 ve-

2431 4108 2553 4159 stris
2576 4108 2628 4159 in
2655 4107 2897 4169 veritate,
2926 4114 2974 4158 et
3001 4106 3170 4159 induti
3204 4108 3469 4158 thoracem
3490 4104 4001 4174 justitiamalcemi—

2436 4213 2535 4267 que
2562 4197 2719 4267 pedes
2753 4199 2808 4250 in
2845 4198 3232 4267 preparations
3260 4195 3534 4266 Evangelii
3558 4193 3803 4264 pacisJu
3834 4194 4003 4246 omni-

2436 4293 2529 4345 bus
2559 4301 2884 4344 assumentes
2917 4298 3123 4344 scutum
3171 4288 3315 4356 ﬁdei.
3344 4291 3399 4341 in
3430 4303 3531 4357 quo
3561 4286 3798 4356 poteritis
3822 4287 4000 4339 omnia

2440 4383 2541 4435 tela
2573 4383 2793 4453 maligni
2820 4383 2984 4451 ignita
3007 4381 3400 4448 exstinguere".
3426 4380 3558 4433 [tem
3576 4396 3587 4430 :
3608 4376 3829 4433 Galeam
3856 4376 4001 4429 salu-

2437 4476 2503 4528 tis
2530 4462 2804 4535 assumite,
2829 4484 2878 4526 et
2908 4474 3140 4543 gladium
3182 4471 3431 4541 Spiritus,
3468 4469 3604 4539 quod
3653 4476 3731 4520 est
3784 4467 3999 4519 uerbum

773 4563 1012 4634 Spiritus
1060 4576 1336 4615 accessum
1367 4571 1621 4629 suggerat
1659 4579 1669 4611 :
1705 4561 1797 4629 qui
1832 4569 1982 4613 certe
2032 4560 2335 4626 baptismus
2368 4570 2410 4623 ι)
2440 4563 2536 4617 Dei
2564 4563 2630 4616 “.
2668 4564 2724 4617 Si
2774 4565 2901 4633 quis
2935 4565 3033 4617 hac
3074 4573 3344 4617 armatura
3397 4560 3755 4630 prtemunitns
3806 4558 3996 4616 fuerit.

773 4673 802 4709 a
837 4656 993 4709 nobis
1018 4654 1336 4709 orthodoxis
1372 4654 1585 4706 initium
1632 4661 1690 4706 et
1741 4652 2154 4705 fundamentum
2206 4650 2332 4705 ﬁdei

773 4756 1026 4803 censetur
1055 4762 1067 4798 :
1104 4754 1268 4817 atque
1298 4744 1435 4796 adeo
1476 4757 1669 4805 causa,
1702 4758 1823 4808 quae
1860 4753 2105 4796 sanctum
2134 4741 2199 4794 ad
2234 4757 2333 4795 nos

773 4837 1035 4906 Spiritum
1062 4835 1284 4896 alliciat,
1306 4843 1365 4886 ut
1386 4834 1706 4887 conﬁrmare
1735 4848 1952 4901 possum
1983 4849 2047 4886 ex
2074 4848 2333 4885 manuum

774 4925 1224 4994 impositnniizus,
1259 4939 1380 4991 qua:
1421 4923 1475 4976 in
1508 4922 1788 4991 discipulis
1835 4921 2040 4976 Christi
2075 4930 2199 4991 post
2246 4922 2340 4974 ha-

776 5019 1061 5085 ptismum,
1085 5026 1191 5069 tam
1221 5014 1466 5069 eﬁicaces
1488 5015 1732 5078 fuerunt,
1762 5023 1820 5068 ut
1869 5016 2044 5083 palam
2103 5014 2340 5082 Spiritus

776 5108 1158 5162 descenderet.
1199 5106 1345 5160 Idem
1381 5106 1586 5175 Virgini
1626 5122 1843 5175 quoque
1891 5106 2070 5159 Mariae
2123 5105 2339 5159 inhabi-

780 5206 901 5252 tans
928 5214 1047 5252 eam
1078 5199 1401 5267 prieparavit
1440 5206 1495 5252 et
1526 5196 1905 5259 sanctiﬁcat-it,
1939 5207 1995 5250 ut
2027 5198 2094 5251 ab
2129 5212 2195 5251 eo
2226 5213 2336 5249 non

778 5303 937 5348 secus
957 5285 1116 5358 atque
1130 5289 1313 5342 divino
1332 5288 1551 5357 templo,
1569 5288 1804 5342 Verbum
1822 5288 1915 5341 Dei
1931 5288 2333 5354 conciperetur,

772 5390 833 5435 et
888 5382 961 5433 ita
1020 5389 1219 5433 nostra:
1268 5380 1462 5432 salutis
1497 5378 1767 5448 primitias
1808 5379 2045 5446 Spiritus
2075 5386 2334 5445 operatus

776 5478 882 5533 est,
922 5469 1081 5524 simul
1116 5479 1276 5537 atque
1311 5470 1516 5539 Virgini
1549 5469 1721 5523 virtus
1751 5470 2037 5535 Altissiiui,
2069 5469 2225 5523 Patre
2260 5465 2333 5523 ita

781 5563 1018 5628 volente,
1050 5560 1418 5615 obumbravit.

850 5675 892 5701 "’
926 5674 964 5727 Il
1024 5675 1215 5731 Thess.
1270 5693 1348 5733 in.
1389 5677 1448 5727 l0

1570 5676 1609 5707 "
1644 5676 1831 5731 Matth.
1873 5694 1923 5741 ν,
1967 5678 2051 5730 45.

778 5743 824 5775 ⁸⁸
862 5744 990 5799 ibid.
1030 5746 1111 5798 ll.
1231 5748 1274 5777 "
1312 5745 1447 5803 ibid.
1482 5746 1559 5797 ΓΙ.

2156 5678 2197 5706 Bt
2233 5677 2417 5731 λιιειὴ,
2472 5691 2584 5739 vnt,
2622 5676 2683 5729 5|
2715 5692 2867 5743 δερκι-

2440 4670 2560 4723 qua:
2590 4655 2820 4708 telorum
2849 4654 3086 4723 jaetibus
3117 4656 3190 4709 ita
3219 4654 3447 4713 resistit,
3484 4661 3739 4718 tantoque
3788 4650 3999 4717 fulgere

2441 4745 2769 4812 resplendet.
2801 4744 2922 4811 quis
2953 4743 3163 4796 daemon
3193 4750 3382 4797 contra
3405 4748 3783 4800 occurret,nec
3817 4739 4000 4805 ponus

2437 4851 2663 4889 aversus
2688 4833 2947 4904 aufugiet,
2995 4833 3049 4886 in
3079 4832 3267 4901 primis
3303 4831 3345 4885 si
3386 4829 3586 4883 talibus
3606 4828 3775 4881 armis
3797 4828 4000 4880 instru-

2435 4937 2555 4980 ctus
2580 4926 2883 4980 orationem
2915 4933 2971 4978 et
3003 4924 3265 4995 jejunium
3288 4921 3545 4978 asciscat?
3560 4920 3888 4989 orationem,
3917 4918 3999 4970 in-

2436 5033 2620 5085 quam,
2657 5033 2763 5073 non
2798 5017 3014 5085 qualem
3062 5030 3158 5068 vos
3193 5013 3469 5067 curiosius
3514 5011 3822 5070 exercetis,
3876 5027 3998 5077 que

2439 5123 2628 5160 revera
2655 5108 2865 5161 inutilis
2896 5116 3002 5167 est.
3028 5121 3131 5160 nec
3157 5103 3467 5174 eﬂ'ugandis
3499 5102 3843 5156 daamonibus
3871 5104 3992 5155 ido-

2440 5216 2559 5254 nea.
2597 5199 2701 5267 Qui
2734 5199 2880 5253 enim
2912 5198 3029 5251 ﬁeri
3059 5205 3258 5266 potest,
3300 5206 3359 5250 ut
3399 5195 3492 5264 qui
3529 5193 3855 5247 inﬁdelitate
3907 5208 3999 5262 ge-

2439 5291 2505 5342 sti
2530 5297 2585 5352 .t,
2617 5303 2719 5343 nec
2750 5287 3076 5356 baptismate
3105 5287 3176 5340 sit
3202 5286 3473 5353 expiatus,
3515 5282 3727 5353 jejunio
3775 5292 3833 5335 et
3872 5297 3998 5334 ora-

2440 5381 2586 5433 tione
2630 5380 2904 5433 daemonas
2933 5376 3131 5444 ejicere
3182 5374 3373 5443 possit.
3404 5372 3708 5442 quamlibet
3755 5380 3812 5424 et
3856 5371 3996 5424 (ante

2437 5472 2833 5539 disrumpatur,
2857 5478 2952 5524 aut
2984 5468 3252 5522 orationis
3281 5464 3623 5521 vehementia
3650 5461 3997 5531 praefocetur?

2435 5564 2680 5628 Quorum
2714 5562 2861 5618 enim
2891 5561 3023 5615 ﬁdes
3049 5558 3282 5630 reproba
3311 5566 3366 5612 et
3396 5556 3610 5611 inﬁrma
3645 5561 3750 5617 est,
3773 5568 3997 5607 eorum-

2988 5674 3032 5705 ’³³
3066 5675 3261 5743 Ephcs.
3314 5690 3380 5725 γι.
3436 5672 3516 5723 l2.
3646 5670 3688 5699 ’λ
3723 5668 3859 5722 Ibid.
3908 5669 3989 5718 l3-
