4288 6372
330 410 427 471 33¹1

1569 404 1956 463 TliES.-\URI
2003 407 2148 468 LIB.
2196 409 2272 466 IV

3393 413 3530 476 1338

291 519 412 577 dem
441 537 657 591 quoque
690 537 853 591 opera
881 517 1098 572 inutilia
1128 525 1273 570 sunt.
1320 515 1470 580 Quod
1502 517 1542 568 si
1593 517 1756 574 Deus.
1803 523 1861 567 ut
1889 517 1934 572 Α
1963 523 2198 574 ςαειώυδ
2231 523 2510 574 hominum
2545 531 2810 575 venentur
2843 541 2854 574 :
2885 523 2957 575 ita
2994 530 3053 575 ut
3088 521 3190 575 hoc
3216 529 3375 590 pacto
3410 539 3534 576 rur-

294 615 496 678 dicitis,
551 627 798 669 naturam
857 613 1149 666 humanam
1206 609 1511 660 dtt'tttonuut
1548 616 1857 660 consortem

295 708 504 759 ratione
559 703 1010 774 transgressionis
1067 713 1186 753 esse
1246 698 1504 759 voluerit,
1566 696 1657 763 qui
1719 695 1856 754 ﬁeri,

293 813 497 865 quaeso.
528 798 726 866 potuit,
764 803 822 848 ut
854 792 1108 848 Christus
1144 797 1394 842 naturam
1426 787 1737 848 humanam,
1772 801 1862 837 us-

293 905 397 956 que
428 890 564 942 adeo
597 897 824 957 peccato
852 885 1180 952 subjectam.
1217 896 1389 947 usque
1434 878 1572 930 adeo
1605 876 1863 930 damoni-

294 981 395 1033 bus
445 979 758 1040 obnoxiam,
814 973 1190 1042 assumpserit,
1248 973 1320 1025 ita
1370 979 1429 1022 ut
1483 970 1595 1037 ipse
1645 981 1862 1034 quoque

298 1073 660 1140 malignorum
693 1069 1159 1133 adversorumque
1185 1063 1477 1132 spirituum
1495 1063 1862 1114 contuberna-

293 1163 364 1215 lis
394 1158 936 1230 deprehenderetur?
967 1157 1032 1210 At
1063 1157 1168 1209 hoc
1214 1153 1433 1223 quidem
1491 1153 1722 1205 maxime
1761 1152 1863 1201 im-

297 1255 445 1322 pium
493 1263 595 1309 est.
648 1253 756 1304 imo
815 1266 842 1302 a
897 1248 1238 1301 daemonibus
1293 1245 1426 1313 ipsis
1476 1245 1778 1302 inventum,
1806 1246 1862 1292 et

294 1345 660 1408 excogitatum
721 1341 1008 1394 Hominem
1055 1345 1202 1390 certe
1241 1333 1685 1399 transgressionis
1732 1345 1861 1398 ergo

294 1432 458 1485 morti
482 1431 829 1501 adjudieavit.
857 1428 974 1482 Jam
1001 1428 1210 1480 naturis
1234 1425 1392 1478 morti
1413 1423 1664 1478 obnoxiis
1686 1419 1858 1472 morbi

294 1525 588 1592 obrepunt.
640 1522 810 1575 Porro
860 1520 941 1574 vel
992 1519 1094 1571 hoc
1130 1528 1286 1585 pacto
1315 1531 1376 1569 ea
1412 1523 1680 1584 potestate
1729 1528 1862 1581 prze-

295 1615 446 1666 ditns
478 1615 642 1665 homo
668 1621 772 1671 est,
810 1621 868 1663 ut
896 1609 1238 1662 dxi-monibus
1265 1607 1566 1674 insultare,
1601 1619 1766 1671 seque
1795 1618 1860 1655 ex

293 1707 514 1758 illorum
563 1703 773 1771 laqueis
801 1701 1056 1770 expedire
1094 1708 1285 1767 possit,
1320 1698 1362 1749 si
1400 1697 1561 1747 modo
1593 1695 1687 1746 Det
1723 1710 1860 1760 prte-

293 1796 469 1864 ceptis
500 1795 727 1860 obsequi
757 1799 965 1860 pergat,
1000 1791 1227 1859 ejusque
1265 1787 1536 1840 mandatis
1577 1787 1860 1852 obtempe-

292 1897 394 1938 ret.
431 1883 778 1936 Dmmonibus
809 1883 913 1934 hoc
958 1881 1198 1932 vicissim
1230 1880 1414 1932 datum
1462 1887 1565 1939 est,
1618 1887 1676 1928 ut
1732 1892 1854 1928 cuni

291 1992 449 2029 camo
479 1985 533 2027 et
570 1975 745 2035 freno,
781 1972 983 2040 quibus
1018 1987 1115 2024 nos
1151 1985 1180 2022 a
1216 1971 1325 2021 l‘teo
1356 1969 1705 2027 distrahunt,
1752 1967 1856 2017 ali-

289 2067 508 2136 quando
543 2066 698 2119 nobis
730 2066 799 2118 ob
827 2065 1013 2118 oculos
1037 2072 1365 2131 proponant,
1398 2060 1690 2128 aliquando
1716 2060 1852 2110 clam

289 2167 602 2227 suggerant.
650 2156 945 2224 aliquando
999 2153 1236 2221 denique
1308 2151 1433 2203 dolo
1466 2165 1497 2203 e
1573 2149 1851 2209 simulent,

291 2253 563 2318 taciteque
593 2249 891 2302 obtrudant
919 2260 1260 2316 quaecunque
1286 2259 1313 2296 a
1351 2252 1500 2296 recto
1543 2241 1762 2295 tramite
1798 2243 1851 2293 in

286 2343 582 2412 praecipitia
611 2343 848 2394 trahunt.

360 2482 442 2531 10.
492 2479 677 2545 Papae!
739 2484 1001 2544 quantum
1063 2472 1309 2527 deliratis
1368 2472 1555 2528 etiam.
1605 2484 1728 2522 cum
1788 2484 1853 2522 ne

287 2570 446 2624 Verbi
504 2569 728 2637 quidem
802 2576 1004 2635 mystas
1065 2576 1120 2618 et
1173 2564 1401 2617 comites
1465 2579 1493 2615 a
1547 2562 1851 2615 diemomzm

290 2671 556 2729 potestate
585 2660 787 2713 liberos
818 2659 985 2711 fuisse
1021 2658 1202 2710 dicitis
1229 2659 1240 2708 !
1274 2654 1473 2729 I‘iosne,
1511 2672 1543 2708 0
1575 2666 1654 2707 ter
1698 2669 1853 2706 exse-

290 2752 607 2818 crandi,qni
630 2751 904 2803 daemonas
928 2747 1242 2815 ejiciebant?
1259 2749 1348 2814 qui
1381 2728 1474 2800 vel.
1492 2745 1621 2799 solis
1647 2745 1850 2798 umbris

292 2842 537 2894 inﬁrmos
567 2838 872 2893 curabant?
900 2838 990 2904 qui
1023 2835 1298 2888 da-monas
1345 2848 1716 2901 saepenumero
1743 2848 1852 2884 non

292 2944 448 2982 secus
478 2939 639 2995 atque
675 2928 802 2978 vilia
831 2925 1098 2993 tnaneipia
1139 2924 1513 2990 increpabant,
1549 2923 1641 2990 qui
1701 2938 1852 2974 scor-

294 3021 414 3088 pios
446 3032 501 3073 et
535 3027 841 3088 serpentes,
865 3032 1082 3070 onmem
1135 3016 1372 3084 denique
1417 3015 1623 3067 inimici
1667 3025 1855 3082 poten-

290 3113 417 3164 tiam
468 3111 696 3180 pedibus
727 3109 1117 3178 proterebant?
1144 3106 1186 3160 Ο
1217 3107 1394 3160 seelus
1426 3107 1570 3158 nulla
1613 3122 1848 3174 unquam

283 3207 440 3256 venia
491 3202 825 3270 dignunth
874 3199 1079 3251 dictum
1127 3197 1195 3249 ab
1246 3196 1395 3248 omni
1451 3196 1662 3248 ratione
1717 3195 1821 3248 alie
1884 3187 1930 3244 C

284 3309 439 3354 num,
479 3295 634 3361 Cujus
688 3299 940 3344 auctores
983 3288 1130 3355 digni
1158 3297 1306 3348 sunt,
1354 3288 1445 3354 qui
1494 3286 1688 3355 pugnis
1716 3301 1849 3338 con-

285 3383 567 3436 ﬁciantur.

354 3517 440 3570 ll.
482 3513 951 3580 Quemadmodum
986 3511 1020 3563 ii
1052 3524 1270 3578 quoque
1300 3508 1392 3578 qui
1426 3509 1634 3571 dicunt,
1667 3509 1731 3561 ab
1762 3524 1852 3561 eo-

281 3623 402 3662 rum
435 3610 638 3665 anima.
671 3605 762 3672 qui
804 3603 949 3672 quod
997 3603 1268 3654 ὰπάθειαν
1317 3601 1497 3667 adepti
1533 3610 1678 3662 sunt,
1723 3616 1850 3668 pcr-

281 3698 406 3751 l'ecti
439 3696 583 3765 apud
619 3710 712 3748 vos
747 3694 1040 3756 habentur,
1077 3693 1180 3744 tale
1227 3691 1562 3743 censortium
1592 3705 1657 3742 ex
1692 3691 1852 3742 carie.-

295 3790 393 3841 stis
457 3788 651 3855 Sponsi
693 3784 980 3853 praesentia
1028 3782 1257 3850 percipi,
1312 3782 1471 3849 quale
1529 3780 1732 3833 femina
1785 3790 1848 3830 ex

281 3879 458 3932 mariti
534 3878 817 3946 complexu
897 3876 1176 3943 percipere
1247 3874 1403 3926 solet.
1485 3870 1528 3924 0
1606 3881 1847 3938 apertam

282 3969 637 4028 dementiam,
686 3983 779 4020 seu
834 3966 1021 4034 potius
1081 3964 1547 4030 comparationem
1615 3961 1847 4034 maxime

282 4060 526 4112 omnium
580 4057 911 4110 absurdam!
950 4054 993 4106 si
1031 4055 1222 4106 saltem
1263 4053 1521 4120 ignorent
1572 4066 1628 4105 se
1682 4052 1848 4104 rebus

283 4149 484 4202 divinis
519 4159 570 4200 et
605 4146 921 4199 castissimis
949 4159 1014 4196 eo
1032 4144 1424 4195 contumeliam
1454 4141 1674 4199 all‘erre,
1703 4141 1847 4208 quod

284 4257 377 4294 eas
415 4256 538 4292 cum
582 4238 815 4305 pathicis
841 4246 896 4288 et
930 4233 1179 4286 venereis
1209 4233 1489 4286 illecebris
1517 4234 1803 4284 conferant
1834 4250 1844 4283 :

283 4331 684 4400 pueriliumque
734 4325 1105 4394 cylindrorum
1169 4323 1351 4374 [luxus
1423 4321 1687 4373 ell‘renata
1752 4336 1848 4373 sua

282 4422 510 4476 audacia
563 4415 1050 4488 coniunctionibus
1118 4414 1183 4468 iis
1251 4417 1550 4481 adaptent,
1605 4429 1726 4482 qua:
1782 4413 1849 4465 ab

281 4512 574 4565 ell'ectibus
633 4505 944 4575 huiusmodi
1007 4505 1354 4558 alienissimae
1407 4513 1535 4557 sunt
1597 4519 1611 4557 :

284 4609 451 4676 nique
494 4623 581 4660 res
640 4604 853 4657 divinas
921 4618 1032 4671 pra:
1092 4600 1361 4670 imperitia
1404 4617 1527 4653 cum
1579 4601 1844 4658 humanis

282 4705 626 4764 comparent.

355 4788 442 4840 12.
488 4786 599 4839 Nec
629 4799 756 4836 vero
789 4799 818 4837 a
846 4783 1229 4852 prmdictorum
1262 4780 1597 4851 blasphemia
1647 4783 1846 4836 abhor-

283 4887 387 4938 ret,
431 4878 576 4944 quod
625 4875 809 4928 dicitis
861 4873 1095 4926 animam
1126 4873 1264 4941 ejus,
1295 4873 1385 4940 qui
1426 4875 1575 4940 prius
1605 4874 1673 4927 sit
1700 4876 1845 4926 dmi-

286 4969 436 5020 θειαν
463 4975 814 5027 consecutus,
846 4964 897 5016 in
921 4962 1540 5030 divinanuransmutari
1573 4974 1841 5018 naturam:

289 5060 362 5111 ita
396 5067 454 5110 ut
493 5066 672 5109 vestra
709 5055 798 5106 illa
847 5053 1295 5106 decantatissima
1327 5056 1502 5105 oratio
1549 5069 1644 5106 eos
1681 5056 1842 5106 etiam

289 5151 380 5218 qui
414 5149 489 5202 dii
523 5157 713 5200 natura
751 5153 881 5198 sunt
907 5142 1177 5212 proferre,
1201 5153 1363 5211 atque
1401 5149 1665 5212 gregatim
1699 5145 1842 5214 apud

289 5258 405 5302 vos,
435 5254 468 5293 0
494 5237 712 5291 ridiculi
745 5235 1016 5297 homines,
1056 5237 1209 5304 quisi
1256 5236 1581 5302 quihusdam
1620 5238 1846 5290 stabulis

287 5331 451 5384 simul
510 5329 791 5382 includere
848 5327 987 5379 norit
1042 5345 1053 5377 :
1106 5327 1199 5393 qui
1232 5343 1336 5378 non
1389 5327 1563 5378 selum
1615 5330 1842 5381 deorum

285 5423 602 5477 Grazcorum
663 5417 1070 5472 multitudinem
1129 5433 1357 5469 numero
1421 5428 1700 5483 superent,
1749 5421 1841 5471 sed

287 5514 452 5568 etiam
469 5513 597 5582 quia
617 5512 816 5582 gradus
839 5526 1028 5564 eorum
1061 5509 1110 5561 in
1137 5509 1326 5576 primis
1356 5510 1692 5564 accnbiti'ms
1713 5528 1842 5564 con-

284 5607 502 5668 “sum,
547 5604 600 5656 in
633 5617 808 5671 coque
851 5600 994 5670 quod
1029 5600 1184 5654 sedes
1230 5601 1430 5668 primas
1482 5601 1533 5652 in
1589 5604 1757 5656 cinnis
1790 5616 1842 5658 et

373 5788 419 5821 "
452 5788 605 5843 Juan.
647 5805 752 5848 xiv,
778 5789 860 5840 ‘25.
941 5788 1143 5842 “Cen.
1183 5806 1243 5850 Il,
1281 5793 1327 5842 7.

1422 5792 1463 5820 ‘~‘
1502 5793 1692 5845 Matth.
1729 5810 1781 5856 χ,
1824 5793 1913 5847 28.

1965 625 2084 663 sum
2149 614 2404 666 mortales
2457 613 2712 674 evadant,
2768 627 2869 666 nec
2922 614 3028 681 jam
3056 612 3163 665 ulla
3223 613 3278 664 in
3355 611 3536 666 admi-

1966 705 2174 753 ratione
2249 703 2397 762 sint.
2480 703 2573 756 sed
2671 703 2948 756 mirabiles
3041 702 3226 770 potius
3306 700 3536 756 videan-

1967 803 2075 851 tur,
2127 793 2196 845 ob
2243 793 2648 848 deiﬁcationem
2683 795 2853 856 illam,
2889 808 3008 861 quae
3046 793 3099 845 in
3126 807 3222 846 ore
3253 802 3339 848 est
3380 792 3528 846 omni

1966 883 2184 950 populo.

2045 973 2132 1024 15.
2161 973 2428 1026 Praeterea
2452 973 2564 1026 ﬁeri
2596 988 2751 1040 posse
2777 974 2981 1036 dicitis,
3008 985 3065 1026 ut
3094 974 3258 1027 homo
3289 976 3380 1042 qui
3407 973 3544 1026 ἁπά-

1972 1061 2123 1113 eam
2146 1074 2276 1115 vesti
2293 1079 2378 1116 ain
2401 1066 2472 1116 sit
2497 1064 2748 1132 adeptus,
2770 1065 2939 1116 divini
2964 1065 3202 1132 Spiritus
3227 1064 3541 1134 hypostasin

1974 1170 2135 1208 sensu
2169 1155 2286 1223 ipso
2311 1167 2366 1210 et
2393 1157 2676 1225 perspicue
2708 1155 2996 1224 percipiat.
3031 1157 3144 1208 lloc
3176 1166 3362 1208 autem
3417 1155 3535 1222 qui,

1963 1247 2288 1313 qna:so,lieri
2307 1247 2512 1314 potest?
2528 1260 2704 1313 quove
2720 1244 2842 1298 fidei
2865 1246 3147 1312 antejacto
3162 1243 3544 1298 fundamento?

1963 1339 2092 1392 Nam
2131 1354 2228 1391 nos
2261 1342 2426 1392 etiam
2477 1338 2710 1391 dicimus
2743 1347 2798 1390 et
2849 1335 3150 1398 credimus,
3175 1336 3318 1404 quod
3354 1336 3424 1388 iis
3444 1337 3538 1404 qui

1962 1430 2274 1496 expiatione
2326 1429 2567 1497 legitima
2600 1428 2799 1495 expiati
2828 1437 2996 1486 sunt.
3028 1427 3215 1480 nescio
3259 1442 3398 1494 quae,
3431 1440 3538 1478 non

1963 1521 2138 1573 dicam
2186 1521 2519 1589 hypOSlatica
2572 1533 2668 1571 seu
2731 1519 3034 1584 personalis
3091 1517 3400 1577 descensio,
3442 1515 3538 1568 sed

1963 1613 2160 1675 Patris,
2195 1612 2340 1674 Filii,
2365 1620 2419 1664 et
2466 1611 2700 1677 Spiritus
2724 1611 2897 1664 sancti
2934 1610 3221 1678 praesentia
3245 1609 3481 1678 obtingit
3522 1627 3536 1663 :

1964 1710 2126 1769 prout
2187 1699 2445 1754 Dominus
2513 1715 2730 1769 quoque
2793 1700 2929 1754 divit
2999 1719 3011 1752 :
3083 1699 3194 1767 Ego
3261 1709 3308 1751 et
3375 1698 3538 1752 Pater

1965 1792 2250 1853 veniemus,
2285 1802 2332 1844 et
2367 1799 2687 1844 mansionem
2736 1792 2876 1860 apud
2922 1806 3040 1842 eum
3077 1773 3443 1857 faciemus.",
3479 1797 3538 1844 et

1916 1847 1933 1897 δ
1966 1892 2124 1948 prout
2167 1883 2332 1935 homo
2361 1881 2453 1935 Dei
2505 1896 2672 1948 capax
2723 1896 2845 1935 esse
2891 1889 3088 1949 potest.
3119 1878 3289 1932 Porro
3316 1893 3425 1932 non
3450 1887 3536 1933 est

1961 1993 2022 2028 ea
2045 1985 2238 2029 creatae
2269 1984 2473 2028 natura:
2514 1976 2594 2028 vis
2630 1984 2690 2027 ut
2730 1973 3079 2026 Divinitatem
3109 1973 3305 2026 intueri
3343 1980 3532 2041 queat,

1965 2078 2120 2135 prout
2151 2079 2342 2120 natura
2372 2082 2428 2120 se
2453 2067 2638 2130 habet,
2679 2066 2807 2134 quia
2861 2065 3118 2118 nimirum
3163 2063 3425 2118 immensa
3475 2072 3530 2118 et

1963 2160 2174 2212 inﬁnita
2205 2169 2308 2214 est.

2034 2254 2117 2305 Μ.
2153 2252 2289 2318 Quid
2328 2252 2506 2305 verbis
2537 2267 2674 2320 opus
2711 2250 2832 2305 est?
2861 2249 3171 2305 Graecorum
3197 2258 3345 2302 certe
3369 2246 3529 2300 fabu-

1960 2343 2198 2397 lamenta
2256 2343 2533 2404 redul-stis,
2587 2359 2709 2396 cum
2767 2342 2969 2394 homini
2998 2341 3132 2395 duas
3157 2355 3276 2393 esse
3327 2337 3529 2391 debere

1959 2435 2168 2488 animas
2225 2433 2595 2497 contendltis,
2667 2447 2894 2501 quarum
2967 2433 3134 2486 altera
3215 2430 3532 2483 hominibus

1959 2527 2284 2587 communis,
2334 2525 2500 2576 altera
2557 2539 2685 2576 vero
2735 2524 2991 2585 cmlestis,
3033 2522 3279 2575 exsistat.
3327 2521 3528 2575 Verum

1959 2617 2238 2670 enimvero
2289 2616 2434 2669 nulla
2493 2615 2618 2668 huic
2685 2624 2994 2667 commento
3040 2613 3310 2665 subtilitas
3366 2611 3526 2667 inest.

1960 2708 2038 2760 llli
2114 2711 2257 2760 enim
2335 2709 2559 2759 alteram
2633 2705 3006 2767 luminosam,
3074 2703 3302 2756 alteram
3377 2711 3531 2756 tene-

1961 2799 2270 2861 bricosam,
2331 2813 2448 2850 esse
2498 2798 2705 2849 dicunt.
2779 2795 3046 2849 Czeternm
3125 2794 3314 2848 ambas
3365 2792 3527 2847 simul

1960 2888 2053 2940 uni
2105 2887 2390 2952 eidemque
2459 2885 2662 2938 homini
2717 2901 2822 2937 non
2903 2885 3228 2944 attribuunt,
3297 2882 3390 2936 sed
3450 2883 3532 2934 vi-

1959 2980 2142 3033 cissim
2173 2987 2227 3031 et
2252 2979 2597 3030 alternative.
2638 2977 2742 3029 Vos
2773 2987 2950 3028 autem
2992 2976 3094 3028 hoc
3136 2990 3351 3042 quoque
3388 2975 3524 3029 dici-

1961 3071 2049 3129 tis,
2091 3068 2234 3136 quod
2282 3067 2621 3120 auditoribus
2668 3067 2883 3120 tardium
2941 3066 3132 3118 afferat
3183 3083 3194 3115 :
3245 3063 3526 3134 lnspirarit

1961 3161 2128 3222 enim,
2163 3169 2220 3210 ut
2244 3159 2416 3211 Moses
2445 3159 2538 3218 ait,
2565 3160 2615 3210 in
2639 3159 2822 3225 faciem
2841 3158 2952 3224 ejus
2971 3155 3295 3224 spiraculum
3323 3158 3435 3208 vim:
3458 3156 3523 3208 ⁸³.

1965 3250 2084 3303 Ιιᾶξο
2109 3251 2218 3317 jam
2257 3263 2360 3300 una
2384 3259 2465 3300 est
2491 3250 2692 3301 anima.
2723 3245 2977 3301 Christus
3007 3246 3134 3297 item
3175 3247 3225 3297 ili
3275 3245 3523 3312 Evange-

1956 3340 2045 3392 liis
2074 3340 2248 3406 inquit
2280 3357 2292 3392 :
2327 3338 2498 3391 Nolite
2529 3341 2708 3390 timere
2764 3353 2868 3390 eos.
2903 3337 2989 3402 qui
3040 3337 3276 3387 occidunt
3313 3351 3523 3402 corpus,

1955 3437 2188 3486 animum
2216 3443 2390 3486 autem
2415 3433 2644 3486 occidere
2680 3450 2781 3485 non
2805 3441 3018 3501 possunt
3048 3433 3112 3484 θ’.
3150 3433 3215 3484 Ει
3244 3432 3443 3485 Paulus
3467 3432 3522 3486 in

1956 3527 2190 3588 Troade,
2230 3527 2318 3578 ubi
2365 3527 2432 3578 de
2466 3523 2732 3594 Eutychio
2768 3524 2862 3576 illo
2901 3525 3064 3576 verba
3114 3522 3264 3582 facit,
3317 3523 3408 3590 qui
3453 3523 3521 3575 de

1956 3619 2118 3671 tertio
2168 3617 2449 3670 cmnaculo
2497 3616 2772 3668 deciderat
2809 3632 2822 3666 :
2859 3615 3028 3666 Nolite
3071 3615 3294 3676 turbari,
3342 3616 3520 3667 anima

1953 3711 2086 3761 enim
2116 3712 2278 3776 ipsius
2304 3711 2354 3761 in
2393 3710 2500 3770 ipso
2529 3717 2601 3759 est
2624 3709 2689 3758 ’°.
2730 3706 2834 3758 Sed
2874 3707 3051 3758 nullus
3086 3706 3264 3759 adhuc
3291 3716 3383 3759 aut
3431 3707 3517 3758 in-

1955 3811 2036 3853 ter
2059 3800 2352 3854 Christiani
2380 3799 2646 3867 dogmatis
2676 3799 2944 3859 homines,
2977 3809 3069 3850 aut
3097 3798 3240 3850 inter
3263 3809 3518 3852 externos

1955 3893 2209 3944 inventus
2257 3901 2360 3951 est,
2419 3890 2508 3957 qui
2544 3890 2783 3957 δίψυχον,
2823 3889 2928 3940 hoc
2957 3898 3040 3941 est
3086 3889 3266 3940 anima
3313 3890 3516 3958 duplici

1958 3983 2241 4052 przeditnm
2275 3997 2394 4034 esse
2435 3981 2654 4034 dixerit.

2023 4075 2107 4126 15.
2157 4074 2359 4125 Praeter
2395 4073 2504 4134 illa,
2551 4088 2672 4138 qua:
2703 4087 2730 4124 a
2763 4087 2847 4124 me
2879 4071 3111 4125 adducta
3165 4081 3326 4134 sunt,
3370 4073 3510 4126 fama

1952 4165 2354 4225 circumfertur,
2383 4164 2757 4230 εὐνουχισμδν,
2806 4163 2906 4215 hoc
2946 4163 3303 4215 estvirilinm
3338 4180 3510 4216 mem-

1953 4253 2170 4304 brorum
2203 4252 2587 4311 exsectionem,
2629 4251 2733 4303 illis
2766 4250 2907 4317 apud
2940 4261 3032 4305 vos
3085 4250 3504 4318 haudquaquam

1949 4343 2390 4409 accenseri,qua3
2436 4342 2687 4408 procula
2736 4341 2969 4395 cmtibus
3005 4342 3284 4394 hominum
3331 4343 3508 4412 aspel-

1952 4437 2105 4488 lenda
2135 4435 2262 4487 sint.
2292 4434 2496 4487 Vellem
2527 4434 2712 4501 igitur,
2744 4435 2988 4498 quamvis
3040 4435 3345 4503 hujnsmodi
3380 4445 3506 4487 voto

1675 4505 1717 4558 εί
1755 4506 1846 4558 dc'
1882 4519 1919 4570 Ι)
1947 4535 2137 4576 natura
2168 4525 2400 4576 humana
2430 4524 2710 4576 mutiletur
2758 4533 2813 4576 et
2833 4524 3191 4585 adulteretur.
3227 4533 3286 4576 ut
3323 4535 3501 4576 vestra

1947 4629 2213 4684 synagoga
2267 4615 2334 4666 ab
2386 4615 2452 4667 iis
2502 4614 2758 4666 omnibus
2803 4614 3044 4667 exscindi
3089 4617 3503 4682 posset,quibns

1948 4716 2142 4760 natura
2172 4707 2474 4758 membrum
2525 4705 2656 4758 illud
2687 4706 2926 4767 arrexit;
2955 4715 3116 4773 atque
3153 4708 3224 4758 ita
3277 4708 3494 4775 generis

1949 4797 2292 4850 successione
2339 4797 2531 4865 privati
2583 4811 2798 4865 pessum
2858 4811 3082 4864 prorsus
3128 4811 3253 4851 cum
3299 4799 3499 4852 vestris

1951 4888 2216 4955 dogmatis
2240 4888 2529 4940 daremini.

2019 4976 2127 5041 Ego
2152 4990 2279 5027 vero
2315 4976 2425 5027 hmc
2458 4990 2673 5042 quoque
2702 4974 2767 5026 ab
2799 4973 2904 5025 illis
2931 4979 2986 5025 et
3028 4971 3158 5036 dici,
3190 4982 3245 5025 et
3291 4972 3499 5034 doceri,

1949 5067 2216 5118 referente
2248 5068 2503 5133 quodam,
2537 5066 2628 5134 qui
2661 5065 2726 5118 ab
2755 5065 2834 5117 eis
2864 5064 3122 5117 seductus
3159 5063 3351 5127 fuerat,
3381 5064 3501 5127 viro

1949 5157 2208 5219 litterato,
2241 5171 2294 5209 et
2327 5158 2467 5224 apud
2507 5157 2819 5209 Pontilicem
2847 5156 3119 5219 instituto,
3168 5156 3374 5222 accepi,
3407 5157 3500 5224 qui

1947 5249 2222 5316 quomodo
2251 5265 2374 5317 erga
2418 5263 2500 5300 me
2524 5250 2594 5300 sit
2625 5247 2871 5312 allectus,
2907 5248 3116 5315 ignoro.
3147 5246 3214 5300 Se
3238 5248 3382 5300 enim
3433 5249 3501 5302 ab

1953 5339 2165 5391 illorum
2197 5339 2442 5400 doctore,
2481 5339 2796 5391 monasticis
2828 5339 3070 5390 vestibus
3097 5337 3307 5400 induto,
3331 5349 3496 5406 atque

1947 5429 2011 5482 ad
2037 5430 2395 5481 sacerdotium
2429 5439 2702 5496 provecto,
2737 5437 2791 5481 et
2837 5437 3145 5482 sanctorum
3173 5429 3502 5497 Evangelio-

1948 5536 2065 5571 rum
2092 5521 2290 5573 librum
2339 5534 2451 5587 prie.
2489 5520 2740 5572 manibus
2791 5519 3047 5583 habente,
3087 5520 3172 5574 his
3210 5522 3503 5590 compella-

1949 5618 2057 5660 tum
2087 5610 2262 5662 verbis
2288 5609 2553 5662 rclercbat
2583 5627 2593 5660 :
