4288 6372
836 375 972 437 1339

2010 366 2019 370 ’
2049 369 2343 432 ΝΙΟΕΤᾸΕ
2383 367 2789 429 ΕΠΟΝΙΛΤΕ

3929 364 4080 427 1310

900 489 1040 555 Quid
1064 489 1168 552 ais,
1198 503 1230 540 ο
1269 486 1455 540 hunc?
1509 484 1922 540 Cliristianusne
1956 502 2034 549 es,
2066 485 2265 539 Christi
2295 485 2386 537 lia-
2418 488 2457 540 Α
2491 498 2556 533 ne
2614 481 2665 534 in
2703 482 2850 536 illius
2893 480 3119 549 quidem
3167 487 3521 548 conspectum
3554 479 3781 533 divinus
3830 479 3931 531 ille
3971 480 4086 537 vir,

830 583 1088 651 ptismate
1157 578 1455 633 intincms?
1491 579 1627 631 Tum
1669 579 1760 646 qui
1817 579 2251 646 interrogabatur
2305 593 2390 630 re-

829 670 1048 736 spondit
1083 667 1303 731 :Certe,
1352 666 1555 720 Christi
1608 666 1803 734 gratia,
1856 667 2173 734 parentibus
2226 666 2389 721 Chri-

834 760 1025 813 stianis
1058 768 1219 811 natus
1270 772 1414 815 sum,
1455 757 1523 809 ah
1554 756 1777 825 ipsaque
1826 757 1963 810 adeo
2013 768 2171 811 aetate
2210 757 2389 809 infan-

834 850 918 900 tia:
954 862 1109 900 sacro
1151 847 1369 899 ablutus
1394 846 1733 913 baptismate.
1775 846 1911 898 Tum
1972 847 2093 898 vitii
2128 846 2385 913 Sophista

828 938 1098 1006 subjecit:
1129 935 1371 1001 Quonam
1428 945 1669 1002 tempore
1722 934 1797 995 id,
1830 952 1857 987 a
1897 936 2117 1002 quibus,
2164 946 2229 987 “et
2254 935 2389 987 tibi?

833 1028 1068 1079 Itursum
1108 1027 1227 1092 pius
1260 1024 1346 1077 ille
1382 1041 1393 1075 :
1433 1023 1491 1077 In
1530 1025 1619 1077 Dei
1650 1023 1910 1085 Ecclesia,
1947 1025 2146 1093 inquit,
2201 1025 2388 1077 addito

840 1117 1120 1171 Pontiﬁcis
1157 1115 1397 1177 nomine,
1427 1116 1520 1183 qui
1572 1124 1699 1168 tunc
1731 1115 1985 1168 Ecclesia:
2048 1124 2296 1181 prmerat,
2336 1115 2388 1168 in

835 1222 942 1273 qua
972 1205 1313 1258 nativitatem
1338 1219 1554 1273 quoque
1577 1204 1801 1257 sortitus
1829 1213 1996 1269 esset,
2034 1218 2245 1257 neciion
2284 1205 2382 1259 im-

834 1295 1121 1364 peratoris,
1173 1294 1296 1361 qui'
1334 1304 1463 1347 tunc
1523 1295 1785 1361 temporis
1861 1310 1924 1346 ea
1972 1309 2093 1361 qua:
2166 1295 2383 1363 imperii

832 1394 987 1439 erant
1015 1384 1454 1447 administrabat,
1486 1384 1796 1453 adjecitqne
1851 1399 1909 1437 se
1956 1386 2008 1437 in
2042 1386 2258 1439 nomine
2285 1386 2386 1438 Pa-

836 1479 954 1541 tris,
994 1486 1051 1531 et
1086 1476 1306 1537 Filii,et
1336 1475 1573 1542 Spiritus
1622 1477 1796 1529 sancti
1838 1476 2167 1543 baptismum
2207 1490 2391 1529 susce-

835 1585 867 1636 p
892 1583 999 1631 sse,
1026 1567 1485 1635 quemadmodum
1521 1566 1572 1619 in
1605 1566 1907 1633 Evangeliis
1934 1566 2181 1619 Christus
2201 1578 2391 1619 auctor

835 1659 955 1713 fuit.
1010 1658 1163 1710 Tunc
1239 1657 1377 1710 alter
1448 1656 1536 1709 ille
1584 1671 1679 1709 ore
1748 1655 2004 1723 impuro,
2052 1653 2389 1722 subdolaqne

835 1756 1015 1803 mente
1043 1750 1287 1803 subdidit
1318 1766 1329 1799 :
1367 1748 1470 1802 Sed
1506 1748 1811 1816 baptismns
1843 1747 1931 1801 ille
1976 1746 2389 1800 introductitius

2490 572 2583 637 qui
2618 587 2784 640 supra
2818 580 3009 641 pectus
3054 569 3266 624 Domini
3310 571 3361 621 in
3418 583 3573 623 caena
3618 569 3974 625 recubuerat
4013 569 4084 629 ”,

2492 662 2678 715 venire
2703 663 2887 717 vellet.

2560 755 2841 806 Annorum
2863 768 3023 820 porro
3044 752 3242 820 χιλιὰς,
3263 753 3367 808 hoc
3392 763 3475 808 est
3498 753 3848 806 millenarius
3869 769 4082 806 nume-

2492 862 2605 915 rus,
2622 844 2962 899 mendacium
2984 844 3099 898 sole
3118 843 3321 899 clarius
3339 853 3443 908 est,
3464 853 3519 897 et
3538 844 3789 912 reprobe
3810 842 4079 897 Cerintlii

2496 936 2845 1004 cogitationis
2874 935 3035 987 fetus.
3094 933 3231 987 Cum
3260 934 3406 987 enim
3436 949 3534 987 nos
3564 950 3591 986 a
3637 937 4072 987 resurrectione

2487 1026 2739 1080 Christus
2768 1040 2944 1094 neque
3001 1025 3188 1079 cibum
3247 1033 3591 1093 sumpturos,
3618 1041 3805 1092 neque
3859 1026 4080 1080 bibitu-

2493 1136 2599 1181 ros,
2659 1134 2832 1186 neque
2877 1119 3096 1184 nuptias
3121 1128 3524 1179 contraeturos,
3588 1133 3765 1185 neque
3822 1127 4069 1184 nuptum

2490 1210 2852 1263 collocaturos
2908 1209 3076 1274 dicat,
3150 1224 3339 1262 verum
3414 1208 3620 1275 angelis
3686 1207 3781 1260 Dei
3848 1208 4067 1260 similes

2494 1301 2708 1353 futuros
2725 1309 2932 1353 asserat
2958 1299 3026 1363 “,
3046 1299 3170 1366 quis
3187 1298 3323 1351 adeo
3348 1298 3688 1357 temerarius,
3719 1296 3903 1349 audax
3918 1338 3934 1356 ,
3961 1308 4019 1349 et
4044 1314 4071 1347 ει

2491 1390 2664 1445 libera
2682 1392 2883 1445 Christi
2905 1392 3129 1445 veritate
3154 1390 3362 1443 alienus
3381 1404 3501 1443 esse
3527 1389 3679 1447 velit,
3702 1400 3759 1441 ut
3786 1398 4079 1441 terrenum

2493 1480 2569 1533 illi
2596 1480 2905 1548 imperium,
2938 1479 3239 1547 amicisque
3267 1493 3390 1531 cum
3431 1478 3523 1530 illo
3545 1493 3573 1530 a
3600 1489 3779 1530 morte
3816 1493 4078 1531 resurre-

2490 1571 2665 1623 cturis
2686 1568 2980 1638 aliquando
3014 1568 3260 1621 futurum
3291 1566 3650 1636 pronuntiet?
3705 1567 3790 1619 vel
3816 1569 4072 1624 cuinam,

2492 1669 2705 1723 precor,
2742 1655 2861 1707 usui
2901 1654 3229 1708 resurrectio
3259 1669 3377 1707 esse
3403 1663 3587 1720 queat,
3630 1669 3749 1722 qum
3768 1655 4012 1721 quidem
4039 1658 4080 1705 si

2492 1744 2672 1796 denuo
2690 1758 2978 1811 corporum
2998 1743 3343 1806 concubitus,
3367 1743 3615 1797 ciborum
3636 1743 3915 1812 cupedim,
3945 1743 4081 1794 affe-

834 1856 974 1908 aqua
1037 1849 1270 1895 constat.
1328 1840 1404 1891 Eo
1454 1848 1635 1891 autem
1685 1838 1750 1891 de
1798 1853 1906 1904 quo
1958 1836 2244 1905 discipulis
2281 1836 2392 1889 suis
2427 1827 2465 1878 Β
2493 1841 2678 1886 ctuum
2700 1833 2934 1902 denique
2956 1834 3267 1887 ticdiainter
3294 1834 3566 1897 homines,
3592 1844 3650 1887 ut
3676 1841 3867 1892 antea,
3895 1834 4078 1885 locum

833 1927 1087 1980 Christus
1139 1928 1217 1978 ait
1284 1945 1295 1978 :
1372 1926 1462 1978 I’os
1532 1934 1705 1978 autem
1783 1926 2115 1994 baptizemini
2190 1924 2394 1995 Spiritu

836 2024 1016 2067 sancto
1076 2023 1123 2066 et
1176 2017 1389 2083 igne",
1456 2014 1704 2068 accedito
1738 2016 1984 2082 propius,
2026 2024 2084 2067 ut
2142 2024 2191 2066 te
2221 2014 2395 2083 bapti-

837 2121 977 2169 zeni,
1034 2107 1372 2172 gratiamque
1419 2104 1659 2173 Spiritus
1713 2104 2110 2157 inhabitantem
2166 2106 2260 2157 tilii
2305 2123 2397 2158 co-

836 2210 1087 2264 gnoscas.
1125 2195 1394 2249 Caeterum
1431 2196 1567 2249 alter
1597 2195 1685 2248 ille
1721 2194 1869 2247 hunc
1920 2194 2191 2259 imitatus,
2227 2196 2397 2263 impo-

837 2297 954 2340 stor
980 2295 1035 2341 et
1066 2289 1179 2354 ipse
1199 2287 1394 2339 evasit.

1396 2399 1548 2453 CAP.
1600 2398 1861 2453 XXXVII.

973 2488 1250 2542 Tricesnna
1281 2490 1500 2557 septima
1531 2491 1765 2554 haeresis,
1800 2489 2277 2543 Ccrinthianorum.

912 2597 1207 2653 Cerinthus
1272 2598 1362 2651 hic
1413 2613 1471 2652 se
1502 2600 1711 2667 magnis
1737 2601 2011 2655 initiatum
2049 2604 2401 2658 revelationi-

845 2693 968 2757 bus,
1003 2691 1211 2761 angelis
1261 2695 1524 2746 nimirum
1570 2696 1879 2763 magistris,
1919 2711 2147 2764 regnum
2195 2696 2400 2751 Christi

844 2792 967 2852 post
1016 2785 1473 2837 resurrectionem
1552 2793 1831 2838 terrenum
1888 2784 2043 2849 fore;
2096 2784 2404 2855 Hierosoly-

843 2888 1091 2941 tnamque
1123 2873 1303 2927 denuo
1329 2873 1544 2927 carneis
1583 2872 1999 2941 cupiditatibus,
2048 2872 2287 2937 deliciis,
2319 2872 2401 2926 fe-

843 2966 1003 3019 stivis
1033 2966 1249 3028 diebus,
1277 2975 1331 3020 et
1353 2968 1565 3035 nuptiis
1594 2965 1881 3020 fruituram
1919 2983 2014 3036 per
2044 2966 2191 3020 mille
2225 2981 2400 3020 anno-

844 3072 965 3108 rum
1027 3057 1260 3125 spatium
1323 3056 1561 3111 dicebat.
1595 3056 1795 3110 Beatus
1845 3067 2026 3112 autem
2072 3058 2401 3128 Polycarpus

844 3155 1053 3216 martyr
1089 3136 1281 3200 auctor
1323 3154 1426 3210 est,
1470 3148 1767 3216 contigisse
1822 3148 2138 3217 aliquando,
2184 3158 2242 3201 ut
2275 3152 2397 3202 cum
2427 3154 2468 3207 ρ

843 3239 1031 3291 beatus
1061 3239 1305 3293 Joannes
1340 3241 1627 3308 apostolus
1672 3240 1890 3294 lavandi
1935 3243 2182 3311 corporis
2228 3243 2398 3311 gratia

845 3329 1098 3383 lialneum
1126 3330 1371 3388 adiisset,
1428 3330 1615 3397 ibique
1646 3330 1967 3384 Cerinthum
2005 3332 2172 3385 lavari
2232 3334 2401 3396 resci-

842 3419 1034 3480 visset,
1074 3420 1343 3473 exsiliens
1388 3420 1678 3475 confestim
1708 3435 1739 3473 e
1791 3421 1989 3476 balneo
2020 3439 2077 3477 se
2113 3424 2165 3477 in
2218 3424 2397 3493 fugam

843 3510 1198 3578 proripuerit,
1229 3521 1283 3564 et
1320 3512 1551 3565 comites
1609 3511 1751 3565 idem
1780 3522 1839 3565 ut
1887 3513 2133 3567 facerent
2196 3516 2396 3569 exhor-

842 3613 988 3656 tatus
1019 3603 1111 3664 sit,
1146 3618 1212 3655 ne
1244 3602 1381 3656 forte
1410 3604 1665 3656 balneum
1697 3616 2001 3669 corrueret,
2036 3606 2088 3659 in
2117 3622 2227 3675 quo
2254 3609 2400 3662 veri-

841 3693 969 3746 tatis
1025 3692 1369 3747 adversarius
1419 3693 1716 3749 Cerinthus
1755 3710 1923 3758 esse',
1971 3704 2028 3750 et
2078 3699 2154 3751 ita
2208 3713 2401 3754 omnes

832 3794 1277 3852 ,protererentur.

910 3876 1078 3929 Aiunt
1112 3877 1275 3929 etiam
1306 3875 1626 3931 Cerintlium
1660 3882 1779 3947 ejus
1826 3880 2090 3934 tumultus
2116 3892 2395 3936 auctorem

830 3966 1027 4028 fuisse,
1060 3967 1218 4035 cujus
1280 3967 1516 4021 Jacobus
1561 3970 1673 4037 (5i)
1706 3970 1758 4022 iu
1796 3972 2037 4039 Epistola
2086 3972 2153 4025 ad
2209 3973 2399 4028 Antio-

845 4059 1050 4111 chenos
1088 4058 1358 4123 meminit,
1420 4059 1506 4113 his
1550 4061 1776 4114 verbis:
1833 4061 1869 4115 Α
1917 4063 2075 4115 nobis
2120 4063 2395 4126 exierunt,

839 4145 931 4211 qui
963 4161 1063 4199 nos
1097 4148 1449 4201 conturbant.
1481 4147 1627 4201 Idem
1664 4164 1787 4202 cum
1845 4150 2006 4203 Petro
2050 4150 2116 4204 de
2146 4151 2397 4206 Cornelio

841 4238 1195 4291 contendisse
1247 4238 1467 4291 fertur:
1521 4240 1654 4293 alias
1683 4241 1832 4294 Pauli
1883 4240 2217 4296 adversariis
2260 4244 2380 4312 ejus

841 4327 1135 4381 seditionis
1178 4336 1369 4381 auctor
1420 4328 1589 4383 fuisse
1624 4331 1864 4393 videtur,
1931 4348 2073 4399 quae,
2125 4348 2248 4386 cum
2302 4334 2394 4388 ille

834 4428 1006 4485 caput
1030 4418 1335 4470 radendum
1388 4419 1635 4481 tradidit,
1665 4419 2055 4490 Hierosolymis
2107 4425 2159 4475 in
2194 4426 2394 4493 templo

833 4519 1027 4563 exorta
1062 4522 1147 4563 est
1171 4513 1236 4563 ".
1261 4512 1407 4565 Idem
1435 4512 1714 4566 Christum
1740 4513 1889 4566 cruci
1922 4513 2143 4581 quidem
2177 4516 2393 4569 aﬂixum

837 4599 1014 4652 tuisse
1045 4598 1265 4662 fatetur,
1322 4608 1377 4653 at
1415 4601 1776 4655 resurrexisse
1821 4613 2098 4670 pernegat.
2130 4603 2233 4658 Sed
2282 4613 2392 4659 tum

831 4689 1063 4744 demum
1082 4699 1525 4744 resurrecturum
1550 4691 1765 4754 asserit,
1789 4706 1912 4745 cum
1941 4694 2270 4751 universalis
2304 4697 2392 4752 illa

829 4783 1168 4836 resurrectio
1198 4782 1307 4836 Iiet.

1115 4896 1383 4950 llwreseos
1423 4900 1757 4964 pramedentis
1797 4904 2102 4971 eonfutatio.

900 5006 1269 5063 Suﬂiciebant
1312 5009 1686 5078 impurissimo
1737 5012 2000 5068 Cerintho
2057 5014 2121 5068 ad
2156 5015 2393 5083 proprias

834 5099 1100 5153 vanitatis
1156 5109 1213 5154 et
1285 5100 1582 5171 impietatis
1632 5104 2086 5168 confutationem,
2149 5121 2257 5160 non
2291 5122 2391 5166 .ea

832 5190 1015 5243 solum
1064 5190 1346 5259 quibusin
1406 5194 1685 5249 Christum
1734 5196 2148 5265 blasphematus
2189 5197 2387 5262 fuerat,

837 5295 1029 5332 verum
1080 5283 1245 5335 etiam
1286 5283 1415 5352 quia
1469 5285 1622 5338 illum
1676 5285 1977 5356 discipulus
2023 5297 2389 5356 cognomento

832 5370 1148 5441 Tlieologus
1164 5375 1546 5440 aversabatur,
1567 5386 1619 5431 et
1638 5392 1808 5447 usque
1828 5376 2303 5449 adeojrefugiebat,
2330 5386 2391 5432 ut

971 5486 1399 5559 ”¥_Act.xx._10.
1472 5492 1515 5522 "
1542 5492 1734 5545 Matth.
1774 5508 1856 5551 III.
1908 5494 2009 5559 II;
2042 5494 2163 5549 Act.
2221 5510 2260 5559 t,
2321 5494 2373 5547 5.

838 5570 973 5631 xvii.
1008 5557 1097 5609 '50.
1124 5558 1245 5631 AA"
1270 5557 1478 5631 coloss.
1512 5575 1550 5617 t.
1579 5562 1666 5615 t8.
1742 5564 1788 5595 "
1820 5564 1973 5619 Joau.
1998 5557 2003 5559 ⁷
2031 5579 2119 5631 xx,
2154 5564 2240 5619 £9.

844 5625 970 5677 (Zur.
1000 5642 1088 5688 xv,
1119 5626 1209 5680 20.
1321 5630 1335 5659 ⁸
1368 5627 1505 5681 Ibid.
1555 5632 1739 5686 51-55.

912 5733 1022 5796 liii)
1055 5734 1209 5789 Forte
1253 5736 1517 5803 lqna'ius.

2318 5565 2360 5595 "
2388 5563 2552 5620 Marc.
2578 5580 2687 5631 xw,
2721 5564 2819 5629 I9;
2858 5563 2990 5617 Luc.
3023 5562 3172 5627 xxiv,
3195 5562 3282 5617 50.

2498 1924 2753 1986 habeant,
2814 1925 2947 1979 nihil
3001 1925 3314 1994 spititttale,
3374 1925 3509 1977 nihil
3536 1924 3677 1993 quod
3728 1924 4071 1976 diviniorein

2497 2014 2648 2067 illam
2686 2015 3055 2067 conditionem
3115 2014 3385 2078 redoleat,
3428 2014 3562 2066 nihil
3617 2013 3875 2081 denique
3908 2029 3940 2064 a
3969 2027 4079 2064 ter-

2498 2119 2627 2155 rena
2652 2103 2966 2157 conditione
2995 2103 3255 2165 alienum,
3282 2119 3401 2172 qua:
3423 2103 3794 2170 corporalium
3820 2113 4076 2154 motuum

2498 2195 2831 2248 excitatione
2858 2203 3097 2258 constat,
3125 2194 3383 2246 habitura
3419 2194 3533 2247 sit?

2566 2282 2720 2347 Quod
2773 2284 2817 2336 si
2854 2283 3091 2335 nondum
3145 2283 3399 2337 Christus
3438 2282 3761 2343 resurrexit,
3791 2286 4079 2350 quomodo

2498 2376 2869 2443 primogenitus
2901 2389 2965 2426 ea:
3008 2376 3223 2427 mortuis
3260 2375 3467 2428 dicitur
3493 2375 3587 2427 ⁸⁸7
3615 2373 3751 2439 Quis
3786 2375 3925 2427 item
3964 2375 4078 2437 ille,

2501 2463 2593 2532 qtti
2630 2463 2917 2533 discipulis
2936 2466 3213 2532 apparuit,
3256 2464 3323 2517 ab
3358 2464 3550 2517 iisdem
3586 2464 3850 2532 palpatus
3874 2475 3964 2517 est
4012 2468 4075 2527 ",

2500 2565 2555 2609 et
2595 2555 2811 2609 tandem
2848 2570 2973 2610 cum
3012 2570 3243 2623 corpore
3271 2556 3325 2607 in
3357 2555 3525 2608 CtBIOS
3559 2555 3813 2607 ascendit
3836 2557 3882 2586 "
3910 2556 3935 2607 2

2584 2646 2759 2701 Unam
2799 2662 2967 2716 porro
3023 2654 3367 2699 mortuorum
3424 2645 3903 2699 resurrectionem
3956 2662 4076 2699 esse

2503 2737 2739 2791 futuratn
2815 2738 2999 2791 divina
3066 2745 3334 2791 testantur
3396 2735 3647 2799 Oracula,
3726 2752 3857 2806 qua:
3939 2755 4080 2791 nunc

2503 2830 2729 2897 quidem
2782 2827 3064 2882 Christum
3123 2828 3209 2880 his
3264 2835 3508 2881 utentem
3567 2827 3753 2880 verbis
3822 2828 4080 2881 introdu-

2502 2928 2634 2974 cunt
2663 2938 2674 2972 :
2711 2920 2815 2974 Sed
2843 2920 3009 2973 veniet
3033 2922 3163 2973 hora
3214 2930 3262 2973 et
3292 2937 3429 2975 nunc
3453 2930 3528 2973 est
3549 2960 3563 2983 ,
3603 2936 3719 2973 cum
3754 2923 3959 2972 mortui
3988 2940 4078 2973 au-

2502 3012 2643 3064 dient
2688 3028 2859 3065 vocem
2893 3010 3020 3064 Filii
3044 3013 3275 3066 hominis
3305 3028 3322 3065 :
3353 3023 3402 3064 et
3454 3029 3631 3065 omnes
3662 3014 3751 3080 qui
3782 3015 4075 3076 audierint,

2505 3103 2864 3172 resttrgent";
2893 3119 3037 3157 nunc
3067 3119 3195 3157 vero
3227 3103 3681 3173 forumjudlciale
3712 3107 4072 3172 pandentem,

2505 3203 2564 3247 ut
2588 3195 2766 3261 justos
2800 3194 2868 3245 ab
2901 3193 3120 3262 injustis
3152 3202 3405 3247 secernat
3447 3193 3945 3263 (quemadmodum
3979 3210 4070 3260 pa-

2504 3292 2617 3336 stor
2642 3298 2857 3351 quoque
2900 3298 3033 3337 oves
3062 3284 3129 3335 ab
3156 3284 3328 3337 hircis
3376 3290 3649 3352 segregat)
3687 3293 3861 3351 atque
3914 3285 4015 3337 hos
4046 3299 4071 3333 a

2508 3376 2736 3438 dextris,
2768 3376 2888 3429 illos
2931 3391 3061 3430 vero
3109 3391 3139 3429 a
3179 3377 3420 3429 sinistris
3453 3384 3700 3430 statuat:
3757 3388 3933 3445 atque
3983 3378 4067 3430 his

2503 3466 2727 3534 quidem
2756 3482 2982 3535 regnum
3017 3474 3142 3519 ante
3196 3466 3653 3520 constitutionem
3702 3467 3906 3521 mundi
3943 3483 4077 3535 pr:-

2502 3569 2751 3625 paratum
2812 3557 3104 3626 largiatur,
3151 3555 3273 3610 illos
3308 3572 3440 3610 vero
3465 3557 3519 3609 in
3568 3557 3748 3625 ignem
3782 3556 4066 3618 demittat,

2512 3648 2606 3717 qui
2639 3647 2861 3700 diabolo
2894 3656 3231 3713 przeparatus
3259 3655 3360 3698 est.

2570 3738 2712 3805 Quin
2769 3745 2830 3790 et
2884 3736 3087 3789 Christi
3148 3753 3326 3806 prteco
3353 3735 3551 3790 Paulus
3612 3736 3677 3788 ad
3742 3736 4069 3791 Corinthios

2503 3831 2575 3883 ita
2602 3830 2794 3884 scribit
2832 3847 2843 3881 :
2883 3829 3121 3883 Christus
3149 3848 3179 3882 α
3221 3831 3438 3883 mortuis
3491 3833 3778 3884 resurrexit
3822 3834 4074 3901 primitiis

2500 3923 2871 3975 dormientium
2905 3920 2974 3973 ".
3038 3920 3102 3973 Et
3161 3921 3321 3990 paulo
3375 3930 3533 3988 post:
3573 3920 3709 3974 Ecce
3765 3926 4074 3991 mysterium

2498 4014 2611 4066 dico
2637 4014 2796 4077 vobis,
2827 4029 3004 4066 omnes
3028 4010 3232 4081 quidem
3269 4027 3615 4082 resurgentus,
3646 4014 3739 4064 sed
3764 4031 3874 4065 non
3900 4032 4072 4067 omnes

2497 4107 2924 4170 immutabimur;
2963 4107 3018 4159 in
3052 4113 3330 4168 momento,
3360 4105 3414 4157 in
3447 4108 3553 4158 ictu
3606 4106 3769 4167 oculi,
3810 4107 3867 4157 in
3902 4110 4072 4159 noris-

2496 4200 2629 4252 sima
2664 4198 2806 4252 tuba.
2852 4194 2992 4250 Nam
3025 4198 3146 4250 tuba
3177 4206 3352 4257 canet,
3376 4205 3425 4249 et
3453 4198 3653 4249 mortui
3684 4210 3963 4269 resurgent
3994 4202 4069 4249 iu-

2499 4288 2751 4356 corrupti,
2791 4296 2839 4340 et
2865 4303 2955 4339 nos
2986 4287 3400 4341 immutabimur.
3436 4284 3652 4356 Oportet
3677 4290 3822 4341 enim
3891 4306 4070 4341 corru-

2495 4380 2674 4448 ptibile
2701 4383 2793 4434 hoc
2826 4380 3041 4433 induere
3064 4380 3505 4448 incorruptionem
3535 4381 3572 4433 ¹.

2431 4474 2471 4527 D
2572 4472 2809 4525 Proinde
2860 4471 3022 4525 abeat
3083 4471 3139 4525 in
3192 4472 3389 4525 malam
3443 4486 3667 4526 crucem
3726 4472 4063 4534 Cerinthus.

2502 4564 2598 4631 qui
2628 4579 2693 4617 ea
2726 4571 2937 4617 tantum
2966 4570 3268 4627 scrutatur,
3334 4578 3455 4630 qua:
3483 4563 3537 4615 in
3570 4572 3694 4616 cute
3752 4574 3808 4617 et
3843 4566 4065 4633 superﬁ-

2499 4656 2582 4708 cie
2628 4665 2915 4723 apparent,
2945 4669 3048 4708 nec
3081 4653 3149 4706 ab
3181 4655 3271 4714 iis,
3310 4668 3431 4721 quae
3455 4654 3547 4707 hic
3581 4664 3739 4715 sunt,
3776 4670 3844 4708 ea
3897 4657 4056 4724 quid-

2493 4760 2656 4813 quam
2689 4745 2919 4799 diﬂ‘erre
2953 4753 3130 4814 putat,
3172 4759 3293 4805 qua:
3319 4743 3430 4797 illic
3459 4759 3578 4798 esse
3607 4744 3888 4797 feruntur.

3013 4875 3163 4930 CAP.
3198 4874 3481 4930 XXXVIII.

2503 4988 2786 5042 Tricesima
2821 4998 3003 5041 octava
3030 4990 3263 5051 ha'resis,
3308 4988 3620 5042 Ecetaram.
3661 4988 3735 5043 Hi
3765 5004 4054 5060 unguntur.

2569 5102 2744 5155 Ecetm
2774 5100 3025 5155 monachi
3053 5108 3201 5165 sunt,
3242 5101 3340 5170 qni
3389 5102 3605 5155 caeteris
3634 5102 3686 5155 in
3724 5104 3900 5157 rebus
3941 5120 4054 5158 cum

2498 5192 2771 5246 universis
2796 5192 3127 5246 Christianis
3167 5199 3316 5245 recte
3348 5192 3655 5246 sentientes
3693 5194 3750 5247 in
3793 5195 3903 5248 hoc
3935 5205 4044 5247 tari-

2498 5294 2609 5339 tum
2629 5286 2976 5349 dissentiunt,
3009 5284 3152 5354 quod
3174 5299 3296 5338 eum
3318 5284 3537 5339 feminis
3557 5296 3613 5339 et
3646 5288 3985 5341 monialibus
4010 5290 4053 5339 in

2505 5377 2842 5431 monasteria
2920 5376 3296 5440 conveniant,
3350 5376 3540 5445 ibique
3614 5391 3740 5430 cum
3820 5379 4051 5447 quadam

3793 5494 3842 5523 “
3870 5492 4051 5553 Slatth.

3963 5561 4052 5611 "I

3194 5494 3238 5523 ”
3263 5493 3419 5548 Joan.
3446 5491 3678 5550 xttt.‘25.

2493 5493 2539 5527 η
2561 5494 2683 5548 Act.
2706 5510 2818 5555 xxi,
2848 5493 2917 5547 26
2941 5510 3095 5563 seqq.
3194 5494 3238 5523 ”
3263 5493 3419 5548 Joan.
3446 5507 3569 5550 xttt.
3588 5493 3678 5545 εδ.
3793 5494 3833 5523 ’⁸

2493 5579 2552 5620 'c.
2578 5580 2687 5623 xw.
2721 5564 2819 5623 I9;
2858 5563 2990 5617 Luc.
3026 5578 3172 5623 xxiv,
3195 5562 3282 5617 50.
3392 5562 3437 5593 ’⁸
3467 5561 3627 5616 Joan.
3656 5578 3710 5623 v,
3740 5562 3833 5615 εδ.
