  <div class='ocr_page' id='page_1' title='image "/cluster/home/n/w/nwhite01/storage/ocr_20150623/139/nnc1.0046979840/688.png"; bbox 0 0 4288 6372; ppageno 0'>
   <div class='ocr_carea' id='block_1_1' title="bbox 300 417 438 484">
    <p class='ocr_par' dir='ltr' id='par_1_1' title="bbox 300 417 438 484">
     <span class='ocr_line' id='line_1_1' title="bbox 300 417 438 484; baseline -0.007 0"><span class='ocrx_word' id='word_1_1' title='bbox 300 417 438 484; x_wconf 72' lang='grc'><strong>1341</strong></span> 
     </span>
    </p>
   </div>
   <div class='ocr_carea' id='block_1_2' title="bbox 1535 425 2262 488">
    <p class='ocr_par' dir='ltr' id='par_1_2' title="bbox 1535 425 2262 488">
     <span class='ocr_line' id='line_1_2' title="bbox 1535 425 2262 488; baseline 0.006 -4"><span class='ocrx_word' id='word_1_2' title='bbox 1535 425 1930 488; x_wconf 79' lang='lat' dir='ltr'><strong>THESAURI</strong></span> <span class='ocrx_word' id='word_1_3' title='bbox 1975 427 2124 488; x_wconf 88' lang='lat' dir='ltr'><strong>LIB.</strong></span> <span class='ocrx_word' id='word_1_4' title='bbox 2165 427 2262 488; x_wconf 83' lang='lat' dir='ltr'><strong>IV.</strong></span> 
     </span>
    </p>
   </div>
   <div class='ocr_carea' id='block_1_3' title="bbox 3383 425 3520 491">
    <p class='ocr_par' dir='ltr' id='par_1_3' title="bbox 3383 425 3520 491">
     <span class='ocr_line' id='line_1_3' title="bbox 3383 425 3520 491; baseline 0.029 -4"><span class='ocrx_word' id='word_1_5' title='bbox 3383 425 3520 491; x_wconf 71' lang='grc'><strong>1362</strong></span> 
     </span>
    </p>
   </div>
   <div class='ocr_carea' id='block_1_4' title="bbox 284 531 3519 609">
    <p class='ocr_par' dir='ltr' id='par_1_4' title="bbox 284 531 3519 609">
     <span class='ocr_line' id='line_1_4' title="bbox 284 531 3519 609; baseline 0.002 -21"><span class='ocrx_word' id='word_1_6' title='bbox 284 533 491 589; x_wconf 86' lang='lat' dir='ltr'><strong>chorea</strong></span> <span class='ocrx_word' id='word_1_7' title='bbox 523 540 580 587; x_wconf 86' lang='lat' dir='ltr'><strong>et</strong></span> <span class='ocrx_word' id='word_1_8' title='bbox 613 531 907 585; x_wconf 89' lang='lat' dir='ltr'><strong>saltatione</strong></span> <span class='ocrx_word' id='word_1_9' title='bbox 950 531 1119 586; x_wconf 89' lang='lat' dir='ltr'><strong>Deum</strong></span> <span class='ocrx_word' id='word_1_10' title='bbox 1165 531 1383 602; x_wconf 81' lang='lat' dir='ltr'><strong>hymnis</strong></span> <span class='ocrx_word' id='word_1_11' title='bbox 1412 541 1466 586; x_wconf 86' lang='lat' dir='ltr'><strong>et</strong></span> <span class='ocrx_word' id='word_1_12' title='bbox 1496 535 1726 589; x_wconf 87' lang='lat' dir='ltr'><strong>canticis</strong></span> <span class='ocrx_word' id='word_1_13' title='bbox 1769 552 1857 590; x_wconf 87' lang='lat' dir='ltr'><strong>ce-</strong></span> <span class='ocrx_word' id='word_1_14' title='bbox 1881 536 1930 595; x_wconf 75' lang='grc' dir='ltr'><strong>Α</strong></span> <span class='ocrx_word' id='word_1_15' title='bbox 1959 553 2321 607; x_wconf 61' lang='lat' dir='ltr'><strong>quacumque</strong></span> <span class='ocrx_word' id='word_1_16' title='bbox 2371 537 2439 592; x_wconf 89' lang='lat' dir='ltr'><strong>de</strong></span> <span class='ocrx_word' id='word_1_17' title='bbox 2492 537 2706 609; x_wconf 88' lang='lat' dir='ltr'><strong>judicio</strong></span> <span class='ocrx_word' id='word_1_18' title='bbox 2747 538 2932 593; x_wconf 89' lang='lat' dir='ltr'><strong>futuro</strong></span> <span class='ocrx_word' id='word_1_19' title='bbox 2964 547 3014 592; x_wconf 87' lang='lat' dir='ltr'><strong>et</strong></span> <span class='ocrx_word' id='word_1_20' title='bbox 3076 538 3519 596; x_wconf 85' lang='lat' dir='ltr'><strong>decantatissima</strong></span> 
     </span>
    </p>
   </div>
   <div class='ocr_carea' id='block_1_5' title="bbox 294 623 1849 691">
    <p class='ocr_par' dir='ltr' id='par_1_5' title="bbox 294 623 1849 691">
     <span class='ocr_line' id='line_1_5' title="bbox 294 623 1849 691; baseline 0.001 -13"><span class='ocrx_word' id='word_1_21' title='bbox 294 627 569 682; x_wconf 86' lang='lat' dir='ltr'><strong>lebrent_:</strong></span> <span class='ocrx_word' id='word_1_22' title='bbox 599 623 668 676; x_wconf 89' lang='lat' dir='ltr'><strong>ad</strong></span> <span class='ocrx_word' id='word_1_23' title='bbox 718 623 866 677; x_wconf 92' lang='lat' dir='ltr'><strong>illius</strong></span> <span class='ocrx_word' id='word_1_24' title='bbox 905 623 1166 675; x_wconf 84' lang='lat' dir='ltr'><strong>nimirum</strong></span> <span class='ocrx_word' id='word_1_25' title='bbox 1198 625 1411 678; x_wconf 73' lang='lat' dir='ltr'><strong>chorea:</strong></span> <span class='ocrx_word' id='word_1_26' title='bbox 1463 627 1849 691; x_wconf 89' lang='lat' dir='ltr'><strong>imitationem,</strong></span> 
     </span>
    </p>
   </div>
   <div class='ocr_carea' id='block_1_6' title="bbox 292 717 1854 792">
    <p class='ocr_par' dir='ltr' id='par_1_6' title="bbox 292 717 1854 792">
     <span class='ocr_line' id='line_1_6' title="bbox 292 717 1854 792; baseline 0.002 -20"><span class='ocrx_word' id='word_1_27' title='bbox 292 735 456 788; x_wconf 87' lang='lat' dir='ltr'><strong>quam</strong></span> <span class='ocrx_word' id='word_1_28' title='bbox 509 720 630 772; x_wconf 84' lang='lat' dir='ltr'><strong>sinu</strong></span> <span class='ocrx_word' id='word_1_29' title='bbox 672 719 839 771; x_wconf 90' lang='lat' dir='ltr'><strong>maris</strong></span> <span class='ocrx_word' id='word_1_30' title='bbox 858 717 1032 772; x_wconf 85' lang='lat' dir='ltr'><strong>Rubri</strong></span> <span class='ocrx_word' id='word_1_31' title='bbox 1058 720 1308 789; x_wconf 89' lang='lat' dir='ltr'><strong>trajecta,</strong></span> <span class='ocrx_word' id='word_1_32' title='bbox 1337 719 1514 776; x_wconf 81' lang='lat' dir='ltr'><strong>Moses</strong></span> <span class='ocrx_word' id='word_1_33' title='bbox 1540 732 1592 775; x_wconf 88' lang='lat' dir='ltr'><strong>et</strong></span> <span class='ocrx_word' id='word_1_34' title='bbox 1625 724 1743 792; x_wconf 84' lang='lat' dir='ltr'><strong>ejus</strong></span> <span class='ocrx_word' id='word_1_35' title='bbox 1764 738 1854 775; x_wconf 91' lang='lat' dir='ltr'><strong>so-</strong></span> 
     </span>
    </p>
   </div>
   <div class='ocr_carea' id='block_1_7' title="bbox 294 810 1010 864">
    <p class='ocr_par' dir='ltr' id='par_1_7' title="bbox 294 810 1010 864">
     <span class='ocr_line' id='line_1_7' title="bbox 294 810 1010 864; baseline -0.001 0"><span class='ocrx_word' id='word_1_36' title='bbox 294 827 384 863; x_wconf 92' lang='lat' dir='ltr'><strong>ror</strong></span> <span class='ocrx_word' id='word_1_37' title='bbox 423 811 586 864; x_wconf 75' lang='lat' dir='ltr'><strong>Maria</strong></span> <span class='ocrx_word' id='word_1_38' title='bbox 625 810 1010 863; x_wconf 83' lang='lat' dir='ltr'><strong>instituerunt.</strong></span> 
     </span>
    </p>
   </div>
   <div class='ocr_carea' id='block_1_8' title="bbox 572 921 1574 990">
    <p class='ocr_par' dir='ltr' id='par_1_8' title="bbox 572 921 1574 990">
     <span class='ocr_line' id='line_1_8' title="bbox 572 921 1574 990; baseline 0.003 -16"><span class='ocrx_word' id='word_1_39' title='bbox 572 921 845 974; x_wconf 78' lang='lat' dir='ltr'><strong>Ilwreseas</strong></span> <span class='ocrx_word' id='word_1_40' title='bbox 893 922 1229 990; x_wconf 76' lang='lat' dir='ltr'><strong>prwcedeulis</strong></span> <span class='ocrx_word' id='word_1_41' title='bbox 1263 924 1574 990; x_wconf 73' lang='lat' dir='ltr'><strong>confatalia.</strong></span> 
     </span>
    </p>
   </div>
   <div class='ocr_carea' id='block_1_9' title="bbox 364 1033 1852 1104">
    <p class='ocr_par' dir='ltr' id='par_1_9' title="bbox 364 1033 1852 1104">
     <span class='ocr_line' id='line_1_9' title="bbox 364 1033 1852 1104; baseline 0.006 -21"><span class='ocrx_word' id='word_1_42' title='bbox 364 1033 546 1086; x_wconf 73' lang='lat' dir='ltr'><strong>Vetera</strong></span> <span class='ocrx_word' id='word_1_43' title='bbox 570 1035 960 1099; x_wconf 69' lang='lat' dir='ltr'><strong>prtrlerierunt,</strong></span> <span class='ocrx_word' id='word_1_44' title='bbox 992 1051 1103 1086; x_wconf 69' lang='lat' dir='ltr'><strong>ecce</strong></span> <span class='ocrx_word' id='word_1_45' title='bbox 1127 1051 1256 1086; x_wconf 77' lang='lat' dir='ltr'><strong>nat-a</strong></span> <span class='ocrx_word' id='word_1_46' title='bbox 1293 1036 1434 1103; x_wconf 82' lang='lat' dir='ltr'><strong>facta</strong></span> <span class='ocrx_word' id='word_1_47' title='bbox 1459 1049 1577 1090; x_wconf 86' lang='lat' dir='ltr'><strong>sunt</strong></span> <span class='ocrx_word' id='word_1_48' title='bbox 1610 1043 1785 1093; x_wconf 83' lang='lat' dir='ltr'><strong>omnia</strong></span> <span class='ocrx_word' id='word_1_49' title='bbox 1810 1044 1852 1104; x_wconf 77' lang='lat'><strong>&#39;,</strong></span> 
     </span>
    </p>
   </div>
   <div class='ocr_carea' id='block_1_10' title="bbox 291 1123 1852 1193">
    <p class='ocr_par' dir='ltr' id='par_1_10' title="bbox 291 1123 1852 1193">
     <span class='ocr_line' id='line_1_10' title="bbox 291 1123 1852 1193; baseline 0.006 -17"><span class='ocrx_word' id='word_1_50' title='bbox 291 1126 584 1192; x_wconf 67' lang='lat' dir='ltr'><strong>litteraque</strong></span> <span class='ocrx_word' id='word_1_51' title='bbox 633 1123 910 1178; x_wconf 77' lang='lat' dir='ltr'><strong>decedens</strong></span> <span class='ocrx_word' id='word_1_52' title='bbox 963 1126 1218 1193; x_wconf 84' lang='lat' dir='ltr'><strong>spiritum</strong></span> <span class='ocrx_word' id='word_1_53' title='bbox 1288 1127 1542 1182; x_wconf 89' lang='lat' dir='ltr'><strong>libertate</strong></span> <span class='ocrx_word' id='word_1_54' title='bbox 1606 1131 1852 1186; x_wconf 84' lang='lat' dir='ltr'><strong>donavit.</strong></span> 
     </span>
    </p>
   </div>
   <div class='ocr_carea' id='block_1_11' title="bbox 293 1213 1857 1287">
    <p class='ocr_par' dir='ltr' id='par_1_11' title="bbox 293 1213 1857 1287">
     <span class='ocr_line' id='line_1_11' title="bbox 293 1213 1857 1287; baseline 0.006 -19"><span class='ocrx_word' id='word_1_55' title='bbox 293 1213 482 1282; x_wconf 85' lang='lat' dir='ltr'><strong>Itaque</strong></span> <span class='ocrx_word' id='word_1_56' title='bbox 533 1230 640 1267; x_wconf 88' lang='lat' dir='ltr'><strong>non</strong></span> <span class='ocrx_word' id='word_1_57' title='bbox 685 1215 797 1283; x_wconf 89' lang='lat' dir='ltr'><strong>jam</strong></span> <span class='ocrx_word' id='word_1_58' title='bbox 859 1215 1040 1278; x_wconf 84' lang='lat' dir='ltr'><strong>nobis,</strong></span> <span class='ocrx_word' id='word_1_59' title='bbox 1092 1216 1184 1282; x_wconf 91' lang='lat' dir='ltr'><strong>qui</strong></span> <span class='ocrx_word' id='word_1_60' title='bbox 1229 1217 1424 1284; x_wconf 84' lang='lat' dir='ltr'><strong>spiritu</strong></span> <span class='ocrx_word' id='word_1_61' title='bbox 1482 1221 1715 1287; x_wconf 79' lang='lat' dir='ltr'><strong>agimur,</strong></span> <span class='ocrx_word' id='word_1_62' title='bbox 1762 1231 1857 1277; x_wconf 89' lang='lat' dir='ltr'><strong>aut</strong></span> 
     </span>
    </p>
   </div>
   <div class='ocr_carea' id='block_1_12' title="bbox 292 1304 1852 1367">
    <p class='ocr_par' dir='ltr' id='par_1_12' title="bbox 292 1304 1852 1367">
     <span class='ocr_line' id='line_1_12' title="bbox 292 1304 1852 1367; baseline 0.004 -9"><span class='ocrx_word' id='word_1_63' title='bbox 292 1305 448 1358; x_wconf 90' lang='lat' dir='ltr'><strong>chori</strong></span> <span class='ocrx_word' id='word_1_64' title='bbox 495 1304 866 1367; x_wconf 77' lang='lat' dir='ltr'><strong>instaurandi,</strong></span> <span class='ocrx_word' id='word_1_65' title='bbox 911 1313 1007 1358; x_wconf 90' lang='lat' dir='ltr'><strong>aut</strong></span> <span class='ocrx_word' id='word_1_66' title='bbox 1067 1308 1282 1358; x_wconf 87' lang='lat' dir='ltr'><strong>cantica</strong></span> <span class='ocrx_word' id='word_1_67' title='bbox 1316 1307 1658 1361; x_wconf 84' lang='lat' dir='ltr'><strong>concinenda</strong></span> <span class='ocrx_word' id='word_1_68' title='bbox 1690 1320 1852 1364; x_wconf 91' lang='lat' dir='ltr'><strong>sunt:</strong></span> 
     </span>
    </p>
   </div>
   <div class='ocr_carea' id='block_1_13' title="bbox 291 1395 1859 1470">
    <p class='ocr_par' dir='ltr' id='par_1_13' title="bbox 291 1395 1859 1470">
     <span class='ocr_line' id='line_1_13' title="bbox 291 1395 1859 1470; baseline 0.005 -23"><span class='ocrx_word' id='word_1_69' title='bbox 291 1397 388 1448; x_wconf 85' lang='lat' dir='ltr'><strong>sed</strong></span> <span class='ocrx_word' id='word_1_70' title='bbox 437 1395 618 1464; x_wconf 82' lang='lat' dir='ltr'><strong>potius</strong></span> <span class='ocrx_word' id='word_1_71' title='bbox 651 1397 819 1450; x_wconf 85' lang='lat' dir='ltr'><strong>Deum</strong></span> <span class='ocrx_word' id='word_1_72' title='bbox 852 1397 1018 1451; x_wconf 86' lang='lat' dir='ltr'><strong>corde</strong></span> <span class='ocrx_word' id='word_1_73' title='bbox 1069 1398 1344 1462; x_wconf 78' lang='lat' dir='ltr'><strong>confiteri,</strong></span> <span class='ocrx_word' id='word_1_74' title='bbox 1387 1401 1614 1468; x_wconf 83' lang='lat' dir='ltr'><strong>ejusque</strong></span> <span class='ocrx_word' id='word_1_75' title='bbox 1651 1403 1859 1470; x_wconf 87' lang='lat' dir='ltr'><strong>magni-</strong></span> 
     </span>
    </p>
   </div>
   <div class='ocr_carea' id='block_1_14' title="bbox 295 1488 1859 1559">
    <p class='ocr_par' dir='ltr' id='par_1_14' title="bbox 295 1488 1859 1559">
     <span class='ocr_line' id='line_1_14' title="bbox 295 1488 1859 1559; baseline 0.005 -23"><span class='ocrx_word' id='word_1_76' title='bbox 295 1488 391 1539; x_wconf 83' lang='lat' dir='ltr'><strong>liea</strong></span> <span class='ocrx_word' id='word_1_77' title='bbox 419 1502 585 1555; x_wconf 82' lang='lat' dir='ltr'><strong>opera</strong></span> <span class='ocrx_word' id='word_1_78' title='bbox 612 1503 707 1540; x_wconf 88' lang='lat' dir='ltr'><strong>ore</strong></span> <span class='ocrx_word' id='word_1_79' title='bbox 758 1502 973 1546; x_wconf 87' lang='lat' dir='ltr'><strong>canere.</strong></span> <span class='ocrx_word' id='word_1_80' title='bbox 1020 1497 1226 1542; x_wconf 85' lang='lat' dir='ltr'><strong>stantes</strong></span> <span class='ocrx_word' id='word_1_81' title='bbox 1251 1489 1302 1541; x_wconf 94' lang='lat' dir='ltr'><strong>in</strong></span> <span class='ocrx_word' id='word_1_82' title='bbox 1351 1491 1585 1559; x_wconf 89' lang='lat' dir='ltr'><strong>templis</strong></span> <span class='ocrx_word' id='word_1_83' title='bbox 1628 1507 1752 1544; x_wconf 92' lang='lat' dir='ltr'><strong>cum</strong></span> <span class='ocrx_word' id='word_1_84' title='bbox 1793 1493 1859 1544; x_wconf 88' lang='lat' dir='ltr'><strong>ti-</strong></span> 
     </span>
    </p>
   </div>
   <div class='ocr_carea' id='block_1_15' title="bbox 293 1578 1859 1646">
    <p class='ocr_par' dir='ltr' id='par_1_15' title="bbox 293 1578 1859 1646">
     <span class='ocr_line' id='line_1_15' title="bbox 293 1578 1859 1646; baseline 0.004 -18"><span class='ocrx_word' id='word_1_85' title='bbox 293 1592 444 1630; x_wconf 89' lang='lat' dir='ltr'><strong>more</strong></span> <span class='ocrx_word' id='word_1_86' title='bbox 473 1589 526 1630; x_wconf 92' lang='lat' dir='ltr'><strong>et</strong></span> <span class='ocrx_word' id='word_1_87' title='bbox 556 1578 744 1630; x_wconf 90' lang='lat' dir='ltr'><strong>habitu</strong></span> <span class='ocrx_word' id='word_1_88' title='bbox 778 1579 1054 1646; x_wconf 79' lang='lat' dir='ltr'><strong>religionis</strong></span> <span class='ocrx_word' id='word_1_89' title='bbox 1089 1579 1295 1642; x_wconf 87' lang='lat' dir='ltr'><strong>indice,</strong></span> <span class='ocrx_word' id='word_1_90' title='bbox 1340 1596 1440 1633; x_wconf 89' lang='lat' dir='ltr'><strong>nos</strong></span> <span class='ocrx_word' id='word_1_91' title='bbox 1469 1581 1722 1634; x_wconf 82' lang='lat' dir='ltr'><strong>addecet.</strong></span> <span class='ocrx_word' id='word_1_92' title='bbox 1759 1581 1859 1635; x_wconf 84' lang='lat' dir='ltr'><strong>Ne-</strong></span> 
     </span>
    </p>
   </div>
   <div class='ocr_carea' id='block_1_16' title="bbox 293 1669 1856 1740">
    <p class='ocr_par' dir='ltr' id='par_1_16' title="bbox 293 1669 1856 1740">
     <span class='ocr_line' id='line_1_16' title="bbox 293 1669 1856 1740; baseline 0.004 -22"><span class='ocrx_word' id='word_1_93' title='bbox 293 1684 420 1736; x_wconf 81' lang='lat' dir='ltr'><strong>gare</strong></span> <span class='ocrx_word' id='word_1_94' title='bbox 462 1669 642 1723; x_wconf 91' lang='lat' dir='ltr'><strong>obiter</strong></span> <span class='ocrx_word' id='word_1_95' title='bbox 685 1685 981 1736; x_wconf 86' lang='lat' dir='ltr'><strong>possumus</strong></span> <span class='ocrx_word' id='word_1_96' title='bbox 1009 1670 1244 1723; x_wconf 80' lang='lat' dir='ltr'><strong>feminas</strong></span> <span class='ocrx_word' id='word_1_97' title='bbox 1295 1680 1419 1739; x_wconf 91' lang='lat' dir='ltr'><strong>post</strong></span> <span class='ocrx_word' id='word_1_98' title='bbox 1473 1670 1856 1740; x_wconf 61' lang='lat' dir='ltr'><strong>Egyptiorum</strong></span> 
     </span>
    </p>
   </div>
   <div class='ocr_carea' id='block_1_17' title="bbox 292 1759 1856 1828">
    <p class='ocr_par' dir='ltr' id='par_1_17' title="bbox 292 1759 1856 1828">
     <span class='ocr_line' id='line_1_17' title="bbox 292 1759 1856 1828; baseline 0.003 -18"><span class='ocrx_word' id='word_1_99' title='bbox 292 1760 730 1812; x_wconf 85' lang='lat' dir='ltr'><strong>submersionem</strong></span> <span class='ocrx_word' id='word_1_100' title='bbox 757 1759 892 1812; x_wconf 85' lang='lat' dir='ltr'><strong>viris</strong></span> <span class='ocrx_word' id='word_1_101' title='bbox 945 1761 1243 1828; x_wconf 85' lang='lat' dir='ltr'><strong>permistas</strong></span> <span class='ocrx_word' id='word_1_102' title='bbox 1299 1760 1602 1820; x_wconf 88' lang='lat' dir='ltr'><strong>saltavisse,</strong></span> <span class='ocrx_word' id='word_1_103' title='bbox 1641 1776 1856 1828; x_wconf 88' lang='lat' dir='ltr'><strong>unaque</strong></span> 
     </span>
    </p>
   </div>
   <div class='ocr_carea' id='block_1_18' title="bbox 296 1849 1930 1918">
    <p class='ocr_par' dir='ltr' id='par_1_18' title="bbox 296 1849 1930 1918">
     <span class='ocr_line' id='line_1_18' title="bbox 296 1849 1930 1918; baseline 0.001 -17"><span class='ocrx_word' id='word_1_104' title='bbox 296 1863 421 1901; x_wconf 88' lang='lat' dir='ltr'><strong>cum</strong></span> <span class='ocrx_word' id='word_1_105' title='bbox 461 1849 568 1901; x_wconf 85' lang='lat' dir='ltr'><strong>illis</strong></span> <span class='ocrx_word' id='word_1_106' title='bbox 622 1850 735 1902; x_wconf 89' lang='lat' dir='ltr'><strong>Deo</strong></span> <span class='ocrx_word' id='word_1_107' title='bbox 786 1849 987 1918; x_wconf 81' lang='lat' dir='ltr'><strong>gratias</strong></span> <span class='ocrx_word' id='word_1_108' title='bbox 1039 1851 1410 1905; x_wconf 80' lang='lat' dir='ltr'><strong>concinuisse.</strong></span> <span class='ocrx_word' id='word_1_109' title='bbox 1464 1852 1645 1906; x_wconf 80' lang='lat' dir='ltr'><strong>Mosen</strong></span> <span class='ocrx_word' id='word_1_110' title='bbox 1709 1851 1854 1904; x_wconf 89' lang='lat' dir='ltr'><strong>enim</strong></span> <span class='ocrx_word' id='word_1_111' title='bbox 1888 1855 1930 1912; x_wconf 78' lang='grc' dir='ltr'><strong>Β</strong></span> 
     </span>
    </p>
   </div>
   <div class='ocr_carea' id='block_1_19' title="bbox 293 1940 1858 2011">
    <p class='ocr_par' dir='ltr' id='par_1_19' title="bbox 293 1940 1858 2011">
     <span class='ocr_line' id='line_1_19' title="bbox 293 1940 1858 2011; baseline 0.002 -19"><span class='ocrx_word' id='word_1_112' title='bbox 293 1954 538 1992; x_wconf 90' lang='lat' dir='ltr'><strong>seorsum</strong></span> <span class='ocrx_word' id='word_1_113' title='bbox 601 1955 722 1993; x_wconf 92' lang='lat' dir='ltr'><strong>cum</strong></span> <span class='ocrx_word' id='word_1_114' title='bbox 783 1940 915 1994; x_wconf 87' lang='lat' dir='ltr'><strong>viris</strong></span> <span class='ocrx_word' id='word_1_115' title='bbox 967 1942 1242 1994; x_wconf 89' lang='lat' dir='ltr'><strong>canticum</strong></span> <span class='ocrx_word' id='word_1_116' title='bbox 1325 1942 1665 2011; x_wconf 84' lang='lat' dir='ltr'><strong>trajectionis</strong></span> <span class='ocrx_word' id='word_1_117' title='bbox 1717 1943 1858 1998; x_wconf 90' lang='lat' dir='ltr'><strong>ceci-</strong></span> 
     </span>
    </p>
   </div>
   <div class='ocr_carea' id='block_1_20' title="bbox 295 2032 1856 2102">
    <p class='ocr_par' dir='ltr' id='par_1_20' title="bbox 295 2032 1856 2102">
     <span class='ocr_line' id='line_1_20' title="bbox 295 2032 1856 2102; baseline 0.006 -21"><span class='ocrx_word' id='word_1_118' title='bbox 295 2032 461 2094; x_wconf 88' lang='lat' dir='ltr'><strong>nisse,</strong></span> <span class='ocrx_word' id='word_1_119' title='bbox 519 2047 765 2088; x_wconf 90' lang='lat' dir='ltr'><strong>sororem</strong></span> <span class='ocrx_word' id='word_1_120' title='bbox 829 2046 961 2086; x_wconf 85' lang='lat' dir='ltr'><strong>vero</strong></span> <span class='ocrx_word' id='word_1_121' title='bbox 1012 2033 1132 2102; x_wconf 86' lang='lat' dir='ltr'><strong>ejus</strong></span> <span class='ocrx_word' id='word_1_122' title='bbox 1195 2033 1418 2086; x_wconf 81' lang='lat' dir='ltr'><strong>Mariam</strong></span> <span class='ocrx_word' id='word_1_123' title='bbox 1464 2049 1586 2087; x_wconf 91' lang='lat' dir='ltr'><strong>cum</strong></span> <span class='ocrx_word' id='word_1_124' title='bbox 1642 2037 1856 2090; x_wconf 65' lang='lat' dir='ltr'><strong>caeteris</strong></span> 
     </span>
    </p>
   </div>
   <div class='ocr_carea' id='block_1_21' title="bbox 294 2120 1854 2182">
    <p class='ocr_par' dir='ltr' id='par_1_21' title="bbox 294 2120 1854 2182">
     <span class='ocr_line' id='line_1_21' title="bbox 294 2120 1854 2182; baseline 0.004 -8"><span class='ocrx_word' id='word_1_125' title='bbox 294 2120 514 2177; x_wconf 80' lang='lat' dir='ltr'><strong>feminis</strong></span> <span class='ocrx_word' id='word_1_126' title='bbox 567 2124 800 2178; x_wconf 80' lang='lat' dir='ltr'><strong>choreas</strong></span> <span class='ocrx_word' id='word_1_127' title='bbox 869 2126 1204 2180; x_wconf 88' lang='lat' dir='ltr'><strong>instaurasse</strong></span> <span class='ocrx_word' id='word_1_128' title='bbox 1279 2141 1411 2180; x_wconf 79' lang='lat' dir='ltr'><strong>vero</strong></span> <span class='ocrx_word' id='word_1_129' title='bbox 1457 2126 1694 2181; x_wconf 86' lang='lat' dir='ltr'><strong>similius</strong></span> <span class='ocrx_word' id='word_1_130' title='bbox 1753 2137 1854 2182; x_wconf 91' lang='lat' dir='ltr'><strong>est.</strong></span> 
     </span>
    </p>
   </div>
   <div class='ocr_carea' id='block_1_22' title="bbox 297 2216 1860 2289">
    <p class='ocr_par' dir='ltr' id='par_1_22' title="bbox 297 2216 1860 2289">
     <span class='ocr_line' id='line_1_22' title="bbox 297 2216 1860 2289; baseline 0.003 -21"><span class='ocrx_word' id='word_1_131' title='bbox 297 2216 374 2268; x_wconf 77' lang='lat' dir='ltr'><strong>Ex</strong></span> <span class='ocrx_word' id='word_1_132' title='bbox 404 2231 514 2286; x_wconf 94' lang='lat' dir='ltr'><strong>quo</strong></span> <span class='ocrx_word' id='word_1_133' title='bbox 553 2216 612 2271; x_wconf 83' lang='lat' dir='ltr'><strong>ﬁt</strong></span> <span class='ocrx_word' id='word_1_134' title='bbox 645 2227 704 2270; x_wconf 89' lang='lat' dir='ltr'><strong>ut</strong></span> <span class='ocrx_word' id='word_1_135' title='bbox 729 2234 849 2287; x_wconf 62' lang='lat' dir='ltr'><strong>quae</strong></span> <span class='ocrx_word' id='word_1_136' title='bbox 895 2220 962 2271; x_wconf 91' lang='lat' dir='ltr'><strong>ab</strong></span> <span class='ocrx_word' id='word_1_137' title='bbox 1003 2220 1184 2273; x_wconf 87' lang='lat' dir='ltr'><strong>Ecetis</strong></span> <span class='ocrx_word' id='word_1_138' title='bbox 1223 2220 1604 2287; x_wconf 85' lang='lat' dir='ltr'><strong>designantur,</strong></span> <span class='ocrx_word' id='word_1_139' title='bbox 1634 2231 1860 2289; x_wconf 69' lang='lat' dir='ltr'><strong>praeter-</strong></span> 
     </span>
    </p>
   </div>
   <div class='ocr_carea' id='block_1_23' title="bbox 293 2309 1857 2380">
    <p class='ocr_par' dir='ltr' id='par_1_23' title="bbox 293 2309 1857 2380">
     <span class='ocr_line' id='line_1_23' title="bbox 293 2309 1857 2380; baseline 0.006 -25"><span class='ocrx_word' id='word_1_140' title='bbox 293 2324 458 2374; x_wconf 80' lang='lat' dir='ltr'><strong>quam</strong></span> <span class='ocrx_word' id='word_1_141' title='bbox 477 2309 619 2377; x_wconf 90' lang='lat' dir='ltr'><strong>quod</strong></span> <span class='ocrx_word' id='word_1_142' title='bbox 649 2309 718 2362; x_wconf 89' lang='lat' dir='ltr'><strong>ab</strong></span> <span class='ocrx_word' id='word_1_143' title='bbox 751 2310 1039 2378; x_wconf 87' lang='lat' dir='ltr'><strong>iniquitate</strong></span> <span class='ocrx_word' id='word_1_144' title='bbox 1077 2311 1167 2363; x_wconf 91' lang='lat' dir='ltr'><strong>illa</strong></span> <span class='ocrx_word' id='word_1_145' title='bbox 1204 2310 1544 2380; x_wconf 89' lang='lat' dir='ltr'><strong>discrepent,</strong></span> <span class='ocrx_word' id='word_1_146' title='bbox 1573 2326 1601 2364; x_wconf 89' lang='lat' dir='ltr'><strong>a</strong></span> <span class='ocrx_word' id='word_1_147' title='bbox 1636 2320 1857 2364; x_wconf 89' lang='lat' dir='ltr'><strong>saneto-</strong></span> 
     </span>
    </p>
   </div>
   <div class='ocr_carea' id='block_1_24' title="bbox 295 2400 1858 2471">
    <p class='ocr_par' dir='ltr' id='par_1_24' title="bbox 295 2400 1858 2471">
     <span class='ocr_line' id='line_1_24' title="bbox 295 2400 1858 2471; baseline 0.003 -21"><span class='ocrx_word' id='word_1_148' title='bbox 295 2414 416 2452; x_wconf 90' lang='lat' dir='ltr'><strong>rum</strong></span> <span class='ocrx_word' id='word_1_149' title='bbox 461 2415 680 2468; x_wconf 91' lang='lat' dir='ltr'><strong>quoque</strong></span> <span class='ocrx_word' id='word_1_150' title='bbox 727 2400 947 2455; x_wconf 81' lang='lat' dir='ltr'><strong>Patrum</strong></span> <span class='ocrx_word' id='word_1_151' title='bbox 1009 2411 1064 2456; x_wconf 90' lang='lat' dir='ltr'><strong>et</strong></span> <span class='ocrx_word' id='word_1_152' title='bbox 1105 2417 1132 2455; x_wconf 91' lang='lat' dir='ltr'><strong>a</strong></span> <span class='ocrx_word' id='word_1_153' title='bbox 1169 2402 1374 2456; x_wconf 90' lang='lat' dir='ltr'><strong>nostris</strong></span> <span class='ocrx_word' id='word_1_154' title='bbox 1422 2404 1660 2471; x_wconf 84' lang='lat' dir='ltr'><strong>ipsorum</strong></span> <span class='ocrx_word' id='word_1_155' title='bbox 1694 2403 1858 2455; x_wconf 86' lang='lat' dir='ltr'><strong>tradi-</strong></span> 
     </span>
    </p>
   </div>
   <div class='ocr_carea' id='block_1_25' title="bbox 294 2489 896 2544">
    <p class='ocr_par' dir='ltr' id='par_1_25' title="bbox 294 2489 896 2544">
     <span class='ocr_line' id='line_1_25' title="bbox 294 2489 896 2544; baseline 0.003 -2"><span class='ocrx_word' id='word_1_156' title='bbox 294 2489 540 2544; x_wconf 87' lang='lat' dir='ltr'><strong>tionibus</strong></span> <span class='ocrx_word' id='word_1_157' title='bbox 561 2491 736 2544; x_wconf 88' lang='lat' dir='ltr'><strong>aliena</strong></span> <span class='ocrx_word' id='word_1_158' title='bbox 763 2493 896 2544; x_wconf 90' lang='lat' dir='ltr'><strong>sint.</strong></span> 
     </span>
    </p>
   </div>
   <div class='ocr_carea' id='block_1_26' title="bbox 854 2602 1293 2661">
    <p class='ocr_par' dir='ltr' id='par_1_26' title="bbox 854 2602 1293 2661">
     <span class='ocr_line' id='line_1_26' title="bbox 854 2602 1293 2661; baseline 0.005 -3"><span class='ocrx_word' id='word_1_159' title='bbox 854 2602 1005 2659; x_wconf 80' lang='lat' dir='ltr'><strong>CAP.</strong></span> <span class='ocrx_word' id='word_1_160' title='bbox 1047 2604 1293 2661; x_wconf 77' lang='lat' dir='ltr'><strong>XXXIX.</strong></span> 
     </span>
    </p>
   </div>
   <div class='ocr_carea' id='block_1_27' title="bbox 298 2691 1861 2758">
    <p class='ocr_par' dir='ltr' id='par_1_27' title="bbox 298 2691 1861 2758">
     <span class='ocr_line' id='line_1_27' title="bbox 298 2691 1861 2758; baseline 0.003 -13"><span class='ocrx_word' id='word_1_161' title='bbox 298 2691 585 2747; x_wconf 85' lang='lat' dir='ltr'><strong>Tricesima</strong></span> <span class='ocrx_word' id='word_1_162' title='bbox 618 2711 758 2748; x_wconf 83' lang='lat' dir='ltr'><strong>nona</strong></span> <span class='ocrx_word' id='word_1_163' title='bbox 798 2697 1044 2758; x_wconf 72' lang='lat' dir='ltr'><strong>limosis,-</strong></span> <span class='ocrx_word' id='word_1_164' title='bbox 1085 2696 1569 2749; x_wconf 74' lang='lat' dir='ltr'><strong>l-‘uasimachnrurn.</strong></span> <span class='ocrx_word' id='word_1_165' title='bbox 1640 2697 1707 2750; x_wconf 82' lang='lat' dir='ltr'><strong>Ili</strong></span> <span class='ocrx_word' id='word_1_166' title='bbox 1763 2711 1861 2750; x_wconf 78' lang='lat' dir='ltr'><strong>ult-</strong></span> 
     </span>
    </p>
   </div>
   <div class='ocr_carea' id='block_1_28' title="bbox 973 2776 1192 2834">
    <p class='ocr_par' dir='ltr' id='par_1_28' title="bbox 973 2776 1192 2834">
     <span class='ocr_line' id='line_1_28' title="bbox 973 2776 1192 2834; baseline 0.009 -16"><span class='ocrx_word' id='word_1_167' title='bbox 973 2776 1192 2834; x_wconf 87' lang='lat' dir='ltr'><strong>gunlur.</strong></span> 
     </span>
    </p>
   </div>
   <div class='ocr_carea' id='block_1_29' title="bbox 361 2873 1858 2946">
    <p class='ocr_par' dir='ltr' id='par_1_29' title="bbox 361 2873 1858 2946">
     <span class='ocr_line' id='line_1_29' title="bbox 361 2873 1858 2946; baseline 0.005 -21"><span class='ocrx_word' id='word_1_168' title='bbox 361 2873 710 2928; x_wconf 88' lang='lat' dir='ltr'><strong>Gnosimachi</strong></span> <span class='ocrx_word' id='word_1_169' title='bbox 772 2875 944 2929; x_wconf 85' lang='lat' dir='ltr'><strong>cuivis</strong></span> <span class='ocrx_word' id='word_1_170' title='bbox 997 2877 1399 2930; x_wconf 68' lang='lat' dir='ltr'><strong>Christianismi</strong></span> <span class='ocrx_word' id='word_1_171' title='bbox 1452 2878 1748 2946; x_wconf 90' lang='lat' dir='ltr'><strong>cognitioni</strong></span> <span class='ocrx_word' id='word_1_172' title='bbox 1807 2888 1858 2932; x_wconf 67' lang='lat' dir='ltr'><strong>et</strong></span> 
     </span>
    </p>
   </div>
   <div class='ocr_carea' id='block_1_30' title="bbox 295 2966 1861 3034">
    <p class='ocr_par' dir='ltr' id='par_1_30' title="bbox 295 2966 1861 3034">
     <span class='ocr_line' id='line_1_30' title="bbox 295 2966 1861 3034; baseline 0.006 -18"><span class='ocrx_word' id='word_1_173' title='bbox 295 2966 534 3018; x_wconf 72' lang='lat' dir='ltr'><strong>scientiae</strong></span> <span class='ocrx_word' id='word_1_174' title='bbox 565 2967 847 3030; x_wconf 89' lang='lat' dir='ltr'><strong>resistunt,</strong></span> <span class='ocrx_word' id='word_1_175' title='bbox 901 2969 1132 3034; x_wconf 88' lang='lat' dir='ltr'><strong>illosque</strong></span> <span class='ocrx_word' id='word_1_176' title='bbox 1171 2969 1372 3022; x_wconf 83' lang='lat' dir='ltr'><strong>frustra</strong></span> <span class='ocrx_word' id='word_1_177' title='bbox 1417 2970 1667 3024; x_wconf 88' lang='lat' dir='ltr'><strong>laborare</strong></span> <span class='ocrx_word' id='word_1_178' title='bbox 1715 2987 1861 3026; x_wconf 88' lang='lat' dir='ltr'><strong>asse-</strong></span> 
     </span>
    </p>
   </div>
   <div class='ocr_carea' id='block_1_31' title="bbox 298 3053 1853 3129">
    <p class='ocr_par' dir='ltr' id='par_1_31' title="bbox 298 3053 1853 3129">
     <span class='ocr_line' id='line_1_31' title="bbox 298 3053 1853 3129; baseline 0.006 -26"><span class='ocrx_word' id='word_1_179' title='bbox 298 3059 445 3114; x_wconf 91' lang='lat' dir='ltr'><strong>runt,</strong></span> <span class='ocrx_word' id='word_1_180' title='bbox 479 3053 569 3118; x_wconf 87' lang='lat' dir='ltr'><strong>qui</strong></span> <span class='ocrx_word' id='word_1_181' title='bbox 593 3055 764 3106; x_wconf 87' lang='lat' dir='ltr'><strong>sacris</strong></span> <span class='ocrx_word' id='word_1_182' title='bbox 786 3055 837 3106; x_wconf 92' lang='lat' dir='ltr'><strong>in</strong></span> <span class='ocrx_word' id='word_1_183' title='bbox 870 3054 1174 3124; x_wconf 89' lang='lat' dir='ltr'><strong>Scripturis</strong></span> <span class='ocrx_word' id='word_1_184' title='bbox 1202 3057 1491 3110; x_wconf 89' lang='lat' dir='ltr'><strong>scientiam</strong></span> <span class='ocrx_word' id='word_1_185' title='bbox 1539 3069 1630 3112; x_wconf 91' lang='lat' dir='ltr'><strong>aut</strong></span> <span class='ocrx_word' id='word_1_186' title='bbox 1658 3062 1853 3129; x_wconf 87' lang='lat' dir='ltr'><strong>cogni-</strong></span> 
     </span>
    </p>
   </div>
   <div class='ocr_carea' id='block_1_32' title="bbox 300 3144 1859 3214">
    <p class='ocr_par' dir='ltr' id='par_1_32' title="bbox 300 3144 1859 3214">
     <span class='ocr_line' id='line_1_32' title="bbox 300 3144 1859 3214; baseline 0.007 -20"><span class='ocrx_word' id='word_1_187' title='bbox 300 3145 503 3196; x_wconf 90' lang='lat' dir='ltr'><strong>tionem</strong></span> <span class='ocrx_word' id='word_1_188' title='bbox 544 3144 896 3212; x_wconf 82' lang='lat' dir='ltr'><strong>investigant,</strong></span> <span class='ocrx_word' id='word_1_189' title='bbox 950 3161 1074 3198; x_wconf 92' lang='lat' dir='ltr'><strong>cum</strong></span> <span class='ocrx_word' id='word_1_190' title='bbox 1117 3150 1418 3214; x_wconf 71' lang='lat' dir='ltr'><strong>praesertim</strong></span> <span class='ocrx_word' id='word_1_191' title='bbox 1467 3164 1496 3201; x_wconf 91' lang='lat' dir='ltr'><strong>a</strong></span> <span class='ocrx_word' id='word_1_192' title='bbox 1535 3149 1859 3206; x_wconf 86' lang='lat' dir='ltr'><strong>Christianis</strong></span> 
     </span>
    </p>
   </div>
   <div class='ocr_carea' id='block_1_33' title="bbox 299 3235 1857 3307">
    <p class='ocr_par' dir='ltr' id='par_1_33' title="bbox 299 3235 1857 3307">
     <span class='ocr_line' id='line_1_33' title="bbox 299 3235 1857 3307; baseline 0.006 -21"><span class='ocrx_word' id='word_1_193' title='bbox 299 3235 446 3288; x_wconf 85' lang='lat' dir='ltr'><strong>Deus</strong></span> <span class='ocrx_word' id='word_1_194' title='bbox 464 3245 663 3302; x_wconf 67' lang='lat' dir='ltr'><strong>praeter</strong></span> <span class='ocrx_word' id='word_1_195' title='bbox 683 3237 826 3290; x_wconf 90' lang='lat' dir='ltr'><strong>bona</strong></span> <span class='ocrx_word' id='word_1_196' title='bbox 851 3252 1038 3304; x_wconf 85' lang='lat' dir='ltr'><strong>opera,</strong></span> <span class='ocrx_word' id='word_1_197' title='bbox 1063 3239 1200 3292; x_wconf 88' lang='lat' dir='ltr'><strong>nihil</strong></span> <span class='ocrx_word' id='word_1_198' title='bbox 1245 3242 1530 3307; x_wconf 85' lang='lat' dir='ltr'><strong>requirat:</strong></span> <span class='ocrx_word' id='word_1_199' title='bbox 1587 3252 1647 3296; x_wconf 94' lang='lat' dir='ltr'><strong>ut</strong></span> <span class='ocrx_word' id='word_1_200' title='bbox 1675 3243 1745 3295; x_wconf 85' lang='lat' dir='ltr'><strong>sit</strong></span> <span class='ocrx_word' id='word_1_201' title='bbox 1773 3259 1857 3295; x_wconf 85' lang='lat' dir='ltr'><strong>sa—</strong></span> 
     </span>
    </p>
   </div>
   <div class='ocr_carea' id='block_1_34' title="bbox 301 3324 1859 3400">
    <p class='ocr_par' dir='ltr' id='par_1_34' title="bbox 301 3324 1859 3400">
     <span class='ocr_line' id='line_1_34' title="bbox 301 3324 1859 3400; baseline 0.006 -25"><span class='ocrx_word' id='word_1_202' title='bbox 301 3325 430 3383; x_wconf 85' lang='lat' dir='ltr'><strong>tius,</strong></span> <span class='ocrx_word' id='word_1_203' title='bbox 458 3324 500 3376; x_wconf 88' lang='lat' dir='ltr'><strong>si</strong></span> <span class='ocrx_word' id='word_1_204' title='bbox 524 3325 647 3392; x_wconf 90' lang='lat' dir='ltr'><strong>quis</strong></span> <span class='ocrx_word' id='word_1_205' title='bbox 664 3325 968 3394; x_wconf 89' lang='lat' dir='ltr'><strong>simplicius</strong></span> <span class='ocrx_word' id='word_1_206' title='bbox 992 3327 1256 3391; x_wconf 90' lang='lat' dir='ltr'><strong>ambulet,</strong></span> <span class='ocrx_word' id='word_1_207' title='bbox 1283 3345 1383 3382; x_wconf 90' lang='lat' dir='ltr'><strong>nec</strong></span> <span class='ocrx_word' id='word_1_208' title='bbox 1400 3332 1677 3385; x_wconf 88' lang='lat' dir='ltr'><strong>curiosius</strong></span> <span class='ocrx_word' id='word_1_209' title='bbox 1698 3333 1859 3400; x_wconf 84' lang='lat' dir='ltr'><strong>quid-</strong></span> 
     </span>
    </p>
   </div>
   <div class='ocr_carea' id='block_1_35' title="bbox 302 3428 884 3485">
    <p class='ocr_par' dir='ltr' id='par_1_35' title="bbox 302 3428 884 3485">
     <span class='ocr_line' id='line_1_35' title="bbox 302 3428 884 3485; baseline 0.007 -17"><span class='ocrx_word' id='word_1_210' title='bbox 302 3430 461 3483; x_wconf 89' lang='lat' dir='ltr'><strong>quam</strong></span> <span class='ocrx_word' id='word_1_211' title='bbox 481 3428 884 3485; x_wconf 89' lang='lat' dir='ltr'><strong>perscrutetur.</strong></span> 
     </span>
    </p>
   </div>
   <div class='ocr_carea' id='block_1_36' title="bbox 579 3529 1577 3601">
    <p class='ocr_par' dir='ltr' id='par_1_36' title="bbox 579 3529 1577 3601">
     <span class='ocr_line' id='line_1_36' title="bbox 579 3529 1577 3601; baseline 0.006 -20"><span class='ocrx_word' id='word_1_212' title='bbox 579 3529 848 3583; x_wconf 65' lang='lat' dir='ltr'><strong>Hereseos</strong></span> <span class='ocrx_word' id='word_1_213' title='bbox 898 3531 1239 3600; x_wconf 77' lang='lat' dir='ltr'><strong>pra&#39;cedenlis</strong></span> <span class='ocrx_word' id='word_1_214' title='bbox 1269 3533 1577 3601; x_wconf 71' lang='lat' dir='ltr'><strong>confatalia.</strong></span> 
     </span>
    </p>
   </div>
   <div class='ocr_carea' id='block_1_37' title="bbox 369 3642 1852 3718">
    <p class='ocr_par' dir='ltr' id='par_1_37' title="bbox 369 3642 1852 3718">
     <span class='ocr_line' id='line_1_37' title="bbox 369 3642 1852 3718; baseline 0.004 -22"><span class='ocrx_word' id='word_1_215' title='bbox 369 3642 616 3708; x_wconf 88' lang='lat' dir='ltr'><strong>Quilibet</strong></span> <span class='ocrx_word' id='word_1_216' title='bbox 665 3644 1047 3699; x_wconf 89' lang='lat' dir='ltr'><strong>Gnosimachis</strong></span> <span class='ocrx_word' id='word_1_217' title='bbox 1108 3647 1180 3700; x_wconf 91' lang='lat' dir='ltr'><strong>ita</strong></span> <span class='ocrx_word' id='word_1_218' title='bbox 1237 3649 1569 3715; x_wconf 85' lang='lat' dir='ltr'><strong>respondere</strong></span> <span class='ocrx_word' id='word_1_219' title='bbox 1638 3658 1852 3718; x_wconf 86' lang='lat' dir='ltr'><strong>potest:</strong></span> 
     </span>
    </p>
   </div>
   <div class='ocr_carea' id='block_1_38' title="bbox 300 3735 1854 3806">
    <p class='ocr_par' dir='ltr' id='par_1_38' title="bbox 300 3735 1854 3806">
     <span class='ocr_line' id='line_1_38' title="bbox 300 3735 1854 3806; baseline 0.003 -19"><span class='ocrx_word' id='word_1_220' title='bbox 300 3735 618 3803; x_wconf 87' lang='lat' dir='ltr'><strong>Ecquonam</strong></span> <span class='ocrx_word' id='word_1_221' title='bbox 678 3737 842 3790; x_wconf 88' lang='lat' dir='ltr'><strong>modo</strong></span> <span class='ocrx_word' id='word_1_222' title='bbox 899 3737 1025 3805; x_wconf 90' lang='lat' dir='ltr'><strong>quis</strong></span> <span class='ocrx_word' id='word_1_223' title='bbox 1084 3736 1494 3806; x_wconf 89' lang='lat' dir='ltr'><strong>Scripturarum</strong></span> <span class='ocrx_word' id='word_1_224' title='bbox 1541 3754 1854 3801; x_wconf 86' lang='lat' dir='ltr'><strong>sacrarum,</strong></span> 
     </span>
    </p>
   </div>
   <div class='ocr_carea' id='block_1_39' title="bbox 310 3829 1859 3900">
    <p class='ocr_par' dir='ltr' id='par_1_39' title="bbox 310 3829 1859 3900">
     <span class='ocr_line' id='line_1_39' title="bbox 310 3829 1859 3900; baseline 0.002 -19"><span class='ocrx_word' id='word_1_225' title='bbox 310 3844 503 3882; x_wconf 85' lang='lat' dir='ltr'><strong>carum</strong></span> <span class='ocrx_word' id='word_1_226' title='bbox 568 3829 894 3899; x_wconf 75' lang='lat' dir='ltr'><strong>praesertim,</strong></span> <span class='ocrx_word' id='word_1_227' title='bbox 935 3845 1056 3898; x_wconf 68' lang='lat' dir='ltr'><strong>qua:</strong></span> <span class='ocrx_word' id='word_1_228' title='bbox 1110 3829 1471 3884; x_wconf 88' lang='lat' dir='ltr'><strong>obscuritatis</strong></span> <span class='ocrx_word' id='word_1_229' title='bbox 1515 3832 1748 3900; x_wconf 69' lang='lat' dir='ltr'><strong>caligine</strong></span> <span class='ocrx_word' id='word_1_230' title='bbox 1778 3833 1859 3885; x_wconf 92' lang='lat' dir='ltr'><strong>in-</strong></span> 
     </span>
    </p>
   </div>
   <div class='ocr_carea' id='block_1_40' title="bbox 306 3919 1855 3991">
    <p class='ocr_par' dir='ltr' id='par_1_40' title="bbox 306 3919 1855 3991">
     <span class='ocr_line' id='line_1_40' title="bbox 306 3919 1855 3991; baseline 0.004 -20"><span class='ocrx_word' id='word_1_231' title='bbox 306 3919 620 3978; x_wconf 78' lang='lat' dir='ltr'><strong>volvuntur.</strong></span> <span class='ocrx_word' id='word_1_232' title='bbox 692 3934 912 3972; x_wconf 90' lang='lat' dir='ltr'><strong>sensum</strong></span> <span class='ocrx_word' id='word_1_233' title='bbox 952 3919 1227 3988; x_wconf 79' lang='lat' dir='ltr'><strong>explicare</strong></span> <span class='ocrx_word' id='word_1_234' title='bbox 1290 3922 1514 3988; x_wconf 84' lang='lat' dir='ltr'><strong>poterit,</strong></span> <span class='ocrx_word' id='word_1_235' title='bbox 1546 3923 1650 3975; x_wconf 86' lang='lat' dir='ltr'><strong>nisi</strong></span> <span class='ocrx_word' id='word_1_236' title='bbox 1689 3924 1855 3991; x_wconf 87' lang='lat' dir='ltr'><strong>aliqui</strong></span> 
     </span>
    </p>
   </div>
   <div class='ocr_carea' id='block_1_41' title="bbox 298 4009 1858 4080">
    <p class='ocr_par' dir='ltr' id='par_1_41' title="bbox 298 4009 1858 4080">
     <span class='ocr_line' id='line_1_41' title="bbox 298 4009 1858 4080; baseline 0.006 -23"><span class='ocrx_word' id='word_1_237' title='bbox 298 4019 495 4076; x_wconf 64' lang='lat' dir='ltr'><strong>praesto</strong></span> <span class='ocrx_word' id='word_1_238' title='bbox 528 4009 637 4063; x_wconf 89' lang='lat' dir='ltr'><strong>sint</strong></span> <span class='ocrx_word' id='word_1_239' title='bbox 663 4009 1021 4078; x_wconf 80' lang='lat' dir='ltr'><strong>interpretes,</strong></span> <span class='ocrx_word' id='word_1_240' title='bbox 1065 4024 1204 4078; x_wconf 89' lang='lat' dir='ltr'><strong>quos</strong></span> <span class='ocrx_word' id='word_1_241' title='bbox 1254 4009 1488 4078; x_wconf 87' lang='lat' dir='ltr'><strong>Spiritus</strong></span> <span class='ocrx_word' id='word_1_242' title='bbox 1512 4013 1858 4080; x_wconf 82' lang='lat' dir='ltr'><strong>profunditas</strong></span> 
     </span>
    </p>
   </div>
   <div class='ocr_carea' id='block_1_42' title="bbox 303 4100 657 4154">
    <p class='ocr_par' dir='ltr' id='par_1_42' title="bbox 303 4100 657 4154">
     <span class='ocr_line' id='line_1_42' title="bbox 303 4100 657 4154; baseline 0.003 -3"><span class='ocrx_word' id='word_1_243' title='bbox 303 4113 410 4152; x_wconf 84' lang='lat' dir='ltr'><strong>non</strong></span> <span class='ocrx_word' id='word_1_244' title='bbox 453 4100 657 4154; x_wconf 86' lang='lat' dir='ltr'><strong>lateat?</strong></span> 
     </span>
    </p>
   </div>
   <div class='ocr_carea' id='block_1_43' title="bbox 378 4192 1855 4265">
    <p class='ocr_par' dir='ltr' id='par_1_43' title="bbox 378 4192 1855 4265">
     <span class='ocr_line' id='line_1_43' title="bbox 378 4192 1855 4265; baseline 0.003 -19"><span class='ocrx_word' id='word_1_245' title='bbox 378 4194 562 4262; x_wconf 89' lang='lat' dir='ltr'><strong>Itaque</strong></span> <span class='ocrx_word' id='word_1_246' title='bbox 604 4192 648 4245; x_wconf 89' lang='lat' dir='ltr'><strong>sl</strong></span> <span class='ocrx_word' id='word_1_247' title='bbox 693 4206 758 4244; x_wconf 81' lang='lat' dir='ltr'><strong>ex</strong></span> <span class='ocrx_word' id='word_1_248' title='bbox 788 4205 1031 4246; x_wconf 66' lang='lat' dir='ltr'><strong>errones:</strong></span> <span class='ocrx_word' id='word_1_249' title='bbox 1069 4192 1379 4247; x_wconf 90' lang='lat' dir='ltr'><strong>traditionis</strong></span> <span class='ocrx_word' id='word_1_250' title='bbox 1407 4202 1601 4249; x_wconf 75' lang='lat' dir='ltr'><strong>vestrze</strong></span> <span class='ocrx_word' id='word_1_251' title='bbox 1650 4211 1855 4265; x_wconf 69' lang='lat' dir='ltr'><strong>reguna,</strong></span> 
     </span>
    </p>
   </div>
   <div class='ocr_carea' id='block_1_44' title="bbox 303 4286 1857 4354">
    <p class='ocr_par' dir='ltr' id='par_1_44' title="bbox 303 4286 1857 4354">
     <span class='ocr_line' id='line_1_44' title="bbox 303 4286 1857 4354; baseline 0.003 -16"><span class='ocrx_word' id='word_1_252' title='bbox 303 4287 538 4339; x_wconf 71' lang='lat' dir='ltr'><strong>lectione</strong></span> <span class='ocrx_word' id='word_1_253' title='bbox 596 4301 874 4340; x_wconf 89' lang='lat' dir='ltr'><strong>sacrarum</strong></span> <span class='ocrx_word' id='word_1_254' title='bbox 935 4286 1345 4354; x_wconf 90' lang='lat' dir='ltr'><strong>Scripturarum</strong></span> <span class='ocrx_word' id='word_1_255' title='bbox 1394 4288 1660 4350; x_wconf 89' lang='lat' dir='ltr'><strong>contenti,</strong></span> <span class='ocrx_word' id='word_1_256' title='bbox 1709 4290 1857 4342; x_wconf 89' lang='lat' dir='ltr'><strong>nulla</strong></span> 
     </span>
    </p>
   </div>
   <div class='ocr_carea' id='block_1_45' title="bbox 302 4377 1855 4448">
    <p class='ocr_par' dir='ltr' id='par_1_45' title="bbox 302 4377 1855 4448">
     <span class='ocr_line' id='line_1_45' title="bbox 302 4377 1855 4448; baseline 0.003 -19"><span class='ocrx_word' id='word_1_257' title='bbox 302 4379 547 4432; x_wconf 61' lang='lat' dir='ltr'><strong>scientiae</strong></span> <span class='ocrx_word' id='word_1_258' title='bbox 572 4387 629 4431; x_wconf 89' lang='lat' dir='ltr'><strong>et</strong></span> <span class='ocrx_word' id='word_1_259' title='bbox 670 4378 1018 4448; x_wconf 87' lang='lat' dir='ltr'><strong>cogitationis</strong></span> <span class='ocrx_word' id='word_1_260' title='bbox 1061 4378 1242 4430; x_wconf 89' lang='lat' dir='ltr'><strong>habita</strong></span> <span class='ocrx_word' id='word_1_261' title='bbox 1282 4377 1517 4439; x_wconf 83' lang='lat' dir='ltr'><strong>ratione,</strong></span> <span class='ocrx_word' id='word_1_262' title='bbox 1563 4380 1728 4432; x_wconf 91' lang='lat' dir='ltr'><strong>vitam</strong></span> <span class='ocrx_word' id='word_1_263' title='bbox 1756 4397 1855 4434; x_wconf 92' lang='lat' dir='ltr'><strong>no-</strong></span> 
     </span>
    </p>
   </div>
   <div class='ocr_carea' id='block_1_46' title="bbox 300 4469 1852 4539">
    <p class='ocr_par' dir='ltr' id='par_1_46' title="bbox 300 4469 1852 4539">
     <span class='ocr_line' id='line_1_46' title="bbox 300 4469 1852 4539; baseline 0.004 -17"><span class='ocrx_word' id='word_1_264' title='bbox 300 4479 467 4523; x_wconf 83' lang='lat' dir='ltr'><strong>stram</strong></span> <span class='ocrx_word' id='word_1_265' title='bbox 497 4469 942 4533; x_wconf 89' lang='lat' dir='ltr'><strong>instituissemus,</strong></span> <span class='ocrx_word' id='word_1_266' title='bbox 974 4469 1104 4539; x_wconf 83' lang='lat' dir='ltr'><strong>quid</strong></span> <span class='ocrx_word' id='word_1_267' title='bbox 1151 4470 1390 4533; x_wconf 89' lang='lat' dir='ltr'><strong>tandem,</strong></span> <span class='ocrx_word' id='word_1_268' title='bbox 1445 4487 1651 4539; x_wconf 70' lang='lat' dir='ltr'><strong>quatso,</strong></span> <span class='ocrx_word' id='word_1_269' title='bbox 1694 4474 1852 4528; x_wconf 90' lang='lat' dir='ltr'><strong>utili-</strong></span> 
     </span>
    </p>
   </div>
   <div class='ocr_carea' id='block_1_47' title="bbox 1956 628 3522 687">
    <p class='ocr_par' dir='ltr' id='par_1_47' title="bbox 1956 628 3522 687">
     <span class='ocr_line' id='line_1_47' title="bbox 1956 628 3522 687; baseline 0.003 -5"><span class='ocrx_word' id='word_1_270' title='bbox 1956 628 2047 683; x_wconf 89' lang='lat' dir='ltr'><strong>illa</strong></span> <span class='ocrx_word' id='word_1_271' title='bbox 2105 629 2514 684; x_wconf 83' lang='lat' dir='ltr'><strong>resurrectione</strong></span> <span class='ocrx_word' id='word_1_272' title='bbox 2583 629 2900 683; x_wconf 90' lang='lat' dir='ltr'><strong>traduntur.</strong></span> <span class='ocrx_word' id='word_1_273' title='bbox 2959 632 3094 684; x_wconf 85' lang='lat' dir='ltr'><strong>Nam</strong></span> <span class='ocrx_word' id='word_1_274' title='bbox 3149 631 3193 684; x_wconf 90' lang='lat' dir='ltr'><strong>si</strong></span> <span class='ocrx_word' id='word_1_275' title='bbox 3261 634 3522 687; x_wconf 73' lang='lat' dir='ltr'><strong>mortales</strong></span> 
     </span>
    </p>
   </div>
   <div class='ocr_carea' id='block_1_48' title="bbox 1955 719 3526 788">
    <p class='ocr_par' dir='ltr' id='par_1_48' title="bbox 1955 719 3526 788">
     <span class='ocr_line' id='line_1_48' title="bbox 1955 719 3526 788; baseline 0.003 -17"><span class='ocrx_word' id='word_1_276' title='bbox 1955 726 2082 771; x_wconf 83' lang='lat' dir='ltr'><strong>sunt</strong></span> <span class='ocrx_word' id='word_1_277' title='bbox 2123 720 2340 780; x_wconf 66' lang='lat' dir='ltr'><strong>animae,</strong></span> <span class='ocrx_word' id='word_1_278' title='bbox 2368 720 2515 772; x_wconf 91' lang='lat' dir='ltr'><strong>nullo</strong></span> <span class='ocrx_word' id='word_1_279' title='bbox 2560 732 2789 788; x_wconf 88' lang='lat' dir='ltr'><strong>prorsus</strong></span> <span class='ocrx_word' id='word_1_280' title='bbox 2838 719 2998 772; x_wconf 89' lang='lat' dir='ltr'><strong>modo</strong></span> <span class='ocrx_word' id='word_1_281' title='bbox 3033 720 3085 772; x_wconf 92' lang='lat' dir='ltr'><strong>in</strong></span> <span class='ocrx_word' id='word_1_282' title='bbox 3132 721 3399 788; x_wconf 82' lang='lat' dir='ltr'><strong>judicium</strong></span> <span class='ocrx_word' id='word_1_283' title='bbox 3440 739 3526 775; x_wconf 82' lang='lat' dir='ltr'><strong>re-</strong></span> 
     </span>
    </p>
   </div>
   <div class='ocr_carea' id='block_1_49' title="bbox 1956 812 3521 882">
    <p class='ocr_par' dir='ltr' id='par_1_49' title="bbox 1956 812 3521 882">
     <span class='ocr_line' id='line_1_49' title="bbox 1956 812 3521 882; baseline 0.003 -20"><span class='ocrx_word' id='word_1_284' title='bbox 1956 820 2198 877; x_wconf 86' lang='lat' dir='ltr'><strong>surgent.</strong></span> <span class='ocrx_word' id='word_1_285' title='bbox 2248 825 2348 863; x_wconf 87' lang='lat' dir='ltr'><strong>nec</strong></span> <span class='ocrx_word' id='word_1_286' title='bbox 2388 813 2799 880; x_wconf 76' lang='lat' dir='ltr'><strong>uniuscujusque</strong></span> <span class='ocrx_word' id='word_1_287' title='bbox 2865 827 2993 879; x_wconf 83' lang='lat' dir='ltr'><strong>opus</strong></span> <span class='ocrx_word' id='word_1_288' title='bbox 3039 812 3196 878; x_wconf 85' lang='lat' dir='ltr'><strong>quale</strong></span> <span class='ocrx_word' id='word_1_289' title='bbox 3248 822 3321 866; x_wconf 84' lang='lat' dir='ltr'><strong>est</strong></span> <span class='ocrx_word' id='word_1_290' title='bbox 3385 815 3521 882; x_wconf 84' lang='lat' dir='ltr'><strong>ignis</strong></span> 
     </span>
    </p>
   </div>
   <div class='ocr_carea' id='block_1_50' title="bbox 1957 901 3522 967">
    <p class='ocr_par' dir='ltr' id='par_1_50' title="bbox 1957 901 3522 967">
     <span class='ocr_line' id='line_1_50' title="bbox 1957 901 3522 967; baseline 0.005 -17"><span class='ocrx_word' id='word_1_291' title='bbox 1957 901 2189 967; x_wconf 88' lang='lat' dir='ltr'><strong>probabit</strong></span> <span class='ocrx_word' id='word_1_292' title='bbox 2222 903 2261 962; x_wconf 88' lang='grc'><em>³,</em></span> <span class='ocrx_word' id='word_1_293' title='bbox 2307 912 2363 953; x_wconf 93' lang='lat' dir='ltr'><strong>ut</strong></span> <span class='ocrx_word' id='word_1_294' title='bbox 2406 903 2588 964; x_wconf 82' lang='lat' dir='ltr'><strong>magni</strong></span> <span class='ocrx_word' id='word_1_295' title='bbox 2649 903 2795 955; x_wconf 88' lang='lat' dir='ltr'><strong>illius</strong></span> <span class='ocrx_word' id='word_1_296' title='bbox 2838 903 3104 965; x_wconf 65' lang='lat' dir='ltr'><strong>prmconis</strong></span> <span class='ocrx_word' id='word_1_297' title='bbox 3147 903 3298 956; x_wconf 86' lang='lat' dir='ltr'><strong>Pauli</strong></span> <span class='ocrx_word' id='word_1_298' title='bbox 3333 905 3522 958; x_wconf 76' lang='lat' dir='ltr'><strong>verbis</strong></span> 
     </span>
    </p>
   </div>
   <div class='ocr_carea' id='block_1_51' title="bbox 1966 980 3518 1060">
    <p class='ocr_par' dir='ltr' id='par_1_51' title="bbox 1966 980 3518 1060">
     <span class='ocr_line' id='line_1_51' title="bbox 1966 980 3518 1060; baseline 0.003 -19"><span class='ocrx_word' id='word_1_299' title='bbox 1966 999 2105 1042; x_wconf 88' lang='lat' dir='ltr'><strong>utar.</strong></span> <span class='ocrx_word' id='word_1_300' title='bbox 2140 980 2255 1044; x_wconf 78' lang='lat' dir='ltr'><strong>Jam</strong></span> <span class='ocrx_word' id='word_1_301' title='bbox 2308 994 2403 1058; x_wconf 85' lang='lat' dir='ltr'><strong>qui</strong></span> <span class='ocrx_word' id='word_1_302' title='bbox 2441 993 2555 1044; x_wconf 88' lang='lat' dir='ltr'><strong>lieri</strong></span> <span class='ocrx_word' id='word_1_303' title='bbox 2594 993 2784 1060; x_wconf 85' lang='lat' dir='ltr'><strong>possit,</strong></span> <span class='ocrx_word' id='word_1_304' title='bbox 2837 1002 2895 1044; x_wconf 93' lang='lat' dir='ltr'><strong>ut</strong></span> <span class='ocrx_word' id='word_1_305' title='bbox 2952 994 3148 1045; x_wconf 60' lang='lat' dir='ltr'><strong>animae</strong></span> <span class='ocrx_word' id='word_1_306' title='bbox 3195 995 3518 1047; x_wconf 85' lang='lat' dir='ltr'><strong>mortalitati</strong></span> 
     </span>
    </p>
   </div>
   <div class='ocr_carea' id='block_1_52' title="bbox 1957 1082 3522 1152">
    <p class='ocr_par' dir='ltr' id='par_1_52' title="bbox 1957 1082 3522 1152">
     <span class='ocr_line' id='line_1_52' title="bbox 1957 1082 3522 1152; baseline 0.002 -17"><span class='ocrx_word' id='word_1_307' title='bbox 1957 1082 2344 1150; x_wconf 85' lang='lat' dir='ltr'><strong>subjiciantur,</strong></span> <span class='ocrx_word' id='word_1_308' title='bbox 2379 1098 2502 1135; x_wconf 93' lang='lat' dir='ltr'><strong>cum</strong></span> <span class='ocrx_word' id='word_1_309' title='bbox 2555 1093 2633 1135; x_wconf 95' lang='lat' dir='ltr'><strong>tot</strong></span> <span class='ocrx_word' id='word_1_310' title='bbox 2662 1083 2862 1135; x_wconf 86' lang='lat' dir='ltr'><strong>mortui</strong></span> <span class='ocrx_word' id='word_1_311' title='bbox 2894 1099 2920 1134; x_wconf 84' lang='lat' dir='ltr'><strong>a</strong></span> <span class='ocrx_word' id='word_1_312' title='bbox 2949 1083 3192 1145; x_wconf 87' lang='lat' dir='ltr'><strong>Christo,</strong></span> <span class='ocrx_word' id='word_1_313' title='bbox 3237 1087 3522 1152; x_wconf 85' lang='lat' dir='ltr'><strong>prophetis</strong></span> 
     </span>
    </p>
   </div>
   <div class='ocr_carea' id='block_1_53' title="bbox 1957 1171 3523 1240">
    <p class='ocr_par' dir='ltr' id='par_1_53' title="bbox 1957 1171 3523 1240">
     <span class='ocr_line' id='line_1_53' title="bbox 1957 1171 3523 1240; baseline 0.001 -16"><span class='ocrx_word' id='word_1_314' title='bbox 1957 1179 2012 1224; x_wconf 93' lang='lat' dir='ltr'><strong>et</strong></span> <span class='ocrx_word' id='word_1_315' title='bbox 2038 1173 2304 1240; x_wconf 89' lang='lat' dir='ltr'><strong>apostolis</strong></span> <span class='ocrx_word' id='word_1_316' title='bbox 2359 1172 2581 1224; x_wconf 78' lang='lat' dir='ltr'><strong>excitati</strong></span> <span class='ocrx_word' id='word_1_317' title='bbox 2635 1171 2782 1224; x_wconf 87' lang='lat' dir='ltr'><strong>sint?</strong></span> <span class='ocrx_word' id='word_1_318' title='bbox 2817 1171 2870 1224; x_wconf 94' lang='lat' dir='ltr'><strong>Si</strong></span> <span class='ocrx_word' id='word_1_319' title='bbox 2905 1172 3049 1223; x_wconf 89' lang='lat' dir='ltr'><strong>enim</strong></span> <span class='ocrx_word' id='word_1_320' title='bbox 3094 1173 3355 1228; x_wconf 88' lang='lat' dir='ltr'><strong>mortales</strong></span> <span class='ocrx_word' id='word_1_321' title='bbox 3387 1173 3523 1225; x_wconf 90' lang='lat' dir='ltr'><strong>fuis-</strong></span> 
     </span>
    </p>
   </div>
   <div class='ocr_carea' id='block_1_54' title="bbox 1956 1265 3524 1332">
    <p class='ocr_par' dir='ltr' id='par_1_54' title="bbox 1956 1265 3524 1332">
     <span class='ocr_line' id='line_1_54' title="bbox 1956 1265 3524 1332; baseline 0 -15"><span class='ocrx_word' id='word_1_322' title='bbox 1956 1277 2097 1329; x_wconf 87' lang='lat' dir='ltr'><strong>sent,</strong></span> <span class='ocrx_word' id='word_1_323' title='bbox 2126 1265 2179 1318; x_wconf 91' lang='lat' dir='ltr'><strong>in</strong></span> <span class='ocrx_word' id='word_1_324' title='bbox 2230 1280 2458 1332; x_wconf 89' lang='lat' dir='ltr'><strong>corpora</strong></span> <span class='ocrx_word' id='word_1_325' title='bbox 2490 1275 2637 1318; x_wconf 89' lang='lat' dir='ltr'><strong>cette</strong></span> <span class='ocrx_word' id='word_1_326' title='bbox 2697 1265 2918 1332; x_wconf 88' lang='lat' dir='ltr'><strong>propria</strong></span> <span class='ocrx_word' id='word_1_327' title='bbox 2958 1279 3233 1330; x_wconf 87' lang='lat' dir='ltr'><strong>nunquam</strong></span> <span class='ocrx_word' id='word_1_328' title='bbox 3277 1279 3524 1318; x_wconf 86' lang='lat' dir='ltr'><strong>remeas-</strong></span> 
     </span>
    </p>
   </div>
   <div class='ocr_carea' id='block_1_55' title="bbox 1963 1354 3526 1415">
    <p class='ocr_par' dir='ltr' id='par_1_55' title="bbox 1963 1354 3526 1415">
     <span class='ocr_line' id='line_1_55' title="bbox 1963 1354 3526 1415; baseline 0 -6"><span class='ocrx_word' id='word_1_329' title='bbox 1963 1363 2103 1410; x_wconf 88' lang='lat' dir='ltr'><strong>sent.</strong></span> <span class='ocrx_word' id='word_1_330' title='bbox 2142 1356 2256 1408; x_wconf 92' lang='lat' dir='ltr'><strong>lmo</strong></span> <span class='ocrx_word' id='word_1_331' title='bbox 2290 1370 2419 1407; x_wconf 73' lang='lat' dir='ltr'><strong>vero</strong></span> <span class='ocrx_word' id='word_1_332' title='bbox 2452 1355 2646 1407; x_wconf 72' lang='lat' dir='ltr'><strong>animae</strong></span> <span class='ocrx_word' id='word_1_333' title='bbox 2697 1363 2820 1408; x_wconf 87' lang='lat' dir='ltr'><strong>snnt</strong></span> <span class='ocrx_word' id='word_1_334' title='bbox 2879 1354 3233 1415; x_wconf 85' lang='lat' dir='ltr'><strong>immortales,</strong></span> <span class='ocrx_word' id='word_1_335' title='bbox 3263 1364 3323 1406; x_wconf 92' lang='lat' dir='ltr'><strong>ut</strong></span> <span class='ocrx_word' id='word_1_336' title='bbox 3358 1370 3526 1409; x_wconf 75' lang='lat' dir='ltr'><strong>sacra:</strong></span> 
     </span>
    </p>
   </div>
   <div class='ocr_carea' id='block_1_56' title="bbox 1957 1445 3527 1517">
    <p class='ocr_par' dir='ltr' id='par_1_56' title="bbox 1957 1445 3527 1517">
     <span class='ocr_line' id='line_1_56' title="bbox 1957 1445 3527 1517; baseline -0.002 -16"><span class='ocrx_word' id='word_1_337' title='bbox 1957 1448 2155 1517; x_wconf 82' lang='lat' dir='ltr'><strong>passim</strong></span> <span class='ocrx_word' id='word_1_338' title='bbox 2192 1455 2460 1500; x_wconf 78' lang='lat' dir='ltr'><strong>teSIantur</strong></span> <span class='ocrx_word' id='word_1_339' title='bbox 2488 1446 2726 1508; x_wconf 81' lang='lat' dir='ltr'><strong>Litterae,</strong></span> <span class='ocrx_word' id='word_1_340' title='bbox 2754 1445 2822 1499; x_wconf 81' lang='lat' dir='ltr'><strong>de</strong></span> <span class='ocrx_word' id='word_1_341' title='bbox 2854 1445 3054 1514; x_wconf 88' lang='lat' dir='ltr'><strong>quibus</strong></span> <span class='ocrx_word' id='word_1_342' title='bbox 3086 1446 3358 1514; x_wconf 83' lang='lat' dir='ltr'><strong>sigillatim</strong></span> <span class='ocrx_word' id='word_1_343' title='bbox 3410 1445 3527 1499; x_wconf 57' lang='lat' dir='ltr'><strong>dis-</strong></span> 
     </span>
    </p>
   </div>
   <div class='ocr_carea' id='block_1_57' title="bbox 1957 1533 3520 1602">
    <p class='ocr_par' dir='ltr' id='par_1_57' title="bbox 1957 1533 3520 1602">
     <span class='ocr_line' id='line_1_57' title="bbox 1957 1533 3520 1602; baseline -0.003 -12"><span class='ocrx_word' id='word_1_344' title='bbox 1957 1549 2142 1590; x_wconf 86' lang='lat' dir='ltr'><strong>serere</strong></span> <span class='ocrx_word' id='word_1_345' title='bbox 2177 1533 2512 1602; x_wconf 81' lang='lat' dir='ltr'><strong>superﬂuum</strong></span> <span class='ocrx_word' id='word_1_346' title='bbox 2562 1533 2745 1594; x_wconf 90' lang='lat' dir='ltr'><strong>fuerit,</strong></span> <span class='ocrx_word' id='word_1_347' title='bbox 2784 1542 2844 1585; x_wconf 88' lang='lat' dir='ltr'><strong>ut</strong></span> <span class='ocrx_word' id='word_1_348' title='bbox 2879 1549 3069 1587; x_wconf 89' lang='lat' dir='ltr'><strong>omnes</strong></span> <span class='ocrx_word' id='word_1_349' title='bbox 3102 1533 3259 1587; x_wconf 84' lang='lat' dir='ltr'><strong>facile</strong></span> <span class='ocrx_word' id='word_1_350' title='bbox 3292 1543 3520 1586; x_wconf 89' lang='lat' dir='ltr'><strong>norunt.</strong></span> 
     </span>
    </p>
   </div>
   <div class='ocr_carea' id='block_1_58' title="bbox 1957 1623 3523 1692">
    <p class='ocr_par' dir='ltr' id='par_1_58' title="bbox 1957 1623 3523 1692">
     <span class='ocr_line' id='line_1_58' title="bbox 1957 1623 3523 1692; baseline 0 -13"><span class='ocrx_word' id='word_1_351' title='bbox 1957 1626 2099 1691; x_wconf 87' lang='lat' dir='ltr'><strong>Quin</strong></span> <span class='ocrx_word' id='word_1_352' title='bbox 2122 1625 2283 1679; x_wconf 89' lang='lat' dir='ltr'><strong>etiam</strong></span> <span class='ocrx_word' id='word_1_353' title='bbox 2319 1626 2352 1678; x_wconf 90' lang='lat' dir='ltr'><strong>ii</strong></span> <span class='ocrx_word' id='word_1_354' title='bbox 2394 1625 2485 1692; x_wconf 91' lang='lat' dir='ltr'><strong>qui</strong></span> <span class='ocrx_word' id='word_1_355' title='bbox 2521 1624 2588 1676; x_wconf 88' lang='lat' dir='ltr'><strong>de</strong></span> <span class='ocrx_word' id='word_1_356' title='bbox 2616 1623 2800 1675; x_wconf 84' lang='lat' dir='ltr'><strong>mundi</strong></span> <span class='ocrx_word' id='word_1_357' title='bbox 2825 1624 3029 1692; x_wconf 83' lang='lat' dir='ltr'><strong>origine</strong></span> <span class='ocrx_word' id='word_1_358' title='bbox 3063 1625 3358 1692; x_wconf 83' lang='lat' dir='ltr'><strong>conscripti</strong></span> <span class='ocrx_word' id='word_1_359' title='bbox 3391 1635 3523 1680; x_wconf 91' lang='lat' dir='ltr'><strong>sunt</strong></span> 
     </span>
    </p>
   </div>
   <div class='ocr_carea' id='block_1_59' title="bbox 1959 1701 3529 1782">
    <p class='ocr_par' dir='ltr' id='par_1_59' title="bbox 1959 1701 3529 1782">
     <span class='ocr_line' id='line_1_59' title="bbox 1959 1701 3529 1782; baseline -0.004 -9"><span class='ocrx_word' id='word_1_360' title='bbox 1959 1719 2107 1782; x_wconf 91' lang='lat' dir='ltr'><strong>libri,</strong></span> <span class='ocrx_word' id='word_1_361' title='bbox 2183 1720 2324 1771; x_wconf 89' lang='lat' dir='ltr'><strong>inter</strong></span> <span class='ocrx_word' id='word_1_362' title='bbox 2360 1718 2640 1769; x_wconf 90' lang='lat' dir='ltr'><strong>hominum</strong></span> <span class='ocrx_word' id='word_1_363' title='bbox 2673 1701 2727 1767; x_wconf 79' lang='lat' dir='ltr'><strong>et</strong></span> <span class='ocrx_word' id='word_1_364' title='bbox 2778 1715 3059 1768; x_wconf 89' lang='lat' dir='ltr'><strong>brutorum</strong></span> <span class='ocrx_word' id='word_1_365' title='bbox 3091 1717 3300 1768; x_wconf 88' lang='lat' dir='ltr'><strong>animas</strong></span> <span class='ocrx_word' id='word_1_366' title='bbox 3333 1715 3529 1771; x_wconf 79' lang='lat' dir='ltr'><strong>discri-</strong></span> 
     </span>
    </p>
   </div>
   <div class='ocr_carea' id='block_1_60' title="bbox 1962 1806 3527 1876">
    <p class='ocr_par' dir='ltr' id='par_1_60' title="bbox 1962 1806 3527 1876">
     <span class='ocr_line' id='line_1_60' title="bbox 1962 1806 3527 1876; baseline -0.001 -13"><span class='ocrx_word' id='word_1_367' title='bbox 1962 1811 2125 1864; x_wconf 90' lang='lat' dir='ltr'><strong>minis</strong></span> <span class='ocrx_word' id='word_1_368' title='bbox 2180 1810 2284 1863; x_wconf 90' lang='lat' dir='ltr'><strong>hoc</strong></span> <span class='ocrx_word' id='word_1_369' title='bbox 2313 1816 2580 1872; x_wconf 85' lang='lat' dir='ltr'><strong>statuunt,</strong></span> <span class='ocrx_word' id='word_1_370' title='bbox 2633 1808 3007 1861; x_wconf 81' lang='lat' dir='ltr'><strong>ntbrutorum</strong></span> <span class='ocrx_word' id='word_1_371' title='bbox 3061 1806 3240 1858; x_wconf 88' lang='lat' dir='ltr'><strong>anima</strong></span> <span class='ocrx_word' id='word_1_372' title='bbox 3306 1810 3527 1876; x_wconf 86' lang='lat' dir='ltr'><strong>sanguis</strong></span> 
     </span>
    </p>
   </div>
   <div class='ocr_carea' id='block_1_61' title="bbox 1959 1896 3511 1962">
    <p class='ocr_par' dir='ltr' id='par_1_61' title="bbox 1959 1896 3511 1962">
     <span class='ocr_line' id='line_1_61' title="bbox 1959 1896 3511 1962; baseline -0.004 -7"><span class='ocrx_word' id='word_1_373' title='bbox 1959 1901 2273 1955; x_wconf 89' lang='lat' dir='ltr'><strong>earumdem</strong></span> <span class='ocrx_word' id='word_1_374' title='bbox 2303 1900 2539 1955; x_wconf 90' lang='lat' dir='ltr'><strong>dicatur.</strong></span> <span class='ocrx_word' id='word_1_375' title='bbox 2571 1907 2628 1950; x_wconf 92' lang='lat' dir='ltr'><strong>ut</strong></span> <span class='ocrx_word' id='word_1_376' title='bbox 2671 1913 2776 1950; x_wconf 90' lang='lat' dir='ltr'><strong>una</strong></span> <span class='ocrx_word' id='word_1_377' title='bbox 2811 1911 2933 1949; x_wconf 92' lang='lat' dir='ltr'><strong>cum</strong></span> <span class='ocrx_word' id='word_1_378' title='bbox 2966 1910 3194 1962; x_wconf 88' lang='lat' dir='ltr'><strong>corpore</strong></span> <span class='ocrx_word' id='word_1_379' title='bbox 3241 1896 3511 1961; x_wconf 80' lang='lat' dir='ltr'><strong>intereat;</strong></span> 
     </span>
    </p>
   </div>
   <div class='ocr_carea' id='block_1_62' title="bbox 1960 1984 3527 2049">
    <p class='ocr_par' dir='ltr' id='par_1_62' title="bbox 1960 1984 3527 2049">
     <span class='ocr_line' id='line_1_62' title="bbox 1960 1984 3527 2049; baseline -0.003 -7"><span class='ocrx_word' id='word_1_380' title='bbox 1960 1990 2239 2042; x_wconf 87' lang='lat' dir='ltr'><strong>hominum</strong></span> <span class='ocrx_word' id='word_1_381' title='bbox 2271 2003 2402 2040; x_wconf 78' lang='lat' dir='ltr'><strong>vero</strong></span> <span class='ocrx_word' id='word_1_382' title='bbox 2457 1987 2650 2039; x_wconf 74' lang='lat' dir='ltr'><strong>animae</strong></span> <span class='ocrx_word' id='word_1_383' title='bbox 2679 1984 2939 2049; x_wconf 84' lang='lat' dir='ltr'><strong>spiracnli</strong></span> <span class='ocrx_word' id='word_1_384' title='bbox 2991 1984 3162 2037; x_wconf 77' lang='lat' dir='ltr'><strong>divini</strong></span> <span class='ocrx_word' id='word_1_385' title='bbox 3200 2000 3395 2038; x_wconf 83' lang='lat' dir='ltr'><strong>nomen</strong></span> <span class='ocrx_word' id='word_1_386' title='bbox 3440 1997 3527 2039; x_wconf 83' lang='lat' dir='ltr'><strong>at-</strong></span> 
     </span>
    </p>
   </div>
   <div class='ocr_carea' id='block_1_63' title="bbox 1963 2077 3526 2148">
    <p class='ocr_par' dir='ltr' id='par_1_63' title="bbox 1963 2077 3526 2148">
     <span class='ocr_line' id='line_1_63' title="bbox 1963 2077 3526 2148; baseline -0.001 -14"><span class='ocrx_word' id='word_1_387' title='bbox 1963 2080 2228 2134; x_wconf 92' lang='lat' dir='ltr'><strong>tribuitur</strong></span> <span class='ocrx_word' id='word_1_388' title='bbox 2264 2097 2276 2132; x_wconf 91' lang='lat'><strong>:</strong></span> <span class='ocrx_word' id='word_1_389' title='bbox 2313 2079 2456 2148; x_wconf 88' lang='lat' dir='ltr'><strong>quod</strong></span> <span class='ocrx_word' id='word_1_390' title='bbox 2490 2077 2710 2146; x_wconf 89' lang='lat' dir='ltr'><strong>quidem</strong></span> <span class='ocrx_word' id='word_1_391' title='bbox 2747 2077 3080 2143; x_wconf 82' lang='lat' dir='ltr'><strong>spiraculum</strong></span> <span class='ocrx_word' id='word_1_392' title='bbox 3141 2077 3376 2130; x_wconf 90' lang='lat' dir='ltr'><strong>animam</strong></span> <span class='ocrx_word' id='word_1_393' title='bbox 3433 2095 3526 2132; x_wconf 83' lang='lat' dir='ltr'><strong>ra-</strong></span> 
     </span>
    </p>
   </div>
   <div class='ocr_carea' id='block_1_64' title="bbox 1962 2167 3529 2237">
    <p class='ocr_par' dir='ltr' id='par_1_64' title="bbox 1962 2167 3529 2237">
     <span class='ocr_line' id='line_1_64' title="bbox 1962 2167 3529 2237; baseline -0.002 -11"><span class='ocrx_word' id='word_1_394' title='bbox 1962 2173 2126 2226; x_wconf 85' lang='lat' dir='ltr'><strong>tionis</strong></span> <span class='ocrx_word' id='word_1_395' title='bbox 2152 2181 2206 2224; x_wconf 92' lang='lat' dir='ltr'><strong>et</strong></span> <span class='ocrx_word' id='word_1_396' title='bbox 2235 2171 2546 2223; x_wconf 91' lang='lat' dir='ltr'><strong>intellectus</strong></span> <span class='ocrx_word' id='word_1_397' title='bbox 2577 2167 2924 2237; x_wconf 83' lang='lat' dir='ltr'><strong>participem,</strong></span> <span class='ocrx_word' id='word_1_398' title='bbox 2953 2175 3113 2235; x_wconf 91' lang='lat' dir='ltr'><strong>atque</strong></span> <span class='ocrx_word' id='word_1_399' title='bbox 3140 2169 3276 2222; x_wconf 85' lang='lat' dir='ltr'><strong>adeo</strong></span> <span class='ocrx_word' id='word_1_400' title='bbox 3304 2171 3529 2224; x_wconf 89' lang='lat' dir='ltr'><strong>immor-</strong></span> 
     </span>
    </p>
   </div>
   <div class='ocr_carea' id='block_1_65' title="bbox 1961 2265 2402 2319">
    <p class='ocr_par' dir='ltr' id='par_1_65' title="bbox 1961 2265 2402 2319">
     <span class='ocr_line' id='line_1_65' title="bbox 1961 2265 2402 2319; baseline -0.007 0"><span class='ocrx_word' id='word_1_401' title='bbox 1961 2267 2118 2319; x_wconf 86' lang='lat' dir='ltr'><strong>talem</strong></span> <span class='ocrx_word' id='word_1_402' title='bbox 2147 2265 2402 2317; x_wconf 89' lang='lat' dir='ltr'><strong>dicimus.</strong></span> 
     </span>
    </p>
   </div>
   <div class='ocr_carea' id='block_1_66' title="bbox 2032 2350 3528 2409">
    <p class='ocr_par' dir='ltr' id='par_1_66' title="bbox 2032 2350 3528 2409">
     <span class='ocr_line' id='line_1_66' title="bbox 2032 2350 3528 2409; baseline -0.001 0"><span class='ocrx_word' id='word_1_403' title='bbox 2032 2355 2182 2409; x_wconf 82' lang='lat' dir='ltr'><strong>Alias</strong></span> <span class='ocrx_word' id='word_1_404' title='bbox 2219 2368 2350 2406; x_wconf 79' lang='lat' dir='ltr'><strong>vero</strong></span> <span class='ocrx_word' id='word_1_405' title='bbox 2403 2350 2789 2404; x_wconf 84' lang='lat' dir='ltr'><strong>communibus</strong></span> <span class='ocrx_word' id='word_1_406' title='bbox 2827 2350 3072 2404; x_wconf 89' lang='lat' dir='ltr'><strong>omnium</strong></span> <span class='ocrx_word' id='word_1_407' title='bbox 3117 2358 3171 2405; x_wconf 94' lang='lat' dir='ltr'><strong>et</strong></span> <span class='ocrx_word' id='word_1_408' title='bbox 3210 2350 3528 2408; x_wconf 81' lang='lat' dir='ltr'><strong>notionibus</strong></span> 
     </span>
    </p>
   </div>
   <div class='ocr_carea' id='block_1_67' title="bbox 1957 2439 3530 2513">
    <p class='ocr_par' dir='ltr' id='par_1_67' title="bbox 1957 2439 3530 2513">
     <span class='ocr_line' id='line_1_67' title="bbox 1957 2439 3530 2513; baseline -0.003 -14"><span class='ocrx_word' id='word_1_409' title='bbox 1957 2456 2006 2499; x_wconf 92' lang='lat' dir='ltr'><strong>et</strong></span> <span class='ocrx_word' id='word_1_410' title='bbox 2041 2443 2394 2513; x_wconf 90' lang='lat' dir='ltr'><strong>opinionibus</strong></span> <span class='ocrx_word' id='word_1_411' title='bbox 2437 2440 2632 2509; x_wconf 85' lang='lat' dir='ltr'><strong>dogma</strong></span> <span class='ocrx_word' id='word_1_412' title='bbox 2662 2439 2978 2508; x_wconf 87' lang='lat' dir='ltr'><strong>hujusmodi</strong></span> <span class='ocrx_word' id='word_1_413' title='bbox 3017 2449 3308 2508; x_wconf 87' lang='lat' dir='ltr'><strong>repugnat.</strong></span> <span class='ocrx_word' id='word_1_414' title='bbox 3367 2439 3530 2494; x_wconf 90' lang='lat' dir='ltr'><strong>Com-</strong></span> 
     </span>
    </p>
   </div>
   <div class='ocr_carea' id='block_1_68' title="bbox 1959 2533 3526 2602">
    <p class='ocr_par' dir='ltr' id='par_1_68' title="bbox 1959 2533 3526 2602">
     <span class='ocr_line' id='line_1_68' title="bbox 1959 2533 3526 2602; baseline -0.003 -12"><span class='ocrx_word' id='word_1_415' title='bbox 1959 2538 2112 2590; x_wconf 90' lang='lat' dir='ltr'><strong>muni</strong></span> <span class='ocrx_word' id='word_1_416' title='bbox 2141 2537 2286 2588; x_wconf 90' lang='lat' dir='ltr'><strong>enim</strong></span> <span class='ocrx_word' id='word_1_417' title='bbox 2323 2533 2592 2602; x_wconf 86' lang='lat' dir='ltr'><strong>gentium,</strong></span> <span class='ocrx_word' id='word_1_418' title='bbox 2639 2541 2910 2601; x_wconf 79' lang='lat' dir='ltr'><strong>quotquot</strong></span> <span class='ocrx_word' id='word_1_419' title='bbox 2934 2541 3063 2586; x_wconf 86' lang='lat' dir='ltr'><strong>sunt</strong></span> <span class='ocrx_word' id='word_1_420' title='bbox 3097 2547 3391 2595; x_wconf 89' lang='lat' dir='ltr'><strong>consensu,</strong></span> <span class='ocrx_word' id='word_1_421' title='bbox 3422 2533 3526 2586; x_wconf 86' lang='lat' dir='ltr'><strong>im-</strong></span> 
     </span>
    </p>
   </div>
   <div class='ocr_carea' id='block_1_69' title="bbox 1959 2622 3527 2690">
    <p class='ocr_par' dir='ltr' id='par_1_69' title="bbox 1959 2622 3527 2690">
     <span class='ocr_line' id='line_1_69' title="bbox 1959 2622 3527 2690; baseline -0.001 -10"><span class='ocrx_word' id='word_1_422' title='bbox 1959 2627 2219 2680; x_wconf 87' lang='lat' dir='ltr'><strong>mortales</strong></span> <span class='ocrx_word' id='word_1_423' title='bbox 2280 2639 2400 2677; x_wconf 88' lang='lat' dir='ltr'><strong>esse</strong></span> <span class='ocrx_word' id='word_1_424' title='bbox 2458 2623 2654 2675; x_wconf 68' lang='lat' dir='ltr'><strong>animae</strong></span> <span class='ocrx_word' id='word_1_425' title='bbox 2704 2622 3011 2676; x_wconf 77' lang='lat' dir='ltr'><strong>videntur:</strong></span> <span class='ocrx_word' id='word_1_426' title='bbox 3064 2622 3330 2690; x_wconf 84' lang='lat' dir='ltr'><strong>multique</strong></span> <span class='ocrx_word' id='word_1_427' title='bbox 3391 2623 3527 2678; x_wconf 88' lang='lat' dir='ltr'><strong>adeo</strong></span> 
     </span>
    </p>
   </div>
   <div class='ocr_carea' id='block_1_70' title="bbox 1961 2713 3524 2778">
    <p class='ocr_par' dir='ltr' id='par_1_70' title="bbox 1961 2713 3524 2778">
     <span class='ocr_line' id='line_1_70' title="bbox 1961 2713 3524 2778; baseline -0.003 -7"><span class='ocrx_word' id='word_1_428' title='bbox 1961 2719 2346 2771; x_wconf 54' lang='lat' dir='ltr'><strong>necromantia</strong></span> <span class='ocrx_word' id='word_1_429' title='bbox 2395 2714 2622 2767; x_wconf 85' lang='lat' dir='ltr'><strong>studiosi</strong></span> <span class='ocrx_word' id='word_1_430' title='bbox 2673 2713 2882 2766; x_wconf 87' lang='lat' dir='ltr'><strong>animas</strong></span> <span class='ocrx_word' id='word_1_431' title='bbox 2912 2721 3231 2778; x_wconf 84' lang='lat' dir='ltr'><strong>evocarunt,</strong></span> <span class='ocrx_word' id='word_1_432' title='bbox 3260 2723 3317 2767; x_wconf 92' lang='lat' dir='ltr'><strong>et</strong></span> <span class='ocrx_word' id='word_1_433' title='bbox 3348 2713 3415 2767; x_wconf 93' lang='lat' dir='ltr'><strong>de</strong></span> <span class='ocrx_word' id='word_1_434' title='bbox 3439 2731 3524 2767; x_wconf 84' lang='lat' dir='ltr'><strong>re-</strong></span> 
     </span>
    </p>
   </div>
   <div class='ocr_carea' id='block_1_71' title="bbox 1961 2805 2834 2871">
    <p class='ocr_par' dir='ltr' id='par_1_71' title="bbox 1961 2805 2834 2871">
     <span class='ocr_line' id='line_1_71' title="bbox 1961 2805 2834 2871; baseline -0.01 -8"><span class='ocrx_word' id='word_1_435' title='bbox 1961 2809 2064 2863; x_wconf 91' lang='lat' dir='ltr'><strong>bus</strong></span> <span class='ocrx_word' id='word_1_436' title='bbox 2112 2806 2312 2861; x_wconf 87' lang='lat' dir='ltr'><strong>futuris</strong></span> <span class='ocrx_word' id='word_1_437' title='bbox 2353 2805 2654 2871; x_wconf 82' lang='lat' dir='ltr'><strong>percontati</strong></span> <span class='ocrx_word' id='word_1_438' title='bbox 2686 2811 2834 2859; x_wconf 91' lang='lat' dir='ltr'><strong>sunt.</strong></span> 
     </span>
    </p>
   </div>
   <div class='ocr_carea' id='block_1_72' title="bbox 2032 2895 3528 2964">
    <p class='ocr_par' dir='ltr' id='par_1_72' title="bbox 2032 2895 3528 2964">
     <span class='ocr_line' id='line_1_72' title="bbox 2032 2895 3528 2964; baseline -0.002 -12"><span class='ocrx_word' id='word_1_439' title='bbox 2032 2898 2355 2952; x_wconf 83' lang='lat' dir='ltr'><strong>Aristoteles</strong></span> <span class='ocrx_word' id='word_1_440' title='bbox 2384 2911 2533 2964; x_wconf 83' lang='lat' dir='ltr'><strong>ergo,</strong></span> <span class='ocrx_word' id='word_1_441' title='bbox 2561 2905 2614 2948; x_wconf 89' lang='lat' dir='ltr'><strong>ct</strong></span> <span class='ocrx_word' id='word_1_442' title='bbox 2641 2895 2893 2964; x_wconf 86' lang='lat' dir='ltr'><strong>quisquis</strong></span> <span class='ocrx_word' id='word_1_443' title='bbox 2921 2895 3071 2947; x_wconf 91' lang='lat' dir='ltr'><strong>illum</strong></span> <span class='ocrx_word' id='word_1_444' title='bbox 3097 2903 3320 2948; x_wconf 91' lang='lat' dir='ltr'><strong>secutus</strong></span> <span class='ocrx_word' id='word_1_445' title='bbox 3347 2895 3528 2950; x_wconf 85' lang='lat' dir='ltr'><strong>Thae-</strong></span> 
     </span>
    </p>
   </div>
   <div class='ocr_carea' id='block_1_73' title="bbox 1965 2986 3524 3058">
    <p class='ocr_par' dir='ltr' id='par_1_73' title="bbox 1965 2986 3524 3058">
     <span class='ocr_line' id='line_1_73' title="bbox 1965 2986 3524 3058; baseline -0.001 -16"><span class='ocrx_word' id='word_1_446' title='bbox 1965 2989 2349 3058; x_wconf 70' lang='lat' dir='ltr'><strong>tolisychicus,</strong></span> <span class='ocrx_word' id='word_1_447' title='bbox 2411 2987 2648 3038; x_wconf 88' lang='lat' dir='ltr'><strong>animam</strong></span> <span class='ocrx_word' id='word_1_448' title='bbox 2691 2986 3006 3038; x_wconf 89' lang='lat' dir='ltr'><strong>mortalitati</strong></span> <span class='ocrx_word' id='word_1_449' title='bbox 3053 2986 3343 3039; x_wconf 81' lang='lat' dir='ltr'><strong>obnoxiam</strong></span> <span class='ocrx_word' id='word_1_450' title='bbox 3399 2988 3524 3040; x_wconf 88' lang='lat' dir='ltr'><strong>lana</strong></span> 
     </span>
    </p>
   </div>
   <div class='ocr_carea' id='block_1_74' title="bbox 1964 3076 3524 3146">
    <p class='ocr_par' dir='ltr' id='par_1_74' title="bbox 1964 3076 3524 3146">
     <span class='ocr_line' id='line_1_74' title="bbox 1964 3076 3524 3146; baseline -0.003 -14"><span class='ocrx_word' id='word_1_451' title='bbox 1964 3080 2290 3140; x_wconf 85' lang='lat' dir='ltr'><strong>redimitus,</strong></span> <span class='ocrx_word' id='word_1_452' title='bbox 2337 3087 2730 3146; x_wconf 84' lang='lat' dir='ltr'><strong>unguentoque</strong></span> <span class='ocrx_word' id='word_1_453' title='bbox 2785 3076 3101 3137; x_wconf 83' lang='lat' dir='ltr'><strong>delibutus,</strong></span> <span class='ocrx_word' id='word_1_454' title='bbox 3163 3076 3524 3130; x_wconf 85' lang='lat' dir='ltr'><strong>hirundinum</strong></span> 
     </span>
    </p>
   </div>
   <div class='ocr_carea' id='block_1_75' title="bbox 1889 3166 3525 3251">
    <p class='ocr_par' dir='ltr' id='par_1_75' title="bbox 1889 3166 3525 3251">
     <span class='ocr_line' id='line_1_75' title="bbox 1889 3166 3525 3251; baseline -0.001 -28"><span class='ocrx_word' id='word_1_455' title='bbox 1889 3193 1928 3251; x_wconf 69' lang='grc' dir='ltr'>ο</span> <span class='ocrx_word' id='word_1_456' title='bbox 1967 3187 2116 3223; x_wconf 91' lang='lat' dir='ltr'><strong>more</strong></span> <span class='ocrx_word' id='word_1_457' title='bbox 2172 3170 2392 3222; x_wconf 89' lang='lat' dir='ltr'><strong>asserit.</strong></span> <span class='ocrx_word' id='word_1_458' title='bbox 2449 3168 2527 3220; x_wconf 85' lang='lat' dir='ltr'><strong>Ab</strong></span> <span class='ocrx_word' id='word_1_459' title='bbox 2576 3182 2766 3218; x_wconf 90' lang='lat' dir='ltr'><strong>eorum</strong></span> <span class='ocrx_word' id='word_1_460' title='bbox 2819 3178 2963 3219; x_wconf 69' lang='lat' dir='ltr'><strong>coetu</strong></span> <span class='ocrx_word' id='word_1_461' title='bbox 3015 3166 3372 3233; x_wconf 78' lang='lat' dir='ltr'><strong>explodatur,</strong></span> <span class='ocrx_word' id='word_1_462' title='bbox 3427 3170 3525 3236; x_wconf 88' lang='lat' dir='ltr'><strong>qui</strong></span> 
     </span>
    </p>
   </div>
   <div class='ocr_carea' id='block_1_76' title="bbox 1959 3256 3525 3316">
    <p class='ocr_par' dir='ltr' id='par_1_76' title="bbox 1959 3256 3525 3316">
     <span class='ocr_line' id='line_1_76' title="bbox 1959 3256 3525 3316; baseline -0.001 -1"><span class='ocrx_word' id='word_1_463' title='bbox 1959 3262 2177 3316; x_wconf 88' lang='lat' dir='ltr'><strong>Christo</strong></span> <span class='ocrx_word' id='word_1_464' title='bbox 2207 3259 2426 3312; x_wconf 90' lang='lat' dir='ltr'><strong>nomina</strong></span> <span class='ocrx_word' id='word_1_465' title='bbox 2456 3257 2748 3311; x_wconf 78' lang='lat' dir='ltr'><strong>dtulerunt.</strong></span> <span class='ocrx_word' id='word_1_466' title='bbox 2780 3256 2916 3310; x_wconf 83' lang='lat' dir='ltr'><strong>Nam</strong></span> <span class='ocrx_word' id='word_1_467' title='bbox 2945 3257 3195 3310; x_wconf 89' lang='lat' dir='ltr'><strong>Christus</strong></span> <span class='ocrx_word' id='word_1_468' title='bbox 3221 3271 3252 3310; x_wconf 89' lang='lat' dir='ltr'><strong>a</strong></span> <span class='ocrx_word' id='word_1_469' title='bbox 3294 3259 3525 3313; x_wconf 87' lang='lat' dir='ltr'><strong>mortuis</strong></span> 
     </span>
    </p>
   </div>
   <div class='ocr_carea' id='block_1_77' title="bbox 1959 3348 3523 3417">
    <p class='ocr_par' dir='ltr' id='par_1_77' title="bbox 1959 3348 3523 3417">
     <span class='ocr_line' id='line_1_77' title="bbox 1959 3348 3523 3417; baseline -0.003 -12"><span class='ocrx_word' id='word_1_470' title='bbox 1959 3353 2216 3411; x_wconf 82' lang='lat' dir='ltr'><strong>surrexit,</strong></span> <span class='ocrx_word' id='word_1_471' title='bbox 2253 3361 2306 3403; x_wconf 89' lang='lat' dir='ltr'><strong>et</strong></span> <span class='ocrx_word' id='word_1_472' title='bbox 2335 3350 2452 3402; x_wconf 84' lang='lat' dir='ltr'><strong>fore</strong></span> <span class='ocrx_word' id='word_1_473' title='bbox 2491 3348 2765 3417; x_wconf 60' lang='lat' dir='ltr'><strong>pollicitus</strong></span> <span class='ocrx_word' id='word_1_474' title='bbox 2796 3356 2914 3411; x_wconf 91' lang='lat' dir='ltr'><strong>est,</strong></span> <span class='ocrx_word' id='word_1_475' title='bbox 2969 3355 3027 3400; x_wconf 92' lang='lat' dir='ltr'><strong>ut</strong></span> <span class='ocrx_word' id='word_1_476' title='bbox 3051 3358 3107 3401; x_wconf 90' lang='lat' dir='ltr'><strong>et</strong></span> <span class='ocrx_word' id='word_1_477' title='bbox 3139 3362 3240 3401; x_wconf 88' lang='lat' dir='ltr'><strong>nos</strong></span> <span class='ocrx_word' id='word_1_478' title='bbox 3274 3348 3523 3416; x_wconf 77' lang='lat' dir='ltr'><strong>aliquast-</strong></span> 
     </span>
    </p>
   </div>
   <div class='ocr_carea' id='block_1_78' title="bbox 1958 3445 2425 3510">
    <p class='ocr_par' dir='ltr' id='par_1_78' title="bbox 1958 3445 2425 3510">
     <span class='ocr_line' id='line_1_78' title="bbox 1958 3445 2425 3510; baseline -0.009 -14"><span class='ocrx_word' id='word_1_479' title='bbox 1958 3445 2028 3496; x_wconf 93' lang='lat' dir='ltr'><strong>do</strong></span> <span class='ocrx_word' id='word_1_480' title='bbox 2059 3456 2425 3510; x_wconf 87' lang='lat' dir='ltr'><strong>resurgamus.</strong></span> 
     </span>
    </p>
   </div>
   <div class='ocr_carea' id='block_1_79' title="bbox 2027 3531 3524 3602">
    <p class='ocr_par' dir='ltr' id='par_1_79' title="bbox 2027 3531 3524 3602">
     <span class='ocr_line' id='line_1_79' title="bbox 2027 3531 3524 3602; baseline -0.003 -12"><span class='ocrx_word' id='word_1_481' title='bbox 2027 3538 2179 3602; x_wconf 87' lang='lat' dir='ltr'><strong>Quod</strong></span> <span class='ocrx_word' id='word_1_482' title='bbox 2215 3546 2394 3589; x_wconf 85' lang='lat' dir='ltr'><strong>autem</strong></span> <span class='ocrx_word' id='word_1_483' title='bbox 2436 3534 2690 3588; x_wconf 89' lang='lat' dir='ltr'><strong>Salomon</strong></span> <span class='ocrx_word' id='word_1_484' title='bbox 2720 3534 2795 3586; x_wconf 87' lang='lat' dir='ltr'><strong>ait</strong></span> <span class='ocrx_word' id='word_1_485' title='bbox 2836 3551 2848 3587; x_wconf 86' lang='lat'><strong>:</strong></span> <span class='ocrx_word' id='word_1_486' title='bbox 2897 3531 3024 3597; x_wconf 82' lang='lat' dir='ltr'><strong>Quis</strong></span> <span class='ocrx_word' id='word_1_487' title='bbox 3067 3534 3208 3585; x_wconf 81' lang='lat' dir='ltr'><strong>navit</strong></span> <span class='ocrx_word' id='word_1_488' title='bbox 3235 3534 3279 3585; x_wconf 88' lang='lat' dir='ltr'><strong>si</strong></span> <span class='ocrx_word' id='word_1_489' title='bbox 3309 3534 3524 3602; x_wconf 78' lang='lat' dir='ltr'><strong>spiritus</strong></span> 
     </span>
    </p>
   </div>
   <div class='ocr_carea' id='block_1_80' title="bbox 1958 3627 3528 3697">
    <p class='ocr_par' dir='ltr' id='par_1_80' title="bbox 1958 3627 3528 3697">
     <span class='ocr_line' id='line_1_80' title="bbox 1958 3627 3528 3697; baseline -0.003 -16"><span class='ocrx_word' id='word_1_490' title='bbox 1958 3630 2192 3697; x_wconf 81' lang='lat' dir='ltr'><strong>ﬁliorum</strong></span> <span class='ocrx_word' id='word_1_491' title='bbox 2233 3627 2402 3679; x_wconf 82' lang='lat' dir='ltr'><strong>Adam</strong></span> <span class='ocrx_word' id='word_1_492' title='bbox 2445 3628 2695 3679; x_wconf 81' lang='lat' dir='ltr'><strong>ascendat</strong></span> <span class='ocrx_word' id='word_1_493' title='bbox 2745 3643 2976 3681; x_wconf 79' lang='lat' dir='ltr'><strong>sursum.</strong></span> <span class='ocrx_word' id='word_1_494' title='bbox 3025 3636 3075 3677; x_wconf 76' lang='lat' dir='ltr'><strong>et</strong></span> <span class='ocrx_word' id='word_1_495' title='bbox 3111 3628 3155 3678; x_wconf 88' lang='lat' dir='ltr'><strong>si</strong></span> <span class='ocrx_word' id='word_1_496' title='bbox 3183 3628 3400 3692; x_wconf 83' lang='lat' dir='ltr'><strong>spiritus</strong></span> <span class='ocrx_word' id='word_1_497' title='bbox 3432 3627 3528 3694; x_wconf 80' lang='lat' dir='ltr'><strong>ju-</strong></span> 
     </span>
    </p>
   </div>
   <div class='ocr_carea' id='block_1_81' title="bbox 1960 3716 3526 3785">
    <p class='ocr_par' dir='ltr' id='par_1_81' title="bbox 1960 3716 3526 3785">
     <span class='ocr_line' id='line_1_81' title="bbox 1960 3716 3526 3785; baseline 0.001 -18"><span class='ocrx_word' id='word_1_498' title='bbox 1960 3727 2249 3772; x_wconf 84' lang='lat' dir='ltr'><strong>mentorum</strong></span> <span class='ocrx_word' id='word_1_499' title='bbox 2281 3717 2554 3771; x_wconf 82' lang='lat' dir='ltr'><strong>descendat</strong></span> <span class='ocrx_word' id='word_1_500' title='bbox 2592 3718 2834 3771; x_wconf 70' lang='lat' dir='ltr'><strong>deorsum</strong></span> <span class='ocrx_word' id='word_1_501' title='bbox 2863 3717 2907 3770; x_wconf 71' lang='lat'><strong>‘?</strong></span> <span class='ocrx_word' id='word_1_502' title='bbox 2951 3716 3002 3770; x_wconf 90' lang='lat' dir='ltr'><strong>ld</strong></span> <span class='ocrx_word' id='word_1_503' title='bbox 3033 3732 3162 3771; x_wconf 76' lang='lat' dir='ltr'><strong>vero</strong></span> <span class='ocrx_word' id='word_1_504' title='bbox 3201 3716 3357 3785; x_wconf 85' lang='lat' dir='ltr'><strong>longe</strong></span> <span class='ocrx_word' id='word_1_505' title='bbox 3380 3716 3526 3769; x_wconf 84' lang='lat' dir='ltr'><strong>aliud</strong></span> 
     </span>
    </p>
   </div>
   <div class='ocr_carea' id='block_1_82' title="bbox 1957 3808 3526 3868">
    <p class='ocr_par' dir='ltr' id='par_1_82' title="bbox 1957 3808 3526 3868">
     <span class='ocr_line' id='line_1_82' title="bbox 1957 3808 3526 3868; baseline -0.002 -4"><span class='ocrx_word' id='word_1_506' title='bbox 1957 3823 2061 3868; x_wconf 88' lang='lat' dir='ltr'><strong>est.</strong></span> <span class='ocrx_word' id='word_1_507' title='bbox 2099 3812 2209 3865; x_wconf 83' lang='lat' dir='ltr'><strong>Nec</strong></span> <span class='ocrx_word' id='word_1_508' title='bbox 2238 3810 2383 3863; x_wconf 90' lang='lat' dir='ltr'><strong>enim</strong></span> <span class='ocrx_word' id='word_1_509' title='bbox 2417 3810 2483 3862; x_wconf 89' lang='lat' dir='ltr'><strong>de</strong></span> <span class='ocrx_word' id='word_1_510' title='bbox 2538 3809 2854 3863; x_wconf 86' lang='lat' dir='ltr'><strong>hominibus</strong></span> <span class='ocrx_word' id='word_1_511' title='bbox 2896 3817 2951 3862; x_wconf 85' lang='lat' dir='ltr'><strong>et</strong></span> <span class='ocrx_word' id='word_1_512' title='bbox 2991 3808 3168 3862; x_wconf 88' lang='lat' dir='ltr'><strong>brutis</strong></span> <span class='ocrx_word' id='word_1_513' title='bbox 3205 3824 3271 3862; x_wconf 92' lang='lat' dir='ltr'><strong>eo</strong></span> <span class='ocrx_word' id='word_1_514' title='bbox 3307 3809 3360 3862; x_wconf 91' lang='lat' dir='ltr'><strong>in</strong></span> <span class='ocrx_word' id='word_1_515' title='bbox 3404 3809 3526 3862; x_wconf 91' lang='lat' dir='ltr'><strong>loco</strong></span> 
     </span>
    </p>
   </div>
   <div class='ocr_carea' id='block_1_83' title="bbox 1959 3902 3513 3970">
    <p class='ocr_par' dir='ltr' id='par_1_83' title="bbox 1959 3902 3513 3970">
     <span class='ocr_line' id='line_1_83' title="bbox 1959 3902 3513 3970; baseline -0.003 -12"><span class='ocrx_word' id='word_1_516' title='bbox 1959 3903 2129 3965; x_wconf 82' lang='lat' dir='ltr'><strong>verba</strong></span> <span class='ocrx_word' id='word_1_517' title='bbox 2161 3902 2310 3966; x_wconf 90' lang='lat' dir='ltr'><strong>facit,</strong></span> <span class='ocrx_word' id='word_1_518' title='bbox 2369 3910 2642 3970; x_wconf 90' lang='lat' dir='ltr'><strong>quatenus</strong></span> <span class='ocrx_word' id='word_1_519' title='bbox 2691 3902 2972 3955; x_wconf 92' lang='lat' dir='ltr'><strong>hominum</strong></span> <span class='ocrx_word' id='word_1_520' title='bbox 3016 3903 3193 3955; x_wconf 85' lang='lat' dir='ltr'><strong>anima</strong></span> <span class='ocrx_word' id='word_1_521' title='bbox 3247 3903 3513 3964; x_wconf 73' lang='lat' dir='ltr'><strong>rationis,,</strong></span> 
     </span>
    </p>
   </div>
   <div class='ocr_carea' id='block_1_84' title="bbox 1958 3993 3528 4063">
    <p class='ocr_par' dir='ltr' id='par_1_84' title="bbox 1958 3993 3528 4063">
     <span class='ocr_line' id='line_1_84' title="bbox 1958 3993 3528 4063; baseline -0.001 -15"><span class='ocrx_word' id='word_1_522' title='bbox 1958 3995 2245 4049; x_wconf 87' lang='lat' dir='ltr'><strong>brutorum</strong></span> <span class='ocrx_word' id='word_1_523' title='bbox 2279 4003 2460 4046; x_wconf 88' lang='lat' dir='ltr'><strong>autem</strong></span> <span class='ocrx_word' id='word_1_524' title='bbox 2494 3994 2613 4047; x_wconf 70' lang='lat' dir='ltr'><strong>vitae</strong></span> <span class='ocrx_word' id='word_1_525' title='bbox 2646 4001 2855 4046; x_wconf 88' lang='lat' dir='ltr'><strong>tantum</strong></span> <span class='ocrx_word' id='word_1_526' title='bbox 2878 3993 3042 4062; x_wconf 85' lang='lat' dir='ltr'><strong>idque</strong></span> <span class='ocrx_word' id='word_1_527' title='bbox 3061 3994 3343 4063; x_wconf 87' lang='lat' dir='ltr'><strong>sanguinis</strong></span> <span class='ocrx_word' id='word_1_528' title='bbox 3364 3994 3528 4047; x_wconf 81' lang='lat' dir='ltr'><strong>bene-</strong></span> 
     </span>
    </p>
   </div>
   <div class='ocr_carea' id='block_1_85' title="bbox 1959 4085 3515 4154">
    <p class='ocr_par' dir='ltr' id='par_1_85' title="bbox 1959 4085 3515 4154">
     <span class='ocr_line' id='line_1_85' title="bbox 1959 4085 3515 4154; baseline -0.002 -15"><span class='ocrx_word' id='word_1_529' title='bbox 1959 4087 2082 4140; x_wconf 84' lang='lat' dir='ltr'><strong>ﬁcio</strong></span> <span class='ocrx_word' id='word_1_530' title='bbox 2111 4085 2382 4154; x_wconf 89' lang='lat' dir='ltr'><strong>particeps</strong></span> <span class='ocrx_word' id='word_1_531' title='bbox 2413 4093 2513 4148; x_wconf 90' lang='lat' dir='ltr'><strong>est,</strong></span> <span class='ocrx_word' id='word_1_532' title='bbox 2552 4099 2651 4138; x_wconf 85' lang='lat' dir='ltr'><strong>nec</strong></span> <span class='ocrx_word' id='word_1_533' title='bbox 2680 4085 2874 4137; x_wconf 91' lang='lat' dir='ltr'><strong>horum</strong></span> <span class='ocrx_word' id='word_1_534' title='bbox 2927 4085 3225 4154; x_wconf 83' lang='lat' dir='ltr'><strong>quidquam</strong></span> <span class='ocrx_word' id='word_1_535' title='bbox 3269 4099 3299 4137; x_wconf 90' lang='lat' dir='ltr'><strong>a</strong></span> <span class='ocrx_word' id='word_1_536' title='bbox 3340 4094 3515 4136; x_wconf 91' lang='lat' dir='ltr'><strong>morte</strong></span> 
     </span>
    </p>
   </div>
   <div class='ocr_carea' id='block_1_86' title="bbox 1958 4178 3524 4245">
    <p class='ocr_par' dir='ltr' id='par_1_86' title="bbox 1958 4178 3524 4245">
     <span class='ocr_line' id='line_1_86' title="bbox 1958 4178 3524 4245; baseline -0.002 -15"><span class='ocrx_word' id='word_1_537' title='bbox 1958 4186 2250 4245; x_wconf 88' lang='lat' dir='ltr'><strong>superest:</strong></span> <span class='ocrx_word' id='word_1_538' title='bbox 2307 4185 2361 4229; x_wconf 86' lang='lat' dir='ltr'><strong>et</strong></span> <span class='ocrx_word' id='word_1_539' title='bbox 2422 4191 2524 4229; x_wconf 87' lang='lat' dir='ltr'><strong>una</strong></span> <span class='ocrx_word' id='word_1_540' title='bbox 2583 4191 2706 4228; x_wconf 90' lang='lat' dir='ltr'><strong>cum</strong></span> <span class='ocrx_word' id='word_1_541' title='bbox 2759 4191 2989 4244; x_wconf 90' lang='lat' dir='ltr'><strong>corpore</strong></span> <span class='ocrx_word' id='word_1_542' title='bbox 3068 4178 3247 4229; x_wconf 88' lang='lat' dir='ltr'><strong>anima</strong></span> <span class='ocrx_word' id='word_1_543' title='bbox 3307 4190 3524 4244; x_wconf 93' lang='lat' dir='ltr'><strong>quoque</strong></span> 
     </span>
    </p>
   </div>
   <div class='ocr_carea' id='block_1_87' title="bbox 1960 4266 3529 4338">
    <p class='ocr_par' dir='ltr' id='par_1_87' title="bbox 1960 4266 3529 4338">
     <span class='ocr_line' id='line_1_87' title="bbox 1960 4266 3529 4338; baseline -0.003 -16"><span class='ocrx_word' id='word_1_544' title='bbox 1960 4270 2075 4338; x_wconf 90' lang='lat' dir='ltr'><strong>ipsa</strong></span> <span class='ocrx_word' id='word_1_545' title='bbox 2108 4267 2444 4321; x_wconf 83' lang='lat' dir='ltr'><strong>dissolvitur.</strong></span> <span class='ocrx_word' id='word_1_546' title='bbox 2486 4266 2771 4319; x_wconf 83' lang='lat' dir='ltr'><strong>Hominum</strong></span> <span class='ocrx_word' id='word_1_547' title='bbox 2801 4283 2962 4335; x_wconf 91' lang='lat' dir='ltr'><strong>porro</strong></span> <span class='ocrx_word' id='word_1_548' title='bbox 2991 4266 3129 4319; x_wconf 81' lang='lat' dir='ltr'><strong>ﬁlios</strong></span> <span class='ocrx_word' id='word_1_549' title='bbox 3154 4269 3255 4320; x_wconf 89' lang='lat' dir='ltr'><strong>hoc</strong></span> <span class='ocrx_word' id='word_1_550' title='bbox 3281 4268 3399 4320; x_wconf 87' lang='lat' dir='ltr'><strong>loco</strong></span> <span class='ocrx_word' id='word_1_551' title='bbox 3428 4280 3529 4318; x_wconf 85' lang='lat' dir='ltr'><strong>eos</strong></span> 
     </span>
    </p>
   </div>
   <div class='ocr_carea' id='block_1_88' title="bbox 1961 4358 3522 4429">
    <p class='ocr_par' dir='ltr' id='par_1_88' title="bbox 1961 4358 3522 4429">
     <span class='ocr_line' id='line_1_88' title="bbox 1961 4358 3522 4429; baseline -0.002 -15"><span class='ocrx_word' id='word_1_552' title='bbox 1961 4362 2012 4414; x_wconf 92' lang='lat' dir='ltr'><strong>in</strong></span> <span class='ocrx_word' id='word_1_553' title='bbox 2044 4360 2230 4429; x_wconf 88' lang='lat' dir='ltr'><strong>primis</strong></span> <span class='ocrx_word' id='word_1_554' title='bbox 2261 4368 2436 4423; x_wconf 85' lang='lat' dir='ltr'><strong>vocat,</strong></span> <span class='ocrx_word' id='word_1_555' title='bbox 2491 4359 2583 4426; x_wconf 93' lang='lat' dir='ltr'><strong>qui</strong></span> <span class='ocrx_word' id='word_1_556' title='bbox 2617 4375 2681 4411; x_wconf 80' lang='lat' dir='ltr'><strong>ex</strong></span> <span class='ocrx_word' id='word_1_557' title='bbox 2734 4358 2964 4413; x_wconf 88' lang='lat' dir='ltr'><strong>rationis</strong></span> <span class='ocrx_word' id='word_1_558' title='bbox 2993 4359 3310 4427; x_wconf 67' lang='lat' dir='ltr'><strong>praescripto</strong></span> <span class='ocrx_word' id='word_1_559' title='bbox 3355 4358 3522 4411; x_wconf 80' lang='lat' dir='ltr'><strong>vitam</strong></span> 
     </span>
    </p>
   </div>
   <div class='ocr_carea' id='block_1_89' title="bbox 1962 4450 3530 4520">
    <p class='ocr_par' dir='ltr' id='par_1_89' title="bbox 1962 4450 3530 4520">
     <span class='ocr_line' id='line_1_89' title="bbox 1962 4450 3530 4520; baseline -0.001 -14"><span class='ocrx_word' id='word_1_560' title='bbox 1962 4453 2277 4513; x_wconf 89' lang='lat' dir='ltr'><strong>instituunt,</strong></span> <span class='ocrx_word' id='word_1_561' title='bbox 2327 4461 2380 4503; x_wconf 91' lang='lat' dir='ltr'><strong>et</strong></span> <span class='ocrx_word' id='word_1_562' title='bbox 2433 4452 2549 4502; x_wconf 88' lang='lat' dir='ltr'><strong>suis</strong></span> <span class='ocrx_word' id='word_1_563' title='bbox 2579 4450 2866 4504; x_wconf 81' lang='lat' dir='ltr'><strong>affectibus</strong></span> <span class='ocrx_word' id='word_1_564' title='bbox 2892 4452 3180 4520; x_wconf 86' lang='lat' dir='ltr'><strong>imperant.</strong></span> <span class='ocrx_word' id='word_1_565' title='bbox 3210 4465 3302 4502; x_wconf 81' lang='lat' dir='ltr'><strong>eos</strong></span> <span class='ocrx_word' id='word_1_566' title='bbox 3331 4461 3530 4504; x_wconf 77' lang='lat' dir='ltr'><strong>contra</strong></span> 
     </span>
    </p>
   </div>
   <div class='ocr_carea' id='block_1_90' title="bbox 301 4519 3526 4632">
    <p class='ocr_par' dir='ltr' id='par_1_90' title="bbox 301 4519 3526 4632">
     <span class='ocr_line' id='line_1_90' title="bbox 301 4519 3526 4632; baseline 0 -38"><span class='ocrx_word' id='word_1_567' title='bbox 1417 4519 1655 4630; x_wconf 47' lang='lat'><strong>(1:13;;</strong></span> <span class='ocrx_word' id='word_1_568' title='bbox 1695 4519 1856 4618; x_wconf 46' lang='grc' dir='ltr'><strong>ὧ.άο</strong></span> <span class='ocrx_word' id='word_1_569' title='bbox 1892 4519 1934 4573; x_wconf 69' lang='grc' dir='ltr'><strong>ί)</strong></span> <span class='ocrx_word' id='word_1_570' title='bbox 1963 4546 2054 4614; x_wconf 92' lang='lat' dir='ltr'><strong>qui</strong></span> <span class='ocrx_word' id='word_1_571' title='bbox 2088 4544 2139 4596; x_wconf 89' lang='lat' dir='ltr'><strong>in</strong></span> <span class='ocrx_word' id='word_1_572' title='bbox 2198 4550 2396 4632; x_wconf 83' lang='lat' dir='ltr'><strong>terram</strong></span> <span class='ocrx_word' id='word_1_573' title='bbox 2436 4541 2626 4632; x_wconf 57' lang='lat' dir='ltr'><strong>cernuli</strong></span> <span class='ocrx_word' id='word_1_574' title='bbox 2655 4550 2710 4596; x_wconf 87' lang='lat' dir='ltr'><strong>et</strong></span> <span class='ocrx_word' id='word_1_575' title='bbox 2743 4543 2940 4611; x_wconf 86' lang='lat' dir='ltr'><strong>obstipl</strong></span> <span class='ocrx_word' id='word_1_576' title='bbox 2975 4541 3359 4611; x_wconf 88' lang='lat' dir='ltr'><strong>procumbunt,</strong></span> <span class='ocrx_word' id='word_1_577' title='bbox 3397 4557 3526 4594; x_wconf 84' lang='lat' dir='ltr'><strong>cum</strong></span> 
     </span>
    </p>
   </div>
   <div class='ocr_carea' id='block_1_91' title="bbox 301 4652 1861 4727">
    <p class='ocr_par' dir='ltr' id='par_1_91' title="bbox 301 4652 1861 4727">
     <span class='ocr_line' id='line_1_91' title="bbox 301 4652 1861 4727; baseline 0.004 -21"><span class='ocrx_word' id='word_1_578' title='bbox 301 4652 447 4722; x_wconf 87' lang='lat' dir='ltr'><strong>quod</strong></span> <span class='ocrx_word' id='word_1_579' title='bbox 499 4654 801 4716; x_wconf 87' lang='lat' dir='ltr'><strong>credimus,</strong></span> <span class='ocrx_word' id='word_1_580' title='bbox 845 4654 899 4707; x_wconf 89' lang='lat' dir='ltr'><strong>id</strong></span> <span class='ocrx_word' id='word_1_581' title='bbox 942 4655 1200 4710; x_wconf 81' lang='lat' dir='ltr'><strong>oratione</strong></span> <span class='ocrx_word' id='word_1_582' title='bbox 1253 4654 1662 4711; x_wconf 87' lang='lat' dir='ltr'><strong>setscitantibus</strong></span> <span class='ocrx_word' id='word_1_583' title='bbox 1689 4658 1861 4727; x_wconf 84' lang='lat' dir='ltr'><strong>expli-</strong></span> 
     </span>
    </p>
   </div>
   <div class='ocr_carea' id='block_1_92' title="bbox 299 4744 848 4814">
    <p class='ocr_par' dir='ltr' id='par_1_92' title="bbox 299 4744 848 4814">
     <span class='ocr_line' id='line_1_92' title="bbox 299 4744 848 4814; baseline -0.002 -17"><span class='ocrx_word' id='word_1_584' title='bbox 299 4760 423 4797; x_wconf 88' lang='lat' dir='ltr'><strong>care</strong></span> <span class='ocrx_word' id='word_1_585' title='bbox 453 4744 848 4814; x_wconf 80' lang='lat' dir='ltr'><strong>potuissemus?</strong></span> 
     </span>
    </p>
   </div>
   <div class='ocr_carea' id='block_1_93' title="bbox 925 4857 1222 4913">
    <p class='ocr_par' dir='ltr' id='par_1_93' title="bbox 925 4857 1222 4913">
     <span class='ocr_line' id='line_1_93' title="bbox 925 4857 1222 4913; baseline 0.003 -1"><span class='ocrx_word' id='word_1_586' title='bbox 925 4857 1074 4913; x_wconf 82' lang='lat' dir='ltr'><strong>CAP.</strong></span> <span class='ocrx_word' id='word_1_587' title='bbox 1108 4859 1222 4913; x_wconf 74' lang='lat' dir='ltr'><strong>XL.</strong></span> 
     </span>
    </p>
   </div>
   <div class='ocr_carea' id='block_1_94' title="bbox 299 4948 1858 5020">
    <p class='ocr_par' dir='ltr' id='par_1_94' title="bbox 299 4948 1858 5020">
     <span class='ocr_line' id='line_1_94' title="bbox 299 4948 1858 5020; baseline 0.003 -19"><span class='ocrx_word' id='word_1_588' title='bbox 299 4948 715 5018; x_wconf 80' lang='lat' dir='ltr'><strong>Quadragesima</strong></span> <span class='ocrx_word' id='word_1_589' title='bbox 745 4951 978 5011; x_wconf 70' lang='lat' dir='ltr'><strong>limosis,</strong></span> <span class='ocrx_word' id='word_1_590' title='bbox 1026 4950 1585 5020; x_wconf 78' lang='lat' dir='ltr'><strong>Thnelapsychilarum</strong></span> <span class='ocrx_word' id='word_1_591' title='bbox 1607 4992 1621 5011; x_wconf 90' lang='lat'><strong>.</strong></span> <span class='ocrx_word' id='word_1_592' title='bbox 1656 4953 1750 5005; x_wconf 82' lang='lat' dir='ltr'><strong>hac</strong></span> <span class='ocrx_word' id='word_1_593' title='bbox 1783 4962 1858 5006; x_wconf 70' lang='lat' dir='ltr'><strong>est</strong></span> 
     </span>
    </p>
   </div>
   <div class='ocr_carea' id='block_1_95' title="bbox 365 5021 1856 5093">
    <p class='ocr_par' dir='ltr' id='par_1_95' title="bbox 365 5021 1856 5093">
     <span class='ocr_line' id='line_1_95' title="bbox 365 5021 1856 5093; baseline 0.004 -23"><span class='ocrx_word' id='word_1_594' title='bbox 365 5036 542 5093; x_wconf 80' lang='lat' dir='ltr'><strong>eorum</strong></span> <span class='ocrx_word' id='word_1_595' title='bbox 567 5021 979 5093; x_wconf 68' lang='lat' dir='ltr'><strong>quianimarum</strong></span> <span class='ocrx_word' id='word_1_596' title='bbox 1007 5021 1462 5093; x_wconf 57' lang='lat' dir='ltr'><strong>immortalitatem</strong></span> <span class='ocrx_word' id='word_1_597' title='bbox 1483 5034 1700 5088; x_wconf 79' lang='lat' dir='ltr'><strong>negant.</strong></span> <span class='ocrx_word' id='word_1_598' title='bbox 1727 5021 1856 5093; x_wconf 88' lang='lat' dir='ltr'><strong>[Hos</strong></span> 
     </span>
    </p>
   </div>
   <div class='ocr_carea' id='block_1_96' title="bbox 367 5085 1854 5161">
    <p class='ocr_par' dir='ltr' id='par_1_96' title="bbox 367 5085 1854 5161">
     <span class='ocr_line' id='line_1_96' title="bbox 367 5085 1854 5161; baseline 0.004 -21"><span class='ocrx_word' id='word_1_599' title='bbox 367 5085 878 5161; x_wconf 54' lang='lat' dir='ltr'><strong>confuta&#39;t__0rigen_es</strong></span> <span class='ocrx_word' id='word_1_600' title='bbox 904 5089 1044 5158; x_wconf 84' lang='lat' dir='ltr'><strong>apud</strong></span> <span class='ocrx_word' id='word_1_601' title='bbox 1072 5085 1375 5157; x_wconf 81' lang='lat' dir='ltr'><strong>Eusebium,</strong></span> <span class='ocrx_word' id='word_1_602' title='bbox 1407 5091 1497 5145; x_wconf 87' lang='lat' dir='ltr'><strong>lib.</strong></span> <span class='ocrx_word' id='word_1_603' title='bbox 1527 5085 1601 5153; x_wconf 47' lang='lat' dir='ltr'><strong>v&#39;t,</strong></span> <span class='ocrx_word' id='word_1_604' title='bbox 1620 5085 1744 5161; x_wconf 65' lang='lat' dir='ltr'><strong>cap:</strong></span> <span class='ocrx_word' id='word_1_605' title='bbox 1762 5093 1854 5157; x_wconf 72' lang='lat'><strong>26,</strong></span> 
     </span>
    </p>
   </div>
   <div class='ocr_carea' id='block_1_97' title="bbox 369 5156 834 5228">
    <p class='ocr_par' dir='ltr' id='par_1_97' title="bbox 369 5156 834 5228">
     <span class='ocr_line' id='line_1_97' title="bbox 369 5156 834 5228; baseline -0.004 -17"><span class='ocrx_word' id='word_1_606' title='bbox 369 5160 414 5211; x_wconf 89' lang='grc' dir='ltr'><em>Η</em></span> <span class='ocrx_word' id='word_1_607' title='bbox 424 5156 572 5211; x_wconf 69' lang='grc' dir='ltr'><strong>ἔδων.</strong></span> <span class='ocrx_word' id='word_1_608' title='bbox 612 5156 834 5228; x_wconf 78' lang='lat' dir='ltr'><strong>Eccles.]</strong></span> 
     </span>
    </p>
   </div>
   <div class='ocr_carea' id='block_1_98' title="bbox 364 5266 1845 5337">
    <p class='ocr_par' dir='ltr' id='par_1_98' title="bbox 364 5266 1845 5337">
     <span class='ocr_line' id='line_1_98' title="bbox 364 5266 1845 5337; baseline 0.001 -17"><span class='ocrx_word' id='word_1_609' title='bbox 364 5266 842 5337; x_wconf 66' lang='lat' dir='ltr'><strong>Thnetopsycbitas</strong></span> <span class='ocrx_word' id='word_1_610' title='bbox 863 5267 1145 5320; x_wconf 90' lang='lat' dir='ltr'><strong>hominum</strong></span> <span class='ocrx_word' id='word_1_611' title='bbox 1175 5269 1440 5332; x_wconf 84' lang='lat' dir='ltr'><strong>animam,</strong></span> <span class='ocrx_word' id='word_1_612' title='bbox 1492 5270 1688 5323; x_wconf 69' lang='lat' dir='ltr'><strong>animm</strong></span> <span class='ocrx_word' id='word_1_613' title='bbox 1715 5269 1845 5323; x_wconf 86' lang='lat' dir='ltr'><strong>hru-</strong></span> 
     </span>
    </p>
   </div>
   <div class='ocr_carea' id='block_1_99' title="bbox 299 5362 1848 5430">
    <p class='ocr_par' dir='ltr' id='par_1_99' title="bbox 299 5362 1848 5430">
     <span class='ocr_line' id='line_1_99' title="bbox 299 5362 1848 5430; baseline -0.001 -15"><span class='ocrx_word' id='word_1_614' title='bbox 299 5372 481 5415; x_wconf 91' lang='lat' dir='ltr'><strong>torum</strong></span> <span class='ocrx_word' id='word_1_615' title='bbox 518 5362 751 5414; x_wconf 90' lang='lat' dir='ltr'><strong>similem</strong></span> <span class='ocrx_word' id='word_1_616' title='bbox 780 5374 920 5423; x_wconf 91' lang='lat' dir='ltr'><strong>esse,</strong></span> <span class='ocrx_word' id='word_1_617' title='bbox 955 5368 1117 5428; x_wconf 87' lang='lat' dir='ltr'><strong>atque</strong></span> <span class='ocrx_word' id='word_1_618' title='bbox 1146 5375 1252 5413; x_wconf 88' lang='lat' dir='ltr'><strong>una</strong></span> <span class='ocrx_word' id='word_1_619' title='bbox 1284 5376 1406 5414; x_wconf 91' lang='lat' dir='ltr'><strong>cum</strong></span> <span class='ocrx_word' id='word_1_620' title='bbox 1429 5376 1663 5430; x_wconf 91' lang='lat' dir='ltr'><strong>corpore</strong></span> <span class='ocrx_word' id='word_1_621' title='bbox 1706 5362 1848 5413; x_wconf 86' lang='lat' dir='ltr'><strong>inte-</strong></span> 
     </span>
    </p>
   </div>
   <div class='ocr_carea' id='block_1_100' title="bbox 298 5453 698 5506">
    <p class='ocr_par' dir='ltr' id='par_1_100' title="bbox 298 5453 698 5506">
     <span class='ocr_line' id='line_1_100' title="bbox 298 5453 698 5506; baseline -0.008 -2"><span class='ocrx_word' id='word_1_622' title='bbox 298 5453 405 5506; x_wconf 86' lang='lat' dir='ltr'><strong>rire</strong></span> <span class='ocrx_word' id='word_1_623' title='bbox 427 5458 698 5505; x_wconf 85' lang='lat' dir='ltr'><strong>asserunt.</strong></span> 
     </span>
    </p>
   </div>
   <div class='ocr_carea' id='block_1_101' title="bbox 578 5518 1566 5630">
    <p class='ocr_par' dir='ltr' id='par_1_101' title="bbox 578 5551 1566 5630">
     <span class='ocr_line' id='line_1_101' title="bbox 578 5551 1566 5630; baseline 0.002 -16"><span class='ocrx_word' id='word_1_624' title='bbox 578 5560 848 5616; x_wconf 73' lang='lat' dir='ltr'><strong>threseos</strong></span> <span class='ocrx_word' id='word_1_625' title='bbox 878 5551 1214 5630; x_wconf 52' lang='lat' dir='ltr'><strong>pracbdenlis</strong></span> <span class='ocrx_word' id='word_1_626' title='bbox 1257 5562 1566 5630; x_wconf 78' lang='lat' dir='ltr'><strong>confatalia.</strong></span> 
     </span>
    </p>
   </div>
   <div class='ocr_carea' id='block_1_102' title="bbox 373 5674 1848 5743">
    <p class='ocr_par' dir='ltr' id='par_1_102' title="bbox 373 5674 1848 5743">
     <span class='ocr_line' id='line_1_102' title="bbox 373 5674 1848 5743; baseline 0.005 -14"><span class='ocrx_word' id='word_1_627' title='bbox 373 5676 524 5730; x_wconf 82' lang='lat' dir='ltr'><strong>Falsa</strong></span> <span class='ocrx_word' id='word_1_628' title='bbox 566 5684 695 5728; x_wconf 89' lang='lat' dir='ltr'><strong>sunt</strong></span> <span class='ocrx_word' id='word_1_629' title='bbox 724 5689 875 5743; x_wconf 91' lang='lat' dir='ltr'><strong>ergo,</strong></span> <span class='ocrx_word' id='word_1_630' title='bbox 910 5674 953 5727; x_wconf 91' lang='lat' dir='ltr'><strong>si</strong></span> <span class='ocrx_word' id='word_1_631' title='bbox 984 5674 1111 5728; x_wconf 90' lang='lat' dir='ltr'><strong>huic</strong></span> <span class='ocrx_word' id='word_1_632' title='bbox 1161 5674 1440 5730; x_wconf 89' lang='lat' dir='ltr'><strong>traditioni</strong></span> <span class='ocrx_word' id='word_1_633' title='bbox 1465 5675 1620 5730; x_wconf 92' lang='lat' dir='ltr'><strong>locus</strong></span> <span class='ocrx_word' id='word_1_634' title='bbox 1667 5676 1848 5736; x_wconf 90' lang='lat' dir='ltr'><strong>detur.</strong></span> 
     </span>
    </p>
   </div>
   <div class='ocr_carea' id='block_1_103' title="bbox 366 5789 1384 5856">
    <p class='ocr_par' dir='ltr' id='par_1_103' title="bbox 366 5789 1384 5856">
     <span class='ocr_line' id='line_1_103' title="bbox 366 5789 1384 5856; baseline 0 -12"><span class='ocrx_word' id='word_1_635' title='bbox 366 5792 383 5820; x_wconf 85' lang='lat'>&#39;</span> <span class='ocrx_word' id='word_1_636' title='bbox 427 5791 474 5844; x_wconf 85' lang='grc' dir='ltr'><strong>ιι</strong></span> <span class='ocrx_word' id='word_1_637' title='bbox 496 5791 623 5846; x_wconf 82' lang='lat' dir='ltr'><strong>Cor.</strong></span> <span class='ocrx_word' id='word_1_638' title='bbox 662 5807 715 5856; x_wconf 74' lang='grc' dir='ltr'><strong>ν,</strong></span> <span class='ocrx_word' id='word_1_639' title='bbox 746 5791 834 5844; x_wconf 74' lang='grc'><strong>47.</strong></span> <span class='ocrx_word' id='word_1_640' title='bbox 913 5790 932 5820; x_wconf 88' lang='grc'><em>³</em></span> <span class='ocrx_word' id='word_1_641' title='bbox 963 5789 1155 5845; x_wconf 89' lang='lat' dir='ltr'><strong>llCor.</strong></span> <span class='ocrx_word' id='word_1_642' title='bbox 1182 5807 1264 5845; x_wconf 70' lang='grc' dir='ltr'><strong>ιιι.</strong></span> <span class='ocrx_word' id='word_1_643' title='bbox 1301 5792 1384 5844; x_wconf 76' lang='grc'><strong>15.</strong></span> 
     </span>
    </p>
   </div>
   <div class='ocr_carea' id='block_1_104' title="bbox 1488 5791 1948 5858">
    <p class='ocr_par' dir='ltr' id='par_1_104' title="bbox 1488 5791 1948 5858">
     <span class='ocr_line' id='line_1_104' title="bbox 1488 5791 1948 5858; baseline 0 -10"><span class='ocrx_word' id='word_1_644' title='bbox 1488 5793 1506 5822; x_wconf 74' lang='grc'>⁸</span> <span class='ocrx_word' id='word_1_645' title='bbox 1530 5791 1710 5848; x_wconf 82' lang='lat' dir='ltr'><strong>Eccle.</strong></span> <span class='ocrx_word' id='word_1_646' title='bbox 1743 5809 1824 5858; x_wconf 87' lang='lat' dir='ltr'><strong>Ill,</strong></span> <span class='ocrx_word' id='word_1_647' title='bbox 1861 5794 1948 5848; x_wconf 77' lang='lat' dir='ltr'><strong>3i.</strong></span> 
     </span>
    </p>
   </div>
   <div class='ocr_carea' id='block_1_105' title="bbox 1955 4630 3531 4705">
    <p class='ocr_par' dir='ltr' id='par_1_105' title="bbox 1955 4630 3531 4705">
     <span class='ocr_line' id='line_1_105' title="bbox 1955 4630 3531 4705; baseline -0.004 -15"><span class='ocrx_word' id='word_1_648' title='bbox 1955 4635 2218 4705; x_wconf 87' lang='lat' dir='ltr'><strong>jumentis</strong></span> <span class='ocrx_word' id='word_1_649' title='bbox 2244 4630 2454 4686; x_wconf 85' lang='lat' dir='ltr'><strong>confert</strong></span> <span class='ocrx_word' id='word_1_650' title='bbox 2483 4630 2735 4686; x_wconf 84' lang='lat' dir='ltr'><strong>Salomon</strong></span> <span class='ocrx_word' id='word_1_651' title='bbox 2762 4633 2906 4686; x_wconf 92' lang='lat' dir='ltr'><strong>idem</strong></span> <span class='ocrx_word' id='word_1_652' title='bbox 2961 4633 3070 4696; x_wconf 90' lang='lat' dir='ltr'><strong>ille,</strong></span> <span class='ocrx_word' id='word_1_653' title='bbox 3099 4631 3192 4700; x_wconf 91' lang='lat' dir='ltr'><strong>qui</strong></span> <span class='ocrx_word' id='word_1_654' title='bbox 3245 4633 3531 4699; x_wconf 72' lang='lat' dir='ltr'><strong>justoruns</strong></span> 
     </span>
    </p>
   </div>
   <div class='ocr_carea' id='block_1_106' title="bbox 1958 4721 3538 4783">
    <p class='ocr_par' dir='ltr' id='par_1_106' title="bbox 1958 4721 3538 4783">
     <span class='ocr_line' id='line_1_106' title="bbox 1958 4721 3538 4783; baseline -0.004 -1"><span class='ocrx_word' id='word_1_655' title='bbox 1958 4731 2167 4783; x_wconf 89' lang='lat' dir='ltr'><strong>animas</strong></span> <span class='ocrx_word' id='word_1_656' title='bbox 2216 4726 2269 4778; x_wconf 93' lang='lat' dir='ltr'><strong>in</strong></span> <span class='ocrx_word' id='word_1_657' title='bbox 2323 4721 2415 4775; x_wconf 89' lang='lat' dir='ltr'><strong>Dei</strong></span> <span class='ocrx_word' id='word_1_658' title='bbox 2472 4725 2723 4779; x_wconf 89' lang='lat' dir='ltr'><strong>manibus</strong></span> <span class='ocrx_word' id='word_1_659' title='bbox 2768 4740 2887 4780; x_wconf 86' lang='lat' dir='ltr'><strong>esse</strong></span> <span class='ocrx_word' id='word_1_660' title='bbox 2937 4724 3044 4778; x_wconf 90' lang='lat' dir='ltr'><strong>alio</strong></span> <span class='ocrx_word' id='word_1_661' title='bbox 3100 4724 3155 4776; x_wconf 92' lang='lat' dir='ltr'><strong>in</strong></span> <span class='ocrx_word' id='word_1_662' title='bbox 3207 4723 3326 4778; x_wconf 91' lang='lat' dir='ltr'><strong>loco</strong></span> <span class='ocrx_word' id='word_1_663' title='bbox 3376 4738 3538 4777; x_wconf 66' lang='lat' dir='ltr'><strong>asse-</strong></span> 
     </span>
    </p>
   </div>
   <div class='ocr_carea' id='block_1_107' title="bbox 1959 4820 2137 4878">
    <p class='ocr_par' dir='ltr' id='par_1_107' title="bbox 1959 4820 2137 4878">
     <span class='ocr_line' id='line_1_107' title="bbox 1959 4820 2137 4878; baseline 0.017 -4"><span class='ocrx_word' id='word_1_664' title='bbox 1959 4820 2066 4878; x_wconf 89' lang='lat' dir='ltr'><strong>ruit</strong></span> <span class='ocrx_word' id='word_1_665' title='bbox 2095 4825 2137 4877; x_wconf 86' lang='lat'><strong>&#39;.</strong></span> 
     </span>
    </p>
   </div>
   <div class='ocr_carea' id='block_1_108' title="bbox 2569 4933 2884 4993">
    <p class='ocr_par' dir='ltr' id='par_1_108' title="bbox 2569 4933 2884 4993">
     <span class='ocr_line' id='line_1_108' title="bbox 2569 4933 2884 4993; baseline -0.016 0"><span class='ocrx_word' id='word_1_666' title='bbox 2569 4937 2720 4993; x_wconf 86' lang='lat' dir='ltr'><strong>CAP.</strong></span> <span class='ocrx_word' id='word_1_667' title='bbox 2747 4933 2884 4990; x_wconf 77' lang='lat' dir='ltr'><strong>XLI.</strong></span> 
     </span>
    </p>
   </div>
   <div class='ocr_carea' id='block_1_109' title="bbox 1960 5016 3535 5098">
    <p class='ocr_par' dir='ltr' id='par_1_109' title="bbox 1960 5016 3535 5098">
     <span class='ocr_line' id='line_1_109' title="bbox 1960 5016 3535 5098; baseline -0.007 -17"><span class='ocrx_word' id='word_1_668' title='bbox 1960 5037 1970 5049; x_wconf 82' lang='lat'><strong><em>‘</em></strong></span> <span class='ocrx_word' id='word_1_669' title='bbox 2007 5029 2419 5097; x_wconf 81' lang='lat' dir='ltr'><strong>Quaaragesima</strong></span> <span class='ocrx_word' id='word_1_670' title='bbox 2451 5031 2626 5098; x_wconf 86' lang='lat' dir='ltr'><strong>prima</strong></span> <span class='ocrx_word' id='word_1_671' title='bbox 2650 5028 2860 5081; x_wconf 62' lang='lat' dir='ltr'><strong>heresis</strong></span> <span class='ocrx_word' id='word_1_672' title='bbox 2886 5065 2899 5087; x_wconf 89' lang='lat'><strong>,</strong></span> <span class='ocrx_word' id='word_1_673' title='bbox 2933 5020 3400 5090; x_wconf 81' lang='lat' dir='ltr'><strong>Chrislalytarum,</strong></span> <span class='ocrx_word' id='word_1_674' title='bbox 3426 5016 3535 5070; x_wconf 70' lang='grc' dir='ltr'><strong>Ιιοσ</strong></span> 
     </span>
    </p>
   </div>
   <div class='ocr_carea' id='block_1_110' title="bbox 2096 5098 3344 5164">
    <p class='ocr_par' dir='ltr' id='par_1_110' title="bbox 2096 5098 3344 5164">
     <span class='ocr_line' id='line_1_110' title="bbox 2096 5098 3344 5164; baseline -0.006 -14"><span class='ocrx_word' id='word_1_675' title='bbox 2096 5112 2194 5161; x_wconf 83' lang='lat' dir='ltr'><strong>est,</strong></span> <span class='ocrx_word' id='word_1_676' title='bbox 2221 5116 2401 5152; x_wconf 76' lang='lat' dir='ltr'><strong>eorum</strong></span> <span class='ocrx_word' id='word_1_677' title='bbox 2429 5101 2516 5164; x_wconf 86' lang='lat' dir='ltr'><strong>qui</strong></span> <span class='ocrx_word' id='word_1_678' title='bbox 2541 5098 2732 5154; x_wconf 84' lang='lat' dir='ltr'><strong>Christi</strong></span> <span class='ocrx_word' id='word_1_679' title='bbox 2768 5105 3017 5148; x_wconf 87' lang='lat' dir='ltr'><strong>naturam</strong></span> <span class='ocrx_word' id='word_1_680' title='bbox 3049 5099 3344 5145; x_wconf 83' lang='lat' dir='ltr'><strong>destruunt.</strong></span> 
     </span>
    </p>
   </div>
   <div class='ocr_carea' id='block_1_111' title="bbox 2024 5201 3524 5282">
    <p class='ocr_par' dir='ltr' id='par_1_111' title="bbox 2024 5201 3524 5282">
     <span class='ocr_line' id='line_1_111' title="bbox 2024 5201 3524 5282; baseline -0.009 -16"><span class='ocrx_word' id='word_1_681' title='bbox 2024 5211 2338 5282; x_wconf 88' lang='lat' dir='ltr'><strong>Christolyti</strong></span> <span class='ocrx_word' id='word_1_682' title='bbox 2385 5212 2672 5265; x_wconf 92' lang='lat' dir='ltr'><strong>Dominum</strong></span> <span class='ocrx_word' id='word_1_683' title='bbox 2720 5217 2969 5263; x_wconf 91' lang='lat' dir='ltr'><strong>nostrum</strong></span> <span class='ocrx_word' id='word_1_684' title='bbox 3019 5205 3202 5261; x_wconf 82' lang='lat' dir='ltr'><strong>Jesum</strong></span> <span class='ocrx_word' id='word_1_685' title='bbox 3237 5201 3524 5257; x_wconf 32' lang='lat' dir='ltr'><strong>Christum!</strong></span> 
     </span>
    </p>
   </div>
   <div class='ocr_carea' id='block_1_112' title="bbox 1959 5294 3529 5371">
    <p class='ocr_par' dir='ltr' id='par_1_112' title="bbox 1959 5294 3529 5371">
     <span class='ocr_line' id='line_1_112' title="bbox 1959 5294 3529 5371; baseline -0.01 -16"><span class='ocrx_word' id='word_1_686' title='bbox 1959 5313 2080 5371; x_wconf 90' lang='lat' dir='ltr'><strong>post</strong></span> <span class='ocrx_word' id='word_1_687' title='bbox 2128 5303 2584 5357; x_wconf 85' lang='lat' dir='ltr'><strong>resurrectionem</strong></span> <span class='ocrx_word' id='word_1_688' title='bbox 2615 5317 2649 5355; x_wconf 83' lang='lat' dir='ltr'><strong>a</strong></span> <span class='ocrx_word' id='word_1_689' title='bbox 2689 5298 2960 5359; x_wconf 78' lang='lat' dir='ltr'><strong>mortuis,</strong></span> <span class='ocrx_word' id='word_1_690' title='bbox 3005 5294 3246 5348; x_wconf 82' lang='lat' dir='ltr'><strong>animato</strong></span> <span class='ocrx_word' id='word_1_691' title='bbox 3287 5306 3529 5358; x_wconf 65' lang='lat' dir='ltr'><strong>corpore</strong></span> 
     </span>
    </p>
   </div>
   <div class='ocr_carea' id='block_1_113' title="bbox 1956 5381 3513 5459">
    <p class='ocr_par' dir='ltr' id='par_1_113' title="bbox 1956 5381 3513 5459">
     <span class='ocr_line' id='line_1_113' title="bbox 1956 5381 3513 5459; baseline -0.01 -11"><span class='ocrx_word' id='word_1_692' title='bbox 1956 5409 2055 5448; x_wconf 85' lang='lat' dir='ltr'><strong>Stto</strong></span> <span class='ocrx_word' id='word_1_693' title='bbox 2094 5395 2145 5447; x_wconf 93' lang='lat' dir='ltr'><strong>in</strong></span> <span class='ocrx_word' id='word_1_694' title='bbox 2172 5394 2338 5448; x_wconf 87' lang='lat' dir='ltr'><strong>terris</strong></span> <span class='ocrx_word' id='word_1_695' title='bbox 2359 5393 2572 5459; x_wconf 89' lang='lat' dir='ltr'><strong>relicto,</strong></span> <span class='ocrx_word' id='word_1_696' title='bbox 2615 5407 2723 5445; x_wconf 91' lang='lat' dir='ltr'><strong>una</strong></span> <span class='ocrx_word' id='word_1_697' title='bbox 2760 5405 2882 5444; x_wconf 87' lang='lat' dir='ltr'><strong>cum</strong></span> <span class='ocrx_word' id='word_1_698' title='bbox 2913 5386 3060 5441; x_wconf 89' lang='lat' dir='ltr'><strong>nuda</strong></span> <span class='ocrx_word' id='word_1_699' title='bbox 3083 5394 3140 5439; x_wconf 91' lang='lat' dir='ltr'><strong>et</strong></span> <span class='ocrx_word' id='word_1_700' title='bbox 3168 5382 3405 5454; x_wconf 86' lang='lat' dir='ltr'><strong>simplici</strong></span> <span class='ocrx_word' id='word_1_701' title='bbox 3429 5381 3513 5433; x_wconf 83' lang='lat' dir='ltr'><strong>di-</strong></span> 
     </span>
    </p>
   </div>
   <div class='ocr_carea' id='block_1_114' title="bbox 1957 5476 3169 5536">
    <p class='ocr_par' dir='ltr' id='par_1_114' title="bbox 1957 5476 3169 5536">
     <span class='ocr_line' id='line_1_114' title="bbox 1957 5476 3169 5536; baseline -0.005 -4"><span class='ocrx_word' id='word_1_702' title='bbox 1957 5483 2179 5535; x_wconf 82' lang='lat' dir='ltr'><strong>vinitate</strong></span> <span class='ocrx_word' id='word_1_703' title='bbox 2202 5481 2256 5534; x_wconf 90' lang='lat' dir='ltr'><strong>in</strong></span> <span class='ocrx_word' id='word_1_704' title='bbox 2286 5481 2454 5536; x_wconf 68' lang='lat' dir='ltr'><strong>caelos</strong></span> <span class='ocrx_word' id='word_1_705' title='bbox 2475 5480 2785 5534; x_wconf 86' lang='lat' dir='ltr'><strong>ascendisse</strong></span> <span class='ocrx_word' id='word_1_706' title='bbox 2809 5476 3169 5532; x_wconf 87' lang='lat' dir='ltr'><strong>contendunt.</strong></span> 
     </span>
    </p>
   </div>
   <div class='ocr_carea' id='block_1_115' title="bbox 2254 5585 3228 5658">
    <p class='ocr_par' dir='ltr' id='par_1_115' title="bbox 2254 5585 3228 5658">
     <span class='ocr_line' id='line_1_115' title="bbox 2254 5585 3228 5658; baseline -0.006 -16"><span class='ocrx_word' id='word_1_707' title='bbox 2254 5588 2525 5644; x_wconf 67' lang='lat' dir='ltr'><strong>Hareseos</strong></span> <span class='ocrx_word' id='word_1_708' title='bbox 2553 5589 2891 5658; x_wconf 75' lang='lat' dir='ltr'><strong>pra&#39;cedenlis</strong></span> <span class='ocrx_word' id='word_1_709' title='bbox 2919 5585 3228 5654; x_wconf 74' lang='lat' dir='ltr'><strong>confatalia.</strong></span> 
     </span>
    </p>
   </div>
   <div class='ocr_carea' id='block_1_116' title="bbox 2025 5671 3512 5749">
    <p class='ocr_par' dir='ltr' id='par_1_116' title="bbox 2025 5671 3512 5749">
     <span class='ocr_line' id='line_1_116' title="bbox 2025 5671 3512 5749; baseline -0.007 -16"><span class='ocrx_word' id='word_1_710' title='bbox 2025 5679 2186 5748; x_wconf 79' lang='lat' dir='ltr'><strong>Atqui</strong></span> <span class='ocrx_word' id='word_1_711' title='bbox 2220 5680 2417 5749; x_wconf 89' lang='lat' dir='ltr'><strong>angeli,</strong></span> <span class='ocrx_word' id='word_1_712' title='bbox 2458 5680 2550 5748; x_wconf 90' lang='lat' dir='ltr'><strong>qui</strong></span> <span class='ocrx_word' id='word_1_713' title='bbox 2580 5678 2839 5747; x_wconf 86' lang='lat' dir='ltr'><strong>apostolis</strong></span> <span class='ocrx_word' id='word_1_714' title='bbox 2883 5686 3011 5729; x_wconf 88' lang='lat' dir='ltr'><strong>tunc</strong></span> <span class='ocrx_word' id='word_1_715' title='bbox 3040 5671 3298 5741; x_wconf 86' lang='lat' dir='ltr'><strong>temporis</strong></span> <span class='ocrx_word' id='word_1_716' title='bbox 3343 5685 3512 5740; x_wconf 66' lang='lat' dir='ltr'><strong>appa-</strong></span> 
     </span>
    </p>
   </div>
   <div class='ocr_carea' id='block_1_117' title="bbox 2023 5793 2392 5863">
    <p class='ocr_par' dir='ltr' id='par_1_117' title="bbox 2023 5793 2392 5863">
     <span class='ocr_line' id='line_1_117' title="bbox 2023 5793 2392 5863; baseline -0.005 -15"><span class='ocrx_word' id='word_1_717' title='bbox 2023 5796 2042 5825; x_wconf 83' lang='grc'><strong><em>⁵</em></strong></span> <span class='ocrx_word' id='word_1_718' title='bbox 2066 5793 2192 5863; x_wconf 76' lang='lat' dir='ltr'><strong>Sap.</strong></span> <span class='ocrx_word' id='word_1_719' title='bbox 2224 5811 2305 5859; x_wconf 81' lang='lat' dir='ltr'><strong>lit,</strong></span> <span class='ocrx_word' id='word_1_720' title='bbox 2347 5797 2392 5847; x_wconf 88' lang='lat' dir='ltr'><strong>l.</strong></span> 
     </span>
    </p>
   </div>
  </div>
