4288 6372
784 365 926 431 2313

2003 366 2302 429 ΝΙΕΕΤΛί
2331 364 2736 426 ΟΗΟΝΙΑΤΕ

3872 364 4009 429 13H

774 485 1026 536 ruerunt.
1059 492 1165 544 quo
1194 476 1442 531 Christus
1472 491 1594 530 cum
1618 490 1843 545 corpore
1877 477 1930 530 in
1960 478 2127 533 ccelos
2149 490 2341 530 ascen-
2372 478 2415 531 Α
2449 473 2712 541 irrumpat
2738 512 2753 537 ,
2797 479 2893 526 aut
2922 471 2977 525 ill
3011 472 3145 526 mari
3184 482 3475 542 tempestas
3517 475 3815 539 exoriatur,
3864 476 4010 533 Deus

771 568 877 632 dit,
933 569 1003 619 ita
1042 568 1335 620 dicebant:
1382 565 1491 620 Viri
1544 566 1789 629 Calilwi,
1842 570 1965 635 quid
1998 569 2340 619 admirantini

773 659 1104 722 suspiiienles
1151 657 1202 707 in
1254 656 1439 708 malum
1468 658 1493 709 .’
1528 657 1621 709 llic
1666 656 1851 716 Iesus,
1902 660 1992 726 qui
2040 668 2338 724 assumptus

775 756 849 797 est
888 763 920 796 α
954 744 1090 796 vobis
1109 788 1120 804 ,
1152 747 1225 797 ita
1254 749 1417 798 veniet
1444 763 1647 807 rursus,
1673 747 2113 815 quemadmodum
2142 749 2338 800 vidistis

776 850 889 883 eum
921 838 1280 888 ascendentem
1309 838 1361 887 in
1391 837 1570 888 uelum
1604 836 1643 888 ‘.

845 924 948 975 Sed
976 934 1273 995 martyrum
1304 942 1520 994 quoque
1569 928 1958 995 antesignanus
1983 928 2337 997 .Stephanus,

776 1030 898 1066 cum
948 1016 1162 1081 jamgam
1206 1018 1349 1069 saxis
1403 1032 1433 1069 a
1470 1016 1671 1071 Judaeis
1728 1018 2115 1073 adobruendus
2154 1031 2338 1076 esset:

783 1105 937 1165 Ecce,
964 1107 1159 1175 inquit,
1194 1108 1340 1160 video
1378 1109 1529 1162 ca‘los
1556 1122 1784 1177 apertos,
1818 1122 1864 1164 et
1896 1111 2085 1166 Filium
2120 1116 2341 1169 hominis

774 1206 999 1245 stantem
1032 1213 1061 1247 α
1095 1197 1291 1250 dextris
1331 1198 1422 1251 Dei
1450 1200 1488 1251 τ.
1523 1201 1717 1254 Filium
1751 1203 1844 1256 Dei
1878 1216 2056 1269 vocat,
2092 1221 2198 1259 non
2247 1207 2341 1274 qui

780 1285 970 1337 relicto
1000 1300 1254 1354 corpore,
1312 1305 1434 1343 cum
1490 1292 1603 1344 sola
1656 1303 1704 1347 et
1763 1294 1997 1362 simplici
2057 1295 2343 1350 divinitate

778 1376 1109 1442 ascenderit,
1147 1380 1239 1431 sed
1272 1382 1361 1448 qni
1394 1396 1616 1437 carnem
1648 1400 1831 1440 secum
1862 1387 1915 1440 in
1951 1389 2118 1442 caelos
2147 1404 2343 1442 ascen-

778 1466 917 1518 dens
948 1471 1335 1535 asportaverit.
1373 1472 1527 1537 Quod
1568 1475 1669 1528 nisi
1704 1491 1760 1529 se
1797 1477 1869 1529 ita
1918 1493 2006 1531 res
2038 1479 2340 1542 habuisset,

779 1571 1006 1624 corpore
1029 1569 1173 1611 certe
1201 1569 1428 1613 exutum
1450 1562 1541 1615 Dei
1581 1565 1773 1618 Filium
1813 1567 2060 1621 dixisset.
2095 1568 2341 1638 Evange-

780 1644 901 1696 lista
934 1660 1095 1712 porro
1124 1646 1201 1699 ait
1235 1666 1247 1699 :
1292 1648 1542 1702 Dominus
1574 1654 1778 1717 quidem
1825 1665 2103 1723 postquam
2139 1658 2341 1711 locutus

780 1742 854 1783 est
889 1738 980 1797 eis,
1018 1749 1314 1805 assumptus
1351 1749 1428 1791 cst
1477 1742 1531 1793 in
1571 1742 1753 1795 arium
1777 1784 1790 1805 ,
1822 1754 1869 1797 et
1893 1748 2034 1798 sedet
2084 1764 2116 1800 a
2147 1749 2342 1802 dextris

780 1822 877 1875 Dei
904 1826 943 1876 ⁸.
973 1825 1295 1894 Assumptus
1347 1837 1450 1891 est,
1503 1832 1721 1900 inquam
1748 1874 1763 1896 ,
1818 1849 1883 1886 eo
1934 1851 2056 1889 cum
2096 1853 2346 1905 corpore,

781 1930 1041 1983 cumquo
1075 1932 1266 1984 passus
1298 1918 1493 1985 fuerat,
1528 1932 1925 1991 resurrexerat,
1966 1942 2134 1997 seque
2184 1929 2351 1983 disci—

782 2007 1037 2075 pulorum
1066 2009 1321 2066 manibus
1348 2017 1805 2070 contrectandum
1839 2021 2171 2088 praebuerat.

1391 2144 1541 2201 CAP.
1566 2148 1729 2205 XLII.

785 2249 1203 2338 Quqdragesima
1270 2261 1499 2338 secunda
1568 2263 1823 2338 Itujresis,
1895 2265 2349 2338 Ethnepltronum,

884 2324 980 2412 hoc
1014 2334 1126 2412 lett,
1179 2340 1357 2379 eorum
1400 2331 1488 2398 qui
1509 2333 1727 2400 gentiles
1766 2324 2159 2406 superstitiones
2225 2324 2352 2412 aﬁ‘e:

883 2404 1114 2448 ctantur.

851 2506 1292 2579 Ethnophroncs,
1325 2513 1428 2569 hoc
1478 2525 1583 2581 est,
1608 2519 1893 2587 gentilium
1942 2524 2145 2579 rituum
2177 2537 2231 2581 et
2264 2544 2354 2581 su-

781 2601 1167 2665 perstitionum
1203 2605 1543 2673 imitatores,
1572 2618 1631 2663 ut
1664 2612 1873 2666 caneris
1919 2613 1971 2667 in
2030 2616 2195 2672 rebus
2226 2635 2349 2673 cum

782 2688 1113 2747 Christianis
1163 2696 1483 2751 orthodoxis
1533 2702 1882 2763 conveniant,
1942 2706 1995 2758 in
2044 2706 2149 2761 hoc
2206 2722 2353 2766 certe

784 2779 1141 2845 dissentiunt,
1191 2791 1337 2852 quod
1364 2790 1585 2854 gentilis
1617 2793 2025 2859 superstitionis
2060 2799 2356 2853 studiosio—

783 2883 874 2921 res
897 2885 1073 2937 azquo,
1114 2876 1361 2942 genesin,
1404 2876 1508 2931 hoc
1531 2888 1614 2932 est
1647 2880 1956 2934 natalitintn
2005 2883 2176 2945 sidus,
2238 2885 2353 2939 for-

784 2966 996 3019 tunam,
1022 2960 1213 3025 fatum,
1249 2967 1659 3032 astronomiam,
1686 2979 1742 3022 et
1774 2972 2124 3040 astrologiam
2180 2976 2354 3030 intro-

783 3049 992 3104 ducunt
1021 3062 1075 3105 et
1114 3055 1405 3123 recipiunt.
1444 3057 1576 3111 Item
1604 3060 1861 3115 vaticinia
1881 3074 1933 3115 et
1962 3065 2351 3133 divinationes,

782 3158 904 3207 qua:
937 3147 1195 3213 auguriis,
1247 3151 1528 3217 auspiciis,
1563 3152 1939 3219 cledonismis,
1992 3157 2095 3211 hoc
2152 3170 2235 3213 est
2269 3160 2354 3214 in-

783 3234 920 3286 ccrti
966 3238 1210 3290 auctoris
1259 3240 1611 3304 rumoribus,
1671 3243 2115 3311 expiationibus,
2169 3250 2355 3317 prodi-

785 3324 906 3391 giis,
952 3327 1440 3393 incantationibus,
1465 3342 1521 3386 et
1556 3334 1770 3388 caneris
1802 3336 1855 3388 id
1889 3352 2060 3405 genus
2080 3348 2352 3404 constant,

786 3432 892 3467 tzon
921 3417 1038 3471 sine
1072 3418 1310 3482 diorum,
1370 3423 1661 3489 mensium.
1718 3434 2021 3494 temporum
2059 3442 2356 3483 annorum-

786 3522 891 3574 que
918 3507 1327 3573 observatione,
1357 3513 1759 3581 amplexantur.

1070 3618 1343 3674 Ila'reseos
1373 3623 1714 3691 pra'cedentis
1737 3643 1829 3679 con
1839 3628 2048 3694 fatalia.

860 3726 984 3781 llaec
1012 3744 1230 3800 quoque
1262 3732 1443 3787 omnia
1493 3732 1824 3792 Christianis
1853 3739 2167 3797 hominibus
2202 3760 2356 3800 aver-

788 3818 956 3873 sanda
988 3830 1136 3883 sunt,
1188 3837 1421 3890 quorum
1450 3840 1575 3894 spes
1603 3828 1783 3881 omnis
1809 3846 1838 3883 a
1873 3831 1985 3884 Deo
2016 3836 2221 3901 optimo
2245 3854 2357 3891 ma-

792 3907 937 3962 ximo
973 3910 1265 3979 dependet.
1332 3914 1464 3969 Nam
1522 3918 1566 3971 si
1618 3919 1759 3988 apud
1818 3921 1984 3976 Deum
2037 3926 2123 3979 vel
2173 3929 2354 3997 capilli

791 4000 963 4053 nnstri
1004 4004 1276 4057 numerati
1304 4016 1455 4070 sunt,
1487 4022 1589 4061 nec
1615 4010 1759 4063 ullus
1788 4026 2088 4078 passerum,
2110 4017 2202 4083 qui
2235 4034 2356 4073 asse

791 4100 1049 4156 veneunt,
1087 4093 1138 4147 in
1176 4095 1497 4165 cujusquam
1548 4108 1665 4152 rete
1697 4100 1902 4169 absque
1946 4103 2039 4157 Dei
2078 4106 2356 4161 voluntate

790 4186 935 4238 cadit
971 4186 991 4217 ’
1026 4204 1038 4239 :
1074 4186 1301 4256 ipseque
1342 4188 1479 4242 adeo
1532 4189 1704 4245 Jobus
1759 4192 1927 4246 animi
1982 4196 2355 4264 magnitudine

790 4287 1020 4329 cmteros
1064 4294 1255 4334 onmes
1280 4281 1640 4346 antecellens,
1678 4298 1803 4336 cum
1849 4300 2073 4339 uxorem
2110 4286 2359 4357 increpa-

791 4382 870 4420 ret
914 4385 926 4419 :
959 4368 1019 4422 Si
1047 4370 1202 4437 bona,
1230 4372 1468 4437 diccbat,
1505 4375 1568 4426 de
1594 4390 1754 4428 manu
1778 4375 1986 4431 Domini
2012 4382 2356 4450 suscepimus,

2442 571 2545 626 est,
2583 563 2676 631 qui
2708 577 2859 616 mare
2906 564 3221 624 conturbat,
3273 564 3650 632 permittitque
3680 575 3741 618 ut
3772 567 4006 619 militum

2444 652 2496 705 in
2532 668 2631 705 nos
2656 652 2749 705 fiat
2778 653 3039 707 incursio.
3069 651 3337 719 Quocirca
3371 654 3569 707 bellum
3596 655 3912 715 suscitasse,
3949 666 4010 711 ut

2441 758 2508 795 ex
2540 743 2813 812 plerisque
2842 744 3153 797 divinarum
3209 741 3612 810 Scripturarum
3658 745 3794 799 locis
3823 746 4007 799 videre

2442 844 2547 895 εει,
2582 834 2664 887 vel
2700 850 2891 888 navem
2918 850 3025 887 una
3076 849 3199 887 cum
3257 833 3641 902 navigantibus
3680 834 4009 889 demorsisse

2444 925 2639 978 merito
2678 924 2915 978 dicatur.
2980 924 3183 979 Contra
3230 939 3396 987 vero,
3446 924 3534 978 hic
3582 926 3744 978 astris
3787 926 4006 979 inhians

2440 1016 2821 1071 Mamacuthus
2850 1016 3001 1081 duci,
3042 1016 3132 1069 cui
3163 1016 3487 1078 internecio,
3518 1017 3783 1083 navisque
3812 1016 4010 1084 guber-

2444 1110 2665 1173 natori,
2710 1109 2799 1162 cui
2867 1107 3210 1177 naufragium
3258 1109 3575 1171 immineat,
3629 1106 3825 1160 ciliciis
3876 1095 4013 1159 artis

2445 1206 2609 1250 utens
2635 1236 2649 1257 ,
2680 1210 2803 1263 qua:
2844 1196 3024 1249 la-tum
3056 1204 3111 1246 et
3148 1194 3482 1248 fortunatum
3512 1194 3657 1250 diem
3712 1194 4012 1262 pollicean-

2446 1296 2556 1349 tur,
2592 1287 2666 1339 illi
2710 1286 2954 1354 quidem,
2987 1294 3047 1337 nt
3089 1286 3259 1338 aciem
3297 1285 3563 1346 instruat,
3609 1284 3738 1337 huic
3771 1300 3921 1344 vero,
3950 1295 4011 1337 nt

2445 1392 2597 1430 oram
2630 1377 2827 1437 solvat,
2870 1378 3097 1444 velaque
3136 1374 3429 1443 expandat,
3469 1385 3660 1428 auctor
3688 1384 3791 1428 est.
3843 1374 4013 1428 Num-

2444 1480 2568 1517 nam
2629 1464 2794 1533 igitur
2821 1471 3094 1517 astrorum
3127 1478 3426 1517 concursus
3471 1472 3525 1518 et
3580 1464 3847 1517 connexio
3882 1478 4015 1515 cono

2446 1553 2631 1606 silium
2670 1552 2765 1606 Dei
2800 1553 3165 1621 praevertisse,
3200 1562 3294 1606 aut
3342 1552 3573 1621 energize
3621 1561 3784 1619 atque
3836 1552 4017 1610 efﬁca-

2445 1645 2543 1696 ciae
2577 1644 2831 1713 majoris,
2866 1658 3029 1712 quam
3085 1644 3199 1711 ipsa
3236 1645 3616 1707 cunctipmens
3668 1644 3759 1698 Dei
3823 1659 4018 1697 manus

2445 1749 2565 1787 esse
2588 1734 2842 1787 dicetur?
2898 1734 3102 1802 Impius
3125 1743 3275 1789 certe
3302 1733 3488 1800 fuerit,
3520 1736 3564 1790 si
3608 1737 3729 1805 quis
3761 1737 3844 1789 vel
3882 1738 4017 1789 taci-

2383 1809 2423 1862 Β
2452 1836 2538 1879 tus
2559 1827 2631 1880 ita
2660 1841 2847 1880 secum
2871 1835 3107 1895 reputet.

2520 1917 2621 1983 Qui
2651 1918 2710 1972 fit
2738 1928 2942 1983 autem,
2968 1928 3025 1973 ttt
3057 1934 3121 1972 ex
3149 1918 3367 1974 duobus
3392 1920 3635 1989 regibus,
3686 1921 3779 1990 qui
3822 1921 4017 1974 iisdem

2450 2025 2675 2079 prorsus
2700 2010 2958 2064 omnibus
2990 2021 3265 2065 certamen
3291 2011 3552 2073 inierunt,
3584 2022 3816 2081 utroque
3850 2013 4019 2066 victo-

2452 2102 2587 2155 riam
2622 2118 2688 2155 ex
2735 2102 2994 2171 astrologi
3061 2102 3343 2156 familiaris
3384 2102 3834 2171 pranlictionibns
3891 2118 4018 2170 spe-

2456 2204 2635 2257 rante,
2669 2194 2759 2249 ille
2803 2195 3023 2263 quidem
3083 2204 3346 2263 tropaznm
3374 2196 3582 2265 erigat,
3631 2195 3718 2249 hic
3752 2204 3933 2249 autem
3964 2196 4019 2246 in

2455 2284 2668 2337 vincula
2692 2285 2994 2353 coniectus,
3032 2284 3341 2352 turpissima
3371 2300 3604 2353 qumque
3642 2285 3827 2337 subire
3860 2298 4023 2351 coga-

2460 2376 2591 2428 turt
2642 2376 2894 2444 quamvis
2932 2375 3127 2429 eodem
3157 2377 3462 2444 horoscopo
3494 2391 3626 2430 usus
3672 2376 3837 2430 fuerit
3863 2417 3879 2441 ,
3911 2390 4024 2445 quo

2454 2468 2563 2522 dux
2600 2467 2713 2532 ille,
2743 2468 2831 2522 cui
2860 2466 3173 2532 succubuit,
3210 2482 3343 2520 usus
3371 2466 3495 2520 est?

2525 2556 2648 2611 Hch
2674 2573 2833 2626 porro
2867 2557 2911 2611 si
2946 2558 3070 2626 quis
3117 2557 3445 2626 exquisitius
3487 2557 3833 2619 consideret,
3888 2558 4029 2609 utri-

2456 2667 2628 2720 usque
2677 2653 2909 2705 fortuna:
2958 2660 3013 2705 et
3045 2650 3161 2711 fati,
3205 2666 3305 2705 nec
3335 2666 3444 2703 non
3484 2651 3716 2705 curiosae
3746 2660 4021 2704 astrorum

2454 2742 2854 2811 disquisitionis
2900 2742 3045 2795 vires
3068 2742 3244 2795 nullas
3271 2756 3412 2804 esse,
3439 2742 3524 2796 vel
3544 2758 3609 2795 ex
3642 2734 3770 2812 Cyri
3794 2754 3848 2797 et
3868 2744 4026 2798 Crin-

2455 2835 2499 2889 si
2532 2835 2777 2898 historia,
2808 2833 3203 2901 deprehendet.
3246 2833 3471 2890 Crtnsus
3518 2836 3664 2887 enim
3712 2836 3895 2902 Lydia:
3928 2852 4025 2889 rex

2454 2934 2510 2979 et
2534 2925 2939 2993 provinciarum
2985 2926 3252 2987 omnium,
3283 2940 3403 2994 quae
3456 2926 3523 2978 ad
3554 2926 3822 2979 Tharsum
3852 2943 4025 2995 usque

2458 3018 2895 3085 protenduntur,
2950 3014 3092 3087 Cyro
3142 3025 3407 3070 terrorem
3454 3033 3521 3071 ex
3572 3032 3639 3071 eo
3684 3018 4024 3080 incutiebat,

2381 3132 2423 3190 ρ
2456 3108 2602 3177 quod
2627 3108 2875 3177 pecuniis
2903 3109 3228 3169 abundaret,
3263 3125 3492 3176 quarum
3523 3109 3853 3164 adminicqu
3880 3110 4028 3163 (inr—

2461 3215 2555 3254 cos
2584 3208 2639 3255 et
2668 3200 2806 3254 alios
2858 3200 3089 3269 populos
3121 3200 3187 3254 ad
3227 3201 3543 3255 societatem
3594 3210 3649 3255 et
3672 3202 3873 3255 auxilia
3907 3204 4026 3270 pel-

2460 3291 2627 3345 licere
2655 3299 2861 3359 posset.
2917 3290 3091 3358 Cyrus
3120 3304 3150 3343 e
3178 3289 3452 3343 contrario
3477 3288 3725 3344 Crmsum
3757 3303 4003 3359 perterre

2460 3381 2712 3443 faciebat,
2752 3381 3068 3435 bellicarum
3093 3395 3275 3433 rerum
3298 3421 3311 3443 ,
3344 3389 3810 3448 stratagcmatum.
3857 3384 4027 3436 aciei-

2460 3488 2567 3541 que
2618 3472 2954 3526 instruendae
2988 3470 3208 3539 peritia.
3247 3486 3353 3539 qua
3381 3470 3601 3539 quidem
3649 3481 3839 3539 gentes
3863 3488 4025 3539 quam

2463 3563 2729 3633 plurimas
2753 3562 3063 3631 subegerat,
3098 3569 3154 3614 et
3185 3576 3298 3615 sua:
3320 3560 3511 3614 ditioni
3536 3561 3863 3628 subiecerat.
3891 3561 4026 3615 Cum

2464 3654 2628 3723 igitur
2675 3661 2906 3721 uterque
2935 3665 2997 3705 ea
3034 3658 3405 3719 praaparasset,
3441 3665 3561 3718 qua:
3608 3650 3753 3703 bello
3786 3651 4029 3718 gerendo

2460 3744 2775 3799 necessaria
2830 3742 3177 3805 videbantur,
3214 3740 3438 3795 Croesus
3467 3739 3690 3808 quidem
3737 3741 3792 3793 in
3840 3742 4029 3810 prmiio

2461 3832 2773 3891 succubuit,
2808 3829 2896 3885 vel
2923 3830 3189 3893 Apollinis
3221 3831 3466 3893 oraculo,
3496 3830 3643 3900 quod
3688 3832 3759 3883 ita
3794 3846 4029 3899 pra-mo-

2462 3931 2688 3977 nuerat.
2728 3920 2931 3974 Croesus
2981 3918 3175 3988 Halym
3213 3934 3492 3988 superans,
3546 3936 3797 3989 magnam
3841 3936 4027 3971 consu-

2462 4022 2566 4067 met
2609 4028 2763 4083 opum
2810 4014 2948 4074 vim;
3007 4011 3163 4079 cujus
3228 4008 3450 4078 quidem
3534 4010 3737 4063 oraeuli
3808 4011 4030 4064 nomine

2461 4104 2765 4172 Apollinem
2791 4102 3046 4156 ducentis
3070 4100 3335 4154 lateribus
3359 4100 3544 4154 aureis
3566 4101 3889 4157 donaverat.
3921 4116 4029 4170 quo

2466 4205 2710 4264 tempore
2754 4202 2812 4247 et
2866 4193 3088 4246 oraculo
3134 4192 3284 4260 ipso,
3336 4201 3391 4268 et
3436 4201 3865 4260 astronugonum
3901 4209 4015 4260 prae

2463 4286 2798 4341 dictionibus
2850 4283 3019 4337 fretus
3077 4298 3226 4336 arma
3277 4290 3468 4336 contra
3514 4280 3712 4351 Cyrum
3766 4292 4015 4336 moverat

2463 4378 2635 4450 Cyrus
2663 4392 2794 4431 vero
2830 4388 3022 4430 contra
3055 4374 3501 4443 pra-dictionibus
3532 4374 3931 4442 astrologorum
3966 4374 4031 4427 ab

794 4459 937 4512 mala
962 4477 1127 4531 quare
1153 4479 1253 4516 non
1277 4465 1626 4517 sustineamus
1658 4468 1699 4496 ¹⁰
1730 4467 1753 4519 ?
1797 4467 1925 4522 hinc
1951 4470 2196 4525 divinum
2258 4488 2358 4526 au-
2393 4474 2434 4528 ι)
2463 4468 2809 4538 expeditione
2858 4475 3048 4520 contra
3093 4464 3341 4518 Croesum
3395 4464 3739 4532 suscipienda
3807 4480 4031 4517 revoca-

791 4548 977 4602 xiliont
1036 4561 1232 4619 pra'sto
1289 4554 1502 4609 cunctis
1558 4554 1724 4610 rebus
1784 4571 1949 4623 esse,
2008 4561 2359 4628 perspicuum

789 4650 892 4692 CSI.

860 4732 960 4797 Qui
991 4749 1120 4803 ergo
1150 4734 1263 4788 ficti
1295 4745 1495 4805 potest,
1534 4748 1593 4791 ut
1621 4753 1689 4792 ex
1714 4739 2024 4809 huiusmodi
2058 4742 2362 4797 affectioni-

793 4821 913 4885 bus,
947 4822 1185 4892 itcmque
1214 4841 1280 4879 ex
1336 4836 1608 4882 astrorum
1656 4831 2058 4898 progressibus,
2094 4834 2357 4902 regressi-

793 4913 916 4977 hus,
950 4916 1115 4970 variis
1140 4917 1348 4985 figuris,
1371 4928 1426 4972 et
1465 4935 1651 4973 earum
1682 4921 2183 4987 observationibus,
2209 4941 2361 4980 com-

793 5006 940 5059 modi
975 5016 1071 5059 aut
1104 5006 1436 5063 incommodi
1462 5011 1758 5080 quidquam
1788 5014 1837 5066 ei
1879 5014 2132 5069 accidere
2163 5024 2351 5085 queat,

792 5094 887 5163 qui
921 5094 1086 5149 rebus
1114 5095 1219 5149 illis
1267 5097 1509 5153 intentus
1538 5100 1748 5155 fuerit?
1784 5102 1840 5156 Si
1867 5103 2014 5157 enim
2061 5104 2357 5168 elementa.

794 5202 904 5240 non
930 5201 1085 5250 secus
1122 5199 1287 5257 atque
1338 5190 1589 5246 homines
1627 5193 1753 5261 ipsi,
1783 5195 2028 5263 subjecta
2058 5204 2186 5250 sunt
2217 5195 2359 5250 divi-

796 5291 867 5329 no
900 5278 1077 5342 nutni,
1129 5294 1238 5348 quo
1263 5280 1480 5335 tandem
1535 5284 1697 5336 modo
1727 5284 1977 5339 humana
2021 5288 2355 5357 conjecturae

797 5378 982 5439 patere
1007 5381 1297 5439 poterunt,
1332 5372 1384 5426 in
1411 5375 1612 5443 quibus
1638 5376 1860 5431 divinus
1898 5377 1989 5431 ille
2033 5387 2222 5432 contra
2258 5394 2359 5434 nos

800 5468 1001 5523 metus,
1049 5459 1526 5518 observationibus
1561 5464 1780 5518 illorum
1821 5466 2131 5521 contrarius
2163 5468 2361 5537 depre-

800 5549 1112 5612 henditur?
1171 5554 1305 5607 Nam
1369 5555 1634 5621 sicunde,
1686 5556 1840 5613 verbi
1899 5560 2114 5629 gratia,
2158 5560 2362 5617 bellum

875 5735 891 5760 ί
923 5735 1035 5790 Act.
1065 5752 1101 5801 ι,
1136 5736 1212 5790 Η.

1292 5740 1309 5767 ⁷
1343 5738 1462 5793 Act.
1494 5756 1599 5805 vn,
1631 5742 1717 5797 55.
1798 5744 1816 5770 ³
1840 5743 2001 5798 Marc.
2056 5756 2166 5807 XVI,
2208 5743 2287 5797 l9.

2369 5741 2387 5771 '
2410 5741 2600 5798 Μςιιιιι.
2632 5757 2683 5807 x,
2746 5739 2834 5804 2‘),
2867 5738 2953 5793 50.

2465 4560 2627 4615 batur
2653 4558 2910 4627 (quorum
2942 4554 3164 4624 quidem
3212 4564 3346 4607 nutu
3382 4553 3670 4608 Chaldaica
3720 4555 3873 4623 regio
3906 4565 4030 4608 tunc

2464 4650 2725 4719 temporis
2758 4664 2868 4717 pra:
2917 4648 3130 4701 casteris
3172 4645 3427 4700 omnibus
3454 4646 3696 4714 gentium
3744 4648 4031 4714 provinciis

2464 4738 2968 4804 administrabatur)
3021 4746 3188 4806 atque
3227 4735 3365 4789 adeo
3418 4734 3628 4788 abillis
3682 4738 4031 4789 monebatur.

2460 4842 2523 4887 ut
2557 4832 2705 4885 aliud
2734 4830 2787 4883 in
2826 4838 3041 4899 tempus
3073 4827 3468 4898 profectionem
3500 4828 3768 4881 diderrct.
3824 4830 4029 4882 Divinis

2461 4932 2644 4977 autem
2670 4920 2909 4975 Danielis
2944 4919 3188 4974 consiliis
3236 4933 3532 4987 persuasus
3558 4959 3573 4983 ,
3615 4921 3709 4989 qui
3767 4933 4028 4974 cunctan-

2459 5019 2589 5071 dum
2644 5031 2753 5069 non
2783 5029 2945 5076 esse,
2985 5012 3082 5066 sed
3135 5019 3324 5064 contra
3380 5010 3789 5079 procedendum
3842 5023 4027 5065 auctor

2457 5119 2597 5173 erat,
2627 5108 2755 5177 quia
2800 5105 3057 5160 nimirum
3117 5103 3261 5156 Deus
3308 5103 3602 5171 gloriosam
3644 5103 3719 5156 illi
3746 5102 4030 5155 victoriam

2458 5210 2747 5271 paraturus
2781 5205 2967 5259 esset,
3006 5195 3196 5265 paucis
3223 5195 3427 5264 praeliis
3469 5193 3718 5249 Crassum
3762 5195 3816 5247 in
3856 5194 4031 5264 fugam

2460 5290 2647 5354 vertit,
2683 5290 2973 5355 vivumque
3017 5285 3236 5339 tandem
3260 5285 3425 5353 cepit,
3451 5286 3618 5338 totius
3662 5285 3901 5353 denique
3936 5287 4027 5337 im-

2467 5380 2604 5450 perii
2636 5379 2754 5448 ejus
2780 5374 2930 5431 brevi
2966 5384 3211 5441 tempore
3234 5373 3488 5427 dominus
3515 5373 3711 5427 evasit.

2538 5468 2678 5522 Audi
2706 5482 2834 5521 vero
2874 5476 2953 5531 tu,
2996 5466 3091 5534 qui
3116 5464 3465 5518 astronomiae
3514 5465 3787 5527 addictus,
3821 5474 3877 5519 et
3917 5464 4030 5517 dies

2469 5571 2523 5616 et
2556 5571 2795 5629 tempora
2839 5562 3119 5623 observas,
3157 5556 3288 5627 quid
3334 5555 3596 5627 Babyloni
3643 5557 3909 5614 Dominus
3940 5570 4030 5627 per

3045 5738 3084 5768 "
3109 5734 3211 5791 Job
3242 5749 3300 5802 ll,
3343 5738 3427 5791 l0.
