4288 6372
315 413 448 477 1345

1533 405 1927 468 TIIESAURI
1967 405 2118 464 LIB.
2159 405 2259 463 IV.

3381 404 3518 465 1346

307 531 395 582 Dei
430 526 739 581 ministrum
768 523 1086 593 prophetam
1142 521 1335 576 Isaiam
1369 520 1532 580 dicat,
1572 533 1735 586 super
1769 517 1855 578 iis,
1888 524 1929 577 Λ
1962 525 2034 567 est
2072 533 2103 566 a
2146 531 2245 566 me.
2299 513 2424 568 Sine
2468 531 2626 568 causa
2679 523 2851 566 autem
2899 514 3077 566 colunt
3127 531 3206 567 me
3234 556 3246 577 ,
3281 515 3522 568 docentes

306 634 418 686 quae
458 615 960 669 Nabuchodonosor
994 623 1178 665 contra
1221 611 1409 664 urbem
1461 609 1856 678 Hierosolymo-

305 720 419 757 rum
451 702 790 771 designavit,
833 716 956 753 cum
997 701 1084 753 illa
1121 701 1236 751 solo
1270 708 1478 768 a'quata
1501 739 1514 761 ,
1544 701 1856 765 temploque

303 795 530 846 flammis
587 795 914 860 absumpto,
960 791 1216 859 populum
1277 790 1552 857 captivum
1584 788 1808 839 alduxit
1841 801 1853 836 :

305 883 595 950 Propterea
675 881 818 948 quod
877 880 1146 932 desertam
1226 878 1506 932 reddidisti
1581 877 1854 929 civitatem

304 988 494 1032 meam,
521 985 618 1022 nec
638 971 818 1038 populi
844 971 944 1022 mei
969 969 1222 1020 misertus
1247 984 1324 1030 es,
1362 968 1605 1020 desertas
1634 967 1854 1019 reddam

305 1079 488 1115 muros
538 1071 680 1123 tuos,
736 1073 790 1114 ct
835 1076 1084 1127 campum
1114 1060 1465 1113 desolationis
1513 1067 1744 1109 statuam
1784 1069 1854 1108 te.

306 1153 606 1219 Exsurgant
628 1168 758 1220 ergo
802 1151 1054 1219 astrologi
1085 1152 1182 1215 tui,
1225 1160 1279 1204 et
1310 1149 1624 1218 prmdicant,
1659 1150 1702 1202 si.
1730 1164 1860 1216 pos-

304 1242 380 1294 sis
404 1242 640 1311 effugere
676 1257 892 1293 manum
925 1243 1134 1294 Domini
1171 1243 1234 1292 “.

373 1333 490 1385 Alia
529 1349 749 1400 quoque
784 1334 1044 1385 nonnulla
1093 1331 1455 1400 propheticus
1498 1330 1640 1384 liber
1666 1330 1731 1383 de
1765 1329 1861 1381 lal-

305 1424 534 1491 siloquis
584 1425 872 1493 astrologis
911 1426 1202 1493 pereurrit,
1258 1439 1378 1490 qua:
1414 1423 1546 1474 mihi
1598 1422 1861 1475 memoria

307 1517 627 1568 exciderunt
654 1557 667 1578 ,
702 1517 772 1568 ita
832 1527 890 1568 ut
940 1515 1205 1568 verbatim
1239 1516 1326 1567 illa
1358 1515 1561 1568 referre
1602 1515 1708 1582 jam
1753 1527 1858 1565 non

307 1606 380 1658 sit
431 1607 723 1672 integrum.
771 1605 1060 1658 Perierunt
1109 1606 1254 1661 enim
1301 1604 1461 1666 libri,
1494 1617 1700 1671 eosque
1742 1612 1862 1654 tan-

306 1710 469 1762 quam
503 1697 554 1747 in
600 1695 724 1748 Orci
771 1704 1052 1755 ventrem,
1083 1695 1165 1746 vel
1215 1692 1540 1746 Laconicam
1575 1691 1859 1751 latebram,

309 1787 624 1838 Latinorum
662 1794 914 1844 ventres,
952 1801 1055 1838 una
1091 1800 1215 1837 cum
1266 1785 1464 1852 opibus
1511 1792 1565 1836 et
1615 1783 1863 1850 pecuniis

309 1876 448 1926 meis
479 1874 873 1942 absorpserunt
904 1891 916 1927 :
953 1875 1138 1926 multis
1162 1875 1378 1942 quidem
1421 1874 1547 1936 illis,
1584 1888 1685 1926 nec
1712 1873 1867 1926 lucu-

310 1965 473 2018 lentis
506 1964 612 2016 illis
637 1963 834 2032 opibus
861 1965 1156 2026 absimiles,
1194 1979 1312 2032 quae
1361 1965 1721 2032 imperialium
1755 1962 1867 2015 olli-

309 2055 517 2108 ciorum
551 2055 798 2116 fuerunt,
845 2055 1049 2123 quibus
1102 2056 1295 2108 ordine
1344 2055 1625 2124 graduque
1680 2054 1867 2106 debito

309 2161 428 2199 sum
465 2145 878 2199 cohonestatns.

381 2238 522 2303 Quin
580 2249 635 2291 et
670 2239 886 2302 Paulus,
929 2253 991 2291 os
1019 2240 1195 2306 ipsum
1242 2237 1468 2301 Christi,
1510 2238 1713 2308 quique
1749 2251 1867 2290 om-

311 2343 433 2380 nem
467 2329 576 2380 fere
606 2339 828 2390 terram,
857 2337 1334 2397 quantamcunqne
1386 2329 1464 2382 sol
1497 2330 1867 2396 pulcherrimo

313 2420 422 2485 igni
459 2434 557 2470 suo
591 2418 889 2484 expositam
911 2417 1076 2477 fovet,
1114 2419 1457 2486 praedicando
1484 2420 1778 2485 percurrit,
1816 2420 1866 2470 in

313 2510 551 2577 Epistula
597 2508 661 2560 ad
688 2508 904 2561 Galatas
931 2508 1001 2560 ita
1027 2509 1238 2570 dicens,
1274 2508 1700 2576 deprehenditur
1734 2525 1746 2558 :
1772 2506 1870 2559 Sed

314 2611 436 2651 tunc
480 2600 685 2667 quidem
736 2601 1033 2667 ignorantes
1078 2600 1277 2660 Deum,
1319 2601 1380 2650 iis
1417 2601 1506 2666 qui
1543 2608 1735 2649 natura
1768 2615 1870 2649 non

312 2700 434 2743 sum
487 2691 578 2752 dii,
633 2689 947 2740 serviebatis.
992 2688 1141 2740 Nunc
1204 2695 1377 2740 autem
1418 2704 1535 2739 cum
1578 2691 1872 2755 cognoveri-

315 2783 379 2833 tis
413 2780 597 2840 Deum,
635 2781 737 2831 imo
775 2781 968 2847 cogniti
990 2781 1100 2831 sitis
1135 2796 1166 2830 a
1201 2779 1325 2840 Deo,
1361 2779 1612 2847 quomodo
1662 2795 1871 2829 conver-

315 2875 490 2925 timini
518 2876 705 2925 iterum
758 2871 825 2922 ad
855 2871 1067 2935 inﬁrma
1099 2880 1146 2920 et
1185 2887 1341 2938 egena
1372 2871 1645 2933 elementa,
1685 2873 1870 2938 quibus

316 2965 484 3015 tlenuo
508 2963 698 3013 servire
728 2959 881 3011 vultis
910 2959 933 3009 ?
974 2957 1089 3010 Dies
1123 2959 1406 3010 observatis
1432 2998 1445 3019 ,
1479 2967 1528 3009 et
1560 2975 1790 3020 menses,
1825 2969 1871 3012 et

318 3066 571 3124 tempora.
629 3063 676 3104 et
705 3068 889 3105 annos.
930 3051 1099 3103 Timeo
1134 3067 1240 3114 vos,
1275 3067 1338 3102 ne
1393 3053 1524 3118 forte
1556 3055 1665 3104 sine
1715 3070 1872 3106 causa

1957 609 2222 660 doctrinas
2274 614 2321 660 et
2375 609 2630 661 mandata
2694 608 2996 670 hominum,
3051 607 3376 661 attendentes
3419 613 3526 677 spi-

1959 698 2137 749 ritibus
2189 699 2407 759 erroris,
2451 705 2498 749 et
2545 697 2614 749 ad
2654 696 2967 764 falsiloquas
2995 699 3074 762 “;
3125 707 3308 750 vatum
3363 697 3526 765 nugis

1959 790 2203 843 animum
2250 790 2580 856 appellentes
2614 806 2627 841 ε
2662 790 2787 856 quia
2837 803 2899 839 ea
2950 788 3168 855 quidem
3223 788 3364 842 scire
3418 787 3524 841 sibi

1962 885 2238 947 videntur,
2275 899 2395 951 qua:
2425 897 2585 951 supra
2612 883 2776 935 cmlos
2803 923 2814 945 ,
2850 890 2906 934 et
2946 883 3047 934 sub
3075 889 3217 932 terra
3245 887 3392 940 sunt,
3420 894 3526 931 nec

1963 973 2177 1025 interim
2202 975 2513 1036 advertunt,
2540 985 2737 1040 quanta
2761 972 2959 1024 mentis
2983 971 3224 1024 czccitate
3251 971 3522 1031 laborent,

1962 1071 2015 1115 ct
2053 1071 2388 1130 quantopere
2421 1061 2695 1120 fallantur,
2738 1069 2899 1126 atque
2951 1062 3002 1111 in
3042 1057 3291 1111 eamdem
3339 1073 3524 1110 secum

1964 1154 2230 1214 fraudem,
2254 1163 2308 1207 et
2341 1154 2479 1206 idem
2508 1153 2774 1214 exitium,
2807 1167 2901 1204 eos
2952 1151 3271 1218 pertrahant
3292 1190 3306 1213 ,
3359 1165 3526 1218 quos-

1964 1259 2175 1312 cunque
2203 1260 2327 1297 ειυς»
2362 1245 2414 1296 in
2447 1258 2627 1296 casses
2661 1242 2915 1310 pellicere
2948 1242 3248 1308 potuerint.

2033 1335 2104 1387 lis
2132 1337 2273 1386 enim
2331 1335 2421 1402 qui
2459 1349 2646 1402 parum
2685 1333 2940 1399 sapiunt,
2974 1346 3074 1382 ne:
3126 1346 3275 1397 spem
3307 1345 3525 1383 omnem

1965 1425 2019 1479 in
2061 1426 2169 1478 Deo
2209 1435 2587 1493 reposuerunt.
2627 1424 2912 1477 facilemet
2951 1423 3236 1491 quibusvis
3280 1438 3530 1489 extarem-

1965 1522 2110 1582 ptam
2135 1528 2254 1566 esse
2275 1513 2580 1566 futurorum
2601 1513 2962 1581 cognitionem
2989 1512 3337 1580 persuadent,
3366 1520 3530 1579 atque

1968 1604 2136 1656 motui
2176 1612 2445 1655 astrorum
2480 1619 2541 1655 ea
2572 1605 2894 1664 tribuentes,
2928 1618 3046 1669 qua:
3082 1603 3278 1655 divinae
3309 1602 3529 1669 praecel-

1967 1694 2148 1747 lentia:
2171 1693 2388 1761 propria
2423 1702 2478 1747 et
2529 1693 2826 1761 peculiaria
2865 1703 3012 1755 sunt,
3049 1709 3076 1746 a
3111 1708 3241 1746 sana
3300 1694 3529 1745 erroris-

1969 1801 2074 1854 que
2102 1787 2279 1838 nescia
2305 1786 2561 1853 opinione
2587 1800 2680 1838 eos
2725 1785 3070 1847 abstrahunt,
3124 1769 3437 1853 quicunque
3462 1786 3528 1837 ad

1971 1877 2195 1930 anilium
2239 1893 2498 1944 nugarum
2549 1877 3035 1932 insusurrationem
3084 1882 3352 1948 proclives
3411 1877 3530 1930 lue-

1969 1968 2080 2020 rint
2118 1985 2130 2019 :
2166 1968 2623 2035 quemadmodum
2651 1970 2812 2021 etiam
2842 1972 3108 2039 propheta
3139 1973 3386 2025 Ezechiel
3414 1973 3524 2024 ait:

1969 2057 2091 2110 Hrcc
2110 2059 2230 2110 dicit
2253 2059 2499 2110 Dominus
2523 2058 2696 2112 Deus:
2730 2058 2818 2111 Vw
2860 2065 3118 2130 prophetis
3147 2064 3525 2131 insipientibus.

1969 2149 2360 2215 quisequuntur
2377 2149 2621 2215 spiritum
2642 2166 2816 2216 suum,
2833 2161 2880 2202 et
2901 2152 3026 2205 nihil
3048 2153 3240 2205 vident.
3266 2151 3533 2220 Numquid

1971 2252 2071 2286 non
2104 2238 2355 2288 visionem
2387 2255 2588 2290 cassam
2623 2241 2821 2292 vidistis
2848 2280 2860 2300 ,
2895 2252 2940 2292 et
2983 2243 3353 2294 divinationem
3388 2259 3530 2294 men-

1969 2329 2151 2380 dacem
2183 2328 2339 2380 locuti
2365 2332 2484 2381 estis
2508 2331 2532 2380 ?
2562 2341 2834 2397 propterea
2870 2335 2967 2384 erit
3016 2350 3200 2385 uiantis
3231 2351 3344 2386 mea
3373 2350 3528 2401 super

1971 2421 2281 2487 prophetas,
2338 2422 2425 2488 qui
2473 2423 2646 2474 vident
2689 2439 2864 2485 vana,
2911 2433 2957 2475 et
3007 2425 3247 2476 divinant
3307 2435 3527 2477 menda-

1972 2510 2104 2561 cium
2139 2511 2200 2560 ”.

2041 2598 2175 2663 Quia
2208 2615 2336 2652 vero
2386 2600 2515 2667 ipsa:
2561 2617 2778 2670 quoque
2844 2605 3157 2658 milieritnlie
3212 2607 3520 2659 futurorum

1973 2691 2334 2759 cognitionem
2372 2706 2397 2744 s
2424 2693 2471 2744 bi
2509 2694 2850 2747 vindicabant
2880 2737 2892 2756 ,
2926 2711 3118 2749 rursus
3146 2699 3220 2750 ait
3254 2701 3528 2767 propheta

1974 2782 2273 2834 Dominus:
2336 2783 2399 2833 Et
2435 2793 2509 2843 tu,
2564 2785 2642 2851 ﬁli
2681 2787 2900 2840 hominis
2926 2830 2940 2851 ,
2991 2803 3122 2853 pone
3155 2790 3336 2856 faciem
3383 2803 3527 2841 tuam

1973 2881 2155 2922 contra
2178 2872 2321 2935 ﬁlias
2352 2872 2527 2940 papuli
2563 2877 2656 2939 tui,
2684 2893 2798 2942 (μίαν
2823 2879 3130 2944 praphetant
3153 2880 3214 2930 de
3230 2881 3384 2932 corde
3409 2897 3524 2938 suo.

1973 2970 2020 3010 et
2056 2960 2338 3012 vaticinare
2374 2978 2528 3030 super
2562 2981 2668 3023 eas,
2707 2974 2752 3015 et
2779 2967 2860 3016 dic
2891 2982 2908 3017 :
2959 2967 3080 3018 lla'c
3106 2969 3228 3020 dicit
3275 2967 3527 3020 Dominus

1976 3054 2154 3107 Deus:
2189 3055 2269 3107 l’te
2308 3072 2423 3124 qua:
2450 3067 2704 3110 consumit
2739 3060 2982 3126 pulvillos
3031 3060 3125 3112 sub
3169 3063 3311 3112 omni
3358 3061 3526 3112 cubito

320 3145 661 3196 laboraverim
699 3145 751 3194 in
802 3141 957 3193 vobis.
1004 3140 1180 3194 Estote
1213 3145 1343 3194 sicut
1378 3158 1468 3208 ego
1491 3183 1503 3201 ,
1537 3144 1660 3211 quia
1710 3153 1757 3194 et
1783 3161 1874 3213 ego
1902 3162 1944 3218 (ς
1978 3161 2162 3197 ntanus
2195 3161 2212 3198 :
2264 3156 2310 3197 et
2356 3147 2552 3213 faciunt
2597 3149 2868 3200 cervicalia
2927 3150 3018 3201 sub
3056 3151 3225 3217 capite
3276 3152 3526 3202 universa:

315 3239 444 3288 sicut
467 3252 552 3288 vos
586 3235 648 3286 ".

392 3326 576 3393 Itaque
606 3324 853 3393 quisquis
895 3325 1261 3378 observationi
1289 3329 1560 3378 astrorum
1616 3324 1874 3378 immora-

323 3428 433 3478 tur,
469 3416 638 3484 iisque
669 3415 828 3467 tidem
864 3415 1044 3477 habet,
1083 3432 1201 3481 qua:
1251 3416 1318 3468 ab
1352 3416 1636 3483 astrologis
1678 3417 1874 3468 dicnn-
1912 3451 1917 3454 -

324 3517 434 3568 tur,
472 3509 630 3558 tacite
663 3506 1016 3565 Mercurium,
1062 3505 1377 3567 Saturnum,
1419 3505 1663 3566 Marzem,
1693 3517 1748 3558 et
1772 3521 1875 3558 ca:-

324 3605 436 3648 tera
466 3595 643 3647 sidera
677 3596 826 3654 colit,
858 3610 979 3662 qua:
1008 3603 1154 3646 motu
1217 3610 1315 3646 suo
1343 3596 1394 3646 in
1420 3599 1605 3646 orbem
1635 3596 1872 3647 circum-

321 3686 588 3738 feruntur.
637 3683 892 3746 Quamvis
929 3684 1072 3735 enim
1123 3697 1222 3734 nec
1252 3699 1419 3736 aereas
1449 3684 1583 3744 illis,
1617 3699 1716 3736 nec
1737 3685 1872 3751 lapi-

322 3774 452 3826 deas
499 3773 758 3840 imagines
791 3782 1096 3833 consecret,
1158 3788 1258 3826 nec
1309 3784 1428 3825 actu
1459 3774 1523 3825 ad
1570 3775 1871 3826 orationem

323 3877 430 3929 prie
464 3878 520 3914 se
555 3864 708 3925 ferat,
741 3863 807 3915 iis
840 3873 1015 3915 tamen
1049 3865 1212 3915 altum
1246 3864 1448 3915 cultum
1487 3865 1743 3917 exhibere
1777 3879 1870 3917 co-

322 3952 608 4018 arguitur,
669 3969 734 4006 eo
785 3954 928 4021 quod
988 3968 1051 4004 ex
1110 3953 1323 4005 illorum
1374 3954 1874 4008 circumvolutionis

323 4043 607 4096 ell'ei'tibus
653 4043 940 4110 dependet.
995 4043 1218 4110 Oportet
1270 4044 1451 4106 enim,
1500 4055 1558 4096 ut
1611 4047 1701 4113 qui
1761 4051 1874 4100 veri

324 4134 612 4184 Christiani
641 4148 837 4184 nomen
879 4148 984 4184 non
1023 4133 1376 4195 mentiuntur,
1411 4135 1592 4187 omnia
1644 4151 1752 4187 uno
1786 4152 1879 4189 co-

324 4220 553 4285 dcmqne
589 4220 748 4271 modo
782 4223 1068 4271 cnuntient
1097 4259 1111 4283 ,
1167 4236 1286 4288 qua:
1315 4236 1345 4272 a
1376 4221 1559 4274 divina
1587 4223 1878 4276 l’rovitlcn~

326 4310 395 4360 tia
446 4310 809 4376 proveniunt.
843 4311 943 4362 hoc
999 4327 1120 4362 cum
1166 4313 1362 4365 Davide
1397 4314 1728 4381 psallentes:
1772 4318 1876 4369 Ad-

324 4400 464 4451 ha’sit
497 4400 674 4448 anima
700 4413 812 4448 mea
835 4406 946 4465 post
973 4407 1020 4449 te
1046 4400 1108 4453 ”.

1981 3238 2152 3287 etatis
2184 3239 2250 3288 ad
2281 3239 2557 3303 capiendas
2597 3240 2823 3292 animus.
2867 3239 2930 3291 Et
2959 3240 3221 3292 violabant
3277 3256 3358 3292 me
3386 3239 3529 3306 apud

1976 3327 2222 3395 populum
2278 3343 2444 3380 meum
2479 3340 2687 3397 propter
2724 3347 2826 3398 pug
2856 3329 2985 3381 llum
3029 3332 3243 3394 hordei,
3303 3339 3352 3382 et
3409 3331 3525 3398 fra-

1972 3431 2125 3484 gmen
2155 3419 2305 3484 panis
2338 3431 2356 3467 :
2400 3425 2459 3466 ut
2501 3418 2846 3483 interﬁcerent
2883 3422 3089 3470 animas
3128 3435 3242 3485 qua:
3270 3435 3374 3472 non
3418 3436 3526 3470 mo-

1975 3516 2202 3568 riuntur,
2229 3513 2276 3556 et
2296 3504 2608 3570 vivi/icarent
2637 3510 2864 3567 animas,
2888 3522 3001 3569 quie
3036 3521 3136 3556 non
3161 3507 3357 3568 vivunt,
3385 3521 3526 3557 men-

1976 3597 2158 3646 tientes
2187 3594 2374 3662 populo
2407 3611 2517 3646 meo
2542 3597 2769 3646 credenti
2794 3597 3075 3647 mendacis
3098 3596 3160 3647 “.

2048 3683 2134 3735 Sic
2163 3685 2305 3735 enim
2356 3699 2414 3738 se
2451 3702 2536 3737 res
2567 3686 2746 3737 habet.
2805 3686 2936 3738 Vera
2970 3686 3187 3753 quidem
3219 3686 3524 3754 prophetia,

1975 3783 2028 3826 et
2063 3773 2228 3826 futuri
2262 3775 2560 3841 praedictio,
2594 3791 2692 3842 pro
2729 3775 3117 3837 familiaritate,
3169 3791 3288 3844 qua:
3321 3789 3524 3844 petenti

1977 3867 2178 3918 homini
2214 3882 2335 3918 cum
2373 3868 2482 3918 Deo
2515 3868 2838 3928 intercedit,
2861 3878 2916 3920 et
2949 3883 3048 3934 pro
3083 3868 3202 3936 ejus
3237 3868 3340 3936 [ide
3365 3907 3380 3931 ,
3433 3868 3523 3934 qui

1975 3957 2152 4008 lutura
2179 3971 2503 4024 cognoscere
2536 3959 2701 4024 cupit,
2738 3958 3002 4010 divinitus
3024 3956 3335 4012 evhibetur.
3362 3961 3433 4010 At
3459 3972 3525 4009 ex

1975 4058 2243 4099 astrorum
2288 4047 2642 4110 revoiutione,
2692 4050 3112 4117 hujusmodique
3161 4050 3529 4104 constellatio-

1977 4155 2104 4191 num
2134 4141 2236 4191 situ
2270 4140 2414 4191 nulla
2469 4156 2689 4207 prorsus
2723 4141 2892 4194 futuri
2924 4142 3160 4210 cognitio
3193 4141 3370 4194 datur.
3415 4139 3526 4192 Nec

1975 4229 2118 4283 enim
2159 4230 2315 4282 exiis
2348 4231 2701 4283 humanarum
2765 4248 2946 4285 rerum
2989 4231 3386 4285 administratio
3433 4231 3528 4281 de—

1979 4321 2212 4388 pendet:
2257 4321 2350 4373 sed
2404 4322 2727 4389 pluviarum,
2781 4333 2836 4374 et
2888 4323 3202 4376 earumdem
3261 4322 3522 4378 delectus.

1980 4411 2106 4464 item
2137 4410 2312 4478 frigidi
2344 4421 2399 4464 et
2431 4413 2610 4475 calidi,
2637 4413 2843 4464 humidi
2875 4422 2928 4464 et
2959 4413 3107 4473 sietri,
3142 4411 3375 4479 denique
3401 4427 3526 4462 ven-

393 4490 547 4554 Quod
588 4491 782 4558 siquis
823 4492 1003 4561 lingua
1032 4492 1248 4559 quidem
1282 4493 1447 4545 Deum
1468 4508 1587 4547 esse
1620 4494 1868 4558 fateatur,
1907 4499 1948 4548 Ι)
1979 4513 2152 4553 torum
2202 4510 2253 4553 et
2281 4501 2538 4554 similium
2570 4517 2750 4555 rerum
2783 4505 2930 4570 signa
2965 4509 3285 4570 promuntur
3313 4519 3325 4552 :
3352 4503 3524 4553 actio.

325 4582 481 4649 cujus
506 4589 640 4633 nutu
682 4592 735 4634 et
764 4584 993 4635 consilio
1028 4591 1221 4635 cuncta
1245 4584 1537 4636 sucredant
1556 4623 1570 4646 ,
1600 4593 1657 4635 ut
1684 4596 1876 4637 cuncta

325 4671 526 4722 tuentis
550 4680 606 4721 et
643 4669 982 4736 inspicientis
1009 4711 1022 4732 ,
1049 4670 1152 4722 lixo
1183 4682 1362 4723 autem
1393 4673 1528 4739 pede
1579 4675 1751 4725 errori
1796 4689 1881 4726 as-

327 4769 536 4811 trorum
567 4759 862 4820 inhaaieat,
893 4765 986 4827 qui
1023 4760 1148 4819 fiet,
1181 4769 1237 4812 ut
1278 4765 1320 4813 si
1360 4765 1493 4814 nihil
1539 4763 1684 4816 aliud
1735 4773 1876 4831 agat,

325 4849 571 4900 oratione
611 4858 788 4899 tamen
829 4849 932 4899 vim
981 4849 1164 4915 pietati
1222 4850 1417 4902 all'erre
1456 4866 1562 4902 non
1610 4852 1878 4912 videatur,

325 4953 449 4991 cum
490 4947 723 4991 mentem
784 4939 1028 4992 barbaris
1081 4941 1323 4992 moribus
1374 4941 1623 4994 inliciat?
1679 4942 1879 4996 Gentes

324 5031 468 5082 enim
493 5045 613 5096 qua:
645 5031 814 5082 Deum
862 5048 967 5083 non
1017 5041 1239 5095 norunt,
1268 5043 1540 5086 astrorum
1589 5035 1776 5104 liguris
1824 5045 1877 5087 et

324 5122 861 5186 constellationibns,
915 5123 1064 5175 velut
1108 5123 1321 5176 hiantes
1364 5124 1684 5178 Mamacuthi
1740 5126 1872 5195 (55),

325 5210 678 5263 innituntur:
735 5221 790 5263 et
848 5227 1036 5264 eorum
1109 5213 1393 5268 eﬂ‘ectibus
1458 5217 1869 5284 obstupescunt.

327 5299 467 5351 Deus
520 5314 684 5365 porro
735 5301 846 5353 haec
887 5299 1006 5368 jbre
1070 5301 1138 5356 de
1181 5304 1288 5356 illis
1327 5305 1526 5357 dixerit
1575 5323 1587 5358 :
1645 5306 1874 5375 Populus

326 5389 405 5442 hic
463 5387 610 5440 labiis
674 5403 753 5440 me
805 5391 1060 5453 honorat,
1108 5407 1197 5442 cor
1252 5403 1430 5446 autem
1491 5411 1667 5447 eorum
1725 5398 1874 5467 longe

384 5556 421 5585 ¹¹
457 5554 558 5607 lsa.
587 5569 702 5606 XIII.
756 5556 841 5608 Η.

324 5622 376 5687 7,
409 5623 460 5677 9.
541 5626 582 5653 ³⁸
606 5625 743 5679 Ibid.
770 5627 948 5679 17-19.

929 5557 1166 5613 "Galat.
1204 5575 1283 5618 III,
1315 5558 1467 5612 8—12.
1533 5561 1573 5590 ⁸³
1599 5561 1732 5613 l'sal.
1762 5578 1891 5624 an,
1923 5563 1975 5616 9.
2043 5565 2084 5594 ιδ
2120 5565 2223 5618 lsa.
2259 5583 2408 5633 XXIX,
2441 5571 2537 5631 l5;
2571 5567 2939 5633 Matth.xv,8.

1975 4606 2101 4643 num
2164 4605 2294 4645 vero
2336 4601 2644 4644 nostrarum
2706 4593 2849 4645 nulla
2901 4607 3140 4658 prorsus.
3194 4592 3328 4646 Cum
3378 4590 3521 4643 enim

1975 4681 2206 4733 liberum
2233 4681 2387 4734 nobis
2415 4681 2599 4733 mundi
2627 4681 2814 4748 Opifex
2847 4683 3134 4734 arbitrium
3169 4683 3519 4742 concesserit,

1975 4772 2216 4822 actiones
2250 4781 2446 4822 nostrae
2476 4771 2529 4822 in
2584 4780 2848 4838 potestate
2885 4782 3070 4824 nostra
3105 4781 3251 4825 sunt.
3287 4758 3342 4823 Si
3373 4773 3518 4824 enim

1977 4870 2275 4913 secundum
2305 4871 2577 4913 astrorum
2623 4878 2844 4916 cursum
2890 4867 3068 4916 omnia
3101 4865 3344 4925 facimus,
3373 4879 3521 4930 quae-

1974 4966 2187 5017 conque
2222 4952 2434 5003 tandem
2465 4967 2493 5004 a
2520 4953 2678 5005 nobis
2735 4952 2882 5017 fiant,
2923 4969 2984 5006 ea
3027 4953 3332 5006 necessario
3363 4953 3519 5005 fiunt.

1975 5032 2128 5105 Quod
2165 5052 2343 5094 autem
2373 5047 2677 5098 necessario
2709 5045 2784 5108 lit,
2815 5060 2988 5112 neque
3038 5045 3210 5097 virtus
3243 5045 3315 5109 id,
3349 5060 3522 5112 neque

1976 5134 2169 5187 vitium
2205 5141 2307 5186 est.
2353 5134 2470 5186 Jam
2495 5138 2538 5188 si
2591 5151 2766 5204 neque
2816 5136 3068 5188 virtutem
3105 5150 3281 5202 neque
3329 5135 3522 5187 vitium

1975 5239 2345 5294 assequamur,
2383 5225 2585 5296 indigni
2615 5242 2802 5279 sumus
2823 5267 2835 5290 ,
2867 5229 2959 5295 qui
2987 5227 3238 5279 laudibus
3296 5234 3387 5278 aut
3429 5241 3524 5277 co-

1975 5317 2127 5368 ronis
2159 5318 2496 5380 doceremur,
2548 5317 2868 5386 probrisque
2890 5328 2981 5369 aut
3026 5315 3303 5384 suppliciis
3331 5315 3525 5369 afﬁcia—

1978 5421 2119 5458 mur.
2166 5403 2275 5457 lino
2315 5405 2456 5461 Deus
2492 5409 2605 5476 ipse
2631 5408 2868 5476 injustas
2919 5407 3395 5476 deprehendetur,
3427 5408 3522 5477 qui

3017 5565 3061 5598 "
3088 5562 3282 5618 Ezech.
3312 5578 3430 5627 xnt,
3463 5564 3519 5628 5,

395 5766 502 5836 (55)
531 5767 889 5822 Proverbium
917 5769 1396 5839 AristOphanicum
1431 5787 1459 5824 a
1491 5771 1641 5825 fatuo
1667 5771 2007 5826 Mamacutho
2036 5774 2284 5829 ductum.
