4288 6372
792 360 920 423 1347

2006 355 2303 415 ΝΙΕΕΤ.Ἐ
2345 356 2750 417 CHONIAT/E

3883 365 4034 430 1348

784 470 872 523 bis
913 467 1138 537 quidem
1194 466 1356 531 bona,
1389 465 1497 518 illis
1541 478 1670 517 vero
1697 462 2016 517 aﬂlict'oues
2068 465 2346 527 immittat,
2381 474 2419 526 Α
2451 477 2561 529 est,
2591 468 2683 536 qui
2737 468 2802 520 de
2826 468 2936 522 Deo
2964 467 3179 520 tandem
3213 468 3299 536 pie
3329 469 3530 523 sentire
3567 481 3875 540 cmperuut,
3919 489 4033 529 nec

782 574 960 628 neque
991 573 1054 612 ea
1080 571 1201 627 qua:
1230 555 1434 610 creavit
1460 553 1799 624 providentia
1832 568 1928 607 sua
1961 568 2145 622 regere
2167 563 2341 616 curet,

778 650 830 704 si
859 647 1166 701 necessario
1218 653 1418 699 cuncta
1458 656 1659 710 susque
1712 640 1891 710 deque
1941 642 2203 695 ferantur.
2233 641 2347 695 lmo

722 774 729 781 -
778 744 942 795 etiam
973 736 1245 807 superﬂua
1266 732 1324 790 in
1351 736 1506 790 nobis
1536 750 1599 788 ea
1628 748 1753 802 pars
1788 734 1981 785 anima:
2014 732 2201 797 fuerit,
2224 749 2347 801 qu:e

780 833 1007 885 rationis
1032 837 1116 884 est
1139 829 1429 898 particeps.
1469 825 1599 878 Nam
1629 825 1672 878 si
1715 824 1920 878 nullius
1944 824 2175 876 actionis
2199 839 2347 877 com-

779 930 935 990 potes
964 936 1174 982 sumus,
1212 919 1411 973 frustra
1441 916 1831 969 deliberamus.
1865 915 2166 968 Rationalis
2197 917 2343 969 enim

778 1027 907 1079 pars
927 1013 1120 1065 animze
1148 1008 1461 1063 hominibus
1493 1006 1833 1060 deliberandi
1871 1006 2043 1074 gratia
2080 1006 2346 1060 divinitus

778 1104 901 1156 data
924 1112 1027 1156 est.
1068 1103 1145 1155 Ex
1187 1100 1581 1154 deliberatione
1618 1106 1798 1153 autem
1844 1097 1982 1150 ratio
2012 1108 2066 1151 et
2110 1098 2345 1151 liberum

780 1197 1066 1248 arbitrium
1104 1194 1441 1248 elucescuut.

858 1287 1043 1353 Itaque
1095 1286 1281 1339 stellas
1328 1285 1528 1338 nullius
1566 1297 1757 1336 eorum
1801 1298 1923 1351 qu.e
1979 1290 2107 1335 sunt
2157 1296 2347 1336 causas

779 1391 926 1438 esse,
962 1386 1020 1428 ut
1056 1392 1157 1429 nec
1183 1393 1245 1427 ex
1279 1375 1440 1427 rebus
1465 1376 1663 1427 creatis
1691 1373 1876 1434 ullam,
1907 1382 2071 1440 atque
2098 1372 2231 1425 adeo
2254 1386 2349 1425 ne-

781 1468 975 1536 queiis
1002 1482 1123 1536 qua:
1158 1473 1284 1519 sunt
1318 1473 1520 1523 ortum,
1556 1477 1732 1530 neque
1767 1462 1831 1514 iis
1862 1478 1981 1529 qum
2004 1461 2346 1529 corruptioui

781 1560 1011 1615 obnoxia
1044 1567 1168 1611 sunt
1190 1556 1472 1607 interitum
1503 1553 1699 1606 aﬂcrre
1720 1593 1735 1616 ,
1762 1552 1871 1605 imo
1907 1551 2246 1620 pluviarum,
2294 1562 2350 1605 et

781 1650 1096 1703 earumdem
1132 1646 1400 1708 defectus,
1429 1655 1590 1712 atque
1618 1650 1938 1697 czeterarum
1971 1642 2116 1693 acris
2166 1650 2316 1694 muta
2336 1668 2347 1677 ~

782 1742 997 1794 tiouum
1032 1739 1183 1807 signa
1214 1751 1333 1789 esse
1396 1734 1653 1787 (licinius.
1686 1734 1795 1787 Nec
1855 1733 1993 1785 male
2038 1732 2180 1785 forte
2225 1732 2350 1800 quis

783 1838 1063 1889 autumet,
1103 1842 1198 1881 eas
1256 1826 1519 1879 bellorum
1578 1822 1797 1891 quidem
1847 1822 2141 1889 aliquando
2195 1823 2347 1890 signa

782 1934 943 1981 esse,
991 1932 1183 1971 causas
1232 1931 1362 1970 vero
1412 1930 1519 1968 non
1576 1914 1724 1967 item.
1779 1912 2059 1981 Siquidem
2116 1928 2181 1965 ex
2210 1913 2353 1967 aeris

784 2012 1049 2080 qualitate
1084 2009 1193 2080 (cui
1224 2007 1331 2062 alio
1359 2017 1521 2076 atque
1577 2006 1684 2059 alio
1717 2006 1878 2059 modo
1920 2020 1949 2056 a
1980 2006 2094 2059 sole
2138 2014 2195 2057 et
2226 2004 2353 2057 luna

785 2103 952 2157 variae
986 2100 1386 2162 concretiones,
1421 2114 1517 2151 seu
1547 2095 1958 2165 impressiones.
1983 2096 2258 2160 accidunt)
2299 2104 2356 2148 et

788 2195 1011 2248 habitus
1051 2194 1104 2245 in
1137 2192 1295 2245 nobis
1320 2201 1374 2244 et
1403 2188 1719 2242 eﬂ'ectiones
1759 2186 2089 2241 conﬂantur.
2130 2186 2357 2240 Habitus

790 2296 974 2339 autem
1007 2285 1148 2338 inter
1207 2284 1298 2336 illa
1345 2289 1659 2340 censentur,
1696 2294 1815 2348 quzc
1874 2279 1926 2331 in
1962 2288 2149 2332 nostra
2205 2283 2357 2347 po‘te-

790 2382 929 2427 state
970 2381 1097 2428 sunt
1135 2370 1329 2440 posita.
1365 2369 1695 2423 Retinentur
1736 2368 1883 2422 enim
1916 2366 2149 2431 ratione,
2185 2373 2235 2420 et
2272 2379 2359 2420 re-

792 2475 1075 2528 vocantur,
1113 2465 1156 2517 si
1190 2463 1482 2517 divertant.

864 2554 1095 2607 Lunaris
1117 2552 1280 2605 etiam
1305 2551 1456 2605 orbis
1504 2548 1767 2619 perfectio
1793 2558 1849 2604 et
1899 2548 2214 2603 imminutio
2247 2564 2356 2604 non

791 2661 1086 2712 pani-arum
1117 2645 1481 2696 mutationum
1509 2658 1670 2695 causa
1701 2653 1805 2704 est,
1833 2650 1893 2694 ut
1925 2657 1990 2695 ex
2016 2641 2253 2710 piscibus
2281 2652 2361 2696 te—

789 2737 956 2788 stacei
982 2736 1216 2803 generis,
1251 2744 1305 2787 et
1330 2733 1603 2801 plerisque
1651 2732 1942 2785 arboribus
1978 2740 2210 2797 constat,
2241 2748 2361 2801 qua

793 2835 1051 2879 crescunt
1079 2834 1135 2878 et
1176 2825 1521 2887 decrescunt,
1554 2830 1719 2891 atque
1770 2821 2172 2883 quodammodo
2218 2823 2362 2878 luna:

795 2915 1196 2969 minationibus
1225 2914 1658 2983 compatiuntur.

867 3006 1145 3061 Interdum
1177 3020 1310 3059 vero
1346 3006 1611 3059 divinitus
1636 3014 1862 3058 cometa:
1896 3004 2202 3058 conﬂantur
2226 3042 2240 3064 ,
2268 3002 2361 3069 qui

795 3106 989 3154 mortis
1013 3114 1199 3168 regum
1260 3099 1411 3167 signa
1468 3114 1580 3166 prae
1636 3114 1697 3151 se
1739 3096 1954 3162 ferunt;
1987 3110 2107 3164 quae
2139 3092 2363 3162 quidem

2455 560 2542 613 illa
2574 561 2643 611 al)
2688 574 2755 612 eo
2795 567 2981 627 petere
3036 560 3417 613 detrectarunt
3470 576 3593 629 quae
3618 562 3668 615 ei
3724 563 4033 631 peculiaria

2454 656 2583 700 sunt
2613 646 2652 676 "
2688 663 2700 699 :
2728 645 3191 715 quvmadmodum
3230 646 3396 699 etiam
3426 663 3491 701 ex
3519 648 3691 702 libera
3716 648 3880 704 Mosis
3902 665 4035 702 ora-

2457 741 2603 792 tione
2656 746 2889 800 constat,
2916 751 3021 805 qua
3056 752 3162 789 non
3195 750 3316 789 raro
3341 737 3686 799 intercessit,
3724 741 4034 805 quominus

2455 828 2701 883 lsraelem
2730 829 2871 881 Deus
2903 826 3269 882 internecioni
3293 826 3446 879 dari-t
3474 827 3536 880 ³⁸.
3571 827 3684 881 Hoc
3720 842 3787 881 ex
3811 830 4033 882 Aarone

2454 931 2672 985 quoque
2728 917 2981 986 colligere
3028 926 3142 977 est,
3198 917 3290 985 qui
3330 931 3456 969 eum
3504 917 3668 971 Mosis
3728 918 4029 972 consilium

2455 1014 2693 1067 secutus,
2723 1020 2913 1059 acerra
2948 1004 3231 1058 incensum
3284 1006 3516 1058 Domzno
3550 1005 3875 1068 obtulisset,
3921 1007 4033 1060 hoc

2457 1106 2612 1167 pacto
2663 1096 2971 1165 exasperati
3027 1097 3457 1167 rebellantisque
3507 1097 3695 1167 p0puli
3738 1097 4031 1152 interitum

2456 1190 2714 1259 repressit
2744 1190 2807 1241 ".

2526 1298 2675 1354 Multi
2720 1300 2885 1352 etiam
2911 1314 3103 1354 eorum
3136 1301 3228 1370 qui
3264 1300 3328 1354 ad
3365 1302 3566 1356 bellum
3601 1300 4034 1371 proficisceban-

2456 1398 2565 1453 tur,
2602 1405 2723 1442 cum
2746 1389 2850 1443 sibi
2868 1404 2897 1441 a
2930 1389 3039 1442 Deo
3061 1391 3287 1443 victoria
3312 1392 3582 1459 promissa
3609 1400 3774 1455 esset,
3795 1404 4034 1457 eamque

2456 1496 2513 1534 se
2555 1496 2693 1549 pene
2726 1483 2833 1550 jam
2904 1481 3131 1550 adeptos
3180 1484 3451 1545 viderent,
3506 1482 3729 1549 insuper
3782 1491 3836 1535 et
3887 1481 4037 1533 forte

2456 1579 2739 1638 Sperantes
2767 1582 2825 1625 ut
2856 1580 3001 1625 terra
3048 1572 3377 1641 potirentur.
3401 1588 3523 1641 qua:
3570 1572 3728 1625 melle
3777 1573 4036 1639 lacteqne

2457 1661 2731 1715 difﬂueret
2764 1662 2856 1726 (ut
2885 1663 2978 1730 qui
3012 1678 3069 1716 se
3120 1663 3267 1715 illam
3328 1663 3623 1731 aliquando
3674 1677 4038 1732 possessores

2457 1766 2486 1802 a
2521 1750 2631 1801 Deo
2680 1750 3073 1815 audivissent),
3110 1761 3331 1820 propter
3371 1760 3591 1820 peccata
3629 1766 3751 1820 que
3793 1752 4041 1805 interve-

2386 1862 2425 1915 Β
2457 1849 2672 1901 nerant,
2719 1841 2967 1897 funditus
3002 1843 3440 1907 succubuerunt,
3474 1844 3798 1897 Palzestinos
3829 1853 4038 1913 prtter

2458 1931 2541 1987 fas
2599 1935 2871 2003 aggressi;
2911 1945 3224 2004 terramque
3259 1938 3529 1989 desertam
3563 1935 3887 2003 corporibus
3917 1936 4039 1988 suis

2458 2023 2805 2078 intraverunt
2829 2026 2917 2091 ὀ,
2949 2036 3112 2095 atque
3174 2028 3225 2079 iu
3281 2026 3471 2080 Mosen
3525 2037 3581 2080 et
3633 2027 3802 2082 Deum
3850 2027 4037 2095 ipsum

2458 2116 2626 2169 multa
2652 2117 2946 2185 saepissime
2969 2117 3312 2180 debacchati,
3375 2120 3489 2172 haec
3522 2134 3550 2170 a
3592 2120 3705 2172 Deo
3742 2127 3799 2171 et
3829 2116 4040 2170 Davide

2457 2207 2814 2261 audiverunt:
2842 2208 2987 2262 Nihil
3016 2208 3250 2277 proﬁciet
3280 2210 3520 2263 inimicus
3550 2211 3605 2262 in
3646 2225 3725 2273 eo,
3788 2218 3836 2261 et
3890 2208 4041 2275 [ilius

2458 2299 2751 2368 iniquitatis
2778 2316 2885 2353 non
2933 2311 3158 2370 apponet
3192 2319 3372 2356 nocere
3405 2304 3510 2356 ei“
3531 2344 3544 2356 .
3578 2303 3751 2357 Item:
3786 2302 4044 2356 Inimicos

2460 2395 2571 2455 ejus
2625 2392 2841 2444 induam
2888 2394 3292 2461 confusione".
3354 2396 3522 2450 Item:
3578 2395 3709 2450 Odia
3785 2397 4044 2449 habentes

2459 2496 2577 2533 eum
2607 2482 2658 2533 in
2685 2481 2867 2551 fugam
2899 2494 3195 2538 convertam
3214 2485 3261 2515 "
3282 2524 3296 2540 .

2533 2594 2803 2649 Praeterea
2820 2596 2982 2649 etiam
3007 2597 3235 2653 sceleris
3258 2600 3374 2669 ejus
3406 2616 3558 2669 ergo,
3590 2600 3737 2669 quod
3764 2617 3819 2654 tn
3857 2601 4045 2657 Unam

2462 2686 2761 2742 admissum
2819 2696 2922 2753 est,
2970 2705 3163 2758 parum
3200 2690 3396 2755 abfuit,
3450 2693 3584 2761 quin
3641 2693 4046 2763 Hierosolyma,

2465 2780 2720 2833 thalamis
2746 2780 2883 2840 suis.
2940 2792 3103 2849 atque
3136 2783 3301 2836 etiam
3324 2784 3525 2837 calceis
3554 2786 3800 2853 privatus
3854 2802 4051 2854 perse-

2463 2872 2744 2927 cutionem
2787 2883 3091 2944 pateretur,
3122 2875 3255 2929 etin
3312 2874 3532 2930 deserto
3580 2887 3933 2945 pernoctaret
3957 2880 4044 2908 "-

2533 2985 2673 3051 Quid
2697 2986 2880 3041 verbis
2904 3001 3042 3055 opus
3072 2996 3178 3051 est,
3210 2988 3275 3041 ad
3298 3004 3361 3043 ea
3384 2988 3658 3058 sigillatim
3711 3006 4051 3045 enumeran-

2465 3076 2553 3137 da.
2585 3094 2706 3146 quae
2734 3080 2802 3133 ab
2835 3079 3173 3145 omnimoda,
3207 3090 3264 3134 et
3312 3080 3633 3135 hominibus
3692 3083 4048 3152 inipervesti-

795 3193 865 3249 iis
903 3194 957 3246 in
986 3192 1259 3245 sideribus
1287 3208 1395 3244 non
1424 3200 1707 3259 apparent,
1733 3204 1854 3257 qua:
1890 3190 1958 3242 ab
1989 3187 2149 3241 initio
2180 3195 2363 3241 creata
2389 3196 2434 3257 ρ
2464 3169 2628 3239 Gabi“
2663 3168 2755 3221 Dei
2816 3170 3081 3237 sapientia
3109 3178 3165 3223 ει
3194 3170 3419 3232 "mule.
3480 3171 3718 3240 ἀεηίσιυο
3742 3176 3921 3242 ⁸³8³⁸⁵
3951 3175 4049 3227 illa

795 3292 943 3346 sunt,
971 3282 1065 3335 sed
1105 3281 1291 3334 divino
1313 3280 1535 3333 numine
1576 3294 1721 3332 nunc
1749 3278 2072 3347 procedunt.
2101 3291 2249 3329 nunc
2271 3276 2365 3329 de-

798 3388 908 3427 nuo
933 3373 1327 3426 diSsolvuntur.
1365 3368 1814 3437 Quandoquidem
1858 3369 1945 3421 illa
1974 3382 2195 3435 quoque
2225 3365 2367 3417 stel-

797 3466 870 3525 la,
915 3480 1034 3532 quae
1064 3466 1166 3516 sub
1191 3463 1444 3515 humanae
1483 3460 1853 3528 salutarisque
1900 3458 2115 3512 Domini
2141 3465 2364 3526 propter

801 3570 901 3607 nos
928 3555 979 3606 in
1011 3569 1174 3606 carne
1219 3550 1532 3605 Nativitatis
1586 3558 1801 3618 tempus
1844 3564 1872 3601 a
1906 3549 2071 3618 Magis
2114 3551 2229 3601 visa
2263 3557 2365 3606 est.

802 3660 910 3697 non
958 3658 1020 3696 ex
1075 3643 1353 3695 stellarum
1396 3655 1627 3695 numero
1656 3648 1809 3703 erat,
1838 3655 1974 3707 quas
2033 3639 2192 3693 initio
2223 3640 2367 3693 Deus

802 3735 1049 3787 creavit:
1103 3733 1246 3801 quod
1299 3734 1650 3801 perspicuum
1694 3740 1815 3785 erat
1862 3732 1946 3785 vel
1991 3747 2058 3784 ex
2107 3747 2175 3785 eo
2220 3730 2367 3799 quod

799 3830 913 3895 jam
955 3826 1022 3877 ab
1058 3835 1181 3877 ortu
1228 3824 1293 3878 ad
1325 3838 1603 3886 occasum,
1643 3824 1749 3892 jam
1779 3833 1967 3877 contra
1993 3823 2061 3875 ab
2114 3823 2369 3891 aquilone

806 3916 875 3969 ad
910 3925 1155 3969 austrum
1178 3930 1340 3967 cursu
1377 3915 1757 3974 contenderet,
1788 3913 1921 3966 alias
1969 3914 2133 3966 etiam
2174 3914 2370 3966 delite-

807 4014 1008 4065 sceret,
1039 4004 1171 4056 alias
1188 4012 1509 4072 emergeret.
1544 4003 1817 4056 Neeenim
1856 4003 1906 4055 id
1937 4010 2205 4055 astrorum
2236 4002 2372 4055 ordo

808 4094 934 4152 fert.
967 4106 1061 4147 aut
1097 4104 1309 4147 natura.

884 4184 1120 4252 Objiciat
1146 4199 1276 4237 vero
1309 4199 1502 4237 eorum
1539 4183 1677 4236 forte
1708 4182 1975 4251 quispiam
2012 4183 2103 4251 qui
2142 4184 2372 4237 astroio-

810 4280 953 4346 εἴπω
998 4277 1274 4331 mordicus
1313 4286 1568 4340 tuentur,
1633 4278 1686 4330 in
1723 4291 1913 4339 eorum
1946 4291 2065 4344 qua:
2110 4277 2375 4329 adversus

811 4376 982 4421 artem
1014 4381 1166 4419 suam
1202 4376 1594 4433 congeruntur,
1654 4364 2175 4427 recriminationem,
2226 4382 2370 4434 pne-

812 4456 1146 4509 dictionibus
1176 4455 1451 4522 plerisque
1482 4453 1644 4506 linem
1666 4467 1825 4506 suum
1846 4452 2101 4521 obtigisse
2130 4453 2370 4512 tandem.

814 4544 1131 4613 idcircoque
1167 4544 1445 4597 nonnullis
1483 4543 1800 4597 hominibus
1829 4543 2027 4597 frustra
2079 4551 2135 4597 et
2171 4551 2375 4599 temere

814 4632 1281 4686 condemnandam
1308 4641 1363 4687 et
1392 4632 1786 4701 explodeudam
1815 4632 2009 4686 videri.
2035 4634 2103 4685 At
2140 4633 2377 4687 vicissim

815 4722 1024 4786 audiet,
1080 4732 1252 4775 artem
1293 4724 1437 4775 illam
1474 4724 1839 4775 mutationum
1879 4724 2024 4776 aeris
2064 4723 2373 4792 magistram

816 4829 961 4873 esse,
995 4829 1115 4882 quae
1140 4814 1272 4868 solis
1317 4823 1370 4867 et
1400 4814 1543 4869 luna:
1583 4814 1856 4868 defectum
1890 4815 2212 4883 portendat,
2241 4818 2373 4869 alia-

818 4920 925 4971 que
956 4905 1264 4974 liujusniodi
1290 4905 1541 4959 humanae
1571 4906 1865 4959 vitaeutil-a
1897 4905 2189 4975 pragdicere
2217 4907 2374 4971 sciat,

818 5001 875 5045 at
897 5008 1086 5047 eorum
1116 5010 1234 5062 qua:
1273 4994 1461 5048 divino
1512 5010 1544 5048 e
1577 5005 1712 5048 nutu
1774 4995 2083 5063 dependent
2120 5006 2375 5049 eventum

820 5080 1169 5150 portendere,
1207 5096 1314 5134 non
1364 5083 1492 5136 item
1524 5082 1815 5136 didicerit:
1856 5092 1913 5136 ut
1969 5092 2173 5138 taceam
2208 5086 2377 5139 maio-

823 5186 967 5231 rum,
1024 5186 1144 5239 qum
1200 5171 1512 5224 hominibus
1570 5171 1967 5239 impenderent,
2014 5179 2124 5240 jam
2162 5173 2383 5242 jamque

823 5276 1015 5329 urgere
1046 5261 1380 5330 occiperent,
1412 5261 1671 5330 pleraque
1711 5277 1741 5314 a
1769 5262 1878 5314 Deo
1928 5265 2215 5328 precibus,
2239 5264 2383 5333 jeju-

824 5346 952 5409 niis,
1004 5356 1059 5400 et
1102 5348 1465 5409 orationibus,
1502 5348 1678 5412 ﬂexo,
1708 5350 1761 5403 iu
1822 5351 2021 5404 melius
2052 5362 2383 5406 commutata

822 5451 986 5493 esse:
1023 5446 1082 5491 ut
1118 5454 1183 5492 ex
1231 5438 1597 5494 Ninivitarum
1630 5442 1987 5494 conversione
2034 5444 2382 5510 perspicuum

2461 3260 2812 3335 providentia
2844 3261 2988 3314 varie
3019 3260 3419 3324 decernuntur,
3449 3271 3505 3315 et
3553 3262 3660 3315 alio
3716 3273 3883 3331 atque
3933 3265 4051 3316 alio

2468 3350 2629 3403 modo
2662 3350 2817 3409 fiunt,
2842 3358 3002 3418 prout
3022 3352 3095 3405 illi
3122 3352 3317 3420 placet,
3342 3352 3677 3420 singulisque
3695 3354 4052 3408 conducibile

2466 3440 2587 3493 est?
2616 3440 2848 3497 Proinde
2872 3455 2996 3497 cum
3033 3440 3347 3494 divinorum
3405 3441 3742 3510 judiciorum
3804 3443 4051 3497 altitudo

2471 3533 2602 3585 nulli
2636 3532 2917 3584 hominum
2942 3532 3256 3599 cogitationi
3286 3533 3473 3600 pervia
3504 3532 3634 3586 sit"
3655 3574 3670 3597 ,
3694 3549 3854 3602 quam
3880 3536 4053 3587 nimi-

2472 3638 2590 3674 rum
2624 3632 2717 3675 aut
2754 3622 3067 3676 intellectus
3091 3622 3367 3676 humanus
3388 3624 3608 3691 assequi
3659 3632 3754 3677 aut
3817 3636 4055 3677 natura—

2472 3713 2607 3766 lium
2653 3728 2834 3765 rerum
2866 3714 3037 3766 series
3070 3728 3391 3781 expromere
3418 3715 3569 3767 nullo
3629 3715 3791 3767 modo
3848 3718 4052 3783 possit,

2472 3801 2587 3870 qui,
2619 3816 2826 3869 quaeso,
2881 3802 2993 3854 ﬁeri
3042 3810 3242 3869 potest,
3293 3810 3352 3855 ut
3405 3817 3471 3854 ex
3517 3802 3803 3857 elementis
3830 3815 4055 3859 natura:

2472 3892 2746 3953 obnoxiis,
2810 3906 3041 3959 quaeque
3094 3891 3230 3944 nihil
3297 3892 3532 3960 amplius
3582 3903 3832 3947 assecuta
3889 3907 4051 3957 sunt,

2474 3996 2635 4050 quam
2672 3981 2816 4048 quod
2848 3982 2913 4033 iis
2932 3997 3050 4048 qua:
3080 3990 3609 4044 suntaccensentur,
3638 3982 3858 4051 quidam
3890 3984 4052 4037 futuo

2476 4088 2520 4125 ri
2556 4071 2838 4124 scientiam
2884 4072 3282 4140 polliceantur?

2544 4183 2736 4236 Mirum
2766 4198 2896 4235 vero
2926 4183 2977 4234 ni
3011 4197 3327 4252 progressus
3356 4182 3605 4246 ulterius,
3639 4184 3775 4238 heus
3796 4183 4057 4253 tu,quis—

2475 4273 2599 4340 quis
2622 4289 2702 4328 cs.
2732 4273 2825 4340 qui
2852 4274 3016 4326 astris
3043 4273 3432 4341 praenotionem
3454 4274 3759 4329 futurorum
3788 4276 4052 4336 ascribis.

2478 4372 2721 4430 tempora
2755 4377 2971 4429 quoque
2990 4362 3234 4431 atljicias,
3252 4375 3303 4416 et
3326 4378 3388 4417 ea
3412 4373 3462 4417 te
3481 4379 3580 4432 pro
3605 4365 3771 4417 animi
3809 4366 4051 4418 arbitrio

2479 4466 2624 4506 nunc
2671 4452 3015 4515 subtrahere,
3069 4466 3215 4505 nunc
3271 4452 3556 4507 diﬂindere
3606 4456 3903 4521 praedices:
3936 4470 4056 4521 quo

2410 4522 2450 4575 θ
2486 4555 2663 4596 tamen
2711 4543 3035 4612 intersiguio
3087 4543 3316 4597 facultas
3371 4543 3459 4596 illa
3514 4543 3877 4610 dignoscitur,
3922 4560 4055 4613 qua:

2474 4633 2600 4685 vita:
2622 4641 2839 4699 praeest,
2866 4641 3175 4699 cunctaque
3198 4632 3509 4700 suppeditat
3538 4649 3550 4681 :
3579 4633 4053 4700 quemadmodum

2473 4724 2639 4777 etiam
2668 4739 2735 4777 ex
2764 4738 2832 4776 eo
2866 4722 3010 4791 quod
3076 4723 3257 4775 lutura
3302 4738 3411 4775 non
3471 4725 3653 4777 minus
3681 4738 3842 4791 quam
3902 4738 4055 4791 ρεπι-

2477 4814 2652 4867 sentia
2690 4822 2973 4880 perspecta
3008 4820 3063 4866 et
3100 4812 3315 4881 cognita
3363 4812 3548 4867 habet.
3597 4821 3772 4881 Atque
3824 4824 3888 4867 ut
3941 4814 4056 4869 hoc

2472 4903 2707 4973 exempli
2740 4903 2911 4972 gratia
2970 4902 3265 4972 proferam,
3321 4904 3413 4957 ille
3463 4905 3685 4973 quidem
3742 4905 4055 4959 bellaturus

2477 4994 2563 5047 vel
2592 4993 2757 5046 etiam
2795 5002 3005 5047 vastum
3054 5009 3202 5048 mare
3257 4995 3582 5064 trajecturus
3636 4995 4009 5061 proficiscitur
4035 5016 4052 5051 :

2480 5086 2570 5137 liic
2598 5099 2725 5138 vero
2759 5086 3178 5138 astrononticam
3216 5095 3389 5140 artem
3429 5086 3727 5155 professus,
3772 5087 3816 5140 si
3839 5102 4056 5141 consu-

2479 5176 2641 5238 latur,
2697 5174 2979 5227 victoriam
3008 5189 3223 5243 semper
3272 5186 3328 5229 et
3383 5184 3552 5228 tutam
3614 5176 4050 5244 navigationem,

2480 5262 2847 5315 astronomica
2870 5261 3081 5329 sphaera
3107 5264 3259 5332 prius
3282 5278 3408 5317 eum
3442 5266 3494 5318 in
3524 5280 3680 5319 usum
3716 5265 4048 5329 fabrefacta.

2484 5352 2771 5421 promittit.
2827 5352 3095 5407 Caeterum
3152 5354 3228 5408 illi
3293 5360 3457 5411 rebus
3507 5372 3572 5411 ex
3621 5359 3824 5427 majore
3887 5367 4052 5426 parte

2485 5452 2674 5497 contra
2699 5458 2860 5511 quam
2892 5451 3219 5515 promissum
3260 5446 3461 5511 fueiat,
3507 5450 3692 5518 gestis,
3756 5459 4055 5503 revertunc

899 5642 938 5673 "
962 5641 1131 5732 lana".
1168 5656 1250 5732 tl'.
1289 5641 1310 5693 l
1346 5655 1508 5732 seqq;
1559 5639 1811 5732 ".‘Ef‘od‘.
1849 5656 1975 5700 xvii.
2002 5643 2082 5693 tl.
2215 5642 2511 5732 Nuptan.
2548 5645 2612 5696 47
2642 5658 2807 5732 s‘eqq:
2843 5648 2888 5677 ¹⁰
2927 5645 3065 5732 Deut
3095 5650 3279 5706 xxtt.l
3318 5663 3471 5732 seqq.
3538 5654 3579 5683 ¹¹
3610 5651 3750 5704 Psal.
3778 5667 4047 5718 Lurvitt,

826 5709 917 5763 25.
1003 5711 1205 5763 “l'sal.
1237 5725 1416 5777 cxxxt,
1445 5710 1527 5762 10.
1602 5712 1645 5741 ’³
1685 5711 1822 5765 l‘sal.
1854 5713 2221 5774 ιχιτγιιι,24.
2290 5715 2347 5765 ’ν

2409 5714 2540 5780 Reg.
2574 5717 2679 5778 tt,i
2720 5709 2872 5785 seqq.

2953 5718 2997 5747 "
3028 5719 3185 5773 Rom.
3214 5734 3289 5781 ιι,
3318 5721 3405 5773 55.
