4288 6372
229 435 372 499 1249

1479 403 1867 470 THESAURI
1915 401 2058 459 LIB.
2104 399 2199 457 IV.

3319 390 3460 456 1350

224 560 338 603 tur.
375 545 485 598 Hoc
512 549 690 593 autem
727 530 1129 589 astronomieus
1163 524 1362 580 assolet
1388 534 1569 590 agere,
1607 519 1649 570 si
1701 513 1793 584 qui
1825 517 1873 572 Α
1902 519 2125 570 terram,
2184 502 2538 574 signiﬁcant;
2601 500 2826 554 alternis
2866 498 3177 554 exorientes
3221 509 3276 554 et
3324 503 3467 559 oeci.

222 641 383 694 illum
413 629 710 686 consulturi
749 626 973 679 adeunt.

299 729 470 781 Nemo
520 723 665 775 enim
713 730 838 770 eum
902 715 1045 766 ultro
1101 711 1367 766 accersat,
1419 702 1510 769 qui
1541 697 1795 752 adfutura

220 817 402 872 tristia
430 816 498 868 sit
526 807 1009 880 praenuntiaturus,
1041 797 1296 869 quoniam
1324 809 1390 846 ne
1424 791 1620 846 Saulus
1678 787 1800 852 qui—

221 896 1152 978 dCIIIPYlhOniSSM“QIIZESiVlHSCl,
1213 887 1258 940 si
1319 884 1457 939 mala
1521 881 1612 933 illa
1662 890 1798 944 pra:-

224 1002 602 1055 nuntiaturam
632 986 1051 1061 praescivisset“
1075 1024 1089 1046 ,
1120 995 1240 1049 qua:
1272 979 1324 1031 in
1371 981 1650 1044 posterum
1672 966 1800 1021 sub-

225 1094 413 1147 iturus
443 1097 577 1146 erat,
601 1081 849 1151 quamvis
879 1080 992 1144 ipse
1029 1073 1110 1125 vel
1157 1070 1235 1124 sic
1265 1069 1320 1121 in
1354 1081 1469 1133 Ipsa
1523 1069 1634 1114 lcre
1676 1055 1798 1110 ntali

225 1183 345 1235 acie
379 1177 698 1245 procedens.
737 1179 993 1235 tanquam
1049 1160 1290 1231 propriis
1346 1153 1558 1207 viribus
1604 1151 1797 1206 frctus,

226 1233 647 1337 haudquaquam
701 1233 943 1328 praelium
982 1251 1274 1308 distulerit,
1320 1259 1494 1312 neque
1519 1239 1708 1308 legatis
1737 1233 1804 1288 ad

227 1361 544 1417 Paizcstinos
576 1355 756 1408 missis
801 1349 1005 1402 itedera
1049 1341 1291 1414 petierit.
1321 1335 1473 1402 Quod
1527 1327 1806 1397 siquando

227 1472 357 1510 vera
396 1448 798 1520 przenuntiasse
837 1434 1298 1506 deprehendatur,
1348 1429 1400 1483 id
1462 1433 1804 1490 nequaquam

229 1557 508 1597 astrorum
542 1535 979 1592 revolutionibus
1037 1525 1349 1592 contingit,
1415 1528 1508 1571 aut
1552 1514 1676 1583 quia
1731 1511 1808 1563 sic

227 1633 552 1689 earumdem
586 1645 642 1682 se
666 1628 800 1680 situs
823 1623 1007 1681 habet,
1038 1628 1092 1672 et
1123 1624 1338 1670 motus;
1371 1609 1464 1663 sed
1508 1602 1806 1660 industriae.

227 1729 338 1778 imo
393 1725 592 1792 po"us,
657 1728 714 1772 ut
774 1718 847 1768 ita
903 1713 1104 1767 dicam.
1192 1706 1520 1772 conjecutra:
1575 1693 1809 1750 astrolo-

224 1832 418 1884 gorum
457 1816 676 1866 inventa
714 1815 860 1862 sunt.
914 1804 1006 1872 qui
1063 1811 1278 1864 semper
1329 1794 1532 1861 optima
1574 1796 1802 1853 quaeque

224 1909 327 1961 sibi
369 1899 767 1974 pronuntianda
817 1890 1302 1961 interrogantibus,
1329 1893 1385 1938 et
1434 1873 1798 1949 promittenda

227 2003 562 2066 proponunt.

303 2087 435 2140 Nam
485 2092 743 2152 perpetua
772 2089 954 2130 rerum
985 2080 1235 2124 verarum
1263 2059 1541 2132 praedictio
1575 2053 1798 2124 propria

228 2183 326 2236 Dei
356 2187 459 2241 est,
487 2148 541 2229 ct
570 2148 962 2242 prophetarum
1005 2163 1148 2231 ejus,
1203 2166 1328 2210 nota
1359 2169 1372 2206 :
1437 2149 1529 2219 qui
1579 2148 1798 2201 futuro-

230 2287 352 2325 rum
383 2310 396 2330 ,
427 2283 546 2336 qua:
579 2259 856 2318 vaticinati
885 2262 1033 2316 sunt,
1074 2250 1282 2304 nullum
1333 2259 1440 2297 non
1498 2253 1625 2293 vere
1669 2249 1805 2304 pra:-

229 2363 430 2417 dixisse
465 2352 970 2425 deprehenduntur.

303 2451 456 2518 Quod
501 2415 550 2503 si
579 2446 701 2515 quis
749 2442 837 2494 vix
891 2434 1110 2491 tandem
1161 2427 1278 2483 veri
1327 2423 1455 2494 quid
1514 2415 1804 2487 aliquando

247 2538 661 2612 conjectaverit,
691 2535 795 2586 hoc
823 2529 942 2597 ejus
979 2521 1240 2579 indicium
1263 2527 1346 2572 est
1379 2554 1395 2576 .
1424 2513 1515 2583 qui
1553 2506 1807 2579 quamvis

232 2646 408 2685 artem
445 2621 740 2695 sagittandi
799 2619 980 2672 minus
1028 2610 1240 2669 calleat,
1269 2606 1394 2674 quia
1455 2611 1636 2652 tamen
1703 2595 1806 2648 tela

231 2735 377 2788 saepe
410 2685 555 2770 rectva
593 2714 645 2765 in
676 2723 900 2777 scepum
934 2701 1142 2770 dirigit,
1193 2691 1486 2763 aliquando
1541 2687 1704 2741 etiam
1739 2685 1808 2739 ab

235 2828 302 2864 eo
338 2824 442 2862 non
480 2807 720 2859 aberret.

310 2902 386 2950 tax
442 2891 718 2948 contrario
753 2885 918 2940 etiam
967 2881 1060 2951 qui
1116 2879 1232 2932 visu
1291 2887 1423 2928 sano
1469 2879 1573 2931 est,
1625 2867 1668 2922 si
1701 2880 1809 2920 uno

238 3005 401 3044 cursu
459 2992 607 3037 recta
660 2980 801 3031 viam
888 2971 1215 3043 perrexerit,
1293 2974 1502 3017 tantum
1552 2960 1706 3012 abest
1751 2965 1810 3010 ut

237 3075 590 3146 supercilium
624 3069 775 3122 tollat
821 3058 1374 3131 magniﬁcentiusque
1408 3053 1474 3104 de
1501 3065 1557 3102 se
1589 3048 1808 3109 sentiat,

1895 602 2108 656 dentes.

1964 691 2117 757 Quod
2145 696 2328 742 autem
2366 685 2410 739 is
2432 700 2537 739 non
2568 685 2686 738 sine
2712 699 2810 737 suo
2846 684 2988 738 malo
3011 683 3480 754 faciat,quisquis-

1897 782 2499 856 pseudoprophetarum
2527 776 2755 830 vanitati
2797 775 3118 838 subscribit,
3143 776 3339 830 beatus
3362 776 3476 829 Mo-

1897 890 1984 927 ses
2023 881 2216 925 auctor
2249 877 2350 928 est,
2418 868 2498 920 vel
2567 865 2751 934 potius
2805 865 2920 932 ipse
2992 865 3156 926 Deus,
3221 865 3316 934 qui
3378 880 3483 934 per

1899 968 2084 1021 Mosen
2161 963 2377 1016 locutus
2448 967 2573 1011 est:
2669 954 2894 1019 Quando
2973 956 3240 1024 ingressus
3315 956 3484 1023 fueris

1902 1065 2120 1116 terram,
2155 1070 2314 1122 quam
2353 1051 2603 1104 Dominus
2639 1046 2771 1099 Deus
2807 1056 2927 1099 tuus
2984 1047 3128 1099 dabit
3179 1047 3292 1110 tibi,
3349 1061 3476 1100 caue

1903 1165 1967 1200 ne
1997 1148 2192 1199 imitari
2226 1144 2350 1196 uelis
2381 1141 2792 1192 abominationes
2820 1138 3039 1191 illarum
3068 1139 3323 1205 gentium.
3362 1135 3472 1188 Nec

1906 1241 2201 1294 inveniatur
2231 1239 2282 1288 in
2310 1243 2358 1285 te
2387 1234 2476 1301 qui
2508 1232 2689 1284 lustret
2716 1232 2889 1296 ﬁlium
2920 1245 3098 1292 cunni,
3155 1237 3249 1282 aut
3307 1228 3477 1296 ﬁliam

1906 1332 2095 1383 ducens
2134 1341 2224 1392 per
2283 1325 2499 1392 ignem:
2555 1329 2649 1373 aut
2687 1320 2776 1388 qui
2821 1318 3018 1370 ariolos
3067 1319 3378 1377 sciscitetur,
3434 1326 3481 1369 et

1907 1420 2135 1472 observet
2161 1417 2382 1474 somnia,
2419 1420 2575 1479 atque
2624 1410 2871 1478 auguria,
2923 1424 3016 1460 nec
3068 1409 3134 1460 sit
3186 1407 3481 1473 maleﬁcus,

1911 1523 2000 1560 nec
2035 1507 2354 1565 incantator,
2415 1516 2579 1570 neque
2631 1501 2719 1568 qui
2772 1498 3030 1567 Pythones
3089 1498 3347 1560 consulat,
3388 1513 3481 1549 nec

1911 1598 2133 1656 divinos,
2170 1605 2218 1646 et
2248 1600 2451 1662 quwrat
2481 1609 2511 1642 a
2538 1592 2752 1642 mortuis
2786 1590 3077 1641 veritatem.
3107 1587 3298 1642 Omnia
3334 1591 3471 1640 enim

1911 1689 2018 1740 ha’c
2048 1687 2381 1738 abominatur
2407 1680 2656 1732 Dominus
2673 1680 2718 1710 "
2747 1718 2760 1731 .
2792 1679 2868 1732 Ad
2908 1680 3020 1732 hinc
3047 1678 3152 1731 alio
3184 1679 3237 1731 iu
3261 1679 3382 1731 loco
3405 1679 3484 1730 sic

1913 1784 2026 1836 ait:
2062 1779 2331 1847 Perfectus
2385 1777 2486 1827 eris
2513 1783 2560 1825 et
2594 1772 2787 1841 absque
2817 1770 3026 1824 macula
3090 1786 3208 1824 cum
3262 1753 3486 1821 Domino

1907 1874 2012 1926 Deo
2040 1880 2148 1923 tuo.
2176 1868 2362 1924 Gentes
2389 1867 2524 1918 enim
2557 1865 2932 1928 ista,quarum
2963 1859 3240 1929 possidebis
3265 1867 3485 1917 terram.

1903 1977 2130 2032 augures
2165 1971 2211 2012 et
2246 1959 2448 2012 diuinos
2493 1955 2736 2008 audiunt.
2797 1953 2876 2006 Tu
2936 1960 3112 2005 autem
3171 1968 3203 2003 a
3258 1950 3489 2004 Domino

1903 2055 2011 2108 Deo
2032 2061 2118 2104 tuo
2149 2049 2301 2102 aliter
2327 2047 2598 2099 institutus
2619 2061 2670 2097 es
2694 2045 2760 2095 ⁸⁸.
2786 2041 3019 2097 Proinde
3046 2043 3252 2095 nullum
3277 2041 3491 2110 turpius

1906 2144 2085 2198 scelus
2117 2140 2281 2211 objici
2317 2139 2572 2206 cuiquam
2611 2145 2813 2206 potest,
2848 2151 3011 2204 quam
3037 2134 3081 2188 si
3147 2134 3212 2188 ad
3261 2133 3492 2204 pseudo-

1905 2237 2214 2307 prophetas.
2257 2241 2313 2286 et
2339 2230 2682 2284 divinaculos
2703 2229 2946 2281 animum
2995 2226 3254 2296 appellat.
3301 2225 3482 2293 Atque

1904 2329 2240 2399 paradoxum
2264 2325 2486 2395 quidem
2517 2322 2761 2392 aliquod,
2785 2330 2845 2375 et
2894 2336 2924 2374 a
2977 2318 3254 2373 communi
3312 2318 3491 2372 homi-

1905 2437 2036 2475 num
2067 2419 2326 2488 opinione
2362 2416 2622 2476 alienum,
2653 2414 2798 2466 Deus
2837 2411 3151 2464 hominibus
3179 2408 3492 2479 huiusmodi

1907 2526 2016 2565 non
2075 2523 2198 2562 raro
2227 2507 2486 2576 suggerit.
2521 2519 2630 2574 quo
2657 2503 2770 2556 veri
2802 2503 2964 2556 etiam
2991 2499 3196 2569 aliquid
3230 2514 3487 2568 praenun-

1911 2605 2065 2665 tient,
2101 2611 2160 2654 ut
2193 2600 2276 2653 vel
2308 2601 2408 2652 hoc
2443 2597 2645 2651 indicio
2677 2594 2958 2648 manifesti
2986 2592 3137 2657 fiant,
3169 2593 3485 2662 quicunque.

1910 2693 2055 2747 illius
2091 2689 2374 2760 promissis
2400 2701 2526 2739 vere
2549 2685 2879 2738 innituntur.
2922 2681 2980 2734 Id
3029 2685 3177 2736 enim
3232 2695 3330 2750 per
3369 2679 3455 2733 M0

1909 2800 2023 2840 sem
2048 2797 2266 2853 quoque
2290 2781 2434 2832 hunc
2458 2778 2510 2830 in
2539 2776 2757 2828 modum
2783 2774 2953 2828 dixit:
2977 2772 3030 2826 Si
3057 2789 3176 2825 vero
3201 2773 3496 2825 surreJerit

1909 2879 1964 2929 in
2002 2875 2169 2928 medio
2223 2873 2298 2924 tui
2334 2871 2626 2940 praplietcs,
2656 2875 2749 2920 aut
2779 2868 2869 2935 qui
2912 2867 3172 2917 somnium
3228 2864 3414 2916 vidisse
3445 2881 3498 2915 se

1909 2967 2068 3027 dicat,
2107 2973 2154 3016 et
2210 2962 2511 3030 praedixerit
2563 2960 2775 3027 signum
2839 2967 2996 3024 atque
3069 2963 3374 3024 portentum
3399 2974 3418 3009 ,ο
3447 2965 3494 3006 et

1911 3059 2136 3110 evenerit
2168 3055 2302 3123 quod
2339 3053 2539 3105 locutus
2597 3057 2696 3112 est,
2730 3060 2776 3100 et
2807 3050 2998 3101 dixerit
3028 3048 3121 3100 tibi
3151 3062 3168 3099 :
3195 3046 3416 3110 Eamus,
3447 3057 3495 3100 et

239 3137 362 3223 cuin
397 3165 583 3233 potius
612 3159 776 3212 etiam
801 3155 926 3208 aliis
975 3146 1384 3207 abcrrantibus,
1434 3141 1549 3210 ipse
1600 3137 1811 3208 pudore
1837 3170 1880 3225 ϐ
1911 3163 1932 3200 ε

1796 3151 1811 3189 3
1837 3170 1880 3225 ο
1911 3161 2192 3214 sequamur
2212 3144 2332 3196 deos
2363 3143 2560 3194 alienos
2583 3157 2707 3209 quos
2736 3141 2970 3208 ignoras.
3003 3148 3053 3190 et
3080 3138 3369 3190 serviamus
3392 3139 3489 3198 eis,

241 3256 614 3315 suﬂ'undatur.

312 3347 466 3415 Quod
494 3346 540 3398 si
571 3343 694 3411 quis
723 3335 943 3391 videndi
971 3331 1224 3386 facultate
1247 3328 1496 3397 privatus
1520 3337 1628 3378 uno
1649 3333 1812 3374 cursu

245 3443 382 3495 viam
437 3439 573 3490 citra
631 3426 1029 3486 oﬂ'cudiculum
1084 3419 1386 3485 transierit,
1446 3433 1554 3470 non
1617 3412 1811 3473 oculis,

242 3531 335 3585 sed
368 3529 509 3581 forte
546 3523 765 3577 fortuna
807 3512 1140 3571 curriculum
1172 3508 1482 3579 hujusmodi
1519 3502 1816 3559 absolvisse

244 3620 576 3674 censebitur.

314 3711 382 3764 At
411 3723 542 3762 vero
563 3707 606 3760 si
635 3707 787 3774 juxta
825 3699 1029 3754 Christi
1054 3693 1382 3751 sententiam
1409 3709 1423 3744 ι
1457 3688 1620 3742 Nemo
1652 3691 1819 3753 potest

252 3807 355 3859 Deo
371 3802 563 3854 serv'ire
594 3806 640 3848 et
676 3806 986 3847 mammona:
1008 3790 1049 3820 ’⁷
1077 3828 1091 3851 ,
1119 3788 1208 3840 ille
1227 3785 1571 3837 dissentanea
1596 3789 1819 3845 prorsus

244 3907 299 3945 et
353 3905 416 3942 ex
475 3887 742 3940 diametro
772 3876 1130 3946 repugnantia
1168 3871 1410 3929 molitur,
1459 3866 1549 3934 qui
1581 3865 1710 3923 Deo,
1764 3869 1820 3914 et

247 3984 409 4036 rebus
436 3979 504 4032 ab
531 3977 624 4028 illo
653 3972 872 4032 creatis,
917 3981 1129 4036 aequam
1179 3961 1487 4016 futurorum
1559 3952 1821 4022 cognitio-

247 4087 369 4126 nem
394 4067 668 4122 attribuit.

320 4163 430 4215 lloe
454 4159 616 4212 etiam
653 4152 1000 4223 perspicttum
1025 4163 1091 4200 ex
1121 4159 1186 4197 eo
1213 4151 1318 4204 est,
1354 4137 1500 4208 quod
1533 4134 1824 4204 propheta-

248 4265 389 4314 rum,
417 4251 703 4303 Patrumve
728 4243 820 4310 qui
850 4242 992 4292 inter
1011 4235 1353 4290 Christianos
1381 4231 1583 4281 virtute
1608 4225 1821 4277 caeteris

249 4342 636 4412 prteluxerunt,
671 4333 857 4386 nullus
903 4338 1175 4382 astrorum
1233 4331 1438 4374 motum
1485 4317 1818 4377 dimetiatur,

250 4447 424 4501 neque
445 4431 841 4483 elementorum
876 4435 1035 4474 usum
1107 4415 1380 4470 curiosius
1424 4409 1686 4478 inquirat,
1723 4406 1822 4458 bu-

1926 3253 2030 3290 non
2060 3236 2242 3289 audies
2273 3234 2427 3288 verba
2465 3235 2729 3303 prop/tetra
2774 3231 2916 3284 illius
2954 3239 3044 3283 aut
3102 3231 3443 3282 somniatoris
3475 3246 3493 3282 :

1914 3327 2040 3396 quia
2071 3333 2236 3378 teutat
2267 3342 2353 3378 vos
2380 3324 2634 3376 Dominus
2670 3322 2805 3374 Deus
2841 3330 3025 3383 uester,
3058 3329 3114 3371 ut
3146 3319 3327 3388 palam
3372 3318 3492 3384 ﬁat,

1916 3430 2094 3472 utrum
2121 3415 2353 3484 diligatis
2387 3429 2504 3466 eum
2557 3427 2732 3465 annon
2791 3412 2844 3462 in
2881 3419 2985 3461 toto
3019 3410 3173 3460 corde
3197 3417 3247 3460 et
3276 3410 3330 3461 in
3383 3415 3493 3460 tota

1917 3512 2096 3563 anima
2132 3515 2300 3560 vestra
2324 3506 2364 3536 ³⁸
2391 3545 2405 3558 .

1991 3599 2093 3651 Sed
2125 3606 2178 3650 et
2208 3595 2520 3663 Stephanus
2551 3593 2662 3657 ille,
2691 3591 2783 3662 qui
2821 3590 3030 3660 primus
3060 3598 3182 3658 post
3205 3588 3486 3641 Christum

1929 3703 2123 3759 passus
2153 3696 2256 3750 est,
2302 3687 2654 3740 Hebrzeorum
2688 3684 3006 3736 concionem
3035 3682 3352 3750 objurgans,
3377 3695 3498 3748 qua:

1919 3778 2168 3835 caedibus
2225 3775 2477 3845 gaudeat,
2526 3774 2746 3841 Deoque
2804 3770 3034 3835 dillidat,
3093 3771 3212 3839 ejus
3261 3769 3498 3836 denique

1919 3866 2170 3921 mandata
2201 3863 2654 3932 transgrediatur,
2688 3877 2795 3930 quo
2825 3870 3074 3928 tempore
3118 3859 3343 3928 quidam
3383 3860 3504 3928 ejus
3565 3913 3567 3916 ,

1920 3954 2380 4026 congregationis,
2416 3969 2534 4023 qua:
2574 3952 2986 4004 Libertinorum
3032 3951 3338 4013 dicebatur,
3370 3965 3497 4003 eum

1921 4051 2257 4118 quaerebant,
2287 4061 2388 4099 nec
2428 4043 2725 4114 sapientiae,
2754 4055 2812 4097 et.
2843 4041 3060 4112 Spiritui
3091 4057 3206 4113 quo
3238 4041 3500 4108 loqueba-

1925 4150 2032 4204 tur,
2073 4141 2329 4192 resistere
2384 4148 2658 4205 poterant,
2727 4151 2849 4190 cum
2905 4137 3006 4188 alia
3052 4136 3506 4204 pleraque,'ta'ut

1923 4232 2039 4285 htec
2073 4231 2124 4282 in
2152 4229 2345 4298 primis
2391 4228 2457 4281 de
2492 4227 2859 4281 lsraclitarum
2929 4234 3086 4293 gente
3144 4225 3383 4280 disserit.
3437 4227 3502 4279 Et

1922 4321 2141 4376 vitulum
2173 4321 2401 4388 fecerunt
2422 4321 2474 4371 in
2503 4319 2678 4371 diebus
2708 4319 2835 4380 illis,
2870 4329 2917 4369 et
2946 4318 3244 4370 obtulerunt
3275 4301 3501 4371 hostium

1923 4413 2234 4471 simulacro,
2262 4418 2309 4463 et
2347 4409 2668 4463 (tutabantur
2694 4411 2747 4461 in
2782 4412 3022 4479 operibus
3072 4426 3327 4461 manuum
3378 4425 3475 4462 sua

251 4534 576 4589 nianamque
628 4523 877 4569 naturam
902 4509 968 4564 ad
1013 4524 1077 4561 ea
1106 4504 1415 4573 compellat,
1453 4515 1573 4568 qua:
1607 4497 1827 4550 minime
1853 4488 1905 4547 D
1933 4519 1944 4554 ι

1807 4511 1827 4589 Et
1853 4488 1905 4547 Ῑ)
1933 4519 2046 4554 rum
2076 4518 2092 4555 :
2121 4504 2370 4553 convertit
2397 4509 2574 4554 autem
2605 4499 2763 4562 Deus,
2799 4508 2846 4552 et
2905 4501 3121 4553 tradidit
3174 4516 3258 4551 eos
3307 4502 3500 4552 servire

253 4616 467 4674 decent,
486 4625 660 4677 neque
695 4605 850 4658 vanis
873 4599 1192 4669 imposturis
1219 4596 1505 4653 innitatur,
1531 4591 1623 4645 sed
1656 4587 1827 4642 divini

256 4705 492 4772 Spiritus
544 4697 880 4751 revelatione
912 4706 999 4744 res
1030 4689 1241 4742 futuras
1278 4684 1594 4753 przevideat,
1625 4694 1828 4748 easque

253 4797 366 4849 suis
412 4792 748 4858 temporibus
818 4791 1111 4838 eventuras
1191 4777 1396 4844 absque
1454 4774 1564 4826 ullo
1641 4785 1830 4823 errore

256 4883 589 4953 pronuntiet,
632 4880 757 4948 quia
786 4876 1044 4929 nimirum
1075 4872 1216 4924 Deus
1255 4870 1370 4937 ipse
1399 4882 1497 4934 per
1524 4865 1740 4916 illorum
1768 4876 1830 4913 os

253 4968 956 5043 loquebaturzquosetiam
1013 4962 1200 5015 audire
1227 4967 1311 5012 est
1361 4959 1412 5010 in
1475 4953 1822 5020 astrologiam

258 5075 510 5130 tauquam
539 5059 923 5129 perniciosam,
977 5053 1098 5106 falsi
1132 5062 1426 5110 amantem,
1469 5055 1630 5113 atque
1688 5056 1819 5094 a‘ru-

255 5151 675 5215 scatricem,his
696 5149 879 5201 verbis
909 5145 1274 5198 invehentes:
1308 5140 1432 5191 "ac
1467 5138 1588 5188 dicit
1645 5134 1824 5186 Domi-

257 5262 391 5300 nus:
419 5245 580 5299 Juxta
615 5245 723 5294 vias
746 5242 971 5308 gentium
1030 5236 1187 5288 nolite
1218 5236 1433 5291 discere,
1484 5239 1532 5281 et
1585 5245 1614 5278 a
1660 5227 1821 5294 signis

257 5339 366 5390 cccli
421 5335 576 5388 nolite
604 5341 829 5385 metuere
855 5345 969 5392 qua
996 5329 1171 5380 timent
1196 5333 1391 5393 gentes,
1420 5321 1543 5388 quia
1576 5319 1705 5386 leges
1729 5333 1818 5385 po-

257 5429 496 5499 pulorum
548 5441 695 5478 vana:
734 5421 952 5476 sunt".
995 5419 1128 5472 Nam
1179 5417 1317 5469 facta
1379 5421 1506 5466 sunt
1567 5411 1715 5478 signa
1768 5409 1822 5460 in

257 5521 455 5582 lucem,
501 5530 556 5572 et
615 5519 666 5570 in
693 5525 956 5582 tempora,
1007 5521 1062 5564 et
1138 5505 1413 5563 Creatoris
1466 5503 1695 5573 nutibus
1737 5515 1829 5554 ce.-

260 5612 431 5665 dunt:
465 5619 520 5662 et
545 5619 848 5674 temporum
876 5602 1223 5661 mutationes
1254 5599 1320 5651 iis
1368 5594 1460 5664 qui
1487 5603 1616 5648 sunt
1666 5607 1832 5660 super

325 5725 370 5753 ²⁶
401 5724 418 5773 l
446 5723 577 5789 Reg.
607 5736 791 5781 xxvui,
829 5719 847 5770 l
897 5732 1050 5782 seqq.
1162 5716 1202 5746 ’⁷
1235 5712 1421 5789 Matth.
1454 5726 1527 5773 vi,
1558 5708 1647 5762 24.

260 5793 300 5827 ³⁸
345 5793 498 5846 Deut.
529 5784 652 5858 hu,
687 5789 805 5845 1-5.
873 5789 915 5818 ³¹
954 5793 1069 5838 Act.
1111 5800 1202 5850 vn,
1231 5784 1417 5835 tl-tS.

1727 5707 1990 5761 "Jerem.
2047 5723 2097 5767 ι,
2127 5707 2193 5770 '2,
2227 5706 2277 5758 5.

1931 4593 2131 4647 militiw
2155 4593 2290 4654 carli,
2313 4595 2447 4645 sicut
2482 4594 2736 4662 scriptum
2763 4596 2845 4645 est
2951 4592 3080 4644 libro
3104 4593 3500 4661 prophetarum:

1930 4685 2195 4749 Numquid
2227 4685 2462 4737 uictimas
2523 4693 2569 4735 et
2641 4686 2836 4737 hostias
2876 4683 3135 4735 obtulistis
3166 4685 3290 4735 mila
3352 4686 3500 4736 annis

1929 4776 2284 4844 quadraginta
2312 4776 2365 4826 in
2396 4776 2620 4837 deserto,
2653 4778 2836 4826 domus
2865 4772 3080 4826 Israel?
3115 4773 3182 4826 Et
3206 4776 3502 4842 suscepistis

1932 4864 2346 4926 tabernaculum,
2384 4864 2610 4922 Moloclt.
2659 4876 2706 4918 et
2773 4863 2928 4918 Sidus
2983 4863 3079 4917 Dei
3139 4867 3303 4917 uestri
3346 4865 3498 4918 Rem-

1930 4959 2108 5027 pham,
2149 4957 2348 5026 ﬁguras
2377 4973 2506 5025 quas
2539 4957 2748 5025 fecistis,
2785 4959 3012 5009 adorare
3039 4973 3146 5010 eas.
3176 4956 3244 5010 Et
3276 4958 3499 5026 transfe-

1925 5065 2039 5100 ram
2069 5064 2153 5100 vos
2187 5056 2332 5098 trans
2375 5045 2695 5115 Babylonem
2715 5047 2758 5077 “
2790 5063 2802 5076 ο

1994 5140 2191 5193 Parum
2221 5153 2371 5199 vero,
2406 5146 2500 5190 aut
2564 5137 2701 5190 nihil
2775 5135 2964 5190 dill‘ert
3010 5135 3056 5190 is
3102 5135 3195 5204 qui
3255 5135 3502 5189 militiam

1923 5232 2068 5294 cceli,
2096 5231 2199 5282 hoc
2234 5236 2314 5281 est
2352 5228 2556 5290 stellas,
2585 5226 2795 5290 adorat,
2825 5227 2892 5279 ab
2934 5241 2997 5279 co
3059 5228 3151 5294 qui
3205 5226 3503 5278 subscribit

1920 5334 1974 5376 et
2003 5320 2296 5390 acquiescit
2328 5320 2394 5373 iis
2420 5320 2513 5388 qui
2546 5335 2609 5372 ex
2648 5319 2860 5371 illarum
2888 5319 3188 5371 curiosiore
3247 5317 3506 5386 disquisi-

1925 5413 2069 5466 tione
2101 5426 2185 5463 res
2214 5409 2426 5462 futuras
2464 5409 2854 5473 vaticinantur,
2886 5409 3031 5476 quod
3079 5408 3276 5462 divina:
3312 5419 3504 5477 poten-

1926 5502 2034 5565 tiae,
2071 5503 2294 5571 ejusque
2343 5501 2515 5555 solius
2573 5501 2853 5570 proprium
2920 5515 3120 5555 munus
3165 5511 3270 5564 est,
3329 5511 3501 5570 atque

1928 5605 2118 5644 eorum
2151 5591 2348 5658 quibus
2379 5590 2480 5643 hoc
2514 5591 2604 5643 illa
2634 5593 2992 5645 concesserit.

2357 5705 2400 5734 ⁹⁹
2438 5705 2592 5758 Dcttt.
2635 5721 2786 5764 xuii,
2823 5704 2977 5758 9-H.
3042 5704 3084 5735 ³⁰
3118 5699 3375 5769 lbid.15,
3413 5704 3490 5757 Η.
