4288 6372
780 320 908 383 1:351

2007 312 2300 372 NICLTi‘E
2332 310 2742 370 CIIONIATHE

3881 303 4036 371 1352

842 429 1099 483 Christus
1125 434 1302 479 autem
1346 422 1490 488 ipsas
1509 419 1671 473 eziam
1699 433 1969 472 uainionas
2005 417 2344 485 increpabat,
2379 424 2418 476 Α
2449 416 2587 468 valla
2614 422 3041 470 commoremur.
3068 412 3458 481 Seponumero
3502 414 3664 469 etiam
3693 416 4039 486 equitatum,

770 520 1051 574 dicentes;
1084 515 1218 579 Quid
1248 514 1389 564 nobis
1440 522 1485 562 et
1538 511 1648 571 tibi,
1679 509 1802 561 1e..u
1844 507 1944 561 Fili
1990 507 2080 558 Dei
2108 507 2134 559 ἵ
2161 509 2345 560 venisti

771 614 870 663 .‘tuc
900 617 1020 660 ante
1055 615 1254 666 tempus
1287 611 1530 671 torquere
1596 616 1685 652 nos
1708 601 1747 630 “'
1776 599 1798 649 ?
1853 598 2053 653 Paulus
2125 611 2343 663 quoque

776 699 1031 767 puellam,
1060 709 1181 762 quae
1225 707 1252 744 a
1310 690 1610 761 Pythonico
1674 688 1866 754 spiritu
1923 689 2239 747 vexabatur,
2288 697 2346 739 et

775 787 1075 839 clamabat:
1113 782 1207 835 Isti
1235 783 1470 833 homines
1494 780 1627 830 servi
1688 777 1780 829 Dei
1846 778 2032 828 excelsi
2078 783 2221 836 sunt,
2260 775 2349 843 qui

777 872 1099 924 annuntiant
1128 870 1265 923 vobis
1310 869 1445 920 viam
1471 866 1657 918 salutis
1679 862 1721 893 ³δ
1747 903 1760 915 .
1786 862 2036 928 Cumque
2092 878 2188 930 per
2232 862 2349 914 dies

778 964 976 1014 inultos
1010 961 1150 1013 idem
1186 967 1388 1027 ageret,
1422 968 1670 1023 satagens
1718 954 1833 1014 ille,
1879 954 1945 1005 ad
1987 956 2348 1022 spiritumque

779 1066 1096 1111 Conversus,
1137 1050 1313 1114 inquit
1356 1064 1367 1097 :
1412 1046 1663 1113 Pra'cipio
1714 1047 1804 1097 tibi
1855 1049 1909 1096 in
1971 1048 2180 1097 nomine
2227 1045 2350 1098 Iesu

781 1140 998 1199 Christi,
1032 1142 1171 1191 exire
1202 1139 1264 1190 ab
1322 1153 1382 1189 ea
1406 1138 1449 1167 ⁸⁸
1476 1179 1489 1190 .
1525 1137 1678 1202 Quod
1725 1144 1781 1188 ct
1830 1151 1953 1188 cum
2014 1134 2162 1188 dicto
2183 1134 2346 1187 fecit:

779 1245 958 1295 neque
991 1230 1041 1281 id
1078 1229 1301 1297 injuria,
1333 1243 1511 1294 neque
1538 1228 1682 1279 enim
1712 1227 1926 1294 propria
1956 1234 2009 1278 et
2034 1225 2191 1277 insita
2246 1225 2354 1278 da:-

784 1321 1039 1372 ntonibus
1075 1328 1159 1372 est
1219 1319 1531 1370 futurorum
1592 1318 1872 1384 praedictio
1911 1314 1927 1385 [
1959 1316 2068 1385 (5(3)
2098 1315 2192 1369 sed
2239 1314 2354 1366 vio-

779 1412 963 1464 lentiae
1014 1410 1221 1479 potius,
1252 1419 1306 1462 et
1328 1416 1619 1475 prietextus
1645 1407 1879 1473 species,
1911 1420 2016 1473 qua
2050 1404 2352 1461 minutissi-

779 1519 947 1564 ntam,
981 1503 1177 1569 vixque
1213 1500 1474 1552 laminam
1504 1498 1749 1551 veritatis
1809 1497 2102 1565 imaginem
2164 1496 2353 1563 pratvi-

780 1591 984 1663 dcnt],
1033 1603 1177 1644 uth
1214 1592 1293 1644 eis
1320 1591 1514 1658 priscis
1555 1589 1795 1642 oraculis
1848 1597 2081 1647 constat,
2117 1602 2349 1655 quorum

781 1683 886 1734 alia
921 1693 979 1736 ut
1019 1682 1314 1750 plurimum
1368 1680 1535 1733 dubia
1587 1688 1736 1741 sunt,
1803 1678 1909 1731 alia
1965 1679 2202 1731 maxima
2263 1678 2348 1732 sui

2446 521 2568 559 cum
2595 521 2788 560 eorum
2811 522 2931 575 qua:
2959 505 3328 574 equitantibus
3356 507 3659 561 necessaria
3705 519 3831 562 sunt
3861 519 4038 576 parte

2448 597 2698 657 accinczi,
2730 606 2942 663 partem
2975 611 3137 650 manu
3164 604 3462 663 gestarent,
3493 610 3636 665 equo
3654 596 3764 664 jam
3794 598 3859 650 ad
3888 599 4006 651 sub

2449 683 2659 737 sellium
2696 695 2895 749 stante,
2932 686 3077 740 horae
3102 685 3583 752 intempestivitate
3620 688 3857 740 revocati
3922 704 4038 757 pe-

2449 774 2685 843 demque
2715 775 3038 837 referentes,
3076 776 3408 844 propositum
3453 786 3644 830 contra
3683 778 3848 831 animi
3891 795 4042 831 sen-

2450 868 2675 919 tentiam
2699 876 3089 933 mutaverunt;
3131 883 3193 921 ac
3232 872 3274 919 si
3315 868 3461 935 regio
3493 868 3602 927 illa.
3627 870 3692 922 ad
3724 886 3889 938 quam
3923 871 4045 922 iter

2450 952 2814 1020 instituerant,
2848 957 3125 1011 chasmate
3165 959 3385 1026 ilisjecta
3415 968 3557 1011 esset
3607 961 3686 1012 vel
3711 962 3876 1012 etiam
3918 975 4049 1013 ca:-

2449 1043 2570 1097 lesti
2595 1055 2801 1101 terrore
2822 1048 3039 1118 iamiam
3076 1048 3425 1101 concutiendi
3454 1058 3658 1101 essent.

2455 1157 2829 1224 Πάρεργονει
2887 1156 3069 1210 Niceta
3119 1156 3237 1223 ipso
3259 1159 3327 1227 de
3374 1157 3611 1211 vanitate
3663 1157 4044 1227 EthnOphm.

2684 1240 2840 1290 num,
2897 1228 2951 1278 in
2991 1239 3222 1293 persona
3261 1226 3526 1280 Manuelis
3581 1228 3776 1294 imper.

2524 1338 2731 1391 Nicctas
2795 1338 3071 1392 Cltoniates
3133 1338 3420 1392 Annalium
3473 1340 3763 1407 Manuelis,
3820 1343 3916 1396 lib.
3974 1360 4043 1407 it,

2455 1427 2592 1492 Quia
2642 1445 2779 1486 vero.
2812 1429 3001 1497 inquit,
3051 1431 3342 1497 potentibus
3369 1430 3474 1497 fere
3501 1433 3738 1485 omnibus
3787 1445 3899 1485 tum
3940 1452 4047 1486 nc-

2452 1528 2595 1575 straz.
2637 1529 2746 1571 tum
2792 1522 3071 1587 superioris
3118 1525 3288 1575 wtatis
3330 1523 3578 1591 placitum
3623 1536 3717 1586 est,
3746 1526 4042 1579 stellarum

2454 1612 2837 1677 progressioncs
2883 1620 2933 1662 et
2982 1616 3412 1679 retrogressiones
3468 1624 3735 1682 certosque
3799 1618 4037 1682 positus,

2454 1697 2914 1767 conﬁgitrutiones,
2958 1718 3211 1763 accessus,
3265 1720 3493 1757 recessus
3520 1744 3535 1764 ,
3570 1716 3862 1773 artemque
3909 1721 4041 1771 qum

782 1783 938 1843 Ρθτίθ
966 1774 1264 1827 ιιιεηάἱιοίίε
1309 1781 1540 1833 scatent.
1582 1780 1637 1826 ει
1673 1786 1863 1824 “Tum
1912 1771 2005 1837 qui
2053 1771 2120 1823 iis
2173 1772 2353 1824 CI‘Cdi'
2387 1771 2427 1827 Β
2457 1800 2733 1855 nugatores
2778 1789 2866 1840 isti
2909 1791 2960 1841 in
3009 1791 3195 1843 divinae
3234 1794 3571 1860 providentia:
3606 1771 3845 1864 fraudem
3876 1797 4041 1862 «[33:-

791 1866 1016 1926 derunt,
1042 1867 1330 1933 plerosque
1363 1864 1417 1915 in
1444 1863 1585 1915 mala
1614 1861 1928 1916 discrimina
1952 1871 2353 1929 protruserunt,

779 1972 843 2009 ex
866 1957 1067 2025 quibus
1093 1956 1237 2009 nulla
1266 1962 1379 2007 arte
1401 1969 1685 2023 emergere
1710 1962 1980 2021 poterant.
2013 1951 2131 2005 iam
2172 1954 2219 2005 si
2252 1954 2358 2007 die-

781 2062 972 2099 mones
990 2047 1306 2099 substantia:
1321 2048 1431 2099 sint
1450 2045 1679 2097 rationis
1693 2044 2007 2111 participes,
2021 2053 2077 2095 et
2094 2059 2214 2111 qua:
2228 2058 2360 2097 cun-

781 2146 900 2189 ctos
919 2137 1068 2190 orbis
1096 2137 1327 2205 uirgines
1352 2134 1797 2188 circumvolitent-
1815 2132 1954 2200 {(2,7)
1985 2142 2146 2201 atque
2173 2136 2359 2186 etiam-

783 2241 912 2277 num
934 2227 1077 2279 velut
1115 2234 1394 2278 extremos
1434 2222 1784 2293 pristinarum
1826 2233 2149 2291 apostaseon
2188 2226 2360 2279 rebel-

784 2314 825 2365 li
840 2329 1112 2383 onumqne
1135 2328 1301 2367 sonos
1315 2329 1461 2382 saepe
1475 2315 1768 2377 retineant,
1790 2316 1899 2369 itno
1916 2315 2085 2368 etiam
2106 2329 2213 2367 non
2235 2332 2358 2370 raro

787 2419 851 2456 ea
896 2420 1016 2473 qua:
1034 2415 1294 2458 eventura
1330 2415 1477 2469 sunt,
1504 2406 1703 2459 melius
1735 2421 1897 2474 quam
1924 2422 2022 2459 nos
2053 2406 2155 2475 ipsi
2177 2410 2361 2478 conje-

784 2493 959 2564 ctent]
982 2513 993 2546 :
1020 2504 1075 2547 ut
1103 2496 1392 2563 plurimum
1416 2497 1659 2563 profecto
1691 2497 1861 2549 stellae
1900 2507 2061 2550 muta:
2093 2508 2237 2561 sunt,
2262 2514 2363 2552 nec

785 2584 1092 2638 futurorum
1117 2586 1410 2654 quidquam
1463 2587 1790 2651 intelligunt,
1816 2601 1995 2655 neque
2029 2604 2206 2640 rerum
2262 2606 2361 2640 na-

789 2685 939 2729 turas
970 2680 1298 2745 perscrutari
1329 2690 1578 2747 possnnt,
1610 2691 1672 2729 ut
1708 2679 2004 2739 daemones,
2036 2679 2130 2731 sed
2173 2680 2362 2749 hujus-

792 2767 933 2820 modi
958 2766 1423 2836 artem,quatiivis
1466 2777 1656 2822 nostro
1715 2769 1915 2822 sarcula
1968 2769 2277 2829 obscurant,
2307 2778 2362 2823 et

791 2858 859 2908 ab
888 2857 1154 2924 imperitis
1184 2858 1503 2912 hominibus
1558 2858 1948 2927 profluentem,
1984 2861 2137 2912 multi
2168 2875 2358 2913 eorum

790 2950 880 3013 qui
923 2946 991 2999 ad
1047 2957 1290 3016 tempora
1336 2964 1521 3003 neStra
1568 2958 1957 3017 pervenerunt,
2018 2952 2251 3003 maxime
2307 2952 2359 3003 in

793 3039 969 3104 pretio
1000 3022 1221 3101 habent,
1252 3040 1426 3107 iisque
1457 3055 1516 3093 se
1561 3039 1885 3108 adjungunt,
1914 3040 2004 3107 qui
2036 3041 2171 3093 artis
2214 3040 2361 3093 illius

789 3127 1045 3195 peritiam
1094 3127 1198 3179 sibi
1228 3128 1526 3189 vindicant,
1587 3137 1838 3195 tanquam
1881 3128 2024 3179 veris
2054 3129 2358 3179 futurorum

798 3217 1205 3284 ε)ιι]‹·οιοι’ἰι›ιιε
1232 3235 1243 3267 :
1277 3219 1526 3285 quamvis
1553 3217 1766 3269 illorum
1794 3232 2051 3284 responsa
2085 3218 2361 3286 perspicui

792 3307 930 3359 nihil
964 3310 1303 3369 contineant,
1344 3308 1602 3375 quodque
1657 3309 1880 3376 pr0pius
1913 3322 2149 3374 unquam
2185 3311 2250 3360 ad
2274 3324 2367 3359 ve-

796 3399 1010 3451 ritatem
1056 3403 1300 3453 accedat.
1356 3398 1727 3451 Nihilominus
1778 3397 2005 3451 auribus
2036 3397 2365 3466 prurientes,

793 3501 852 3542 et
888 3490 1014 3556 quia
1052 3493 1106 3542 in
1144 3490 1311 3541 verbo
1361 3486 1606 3541 fortassis
1628 3502 1738 3539 uno
1768 3500 1894 3539 vera
1922 3486 2201 3546 dixerunt,
2234 3496 2363 3552 puta

798 3581 852 3631 in
887 3581 1169 3633 nocturnis
1193 3579 1519 3643 visionibus,
1543 3579 1652 3646 jam
1680 3577 1747 3630 iis
1774 3592 1891 3644 quae
1920 3576 2242 3644 simpliciter
2267 3577 2366 3640 illi,

798 3678 854 3720 et
890 3669 942 3720 in
974 3684 1170 3736 genere
1192 3667 1404 3727 dicunt,
1458 3683 1567 3720 non
1612 3680 1767 3719 secus
1796 3675 1956 3733 atque
1990 3666 2190 3718 divinis
2246 3681 2371 3719 ora-

800 3762 940 3812 culis
974 3758 1134 3813 fidem
1196 3758 1538 3817 adhibentes,
1598 3756 1834 3809 libenter
1896 3755 2274 3823 aequiescunt,
2304 3756 2368 3810 ad

799 3866 1005 3918 eosque
1030 3866 1089 3903 se
1117 3849 1428 3911 conferunt,
1478 3847 1752 3900 interdum
1784 3845 1948 3898 etiam
1974 3846 2189 3898 illorum
2215 3848 2370 3916 jussu

802 3959 870 3996 ne
901 3943 1084 3995 divina
1120 3942 1339 4010 quidem
1367 3939 1594 3993 delubra
1624 3939 2026 4005 ingrediuntur.

878 4034 998 4086 Vidi
1028 4048 1157 4086 vero
1206 4036 1575 4086 Romanorum
1630 4031 1793 4082 etiam
1855 4030 2212 4096 imperatores
2242 4039 2376 4097 (nec

806 4128 956 4179 enim
989 4139 1179 4178 omnes
1220 4123 1471 4191 culpandi
1514 4120 1788 4190 sunt)qui
1844 4121 2077 4188 negotiis
2132 4118 2374 4187 urgenti-

810 4219 933 4280 bus,
962 4216 1233 4268 nemincm
1273 4228 1461 4267 eorum
1515 4213 1569 4265 in
1598 4211 1884 4265 Consilium
1911 4210 2254 4271 adhiberent,
2283 4211 2375 4277 qni

814 4308 895 4358 vel
927 4305 1217 4373 sapientia,
1254 4302 1336 4355 vel
1404 4303 1561 4370 longa
1587 4302 1663 4353 rei
1722 4300 1975 4351 militaris
2039 4298 2376 4365 experientia

2459 1889 2627 1941 munt,
2657 1898 2719 1931 ac
2748 1882 3145 1935 dissimulanter
3187 1884 3403 1952 fatalem
3436 1889 3671 1940 omnium
3721 1904 3899 1941 rerum
3937 1906 4039 1939 nc-

2456 1970 2753 2021 cessitatem
2778 1980 3043 2033 statuunt,
3069 1974 3137 2025 ad
3167 1976 3853 2047 {elicitatsmrltmanosque
3872 1998 3989 2031 cas:
4010 1998 4047 2032 ε

2460 2062 2681 2114 multum
2710 2060 2903 2125 valere,
2931 2064 3151 2119 Mannel
3194 2070 3435 2123 idoneum
3469 2058 3695 2122 exeundi
3718 2074 4010 2140 impositi

2460 2154 2639 2220 quirit,
2677 2154 2828 2221 idque
2873 2156 3237 2212 Constantino
3274 2158 3567 2214 denuntiat.
3606 2159 3719 2223 Sed
3756 2166 3884 2229 quid
3931 2164 4041 2230 ﬁt?

2459 2243 2703 2297 Nondum
2734 2248 2803 2299 ad
2841 2265 3076 2302 occasum
3125 2250 3366 2318 vergebat
3408 2250 3522 2313 sol,
3562 2252 3820 2306 Manuelis
3871 2256 4042 2321 jussu

2459 2336 2610 2388 homo
2675 2349 2965 2402 revocatur,
3017 2342 3078 2391 ob
3127 2339 3521 2393 incommodum
3564 2344 3805 2405 exitum,
3856 2344 4040 2394 minus

2463 2426 2637 2493 fausto
2666 2429 2895 2480 siderum
2923 2433 3113 2498 positu,
3147 2448 3238 2485 nec
3273 2430 3531 2484 subtiliter
3553 2439 3601 2482 et
3631 2441 3885 2486 accurate
3902 2449 4041 2500 per-

2462 2519 2667 2585 quisito.
2730 2518 2928 2571 Rursus
2980 2522 3139 2589 igitur
3188 2524 3357 2574 thema
3407 2521 3746 2574 constituitur
3783 2560 3799 2582 ,
3845 2525 4043 2589 regular

2462 2610 2859 2669 consuluntur;
2897 2624 3010 2679 post
3063 2612 3273 2681 longam
3324 2626 3588 2665 astrorum
3643 2614 4041 2680 indagationcu

2463 2700 2693 2768 Angelus
2746 2700 2873 2764 erit,
2922 2719 3039 2754 cum
3073 2702 3418 2769 beneﬁcorum
3465 2703 3695 2755 siderum
3738 2706 3991 2756 comitatu
4026 2720 4045 2751 :

2463 2792 2555 2842 sed
2598 2791 2692 2843 illa
2743 2793 2885 2845 hora
2927 2795 3219 2846 observatio
3268 2802 3469 2847 tantum
3522 2792 3767 2845 Romanis
3816 2794 4041 2859 profuit,

2463 2883 2799 2951 primumque
2828 2885 3017 2935 ducum
3051 2892 3232 2936 errata
3256 2885 3331 2936 ita
3355 2886 3602 2945 correxit,
3633 2893 3681 2933 et
3706 2891 3917 2951 accepta
3947 2886 4040 2934 de-

2466 2973 2709 3025 trimenta
2757 2975 2993 3036 resarsit,
3044 2985 3099 3025 ut
3149 2973 3525 3027 Constantinus
3578 2974 3757 3025 satitn
3811 2975 4039 3026 hostium

2389 3092 2431 3148 ο
2466 3067 2707 3116 munibus
2750 3074 3046 3133 caperetur,
3074 3075 3176 3119 etc.
3222 3064 3318 3131 (De
3347 3080 3523 3133 pugna
3563 3063 3898 3117 Constantini
3934 3066 4045 3114 Δρ.-

2463 3154 2587 3222 gcli,
2614 3172 2761 3221 quem
2794 3154 3009 3207 Manuel
3042 3157 3223 3207 ducem
3258 3157 3563 3223 designurat
3612 3157 3884 3217 exercitus,
3918 3172 4045 3206 con-

2468 3256 2552 3298 tra
2584 3246 2869 3314 Rogcrium
2900 3262 3069 3315 regem
3100 3244 3381 3311 Siculum.)

3144 3382 3220 3435 De
3255 3383 3388 3450 fato.

2542 3491 2712 3544 Porro
2733 3492 2905 3544 fatum
2936 3490 3106 3547 Graeci
3135 3493 3205 3546 ita
3240 3490 3684 3556 introducebant,
3736 3490 4042 3544 Necessita-

2473 3590 2579 3634 tem
2609 3580 2902 3651 fingebant,
2940 3599 3062 3651 qu:e
3091 3584 3255 3636 rebus
3287 3595 3547 3650 praeesset
3572 3584 3851 3643 omnibus,
3881 3599 4037 3648 copis

2475 3670 2612 3723 ﬁlias
2679 3682 2811 3733 tres,
2864 3672 3177 3735 Lacheiam,
3230 3672 3447 3732 Clotho,
3506 3684 3566 3726 et
3609 3672 3853 3739 Atropon
3922 3687 4039 3724 esse

2473 3760 2765 3814 dicebant:
2807 3764 2879 3814 ita
2957 3772 3017 3815 ut
3080 3762 3383 3815 Necessitas
3428 3761 3627 3814 futuris
3686 3762 4043 3828 prospiceret,

2476 3852 2707 3907 Lacheia
2784 3863 2987 3907 sortem
3072 3851 3791 3921 superinduceret;(‘.lotho
3852 3849 4037 3902 ἱίεάεηη

2476 3942 2676 4001 nendo,
2728 3941 3020 4008 fusumque
3073 3942 3569 4001 circutnvolvendo,
3617 3945 3781 3992 rohur
3811 3948 3867 3992 et
3917 3955 4047 4006 pon-

2478 4031 2582 4084 dus
2610 4031 2873 4094 adderet;
2938 4034 3171 4096 Atropos
3242 4031 3482 4098 denique
3542 4031 3613 4082 ita
3675 4028 4044 4089 confirmaret,

2478 4135 2531 4177 rt
2562 4123 2961 4184 constabiliret,
2989 4133 3048 4175 ut
3075 4125 3268 4175 mutari
3304 4134 3358 4175 et
3387 4122 3583 4175 inverti
3627 4120 3778 4172 nullo
3811 4134 4042 4185 unquam

2481 4215 2643 4268 modo
2670 4224 2908 4283 possent.
2942 4215 3020 4267 Ex
3039 4229 3149 4282 quo
3200 4214 3383 4277 ﬁebat,
3426 4224 3485 4266 ut
3534 4213 3579 4266 si
3638 4225 3833 4265 recens
3888 4219 4043 4262 natm

2480 4320 2617 4372 puer
2646 4306 2763 4357 fuso
2787 4304 2932 4358 fatali
2964 4307 3028 4357 ad
3054 4305 3302 4357 subulam
3373 4304 3627 4356 manibus
3687 4302 4041 4358 tractandam,

810 4397 1056 4450 celebres
1080 4394 1427 4450 haberentur.
1472 4391 1565 4444 sed
1621 4391 1689 4444 ab
1716 4390 2108 4458 astrologorum
2162 4388 2381 4456 iudiciis
2416 4413 2456 4465 ο
2487 4396 2569 4447 vel
2591 4396 2831 4448 cultrum
2866 4395 3155 4453 sutorium,
3186 4395 3268 4446 vel
3295 4395 3530 4460 denique
3579 4392 3733 4445 coria
3789 4391 4043 4442 dentibus

813 4498 1096 4555 tantopere
1114 4486 1504 4553 dependerent,
1529 4492 1689 4550 atque
1717 4482 1783 4534 iis
1802 4496 1922 4549 quas
1951 4495 2017 4533 ex
2041 4481 2377 4547 planetarum

814 4578 1156 4648 inspectione
1194 4576 1643 4645 praedicerentur,
1670 4574 1817 4625 velut
1843 4570 2063 4625 circulis
2091 4572 2272 4622 aureis
2324 4571 2380 4622 in

812 4684 974 4722 nares
1005 4666 1245 4728 insertis,
1277 4665 1850 4718 circumducerentur.

888 4755 1206 4826 Hujusmodi
1242 4764 1387 4807 certe
1416 4768 1567 4821 reges
1600 4752 1763 4804 simul
1793 4761 1850 4804 et
1882 4748 2075 4802 fallunt
2101 4756 2155 4802 ct
2186 4747 2386 4801 fallun-

818 4860 925 4911 tur,
962 4862 1085 4901 cutn
1116 4862 1178 4900 ea
1225 4860 1345 4913 qua:
1406 4843 1566 4907 fiunt,
1627 4842 1816 4911 procul
1868 4855 1899 4892 a
1958 4840 2093 4904 Deo,
2158 4839 2386 4907 ejusque

818 4939 1160 5011 providentia
1184 4938 1473 5005 ablegant:
1513 4942 1676 5002 atque
1701 4933 1774 4984 ita
1807 4929 2044 4998 receptis
2088 4929 2234 4997 apud
2284 4944 2385 4980 nos

819 5031 1107 5087 sententiis
1163 5038 1219 5082 et
1252 5027 1517 5081 institutis
1560 5022 2003 5077 manifestissime
2061 5029 2383 5088 repugnent,

823 5129 893 5177 ita
922 5133 979 5175 ut
1004 5122 1056 5175 in
1087 5122 1276 5188 longos
1310 5133 1529 5171 nienses
1562 5116 1613 5169 id
1638 5113 1914 5173 differant,
1947 5110 2089 5178 quod
2114 5109 2195 5162 vel
2228 5109 2387 5162 hodie

826 5218 941 5268 fieri
970 5224 1177 5281 potest:
1213 5226 1279 5264 ex
1329 5210 1540 5276 hocque
1584 5208 1703 5259 loco
1759 5204 1812 5256 in
1872 5202 2036 5254 alium
2097 5199 2386 5251 finitimum

822 5306 1055 5361 subinde
1082 5302 1464 5371 commigrent,
1492 5298 1579 5350 ubi
1605 5297 1671 5349 ad
1704 5309 1873 5363 pauca
1920 5293 2175 5344 horarum
2215 5289 2385 5343 inter-

894 5441 1148 5494 ”.‘datth.
1182 5438 1422 5502 Nihili).
1455 5437 1499 5467 "*
1560 5435 1677 5485 Act.
1720 5446 1829 5488 xvi,
1881 5426 1961 5480 l7.
2042 5422 2248 5475 “Ibid.
2297 5421 2377 5474 l8.

2479 4483 2818 4537 extendenda
2837 4483 3139 4537 destinatus
3155 4492 3318 4543 esset,
3344 4483 3493 4533 nullo
3513 4481 3672 4534 modo
3699 4480 3815 4533 ﬁeri
3844 4494 4039 4548 ansei.

2483 4576 2615 4641 quin
2643 4582 2814 4627 artem
2839 4573 2984 4625 illam
3044 4581 3347 4634 exerceret,
3404 4585 3524 4639 qua:
3573 4570 3651 4623 illi
3706 4579 3858 4622 sorte
3910 4569 4045 4620 obta-

2484 4674 2654 4734 εει-ιιι,
2684 4665 2779 4717 sed
2802 4663 2868 4717 ad
2894 4679 3013 4718 eam
3050 4663 3143 4717 fati
3170 4663 3322 4725 fune,
3357 4662 3512 4730 quasi
3548 4661 3768 4715 obtorto
3795 4659 3937 4712 collo
3961 4674 4041 4713 ra-

2487 4754 2758 4822 piebatur.

3101 4887 3173 4940 De
3212 4886 3457 4955 augurio.

2561 5022 2861 5091 Augurium
2918 5031 3098 5076 autem
3175 5028 3261 5074 est
3339 5018 3650 5073 futurorum
3706 5029 4035 5084 praesagium,

2491 5111 2635 5178 quod
2696 5110 2765 5163 ab
2823 5110 3000 5162 avium
3051 5108 3258 5172 volatu,
3294 5107 3501 5176 quiete,
3530 5115 3585 5159 et
3610 5105 3819 5172 garritu
3843 5101 4036 5169 colligi-

2492 5213 2600 5255 tur.
2661 5200 2786 5253 Fuit
2836 5200 2983 5253 enim
3052 5198 3347 5267 aliquando
3439 5194 3748 5265 bujusmodi
3837 5206 4035 5262 quoque

2494 5291 2637 5360 apud
2687 5290 2921 5353 Griecos,
2965 5298 3021 5343 et
3072 5289 3205 5342 alias
3258 5296 3445 5357 gentes
3500 5287 3806 5339 futurorum
3868 5281 4037 5334 obser-

907 5630 1015 5696 (STi)
1053 5633 1174 5681 Hu'c
1225 5624 1417 5695 spatiis
1468 5616 1903 5673 interlinealiims
1941 5613 2186 5666 intersita
2220 5612 2463 5675 fuerunt,
2494 5620 2656 5681 atque
2693 5608 2887 5664 litteris
2917 5606 3095 5662 rubris
3115 5613 3358 5659 exarata.

902 5693 1011 5769 (δέ)
1048 5700 1109 5754 Ul
1141 5693 1505 5768 pttt'cctlctililt
1538 5704 1717 5742 I‘ut:t‘ts
1765 5696 2006 5739 exarata.
