4288 6372
749 310 878 376 i355

736 521 785 571 ci
816 517 1165 576 adhibentur,
1232 496 1429 580 aquain
1512 515 1692 577 aptam
1754 500 2300 558 etaccommodatam

740 610 992 667 reddunt,
1019 620 1137 672 qua:
1172 602 1471 672 malignum
1506 599 1758 668 spiritum
1790 595 2010 648 oracula
2044 594 2299 644 daturum

740 694 1129 764 excipiatJioc
1159 701 1343 745 autem
1389 688 1718 743 daemonium
1758 683 1990 737 formam
2038 680 2206 735 habet
2246 688 2303 733 et
2356 754 2359 759 ί

742 802 1018 843 terrenum
1049 795 1154 849 est,
1218 781 1703 847 invocantiumque
1756 777 1931 845 pactis
1976 772 2301 841 acquiescit.

740 881 1105 948 Po~teaquam
1138 889 1269 930 vero
1292 875 1345 927 in
1372 885 1568 940 aquam
1596 867 1873 928 inciderit,
1900 864 2076 934 primo
2100 865 2307 932 impetu

742 986 941 1025 sonum
995 968 1285 1038 quemdam
1338 964 1637 1017 obscurum
1692 960 1809 1012 edit
1851 975 1865 1011 :
1915 956 2112 1010 deinde
2167 969 2306 1024 aqua

745 1062 1064 1121 ﬂuctuante,
1094 1058 1346 1110 obscura:
1380 1053 1628 1123 quaedam
1676 1064 1839 1103 voces
1874 1048 2308 1101 immurmuran-

689 1175 692 1177 λ
748 1163 857 1219 tur,
890 1152 1090 1221 quibus
1122 1149 1296 1203 futuri
1322 1144 1587 1216 praenotio
1624 1142 1926 1209 colligitur.

819 1248 1133 1300 [mirionum
1167 1255 1331 1311 porro
1360 1240 1453 1292 alii
1509 1236 1733 1305 quidem
1787 1234 2109 1287 substantia:
2135 1247 2311 1287 aerea:

745 1348 877 1392 sunt
931 1334 1251 1406 participes,
1312 1330 1402 1385 alii
1448 1343 1580 1383 vero
1621 1326 1831 1381 terreni
1885 1333 2054 1387 sunt,
2094 1332 2150 1378 ct
2204 1324 2312 1377 levi

748 1430 980 1500 quadam
1007 1422 1424 1494 repercussione
1457 1421 1626 1474 tactui
1674 1418 1958 1472 resistunt.

821 1519 1161 1589 Porphyrius
1223 1522 1372 1569 certe
1420 1529 1478 1567 se
1528 1511 1583 1565 in
1620 1507 1935 1579 bujusmodi
1983 1502 2315 1559 dcemoniaca

750 1624 980 1677 corpora
1028 1606 1173 1675 apud
1234 1605 1466 1658 Eluscos
1511 1602 1773 1654 incidisse
1828 1604 2087 1657 testatur,
2142 1603 2311 1662 atque

1970 298 2264 361 NltlE'f.I:'.
2302 295 2705 358 CIIUNlATﬁ

734 422 955 496 generis
980 424 1137 490 aquis
1165 439 1175 471 :
1215 422 1347 473 ritus
1380 427 1564 472 autem
1595 422 1645 470 et
1691 411 2114 474 incantationes,
2180 424 2301 477 quae
2333 417 2377 471 Α

3827 292 3981 355 1355

3004 403 3156 459 CAP.
3191 401 3378 456 XLIII.

2408 520 2825 589 Quadragesinta
2869 520 3023 572 tcrtia
3053 518 3280 589 ha'rgsis,
3306 516 3988 589 Parernteneutarum,h0t.

2478 600 2551 644 est
2582 584 2759 644 eorum
2779 592 2865 659 qui
2895 604 3129 656 perverse
3146 584 3447 655 Scriptura:
3473 588 3903 654 interpretantur.

2478 702 2922 757 Parermeneutze
2950 701 3198 769 quaedam
3229 715 3513 753 sacrarum
3555 699 3983 768 Scripturarum

2407 793 2643 856 Veteris,
2675 794 2920 862 inquam,
2954 799 3009 844 et
3042 790 3179 843 Novi
3232 789 3595 847 Testamenti.
3630 792 3807 858 capita
3846 805 3987 857 per-

2412 900 2598 953 peram
2626 884 3072 952 interpretantes,
3111 890 3166 934 et
3197 881 3264 933 ad
3320 894 3546 948 scopum
3592 881 3697 933 sibi
3726 880 3992 949 peculia-

2411 989 2527 1027 rem
2558 975 2925 1034 tralucentes,
2969 979 3131 1040 atque
3184 968 3322 1021 adeo
3366 984 3473 1022 non
3521 970 3640 1021 sine
3676 970 3993 1036 pertinacia

2412 1064 2478 1117 de
2507 1064 2784 1133 plerisque
2835 1060 3349 1130 interpretationum
3414 1075 3603 1112 earum
3639 1061 3997 1111 conlutulen-

2414 1168 2516 1220 tes,
2547 1170 2685 1224 quas
2741 1154 2829 1207 vix
2893 1153 3132 1207 humana
3184 1166 3340 1205 tuens
3379 1149 3598 1217 assequi
3648 1151 3995 1219 eugitatione

2414 1248 2607 1317 possit,
2643 1245 2922 1298 idiotismo
2950 1244 3136 1296 nescio
3169 1258 3302 1311 quo,
3332 1250 3387 1295 et
3426 1240 3754 1302 temeritate,
3780 1240 3998 1291 animi-

2415 1353 2521 1405 que
2552 1334 2873 1404 impotentia
2891 1334 3225 1393 laborantes,
3266 1331 3646 1385 hatreticorum
3669 1330 3925 1399 dogmata
3938 1344 3997 1379 ni

2418 1428 2684 1480 nonnulla
2713 1425 3035 1479 continuare
3094 1422 3341 1488 audent,
3396 1424 3708 1492 ignorantes
3759 1420 3996 1474 interim

2415 1516 2548 1585 quid
2578 1516 2885 1586 designent.

2705 1605 2978 1659 llwrcscos
3018 1605 3353 1676 pra'cedentis
3382 1605 3699 1672 confutatio.

751 1702 856 1756 alia
899 1698 1121 1767 quidem
1147 1696 1330 1749 lucida
1379 1693 1603 1754 vidisse,
1640 1691 1746 1743 alia
1784 1703 1914 1743 vero
1958 1687 2223 1754 tetigisse,
2253 1699 2317 1786 ea
2348 1736 2398 1794 Β
2499 1712 2823 1785 Quicunque
2850 1715 2916 1768 ad
2957 1718 3361 1770 mntemionem
3392 1726 3447 1770 et
3478 1717 3833 1770 ambitionem
3862 1730 3996 1785 pro.

754 1792 1013 1846 nimirum
1056 1804 1177 1857 quae
1222 1785 1542 1840 duriuscula
1598 1789 1806 1844 essent,
1850 1779 2133 1847 tacluiquc
2180 1779 2318 1830 resi-

752 1888 983 1936 sterent.
1029 1877 1195 1932 Addit
1226 1877 1452 1943 insuper
1499 1888 1606 1926 non
1656 1870 1840 1924 omnia
1894 1867 2129 1921 rotunda
2170 1879 2316 1928 esse,

753 1986 944 2026 verum
974 1969 1239 2039 pleraque
1280 1966 1537 2033 oblonga,
1567 1962 1832 2015 nonnulla
1854 1963 2021 2014 etiam
2068 1957 2317 2012 rhombis

757 2059 1077 2129 persimilia.
1108 2056 1299 2121 Qualia
1328 2055 1472 2107 enim
1502 2065 1737 2119 corpora
1771 2057 1924 2110 sunt,
1958 2046 2164 2115 inquit,
2192 2045 2318 2114 qui-

756 2152 859 2203 bus
881 2151 1311 2219 eonjunguntur,
1344 2159 1405 2199 ea
1428 2143 1590 2198 talem
1616 2156 1835 2210 quoque
1855 2147 2107 2192 naturam
2131 2138 2318 2193 subire

754 2242 951 2295 solent.

758 2356 1020 2410 Hactenus
1049 2350 1316 2424 appendix
1340 2365 1401 2424 tt_._
1433 2346 1776 2424 Iam_transit
1809 2344 1879 2397 ad
1925 2341 2185 2412 μαντείαν
2229 2356 2318 2395 seu

1350 2419 1746 2473 divinationem.

825 2515 1094 2570 Caeterum
1127 2510 1374 2582 μαντεία,
1405 2509 1509 2563 hoc
1548 2519 1630 2563 est
1655 2503 1946 2570 divinatio,
1987 2518 2112 2558 cum
2148 2515 2316 2572 gene-

759 2607 924 2659 ralior
981 2600 1383 2674 quodammodo
1443 2599 1550 2663 sit,
1615 2598 1813 2667 partim
1860 2592 2326 2653 incantationibus

757 2697 1088 2758 cohasrebat,
1119 2696 1315 2763 partim
1343 2692 1410 2745 ab
1439 2690 1547 2743 illis
1578 2686 1926 2757 discrepabat
1962 2704 1975 2739 :
2007 2694 2062 2740 ct
2110 2699 2206 2755 per
2234 2698 2323 2738 se-

760 2789 928 2858 ipsam
960 2786 1211 2856 privatim
1246 2784 1313 2837 ab
1336 2783 1520 2851 impiis
1546 2780 1987 2849 perpetratatur.

831 2881 880 2933 i.
910 2881 1037 2944 Quae
1065 2878 1210 2931 enim
1235 2890 1333 2945 per
1363 2872 1669 2941 ἁνατομὴν,
1701 2871 1801 2924 hoc
1822 2880 1904 2923 est
1942 2865 2328 2922 dissectioneln

761 2976 1127 3033 victimarum,
1176 2978 1233 3023 et
1266 2983 1363 3036 per
1392 2965 1721 3020 animalium
1757 2959 2132 3021 siderationis,
2172 2965 2330 3011 exto-

2417 1809 2690 1872 elivisest,
2706 1823 2829 1860 eum
2850 1823 2956 1861 non
2978 1809 3178 1878 injuria
3195 1811 3374 1863 cuncti
3393 1808 3520 1862 odio
3545 1822 3991 1877 prosequuntur.

2418 1898 2626 1953 Vitium
2676 1898 2826 1951 enim
2855 1914 2964 1967 quo
2995 1899 3229 1961 laborat,
3260 1900 3544 1953 diabolicze
3571 1901 3761 1968 procul
3814 1900 3995 1953 dubio

2418 1986 2708 2041 dementiae
2724 1989 2949 2041 morbus
2962 1988 3270 2042 est.alultos
3285 2003 3414 2057 ergo
3432 1990 3591 2058 longa
3605 1990 3722 2042 dies
3742 1990 3998 2058 pretnlit,

2417 2078 2509 2147 qui
2536 2092 2644 2131 non
2665 2086 2874 2131 tantum
2910 2080 2993 2147 de,
3018 2096 3075 2133 re
3094 2080 3199 2134 sibi
3221 2095 3445 2149 prorsus
3472 2080 4001 2149 incognitaconten-

2421 2170 2637 2235 derent,
2675 2171 2770 2223 sed
2793 2180 2850 2224 et
2887 2170 2980 2239 qui
3006 2172 3247 2235 ,tametsi
3262 2171 3619 2241 quaestionem
3640 2172 3693 2222 in
3712 2172 3999 2225 consulta-

2425 2265 2570 2317 tione
2589 2265 2818 2340 positam
2838 2263 2904 2316 ad
2938 2276 3259 2332 germanum
3311 2277 3534 2316 sensum
3586 2275 3844 2315 revocare
3864 2276 4001 2329 pos-

2422 2363 2561 2417 sent,
2581 2369 2701 2407 eam
2726 2363 2903 2408 tamen
2935 2354 2989 2407 in
3012 2354 3344 2408 contrarium
3373 2354 3519 2407 velut
3541 2368 3607 2406 ex
3634 2352 3880 2422 professo
3901 2368 3965 2406 ra
3981 2383 4002 2396 -

2423 2453 2635 2515 perent,
2655 2458 2717 2498 ac
2730 2444 2775 2498 si
2805 2452 3082 2507 caverent,
3111 2460 3179 2497 ne
3217 2445 3270 2497 in
3293 2445 3715 2498 contradictoria
3740 2444 4002 2497 incurre-

2426 2535 2650 2590 rent.Ex
2670 2550 2780 2604 quo
2799 2533 3069 2597 evenit,ut
3087 2534 3473 2603 plerique,quo
3493 2536 3821 2589 sententiam
3839 2549 4000 2587 suam

2425 2624 2640 2678 facilius
2656 2634 2985 2690 astruercnt,
3011 2625 3063 2677 in
3089 2640 3375 2693 perversos
3390 2626 3703 2694 dogmatum
3717 2625 4002 2678 anfractus

2426 2716 2665 2785 prolapsi
2716 2717 2945 2780 fuerint,
2986 2718 3115 2768 dum
3168 2716 3484 2784 petulanter
3550 2716 3819 2769 insultare
3858 2714 3997 2777 Deo,

2427 2807 2677 2876 quamde
2707 2808 2975 2861 sententia
2996 2822 3090 2860 sua
3112 2809 3408 2876 quidquam
3428 2806 3737 2861 diminuere
3756 2805 3997 2867 malunt,

2431 2906 2492 2951 ut
2523 2898 2767 2953 Maauele
2796 2899 3078 2953 Comueno
3118 2899 3422 2967 imperante
3448 2898 3670 2952 accidit.

2507 2988 2645 3044 Cum
2674 2990 2822 3043 enim
2851 2989 3049 3059 dogma
3098 2998 3308 3042 motum
3335 2996 3483 3041 eSset
3522 3001 3686 3055 super
3747 2983 3834 3037 his
3872 2997 4001 3036 vcr-

760 3079 989 3132 rumque
1009 3056 1401 3115 contractionis
1422 3053 1813 3121 inspectionem
1840 3049 2155 3117 peragitur:
2183 3060 2331 3115 qutc-
2356 3094 2399 3151 c
2433 3080 2517 3134 bis
2547 3098 2560 3134 ζ
2591 3081 2672 3134 Tu
2703 3097 2762 3135 es
2784 3083 2878 3150 qui
2911 3049 3100 3145 Jac”,
3132 3090 3189 3134 et
3240 3080 3335 3149 qui
3364 3049 3606 3142 omnis;
3644 3078 3861 3130 morum
3900 3075 4001 3144 qui

760 3170 867 3223 que
891 3169 951 3206 os
973 3149 1104 3205 illud
1137 3147 1282 3216 quod
1303 3142 1661 3212 ὠμοπλάτην,
1689 3140 1794 3192 hoc
1817 3146 1901 3191 est
1926 3146 2176 3204 opertum
2212 3149 2331 3187 sco-

769 3246 1002 3313 ptulum,
1063 3238 1261 3293 medici
1310 3244 1525 3295 vocant,
1578 3241 1699 3299 past
1742 3231 1859 3299 ejus
1911 3226 2329 3291 decoctionem,

770 3330 1306 3391 caruncularumque
1346 3320 1743 3376 detractionem
1769 3316 2035 3371 attentius
2061 3315 2285 3384 inspicit
2314 3331 2327 3366 :

766 3417 1138 3474 iacantatione
1179 3413 1331 3465 nullo
1390 3409 1552 3463 lno-lo
1602 3406 1800 3467 utitur,
1857 3402 1953 3458 sed
2002 3401 2328 3471 quibusdam

765 3506 1101 3578 argumentis
1135 3504 1383 3556 futurum
1412 3498 1700 3552 ariolatur.

828 3602 1029 3664 €2.th
1062 3611 1192 3650 vero
1242 3592 1479 3647 vasculis
1503 3605 1643 3659 aqua
1681 3601 1901 3643 caenosa
1939 3600 2033 3652 per
2075 3582 2333 3637 feminam

771 3692 1041 3759 virginem
1082 3685 1291 3741 nefarie
1344 3684 1477 3737 hora
1509 3682 1688 3735 noctis
1745 3682 2068 3747 intempesta
2116 3674 2336 3743 repletis

770 3782 1025 3837 efficitur.
1059 3779 1234 3846 iisque
1288 3775 1425 3829 adeo
1458 3774 1513 3827 in
1556 3770 1710 3832 locis,
1763 3784 1882 3839 qua:
1913 3784 1943 3821 a
1978 3766 2178 3819 divinis
2208 3778 2336 3818 ora-

774 3876 932 3927 toriis
962 3872 993 3924 d
1024 3872 1173 3932 ssita,
1215 3877 1271 3921 et
1330 3866 1399 3919 ab
1450 3863 1734 3917 hominum
1781 3868 2077 3927 conspectu
2128 3866 2337 3910 remota

772 3967 904 4027 sint,
942 3979 1006 4015 ca
1048 3958 1455 4029 conjurationes
1495 3964 1550 4008 et
1608 3950 1983 4006 invocationes
2030 3950 2337 4003 daemonum

774 4056 888 4108 suis
921 4050 1112 4119 epodis
1139 4048 1443 4102 introducit
1467 4063 1481 4099 :
1508 4058 1648 4113 quas
1674 4041 1898 4110 quidem
1936 4038 2340 4093 incantationes

778 4143 1069 4211 aliquando
1100 4137 1548 4192 suaveolentibus
1577 4131 1921 4185 aromatihus
1943 4129 2212 4182 adhibitis
2238 4128 2341 4180 im-

780 4231 1215 4292 murmurabant,
1259 4224 1555 4295 aliquando
1596 4224 1761 4277 etiam
1798 4222 2036 4274 humano
2078 4216 2341 4286 sanguine

780 4324 980 4383 infuso,
1018 4324 1099 4374 vel
1131 4319 1376 4389 jugulata
1411 4316 1643 4383 virgine,
1673 4328 1794 4381 qua:
1816 4326 2012 4379 aquam
2041 4307 2338 4372 infuderat,

780 4416 862 4467 vel
899 4415 1006 4466 alia
1039 4411 1231 4480 quavis
1258 4407 1463 4477 puella,
1530 4394 1880 4473 peragebant.
1926 4401 2094 4455 I’orro
2154 4399 2342 4468 hujus-

780 4503 925 4558 modi
954 4502 1190 4554 obscena
1226 4499 1280 4549 in
1340 4493 1528 4548 lustris
1578 4493 1817 4545 ferarum
1854 4488 2334 4558 perpetrabantur,

780 4611 887 4647 non
921 4595 1038 4646 sine
1075 4590 1359 4643 fovearum
1422 4583 1775 4648 suffossione,
1827 4580 2033 4649 quibus
2075 4579 2160 4632 lac
2212 4591 2336 4631 cum

779 4684 934 4737 melle
962 4680 1342 4736 infundebant.

848 4774 901 4827 ’5.
927 4771 1190 4826 Triviales
1221 4777 1401 4821 autent
1423 4764 1810 4829 divinationes,
1842 4777 1963 4833 quae
1995 4762 2049 4815 in
2083 4759 2255 4814 triviis
2285 4768 2341 4813 et

778 4864 1029 4933 compitis
1049 4862 1270 4921 fiebant,
1297 4865 1351 4911 et
1367 4873 1429 4911 ea
1441 4872 1561 4926 qua:
1581 4856 1774 4925 priscis
1797 4852 2134 4922 temporibus
2153 4851 2221 4905 ab
2242 4852 2334 4917 ὲγ-

779 4949 1189 5021 γαστριμύῠοις,
1224 4948 1329 5001 hoc
1354 4955 1437 5000 est
1466 4946 1848 5015 ventriloquis,
1890 4942 2297 5013 peragebantur
2325 4956 2340 5004 ;

780 5056 1008 5099 necnon
1036 5040 1273 5094 amuleta
1305 5037 1417 5099 illa,
1439 5052 1562 5106 qua;
1590 5037 1658 5091 de
1702 5045 1945 5105 pectore,
1977 5033 2079 5086 alis
2105 5031 2338 5095 etcollo,

780 5134 1192 5204 dependebant;
1224 5138 1390 5199 atque
1422 5127 1560 5182 adeo
1616 5126 1983 5196 imagunculae
2017 5123 2123 5177 illze
2171 5136 2342 5176 cerea:

780 5232 846 5281 ad
879 5225 1159 5280 hominum
1221 5222 1450 5277 formam
1502 5218 1719 5279 elﬁctaz,
1780 5231 1918 5286 quas
1969 5214 2138 5268 clavis
2164 5213 2343 5266 utrin-

781 5332 886 5388 quc
953 5313 1221 5384 trajicere
1254 5296 1545 5374 solebant,'
1573 5307 1765 5377 epodis
1826 5304 2221 5359 innitebantur.
2264 5302 2341 5355 Ne

783 5408 996 5479 singula
1056 5418 1396 5474 percurram,
1461 5417 1581 5471 qua:
1615 5416 1723 5453 non
1770 5406 1893 5451 actu
1929 5404 2141 5449 tantum
2193 5393 2343 5447 dcte-

784 5500 1012 5561 standa,
1086 5495 1346 5564 nulloque
1413 5493 1575 5545 modo
1626 5489 1919 5560 agentibus
1975 5485 2343 5542 conducibilia

785 5600 933 5652 sunt,
963 5589 1056 5644 scd
1091 5586 1253 5641 etiam
1286 5599 1467 5647 aures,
1497 5583 1758 5653 linguam,
1816 5590 2079 5637 mentem.
2106 5588 2158 5633 et
2189 5578 2346 5632 intel-

791 5692 975 5737 eetnm
1015 5677 1360 5731 aarrantium
1395 5690 1493 5728 sua
1531 5674 1775 5729 fmditate
1812 5680 2203 5735 conspurcant.

2435 3179 2565 3223 tunc
2588 3171 2734 3223 doeti
2761 3170 3103 3223 habebantur
3120 3170 3499 3238 duotquorum
3521 3167 3739 3219 nomina
3771 3179 3881 3217 non
3909 3172 4001 3216 est

2432 3259 2578 3327 quod
2640 3264 2936 3327 proferant)
2979 3259 3033 3311 in
3077 3259 3348 3311 diversam
3390 3257 3459 3309 ab
3499 3255 3822 3307 orthodoxis
3869 3267 3998 3306 sen-

2435 3348 2662 3402 tentiam
2693 3355 2911 3410 euntes,
2959 3361 3023 3401 ac
3046 3348 3091 3400 si
3138 3348 3299 3401 Patre
3352 3333 3579 3398 inferior
3610 3342 3779 3395 Filius
3826 3349 3997 3404 esset,

2433 3438 2515 3491 eis
2536 3438 3011 3501 contradixerunt,
3050 3437 3384 3505 tandemque
3414 3436 3481 3489 de
3505 3433 3679 3503 gradu
3711 3432 4001 3501 dignitatis

2434 3531 2824 3584 ecclesiastica:
2856 3530 3052 3599 dejecti
3079 3540 3229 3582 sunt.
3262 3532 3399 3582 Cum
3430 3539 3616 3605 autem
3645 3525 3999 3578 anathemate

2437 3638 2655 3693 quoque
2693 3622 2913 3693 jamjam
2946 3637 3056 3691 pro‘
3083 3620 3338 3674 tribunali
3367 3618 3600 3673 feriendi
3628 3626 3838 3677 essent,
3867 3630 3965 3667 seu
3985 3640 3999 3650 -

2437 3717 2640 3770 tentias
2657 3730 2782 3769 suas
2802 3716 2892 3767 vix
2918 3712 3321 3782 improbarent,
3350 3709 3402 3763 id
3423 3708 3653 3772 causali,
3689 3722 3747 3760 se
3774 3705 4000 3774 quidem

2438 3806 2543 3862 sibi
2574 3806 2709 3860 satis
2736 3819 2856 3859 esse
2884 3804 3158 3865 conscios,
3178 3814 3343 3870 quam
3388 3799 3737 3852 diSsentanea
3782 3812 3811 3848 a
3846 3805 4003 3848 recto

2439 3896 2938 3951 ccclesiasticorum
2964 3895 3279 3961 dogmatum
3306 3904 3467 3944 sensu
3498 3887 4003 3946 effutivissent,ve-

2441 4004 2560 4042 rum
2586 3984 2843 4040 dedecori
2895 3992 2950 4037 et
3004 3983 3241 4036 infamia:
3300 3982 3404 4033 hoc
3440 3981 3804 4039 ascribentes,
3856 3980 3903 4031 si
3931 3992 3999 4030 ex

2441 4075 2806 4145 pceniludine,
2839 4082 2892 4127 et
2930 4084 3187 4140 tanquam
3235 4068 3550 4136 disciplina,
3611 4077 3890 4136 saperent,
3937 4082 4002 4120 ea

2441 4182 2562 4235 qua:
2606 4164 2775 4219 semel
2824 4168 3195 4222 asseruerant,
3255 4160 3557 4228 quamlibet
3612 4158 3775 4210 stulta
3807 4165 3863 4209 et
3904 4156 4003 4207 ab-

2444 4258 2606 4313 surda
2638 4257 2915 4324 dogmata,
2968 4252 3253 4305 mordicus
3296 4250 3614 4303 tuebantur.
3677 4245 3997 4315 Cujusmodi

2444 4360 2591 4402 certe
2624 4345 2838 4398 facinus
2864 4342 3143 4396 dementia
3191 4355 3299 4391 non
3356 4348 3528 4399 caret,
3567 4352 3675 4405 quo
3736 4338 4000 4388 nimirum

2374 4424 2726 4490 Dcontentio
2772 4447 2879 4484 non
2914 4430 3056 4483 bona
3114 4428 3170 4481 in
3221 4427 3406 4487 rebus,
3462 4438 3582 4492 quas
3626 4438 3733 4474 non
3783 4421 3998 4481 decent,

2446 4535 2752 4579 exercetur.
2794 4523 2996 4591 Majore
3028 4533 3189 4589 porro
3224 4516 3501 4571 dementia
3553 4524 3664 4567 tum
3698 4513 4000 4574 laboratur,

2443 4630 2566 4668 cum
2596 4614 2718 4681 quis
2749 4611 3063 4664 divinarum
3092 4621 3274 4661 rerum
3306 4605 3519 4673 peritis,
3561 4616 3626 4655 ea
3658 4603 3924 4651 duntaxat
3948 4600 4003 4649 in

2444 4704 2682 4759 medium
2717 4699 3093 4760 atl‘erentibus,
3134 4710 3255 4764 quae
3294 4710 3322 4747 a
3370 4694 3574 4763 Spiritu
3624 4701 3813 4744 sancto
3842 4688 3995 4742 didi:

2444 4803 2655 4856 cerunt,
2688 4791 2849 4844 fidem
2890 4804 2998 4842 non
3048 4788 3233 4851 habet,
3272 4784 3369 4839 sed
3416 4782 3664 4852 Opinioni
3711 4780 3781 4833 ab
3843 4780 4003 4848 igno-

2446 4887 2622 4939 rantia
2645 4882 2896 4952 profecta:
2915 4880 3256 4950 pertinacius
3308 4876 3571 4929 intraret:
3609 4883 3775 4939 atque
3815 4871 3892 4923 ita
3948 4872 4002 4923 iu

2448 4974 2770 5046 perditionis
2824 4971 3144 5025 barathrum
3173 4968 3341 5021 fracta
3386 4964 3599 5019 cervice
3641 4975 3884 5031 praeceps
3926 4960 4006 5012 ul-

2448 5082 2531 5123 tro
2558 5065 2916 5136 provolvitur.

3035 5175 3186 5231 CAP.
3224 5172 3408 5228 XLIV.

2520 5271 2939 5340 Quadragesima
2969 5278 3164 5339 quarta
3213 5268 3450 5331 heresis,
3517 5262 3935 5316 Mclitianorum.

2518 5387 2925 5457 Antcsignanus
2953 5385 3149 5437 horum
3213 5382 3427 5437 hit-litus
3472 5378 3577 5433 fuit
3634 5375 3876 5431 civitatis
3903 5374 4001 5443 Ly-

2450 5496 2550 5534 con
2591 5481 2645 5532 iu
2687 5477 2937 5546 Egypto,
2998 5475 3100 5529 sub
3157 5470 3508 5527 Alexandrini
3559 5482 3711 5537 papa
3769 5464 3998 5523 ditioris,

2451 5572 2743 5640 cpiscOpus
2786 5586 2801 5623 :
2855 5570 2928 5621 ita
2979 5579 3179 5629 tamen,
3217 5574 3278 5619 ut
3322 5563 3569 5625 caeteris,
3636 5568 3893 5627 tanquam
3942 5554 4009 5607 ab

2449 5662 2817 5719 Alexandrino
2873 5675 3009 5730 papa
3063 5656 3360 5719 secundus,
3419 5653 3631 5708 anteire
3697 5648 4006 5703 videretur.
