4288 6372
788 296 925 361 1359

2002 298 2048 357 Ν
2065 298 2297 357 ἱΟΕΤίΕ
2332 298 2534 360 CHON
2548 299 2738 359 lAT:E

3881 304 4045 367 1360

755 410 1136 478 episcopatum
1192 405 1258 458 ab
1320 404 1512 458 iisdtm
1566 413 1787 458 evectus
1841 403 2038 471 fuerat,
2090 406 2656 475 quamvisAverant,
2690 406 2783 460 sed
2837 405 3206 475 persccutioui
3262 408 3683 466 succumbe-lites
3730 415 4045 469 sacriﬁca-

754 508 914 553 antea
943 496 1221 567 depositus
1264 494 1473 549 fuisset.

824 590 1058 656 Quidam
1091 589 1239 643 enim
1291 588 1557 642 (Tt-lutlius
1614 588 1853 652 nomine,
1890 588 2168 656 presbyter
2200 589 2326 642 Alc-

755 681 1080 742 xandrinns,
1124 690 1380 748 tanquam
1449 680 1809 743 orthodoxus,
1872 695 1994 732 cum
2053 681 2327 748 plerisque

760 774 961 826 aliisin
988 774 1163 843 prima
1199 770 1542 840 depositione
1571 772 1682 825 Arii
1733 786 1761 823 a
1818 771 1977 825 beato
2021 772 2330 826 Alexandro

755 866 899 918 facta
928 864 1344 930 subscripserat.
1384 861 1576 915 Postea
1611 876 1738 915 vero
1774 861 2148 930 episcopatum
2180 879 2332 917 som‘

756 956 918 1008 nians
961 971 990 1008 a
1026 954 1228 1007 Melitio
1259 953 1562 1022 superioris
1591 953 1771 1021 Cynus
1790 955 2082 1021 episcopus
2112 965 2331 1010 creatus

753 1056 856 1101 est.
890 1027 1128 1098 Tandem
1165 1058 1289 1097 cum
1341 1043 1723 1098 Alexandriam
1780 1045 1971 1097 beatus
2022 1044 2328 1099 Alexander

754 1136 996 1206 ejusdem
1048 1135 1244 1204 pracsul
1305 1135 1569 1204 synodum
1624 1144 2002 1198 convocasset,
2059 1145 2329 1204 praisente

754 1228 1132 1282 sacratissimo
1202 1227 1459 1295 episcopo
1514 1225 1855 1279 Cordubensi
1915 1224 2100 1290 Husio,
2167 1242 2327 1294 quem

757 1328 887 1373 tunc
915 1316 1177 1386 tempofis
1227 1333 1292 1369 eo
1320 1332 1547 1384 magnus
1593 1317 1891 1384 imperator
1936 1316 2328 1372 Constantinus

755 1411 1001 1471 miserat,
1040 1419 1098 1462 ut
1132 1409 1500 1461 Alexandrum
1533 1416 1587 1460 ct
1624 1409 1814 1460 Arium
1869 1410 2010 1463 inter
2039 1424 2097 1463 sc
2147 1410 2327 1463 conci-

756 1503 931 1563 liaret,
960 1501 1243 1569 depositus
1275 1498 1496 1568 quidem
1525 1510 1606 1553 est
1630 1502 1742 1568 ipse
1784 1514 2002 1569 quoque
2032 1500 2325 1568 Colutltus,

756 1603 815 1645 ut
852 1593 944 1661 qui
984 1601 1183 1661 praeter
1207 1606 1443 1644 canones
1472 1606 1501 1642 a
1540 1591 1743 1643 Melitio
1794 1602 2011 1645 creatus
2039 1593 2330 1661 episcopus

755 1685 985 1749 fuisset;
1020 1700 1125 1737 una
1158 1683 1318 1736 etiam
1366 1680 1602 1749 depositi
1637 1690 1764 1734 sunt
1802 1683 1835 1734 ii
1871 1682 1963 1749 qui
1987 1687 2055 1737 ab
2081 1684 2196 1750 ipso
2223 1686 2327 1737 Co-

2438 508 2653 561 verant,
2682 499 2929 552 infestior
2957 515 3077 554 esse
3112 502 3307 569 pergit,
3341 517 3408 556 eo
3443 502 3660 557 tandem
3697 505 4040 562 inhumani-

2439 590 2570 643 tatis
2606 590 2932 658 prolabitur,
2964 602 3023 644 ut
3048 608 3171 645 cum
3224 590 3432 647 Novato
3468 596 3671 648 sentire
3725 612 3783 651 se
3835 598 4040 653 cuivis

2436 682 2787 748 perspicuum
2818 681 3004 736 faciat.
3036 684 3299 749 Quocirca
3331 700 3398 737 ne
3444 687 3605 739 venia
3650 687 3879 755 quidem
3935 691 4035 742 di-

2435 786 2575 837 gnus
2600 774 2807 844 synodo
2844 774 3078 829 Nicaeus:
3106 776 3255 829 visus
3304 786 3410 839 est,
3452 778 3547 846 qui
3587 778 3711 831 talia
3753 779 4035 832 refracta-

2437 863 2553 917 rius
2606 878 2801 933 praeter
2876 865 3171 920 Alexandri
3236 867 3573 922 voluntatem
3648 870 4030 937 designasset,

2438 964 2600 1023 atque
2625 956 3017 1024 discipulorum
3046 973 3269 1011 suorum
3311 960 3745 1029 quamplurimos
3775 964 3828 1015 in
3852 963 4034 1015 Aria-

2440 1060 2630 1098 norum
2689 1046 2920 1100 liairesin
2982 1048 3366 1116 provolvisset,
3433 1052 3526 1120 qui
3569 1052 3836 1120 privatam
3901 1054 4035 1121 ejus

2437 1135 2744 1203 opinionem
2767 1137 2938 1190 secuti
2972 1138 3322 1205 pertinacius,
3345 1150 3399 1193 et
3420 1144 3607 1196 nescio
3630 1160 3749 1210 qtne
3781 1144 4024 1206 lrivola,

2438 1236 2515 1291 ut,
2546 1226 2694 1279 verbi
2721 1226 2911 1296 gratia,
2946 1230 3191 1295 quotidie
3220 1246 3420 1299 corpus
3451 1233 3697 1293 abluere.
3744 1235 4029 1304 hymnos-

2436 1331 2542 1384 que
2573 1333 2696 1371 cum
2727 1334 2984 1371 manuum
3012 1320 3293 1386 plausibus
3322 1331 3377 1375 et
3408 1324 3787 1378 saltationibus
3820 1329 4029 1379 modu-

2435 1405 2531 1458 lari
2566 1409 2862 1462 commenti
2903 1419 3102 1475 essent,
3129 1410 3208 1462 Ex
3233 1414 3434 1478 quibus
3456 1413 3629 1466 cuivis
3658 1418 4025 1482 perspicuum

2437 1498 2514 1561 lit,
2545 1496 2976 1553 miscricordiam
3008 1509 3063 1554 et
3111 1501 3505 1556 humanitatem
3536 1506 3722 1559 multis
3756 1507 3812 1559 in
3849 1509 4030 1563 rel-us

2438 1588 2627 1659 rigori,
2660 1604 2941 1644 summove
2992 1591 3127 1657 juri,
3188 1593 3579 1661 praeferendam
3614 1612 3756 1659 esse,
3794 1584 3849 1650 in
3888 1599 4026 1667 qui-

2439 1680 2541 1730 bus
2597 1682 2899 1746 praesertim
2941 1689 3091 1734 certa
3142 1684 3505 1749 panitudinis
3539 1686 3741 1739 indicia
3775 1703 4024 1742 cernun-

757 1775 915 1829 lutlio
946 1773 1180 1827 instituti
1208 1777 1445 1836 fuerant,
1471 1782 1633 1841 atque
1664 1773 1751 1825 ille
1778 1773 2001 1841 quidem
2029 1775 2095 1827 ad
2150 1776 2330 1843 priva-
2360 1764 2401 1817 Β
2433 1774 2543 1831 iur.
2575 1768 2805 1833 ηιιίετιυθ
2828 1770 2968 1823 ade“
2993 1770 3170 1846 animi
3211 1775 3485 1840 angl'Slia.
3509 1785 3564 1829 ει
3595 1776 3775 1829 cordis
3802 1780 4023 1831 CODlI'i-

758 1876 871 1919 tum
897 1866 1077 1920 locum
1110 1864 1293 1929 rediit,
1322 1864 1396 1916 illi
1441 1879 1571 1916 vero
1594 1862 1659 1915 ad
1710 1865 1882 1917 laicos
1910 1864 2091 1919 denuo
2126 1867 2332 1921 redacti

755 1968 904 2013 sunt.
941 1956 1146 2010 Horum
1184 1971 1213 2009 e
1245 1970 1475 2007 imnacro
1504 1955 1751 2023 lscliyras
1811 1971 1973 2015 unus.
2028 1958 2155 2025 quia
2207 1974 2333 2026 pre-

757 2050 945 2120 sbyter
969 2063 997 2098 a
1020 2046 1253 2100 Colutlio
1299 2044 1585 2098 institutus
1609 2047 1807 2111 fuerat,
1838 2057 1999 2116 atque
2026 2048 2234 2103 idcirco
2265 2050 2331 2104 de

757 2138 927 2207 gradu
987 2137 1255 2205 dejectus,
1293 2134 1511 2187 tandem
1546 2136 1614 2186 ab
1674 2131 1892 2189 Arianis
1941 2135 2007 2189 ad
2049 2137 2333 2206 episcopa-

761 2239 894 2295 tum,
921 2229 1102 2298 utjam
1134 2226 1271 2291 dixi,
1315 2236 1608 2294 provectus
1630 2235 1734 2280 est.

1033 2365 1304 2418 liwrcscos
1349 2364 1692 2429 procedentis
1725 2365 2034 2435 confatalia.

828 2500 988 2555 Nulla
1022 2512 1124 2551 nos
1172 2496 1280 2549 alia
1310 2495 1449 2548 ratio
1483 2494 1673 2558 movit,
1716 2503 1773 2548 ut
1803 2511 1866 2549 ea
1893 2512 2013 2565 qua:
2045 2497 2111 2552 de
2136 2499 2336 2553 Melitio

763 2592 1010 2646 feruntur
1040 2589 1188 2642 hisce
1220 2585 1629 2641 commentariis
1656 2587 2048 2654 insereremus,
2086 2604 2251 2658 quam
2278 2600 2339 2643 ut

762 2684 996 2736 lectores
1030 2684 1445 2748 cognoscerent,
1471 2691 1633 2746 quam
1660 2678 1818 2745 plena
1854 2679 2008 2744 aleae,
2033 2680 2141 2733 imo
2173 2696 2338 2749 supra

769 2772 944 2825 aleam
976 2783 1193 2822 omnem
1245 2783 1334 2821 res
1361 2768 1453 2831 sit,
1484 2767 1527 2820 si
1582 2767 1677 2837 qui
1729 2784 1850 2821 cum
1888 2784 1952 2822 ex
1996 2770 2110 2837 ipsa
2160 2771 2338 2840 pleLe,

764 2870 879 2916 tum
918 2877 1048 2916 vero
1091 2860 1175 2913 vel
1207 2859 1442 2912 maxime
1495 2873 1559 2911 ex
1632 2873 1787 2912 sacro
1840 2858 2339 2917 ecclesiasticarum

764 2955 1028 3024 catalogo,
1062 2951 1263 3022 quibus
1292 2967 1320 3004 a
1369 2951 1479 3004 Deo
1517 2950 1823 3004 animarum
1854 2966 1983 3005 cura
2016 2953 2338 3008 demandata

766 3056 871 3109 est,
914 3045 1221 3115 βγτνρςιεὶιίε
1245 3044 1361 3097 suis
1384 3042 1691 3110 obstreperi
1721 3043 1771 3096 in
1810 3044 2196 3099 scliismaticos'
2217 3054 2337 3098 tan-

770 3139 892 3192 dem
929 3136 1117 3189 nescio
1150 3135 1408 3188 evadant.
1470 3133 1605 3186 Nam
1668 3133 1712 3186 si
1773 3135 2088 3188 sacerdotes
2147 3136 2344 3204 spiritu

768 3228 1040 3297 superbia:
1104 3225 1430 3284 eﬂ‘erantur,
1499 3224 1852 3292 trivialesque
1918 3225 2103 3294 populi
2158 3227 2347 3281 turbas

770 3325 1099 3381 convocem,
1135 3323 1300 3383 atque
1364 3313 1435 3366 ita
1472 3327 1566 3368 ecs
1618 3313 1672 3365 in
1724 3322 1911 3367 mutua
1943 3314 2068 3368 odia
2113 3325 2345 3380 arment,

771 3425 908 3481 quos
929 3410 1120 3463 eadem
1167 3408 1340 3461 divini
1397 3407 1639 3477 Spiritus
1689 3410 1860 3476 gratia
1903 3389 2252 3480 conjungere,
2294 3424 2349 3467 ct

773 3502 825 3555 in
863 3516 1030 3554 unum
1063 3499 1223 3568 quasi
1257 3514 1459 3567 corpus
1498 3499 1875 3568 conglutinare
1900 3500 2183 3564 debuerat,
2217 3504 2348 3557 dum

771 3594 823 3647 in
857 3606 1038 3662 panes
1082 3600 1136 3645 et
1171 3590 1417 3645 membra
1453 3606 1616 3644 unam
1652 3591 1905 3646 Ecclesia:
1932 3608 2243 3664 compagem
2270 3596 2350 3648 di-

771 3685 988 3745 vidunt,
1025 3682 1150 3750 quis
1176 3682 1284 3752 jam
1330 3682 1482 3750 pacis
1511 3682 1653 3750 apud
1680 3684 1944 3751 populum
1979 3700 2156 3753 praeco
2199 3686 2345 3737 futuo

774 3791 870 3829 rus
898 3784 980 3829 est
1017 3776 1038 3823 γ
1074 3782 1130 3827 et
1162 3788 1556 3843 persuasurus,
1593 3784 1651 3827 ut
1699 3776 1923 3842 spiritus
1965 3777 2349 3843 conjunctione

775 3864 1160 3918 coha‘rentiam
1222 3866 1550 3917 annulorum
1605 3863 1891 3917 imitetur?
1950 3864 2084 3917 Nam
2143 3867 2346 3933 qualia,

776 3971 979 4024 qumso,
1020 3963 1146 4009 sunt
1198 3970 1260 4007 ea
1322 3970 1444 4024 quae
1496 3970 1593 4023 per
1637 3954 2014 4019 ambitionem,
2067 3966 2122 4010 et
2170 3957 2349 4026 magni

780 4045 928 4098 illius
957 4043 1250 4096 Alexandri
1298 4044 1507 4106 odium,
1560 4043 1796 4097 Melitius
1856 4053 2199 4099 commentus
2243 4056 2349 4106 est.

779 4151 1015 4204 eumque
1065 4135 1238 4189 secuti
1299 4133 1554 4201 discipuli
1608 4133 2000 4204 designarunt?
2055 4137 2149 4189 Ille
2202 4138 2349 4191 enim

782 4228 912 4280 dum
939 4242 1155 4279 summo
1177 4227 1301 4295 jure
1334 4240 1656 4295 summaque
1698 4226 1908 4279 malitia
1935 4228 2216 4281 severitati
2259 4243 2350 4281 ca-

784 4319 992 4372 nonica:
1017 4318 1139 4385 plus
1164 4332 1323 4385 tequo
1377 4315 1578 4380 studet,
1627 4325 1682 4370 et
1718 4317 1786 4370 iis
1830 4318 1922 4387 qui
1956 4319 2354 4386 persecutionis

786 4419 1030 4479 tempore
1057 4410 1193 4478 lapsi
1228 4418 1408 4473 erant,
1464 4422 1562 4462 nec
1613 4407 1681 4461 ad
1728 4417 2034 4463 extremum
2085 4416 2366 4462 concerta-

2438 1860 2533 1920 tio,
2560 1858 2738 1925 qualis
2772 1859 2825 1912 in
2856 1860 2923 1914 iis
2970 1860 3322 1926 cernebatur,
3371 1880 3510 1932 quos
3563 1867 3837 1919 maximus
3882 1870 4023 1923 Ale-

2435 1950 2640 2004 xander
2697 1952 2762 2004 ad
2817 1952 3082 2006 Mclitium
3126 1954 3447 2019 introduxit,
3502 1958 3697 2027 eisque
3738 1960 3835 2029 qui
3886 1976 4023 2014 cum

2434 2042 2527 2094 illo
2563 2043 2616 2094 in
2650 2042 2880 2096 vinculis
2912 2042 3341 2098 detinebantur:
3402 2061 3470 2099 ne
3522 2047 3670 2101 forte
3722 2051 3766 2103 si
3819 2052 3919 2119 qui
3960 2067 4021 2104 re

2434 2130 2659 2195 inlecta,
2712 2134 2927 2187 dicebat
2999 2134 3110 2198 ille,
3165 2138 3535 2201 remittantur,
3588 2140 3759 2192 nimio
3820 2142 4024 2195 dolore

2435 2225 2844 2289 contabescant,
2872 2241 3038 2295 seque
3069 2226 3123 2280 in
3160 2226 3395 2295 iistqtne
3430 2242 3527 2297 pro
3560 2230 3888 2283 delictorum
3916 2249 4021 2287 ve-

2436 2318 2525 2370 nia
2579 2318 2945 2383 obtestantur,
2996 2320 3265 2387 repulsam
3330 2321 3442 2385 pati
3516 2322 3782 2386 videntes,
3846 2323 4024 2376 Deum

2437 2424 2674 2478 quo-,ue,
2704 2410 2797 2478 qui
2834 2417 2982 2464 totus
3024 2412 3138 2480 ipsa
3171 2412 3544 2465 misericordia
3590 2421 3698 2477 est,
3752 2431 3863 2467 non
3920 2417 4027 2469 mi-

2439 2512 2542 2551 nus
2576 2497 2677 2550 sibi
2712 2498 3196 2552 immisericordem
3246 2500 3574 2569 quandoque
3612 2500 3864 2555 futurum
3912 2519 4023 2573 pu-

2441 2595 2581 2650 tent,
2614 2603 2776 2656 quam
2810 2597 3058 2641 terrenos
3090 2589 3142 2644 in
3175 2588 3281 2643 hoc
3315 2591 3510 2644 saeculo
3542 2594 3857 2644 animarum
3891 2608 4028 2646 Sua-

2440 2696 2560 2733 rum
2614 2681 2858 2735 medicos
2893 2681 3387 2750 conspicerentur:
3445 2693 3502 2737 et
3552 2684 3677 2738 inde
3716 2693 3929 2737 certam
3969 2686 4029 2737 in

2440 2772 2874 2839 desperationem
2927 2773 3186 2840 prolapsi,
3250 2776 3359 2842 jam
3426 2783 3592 2844 caput
3650 2790 3681 2829 e
3743 2776 4026 2843 profundo

2443 2865 2765 2934 perditionis
2796 2878 3049 2917 exserere
3084 2879 3191 2916 non
3224 2865 3455 2933 possint.

2512 2954 2780 3009 Caeterum
2814 2955 2928 3007 lucc
2978 2965 3033 3008 et
3091 2954 3270 3017 nobis,
3301 2964 3358 3007 et
3383 2966 3507 3009 ante
3542 2970 3644 3010 nos
3702 2956 3849 3019 aliis,
3909 2970 4026 3007 non

2369 3084 2413 3145 Ο
2442 3047 2629 3115 procul
2659 3049 2725 3098 ab
2753 3060 2819 3098 co
2851 3047 2994 3113 quod
3030 3060 3116 3098 res
3154 3056 3253 3106 est,
3289 3049 3487 3113 piaque
3521 3046 3799 3100 sententia
3860 3047 4027 3098 aber-

2450 3138 2701 3191 rantibus
2758 3135 3085 3197 innotuisse,
3140 3137 3303 3188 exiis
3340 3152 3459 3204 quze
3512 3138 3580 3189 ab
3628 3138 3938 3189 Alexandro
3971 3144 4027 3190 et

2451 3229 2653 3284 Melitio
2677 3240 2824 3295 gesta
2876 3229 3148 3292 feruntur,
3195 3229 3377 3296 quivis
3416 3228 3575 3281 facile
3620 3228 4022 3296 deprehendat.

2450 3322 2546 3376 Ille
2578 3321 2723 3373 enim
2748 3337 2869 3373 cum
2895 3322 3247 3373 humanitatis
3276 3320 3498 3387 plenum
3549 3319 3617 3372 de
3674 3320 3745 3371 iis
3775 3320 3869 3379 qui
3901 3335 4028 3386 per-

2450 3413 2747 3467 secutionis
2780 3422 3021 3480 tempore
3054 3412 3186 3480 lapsi
3217 3413 3435 3465 fuerant
3462 3410 3755 3465 consilium
3787 3426 4022 3479 sugges-

2450 3504 2630 3563 sisset,
2683 3502 2941 3571 martyrio
2978 3502 3140 3553 vitam
3178 3500 3370 3553 linivit.
3404 3500 3644 3552 Melitius
3699 3515 3855 3561 vero,
3891 3499 4023 3552 dum

2448 3594 2535 3662 jus
2559 3608 2828 3645 summum
2870 3591 3173 3644 studiosius
3205 3590 3576 3659 persequitur,
3606 3589 3660 3641 id
3692 3601 4026 3642 consecutus

2452 3694 2554 3739 est.
2592 3692 2725 3734 utet
2755 3682 2996 3751 martyrii
3046 3696 3247 3735 corona
3280 3678 3565 3742 exciderit,
3601 3688 3657 3732 et
3688 3678 3893 3731 sanctis
3926 3677 4027 3729 Pa-

2456 3774 2630 3825 tribus
2662 3773 2752 3839 qui
2799 3771 3030 3824 Nicaeam
3062 3754 3447 3835 convenerant,
3508 3784 3577 3824 eo
3622 3770 3846 3822 nomine
3896 3783 4029 3821 con-

2453 3865 2741 3916 demnatus
2768 3863 2858 3923 sit,
2894 3862 3019 3929 quia
3049 3876 3295 3913 seorsum
3331 3875 3557 3928 parasyn
3580 3872 3779 3927 igogas,
3810 3858 3915 3909 hoc
3944 3867 4028 3908 est

2453 3954 2641 4008 illicita
2690 3952 3090 4015 conventicula,
3137 3958 3490 4004 convocaret.
3548 3947 3772 4015 Insuper
3812 3948 3907 4015 qui
3956 3945 4026 3998 ab

2454 4047 2570 4114 ipso
2598 4044 2831 4096 instituti
2865 4048 3099 4105 Inerant,
3133 4040 3400 4095 secundas
3437 4040 3505 4093 ab
3540 4041 3607 4093 iis
3660 4040 3859 4101 tulere,
3888 4054 4026 4105 quas

2453 4132 2757 4185 Alexander
2785 4131 3119 4191 instituerat,
3164 4139 3328 4196 anne
3362 4128 3500 4181 adeo
3549 4143 3615 4180 ne
3648 4127 3795 4194 quod
3842 4128 4023 4178 eccle-

2454 4223 2726 4277 siasticum
2794 4237 3002 4282 munus
3076 4228 3409 4273 attentarent
3496 4216 3849 4272 interdictum
3924 4225 4029 4267 est.

2454 4316 2608 4382 Quod
2632 4316 2675 4368 si
2706 4315 2797 4383 qui
2830 4315 3048 4366 illorum
3082 4314 3218 4366 vivis
3250 4312 3599 4372 excederent,
3662 4309 3717 4361 lii
3770 4317 3889 4360 tum
3926 4306 4023 4357 de-

2475 4421 2621 4460 mum
2656 4406 2712 4458 in
2750 4404 3135 4459 defunctorum
3161 4402 3339 4456 locum
3371 4406 3812 4468 surrogarentur.
