4288 6372
269 385 408 450 i365

1503 413 1507 416 η
1547 379 1948 444 THESAUili
1994 384 2142 446 ΗΒ.
2186 390 2249 447 ’ν’.

3381 390 3516 453 1366

337 497 477 554 Cum
526 497 676 553 enim
708 497 928 554 Patrem
984 496 1225 568 perfecte
1264 506 1320 552 et
1348 505 1542 551 esacte
1591 509 1701 550 non
1749 507 1845 547 eo-
1874 492 1920 546 Α
1947 503 2150 548 essent.
2186 496 2287 560 Qui
2318 511 2442 549 cum
2492 497 2612 550 aliis
2662 499 2936 566 episcoliis
2968 499 3021 551 in
3060 498 3345 553 Palatstiul
3381 514 3484 554 con

262 600 514 660 gnoscat,
564 606 628 645 ea
671 591 741 644 de
788 605 953 645 causa
994 605 1096 645 nec
1147 605 1274 644 eum
1338 589 1576 656 perfecte
1617 603 1838 656 quoque

263 681 453 734 videre
489 692 701 749 potest;
743 683 853 735 imo
889 699 955 736 ne
991 697 1148 735 suam
1181 681 1406 750 quidem
1443 681 1618 747 ipsius
1650 696 1838 734 essen-

265 773 418 832 tiam,
454 773 636 840 qualis
667 775 756 835 sit,
793 785 1142 842 perspectam
1173 781 1232 827 et
1260 773 1598 840 exploratam
1651 772 1839 829 habet.

262 878 388 915 etim
420 875 646 931 propter
689 880 789 918 nos
845 864 1022 918 fartus
1064 865 1266 929 fuerit,
1316 873 1373 918 ut
1409 879 1510 917 nos
1559 878 1656 931 per
1689 879 1838 924 eunt,

264 956 420 1022 ινιτιςὶ
448 958 724 1026 quoddam
770 959 1197 1011 instrumentum
1234 966 1450 1010 crearet
1503 955 1682 1017 Dens,
1743 968 1843 1007 nec

274 1059 516 1112 unquam
572 1047 912 1103 substitisset
963 1045 1096 1111 ille,
1142 1046 1249 1101 nisi
1308 1045 1454 1099 Deus
1503 1058 1692 1098 creare
1743 1055 1844 1096 nos

268 1136 555 1192 voluisset.

342 1229 514 1284 Porro
539 1231 795 1298 τρεπτδν,
829 1246 925 1287 seu
994 1232 1285 1286 mutationi
1337 1228 1636 1284 obnoxium
1665 1269 1678 1289 .
1731 1244 1842 1282 non

233 1390 239 1398 _
271 1322 454 1374 minus
487 1337 653 1388 quam
681 1323 987 1378 diabolum.
1037 1322 1336 1383 asserebat,
1385 1321 1588 1390 quippe
1623 1321 1717 1388 qui
1749 1335 1847 1372 na-

271 1422 392 1465 tura
426 1414 714 1466 mutationi
743 1413 980 1467 obnoxia
1013 1422 1250 1477 constet,
1278 1429 1403 1468 cum
1430 1422 1486 1468 et
1519 1413 1759 1482 genitus,
1793 1421 1848 1466 et

272 1506 565 1557 mutationi
592 1509 665 1559 sit
687 1506 980 1560 obnoxius.

276 1643 280 1646 .
343 1592 453 1647 Nec
483 1593 570 1647 his
613 1606 932 1658 contentus,
987 1602 1047 1649 ut
1103 1595 1474 1650 Theodoritus
1508 1603 1700 1648 auctor
1741 1605 1846 1655 est,

271 1683 452 1737 carnis
479 1699 700 1753 quoque
732 1703 762 1740 ι
795 1686 978 1740 Verbo
1015 1697 1311 1756 assumpta:
1349 1686 1669 1756 mysterium
1729 1701 1849 1737 mu-

271 1772 482 1834 tilabat.
522 1789 649 1828 eum
695 1775 912 1830 diceret
955 1791 1160 1844 corpus
1215 1777 1515 1830 inanimmn
1550 1793 1580 1829 a
1614 1776 1849 1830 Domino

1945 588 2229 641 venientes
2259 587 2373 640 Arii
2423 589 2713 657 postulatis
2762 590 3231 671 supseripserunt.
3311 597 3316 601 '

2601 702 2753 758 CAP.
2798 704 2860 757 Υ.

1945 791 2021 845 L‘e
2045 794 2255 847 Ninum:
2293 803 2642 844 trecentorum
2677 781 3059 857 epistoporum,
3093 795 3336 861 auspiciis
3378 791 3521 847 Con-

2015 867 2238 934 stantini
2280 865 2455 927 Muqu
2489 865 2686 930 squo/Io
2720 875 2924 928 coacta,
2963 868 3414 934 controversisque
3460 867 3525 917 de

2020 933 2241 987 Pusc/ur:
2271 935 2401 1001 [esto
2431 937 2711 1003 dogmatis.

2028 1044 2094 1097 At
2149 1044 2344 1096 beatus
2403 1044 2709 1103 Alexander
2748 1045 2862 1098 hzec
2914 1046 3023 1112 jam
3075 1055 3195 1098 tuto
3256 1046 3524 1112 supprimi

1946 1135 2168 1188 silentia
2202 1152 2308 1190 non
2353 1151 2508 1202 pozse
2539 1149 2712 1196 ratu.:,
2744 1137 2809 1189 ad
2844 1137 3276 1198 Antiochenum,
3317 1137 3521 1191 Roma-

1950 1242 2079 1280 nut-n
2121 1237 2170 1279 (-t
2209 1229 2500 1297 pici-osque
2548 1229 2683 1282 alios
2730 1229 2998 1296 praesules
3032 1227 3248 1290 scribit,
3287 1243 3525 1296 quorum

1949 1335 2113 1387 opera
2163 1337 2392 1389 magnus
2439 1323 2528 1373 iiie
2560 1320 2958 1374 Constantinus
2987 1323 3293 1389 imperator
3323 1324 3530 1375 certior

1950 1412 2035 1465 bis
2066 1413 2130 1466 de
2180 1414 2342 1466 rebus
2394 1415 2594 1474 fartus,
2666 1428 2773 1465 non
2813 1413 3168 1466 mediocriter
3199 1412 3389 1466 dolere
3419 1427 3529 1466 cat-

1950 1502 2048 1570 pit,
2101 1517 2168 1555 eo
2209 1506 2511 1570 przesortizn
2559 1503 2805 1562 nomine,
2841 1501 2988 1571 quod
3027 1502 3079 1554 in
3127 1519 3322 1558 recens
3369 1503 3532 1570 jaetis

1953 1592 2076 1646 ﬁdei
2116 1593 2440 1648 Chriszianac
2483 1595 2853 1648 fundamentis
2885 1594 3200 1661 dogmatum
3257 1595 3531 1648 discordia

1953 1686 2156 1739 multos
2209 1687 2278 1739 ab
2329 1686 2693 1755 amplexando
2745 1687 3173 1740 Christianismo
3226 1697 3530 1741 revocaret.

2029 1775 2339 1841 Quinetiam
2411 1793 2535 1832 cum
2590 1778 2770 1831 eidem
2837 1780 3251 1831 renuntiaretur
3315 1779 3535 1833 Pasch;e

270 1875 611 1932 assumptum
635 1903 652 1927 .
701 1867 1163 1936 divinitatcmque
1227 1867 1431 1922 muniis
1490 1867 1661 1920 animi
1719 1883 1848 1935 per-
1883 1833 1924 1894 Β
1959 1866 2154 1922 festum
2191 1885 2220 1923 a
2256 1870 2608 1938 quibusdam.
2646 1871 2755 1923 ritu
2789 1871 2857 1923 ab
2901 1886 2966 1922 ea
3017 1871 3111 1938 qui
3164 1868 3367 1935 passim
3401 1870 3494 1923 ino
3521 1900 3537 1906 -

274 1953 520 2010 functam
553 1972 702 2013 esse.
738 1957 954 2025 Quibus
986 1960 1174 2014 verbis
1195 1959 1470 2035 divinitati
1500 1960 1853 2027 συμπάθειαν

274 2045 455 2110 illam,
511 2063 608 2104 seu
688 2051 995 2106 naturalem
1050 2065 1175 2106 cum
1237 2065 1467 2120 corpore
1521 2065 1851 2106 consensum

272 2135 474 2208 alﬁngit

911 2258 1063 2313 CAP.
1123 2257 1214 2312 lll.

280 2343 356 2397 De
411 2347 613 2417 synodo
672 2347 1038 2403 Alexandrina
1098 2359 1308 2402 centum
1351 2350 1750 2418 episc0porum,
1799 2351 1855 2403 in

343 2433 450 2489 qua
505 2435 626 2471 cum
679 2422 806 2475 Aria
861 2421 1093 2488 quinque
1154 2419 1482 2489 presbyteri.
1538 2421 1857 2487 totidemque

343 2488 554 2545 diaconi
595 2493 838 2561 ﬂaminio
866 2530 881 2553 .
925 2507 1016 2546 seu
1059 2488 1229 2562 gradu
1281 2491 1632 2545 ecclesiastico
1665 2490 1856 2558 dejecti

345 2568 490 2613 stult.

349 2668 476 2724 ilazc
510 2679 566 2724 et
601 2671 914 2742 huiusmodi
948 2671 1172 2726 fuerunt
1202 2673 1403 2742 impuri
1437 2675 1552 2730 Arii
1579 2676 1854 2746 dogmata,

228 2817 232 2820 η
277 2762 482 2825 quibus
514 2763 806 2834 plerosque
839 2765 1044 2821 irretiit
1096 2768 1452 2822 incautiores.
1494 2768 1764 2824 Caeterum
1793 2773 1854 2823 Β.

276 2853 583 2915 Alexander
654 2858 891 2924 primum
973 2858 1198 2928 quidem
1268 2861 1747 2917 cohortationibus
1802 2872 1860 2918 et

276 2945 528 3000 consiliis
564 2946 846 3004 hominem
903 2949 973 3003 ab
1017 2951 1274 3006 instituto
1326 2966 1586 3006 revocare
1623 2964 1859 3008 conatus

275 3044 401 3090 est:
440 3040 533 3093 ubi
593 3051 778 3096 autem
839 3044 1112 3110 comperit
1151 3059 1281 3098 eum
1326 3044 1662 3112 impietatem
1703 3061 1858 3101 suam

277 3127 496 3192 publice
545 3129 814 3197 proﬁteri,
863 3133 1136 3203 synodum
1193 3133 1588 3203 provincialem
1628 3146 1851 3191 centum

277 3233 448 3288 prope
501 3221 890 3291 episcoporum
947 3224 1166 3292 coegit:
1229 3223 1283 3278 in
1329 3239 1437 3292 qua
1482 3241 1593 3280 non
1660 3228 1852 3281 Arium

278 3312 482 3376 solum,
539 3315 636 3370 sed
675 3316 910 3370 Arianos
943 3330 1164 3385 quoque
1213 3315 1507 3381 Achillem,
1553 3317 1854 3384 Ethalem,

275 3404 606 3475 Carponem.
643 3409 832 3462 Arium
879 3408 1138 3472 alterum,
1178 3406 1508 3473 Sarmatam,
1563 3409 1856 3478 Euzoium,
1919 3428 1922 3431 '

279 3499 534 3568 Lucium,
573 3500 792 3570 lenan,
843 3501 1180 3568 Helladium,
1225 3513 1284 3559 et
1326 3503 1518 3558 Caium
1571 3503 1639 3564 de
1683 3505 1857 3574 gradu

278 3596 501 3662 deiecit.

350 3688 427 3743 Es
463 3689 660 3744 horum
694 3705 862 3760 porro
893 3706 1127 3747 numero
1159 3691 1465 3763 presbyteri
1512 3704 1693 3757 erant,
1747 3711 1855 3750 non

280 3781 395 3848 ipse
425 3781 692 3838 duntaxat
724 3783 908 3847 Arius,
943 3784 1040 3839 sed
1065 3785 1229 3839 etiam
1267 3785 1568 3846 zEthales.-
1595 3787 1854 3851 Achilles,

280 3874 518 3944 Carpon,
553 3875 854 3943 Sarmatas,
889 3887 946 3934 et
996 3880 1161 3934 Arius
1203 3878 1364 3934 alter.
1415 3877 1614 3934 (Ξένιοιί
1668 3890 1853 3936 autem

278 3978 472 4023 omnes
499 3969 738 4025 diaconi.

930 4087 1083 4144 CAP.
1115 4087 1202 4145 IV.

282 4175 355 4232 De
379 4177 700 4234 Arianorum
723 4180 1067 4250 ducentorum
1091 4184 1453 4250 episcoporum
1480 4182 1863 4237 Nicomedicusi

419 4261 606 4305 contra
640 4249 954 4308 orthodoxa}
979 4249 1349 4307 homousianos
1383 4255 1717 4325 antisyuodo.

351 4365 1082 4425 Verumenimvero-Arius
1148 4385 1271 4439 qua
1352 4369 1649 4428 subsecuta
1732 4383 1863 4428 sunt

280 4461 495 4522 omnia,
554 4477 617 4514 ea
681 4461 903 4529 scripsit
955 4461 1022 4514 sd
1091 4462 1410 4524 Eusebium,
1469 4465 1562 4533 qui
1624 4466 1864 4534 primum

282 4551 485 4623 Beryti.
533 4553 731 4606 deinde
778 4553 1132 4619 Nicomediae,
1165 4571 1288 4625 quae
1328 4556 1382 4610 in
1439 4556 1695 4627 Bithynia
1741 4571 1863 4625 est,
1901 4555 1943 4610 ο

198 4645 201 4647 ’
280 4645 594 4714 episcopus,
635 4645 761 4699 inde
793 4645 1308 4718 Constantinopolin
1341 4650 1638 4705 translatus
1665 4650 1866 4708 fuerat.

354 4734 556 4790 Coacta
599 4739 770 4804 'porro
812 4734 1147 4792 Nicomediae
1186 4739 1435 4809 synodo,
1486 4757 1612 4796 cum
1645 4741 1869 4799 ducenti

280 4830 676 4898 quinquaginta
716 4830 961 4898 episcopi
1001 4845 1068 4888 eo
1098 4831 1487 4887 convenissent
1513 4872 1530 4896 ,
1597 4835 1872 4891 universis

279 4917 556 4985 episcopis
581 4919 822 4988 scripsit,
853 4929 913 4974 ut
936 4934 1062 4974 eum
1096 4921 1228 4974 Ario
1261 4928 1520 4990 tanquam
1558 4925 1870 4981 orthodoxo

282 5011 755 5064 communicarent
785 5029 797 5064 :
827 5025 968 5082 quos
1015 5019 1222 5075 tamen,
1271 5011 1325 5065 id
1375 5021 1436 5066 ut
1481 5010 1746 5080 facerent,
1773 5018 1874 5072 ad.

280 5102 484 5156 ducere
515 5117 624 5156 non
659 5103 858 5172 potuit.

351 5192 628 5251 Ceterum
669 5209 796 5249 cum
861 5195 1161 5250 Eusebiani
1219 5198 1527 5264 instarent,
1581 5200 1870 5271 accitoque

284 5283 434 5347 Ario,
451 5291 508 5338 et
532 5285 1011 5342 excommunicato
1026 5286 1339 5343 Alexandro
1356 5289 1706 5346 Alexandria:
1737 5308 1872 5362 pon-

284 5376 454 5442 tiﬁce,
486 5377 765 5433 homousii
810 5379 1047 5435 heresin
1093 5380 1431 5436 anathemati
1480 5381 1870 5453 subjecissent,

287 5469 377 5524 hic
408 5471 656 5526 animum
700 5473 978 5543 recipiens
1016 5473 1182 5531 Arius
1217 5475 1430 5545 legatos
1463 5475 1532 5530 ad
1580 5475 1872 5531 Paulinum

285 5561 437 5634 Tyri,
473 5581 576 5621 nec
594 5581 703 5621 non
722 5566 1021 5622 Eusebium
1047 5567 1332 5634 ϐαίνετε,
1352 5583 1476 5640 qua
1507 5570 1561 5624 in
1587 5569 1875 5626 Palaestina

283 5666 391 5721 est,
431 5656 815 5729 Patrophi-lum
863 5660 1266 5732 Scythopoleos
1301 5661 1594 5732 episcopos
1629 5663 1818 5725 mittit,
1849 5681 1876 5716 ει

287 5749 492 5816 quibus
536 5753 760 5822 petebat
811 5763 872 5805 ut
901 5753 1006 5806 sibi
1060 5753 1286 5823 suisque
1318 5753 1617 5809 conciones
1648 5755 1716 5809 ad
1777 5771 1875 5824 po-

282 5841 480 5911 pulum
512 5843 715 5902 habere
747 5850 1170 5911 conccderetur,
1212 5855 1404 5918 utpote
1435 5848 1528 5918 qui
1562 5849 1873 5921 presbyteri

1957 1958 2163 2014 leverat
2195 1961 2438 2023 diverso,
2493 1962 2796 2025 celebrari,
2833 1961 2940 2015 diei
2974 1977 3081 2015 non
3133 1969 3331 2029 potest,
3374 1976 3537 2031 quam

1957 2053 2198 2122 graviter
2244 2054 2296 2106 id
2347 2055 2688 2122 molesteque
2739 2053 2929 2107 ferret.
3500 2114 3502 2116 τ

2028 2145 2299 2208 Quocirca
2349 2148 2786 2200 sacratissimum
2868 2145 3141 2200 Corduba:
3210 2145 3534 2214 episcopum

1960 2235 2204 2299 liosiunt,
2258 2238 2437 2291 virum
2499 2238 2603 2291 ﬁde
2663 2237 3019 2307 moribusque
3071 2236 3539 2308 probatissimum.
3612 2231 3615 2234 ’

1959 2331 2051 2400 qui
2091 2339 2248 2383 antea
2281 2331 2353 2384 iis
2404 2331 2762 2392 inclaruerat,
2800 2347 2922 2400 quc
2977 2345 3144 2399 super
3180 2339 3543 2384 controverso

1959 2426 2209 2493 dogmate
2263 2423 2549 2493 professus
2595 2422 2798 2487 fuerat,
2851 2439 3027 2493 eaque
3058 2424 3124 2478 de
3161 2440 3326 2478 causa
3391 2425 3543 2476 illum

1957 2525 2012 2569 et
2046 2515 2428 2569 benevolentia
2469 2525 2521 2568 et
2554 2514 2763 2567 honore
2801 2514 3265 2583 prosequebatur,
3308 2513 3541 2569 Alexan—

1958 2607 2132 2662 driam
2176 2608 2413 2677 ablegat,
2469 2617 2528 2660 ut
2566 2623 2662 2661 eos
2696 2607 3035 2671 reconciliet,
3088 2609 3180 2676 qui
3217 2607 3544 2661 seditionem

1962 2701 2035 2754 ibi
2064 2715 2231 2768 super
2277 2700 2532 2767 dogmate
2564 2699 2955 2764 concitabant,
3006 2708 3170 2767 atque
3205 2699 3328 2752 illos
3355 2699 3545 2763 etiam,

1965 2792 2059 2861 qui
2109 2792 2166 2846 in
2215 2792 2443 2846 Oriente
2494 2792 2561 2846 de
2617 2791 2836 2844 Pascha:
2878 2789 3018 2844 festo
3080 2789 3548 2859 digladiabantur.

1963 2883 2065 2949 Qui
2112 2899 2236 2938 cum
2285 2900 2342 2938 re
2400 2883 2600 2938 infecta
2650 2882 2930 2948 rediisset,
2981 2882 3208 2953 publico
3267 2897 3551 2951 program-

1962 2986 2106 3032 mate
2155 2976 2453 3046 imperator
2478 2977 2672 3040 edixit,
2717 2986 2774 3030 ut
2820 2992 3012 3030 omnes
3035 2975 3278 3046 episc0pi
3310 2975 3548 3030 Nicaeam

1961 3069 2232 3140 Bithynia:
2286 3070 2638 3138 metrOpolim
2675 3069 3062 3124 convenirent.

2031 3163 2314 3234 Quotquot
2346 3164 2533 3232 itaque
2564 3163 2668 3218 sub
2707 3163 2957 3217 llomano
2992 3162 3264 3232 degebant
3299 3160 3551 3232 imperio,

1972 3255 2236 3310 nimirum
2309 3257 2545 3310 trecenti
2621 3255 2932 3310 octodecim
2994 3266 3376 3309 convenerunt
3434 3255 3552 3324 epi-

1969 3350 2144 3418 swpi,
2185 3349 2424 3418 demptis
2457 3348 2542 3407 iis.
2605 3364 2743 3417 quos
2779 3347 2864 3402 vel
2914 3347 3141 3401 morbus
3173 3350 3255 3402 vel
3291 3358 3422 3400 tutas
3470 3351 3556 3399 in-

1967 3456 2290 3512 gravescens
2342 3440 2488 3494 domi
2552 3441 2856 3495 detinebat.
2916 3438 3052 3493 Cum
3105 3441 3254 3494 enim
3305 3438 3551 3492 nondum

1966 3533 2280 3587 civitatibus
2309 3532 2568 3586 omnibus
2621 3532 2738 3587 suis
2797 3530 3083 3601 obtigisset
3118 3530 3433 3600 episcopus,
3485 3543 3551 3581 eo

1967 3624 2171 3679 factum
2204 3634 2311 3688 est,
2333 3636 2391 3679 ut
2423 3624 2612 3694 plures
2643 3624 2694 3678 id
2731 3624 2994 3692 temporis
3020 3637 3128 3675 non
3164 3621 3549 3675 convenerint.

1966 3714 2384 3769 Provinciarum
2424 3716 2572 3770 enim
2609 3717 2731 3769 alia:
2768 3716 2862 3768 uni
2904 3725 3116 3768 tantum
3153 3713 3441 3782 parebant,
3493 3724 3552 3765 ut

1968 3804 2213 3876 Scythia,
2237 3821 2332 3859 seu
2370 3807 2559 3867 llosia,
2592 3807 2643 3859 in
2680 3806 3010 3860 hodiernum
3035 3820 3207 3874 usque.
3231 3804 3398 3865 diem,
3435 3803 3553 3856 alia:

1967 3899 2106 3952 duas
2137 3898 2324 3952 autad
2374 3913 2648 3952 summum
2686 3909 2799 3952 tres
2839 3897 3138 3958 habebant,
3178 3906 3236 3951 ut
3267 3895 3530 3950 Dalmatia

1968 3991 2280 4046 Pesteriore
2321 4006 2454 4044 vero
2485 4002 2734 4059 tempore
2769 3991 3047 4060 plerisque
3085 4005 3192 4043 non
3235 3987 3555 4043 civitatibus

1971 4093 2218 4150 tantum,
2283 4083 2378 4140 sed
2435 4083 2603 4139 etiam
2660 4083 2880 4154 oppidis
2946 4083 3030 4137 sui
3095 4083 3214 4137 dati
3270 4091 3400 4138 sunt
3440 4083 3557 4152 epi-

1970 4175 2141 4246 scopi.

2615 4269 2768 4324 CAP.
2829 4270 2918 4324 Vl.

2158 4361 2366 4436 Synodo
2404 4362 2640 4417 Nicrin
2674 4363 2894 4436 quinam
2938 4362 3270 4436 profuerint,
3298 4371 3387 4414 aut

2294 4444 2705 4489 conuocaturum
2743 4436 2849 4486 rice
2879 4434 3244 4503 iuterfueriut.

2043 4549 2162 4605 lam
2193 4563 2327 4604 vero
2356 4549 2447 4602 his
2476 4547 2569 4618 qui
2601 4547 2666 4601 ad
2701 4547 3000 4602 concilium
3033 4553 3411 4602 convenerant
3433 4560 3570 4615 prae-

1980 4641 2136 4698 fuere
2176 4659 2189 4695 :
2224 4641 2495 4695 Macarius
2531 4638 3076 4709 Hierosolymorum,
3132 4647 3186 4692 et
3245 4636 3570 4691 Eustathius

1981 4736 2450 4792 Antiochenorum
2498 4724 2810 4802 pontifices,
2847 4747 3088 4802 quorum
3122 4731 3210 4785 hic
3237 4730 3399 4800 paulo
3423 4739 3570 4789 ante,

1983 4829 2259 4887 communi
2297 4842 2490 4881 eorum
2542 4828 2636 4893 qui
2683 4834 3063 4881 convenerant
3109 4824 3325 4880 calculo
3372 4823 3576 4893 dignus

1982 4922 2286 4992 apostolica
2336 4918 2466 4973 sede
2522 4918 2748 4972 habitus
2799 4917 3020 4980 luerat,
3079 4924 3246 4985 atque
3295 4915 3502 4970 idcirco
3545 4930 3574 4967 e

1984 5014 2218 5069 finitima
2275 5010 2496 5065 Berraea
2549 5009 2902 5065 Antiochiam
2943 5020 3230 5064 evocatus.
3291 5006 3575 5077 Siquidém

1985 5118 2110 5181 post
2144 5108 2442 5167 Domuum,
2483 5105 2579 5174 qui
2610 5104 2780 5159 Paulo
2815 5103 3178 5159 Samosateno
3209 5114 3573 5157 successerat.

1985 5199 2343 5256 Antiochenre
2402 5197 2664 5252 Ecclesia:
2713 5195 3011 5267 praefuerat
3064 5194 3308 5250 Timeus
3374 5191 3576 5248 deinde

1984 5295 2226 5367 Cyrillus
2259 5309 2272 5344 :
2309 5302 2425 5344 tum
2466 5289 2686 5353 Vitalis,
2741 5290 2830 5344 cui
2887 5288 3249 5359 Philogonius
3288 5289 3576 5346 successit,

1987 5402 2152 5458 quem
2194 5385 2462 5440 Paulinus
2508 5384 2841 5453 subsecutus
2888 5392 2996 5447 est,
3040 5393 3097 5438 et
3141 5381 3431 5435 Paulinum
3471 5381 3580 5433 Bo-

1989 5493 2186 5535 manus
2226 5477 2272 5531 is
2318 5477 2416 5545 qui
2453 5475 2896 5544 comprehensus
2929 5490 3056 5529 cum
3091 5488 3190 5544 pro
3217 5470 3423 5528 Christi
3461 5473 3583 5528 reli-

1990 5571 2152 5643 gione
2206 5566 2414 5622 tuenda
2459 5566 2730 5636 martyrio
2788 5567 2960 5621 vitam
2999 5564 3247 5629 ﬁnisset,
3284 5561 3582 5619 Antiochia

1990 5663 2253 5733 episcopo
2303 5660 2470 5720 Vidua
2512 5659 2706 5715 relicta
2749 5670 2854 5721 est,
2890 5659 3020 5730 quia
3069 5659 3360 5720 nimirum,
3397 5665 3456 5710 ut
3488 5671 3583 5725 par

1993 5766 2112 5813 est.
2169 5768 2265 5821 per
2321 5764 2688 5821 tyrannorum
2720 5752 3140 5823 persecutiones
3193 5749 3583 5820 epise0poruut

1994 5847 2194 5904 CiL'vliO
2236 5845 2411 5900 libera
2458 5860 2564 5898 non
2596 5856 2765 5902 esset.
