4288 6372
843 341 982 404 1367

2062 363 2109 422 N
2125 364 2361 424 lCET/E
2403 365 2807 429 CIIONIATE

3933 378 4085 442 1368

913 464 965 515 Id
997 481 1129 535 ergo
1154 468 1413 535 temporis
1439 468 1785 527 Antiochiam
1812 476 2033 545 quidem
2059 478 2403 543 Eustathius.
2432 482 2477 537 A
2507 493 2630 548 qua!
2662 481 2716 537 in
2749 482 3035 539 Palaestina
3083 495 3187 550 est,
3228 486 3543 543 Narcissum
3569 488 3921 553 Neroniadis,
3953 508 4085 561 quas

839 556 1225 611 Alexandriam
1274 575 1404 616 vero
1439 564 1749 621 Alexander
1801 569 2219 636 moderabatur,
2275 587 2401 625 cum

834 661 947 715 quo
996 647 1419 706 familiarissime
1473 655 1693 711 vivebat
1746 674 1974 729 magnus
2024 662 2113 716 ille
2160 662 2403 717 Athana-

834 739 972 801 sius,
996 738 1465 813 diaconorumque
1492 747 1664 803 choro
1695 761 1945 818 prmerat.

906 828 1176 885 Caeterum
1210 835 1336 889 Julii
1372 838 1741 894 Romanorum
1766 843 2041 911 pontiﬁcis
2064 844 2175 913 jam
2202 846 2397 901 decre-

835 922 933 986 ptti
986 920 1109 975 loco
1141 923 1293 977 Biton
1342 934 1397 979 et
1449 929 1769 985 Vincentius
1799 933 2100 1004 presbyteri
2149 935 2398 989 aderant.

836 1009 1207 1068 'l‘hcodoritus
1259 1015 1598 1086 Sylvestrum
1650 1021 1703 1074 in
1741 1023 1878 1078 vivis
1922 1026 2089 1078 etiam
2137 1035 2251 1080 tum
2310 1042 2402 1080 su-

834 1103 1098 1169 perfuisse
1122 1115 1314 1160 auctor
1346 1119 1448 1163 est.
1488 1112 1759 1169 Eusebius
1797 1123 1979 1169 autem
2030 1116 2301 1185 Pamphili
2330 1119 2398 1172 li-

835 1191 933 1243 bro
981 1195 1145 1249 tertio
1181 1196 1254 1249 De
1300 1198 1404 1252 vita
1454 1199 1788 1258 Constantini
1841 1207 2198 1274 imperatoris,
2249 1208 2397 1263 Con-

829 1287 1381 1354 stantinopolitauum
1443 1291 1669 1360 quidem
1742 1295 2052 1362 pontificem
2106 1314 2136 1351 a
2190 1299 2398 1369 synodo

831 1369 1072 1424 abfuisse
1106 1372 1321 1435 scribit,
1372 1385 1598 1444 propter
1650 1380 1888 1441 senium.
1929 1390 1984 1434 at
2035 1396 2232 1436 nomen
2279 1384 2397 1452 ejus

828 1462 1143 1529 supprimit,
1195 1466 1355 1532 cujus
1405 1468 1527 1521 loco
1561 1469 1863 1539 presbyteri
1898 1472 2120 1540 quidam
2175 1487 2395 1543 compa~

831 1554 1063 1605 ruerint.
1097 1555 1166 1609 At
1216 1571 1343 1610 vero
1387 1574 1454 1612 ex
1506 1562 1702 1629 synodi
1748 1564 1900 1617 Actis
1935 1577 2154 1621 constat
2189 1566 2393 1621 Metro-

828 1644 1060 1709 phancm
1088 1644 1641 1720 Constantinopoleos
1676 1657 1728 1708 id
1767 1661 2031 1727 temporis
2074 1661 2390 1731 episcopum

826 1737 1016 1800 l'u?sse,
1064 1739 1154 1806 qui
1189 1740 1524 1811 decrepitam
1562 1747 1631 1799 ob
1658 1755 1873 1803 aetatem
1915 1751 1969 1804 in
2000 1753 2211 1822 synodo
2262 1770 2391 1808 con-

825 1829 1004 1884 sidere
1035 1848 1143 1885 non
1170 1835 1430 1900 potuerit,
1461 1839 1617 1907 cujus
1653 1849 1831 1895 tamen
1877 1843 2053 1898 viceni
2081 1844 2392 1901 Alexander

825 1921 1162 1989 suppleverit
1194 1927 1503 1998 presbyter,
1560 1932 1719 2002 cujus
1756 1949 1923 2003 opera
1980 1946 2036 1990 et
2083 1938 2389 1993 ministerio

823 2012 1094 2081 synodica:
1116 2007 1314 2072 litterie
1333 2019 1389 2073 in
1412 2021 1630 2092 Europa
1665 2028 2201 2082 trausmittebautur.

1453 2155 1603 2212 CAP.
1634 2159 1746 2214 VII.

926 2262 1005 2315 De
1021 2265 1193 2333 prima
1218 2266 1444 2322 Nican
1466 2275 1650 2340 synodi
1678 2277 1925 2330 sessione.
1958 2276 2203 2342 Quanam
2221 2281 2283 2333 de

1330 2354 1489 2395 causa
1523 2358 1832 2398 convenerit:
1842 2356 1879 2398 ι.

891 2471 1172 2540 Quotquot
1228 2472 1411 2543 itaque
1462 2477 1515 2529 in
1571 2478 1894 2547 praefinitam
1961 2482 2237 2538 civitatem
2294 2484 2386 2538 Ni-

822 2576 986 2615 caeam
1032 2576 1429 2629 convenerunt,
1463 2566 1516 2619 in
1549 2570 2031 2637 consultationem,
2064 2582 2119 2627 ut
2149 2590 2246 2644 par
2277 2585 2382 2637 est,

819 2653 1202 2719 adduxerunt,
1249 2674 1485 2727 quanam
1523 2661 1740 2715 tandem
1784 2664 1854 2718 de
1886 2680 2050 2720 causa
2082 2677 2387 2721 conventus

819 2746 1130 2814 hujusmodi
1162 2759 1470 2818 cogeretur.
1512 2754 1688 2822 Atque
1717 2754 2009 2810 Eusebius
2040 2758 2283 2827 quidem,
2320 2759 2388 2813 li-

823 2837 923 2887 hro
960 2836 1037 2888 De
1067 2836 1401 2893 Constantini
1452 2845 1560 2895 vita
1598 2848 1794 2909 tertio,
1841 2861 1899 2901 se
1931 2848 2167 2914 primum
2221 2852 2384 2905 verba

822 2927 877 2979 in
910 2927 1117 2995 synodo
1167 2930 1361 2985 fecisse
1402 2940 1652 2990 testatur.
1706 2936 1762 2991 Si
1814 2948 1995 2993 tamen
2048 2940 2385 2997 Tlieodorito

816 3020 1116 3085 credimus,
1156 3022 1479 3080 Eustathius
1526 3029 1901 3084 Antiocheuus
1931 3033 2223 3103 episcopus
2272 3037 2387 3105 pri-

2506 572 2560 625 in
2612 572 2802 628 Cilicia
2836 584 2942 638 est,
2976 576 3252 648 hodieque
3309 580 3612 648 lrenopolis
3644 581 3871 645 dicitur,
3928 582 4084 636 Pau-

2503 662 2671 717 linum
2705 665 2853 735 Tyri,
2887 665 3312 736 Menophantum
3350 671 3577 739 Ephesi.
3606 670 3919 726 Secundum
3947 672 4088 725 Pto-

2501 753 2770 818 lemaidis,
2804 772 2926 825 quae
2950 757 3243 829 :Egyptum
3277 761 3512 831 attingit,
3544 772 3601 816 et
3630 762 3897 816 Theonan
3936 762 4074 814 Mar.

2501 846 2739 901 maricze.
2771 847 3012 912 Quorum
3067 865 3191 903 cum
3246 851 3583 920 deprehensa
3631 853 3825 909 fuisset
3860 854 4082 921 impro-

2501 934 2663 999 bitas,
2702 946 2831 991 tunc
2881 938 2959 991 illi
3009 939 3114 993 sibi
3157 941 3228 994 ab
3282 941 3660 1012 indignatione
3710 944 3903 1016 synodi
3958 960 4085 998 me-

2502 1035 2719 1082 tuentes
2798 1028 2949 1083 aliud
3032 1031 3348 1099 impostura:
3428 1050 3603 1103 genus
3669 1039 4083 1104 excogitarunt.

2500 1116 2695 1171 Serum
2783 1120 2930 1174 enim
2987 1130 3308 1189 reputantes
3373 1121 3491 1177 fore
3580 1133 3641 1177 ut
3685 1124 4087 1178 ecclesiasticis

2498 1210 2861 1265 conventibus
2925 1210 3083 1279 cjecti
3156 1210 3393 1267 infamiae
3447 1220 3634 1266 notam
3705 1214 4086 1269 incurrerent.

2498 1314 2602 1354 nec
2650 1301 2794 1354 ultus
2854 1302 3085 1371 posthac
3134 1303 3235 1357 sibi
3299 1303 3370 1357 ob
3436 1304 3775 1372 impietatem
3848 1304 4088 1372 dcjcctis

2496 1391 2914 1456 adhaeresceret,
2965 1394 3172 1449 idcirco
3224 1410 3352 1449 cum
3395 1395 3701 1452 Catholicis
3757 1413 3816 1451 se
3866 1398 4084 1451 sentire

2496 1483 2796 1547 finxerunt,
2836 1501 3138 1554 omnesque
3169 1496 3370 1556 praeter
3416 1487 3697 1542 Theonam
3736 1498 3793 1543 et
3851 1487 4079 1544 Secun-

2494 1572 2623 1627 dum
2660 1574 2993 1629 confessioni
3032 1575 3157 1631 fidei
3193 1578 3665 1647 subscripserunt.

2561 1665 2683 1721 Jam
2720 1667 3113 1732 Theodoritus,
3170 1682 3373 1736 paucos
3429 1662 3602 1723 fuisse
3655 1666 3939 1737 praefatus,
3979 1666 4081 1736 qui

2496 1758 2627 1812 Ario
2676 1757 3031 1823 adhaeserint,
3086 1759 3446 1828 omniumque
3498 1759 3819 1814 nominibus
3846 1774 4077 1829 expres-

2493 1852 2591 1912 sis,
2633 1851 2700 1904 iis
2732 1850 2828 1920 qui
2877 1851 2985 1920 jam
3026 1865 3056 1903 a
3118 1850 3412 1906 Theodoro
3455 1851 3876 1906 commemorati
3922 1859 4080 1913 sunt,

2491 1955 2725 2011 quatuor
2771 1943 2928 2005 alios,
2977 1943 3326 1997 Theodorum
3375 1943 3682 2007 Laodiceae,
3712 1944 4083 1998 Athanasium

2491 2034 2777 2096 Auazarbi,
2836 2035 3158 2105 Gregorium
3224 2035 3443 2106 Beryti,
3491 2047 3547 2091 et
3599 2037 3821 2092 Actium
3873 2036 4083 2105 Lymes

2490 2139 2585 2178 seu
2620 2125 2910 2193 Diopoleos
2963 2125 3169 2195 adjicit,
3219 2126 3420 2181 deinde
3470 2129 3751 2183 recentius
3804 2128 4076 2197 quiddam

2489 2225 2687 2285 praeter
2720 2226 2948 2270 caeteros
2977 2229 3165 2271 omnes
3199 2217 3285 2271 his
3320 2218 3502 2271 verbis
3525 2219 3773 2288 adjuugit
3802 2236 3814 2270 :
3857 2216 3921 2270 l-li
3944 2232 4078 2286 ergo

2490 2307 2803 2377 apostolicis
2831 2308 3278 2363 contradicentes
3328 2308 3623 2378 dogmatis,
3677 2309 4076 2374 diversamque

2490 2399 2651 2453 fidem
2707 2398 2960 2468 professi,
3001 2398 3302 2454 Catholicis
3340 2416 3459 2455 eam
3510 2400 3857 2463 obtulerunt,
3905 2416 4074 2468 quam

2488 2491 2785 2560 perlectam
2818 2492 3027 2553 cuncti,
3087 2500 3145 2545 ut
3176 2492 3419 2560 spuriam
3454 2502 3511 2546 et
3538 2493 3905 2546 adulterinam
3938 2506 4075 2544 con—

2488 2584 2791 2638 sciderunt.
2826 2583 3030 2637 Exorto
3064 2593 3252 2637 autem
3287 2584 3549 2648 tumultu,
3599 2584 3885 2654 perterriti
3945 2599 4074 2637 sur-

2488 2685 2795 2740 rexerunt,
2855 2673 3133 2745 primique
3193 2676 3441 2728 omnium
3500 2675 3634 2730 Ario
3700 2675 4070 2731 abrenuntia-

2488 2776 2637 2831 runt,
2675 2774 2871 2834 praeter
2910 2766 3223 2821 Secundum
3252 2777 3309 2821 et
3340 2765 3641 2827 Theonam.

2556 2857 2851 2922 Cteterum,
2892 2869 2951 2911 ut
2989 2856 3392 2925 Philostorgius
3436 2859 3616 2927 primo
3667 2858 3919 2911 Historiae
3954 2872 4070 2911 suae

2487 2951 2631 3004 libro
2666 2960 2858 3004 auctor
2892 2961 2995 3013 est,
3024 2950 3095 3004 ab
3124 2950 3255 3005 Ario
3281 2959 3555 3019 steterunt
3582 2952 3659 3009 hi.
3687 2965 3926 3019 quorum
3962 2966 4068 3001 no-

2489 3043 2635 3095 mina
2665 3042 3098 3111 subsequuntur,
3124 3042 3393 3110 episcopi.
3424 3042 3502 3096 Ex
3531 3043 3814 3110 superiore
3836 3040 4066 3109 quidem

814 3126 938 3164 mus
992 3116 1367 3170 encomiorum
1439 3120 1681 3174 flosculis
1749 3123 2164 3190 imperatorium
2219 3135 2454 3196 caputc
2487 3133 2656 3203 Libya
2697 3133 2991 3188 Sentianus
3030 3133 3226 3191 Borzei.
3296 3133 3536 3188 Dachius
3588 3132 3903 3195 Beronices,
3956 3129 4061 3184 Se-

813 3201 1110 3258 redimivit.
1141 3205 1212 3261 Ut
1245 3218 1424 3261 autem
1456 3210 1780 3268 Theodorus
1806 3216 2216 3284 Mapsuestiaaus
2243 3219 2381 3273 scri—

811 3290 913 3353 bit,
984 3292 1291 3349 Alexandro
1344 3297 1713 3355 Alexandrino
1769 3303 2020 3367 Pontiﬁci
2070 3306 2123 3359 id
2154 3303 2379 3361 honoris

2481 3225 2695 3279 omdus
2734 3225 3197 3288 Theuchirorum,
3227 3224 3485 3295 Zopyrus
3522 3225 3738 3283 Barces,
3769 3222 4066 3278 Secundus

2479 3318 2619 3371 alius
2653 3316 3021 3378 Ptolemaidis,
3082 3315 3272 3371 Theon
3318 3316 3671 3369 Marmaricae.
3724 3315 3799 3369 Ex
3853 3313 4063 3366 Thebis

811 3380 957 3434 ultro
1008 3383 1247 3438 delatum
1296 3397 1417 3445 est.
1488 3391 1692 3461 quippe
1743 3396 1834 3463 qui
1876 3398 2068 3467 synodi
2121 3399 2380 3469 cogendae
2477 3407 2747 3480 (Egyptiis
2778 3406 3035 3461 Mclitius.
3085 3407 3160 3460 Ex
3210 3407 3496 3460 Palzestina
3535 3405 3883 3473 Palrophilus
3930 3403 4038 3470 Sey

811 3474 923 3525 dux
956 3484 1009 3528 et
1038 3485 1229 3529 auctor
1253 3479 1571 3535 exstitisset.
1610 3483 1765 3538 Hunc
1796 3486 1850 3539 in
1879 3488 2070 3559 synodi
2114 3505 2376 3545 consessu

809 3564 991 3617 omnia
1025 3575 1083 3617 ut
1124 3581 1182 3619 se
1236 3567 1512 3623 habebant
1550 3572 1743 3627 ordine
1800 3592 2052 3633 narrasse
2107 3580 2374 3649 subjicit:

809 3654 1106 3723 multisque
1133 3656 1269 3710 adeo
1305 3661 1653 3717 sermonibus
1687 3665 1831 3719 ultro
1861 3668 2111 3739 citroque
2154 3671 2374 3738 habitis,

807 3745 1093 3811 episcopos
1125 3746 1267 3799 inter
1294 3762 1352 3801 se
1374 3763 1566 3805 omnes
1600 3755 1949 3821 convenisse,
1989 3768 2152 3827 atque
2180 3764 2377 3827 ὁμοθὺ-

809 3850 923 3887 σιον
964 3834 1109 3889 Patri
1136 3836 1356 3904 Filium,
1412 3841 1516 3894 hoc
1545 3853 1629 3896 est
1667 3845 1915 3914 ejusdem
1972 3863 2199 3918 prorsus
2252 3867 2376 3907 cum

807 3928 902 3981 illo
944 3927 1284 3996 substantiae,
1319 3935 1727 4001 pronuntiasse.

878 4040 991 4095 Soli
1051 4052 1232 4096 tamen
1286 4046 1623 4114 quindecim,
1673 4049 1976 4109 Sozomeno
2030 4067 2207 4123 teste,
2259 4060 2372 4116 Arii

805 4132 1047 4197 dogmati
1079 4134 1527 4205 subscripserunt
1557 4158 1569 4193 :
1600 4157 1833 4210 quorum
1859 4148 2079 4215 quidem
2101 4150 2372 4220 plerique,

804 4230 1015 4275 mutata
1074 4225 1362 4279 confestim
1406 4231 1719 4297 sententia,
1794 4250 2143 4291 communem
2206 4242 2377 4295 totius

800 4313 1064 4368 Ecclesia:
1134 4331 1461 4373 consensum
1532 4324 1768 4393 amplexi
1838 4338 1987 4383 sunt.
2069 4329 2375 4386 Sozomeno

2483 3503 2795 3571 thopoleos,
2830 3499 3101 3555 Eusebius
3147 3499 3518 3561 Casariorsis,
3561 3501 3651 3568 qui
3684 3499 3955 3567 Pamphiii
3984 3498 4059 3549 div

2479 3602 2601 3646 ctus
2633 3601 2735 3648 cst.
2798 3592 2879 3647 Es
2939 3592 3222 3646 Phoenicia
3270 3592 3533 3647 Paulinus
3578 3592 3730 3662 Tyri,
3778 3589 4060 3658 Amphion

2482 3683 2770 3753 Sigedonis
2801 3684 2935 3751 (61).
2968 3684 3043 3737 Ex
3105 3683 3292 3736 Cilicia
3333 3685 3619 3738 Narcissus
3683 3684 4059 3751 lrenopulros,

2480 3771 2809 3826 Athanasius
2864 3772 3158 3834 Anazarbi,
3220 3772 3675 3827 Tarcondimotus
3720 3774 3921 3840 Αἰςξῆη.
3984 3772 4061 3824 Er;

2478 3862 2820 3933 Cappadocia
2888 3862 3170 3928 Leontius,
3213 3862 3549 3928 Longianus,
3584 3876 3637 3918 et
3669 3864 3915 3918 Eulalius
3982 3864 4060 3917 Es

2480 3955 2675 4017 Ponto,
2721 3951 2956 4005 Basilius
3003 3951 3259 4016 Amasiaa,
3311 3952 3549 4006 hielitius
3607 3952 4058 4019 Sebastopcleos.

2479 4043 2557 4097 Ex
2586 4042 2858 4113 Bithynia,
2895 4043 3171 4112 Theognis
3200 4044 3411 4103 Nicazae.
3462 4044 3625 4099 Maris
3656 4044 4054 4100 Chalcedonis.

2479 4136 2750 4190 Eusebius
2778 4134 3128 4197 Nicomedia,
3175 4136 3400 4205 Magnus
3446 4137 3665 4205 quidam
3702 4136 4055 4204 cognomine,

2478 4228 2569 4296 qui
2608 4227 2851 4281 Luciano
2884 4227 3105 4297 martyri
3149 4227 3435 4281 familiaris
3496 4228 3694 4292 luerat,
3732 4229 4053 4295 virtuteque

2478 4320 2681 4383 clarus,
2723 4327 2782 4371 ut
2813 4316 2908 4386 qui
2957 4318 3192 4371 maxime
3225 4335 3240 4371 :
3275 4334 3340 4374 ex
3380 4334 3488 4387 quo
3529 4318 3693 4373 etiam
3746 4316 3925 4387 Magni
3960 4332 4054 4372 co-

801 4405 1171 4511 astipulan-tur
1209 4408 1342 4463 Acta
1378 4412 1594 4481 synodi,
1652 4430 1773 4484 quae
1816 4418 2020 4485 passim
2075 4420 2370 4477 circumfe-
2406 4457 2448 4511 ο
2479 4423 2494 4477 ἓ

1446 4412 1594 4477 nodi,
1652 4430 1773 4484 quae
1816 4418 2020 4485 passim
2075 4420 2370 4477 circumfc-
2406 4457 2448 4511 ο
2479 4423 2709 4477 ἓιιοῐηθη
2739 4406 2972 4475 adeptus
3002 4415 3138 4462 εῖδει

800 4504 1019 4551 runtur.
1068 4498 1141 4553 lis
1171 4501 1318 4554 enim
1377 4512 1596 4558 constat
1650 4510 2041 4575 septemdecim
2082 4513 2372 4583 episcopos

802 4604 910 4641 una
937 4604 1060 4643 cum
1085 4589 1213 4644 Ario
1247 4592 1514 4648 defecisse
1534 4612 1547 4647 :
1567 4612 1799 4665 quorum
1827 4615 1919 4653 sex
1948 4602 2000 4655 in
2024 4604 2142 4673 ejus
2174 4604 2368 4659 haeresi

802 4681 1165 4749 perstiterint,
1207 4685 1462 4739 undecim
1497 4698 1679 4741 autem
1734 4691 2063 4757 palinodiam
2107 4705 2370 4750 canentes

800 4789 969 4828 manu
1023 4776 1246 4846 quidem
1307 4777 1775 4848 subscripserint,
1840 4782 2025 4839 animo
2078 4801 2208 4840 vero
2258 4802 2367 4841 non

800 4862 954 4917 item.
1022 4920 1027 4923 _
1753 4889 1769 4896 -

871 4953 1125 5010 Socrates
1154 4958 1231 5011 ait
1262 4960 1506 5030 quinque
1554 4964 1863 5033 episcopos,
1920 4967 2218 5021 Eusebium
2275 4969 2370 5024 Ni-

797 5047 1061 5101 comedia:
1088 5088 1101 5111 ,
1155 5050 1439 5121 Theognin
1485 5054 1701 5121 Nicone,
1753 5058 1924 5112 Marin
1959 5058 2327 5115 Chalcedonis
2352 5106 2365 5127 ,

798 5137 1078 5193 Theonam
1102 5141 1456 5203 Marmaricae.
1490 5155 1653 5217 atque
1677 5150 1988 5205 Secundum
2017 5152 2368 5207 Ptolemaidis

797 5246 826 5283 a
859 5232 1068 5299 synodo
1126 5237 1440 5291 secessisse.
1496 5239 1822 5295 Theodorus
1876 5252 2057 5296 autem
2121 5243 2367 5312 Mopsue-

795 5322 982 5375 s:i:eus
1026 5333 1222 5377 auctor
1271 5336 1399 5390 est,
1455 5344 1648 5385 novem
1717 5341 1927 5386 tantum
1982 5349 2046 5387 ex
2110 5336 2365 5390 oumibus

798 5412 988 5473 fuisse,
1014 5414 1218 5481 quibus
1246 5419 1437 5486 synodi
1468 5420 1687 5474 decreta
1713 5438 1821 5476 non
1852 5425 2159 5488 arriseri.:t,
2191 5426 2363 5496 iisque

796 5500 1135 5565 nominibus,
1186 5502 1472 5577 Theognin
1506 5507 1720 5574 Nicaeae,
1757 5512 2055 5567 Eusebium
2102 5514 2358 5568 Nicome-

723 5576 737 5584 ’
796 5587 920 5653 die,
940 5590 1310 5660 Patrophilum
1329 5595 1731 5667 Scythopoleos,
1760 5600 2057 5656 Eusebium
2078 5600 2359 5663 Caesarea),

3096 4518 3249 4574 CAP.
3286 4518 3423 4574 Vill.

2480 4610 2552 4662 De
2585 4611 2699 4663 Arii
2730 4610 3286 4681 excommunicatione,
3332 4628 3439 4681 una
3474 4628 3592 4665 cum
3623 4613 3875 4664 ("rerum
3908 4615 4048 4681 ejus,

2528 4681 2583 4733 in
2623 4682 2909 4749 priorisque
2946 4679 3163 4745 Thaliar,
3202 4697 3291 4732 seu
3326 4679 3558 4734 Convirii
3587 4679 3995 4749 improbatione.

2543 4790 2811 4843 Carterum
2852 4788 3163 4856 conscripto
3219 4788 3340 4841 fidei
3394 4789 3661 4859 symbolo,
3711 4789 4044 4857 scripturam

2475 4880 2701 4948 quidem
2730 4878 3003 4931 Eusebius
3024 4878 3370 4941 Nicomedia’,
3401 4895 3508 4933 una
3535 4896 3657 4934 cum
3701 4880 4042 4950 Theognnie.

2473 4971 2626 5036 Mari,
2676 4969 3013 5038 Patrophilo,
3042 4978 3097 5023 et
3132 4969 3386 5024 Secundo
3448 4972 3891 5040 approbaverunt
3918 5013 3931 5034 ,
3968 4974 4038 5025 ei-

2472 5078 2579 5133 que
2610 5064 2843 5131 propriis
2877 5060 3253 5131 chirographis
3304 5062 3783 5131 subscripserunt.
3830 5073 3886 5116 at
3951 5080 4041 5117 ex-

2473 5152 2876 5205 communicato
2906 5149 3058 5214 Ario,
3108 5150 3551 5219 dictionibusque
3602 5152 3667 5204 iis
3721 5153 3928 5220 quibus
3974 5154 4038 5206 ad

2472 5243 2801 5296 fulcieni’am
2837 5240 3070 5295 haeresin
3112 5242 3371 5294 utebatur
3406 5242 3746 5310 improbatis,
3781 5243 3918 5311 quin
3976 5244 4039 5296 li-

2469 5335 2568 5387 lnro
2594 5334 2780 5395 etiam,
2829 5349 2990 5402 quem
3023 5347 3188 5401 super
3234 5333 3426 5387 eadem
3487 5334 3893 5402 conscripserat
3927 5374 3941 5395 ,
3983 5344 4038 5387 et

2467 5425 2721 5479 Tltaleian
2764 5424 3133 5493 inscripserat,
3172 5424 3547 5490 huiuscemodi
3575 5426 4031 5478 excommunica-

2468 5514 2603 5567 tioni
2661 5513 2928 5566 Eusebius
2981 5514 3333 5580 Nicomedia,
3377 5524 3432 5570 et
3492 5514 3763 5584 Theognis
3817 5514 4031 5577 Neu,

2471 5605 2652 5659 subsc:
2672 5605 2818 5657 ilrero
2867 5605 3182 5659 noluerunt.
3574 5598 3576 5600 ⁷

871 5748 980 5811 ιω)
1007 5749 1164 5805 Forte
1194 5750 1411 5810 Sidonis
1441 5759 1723 5827 legendum
1754 5769 1855 5819 est,
1881 5762 2000 5824 quia
2032 5760 2229 5827 Sigedo
2272 5762 2327 5815 in
2370 5763 2645 5818 Pannonia
2669 5775 2745 5816 est
