4288 6372
269 350 402 415 136‘.)

1524 358 1920 419 TtIES.\URI
1968 361 2038 419 ω
2055 363 2113 420 i3.
2161 366 2228 423 V.

3383 367 3522 429 1370

331 464 508 531 Quare
544 466 733 521 Arium
770 468 1068 538 imperator
1099 470 1298 526 exsilio
1344 472 1617 526 multavit.
1662 473 1832 525 Eusc-
1865 477 1905 529 A
1930 472 2288 541 jurisjurandi
2341 472 2598 541 opinione
2627 514 2640 534 .
2698 470 3034 527 accusationi
3092 472 3230 528 ﬁcta
3277 474 3518 531 colorem

264 557 414 611 bium
446 572 613 627 porro
641 560 725 613 vel
772 561 876 615 alia
912 561 980 616 de
1026 576 1187 616 causa
1222 577 1442 625 exosus,
1491 564 1619 632 quia
1674 562 1835 614 nimi-

262 665 384 702 rum
419 666 449 703 a
481 661 712 721 tyranno
744 652 953 719 primus
995 661 1243 718 steterat,
1280 654 1495 723 sibique
1526 650 1629 721 ipsi
1656 652 1834 705 fuerat

263 740 573 805 insidiatus,
612 757 717 797 una
747 759 870 797 cum
902 743 1143 812 Theogni
1203 748 1453 797 exsuiare
1495 744 1677 813 jussit.
1730 742 1835 795 lta-

261 844 369 901 que
414 830 637 887 Eusebii
662 831 783 887 loco
813 833 1212 887 Nicomediensi
1259 834 1512 887 Ecclesia:
1546 833 1833 902 praefectus

260 934 344 977 est
380 924 692 993 Amphion:
746 936 803 979 et
845 927 1076 980 Nic-aenae
1118 928 1239 980 loco
1288 926 1619 995 Theognidis
1663 925 1835 979 Chre-

270 1014 638 1069 stus.Necita
686 1015 859 1068 multo
919 1024 1040 1084 post
1090 1016 1254 1069 Arius
1305 1015 1373 1069 ab
1425 1014 1619 1068 exsilio
1674 1027 1832 1065 revo-

265 1115 419 1156 catus
464 1114 568 1167 est,
613 1105 773 1171 eique
827 1106 939 1163 sola
987 1105 1219 1175 ,Ἐχῖνιο
1284 1114 1447 1174 atque
1496 1102 1827 1159 Alexandria

266 1196 617 1249 interdictum
671 1205 775 1249 est.
828 1196 1106 1265 Pauloque
1151 1209 1268 1266 post
1313 1196 1583 1251 Eusebius
1612 1209 1830 1264 quoque

265 1298 317 1338 et
352 1286 649 1355 Theognis,
699 1288 1044 1355 ptrnitudine
1085 1305 1179 1356 per
1206 1289 1519 1359 hypocrisin
1551 1288 1828 1349 simulata,

268 1393 390 1431 suas
416 1387 645 1447 uterque
679 1389 1005 1447 receperunt
1052 1380 1346 1433 Ecclesias.

335 1468 467 1523 Item
492 1471 889 1541 Philostorgius
911 1472 1013 1526 sub
1045 1472 1206 1525 linem
1253 1472 1410 1540 primi
1451 1472 1601 1531 libri,
1633 1479 1829 1524 auctor

265 1570 367 1621 est,
412 1576 602 1614 eorum
642 1563 733 1629 qui
765 1563 995 1616 Nicaeam
1026 1563 1147 1615 tidei
1186 1563 1648 1630 suhscripserant,
1691 1561 1829 1615 alios

262 1653 482 1719 quidem
499 1667 531 1705 e
553 1652 1043 1721 chirographorum
1079 1669 1299 1707 suorum
1324 1655 1545 1721 regione
1568 1653 1827 1703 homousii

257 1743 560 1796 dictionem
610 1742 951 1811 ascripsisse,
988 1744 1125 1796 alios
1176 1759 1305 1796 vero
1358 1743 1425 1796 ah
1464 1743 1701 1796 Eusebio
1742 1741 1825 1792 in-

1938 562 2181 616 aditeret.
2216 564 2309 618 llla
2341 565 2487 619 enim
2535 579 2763 633 puerum
2793 564 3084 621 duodecim
3125 580 3300 620 annos
3331 576 3518 622 natum

1936 656 2263 722 ργοςιυορηε,
2312 671 2434 710 eum
2468 656 2537 710 ab
2580 655 2866 709 Eustathio
2924 658 3228 725 suscepisse
3277 656 3518 713 dicebat.

1935 745 2203 797 (ii-terum
2235 754 2391 798 antea
2424 746 2827 799 clandestinum
2854 755 3102 814 stuprum
3132 748 3199 800 ab
3226 747 3516 802 Eustathio

1933 831 2167 899 quodam
2203 831 2358 885 fabro
2390 848 2542 902 passa
2575 834 2771 897 funerat,
2792 850 2857 887 ex
2881 848 2990 904 quo
3015 843 3071 888 et
3100 850 3326 903 puerqu
3366 838 3514 891 hunc

1935 934 2275 993 susceperat.

2009 1016 2291 1069 Eustathio
2322 1018 2502 1083 itaque
2537 1016 2638 1071 hac
2669 1027 2785 1073 arte
2816 1019 3090 1087 deposito,
3131 1023 3516 1091 imperatorem

1929 1104 2308 1161 Constantium
2363 1109 2589 1173 hujusce
2642 1110 2716 1162 rei
2773 1113 3061 1166 certiorem
3122 1114 3405 1169 fecerunt.
3461 1128 3519 1169 ut

1935 1198 2223 1251 Eusebium
2258 1201 2527 1269 Pamphili
2591 1204 2852 1254 Cursarem
2896 1203 3211 1272 episcopum
3243 1208 3295 1260 in
3326 1208 3520 1261 Antia-

1932 1290 2163 1343 clzeuam
2221 1291 2406 1344 sedem
2481 1302 2811 1360 surrogaret.
2863 1293 2934 1346 At
2986 1294 3252 1349 Eusebius
3319 1298 3520 1351 litteris

1931 1384 2052 1452 ejus
2100 1384 2343 1437 muneris
2396 1384 2803 1452 deprecatorias
2845 1388 2910 1438 ad
2944 1386 3331 1454 imperatorem
3381 1392 3516 1443 scri-

1930 1474 2072 1543 psit;
2125 1476 2251 1543 quia
2293 1475 2551 1527 nimirnm
2599 1476 2740 1528 idem
2791 1476 3199 1531 ecclesiasticus
3228 1479 3362 1531 ordo
3398 1495 3507 1532 non

1929 1573 2228 1631 pateretur.
2280 1563 2449 1631 Cujus
2489 1565 2714 1632 probato
2767 1566 2999 1619 consilio
3040 1567 3340 1635 imperator
3386 1584 3512 1621 eum

1930 1654 2149 1707 beatum
2196 1670 2315 1708 esse
2365 1655 2537 1716 dixit,
2586 1657 2787 1724 quippe
2844 1658 2936 1725 qui
2988 1672 3096 1710 non
3154 1660 3317 1711 unius
3363 1660 3517 1714 urbis

1934 1750 2219 1810 duntaxat,
2252 1763 2443 1802 verum
2478 1750 2646 1802 totius
2692 1749 2857 1802 etiam
2890 1749 3039 1803 orbis
3082 1744 3406 1821 episcopatu
3433 1754 3519 1806 di-

263 1843 502 1887 structos
524 1833 898 1902 blasphemam
926 1836 1199 1887 homoeusii
1225 1848 1410 1887 vocem
1434 1835 1554 1886 loco
1576 1833 1833 1884 homonsii
1868 1818 1907 1870 Β
1942 1855 2083 1908 guns
2120 1848 2291 1893 esset,

263 1926 617 1993 Supposuisse
652 1943 665 1977 :
720 1938 916 1994 praeter
957 1924 1271 1979 Secundum
1313 1934 1367 1979 et
1404 1924 1707 1985 Theonam,
1735 1924 1828 1990 qui

260 2018 422 2070 etiam
460 2033 567 2071 una
598 2033 721 2070 cum
770 2017 899 2070 Ario
938 2016 1169 2087 ejusque
1218 2016 1554 2087 presbyteris
1598 2016 1647 2067 in
1704 2013 1830 2083 lily-

267 2109 411 2161 rium
447 2109 669 2175 relegati
704 2116 850 2161 sunt.

333 2198 495 2252 Initio
548 2211 733 2253 autem
776 2200 901 2252 libri
967 2200 1193 2255 secundi
1269 2198 1459 2253 scribit
1512 2198 1827 2259 Eusebium,

260 2290 567 2353 Theognin.
624 2301 678 2344 et
732 2291 923 2353 Mario,
963 2306 1152 2345 eorum
1228 2307 1351 2360 qua:
1394 2293 1831 2359 sulrscripserant

259 2383 597 2450 pwnitudine
624 2384 843 2449 ductos,
876 2385 941 2438 ad
971 2385 1353 2452 imperatorem
1383 2385 1620 2445 venisse,
1642 2384 1831 2451 hisque

258 2474 401 2541 apud
436 2490 561 2528 eum
584 2476 767 2528 verbis
830 2492 1003 2531 usos:
1043 2476 1220 2545 lmpii,
1283 2475 1603 2544 imperator,
1664 2476 1716 2528 in
1765 2490 1832 2527 (πο

257 2564 478 2620 [ιιξηιης.
515 2565 659 2634 quod
697 2567 771 2620 tui
806 2578 952 2620 metu
1003 2568 1236 2634 perculsi
1280 2567 1544 2635 impietati
1596 2566 1835 2619 subscri-

257 2656 545 2724 pce'imus.
577 2657 655 2711 Ex
684 2672 791 2725 quo
844 2657 1044 2711 factum
1076 2660 1165 2720 sit,
1204 2665 1264 2711 ut
1297 2660 1591 2725 imperator
1636 2672 1834 2711 excan-

257 2748 418 2801 desee
446 2763 486 2803 rs
514 2763 608 2801 eos
642 2750 695 2802 in
730 2748 933 2804 Gallias
964 2766 1057 2802 seu
1091 2750 1327 2805 Caiatias
1378 2750 1649 2804 Oeciduas
1691 2751 1829 2802 rale-

254 2846 415 2912 garit,
452 2841 685 2895 Arianos
714 2851 893 2893 autem
929 2856 1027 2894 sua
1060 2830 1333 2909 quemque
1364 2841 1537 2906 patria
1569 2840 1833 2893 excedere

246 2934 431 3002 jussit.
482 2932 753 2987 Cancrum
791 2943 984 2986 exacto
1020 2932 1257 2987 triennio
1292 2931 1613 2987 Eusebianis
1638 2930 1704 2984 ad
1734 2946 1832 2987 sua

256 3025 589 3095 postliminio
630 3026 806 3080 redire
841 3026 1110 3095 permisit.

908 3138 1058 3192 CAP.
1094 3137 1184 3192 IX.

258 3232 336 3286 De
376 3230 760 3284 ,Ἧι-σπιράίωεὶ
809 3229 1128 3284 Arianorum
1164 3230 1411 3282 adversus
1452 3228 1829 3282 Homousianoa

329 3304 640 3354 orthodoxa:
687 3302 1021 3369 antisyuodo,
1067 3308 1115 3350 et
1160 3301 1359 3353 insidiis
1394 3301 1449 3353 in
1496 3299 1830 3353 Eustathium

328 3372 365 3425 Α
377 3373 705 3424 ntioc/tenum
744 3372 1041 3438 episcopum
1073 3372 1307 3423 structis.

328 3484 511 3540 Ariani
543 3501 609 3538 ex
659 3484 846 3538 Galliis
899 3483 1103 3537 reversi
1151 3483 1510 3537 ducentorum
1560 3483 1828 3551 quinqua-

256 3578 402 3648 ginta
430 3580 809 3644 episcoporum
863 3575 1186 3644 antisynodo
1222 3574 1592 3628 Nicomediam
1624 3589 1827 3627 convo-

256 3679 395 3728 cata,
452 3667 814 3721 Alexandrum
869 3666 1435 3727 excommunicarunt,
1483 3672 1539 3717 et
1588 3679 1709 3716 cum
1759 3678 1825 3716 eo

254 3766 519 3827 quotquot
569 3756 856 3823 ὁμο-αὐτων
908 3756 1324 3825 proﬁtebantur.
1357 3755 1468 3807 Nec
1509 3755 1675 3807 ullum
1729 3757 1827 3805 im-

255 3850 558 3917 pugnandm
605 3847 728 3899 tidei
760 3848 1041 3900 catholica:
1091 3848 1252 3897 tinem
1296 3846 1563 3898 iaciebant
1614 3845 1820 3906 Ariani,

254 3941 468 4006 sibique
523 3940 925 3992 adversantium
981 3953 1011 3991 e
1063 3937 1241 3991 medio
1307 3936 1713 3991 tollendorum:
1767 3938 1819 3989 iu

257 4034 448 4101 primis
483 4042 665 4086 autem
697 4031 906 4082 nullum
948 4045 1053 4081 non
1087 4029 1377 4081 movebant
1426 4028 1681 4095 lapidem,
1715 4045 1822 4095 quo

257 4122 596 4176 Ettst;.thiunt
638 4120 981 4173 Autiicbeuo
1018 4119 1333 4186 episeopatu
1368 4118 1662 4185 privarent.
1694 4117 1823 4182 Qua:

257 4228 343 4266 res
379 4212 670 4265 Eusebium
724 4210 1191 4263 Nicomedensem
1250 4210 1436 4269 movit,
1474 4219 1529 4260 ut
1558 4210 1823 4262 orationis

253 4305 420 4372 gratia
468 4317 523 4354 se
562 4317 667 4354 una
711 4315 835 4354 cum
890 4298 1201 4366 Theognith
1248 4298 1485 4361 Nicmno,
1532 4308 1585 4350 et
1617 4298 1825 4364 aliquot

253 4390 375 4443 aliis
417 4390 609 4444 eodem
648 4391 837 4443 morbo
884 4389 1256 4443 laborantibus
1304 4386 1501 4441 Ailiam
1553 4387 1821 4455 proﬁcisci

254 4484 500 4551 lingeret.

325 4574 593 4629 Gravibus
625 4575 803 4641 itaque
852 4574 1061 4628 insidiis
1091 4572 1432 4626 Eustathium
1476 4573 1818 4627 adoriuntur.

252 4663 392 4719 Elia
428 4666 571 4718 enim
609 4666 948 4719 Antiochiam
987 4668 1188 4718 reversi
1224 4666 1409 4717 multis
1439 4668 1673 4718 nummis
1707 4683 1820 4719 me-

258 4756 509 4809 retricem
550 4756 648 4809 sibi
684 4767 1025 4823 comparant.
1066 4772 1186 4825 quze
1234 4756 1512 4808 hominem
1560 4767 1819 4811 accusi-t:

255 4855 369 4898 tum
419 4861 543 4898 eum
580 4845 656 4899 illi
690 4847 740 4899 in
769 4847 858 4914 jus
889 4855 1110 4909 vocant,
1140 4846 1231 4914 qui
1275 4856 1498 4899 vocatus
1531 4847 1580 4899 in
1608 4849 1694 4915 jus
1729 4848 1822 4899 ad-

252 4935 389 4998 fuit;
425 4937 613 5003 partim
648 4937 863 5004 propi-ia
894 4937 1064 4989 fretus
1102 4936 1458 4999 conscientia,
1490 4937 1685 5004 p‘trlim
1718 4938 1820 4990 hoc

255 5026 527 5094 plerisque
587 5028 739 5079 malae
796 5027 1145 5080 conse'entiae
1205 5037 1584 5096 argumentum
1649 5030 1820 5083 videri

256 5127 427 5175 ratus,
459 5116 503 5169 si
532 5118 655 5185 quis
676 5117 849 5184 judlci
877 5134 934 5170 se
959 5119 1148 5170 sistere
1185 5117 1474 5171 detreCIet.

326 5206 569 5260 Postulat
595 5223 725 5275 ergo
771 5208 1101 5262 Eustathius.
1142 5220 1201 5260 ut
1230 5210 1550 5263 muliercula
1584 5211 1670 5265 illa
1698 5229 1821 5280 pec-

254 5297 391 5350 catis
424 5309 619 5351 onusta
648 5308 703 5351 et
735 5299 1081 5351 sutfarcinata
1117 5297 1425 5352 testimonio
1450 5301 1632 5369 aliquo
1660 5303 1818 5356 ﬁdem

253 5390 436 5443 verbis
454 5392 566 5443 suis
598 5391 781 5457 faciat,
821 5391 965 5459 quod
1002 5390 1220 5459 quidem
1252 5402 1308 5444 et
1334 5392 1542 5461 legibus
1568 5403 1622 5447 et
1654 5410 1818 5447 cann-

251 5479 417 5535 nibus
464 5492 890 5537 consentaneum
920 5493 1054 5536 erat.
1094 5484 1173 5536 llii
1204 5492 1384 5547 autem
1433 5484 1670 5548 mulieri,
1700 5502 1819 5553 qua:

257 5573 574 5640 probatione
609 5574 755 5626 omni
788 5574 1190 5627 destituebatur
1262 5575 1634 5644 jusjurandum
1665 5578 1819 5631 detu-

252 5665 456 5727 lerunt,
501 5681 715 5721 omnem
750 5666 802 5720 in
836 5683 901 5721 eo
927 5668 1116 5736 judicii
1158 5667 1439 5721 veritatem
1479 5669 1817 5722 constituen-

256 5763 355 5809 tcs.
392 5755 500 5811 lloc
537 5768 716 5811 autem
748 5760 817 5813 ita
846 5774 902 5810 ex
940 5759 1187 5826 prochstt
1218 5769 1457 5828 egerant,
1494 5772 1546 5813 ut
1582 5761 1667 5813 illa
1704 5760 1811 5815 veri

2005 1930 2243 1998 Eiigitur
2277 1946 2426 1999 ergo,
2480 1931 2571 2000 qui
2616 1906 2901 1987 Eustathio
2956 1934 3234 1993 succedat,
3283 1934 3521 1989 Arianus

1932 2021 2176 2089 qui-iam,
2208 2022 2564 2088 Euphronius
2607 2025 2849 2086 nomine,
2881 2034 2938 2076 ut
2975 2025 3382 2092 Mopsuestmus.
3419 2024 3517 2078 So-

1844 2127 1852 2133 ’
1932 2121 2131 2171 crates,
2163 2122 2212 2163 (ιτ
2245 2113 2581 2166 Sozommzus
2622 2116 2905 2178 scribunt;
2948 2126 3003 2170 ut
3032 2126 3215 2169 autem
3257 2117 3512 2169 Theodo-

1934 2201 2041 2253 rito
2072 2212 2127 2254 et
2155 2203 2576 2273 chronographo
2628 2204 2945 2272 Theophani
3004 2207 3197 2274 placet,
3242 2208 3508 2260 Eulalius.

1937 2296 2100 2349 Solus
2129 2313 2258 2349 vero
2292 2298 2688 2368 Philostorgius
2715 2300 2855 2353 libro
2890 2300 3240 2353 Historiarum
3272 2299 3513 2354 secundo

1938 2390 2225 2442 Paulinum
2262 2390 2408 2459 Tyro
2437 2391 2781 2444 Antiochiam
2823 2392 3139 2444 translatum
3178 2407 3297 2445 esse
3325 2402 3510 2445 auctor

1932 2494 2034 2534 οτι.
2067 2483 2337 2535 (heterum
2370 2493 2648 2536 annuente
2680 2500 2900 2552 quoque
2939 2484 3288 2551 imperatore,
3324 2484 3510 2538 Eusta-

1933 2574 2082 2625 thius
2130 2574 2408 2642 Philippos
2457 2575 2512 2627 in
2556 2574 2929 2629 Macedoniam
2984 2575 3318 2641 abducitur,
3372 2575 3510 2630 unde

1934 2665 2198 2734 originem
2230 2664 2501 2719 trahebat.

2587 2796 2740 2852 CAP.
2787 2797 2849 2853 Χ.

1935 2910 2102 2976 Qum):
2148 2912 2376 2963 subrlul's
2414 2914 2611 2965 artibus
2656 2916 2841 2966 Ariani
2878 2909 3235 2964 hrrrrsinrcha'
3262 2913 3346 2964 sui
3378 2914 3512 2966 redi-

2006 2991 2115 3033 tum
2146 2983 2207 3032 ub
2236 2982 2417 3035 exsilio
2469 2985 2884 3045 impetraverint,
2914 2992 2961 3032 et
2991 2984 3050 3033 de
3080 2984 3406 3034 iuteudendis
3458 2984 3511 3035 in

2009 3052 2352 3103 Athanasium
2384 3052 2801 3104 :ilcxaudrinam
2828 3054 3276 3118 archiepiscopum
3308 3052 3515 3103 calum-

2007 3122 2104 3172 niis
2135 3124 2514 3187 cogitaverim;
2566 3124 2746 3184 quibus
2784 3124 2995 3173 tandem
3046 3122 3404 3173 sanctissimus
3434 3124 3512 3174 vir

2008 3189 2496 3260 Hierosolymitamv
2543 3194 2730 3260 synodi
2763 3193 2968 3243 decreto
2998 3192 3142 3259 apud
3190 3190 3423 3243 Treviros
3458 3193 3510 3244 in

2004 3260 2180 3313 Gallia
2214 3259 2456 3313 exsulare
2477 3259 2663 3330 jussus
2695 3270 2789 3313 est.

2000 3395 2132 3448 Cum
2168 3396 2348 3464 itaque
2375 3397 2487 3450 haec
2517 3395 2840 3451 Eusebianis
2883 3411 2978 3463 pro
3019 3394 3185 3448 animi
3233 3395 3506 3449 sententia

1928 3487 2340 3550 Successissent,
2395 3488 2599 3555 majore
2637 3490 2734 3555 τῆς
2780 3487 3127 3552 καινοτομίας
3162 3501 3256 3539 seu
3307 3501 3509 3538 novano

1926 3576 2114 3628 dat-um
2153 3591 2333 3628 rerum
2383 3576 2566 3629 studio
2616 3585 2960 3630 exarserunt.
3013 3575 3294 3643 Siquidem
3342 3555 3551 3627 Eusc—I

1926 3668 2050 3720 hius
2093 3678 2146 3722 et
2182 3668 2453 3735 Theognis
2493 3683 2559 3721 eo
2585 3668 2649 3721 ad
2687 3684 2839 3721 suam
2892 3668 3189 3735 nequitiam
3245 3667 3501 3735 pellecto,

1926 3776 1969 3813 ο·
1999 3760 2011 3812 i
2046 3761 2274 3813 Nic-mute
2322 3759 2508 3827 synodi
2542 3770 2659 3812 acta
2703 3760 2997 3827 imperator
3043 3759 3307 3811 servanda
3352 3774 3503 3812 com-

1926 3851 2168 3909 miserat,
2196 3850 2411 3917 propria
2440 3849 2795 3916 chirographa
2829 3849 3176 3909 deleverunt,
3209 3846 3491 3913 deinceps-

1924 3958 2030 4009 que,
2076 3940 2289 4008 publice
2354 3940 2594 4006 protiteri
2651 3948 2964 4007 coeperunt,
3017 3939 3210 3991 Filium
3256 3937 3499 4007 ejusdem

1924 4048 2045 4085 cum
2099 4032 2258 4084 Patre
2295 4030 2616 4083 substantiae
2666 4029 2997 4083 censendum
3034 4045 3139 4081 non
3175 4044 3313 4081 esse.
3346 4028 3499 4093 Quod

1924 4139 2044 4177 cum
2079 4122 2311 4186 graviter
2338 4130 2392 4172 et
2423 4120 2612 4188 iniquo
2659 4120 2842 4172 animo
2882 4117 3049 4171 ferret
3078 4116 3496 4178 Constantinus,

1925 4231 2017 4269 cos
2046 4214 2110 4265 ad
2146 4229 2240 4267 sua
2282 4213 2461 4265 redire
2492 4211 2675 4280 jussit.

1998 4305 2475 4359 Verumenimvero
2506 4305 2579 4357 illi
2608 4304 2673 4357 ad
2702 4302 2918 4371 imperii
2948 4310 3231 4353 consortes
3260 4314 3316 4353 se
3343 4314 3494 4352 rece-

1930 4406 2145 4464 perunt,
2199 4404 2588 4462 contractaque
2637 4409 2761 4447 cum
2814 4394 2918 4445 illis
2953 4390 3340 4454 familiaritate,
3393 4390 3501 4458 pri-

1848 4488 1891 4540 D
1917 4490 2111 4542 stinam
2148 4489 2481 4558 παῤῥησξαν,
2517 4502 2610 4539 seu
2646 4485 2864 4539 dicendi
2912 4484 3247 4545 libertatem,
3291 4499 3501 4537 resum-

1932 4589 2175 4649 pserunt,
2213 4594 2267 4633 et
2313 4581 2365 4633 in
2396 4580 2756 4633 Athanasium
2818 4578 3064 4647 Magnum
3104 4576 3403 4629 calumnias
3448 4584 3503 4629 et

1931 4672 2153 4726 insidias
2195 4672 2484 4733 instruere,
2540 4681 2701 4739 atque
2747 4670 2884 4723 adeo
2929 4668 3280 4738 antisynodos
3314 4668 3504 4721 adver-

1930 4782 2022 4819 sus
2053 4767 2203 4819 illum
2256 4782 2447 4834 cogere
2498 4772 2802 4830 coeperunt.
2835 4764 2973 4816 Hinc
3007 4777 3171 4831 porro
3220 4775 3409 4814 eorum
3440 4759 3506 4811 li-

1930 4857 2130 4910 bertati
2163 4858 2457 4925 plurimum
2491 4855 2813 4908 incrementi
2851 4853 3101 4908 accessit.

1998 4946 2229 4999 Arianus
2271 4945 2552 5013 presbyter
2586 4945 2639 4997 iu
2663 4944 2993 4998 Constantine
3043 4942 3388 5010 imperatoris
3414 4957 3499 4995 soo

1927 5038 2072 5091 roris
2124 5036 2544 5089 familiarimtem
2591 5051 2651 5089 se
2693 5035 3081 5089 insinuaverat.
3131 5032 3226 5087 Hie
3272 5047 3338 5085 eo
3384 5040 3474 5085 tan

1927 5129 2048 5181 dem
2097 5127 2330 5180 licentiae
2368 5127 2638 5194 prorupit.
2669 5136 2728 5179 ut
2760 5126 2933 5179 libere
2975 5140 3097 5177 cum
3129 5140 3190 5177 ea
3223 5124 3498 5191 colloque-

1927 5229 2097 5281 retur,
2157 5219 2456 5285 Ariumque
2506 5219 2710 5285 injuste
2738 5226 2790 5269 et
2823 5233 2919 5284 per
2949 5215 3207 5267 invidiam
3257 5213 3497 5273 Ecclesia

1924 5311 2156 5375 ejectum
2190 5323 2308 5361 esse
2336 5308 2565 5361 diceret.
2617 5307 2826 5372 Quibus
2860 5306 3041 5359 verbis
3088 5304 3343 5365 adducta,
3380 5288 3502 5369 prc-

1924 5396 2203 5466 sbyterum
2239 5398 2291 5449 in
2322 5396 2577 5449 familiam
2618 5397 2825 5449 ascivit.
2862 5394 2998 5448 Cum
3028 5404 3209 5447 autem
3244 5396 3359 5446 haec
3390 5401 3495 5444 tam

1924 5488 2069 5556 gravi
2111 5486 2301 5539 morbo
2340 5486 2628 5546 laboraret,
2671 5485 2975 5551 utjamjam
3028 5483 3295 5535 moritura
3343 5480 3494 5531 vide-

1924 5589 2097 5639 retur,
2134 5594 2162 5630 a
2193 5576 2551 5630 Constantino
2592 5575 2786 5639 fratre,
2838 5576 2931 5643 qui
2973 5575 3119 5628 illaut
3153 5573 3203 5627 id
3238 5572 3496 5638 temporis

1926 5670 2205 5729 inviserat,
2247 5678 2547 5722 extremum
2589 5668 2692 5722 hoc
2718 5666 3042 5721 bcnetieium
3078 5664 3251 5733 petiit,
3282 5670 3339 5715 ut
3372 5674 3493 5730 pre-

1923 5763 2199 5831 sbyterum
2260 5760 2408 5813 illum
2464 5760 2604 5813 inter
2653 5759 2948 5814 fatniliares
3015 5756 3280 5820 haberet,
3326 5755 3487 5822 eique
