  <div class='ocr_page' id='page_1' title='image "/cluster/home/n/w/nwhite01/storage/ocr_20150623/139/nnc1.0046979840/705.png"; bbox 0 0 4288 6372; ppageno 0'>
   <div class='ocr_carea' id='block_1_1' title="bbox 776 333 912 396">
    <p class='ocr_par' dir='ltr' id='par_1_1' title="bbox 776 333 912 396">
     <span class='ocr_line' id='line_1_1' title="bbox 776 333 912 396; baseline 0.007 -1"><span class='ocrx_word' id='word_1_1' title='bbox 776 333 912 396; x_wconf 77' lang='lat'><strong>1315</strong></span> 
     </span>
    </p>
   </div>
   <div class='ocr_carea' id='block_1_2' title="bbox 2021 288 2771 398">
    <p class='ocr_par' dir='ltr' id='par_1_2' title="bbox 2021 288 2771 398">
     <span class='ocr_line' id='line_1_2' title="bbox 2021 288 2771 398; baseline -0.007 0"><span class='ocrx_word' id='word_1_2' title='bbox 2021 336 2320 398; x_wconf 67' lang='lat' dir='ltr'><strong>NICETAS</strong></span> <span class='ocrx_word' id='word_1_3' title='bbox 2359 288 2771 395; x_wconf 77' lang='lat' dir='ltr'><strong>CHONIA&#39;I‘.E</strong></span> 
     </span>
    </p>
   </div>
   <div class='ocr_carea' id='block_1_3' title="bbox 3907 332 4039 402">
    <p class='ocr_par' dir='ltr' id='par_1_3' title="bbox 3907 332 4039 402">
     <span class='ocr_line' id='line_1_3' title="bbox 3907 332 4039 402; baseline 0.023 -2"><span class='ocrx_word' id='word_1_4' title='bbox 3907 332 4039 402; x_wconf 74' lang='lat'><strong>1376</strong></span> 
     </span>
    </p>
   </div>
   <div class='ocr_carea' id='block_1_4' title="bbox 759 444 4038 518">
    <p class='ocr_par' dir='ltr' id='par_1_4' title="bbox 759 444 4038 518">
     <span class='ocr_line' id='line_1_4' title="bbox 759 444 4038 518; baseline 0.003 -21"><span class='ocrx_word' id='word_1_5' title='bbox 759 447 995 497; x_wconf 65' lang='lat' dir='ltr'><strong>siminus</strong></span> <span class='ocrx_word' id='word_1_6' title='bbox 1067 453 1333 513; x_wconf 75' lang='lat' dir='ltr'><strong>tyrannus</strong></span> <span class='ocrx_word' id='word_1_7' title='bbox 1415 445 1722 510; x_wconf 78' lang='lat' dir='ltr'><strong>eﬂodcrat,</strong></span> <span class='ocrx_word' id='word_1_8' title='bbox 1784 448 2107 517; x_wconf 87' lang='lat' dir='ltr'><strong>sinistrique</strong></span> <span class='ocrx_word' id='word_1_9' title='bbox 2177 449 2353 502; x_wconf 80' lang='lat' dir='ltr'><strong>cubiti</strong></span> <span class='ocrx_word' id='word_1_10' title='bbox 2390 444 2588 506; x_wconf 71' lang='lat' dir='ltr'><strong>Adean</strong></span> <span class='ocrx_word' id='word_1_11' title='bbox 2658 446 3014 514; x_wconf 75' lang='lat' dir='ltr'><strong>appellationi</strong></span> <span class='ocrx_word' id='word_1_12' title='bbox 3066 447 3368 516; x_wconf 88' lang='lat' dir='ltr'><strong>imperator</strong></span> <span class='ocrx_word' id='word_1_13' title='bbox 3413 463 3636 518; x_wconf 86' lang='lat' dir='ltr'><strong>quoque</strong></span> <span class='ocrx_word' id='word_1_14' title='bbox 3687 448 4038 508; x_wconf 73' lang='lat' dir='ltr'><strong>Constantius</strong></span> 
     </span>
    </p>
   </div>
   <div class='ocr_carea' id='block_1_5' title="bbox 757 535 2346 608">
    <p class='ocr_par' dir='ltr' id='par_1_5' title="bbox 757 535 2346 608">
     <span class='ocr_line' id='line_1_5' title="bbox 757 535 2346 608; baseline 0.003 -19"><span class='ocrx_word' id='word_1_15' title='bbox 757 550 958 589; x_wconf 85' lang='lat' dir='ltr'><strong>nervos</strong></span> <span class='ocrx_word' id='word_1_16' title='bbox 1020 535 1365 594; x_wconf 70' lang='lat' dir='ltr'><strong>absciderat.</strong></span> <span class='ocrx_word' id='word_1_17' title='bbox 1423 546 1590 604; x_wconf 86' lang='lat' dir='ltr'><strong>atque</strong></span> <span class='ocrx_word' id='word_1_18' title='bbox 1646 554 1749 591; x_wconf 86' lang='lat' dir='ltr'><strong>una</strong></span> <span class='ocrx_word' id='word_1_19' title='bbox 1821 555 1944 592; x_wconf 90' lang='lat' dir='ltr'><strong>cum</strong></span> <span class='ocrx_word' id='word_1_20' title='bbox 2029 541 2346 608; x_wconf 76' lang='lat' dir='ltr'><strong>Paphnutio</strong></span> 
     </span>
    </p>
   </div>
   <div class='ocr_carea' id='block_1_6' title="bbox 770 628 2348 697">
    <p class='ocr_par' dir='ltr' id='par_1_6' title="bbox 770 628 2348 697">
     <span class='ocr_line' id='line_1_6' title="bbox 770 628 2348 697; baseline 0.004 -17"><span class='ocrx_word' id='word_1_21' title='bbox 770 628 1134 697; x_wconf 57' lang='lat' dir='ltr'><strong>.l&#39;eyptiados</strong></span> <span class='ocrx_word' id='word_1_22' title='bbox 1173 628 1467 695; x_wconf 81' lang='lat' dir='ltr'><strong>episcopos</strong></span> <span class='ocrx_word' id='word_1_23' title='bbox 1497 629 1562 681; x_wconf 91' lang='lat' dir='ltr'><strong>ad</strong></span> <span class='ocrx_word' id='word_1_24' title='bbox 1595 631 1910 685; x_wconf 81' lang='lat' dir='ltr'><strong>etlodicnda</strong></span> <span class='ocrx_word' id='word_1_25' title='bbox 1949 634 2164 686; x_wconf 87' lang='lat' dir='ltr'><strong>metalla</strong></span> <span class='ocrx_word' id='word_1_26' title='bbox 2214 648 2348 688; x_wconf 85' lang='lat' dir='ltr'><strong>con-</strong></span> 
     </span>
    </p>
   </div>
   <div class='ocr_carea' id='block_1_7' title="bbox 751 719 2343 790">
    <p class='ocr_par' dir='ltr' id='par_1_7' title="bbox 751 719 2343 790">
     <span class='ocr_line' id='line_1_7' title="bbox 751 719 2343 790; baseline 0.004 -20"><span class='ocrx_word' id='word_1_27' title='bbox 751 723 1135 778; x_wconf 85' lang='lat' dir='ltr'><strong>demnaverat,</strong></span> <span class='ocrx_word' id='word_1_28' title='bbox 1189 719 1254 771; x_wconf 90' lang='lat' dir='ltr'><strong>ad</strong></span> <span class='ocrx_word' id='word_1_29' title='bbox 1303 719 1598 786; x_wconf 84' lang='lat' dir='ltr'><strong>DiOpoleos</strong></span> <span class='ocrx_word' id='word_1_30' title='bbox 1626 723 2006 790; x_wconf 78' lang='lat' dir='ltr'><strong>episcopatum</strong></span> <span class='ocrx_word' id='word_1_31' title='bbox 2059 733 2343 778; x_wconf 62' lang='lat' dir='ltr'><strong>evexerat.</strong></span> 
     </span>
    </p>
   </div>
   <div class='ocr_carea' id='block_1_8' title="bbox 750 811 2342 883">
    <p class='ocr_par' dir='ltr' id='par_1_8' title="bbox 750 811 2342 883">
     <span class='ocr_line' id='line_1_8' title="bbox 750 811 2342 883; baseline 0.007 -25"><span class='ocrx_word' id='word_1_32' title='bbox 750 811 904 876; x_wconf 75' lang='lat' dir='ltr'><strong>Quod</strong></span> <span class='ocrx_word' id='word_1_33' title='bbox 943 828 1066 861; x_wconf 82' lang='lat' dir='ltr'><strong>cum</strong></span> <span class='ocrx_word' id='word_1_34' title='bbox 1126 827 1268 878; x_wconf 65' lang='grc' dir='ltr'>ξιξεΓο</span> <span class='ocrx_word' id='word_1_35' title='bbox 1309 813 1514 864; x_wconf 83' lang='lat' dir='ltr'><strong>t‘crrent</strong></span> <span class='ocrx_word' id='word_1_36' title='bbox 1543 814 2028 883; x_wconf 72' lang='lat' dir='ltr'><strong>&quot;ierosolytnitani</strong></span> <span class='ocrx_word' id='word_1_37' title='bbox 2081 818 2150 877; x_wconf 86' lang='lat' dir='ltr'><strong>(is</strong></span> <span class='ocrx_word' id='word_1_38' title='bbox 2195 817 2342 869; x_wconf 88' lang='lat' dir='ltr'><strong>enim</strong></span> 
     </span>
    </p>
   </div>
   <div class='ocr_carea' id='block_1_9' title="bbox 751 901 2344 976">
    <p class='ocr_par' dir='ltr' id='par_1_9' title="bbox 751 901 2344 976">
     <span class='ocr_line' id='line_1_9' title="bbox 751 901 2344 976; baseline 0.011 -30"><span class='ocrx_word' id='word_1_39' title='bbox 751 910 875 969; x_wconf 77' lang='lat' dir='ltr'><strong>post</strong></span> <span class='ocrx_word' id='word_1_40' title='bbox 935 901 1157 954; x_wconf 85' lang='lat' dir='ltr'><strong>Macarii</strong></span> <span class='ocrx_word' id='word_1_41' title='bbox 1215 902 1426 954; x_wconf 88' lang='lat' dir='ltr'><strong>obitum</strong></span> <span class='ocrx_word' id='word_1_42' title='bbox 1481 902 1988 975; x_wconf 75' lang='lat' dir='ltr'><strong>IlicroSotymorum</strong></span> <span class='ocrx_word' id='word_1_43' title='bbox 2047 909 2344 976; x_wconf 85' lang='lat' dir='ltr'><strong>episcopus</strong></span> 
     </span>
    </p>
   </div>
   <div class='ocr_carea' id='block_1_10' title="bbox 710 993 2342 1069">
    <p class='ocr_par' dir='ltr' id='par_1_10' title="bbox 710 993 2342 1069">
     <span class='ocr_line' id='line_1_10' title="bbox 710 993 2342 1069; baseline 0.009 -27"><span class='ocrx_word' id='word_1_44' title='bbox 710 996 714 1000; x_wconf 80' lang='grc'><em>“</em></span> <span class='ocrx_word' id='word_1_45' title='bbox 747 993 1070 1063; x_wconf 75' lang='lat' dir='ltr'><strong>de-ignattts</strong></span> <span class='ocrx_word' id='word_1_46' title='bbox 1103 995 1325 1056; x_wconf 82' lang='lat' dir='ltr'><strong>fuerat),</strong></span> <span class='ocrx_word' id='word_1_47' title='bbox 1349 997 1698 1064; x_wconf 70' lang='lat' dir='ltr'><strong>pmnitudine</strong></span> <span class='ocrx_word' id='word_1_48' title='bbox 1729 999 1929 1052; x_wconf 90' lang='lat' dir='ltr'><strong>ductus</strong></span> <span class='ocrx_word' id='word_1_49' title='bbox 1955 1008 2034 1062; x_wconf 71' lang='lat' dir='ltr'><strong>est</strong></span> <span class='ocrx_word' id='word_1_50' title='bbox 2062 1000 2342 1069; x_wconf 88' lang='lat' dir='ltr'><strong>aliumque</strong></span> 
     </span>
    </p>
   </div>
   <div class='ocr_carea' id='block_1_11' title="bbox 759 1086 2342 1161">
    <p class='ocr_par' dir='ltr' id='par_1_11' title="bbox 759 1086 2342 1161">
     <span class='ocr_line' id='line_1_11' title="bbox 759 1086 2342 1161; baseline 0.007 -25"><span class='ocrx_word' id='word_1_51' title='bbox 759 1086 1120 1153; x_wconf 50' lang='lat' dir='ltr'><strong>I‘Iiapolitanis</strong></span> <span class='ocrx_word' id='word_1_52' title='bbox 1173 1087 1498 1155; x_wconf 87' lang='lat' dir='ltr'><strong>episcopum</strong></span> <span class='ocrx_word' id='word_1_53' title='bbox 1532 1089 1687 1142; x_wconf 78' lang='lat' dir='ltr'><strong>dedit</strong></span> <span class='ocrx_word' id='word_1_54' title='bbox 1721 1108 1733 1141; x_wconf 90' lang='lat'><strong>:</strong></span> <span class='ocrx_word' id='word_1_55' title='bbox 1774 1090 2184 1161; x_wconf 76' lang='lat' dir='ltr'><strong>Maximumqne</strong></span> <span class='ocrx_word' id='word_1_56' title='bbox 2214 1093 2342 1147; x_wconf 85' lang='lat' dir='ltr'><strong>Hic-</strong></span> 
     </span>
    </p>
   </div>
   <div class='ocr_carea' id='block_1_12' title="bbox 748 1177 2339 1251">
    <p class='ocr_par' dir='ltr' id='par_1_12' title="bbox 748 1177 2339 1251">
     <span class='ocr_line' id='line_1_12' title="bbox 748 1177 2339 1251; baseline 0.008 -23"><span class='ocrx_word' id='word_1_57' title='bbox 748 1177 1032 1229; x_wconf 64' lang='lat' dir='ltr'><strong>rrsnlvmis</strong></span> <span class='ocrx_word' id='word_1_58' title='bbox 1068 1193 1292 1230; x_wconf 84' lang='lat' dir='ltr'><strong>tnanere</strong></span> <span class='ocrx_word' id='word_1_59' title='bbox 1318 1180 1504 1248; x_wconf 72' lang='lat' dir='ltr'><strong>jussit,</strong></span> <span class='ocrx_word' id='word_1_60' title='bbox 1540 1197 1602 1234; x_wconf 84' lang='lat' dir='ltr'><strong>ea</strong></span> <span class='ocrx_word' id='word_1_61' title='bbox 1639 1181 1778 1251; x_wconf 68' lang='lat' dir='ltr'><strong>lege,</strong></span> <span class='ocrx_word' id='word_1_62' title='bbox 1811 1191 1868 1233; x_wconf 92' lang='lat' dir='ltr'><strong>ut</strong></span> <span class='ocrx_word' id='word_1_63' title='bbox 1899 1184 2214 1243; x_wconf 70' lang='lat' dir='ltr'><strong>sacerdotio</strong></span> <span class='ocrx_word' id='word_1_64' title='bbox 2253 1200 2339 1240; x_wconf 86' lang='lat' dir='ltr'><strong>se-</strong></span> 
     </span>
    </p>
   </div>
   <div class='ocr_carea' id='block_1_13' title="bbox 745 1267 2337 1341">
    <p class='ocr_par' dir='ltr' id='par_1_13' title="bbox 745 1267 2337 1341">
     <span class='ocr_line' id='line_1_13' title="bbox 745 1267 2337 1341; baseline 0.007 -26"><span class='ocrx_word' id='word_1_65' title='bbox 745 1283 869 1316; x_wconf 83' lang='lat' dir='ltr'><strong>cum</strong></span> <span class='ocrx_word' id='word_1_66' title='bbox 909 1267 1257 1333; x_wconf 72' lang='lat' dir='ltr'><strong>fungeretur,</strong></span> <span class='ocrx_word' id='word_1_67' title='bbox 1311 1283 1480 1334; x_wconf 77' lang='lat' dir='ltr'><strong>seque</strong></span> <span class='ocrx_word' id='word_1_68' title='bbox 1518 1278 1738 1321; x_wconf 81' lang='lat' dir='ltr'><strong>mortuo</strong></span> <span class='ocrx_word' id='word_1_69' title='bbox 1794 1271 2051 1326; x_wconf 64' lang='lat' dir='ltr'><strong>Ecclesia:</strong></span> <span class='ocrx_word' id='word_1_70' title='bbox 2089 1273 2337 1341; x_wconf 79' lang='lat' dir='ltr'><strong>pra-lice-</strong></span> 
     </span>
    </p>
   </div>
   <div class='ocr_carea' id='block_1_14' title="bbox 746 1356 2339 1424">
    <p class='ocr_par' dir='ltr' id='par_1_14' title="bbox 746 1356 2339 1424">
     <span class='ocr_line' id='line_1_14' title="bbox 746 1356 2339 1424; baseline 0.007 -17"><span class='ocrx_word' id='word_1_71' title='bbox 746 1368 921 1408; x_wconf 85' lang='lat' dir='ltr'><strong>retur.</strong></span> <span class='ocrx_word' id='word_1_72' title='bbox 961 1356 1093 1422; x_wconf 75' lang='lat' dir='ltr'><strong>Qua:</strong></span> <span class='ocrx_word' id='word_1_73' title='bbox 1124 1374 1251 1411; x_wconf 84' lang='lat' dir='ltr'><strong>cum</strong></span> <span class='ocrx_word' id='word_1_74' title='bbox 1283 1360 1626 1424; x_wconf 75' lang='lat' dir='ltr'><strong>arriStsscut,</strong></span> <span class='ocrx_word' id='word_1_75' title='bbox 1672 1360 1818 1416; x_wconf 80' lang='lat' dir='ltr'><strong>facto</strong></span> <span class='ocrx_word' id='word_1_76' title='bbox 1866 1362 2159 1418; x_wconf 76' lang='lat' dir='ltr'><strong>confestim</strong></span> <span class='ocrx_word' id='word_1_77' title='bbox 2189 1379 2339 1424; x_wconf 86' lang='lat' dir='ltr'><strong>cout-</strong></span> 
     </span>
    </p>
   </div>
   <div class='ocr_carea' id='block_1_15' title="bbox 759 1451 1162 1516">
    <p class='ocr_par' dir='ltr' id='par_1_15' title="bbox 759 1451 1162 1516">
     <span class='ocr_line' id='line_1_15' title="bbox 759 1451 1162 1516; baseline 0.02 -21"><span class='ocrx_word' id='word_1_78' title='bbox 759 1451 984 1516; x_wconf 80' lang='lat' dir='ltr'><strong>probata</strong></span> <span class='ocrx_word' id='word_1_79' title='bbox 1016 1463 1162 1503; x_wconf 88' lang='lat' dir='ltr'><strong>sunt.</strong></span> 
     </span>
    </p>
   </div>
   <div class='ocr_carea' id='block_1_16' title="bbox 817 1540 2336 1617">
    <p class='ocr_par' dir='ltr' id='par_1_16' title="bbox 817 1540 2336 1617">
     <span class='ocr_line' id='line_1_16' title="bbox 817 1540 2336 1617; baseline 0.008 -25"><span class='ocrx_word' id='word_1_80' title='bbox 817 1541 1084 1594; x_wconf 75' lang='lat' dir='ltr'><strong>Maximus</strong></span> <span class='ocrx_word' id='word_1_81' title='bbox 1175 1542 1362 1610; x_wconf 79' lang='lat' dir='ltr'><strong>itaque</strong></span> <span class='ocrx_word' id='word_1_82' title='bbox 1444 1540 1954 1614; x_wconf 81' lang='lat' dir='ltr'><strong>Hierosolymorum</strong></span> <span class='ocrx_word' id='word_1_83' title='bbox 2041 1549 2336 1617; x_wconf 84' lang='lat' dir='ltr'><strong>episcOpus</strong></span> 
     </span>
    </p>
   </div>
   <div class='ocr_carea' id='block_1_17' title="bbox 740 1636 2335 1711">
    <p class='ocr_par' dir='ltr' id='par_1_17' title="bbox 740 1636 2335 1711">
     <span class='ocr_line' id='line_1_17' title="bbox 740 1636 2335 1711; baseline 0.008 -27"><span class='ocrx_word' id='word_1_84' title='bbox 740 1644 980 1692; x_wconf 79' lang='lat' dir='ltr'><strong>creatus,</strong></span> <span class='ocrx_word' id='word_1_85' title='bbox 1013 1636 1199 1687; x_wconf 79' lang='lat' dir='ltr'><strong>nescio</strong></span> <span class='ocrx_word' id='word_1_86' title='bbox 1218 1636 1348 1702; x_wconf 87' lang='lat' dir='ltr'><strong>quid</strong></span> <span class='ocrx_word' id='word_1_87' title='bbox 1376 1637 1699 1690; x_wconf 85' lang='lat' dir='ltr'><strong>humanitus</strong></span> <span class='ocrx_word' id='word_1_88' title='bbox 1723 1653 2016 1708; x_wconf 87' lang='lat' dir='ltr'><strong>perpessus</strong></span> <span class='ocrx_word' id='word_1_89' title='bbox 2035 1650 2141 1706; x_wconf 90' lang='lat' dir='ltr'><strong>est,</strong></span> <span class='ocrx_word' id='word_1_90' title='bbox 2167 1653 2335 1711; x_wconf 89' lang='lat' dir='ltr'><strong>atque</strong></span> 
     </span>
    </p>
   </div>
   <div class='ocr_carea' id='block_1_18' title="bbox 745 1727 2334 1796">
    <p class='ocr_par' dir='ltr' id='par_1_18' title="bbox 745 1727 2334 1796">
     <span class='ocr_line' id='line_1_18' title="bbox 745 1727 2334 1796; baseline 0.009 -21"><span class='ocrx_word' id='word_1_91' title='bbox 745 1741 806 1777; x_wconf 78' lang='lat' dir='ltr'><strong>ca</strong></span> <span class='ocrx_word' id='word_1_92' title='bbox 834 1727 884 1777; x_wconf 91' lang='lat' dir='ltr'><strong>in</strong></span> <span class='ocrx_word' id='word_1_93' title='bbox 926 1728 1133 1796; x_wconf 75' lang='lat' dir='ltr'><strong>synmlo</strong></span> <span class='ocrx_word' id='word_1_94' title='bbox 1163 1743 1328 1788; x_wconf 79' lang='lat' dir='ltr'><strong>quam</strong></span> <span class='ocrx_word' id='word_1_95' title='bbox 1389 1729 1662 1782; x_wconf 70' lang='lat' dir='ltr'><strong>Eusebius</strong></span> <span class='ocrx_word' id='word_1_96' title='bbox 1713 1729 2154 1788; x_wconf 77' lang='lat' dir='ltr'><strong>Nicomediensis</strong></span> <span class='ocrx_word' id='word_1_97' title='bbox 2205 1736 2334 1788; x_wconf 84' lang='lat' dir='ltr'><strong>Hic-</strong></span> 
     </span>
    </p>
   </div>
   <div class='ocr_carea' id='block_1_19' title="bbox 743 1820 2333 1889">
    <p class='ocr_par' dir='ltr' id='par_1_19' title="bbox 743 1820 2333 1889">
     <span class='ocr_line' id='line_1_19' title="bbox 743 1820 2333 1889; baseline 0.005 -21"><span class='ocrx_word' id='word_1_98' title='bbox 743 1820 1016 1886; x_wconf 73' lang='lat' dir='ltr'><strong>t‘OSttlyma</strong></span> <span class='ocrx_word' id='word_1_99' title='bbox 1059 1830 1479 1880; x_wconf 82' lang='lat' dir='ltr'><strong>convocaverat,</strong></span> <span class='ocrx_word' id='word_1_100' title='bbox 1508 1835 1620 1888; x_wconf 91' lang='lat' dir='ltr'><strong>quo</strong></span> <span class='ocrx_word' id='word_1_101' title='bbox 1654 1829 1905 1889; x_wconf 86' lang='lat' dir='ltr'><strong>tempore</strong></span> <span class='ocrx_word' id='word_1_102' title='bbox 1931 1823 2152 1876; x_wconf 76' lang='lat' dir='ltr'><strong>Maximi</strong></span> <span class='ocrx_word' id='word_1_103' title='bbox 2189 1842 2333 1880; x_wconf 84' lang='lat' dir='ltr'><strong>tuar-</strong></span> 
     </span>
    </p>
   </div>
   <div class='ocr_carea' id='block_1_20' title="bbox 741 1911 2331 1985">
    <p class='ocr_par' dir='ltr' id='par_1_20' title="bbox 741 1911 2331 1985">
     <span class='ocr_line' id='line_1_20' title="bbox 741 1911 2331 1985; baseline 0.006 -22"><span class='ocrx_word' id='word_1_104' title='bbox 741 1913 862 1982; x_wconf 78' lang='lat' dir='ltr'><strong>tyrii</strong></span> <span class='ocrx_word' id='word_1_105' title='bbox 907 1913 1160 1964; x_wconf 72' lang='lat' dir='ltr'><strong>Eltt&#39;:I‘l2la</strong></span> <span class='ocrx_word' id='word_1_106' title='bbox 1215 1911 1484 1964; x_wconf 74' lang='lat' dir='ltr'><strong>celebrata</strong></span> <span class='ocrx_word' id='word_1_107' title='bbox 1528 1921 1677 1974; x_wconf 85' lang='lat' dir='ltr'><strong>sunt,</strong></span> <span class='ocrx_word' id='word_1_108' title='bbox 1717 1913 1990 1968; x_wconf 72' lang='lat' dir='ltr'><strong>Athanasii</strong></span> <span class='ocrx_word' id='word_1_109' title='bbox 2027 1914 2201 1985; x_wconf 84' lang='lat' dir='ltr'><strong>Magni</strong></span> <span class='ocrx_word' id='word_1_110' title='bbox 2233 1918 2331 1972; x_wconf 88' lang='lat' dir='ltr'><strong>de-</strong></span> 
     </span>
    </p>
   </div>
   <div class='ocr_carea' id='block_1_21' title="bbox 741 2005 2328 2072">
    <p class='ocr_par' dir='ltr' id='par_1_21' title="bbox 741 2005 2328 2072">
     <span class='ocr_line' id='line_1_21' title="bbox 741 2005 2328 2072; baseline 0.007 -21"><span class='ocrx_word' id='word_1_111' title='bbox 741 2005 998 2065; x_wconf 71' lang='grc' dir='ltr'><strong>μρεῡιὶοηι</strong></span> <span class='ocrx_word' id='word_1_112' title='bbox 1025 2005 1376 2072; x_wconf 72' lang='lat' dir='ltr'><strong>subscripsit.</strong></span> <span class='ocrx_word' id='word_1_113' title='bbox 1415 2005 1608 2057; x_wconf 70' lang='lat' dir='ltr'><strong>Postea</strong></span> <span class='ocrx_word' id='word_1_114' title='bbox 1659 2021 1791 2059; x_wconf 88' lang='lat' dir='ltr'><strong>vero</strong></span> <span class='ocrx_word' id='word_1_115' title='bbox 1841 2008 2019 2072; x_wconf 85' lang='lat' dir='ltr'><strong>topica</strong></span> <span class='ocrx_word' id='word_1_116' title='bbox 2039 2024 2135 2062; x_wconf 84' lang='lat' dir='ltr'><strong>seu</strong></span> <span class='ocrx_word' id='word_1_117' title='bbox 2170 2009 2328 2062; x_wconf 88' lang='lat' dir='ltr'><strong>locali</strong></span> 
     </span>
    </p>
   </div>
   <div class='ocr_carea' id='block_1_22' title="bbox 735 2092 2325 2165">
    <p class='ocr_par' dir='ltr' id='par_1_22' title="bbox 735 2092 2325 2165">
     <span class='ocr_line' id='line_1_22' title="bbox 735 2092 2325 2165; baseline 0.004 -18"><span class='ocrx_word' id='word_1_118' title='bbox 735 2096 943 2165; x_wconf 75' lang='lat' dir='ltr'><strong>synodo</strong></span> <span class='ocrx_word' id='word_1_119' title='bbox 964 2092 1271 2151; x_wconf 76' lang='lat' dir='ltr'><strong>Sarcicens:</strong></span> <span class='ocrx_word' id='word_1_120' title='bbox 1293 2108 1501 2157; x_wconf 86' lang='lat' dir='ltr'><strong>coacta,</strong></span> <span class='ocrx_word' id='word_1_121' title='bbox 1522 2113 1627 2149; x_wconf 87' lang='lat' dir='ltr'><strong>una</strong></span> <span class='ocrx_word' id='word_1_122' title='bbox 1653 2112 1773 2149; x_wconf 85' lang='lat' dir='ltr'><strong>cum</strong></span> <span class='ocrx_word' id='word_1_123' title='bbox 1792 2113 1855 2154; x_wconf 83' lang='lat' dir='ltr'><strong>eo</strong></span> <span class='ocrx_word' id='word_1_124' title='bbox 1879 2101 2325 2156; x_wconf 71' lang='lat' dir='ltr'><strong>communicavit.</strong></span> 
     </span>
    </p>
   </div>
   <div class='ocr_carea' id='block_1_23' title="bbox 803 2188 2328 2258">
    <p class='ocr_par' dir='ltr' id='par_1_23' title="bbox 803 2188 2328 2258">
     <span class='ocr_line' id='line_1_23' title="bbox 803 2188 2328 2258; baseline 0.003 -16"><span class='ocrx_word' id='word_1_125' title='bbox 803 2190 922 2242; x_wconf 83' lang='lat' dir='ltr'><strong>.lum</strong></span> <span class='ocrx_word' id='word_1_126' title='bbox 955 2200 1070 2257; x_wconf 77' lang='lat' dir='ltr'><strong>post</strong></span> <span class='ocrx_word' id='word_1_127' title='bbox 1109 2188 1417 2242; x_wconf 81' lang='lat' dir='ltr'><strong>Constantii</strong></span> <span class='ocrx_word' id='word_1_128' title='bbox 1452 2189 1692 2251; x_wconf 89' lang='lat' dir='ltr'><strong>obitum,</strong></span> <span class='ocrx_word' id='word_1_129' title='bbox 1733 2192 1826 2258; x_wconf 97' lang='lat' dir='ltr'><strong>qui</strong></span> <span class='ocrx_word' id='word_1_130' title='bbox 1860 2191 1928 2244; x_wconf 89' lang='lat' dir='ltr'><strong>ab</strong></span> <span class='ocrx_word' id='word_1_131' title='bbox 1971 2193 2173 2247; x_wconf 72' lang='lat' dir='ltr'><strong>Acacio</strong></span> <span class='ocrx_word' id='word_1_132' title='bbox 2217 2195 2328 2248; x_wconf 87' lang='grc' dir='ltr'>Ειι-</span> 
     </span>
    </p>
   </div>
   <div class='ocr_carea' id='block_1_24' title="bbox 731 2283 2328 2355">
    <p class='ocr_par' dir='ltr' id='par_1_24' title="bbox 731 2283 2328 2355">
     <span class='ocr_line' id='line_1_24' title="bbox 731 2283 2328 2355; baseline 0 -19"><span class='ocrx_word' id='word_1_133' title='bbox 731 2284 866 2337; x_wconf 60' lang='grc' dir='ltr'><strong>ςιυιιίἰ</strong></span> <span class='ocrx_word' id='word_1_134' title='bbox 906 2283 1175 2351; x_wconf 67' lang='grc' dir='ltr'><strong>Ρέιιι“ιιιΙΙ.ΙῘ</strong></span> <span class='ocrx_word' id='word_1_135' title='bbox 1220 2298 1566 2346; x_wconf 81' lang='lat' dir='ltr'><strong>successore,</strong></span> <span class='ocrx_word' id='word_1_136' title='bbox 1614 2286 1846 2354; x_wconf 81' lang='lat' dir='ltr'><strong>ejusque</strong></span> <span class='ocrx_word' id='word_1_137' title='bbox 1887 2284 2169 2347; x_wconf 62' lang='lat' dir='ltr'><strong>Caesarem,</strong></span> <span class='ocrx_word' id='word_1_138' title='bbox 2204 2304 2328 2355; x_wconf 64' lang='lat' dir='ltr'><strong>quae</strong></span> 
     </span>
    </p>
   </div>
   <div class='ocr_carea' id='block_1_25' title="bbox 733 2373 2326 2446">
    <p class='ocr_par' dir='ltr' id='par_1_25' title="bbox 733 2373 2326 2446">
     <span class='ocr_line' id='line_1_25' title="bbox 733 2373 2326 2446; baseline 0.004 -20"><span class='ocrx_word' id='word_1_139' title='bbox 733 2377 785 2426; x_wconf 89' lang='lat' dir='ltr'><strong>in</strong></span> <span class='ocrx_word' id='word_1_140' title='bbox 834 2373 1121 2427; x_wconf 74' lang='lat' dir='ltr'><strong>I’ala-stina</strong></span> <span class='ocrx_word' id='word_1_141' title='bbox 1164 2382 1270 2430; x_wconf 86' lang='lat' dir='ltr'><strong>est,</strong></span> <span class='ocrx_word' id='word_1_142' title='bbox 1315 2373 1598 2440; x_wconf 87' lang='lat' dir='ltr'><strong>episcopo,</strong></span> <span class='ocrx_word' id='word_1_143' title='bbox 1635 2389 1739 2427; x_wconf 76' lang='lat' dir='ltr'><strong>nec</strong></span> <span class='ocrx_word' id='word_1_144' title='bbox 1787 2390 1897 2428; x_wconf 86' lang='lat' dir='ltr'><strong>non</strong></span> <span class='ocrx_word' id='word_1_145' title='bbox 1939 2391 1968 2428; x_wconf 90' lang='lat' dir='ltr'><strong>a</strong></span> <span class='ocrx_word' id='word_1_146' title='bbox 2008 2378 2326 2446; x_wconf 81' lang='lat' dir='ltr'><strong>Patropliilo</strong></span> 
     </span>
    </p>
   </div>
   <div class='ocr_carea' id='block_1_26' title="bbox 729 2465 2322 2540">
    <p class='ocr_par' dir='ltr' id='par_1_26' title="bbox 729 2465 2322 2540">
     <span class='ocr_line' id='line_1_26' title="bbox 729 2465 2322 2540; baseline 0.002 -21"><span class='ocrx_word' id='word_1_147' title='bbox 729 2466 1183 2533; x_wconf 78' lang='lat' dir='ltr'><strong>Scythopolitano</strong></span> <span class='ocrx_word' id='word_1_148' title='bbox 1227 2465 1466 2529; x_wconf 70' lang='lat' dir='ltr'><strong>stabant,</strong></span> <span class='ocrx_word' id='word_1_149' title='bbox 1509 2465 1556 2519; x_wconf 86' lang='lat' dir='ltr'><strong>ei</strong></span> <span class='ocrx_word' id='word_1_150' title='bbox 1591 2465 1918 2534; x_wconf 78' lang='lat' dir='ltr'><strong>objceerunt</strong></span> <span class='ocrx_word' id='word_1_151' title='bbox 1959 2470 2106 2536; x_wconf 89' lang='lat' dir='ltr'><strong>quod</strong></span> <span class='ocrx_word' id='word_1_152' title='bbox 2157 2486 2322 2540; x_wconf 84' lang='lat' dir='ltr'><strong>quem</strong></span> 
     </span>
    </p>
   </div>
   <div class='ocr_carea' id='block_1_27' title="bbox 729 2559 2320 2629">
    <p class='ocr_par' dir='ltr' id='par_1_27' title="bbox 729 2559 2320 2629">
     <span class='ocr_line' id='line_1_27' title="bbox 729 2559 2320 2629; baseline 0.003 -16"><span class='ocrx_word' id='word_1_153' title='bbox 729 2560 884 2628; x_wconf 77' lang='lat' dir='ltr'><strong>prius</strong></span> <span class='ocrx_word' id='word_1_154' title='bbox 921 2559 1277 2627; x_wconf 89' lang='lat' dir='ltr'><strong>deposuerat,</strong></span> <span class='ocrx_word' id='word_1_155' title='bbox 1321 2575 1447 2614; x_wconf 90' lang='lat' dir='ltr'><strong>eum</strong></span> <span class='ocrx_word' id='word_1_156' title='bbox 1481 2571 1669 2628; x_wconf 84' lang='lat' dir='ltr'><strong>postea</strong></span> <span class='ocrx_word' id='word_1_157' title='bbox 1717 2561 2064 2629; x_wconf 69' lang='lat' dir='ltr'><strong>paenitudine</strong></span> <span class='ocrx_word' id='word_1_158' title='bbox 2117 2562 2320 2618; x_wconf 88' lang='lat' dir='ltr'><strong>ductus</strong></span> 
     </span>
    </p>
   </div>
   <div class='ocr_carea' id='block_1_28' title="bbox 727 2664 1059 2708">
    <p class='ocr_par' dir='ltr' id='par_1_28' title="bbox 727 2664 1059 2708">
     <span class='ocr_line' id='line_1_28' title="bbox 727 2664 1059 2708; baseline 0 -3"><span class='ocrx_word' id='word_1_159' title='bbox 727 2664 1059 2708; x_wconf 70' lang='lat' dir='ltr'><strong>H‘\&#39;0C8$SCL</strong></span> 
     </span>
    </p>
   </div>
   <div class='ocr_carea' id='block_1_29' title="bbox 800 2744 2324 2820">
    <p class='ocr_par' dir='ltr' id='par_1_29' title="bbox 800 2744 2324 2820">
     <span class='ocr_line' id='line_1_29' title="bbox 800 2744 2324 2820; baseline 0.003 -21"><span class='ocrx_word' id='word_1_160' title='bbox 800 2744 873 2800; x_wconf 80' lang='lat' dir='ltr'><strong>Ea</strong></span> <span class='ocrx_word' id='word_1_161' title='bbox 904 2760 1037 2814; x_wconf 81' lang='lat' dir='ltr'><strong>ergo</strong></span> <span class='ocrx_word' id='word_1_162' title='bbox 1084 2745 1149 2799; x_wconf 90' lang='lat' dir='ltr'><strong>de</strong></span> <span class='ocrx_word' id='word_1_163' title='bbox 1181 2759 1346 2800; x_wconf 89' lang='lat' dir='ltr'><strong>causa</strong></span> <span class='ocrx_word' id='word_1_164' title='bbox 1383 2745 1680 2800; x_wconf 69' lang='lat' dir='ltr'><strong>Maximum</strong></span> <span class='ocrx_word' id='word_1_165' title='bbox 1731 2747 2054 2818; x_wconf 80' lang='lat' dir='ltr'><strong>episcopatu</strong></span> <span class='ocrx_word' id='word_1_166' title='bbox 2105 2749 2324 2820; x_wconf 85' lang='lat' dir='ltr'><strong>dcjece-</strong></span> 
     </span>
    </p>
   </div>
   <div class='ocr_carea' id='block_1_30' title="bbox 726 2839 2356 2910">
    <p class='ocr_par' dir='ltr' id='par_1_30' title="bbox 726 2839 2356 2910">
     <span class='ocr_line' id='line_1_30' title="bbox 726 2839 2356 2910; baseline 0.003 -21"><span class='ocrx_word' id='word_1_167' title='bbox 726 2849 878 2901; x_wconf 75' lang='lat' dir='ltr'><strong>runt,</strong></span> <span class='ocrx_word' id='word_1_168' title='bbox 939 2839 1339 2909; x_wconf 78' lang='lat' dir='ltr'><strong>Cyrillunujue,</strong></span> <span class='ocrx_word' id='word_1_169' title='bbox 1387 2841 1481 2908; x_wconf 89' lang='lat' dir='ltr'><strong>qui</strong></span> <span class='ocrx_word' id='word_1_170' title='bbox 1541 2839 1792 2907; x_wconf 80' lang='lat' dir='ltr'><strong>ejusdem</strong></span> <span class='ocrx_word' id='word_1_171' title='bbox 1834 2856 1958 2894; x_wconf 92' lang='lat' dir='ltr'><strong>cum</strong></span> <span class='ocrx_word' id='word_1_172' title='bbox 2016 2842 2149 2910; x_wconf 84' lang='lat' dir='ltr'><strong>ipsis</strong></span> <span class='ocrx_word' id='word_1_173' title='bbox 2207 2843 2356 2895; x_wconf 60' lang='lat' dir='ltr'><strong>h:c-’</strong></span> 
     </span>
    </p>
   </div>
   <div class='ocr_carea' id='block_1_31' title="bbox 724 2930 2317 2995">
    <p class='ocr_par' dir='ltr' id='par_1_31' title="bbox 724 2930 2317 2995">
     <span class='ocr_line' id='line_1_31' title="bbox 724 2930 2317 2995; baseline 0.004 -14"><span class='ocrx_word' id='word_1_174' title='bbox 724 2944 912 2981; x_wconf 72' lang='lat' dir='ltr'><strong>resms</strong></span> <span class='ocrx_word' id='word_1_175' title='bbox 967 2945 1194 2983; x_wconf 74' lang='lat' dir='ltr'><strong>consors</strong></span> <span class='ocrx_word' id='word_1_176' title='bbox 1253 2930 1297 2981; x_wconf 85' lang='lat' dir='ltr'><strong>si</strong></span> <span class='ocrx_word' id='word_1_177' title='bbox 1367 2944 1475 2982; x_wconf 90' lang='lat' dir='ltr'><strong>non</strong></span> <span class='ocrx_word' id='word_1_178' title='bbox 1527 2939 1696 2993; x_wconf 84' lang='lat' dir='ltr'><strong>esset,</strong></span> <span class='ocrx_word' id='word_1_179' title='bbox 1751 2933 1943 2984; x_wconf 82' lang='lat' dir='ltr'><strong>sallcm</strong></span> <span class='ocrx_word' id='word_1_180' title='bbox 2000 2933 2317 2995; x_wconf 84' lang='lat' dir='ltr'><strong>haberetur,</strong></span> 
     </span>
    </p>
   </div>
   <div class='ocr_carea' id='block_1_32' title="bbox 721 3021 2320 3092">
    <p class='ocr_par' dir='ltr' id='par_1_32' title="bbox 721 3021 2320 3092">
     <span class='ocr_line' id='line_1_32' title="bbox 721 3021 2320 3092; baseline 0.003 -18"><span class='ocrx_word' id='word_1_181' title='bbox 721 3026 1058 3074; x_wconf 85' lang='lat' dir='ltr'><strong>asciverunt.</strong></span> <span class='ocrx_word' id='word_1_182' title='bbox 1118 3021 1219 3074; x_wconf 78' lang='lat' dir='ltr'><strong>llic</strong></span> <span class='ocrx_word' id='word_1_183' title='bbox 1262 3021 1329 3075; x_wconf 86' lang='lat' dir='ltr'><strong>de</strong></span> <span class='ocrx_word' id='word_1_184' title='bbox 1380 3023 1619 3091; x_wconf 89' lang='lat' dir='ltr'><strong>primatu</strong></span> <span class='ocrx_word' id='word_1_185' title='bbox 1659 3038 1784 3077; x_wconf 87' lang='lat' dir='ltr'><strong>cum</strong></span> <span class='ocrx_word' id='word_1_186' title='bbox 1823 3023 2090 3092; x_wconf 67' lang='lat' dir='ltr'><strong>praedicto</strong></span> <span class='ocrx_word' id='word_1_187' title='bbox 2119 3026 2320 3080; x_wconf 80' lang='lat' dir='ltr'><strong>Acacio</strong></span> 
     </span>
    </p>
   </div>
   <div class='ocr_carea' id='block_1_33' title="bbox 2459 536 3790 607">
    <p class='ocr_par' dir='ltr' id='par_1_33' title="bbox 2459 536 3790 607">
     <span class='ocr_line' id='line_1_33' title="bbox 2459 536 3790 607; baseline 0.003 -18"><span class='ocrx_word' id='word_1_188' title='bbox 2459 536 2801 606; x_wconf 75' lang='lat' dir='ltr'><strong>suﬂragatus</strong></span> <span class='ocrx_word' id='word_1_189' title='bbox 2825 546 2930 591; x_wconf 92' lang='lat' dir='ltr'><strong>cst.</strong></span> <span class='ocrx_word' id='word_1_190' title='bbox 2959 539 3139 606; x_wconf 82' lang='lat' dir='ltr'><strong>Atque</strong></span> <span class='ocrx_word' id='word_1_191' title='bbox 3166 537 3232 592; x_wconf 89' lang='lat' dir='ltr'><strong>de</strong></span> <span class='ocrx_word' id='word_1_192' title='bbox 3263 536 3471 607; x_wconf 90' lang='lat' dir='ltr'><strong>Cyrillo</strong></span> <span class='ocrx_word' id='word_1_193' title='bbox 3501 538 3790 595; x_wconf 84' lang='lat' dir='ltr'><strong>hactenus.</strong></span> 
     </span>
    </p>
   </div>
   <div class='ocr_carea' id='block_1_34' title="bbox 3073 646 3405 703">
    <p class='ocr_par' dir='ltr' id='par_1_34' title="bbox 3073 646 3405 703">
     <span class='ocr_line' id='line_1_34' title="bbox 3073 646 3405 703; baseline 0.003 -4"><span class='ocrx_word' id='word_1_194' title='bbox 3073 646 3225 702; x_wconf 82' lang='lat' dir='ltr'><strong>CAP.</strong></span> <span class='ocrx_word' id='word_1_195' title='bbox 3264 647 3405 703; x_wconf 78' lang='lat' dir='ltr'><strong>XVI.</strong></span> 
     </span>
    </p>
   </div>
   <div class='ocr_carea' id='block_1_35' title="bbox 2453 756 4032 828">
    <p class='ocr_par' dir='ltr' id='par_1_35' title="bbox 2453 756 4032 828">
     <span class='ocr_line' id='line_1_35' title="bbox 2453 756 4032 828; baseline 0.004 -19"><span class='ocrx_word' id='word_1_196' title='bbox 2453 756 2532 810; x_wconf 83' lang='lat' dir='ltr'><strong>De</strong></span> <span class='ocrx_word' id='word_1_197' title='bbox 2584 757 2876 811; x_wconf 77' lang='lat' dir='ltr'><strong>Macedonii</strong></span> <span class='ocrx_word' id='word_1_198' title='bbox 2942 757 3519 821; x_wconf 72' lang='lat' dir='ltr'><strong>Constantinopolituui</strong></span> <span class='ocrx_word' id='word_1_199' title='bbox 3576 763 3795 828; x_wconf 74' lang='lat' dir='ltr'><strong>episcopi</strong></span> <span class='ocrx_word' id='word_1_200' title='bbox 3852 765 4032 816; x_wconf 83' lang='lat' dir='ltr'><strong>crimi-</strong></span> 
     </span>
    </p>
   </div>
   <div class='ocr_carea' id='block_1_36' title="bbox 2525 829 4030 898">
    <p class='ocr_par' dir='ltr' id='par_1_36' title="bbox 2525 829 4030 898">
     <span class='ocr_line' id='line_1_36' title="bbox 2525 829 4030 898; baseline 0.006 -20"><span class='ocrx_word' id='word_1_201' title='bbox 2525 829 2698 884; x_wconf 71' lang='lat' dir='ltr'><strong>nibus.</strong></span> <span class='ocrx_word' id='word_1_202' title='bbox 2728 840 2774 880; x_wconf 85' lang='lat' dir='ltr'><strong>et</strong></span> <span class='ocrx_word' id='word_1_203' title='bbox 2799 830 2937 883; x_wconf 70' lang='lat' dir='ltr'><strong>circle</strong></span> <span class='ocrx_word' id='word_1_204' title='bbox 2963 839 3069 891; x_wconf 69' lang='lat' dir='ltr'><strong>tam</strong></span> <span class='ocrx_word' id='word_1_205' title='bbox 3101 829 3494 885; x_wconf 81' lang='lat' dir='ltr'><strong>Catholicorum</strong></span> <span class='ocrx_word' id='word_1_206' title='bbox 3519 847 3679 898; x_wconf 85' lang='lat' dir='ltr'><strong>quam</strong></span> <span class='ocrx_word' id='word_1_207' title='bbox 3711 834 4030 887; x_wconf 74' lang='lat' dir='ltr'><strong>Arianorum</strong></span> 
     </span>
    </p>
   </div>
   <div class='ocr_carea' id='block_1_37' title="bbox 2522 899 4020 980">
    <p class='ocr_par' dir='ltr' id='par_1_37' title="bbox 2522 899 4020 980">
     <span class='ocr_line' id='line_1_37' title="bbox 2522 899 4020 980; baseline 0.007 -34"><span class='ocrx_word' id='word_1_208' title='bbox 2522 899 2584 979; x_wconf 63' lang='lat' dir='ltr'><strong>ob</strong></span> <span class='ocrx_word' id='word_1_209' title='bbox 2614 915 2782 980; x_wconf 66' lang='lat' dir='ltr'><strong>sacro.-</strong></span> <span class='ocrx_word' id='word_1_210' title='bbox 2820 901 3157 980; x_wconf 68' lang='lat' dir='ltr'><strong>imperatoris</strong></span> <span class='ocrx_word' id='word_1_211' title='bbox 3194 900 3536 954; x_wconf 71' lang='lat' dir='ltr'><strong>Constantini</strong></span> <span class='ocrx_word' id='word_1_212' title='bbox 3573 917 3749 970; x_wconf 69' lang='lat' dir='ltr'><strong>capsa</strong></span> <span class='ocrx_word' id='word_1_213' title='bbox 3781 905 4020 956; x_wconf 73' lang='lat' dir='ltr'><strong>transla-</strong></span> 
     </span>
    </p>
   </div>
   <div class='ocr_carea' id='block_1_38' title="bbox 2519 968 3398 1038">
    <p class='ocr_par' dir='ltr' id='par_1_38' title="bbox 2519 968 3398 1038">
     <span class='ocr_line' id='line_1_38' title="bbox 2519 968 3398 1038; baseline 0.003 -18"><span class='ocrx_word' id='word_1_214' title='bbox 2519 968 2712 1020; x_wconf 79' lang='lat' dir='ltr'><strong>tionem</strong></span> <span class='ocrx_word' id='word_1_215' title='bbox 2737 971 2852 1038; x_wconf 73' lang='lat' dir='ltr'><strong>ipso</strong></span> <span class='ocrx_word' id='word_1_216' title='bbox 2882 968 2935 1021; x_wconf 83' lang='lat' dir='ltr'><strong>in</strong></span> <span class='ocrx_word' id='word_1_217' title='bbox 2968 969 3160 1038; x_wconf 82' lang='lat' dir='ltr'><strong>templo</strong></span> <span class='ocrx_word' id='word_1_218' title='bbox 3191 981 3398 1024; x_wconf 69' lang='lat' dir='ltr'><strong>exorta.</strong></span> 
     </span>
    </p>
   </div>
   <div class='ocr_carea' id='block_1_39' title="bbox 2522 1079 4033 1157">
    <p class='ocr_par' dir='ltr' id='par_1_39' title="bbox 2522 1079 4033 1157">
     <span class='ocr_line' id='line_1_39' title="bbox 2522 1079 4033 1157; baseline 0.007 -25"><span class='ocrx_word' id='word_1_219' title='bbox 2522 1079 2884 1135; x_wconf 80' lang='lat' dir='ltr'><strong>Macedonius</strong></span> <span class='ocrx_word' id='word_1_220' title='bbox 2917 1092 3102 1137; x_wconf 88' lang='lat' dir='ltr'><strong>autem</strong></span> <span class='ocrx_word' id='word_1_221' title='bbox 3137 1082 3698 1154; x_wconf 81' lang='lat' dir='ltr'><strong>Constantinopoleos</strong></span> <span class='ocrx_word' id='word_1_222' title='bbox 3737 1089 4033 1157; x_wconf 81' lang='lat' dir='ltr'><strong>episcopus</strong></span> 
     </span>
    </p>
   </div>
   <div class='ocr_carea' id='block_1_40' title="bbox 2447 1173 4032 1249">
    <p class='ocr_par' dir='ltr' id='par_1_40' title="bbox 2447 1173 4032 1249">
     <span class='ocr_line' id='line_1_40' title="bbox 2447 1173 4032 1249; baseline 0.006 -25"><span class='ocrx_word' id='word_1_223' title='bbox 2447 1188 2578 1226; x_wconf 89' lang='lat' dir='ltr'><strong>reus</strong></span> <span class='ocrx_word' id='word_1_224' title='bbox 2617 1173 2826 1228; x_wconf 71' lang='lat' dir='ltr'><strong>idcirco</strong></span> <span class='ocrx_word' id='word_1_225' title='bbox 2851 1174 3228 1240; x_wconf 74' lang='lat' dir='ltr'><strong>deferebatur,</strong></span> <span class='ocrx_word' id='word_1_226' title='bbox 3259 1177 3391 1246; x_wconf 85' lang='lat' dir='ltr'><strong>quia</strong></span> <span class='ocrx_word' id='word_1_227' title='bbox 3423 1177 3707 1232; x_wconf 81' lang='lat' dir='ltr'><strong>Eleusium</strong></span> <span class='ocrx_word' id='word_1_228' title='bbox 3735 1182 4032 1249; x_wconf 73' lang='lat' dir='ltr'><strong>quemdam</strong></span> 
     </span>
    </p>
   </div>
   <div class='ocr_carea' id='block_1_41' title="bbox 2443 1262 4006 1340">
    <p class='ocr_par' dir='ltr' id='par_1_41' title="bbox 2443 1262 4006 1340">
     <span class='ocr_line' id='line_1_41' title="bbox 2443 1262 4006 1340; baseline 0.006 -25"><span class='ocrx_word' id='word_1_229' title='bbox 2443 1271 2499 1315; x_wconf 90' lang='lat' dir='ltr'><strong>et</strong></span> <span class='ocrx_word' id='word_1_230' title='bbox 2526 1262 2940 1316; x_wconf 74' lang='lat' dir='ltr'><strong>Marathoniam</strong></span> <span class='ocrx_word' id='word_1_231' title='bbox 2972 1266 3196 1320; x_wconf 78' lang='lat' dir='ltr'><strong>sceleris</strong></span> <span class='ocrx_word' id='word_1_232' title='bbox 3236 1277 3525 1322; x_wconf 79' lang='lat' dir='ltr'><strong>consortes</strong></span> <span class='ocrx_word' id='word_1_233' title='bbox 3569 1268 3858 1330; x_wconf 81' lang='lat' dir='ltr'><strong>habuerat,</strong></span> <span class='ocrx_word' id='word_1_234' title='bbox 3895 1287 4006 1340; x_wconf 80' lang='lat' dir='ltr'><strong>quo</strong></span> 
     </span>
    </p>
   </div>
   <div class='ocr_carea' id='block_1_42' title="bbox 2444 1353 4032 1430">
    <p class='ocr_par' dir='ltr' id='par_1_42' title="bbox 2444 1353 4032 1430">
     <span class='ocr_line' id='line_1_42' title="bbox 2444 1353 4032 1430; baseline 0.008 -26"><span class='ocrx_word' id='word_1_235' title='bbox 2444 1369 2565 1405; x_wconf 91' lang='lat' dir='ltr'><strong>rum</strong></span> <span class='ocrx_word' id='word_1_236' title='bbox 2618 1369 2786 1422; x_wconf 87' lang='lat' dir='ltr'><strong>opera</strong></span> <span class='ocrx_word' id='word_1_237' title='bbox 2826 1353 3233 1412; x_wconf 70' lang='lat' dir='ltr'><strong>llontousianos</strong></span> <span class='ocrx_word' id='word_1_238' title='bbox 3279 1359 3540 1413; x_wconf 76' lang='lat' dir='ltr'><strong>infestare</strong></span> <span class='ocrx_word' id='word_1_239' title='bbox 3589 1372 3792 1430; x_wconf 79' lang='lat' dir='ltr'><strong>posset.</strong></span> <span class='ocrx_word' id='word_1_240' title='bbox 3830 1362 4032 1416; x_wconf 76' lang='lat' dir='ltr'><strong>Eorqu</strong></span> 
     </span>
    </p>
   </div>
   <div class='ocr_carea' id='block_1_43' title="bbox 2442 1447 4033 1523">
    <p class='ocr_par' dir='ltr' id='par_1_43' title="bbox 2442 1447 4033 1523">
     <span class='ocr_line' id='line_1_43' title="bbox 2442 1447 4033 1523; baseline 0.008 -25"><span class='ocrx_word' id='word_1_241' title='bbox 2442 1447 2670 1515; x_wconf 84' lang='lat' dir='ltr'><strong>quidem</strong></span> <span class='ocrx_word' id='word_1_242' title='bbox 2712 1448 2949 1503; x_wconf 88' lang='lat' dir='ltr'><strong>alterum</strong></span> <span class='ocrx_word' id='word_1_243' title='bbox 2981 1466 3046 1502; x_wconf 75' lang='lat' dir='ltr'><strong>cx</strong></span> <span class='ocrx_word' id='word_1_244' title='bbox 3074 1450 3298 1518; x_wconf 88' lang='lat' dir='ltr'><strong>publico</strong></span> <span class='ocrx_word' id='word_1_245' title='bbox 3338 1453 3576 1506; x_wconf 86' lang='lat' dir='ltr'><strong>militum</strong></span> <span class='ocrx_word' id='word_1_246' title='bbox 3609 1456 4033 1523; x_wconf 78' lang='lat' dir='ltr'><strong>provincialium</strong></span> 
     </span>
    </p>
   </div>
   <div class='ocr_carea' id='block_1_44' title="bbox 2439 1539 4036 1616">
    <p class='ocr_par' dir='ltr' id='par_1_44' title="bbox 2439 1539 4036 1616">
     <span class='ocr_line' id='line_1_44' title="bbox 2439 1539 4036 1616; baseline 0.007 -25"><span class='ocrx_word' id='word_1_247' title='bbox 2439 1539 2774 1594; x_wconf 85' lang='lat' dir='ltr'><strong>calculatore</strong></span> <span class='ocrx_word' id='word_1_248' title='bbox 2809 1541 3104 1595; x_wconf 86' lang='lat' dir='ltr'><strong>diaconum</strong></span> <span class='ocrx_word' id='word_1_249' title='bbox 3138 1542 3370 1608; x_wconf 84' lang='lat' dir='ltr'><strong>fecerat,</strong></span> <span class='ocrx_word' id='word_1_250' title='bbox 3434 1546 3813 1616; x_wconf 78' lang='lat' dir='ltr'><strong>ctrnobiisque</strong></span> <span class='ocrx_word' id='word_1_251' title='bbox 3845 1563 4036 1603; x_wconf 88' lang='lat' dir='ltr'><strong>mona-</strong></span> 
     </span>
    </p>
   </div>
   <div class='ocr_carea' id='block_1_45' title="bbox 2439 1631 4036 1709">
    <p class='ocr_par' dir='ltr' id='par_1_45' title="bbox 2439 1631 4036 1709">
     <span class='ocr_line' id='line_1_45' title="bbox 2439 1631 4036 1709; baseline 0.008 -25"><span class='ocrx_word' id='word_1_252' title='bbox 2439 1631 2671 1684; x_wconf 85' lang='lat' dir='ltr'><strong>chorum</strong></span> <span class='ocrx_word' id='word_1_253' title='bbox 2710 1641 2768 1686; x_wconf 87' lang='lat' dir='ltr'><strong>et</strong></span> <span class='ocrx_word' id='word_1_254' title='bbox 2806 1634 3152 1694; x_wconf 87' lang='lat' dir='ltr'><strong>monialium,</strong></span> <span class='ocrx_word' id='word_1_255' title='bbox 3185 1645 3350 1703; x_wconf 89' lang='lat' dir='ltr'><strong>atque</strong></span> <span class='ocrx_word' id='word_1_256' title='bbox 3385 1638 3827 1709; x_wconf 84' lang='lat' dir='ltr'><strong>ptocbotropbiis</strong></span> <span class='ocrx_word' id='word_1_257' title='bbox 3853 1651 3911 1696; x_wconf 89' lang='lat' dir='ltr'><strong>et</strong></span> <span class='ocrx_word' id='word_1_258' title='bbox 3937 1659 4036 1696; x_wconf 85' lang='lat' dir='ltr'><strong>no-</strong></span> 
     </span>
    </p>
   </div>
   <div class='ocr_carea' id='block_1_46' title="bbox 2440 1722 4029 1799">
    <p class='ocr_par' dir='ltr' id='par_1_46' title="bbox 2440 1722 4029 1799">
     <span class='ocr_line' id='line_1_46' title="bbox 2440 1722 4029 1799; baseline 0.006 -25"><span class='ocrx_word' id='word_1_259' title='bbox 2440 1722 2706 1775; x_wconf 88' lang='lat' dir='ltr'><strong>socomiis</strong></span> <span class='ocrx_word' id='word_1_260' title='bbox 2745 1722 3089 1790; x_wconf 66' lang='lat' dir='ltr'><strong>praefecerat,</strong></span> <span class='ocrx_word' id='word_1_261' title='bbox 3123 1725 3326 1793; x_wconf 85' lang='lat' dir='ltr'><strong>quippe</strong></span> <span class='ocrx_word' id='word_1_262' title='bbox 3362 1727 3458 1796; x_wconf 84' lang='lat' dir='ltr'><strong>qui</strong></span> <span class='ocrx_word' id='word_1_263' title='bbox 3491 1726 3807 1783; x_wconf 83' lang='lat' dir='ltr'><strong>divitiarum</strong></span> <span class='ocrx_word' id='word_1_264' title='bbox 3843 1747 4029 1799; x_wconf 81' lang='lat' dir='ltr'><strong>quau-</strong></span> 
     </span>
    </p>
   </div>
   <div class='ocr_carea' id='block_1_47' title="bbox 2371 1791 4028 1888">
    <p class='ocr_par' dir='ltr' id='par_1_47' title="bbox 2371 1791 4028 1888">
     <span class='ocr_line' id='line_1_47' title="bbox 2371 1791 4028 1888; baseline 0.007 -21"><span class='ocrx_word' id='word_1_265' title='bbox 2371 1791 2405 1842; x_wconf 64' lang='lat'>&quot;</span> <span class='ocrx_word' id='word_1_266' title='bbox 2442 1823 2554 1868; x_wconf 80' lang='lat' dir='ltr'><strong>tum</strong></span> <span class='ocrx_word' id='word_1_267' title='bbox 2583 1815 2719 1869; x_wconf 90' lang='lat' dir='ltr'><strong>satis</strong></span> <span class='ocrx_word' id='word_1_268' title='bbox 2749 1825 2873 1869; x_wconf 87' lang='lat' dir='ltr'><strong>erat</strong></span> <span class='ocrx_word' id='word_1_269' title='bbox 2896 1817 2964 1870; x_wconf 93' lang='lat' dir='ltr'><strong>ab</strong></span> <span class='ocrx_word' id='word_1_270' title='bbox 2993 1818 3239 1875; x_wconf 73' lang='lat' dir='ltr'><strong>exercitu</strong></span> <span class='ocrx_word' id='word_1_271' title='bbox 3268 1817 3375 1871; x_wconf 87' lang='lat' dir='ltr'><strong>sibi</strong></span> <span class='ocrx_word' id='word_1_272' title='bbox 3406 1833 3798 1888; x_wconf 83' lang='lat' dir='ltr'><strong>comparasset.</strong></span> <span class='ocrx_word' id='word_1_273' title='bbox 3830 1823 4028 1880; x_wconf 80' lang='lat' dir='ltr'><strong>Postea</strong></span> 
     </span>
    </p>
   </div>
   <div class='ocr_carea' id='block_1_48' title="bbox 2441 1907 3850 1981">
    <p class='ocr_par' dir='ltr' id='par_1_48' title="bbox 2441 1907 3850 1981">
     <span class='ocr_line' id='line_1_48' title="bbox 2441 1907 3850 1981; baseline 0.006 -21"><span class='ocrx_word' id='word_1_274' title='bbox 2441 1922 2573 1960; x_wconf 84' lang='lat' dir='ltr'><strong>vero</strong></span> <span class='ocrx_word' id='word_1_275' title='bbox 2601 1907 2667 1961; x_wconf 89' lang='lat' dir='ltr'><strong>ad</strong></span> <span class='ocrx_word' id='word_1_276' title='bbox 2705 1908 3043 1963; x_wconf 65' lang='lat' dir='ltr'><strong>Nicomediae</strong></span> <span class='ocrx_word' id='word_1_277' title='bbox 3066 1911 3444 1979; x_wconf 72' lang='lat' dir='ltr'><strong>episcopatum</strong></span> <span class='ocrx_word' id='word_1_278' title='bbox 3477 1926 3850 1981; x_wconf 73' lang='lat' dir='ltr'><strong>promoverat.</strong></span> 
     </span>
    </p>
   </div>
   <div class='ocr_carea' id='block_1_49' title="bbox 2509 1997 4035 2076">
    <p class='ocr_par' dir='ltr' id='par_1_49' title="bbox 2509 1997 4035 2076">
     <span class='ocr_line' id='line_1_49' title="bbox 2509 1997 4035 2076; baseline 0.005 -22"><span class='ocrx_word' id='word_1_279' title='bbox 2509 1997 2735 2054; x_wconf 77' lang='lat' dir='ltr'><strong>Eleusio</strong></span> <span class='ocrx_word' id='word_1_280' title='bbox 2766 2011 2973 2062; x_wconf 89' lang='lat' dir='ltr'><strong>autem,</strong></span> <span class='ocrx_word' id='word_1_281' title='bbox 3004 2003 3098 2072; x_wconf 90' lang='lat' dir='ltr'><strong>qui</strong></span> <span class='ocrx_word' id='word_1_282' title='bbox 3131 2018 3239 2056; x_wconf 92' lang='lat' dir='ltr'><strong>non</strong></span> <span class='ocrx_word' id='word_1_283' title='bbox 3281 2005 3567 2060; x_wconf 79' lang='lat' dir='ltr'><strong>iustrenue</strong></span> <span class='ocrx_word' id='word_1_284' title='bbox 3592 2008 3643 2060; x_wconf 92' lang='lat' dir='ltr'><strong>in</strong></span> <span class='ocrx_word' id='word_1_285' title='bbox 3679 2007 4035 2076; x_wconf 77' lang='lat' dir='ltr'><strong>imperatoris</strong></span> 
     </span>
    </p>
   </div>
   <div class='ocr_carea' id='block_1_50' title="bbox 2437 2094 4032 2167">
    <p class='ocr_par' dir='ltr' id='par_1_50' title="bbox 2437 2094 4032 2167">
     <span class='ocr_line' id='line_1_50' title="bbox 2437 2094 4032 2167; baseline 0.006 -22"><span class='ocrx_word' id='word_1_286' title='bbox 2437 2094 2704 2148; x_wconf 84' lang='lat' dir='ltr'><strong>comitatu</strong></span> <span class='ocrx_word' id='word_1_287' title='bbox 2765 2095 3078 2150; x_wconf 79' lang='lat' dir='ltr'><strong>militasset.</strong></span> <span class='ocrx_word' id='word_1_288' title='bbox 3130 2095 3310 2167; x_wconf 80' lang='lat' dir='ltr'><strong>Cyzici</strong></span> <span class='ocrx_word' id='word_1_289' title='bbox 3343 2099 3718 2165; x_wconf 62' lang='lat' dir='ltr'><strong>episcopatum</strong></span> <span class='ocrx_word' id='word_1_290' title='bbox 3774 2100 4032 2155; x_wconf 77' lang='lat' dir='ltr'><strong>donarat.</strong></span> 
     </span>
    </p>
   </div>
   <div class='ocr_carea' id='block_1_51' title="bbox 2440 2186 4036 2255">
    <p class='ocr_par' dir='ltr' id='par_1_51' title="bbox 2440 2186 4036 2255">
     <span class='ocr_line' id='line_1_51' title="bbox 2440 2186 4036 2255; baseline 0.006 -15"><span class='ocrx_word' id='word_1_291' title='bbox 2440 2186 2518 2255; x_wconf 58' lang='lat' dir='ltr'><strong>Ex</strong></span> <span class='ocrx_word' id='word_1_292' title='bbox 2544 2202 2654 2255; x_wconf 91' lang='lat' dir='ltr'><strong>quo</strong></span> <span class='ocrx_word' id='word_1_293' title='bbox 2692 2189 2902 2248; x_wconf 88' lang='lat' dir='ltr'><strong>evenit,</strong></span> <span class='ocrx_word' id='word_1_294' title='bbox 2934 2199 2994 2242; x_wconf 90' lang='lat' dir='ltr'><strong>ut</strong></span> <span class='ocrx_word' id='word_1_295' title='bbox 3029 2189 3189 2243; x_wconf 80' lang='lat' dir='ltr'><strong>malis</strong></span> <span class='ocrx_word' id='word_1_296' title='bbox 3234 2190 3543 2245; x_wconf 80' lang='lat' dir='ltr'><strong>innumeris</strong></span> <span class='ocrx_word' id='word_1_297' title='bbox 3586 2192 3921 2247; x_wconf 77' lang='lat' dir='ltr'><strong>Novatianos</strong></span> <span class='ocrx_word' id='word_1_298' title='bbox 3954 2195 4036 2250; x_wconf 82' lang='lat' dir='ltr'><strong>af-</strong></span> 
     </span>
    </p>
   </div>
   <div class='ocr_carea' id='block_1_52' title="bbox 2435 2278 4038 2354">
    <p class='ocr_par' dir='ltr' id='par_1_52' title="bbox 2435 2278 4038 2354">
     <span class='ocr_line' id='line_1_52' title="bbox 2435 2278 4038 2354; baseline 0.006 -22"><span class='ocrx_word' id='word_1_299' title='bbox 2435 2278 2748 2341; x_wconf 73' lang='lat' dir='ltr'><strong>flictavcrit,</strong></span> <span class='ocrx_word' id='word_1_300' title='bbox 2777 2295 2917 2350; x_wconf 86' lang='lat' dir='ltr'><strong>quos</strong></span> <span class='ocrx_word' id='word_1_301' title='bbox 2943 2282 2994 2332; x_wconf 90' lang='lat' dir='ltr'><strong>in</strong></span> <span class='ocrx_word' id='word_1_302' title='bbox 3029 2281 3217 2347; x_wconf 80' lang='lat' dir='ltr'><strong>jritnis</strong></span> <span class='ocrx_word' id='word_1_303' title='bbox 3243 2283 3277 2336; x_wconf 89' lang='lat' dir='ltr'><strong>ii</strong></span> <span class='ocrx_word' id='word_1_304' title='bbox 3304 2292 3434 2336; x_wconf 83' lang='lat' dir='ltr'><strong>sunt</strong></span> <span class='ocrx_word' id='word_1_305' title='bbox 3467 2285 3727 2353; x_wconf 71' lang='lat' dir='ltr'><strong>aggressi,</strong></span> <span class='ocrx_word' id='word_1_306' title='bbox 3762 2286 3854 2354; x_wconf 86' lang='lat' dir='ltr'><strong>qui</strong></span> <span class='ocrx_word' id='word_1_307' title='bbox 3888 2286 4038 2340; x_wconf 73' lang='lat' dir='ltr'><strong>Man-</strong></span> 
     </span>
    </p>
   </div>
   <div class='ocr_carea' id='block_1_53' title="bbox 2437 2370 4034 2447">
    <p class='ocr_par' dir='ltr' id='par_1_53' title="bbox 2437 2370 4034 2447">
     <span class='ocr_line' id='line_1_53' title="bbox 2437 2370 4034 2447; baseline 0.006 -24"><span class='ocrx_word' id='word_1_308' title='bbox 2437 2371 2684 2433; x_wconf 63' lang='lat' dir='ltr'><strong>linmum,</strong></span> <span class='ocrx_word' id='word_1_309' title='bbox 2723 2370 2828 2424; x_wconf 84' lang='lat' dir='ltr'><strong>hoc</strong></span> <span class='ocrx_word' id='word_1_310' title='bbox 2859 2380 2944 2425; x_wconf 88' lang='lat' dir='ltr'><strong>est</strong></span> <span class='ocrx_word' id='word_1_311' title='bbox 2970 2372 3254 2427; x_wconf 87' lang='lat' dir='ltr'><strong>Ponticam</strong></span> <span class='ocrx_word' id='word_1_312' title='bbox 3292 2373 3629 2436; x_wconf 56' lang='lat' dir='ltr'><strong>Heracleam,</strong></span> <span class='ocrx_word' id='word_1_313' title='bbox 3675 2376 4034 2447; x_wconf 80' lang='lat' dir='ltr'><strong>reliquasque</strong></span> 
     </span>
    </p>
   </div>
   <div class='ocr_carea' id='block_1_54' title="bbox 2434 2462 4027 2537">
    <p class='ocr_par' dir='ltr' id='par_1_54' title="bbox 2434 2462 4027 2537">
     <span class='ocr_line' id='line_1_54' title="bbox 2434 2462 4027 2537; baseline 0.006 -21"><span class='ocrx_word' id='word_1_314' title='bbox 2434 2462 2823 2532; x_wconf 64' lang='lat' dir='ltr'><strong>Paplilagoniie</strong></span> <span class='ocrx_word' id='word_1_315' title='bbox 2854 2475 3040 2533; x_wconf 72' lang='lat' dir='ltr'><strong>partes</strong></span> <span class='ocrx_word' id='word_1_316' title='bbox 3071 2466 3412 2520; x_wconf 68' lang='lat' dir='ltr'><strong>incolebant.</strong></span> <span class='ocrx_word' id='word_1_317' title='bbox 3443 2467 3574 2537; x_wconf 78' lang='lat' dir='ltr'><strong>Ejus</strong></span> <span class='ocrx_word' id='word_1_318' title='bbox 3607 2469 4027 2525; x_wconf 60' lang='lat' dir='ltr'><strong>enimconsiiio</strong></span> 
     </span>
    </p>
   </div>
   <div class='ocr_carea' id='block_1_55' title="bbox 2433 2554 4033 2629">
    <p class='ocr_par' dir='ltr' id='par_1_55' title="bbox 2433 2554 4033 2629">
     <span class='ocr_line' id='line_1_55' title="bbox 2433 2554 4033 2629; baseline 0.006 -23"><span class='ocrx_word' id='word_1_319' title='bbox 2433 2554 2639 2608; x_wconf 80' lang='lat' dir='ltr'><strong>milites</strong></span> <span class='ocrx_word' id='word_1_320' title='bbox 2664 2556 2862 2609; x_wconf 82' lang='lat' dir='ltr'><strong>armati</strong></span> <span class='ocrx_word' id='word_1_321' title='bbox 2895 2557 2964 2609; x_wconf 87' lang='lat' dir='ltr'><strong>ab</strong></span> <span class='ocrx_word' id='word_1_322' title='bbox 3012 2557 3345 2625; x_wconf 89' lang='lat' dir='ltr'><strong>imperatore</strong></span> <span class='ocrx_word' id='word_1_323' title='bbox 3377 2559 3528 2611; x_wconf 87' lang='lat' dir='ltr'><strong>missi</strong></span> <span class='ocrx_word' id='word_1_324' title='bbox 3569 2569 3724 2621; x_wconf 88' lang='lat' dir='ltr'><strong>sunt,</strong></span> <span class='ocrx_word' id='word_1_325' title='bbox 3756 2561 3848 2629; x_wconf 90' lang='lat' dir='ltr'><strong>qui</strong></span> <span class='ocrx_word' id='word_1_326' title='bbox 3903 2561 4033 2616; x_wconf 87' lang='lat' dir='ltr'><strong>illos</strong></span> 
     </span>
    </p>
   </div>
   <div class='ocr_carea' id='block_1_56' title="bbox 2432 2649 4031 2723">
    <p class='ocr_par' dir='ltr' id='par_1_56' title="bbox 2432 2649 4031 2723">
     <span class='ocr_line' id='line_1_56' title="bbox 2432 2649 4031 2723; baseline 0.006 -23"><span class='ocrx_word' id='word_1_327' title='bbox 2432 2649 2814 2703; x_wconf 79' lang='lat' dir='ltr'><strong>adorirentur.</strong></span> <span class='ocrx_word' id='word_1_328' title='bbox 2867 2649 3139 2713; x_wconf 74' lang='lat' dir='ltr'><strong>Quocirca</strong></span> <span class='ocrx_word' id='word_1_329' title='bbox 3183 2651 3399 2706; x_wconf 87' lang='lat' dir='ltr'><strong>collatis</strong></span> <span class='ocrx_word' id='word_1_330' title='bbox 3436 2652 3699 2722; x_wconf 82' lang='lat' dir='ltr'><strong>utrinque</strong></span> <span class='ocrx_word' id='word_1_331' title='bbox 3741 2654 4031 2723; x_wconf 82' lang='lat' dir='ltr'><strong>mambus,</strong></span> 
     </span>
    </p>
   </div>
   <div class='ocr_carea' id='block_1_57' title="bbox 2434 2743 3375 2813">
    <p class='ocr_par' dir='ltr' id='par_1_57' title="bbox 2434 2743 3375 2813">
     <span class='ocr_line' id='line_1_57' title="bbox 2434 2743 3375 2813; baseline 0.004 -19"><span class='ocrx_word' id='word_1_332' title='bbox 2434 2743 2695 2813; x_wconf 77' lang='lat' dir='ltr'><strong>permulti</strong></span> <span class='ocrx_word' id='word_1_333' title='bbox 2735 2743 2998 2813; x_wconf 90' lang='lat' dir='ltr'><strong>utrinque</strong></span> <span class='ocrx_word' id='word_1_334' title='bbox 3027 2743 3375 2799; x_wconf 79' lang='lat' dir='ltr'><strong>ceciderunt.</strong></span> 
     </span>
    </p>
   </div>
   <div class='ocr_carea' id='block_1_58' title="bbox 2499 2835 4031 2910">
    <p class='ocr_par' dir='ltr' id='par_1_58' title="bbox 2499 2835 4031 2910">
     <span class='ocr_line' id='line_1_58' title="bbox 2499 2835 4031 2910; baseline 0.008 -25"><span class='ocrx_word' id='word_1_335' title='bbox 2499 2837 2578 2886; x_wconf 67' lang='lat' dir='ltr'><strong>Asl</strong></span> <span class='ocrx_word' id='word_1_336' title='bbox 2629 2835 2746 2889; x_wconf 64' lang='lat' dir='ltr'><strong>bace</strong></span> <span class='ocrx_word' id='word_1_337' title='bbox 2797 2837 3157 2903; x_wconf 69' lang='lat' dir='ltr'><strong>reliquiarum</strong></span> <span class='ocrx_word' id='word_1_338' title='bbox 3212 2837 3396 2906; x_wconf 84' lang='lat' dir='ltr'><strong>magni</strong></span> <span class='ocrx_word' id='word_1_339' title='bbox 3451 2837 3602 2894; x_wconf 89' lang='lat' dir='ltr'><strong>illius</strong></span> <span class='ocrx_word' id='word_1_340' title='bbox 3667 2841 4031 2910; x_wconf 75' lang='lat' dir='ltr'><strong>imperatoris</strong></span> 
     </span>
    </p>
   </div>
   <div class='ocr_carea' id='block_1_59' title="bbox 2428 2925 4038 3005">
    <p class='ocr_par' dir='ltr' id='par_1_59' title="bbox 2428 2925 4038 3005">
     <span class='ocr_line' id='line_1_59' title="bbox 2428 2925 4038 3005; baseline 0.007 -24"><span class='ocrx_word' id='word_1_341' title='bbox 2428 2925 2784 2982; x_wconf 81' lang='lat' dir='ltr'><strong>Constantini</strong></span> <span class='ocrx_word' id='word_1_342' title='bbox 2841 2943 3090 2995; x_wconf 85' lang='lat' dir='ltr'><strong>capsam,</strong></span> <span class='ocrx_word' id='word_1_343' title='bbox 3158 2944 3268 2984; x_wconf 89' lang='lat' dir='ltr'><strong>non</strong></span> <span class='ocrx_word' id='word_1_344' title='bbox 3322 2932 3450 3000; x_wconf 71' lang='lat' dir='ltr'><strong>sine</strong></span> <span class='ocrx_word' id='word_1_345' title='bbox 3507 2934 3677 2987; x_wconf 75' lang='lat' dir='ltr'><strong>ll&#39;tlila</strong></span> <span class='ocrx_word' id='word_1_346' title='bbox 3741 2939 4038 3005; x_wconf 76' lang='lat' dir='ltr'><strong>sanguinis</strong></span> 
     </span>
    </p>
   </div>
   <div class='ocr_carea' id='block_1_60' title="bbox 2428 3021 4041 3094">
    <p class='ocr_par' dir='ltr' id='par_1_60' title="bbox 2428 3021 4041 3094">
     <span class='ocr_line' id='line_1_60' title="bbox 2428 3021 4041 3094; baseline 0.007 -19"><span class='ocrx_word' id='word_1_347' title='bbox 2428 3021 2721 3084; x_wconf 83' lang='lat' dir='ltr'><strong>effusione,</strong></span> <span class='ocrx_word' id='word_1_348' title='bbox 2747 3022 2801 3074; x_wconf 93' lang='lat' dir='ltr'><strong>in</strong></span> <span class='ocrx_word' id='word_1_349' title='bbox 2827 3023 3004 3076; x_wconf 88' lang='lat' dir='ltr'><strong>sancti</strong></span> <span class='ocrx_word' id='word_1_350' title='bbox 3025 3025 3280 3094; x_wconf 83' lang='lat' dir='ltr'><strong>martyris</strong></span> <span class='ocrx_word' id='word_1_351' title='bbox 3312 3026 3500 3080; x_wconf 76' lang='lat' dir='ltr'><strong>Acacii</strong></span> <span class='ocrx_word' id='word_1_352' title='bbox 3539 3026 3822 3082; x_wconf 74' lang='lat' dir='ltr'><strong>basilicam</strong></span> <span class='ocrx_word' id='word_1_353' title='bbox 3851 3043 4041 3086; x_wconf 80' lang='lat' dir='ltr'><strong>trans-</strong></span> 
     </span>
    </p>
   </div>
   <div class='ocr_carea' id='block_1_61' title="bbox 722 3111 4025 3212">
    <p class='ocr_par' dir='ltr' id='par_1_61' title="bbox 722 3111 4025 3212">
     <span class='ocr_line' id='line_1_61' title="bbox 722 3111 4025 3212; baseline 0.006 -51"><span class='ocrx_word' id='word_1_354' title='bbox 722 3111 1032 3174; x_wconf 89' lang='lat' dir='ltr'><strong>contendit,</strong></span> <span class='ocrx_word' id='word_1_355' title='bbox 1065 3112 1182 3164; x_wconf 79' lang='lat' dir='ltr'><strong>viro</strong></span> <span class='ocrx_word' id='word_1_356' title='bbox 1216 3113 1512 3166; x_wconf 81' lang='lat' dir='ltr'><strong>verborum</strong></span> <span class='ocrx_word' id='word_1_357' title='bbox 1541 3113 1838 3183; x_wconf 83' lang='lat' dir='ltr'><strong>elegantia.</strong></span> <span class='ocrx_word' id='word_1_358' title='bbox 1870 3131 2170 3184; x_wconf 88' lang='lat' dir='ltr'><strong>rerumque</strong></span> <span class='ocrx_word' id='word_1_359' title='bbox 2201 3133 2321 3187; x_wconf 77' lang='lat' dir='ltr'><strong>gra-</strong></span> <span class='ocrx_word' id='word_1_360' title='bbox 2351 3156 2393 3212; x_wconf 66' lang='grc' dir='ltr'>Ο</span> <span class='ocrx_word' id='word_1_361' title='bbox 2432 3114 2575 3179; x_wconf 87' lang='lat' dir='ltr'><strong>tulit,</strong></span> <span class='ocrx_word' id='word_1_362' title='bbox 2635 3115 2900 3183; x_wconf 82' lang='lat' dir='ltr'><strong>templum</strong></span> <span class='ocrx_word' id='word_1_363' title='bbox 2963 3117 3016 3170; x_wconf 91' lang='lat' dir='ltr'><strong>in</strong></span> <span class='ocrx_word' id='word_1_364' title='bbox 3076 3131 3188 3186; x_wconf 92' lang='lat' dir='ltr'><strong>quo</strong></span> <span class='ocrx_word' id='word_1_365' title='bbox 3254 3120 3498 3187; x_wconf 88' lang='lat' dir='ltr'><strong>reposita</strong></span> <span class='ocrx_word' id='word_1_366' title='bbox 3547 3121 3738 3183; x_wconf 90' lang='lat' dir='ltr'><strong>fuerit,</strong></span> <span class='ocrx_word' id='word_1_367' title='bbox 3799 3127 4025 3181; x_wconf 81' lang='lat' dir='ltr'><strong>ruinam</strong></span> 
     </span>
    </p>
   </div>
   <div class='ocr_carea' id='block_1_62' title="bbox 720 3205 2319 3279">
    <p class='ocr_par' dir='ltr' id='par_1_62' title="bbox 720 3205 2319 3279">
     <span class='ocr_line' id='line_1_62' title="bbox 720 3205 2319 3279; baseline 0.005 -23"><span class='ocrx_word' id='word_1_368' title='bbox 720 3205 890 3258; x_wconf 85' lang='lat' dir='ltr'><strong>vitate</strong></span> <span class='ocrx_word' id='word_1_369' title='bbox 924 3206 1255 3272; x_wconf 88' lang='lat' dir='ltr'><strong>percclcbri,</strong></span> <span class='ocrx_word' id='word_1_370' title='bbox 1288 3206 1346 3260; x_wconf 83' lang='lat' dir='ltr'><strong>et</strong></span> <span class='ocrx_word' id='word_1_371' title='bbox 1380 3207 1475 3276; x_wconf 93' lang='lat' dir='ltr'><strong>qui</strong></span> <span class='ocrx_word' id='word_1_372' title='bbox 1510 3223 1574 3261; x_wconf 87' lang='lat' dir='ltr'><strong>ea</strong></span> <span class='ocrx_word' id='word_1_373' title='bbox 1617 3209 2008 3271; x_wconf 83' lang='lat' dir='ltr'><strong>consultando,</strong></span> <span class='ocrx_word' id='word_1_374' title='bbox 2043 3227 2164 3279; x_wconf 81' lang='lat' dir='ltr'><strong>qua:</strong></span> <span class='ocrx_word' id='word_1_375' title='bbox 2196 3211 2319 3265; x_wconf 91' lang='lat' dir='ltr'><strong>aliis</strong></span> 
     </span>
    </p>
   </div>
   <div class='ocr_carea' id='block_1_63' title="bbox 721 3300 2319 3373">
    <p class='ocr_par' dir='ltr' id='par_1_63' title="bbox 721 3300 2319 3373">
     <span class='ocr_line' id='line_1_63' title="bbox 721 3300 2319 3373; baseline 0.003 -20"><span class='ocrx_word' id='word_1_376' title='bbox 721 3300 907 3354; x_wconf 83' lang='lat' dir='ltr'><strong>minus</strong></span> <span class='ocrx_word' id='word_1_377' title='bbox 959 3300 1120 3354; x_wconf 88' lang='lat' dir='ltr'><strong>obvia</strong></span> <span class='ocrx_word' id='word_1_378' title='bbox 1172 3309 1383 3364; x_wconf 82' lang='lat' dir='ltr'><strong>essent,</strong></span> <span class='ocrx_word' id='word_1_379' title='bbox 1434 3301 1595 3356; x_wconf 78' lang='lat' dir='ltr'><strong>facile</strong></span> <span class='ocrx_word' id='word_1_380' title='bbox 1644 3303 2010 3373; x_wconf 85' lang='lat' dir='ltr'><strong>perspiceret,</strong></span> <span class='ocrx_word' id='word_1_381' title='bbox 2069 3305 2319 3358; x_wconf 90' lang='lat' dir='ltr'><strong>omnium</strong></span> 
     </span>
    </p>
   </div>
   <div class='ocr_carea' id='block_1_64' title="bbox 720 3393 2321 3464">
    <p class='ocr_par' dir='ltr' id='par_1_64' title="bbox 720 3393 2321 3464">
     <span class='ocr_line' id='line_1_64' title="bbox 720 3393 2321 3464; baseline 0.002 -17"><span class='ocrx_word' id='word_1_382' title='bbox 720 3394 1241 3462; x_wconf 64' lang='lat' dir='ltr'><strong>perspicarissimus</strong></span> <span class='ocrx_word' id='word_1_383' title='bbox 1269 3433 1283 3457; x_wconf 96' lang='lat'><strong>,</strong></span> <span class='ocrx_word' id='word_1_384' title='bbox 1331 3394 1822 3464; x_wconf 72' lang='lat' dir='ltr'><strong>canicctandisque</strong></span> <span class='ocrx_word' id='word_1_385' title='bbox 1887 3396 2122 3450; x_wconf 89' lang='lat' dir='ltr'><strong>aliorum</strong></span> <span class='ocrx_word' id='word_1_386' title='bbox 2168 3393 2321 3451; x_wconf 39' lang='lat' dir='ltr'><strong>‘sen-</strong></span> 
     </span>
    </p>
   </div>
   <div class='ocr_carea' id='block_1_65' title="bbox 722 3487 2316 3558">
    <p class='ocr_par' dir='ltr' id='par_1_65' title="bbox 722 3487 2316 3558">
     <span class='ocr_line' id='line_1_65' title="bbox 722 3487 2316 3558; baseline 0.003 -18"><span class='ocrx_word' id='word_1_387' title='bbox 722 3489 909 3541; x_wconf 77' lang='lat' dir='ltr'><strong>tentiis</strong></span> <span class='ocrx_word' id='word_1_388' title='bbox 961 3487 1298 3555; x_wconf 75' lang='lat' dir='ltr'><strong>peridoneus</strong></span> <span class='ocrx_word' id='word_1_389' title='bbox 1333 3505 1346 3540; x_wconf 89' lang='lat'><strong>:</strong></span> <span class='ocrx_word' id='word_1_390' title='bbox 1385 3488 1478 3557; x_wconf 92' lang='lat' dir='ltr'><strong>qui</strong></span> <span class='ocrx_word' id='word_1_391' title='bbox 1530 3487 1770 3558; x_wconf 89' lang='lat' dir='ltr'><strong>denique</strong></span> <span class='ocrx_word' id='word_1_392' title='bbox 1805 3489 2060 3558; x_wconf 79' lang='lat' dir='ltr'><strong>quamvis</strong></span> <span class='ocrx_word' id='word_1_393' title='bbox 2103 3489 2316 3544; x_wconf 91' lang='lat' dir='ltr'><strong>nullum</strong></span> 
     </span>
    </p>
   </div>
   <div class='ocr_carea' id='block_1_66' title="bbox 721 3579 2319 3649">
    <p class='ocr_par' dir='ltr' id='par_1_66' title="bbox 721 3579 2319 3649">
     <span class='ocr_line' id='line_1_66' title="bbox 721 3579 2319 3649; baseline 0.003 -15"><span class='ocrx_word' id='word_1_394' title='bbox 721 3596 830 3635; x_wconf 89' lang='lat' dir='ltr'><strong>non</strong></span> <span class='ocrx_word' id='word_1_395' title='bbox 863 3588 1112 3632; x_wconf 83' lang='lat' dir='ltr'><strong>moveret</strong></span> <span class='ocrx_word' id='word_1_396' title='bbox 1137 3579 1402 3648; x_wconf 87' lang='lat' dir='ltr'><strong>lapidem,</strong></span> <span class='ocrx_word' id='word_1_397' title='bbox 1437 3595 1547 3648; x_wconf 91' lang='lat' dir='ltr'><strong>quo</strong></span> <span class='ocrx_word' id='word_1_398' title='bbox 1579 3596 1608 3635; x_wconf 91' lang='lat' dir='ltr'><strong>a</strong></span> <span class='ocrx_word' id='word_1_399' title='bbox 1641 3596 1699 3634; x_wconf 86' lang='lat' dir='ltr'><strong>se</strong></span> <span class='ocrx_word' id='word_1_400' title='bbox 1738 3581 1932 3635; x_wconf 88' lang='lat' dir='ltr'><strong>callida</strong></span> <span class='ocrx_word' id='word_1_401' title='bbox 1969 3581 2319 3649; x_wconf 81' lang='lat' dir='ltr'><strong>adversario-</strong></span> 
     </span>
    </p>
   </div>
   <div class='ocr_carea' id='block_1_67' title="bbox 719 3672 2320 3742">
    <p class='ocr_par' dir='ltr' id='par_1_67' title="bbox 719 3672 2320 3742">
     <span class='ocr_line' id='line_1_67' title="bbox 719 3672 2320 3742; baseline 0.005 -16"><span class='ocrx_word' id='word_1_402' title='bbox 719 3690 841 3726; x_wconf 87' lang='lat' dir='ltr'><strong>rum</strong></span> <span class='ocrx_word' id='word_1_403' title='bbox 882 3674 1130 3738; x_wconf 74' lang='lat' dir='ltr'><strong>coasilia,</strong></span> <span class='ocrx_word' id='word_1_404' title='bbox 1164 3672 1538 3742; x_wconf 83' lang='lat' dir='ltr'><strong>subdolasqne</strong></span> <span class='ocrx_word' id='word_1_405' title='bbox 1572 3676 1800 3729; x_wconf 87' lang='lat' dir='ltr'><strong>technas</strong></span> <span class='ocrx_word' id='word_1_406' title='bbox 1834 3678 2185 3740; x_wconf 78' lang='lat' dir='ltr'><strong>amoliretur,</strong></span> <span class='ocrx_word' id='word_1_407' title='bbox 2222 3693 2320 3734; x_wconf 85' lang='lat' dir='ltr'><strong>eos</strong></span> 
     </span>
    </p>
   </div>
   <div class='ocr_carea' id='block_1_68' title="bbox 720 3767 2316 3836">
    <p class='ocr_par' dir='ltr' id='par_1_68' title="bbox 720 3767 2316 3836">
     <span class='ocr_line' id='line_1_68' title="bbox 720 3767 2316 3836; baseline 0.004 -17"><span class='ocrx_word' id='word_1_408' title='bbox 720 3781 903 3820; x_wconf 83' lang='lat' dir='ltr'><strong>tamen</strong></span> <span class='ocrx_word' id='word_1_409' title='bbox 930 3767 1160 3835; x_wconf 81' lang='lat' dir='ltr'><strong>placidis</strong></span> <span class='ocrx_word' id='word_1_410' title='bbox 1181 3767 1379 3825; x_wconf 83' lang='lat' dir='ltr'><strong>oeulis.</strong></span> <span class='ocrx_word' id='word_1_411' title='bbox 1405 3767 1726 3836; x_wconf 90' lang='lat' dir='ltr'><strong>nullamque</strong></span> <span class='ocrx_word' id='word_1_412' title='bbox 1748 3785 1857 3835; x_wconf 71' lang='lat' dir='ltr'><strong>pne</strong></span> <span class='ocrx_word' id='word_1_413' title='bbox 1885 3784 1942 3823; x_wconf 89' lang='lat' dir='ltr'><strong>se</strong></span> <span class='ocrx_word' id='word_1_414' title='bbox 1970 3770 2316 3826; x_wconf 86' lang='lat' dir='ltr'><strong>iracundiam</strong></span> 
     </span>
    </p>
   </div>
   <div class='ocr_carea' id='block_1_69' title="bbox 717 3860 2318 3924">
    <p class='ocr_par' dir='ltr' id='par_1_69' title="bbox 717 3860 2318 3924">
     <span class='ocr_line' id='line_1_69' title="bbox 717 3860 2318 3924; baseline 0.003 -11"><span class='ocrx_word' id='word_1_415' title='bbox 717 3860 1032 3915; x_wconf 73' lang='lat' dir='ltr'><strong>ferentibus</strong></span> <span class='ocrx_word' id='word_1_416' title='bbox 1064 3860 1425 3924; x_wconf 78' lang='lat' dir='ltr'><strong>intuebatur;</strong></span> <span class='ocrx_word' id='word_1_417' title='bbox 1478 3871 1534 3914; x_wconf 87' lang='lat' dir='ltr'><strong>et</strong></span> <span class='ocrx_word' id='word_1_418' title='bbox 1574 3861 1912 3915; x_wconf 84' lang='lat' dir='ltr'><strong>adversariis</strong></span> <span class='ocrx_word' id='word_1_419' title='bbox 1956 3864 2318 3918; x_wconf 89' lang='lat' dir='ltr'><strong>convicianti-</strong></span> 
     </span>
    </p>
   </div>
   <div class='ocr_carea' id='block_1_70' title="bbox 718 3951 2318 4022">
    <p class='ocr_par' dir='ltr' id='par_1_70' title="bbox 718 3951 2318 4022">
     <span class='ocr_line' id='line_1_70' title="bbox 718 3951 2318 4022; baseline 0.004 -16"><span class='ocrx_word' id='word_1_420' title='bbox 718 3955 822 4007; x_wconf 82' lang='lat' dir='ltr'><strong>bus</strong></span> <span class='ocrx_word' id='word_1_421' title='bbox 853 3952 1168 4006; x_wconf 85' lang='lat' dir='ltr'><strong>assimulata</strong></span> <span class='ocrx_word' id='word_1_422' title='bbox 1199 3951 1436 4021; x_wconf 86' lang='lat' dir='ltr'><strong>quadam</strong></span> <span class='ocrx_word' id='word_1_423' title='bbox 1470 3952 1732 4022; x_wconf 90' lang='lat' dir='ltr'><strong>patientia</strong></span> <span class='ocrx_word' id='word_1_424' title='bbox 1766 3953 2003 4018; x_wconf 89' lang='lat' dir='ltr'><strong>ridebat,</strong></span> <span class='ocrx_word' id='word_1_425' title='bbox 2037 3970 2100 4010; x_wconf 91' lang='lat' dir='ltr'><strong>ac</strong></span> <span class='ocrx_word' id='word_1_426' title='bbox 2143 3958 2185 4011; x_wconf 86' lang='lat' dir='ltr'><strong>si</strong></span> <span class='ocrx_word' id='word_1_427' title='bbox 2217 3957 2318 4012; x_wconf 74' lang='grc' dir='ltr'><strong>Ιωο</strong></span> 
     </span>
    </p>
   </div>
   <div class='ocr_carea' id='block_1_71' title="bbox 715 4045 1932 4100">
    <p class='ocr_par' dir='ltr' id='par_1_71' title="bbox 715 4045 1932 4100">
     <span class='ocr_line' id='line_1_71' title="bbox 715 4045 1932 4100; baseline -0.003 -1"><span class='ocrx_word' id='word_1_428' title='bbox 715 4047 970 4100; x_wconf 73' lang='grc' dir='ltr'>ιιιιι·ιίδρι</span> <span class='ocrx_word' id='word_1_429' title='bbox 1003 4045 1357 4099; x_wconf 87' lang='lat' dir='ltr'><strong>contumeliis</strong></span> <span class='ocrx_word' id='word_1_430' title='bbox 1394 4045 1561 4099; x_wconf 89' lang='lat' dir='ltr'><strong>nullis</strong></span> <span class='ocrx_word' id='word_1_431' title='bbox 1595 4055 1932 4099; x_wconf 85' lang='lat' dir='ltr'><strong>moveretur.</strong></span> 
     </span>
    </p>
   </div>
   <div class='ocr_carea' id='block_1_72' title="bbox 789 4139 2316 4210">
    <p class='ocr_par' dir='ltr' id='par_1_72' title="bbox 789 4139 2316 4210">
     <span class='ocr_line' id='line_1_72' title="bbox 789 4139 2316 4210; baseline 0.002 -16"><span class='ocrx_word' id='word_1_432' title='bbox 789 4141 1068 4194; x_wconf 81' lang='lat' dir='ltr'><strong>Primatns</strong></span> <span class='ocrx_word' id='word_1_433' title='bbox 1091 4140 1276 4208; x_wconf 78' lang='lat' dir='ltr'><strong>itaque</strong></span> <span class='ocrx_word' id='word_1_434' title='bbox 1303 4139 1528 4194; x_wconf 87' lang='lat' dir='ltr'><strong>ambitio</strong></span> <span class='ocrx_word' id='word_1_435' title='bbox 1549 4139 1994 4210; x_wconf 19' lang='lat' dir='ltr'><strong>inimicitiisjquae</strong></span> <span class='ocrx_word' id='word_1_436' title='bbox 2013 4141 2156 4196; x_wconf 90' lang='lat' dir='ltr'><strong>inter</strong></span> <span class='ocrx_word' id='word_1_437' title='bbox 2176 4143 2316 4197; x_wconf 81' lang='lat' dir='ltr'><strong>Aca-</strong></span> 
     </span>
    </p>
   </div>
   <div class='ocr_carea' id='block_1_73' title="bbox 713 4233 2313 4304">
    <p class='ocr_par' dir='ltr' id='par_1_73' title="bbox 713 4233 2313 4304">
     <span class='ocr_line' id='line_1_73' title="bbox 713 4233 2313 4304; baseline 0.001 -16"><span class='ocrx_word' id='word_1_438' title='bbox 713 4250 861 4288; x_wconf 73' lang='lat' dir='ltr'><strong>czum</strong></span> <span class='ocrx_word' id='word_1_439' title='bbox 902 4246 959 4288; x_wconf 94' lang='lat' dir='ltr'><strong>et</strong></span> <span class='ocrx_word' id='word_1_440' title='bbox 990 4233 1256 4304; x_wconf 78' lang='lat' dir='ltr'><strong>Cyrillum</strong></span> <span class='ocrx_word' id='word_1_441' title='bbox 1287 4243 1631 4294; x_wconf 78' lang='lat' dir='ltr'><strong>exarserunt,</strong></span> <span class='ocrx_word' id='word_1_442' title='bbox 1669 4249 1857 4287; x_wconf 89' lang='lat' dir='ltr'><strong>ansam</strong></span> <span class='ocrx_word' id='word_1_443' title='bbox 1890 4236 2147 4303; x_wconf 66' lang='lat' dir='ltr'><strong>prmbuit.</strong></span> <span class='ocrx_word' id='word_1_444' title='bbox 2174 4234 2313 4292; x_wconf 88' lang='lat' dir='ltr'><strong>Cutn</strong></span> 
     </span>
    </p>
   </div>
   <div class='ocr_carea' id='block_1_74' title="bbox 712 4327 2316 4397">
    <p class='ocr_par' dir='ltr' id='par_1_74' title="bbox 712 4327 2316 4397">
     <span class='ocr_line' id='line_1_74' title="bbox 712 4327 2316 4397; baseline 0.002 -17"><span class='ocrx_word' id='word_1_445' title='bbox 712 4339 896 4383; x_wconf 78' lang='lat' dir='ltr'><strong>autent</strong></span> <span class='ocrx_word' id='word_1_446' title='bbox 949 4327 1133 4388; x_wconf 80' lang='lat' dir='ltr'><strong>Acacii</strong></span> <span class='ocrx_word' id='word_1_447' title='bbox 1172 4329 1477 4383; x_wconf 79' lang='lat' dir='ltr'><strong>ambitione</strong></span> <span class='ocrx_word' id='word_1_448' title='bbox 1534 4342 1625 4382; x_wconf 89' lang='lat' dir='ltr'><strong>res</strong></span> <span class='ocrx_word' id='word_1_449' title='bbox 1681 4337 1996 4397; x_wconf 72' lang='lat' dir='ltr'><strong>gereretur,</strong></span> <span class='ocrx_word' id='word_1_450' title='bbox 2040 4327 2316 4384; x_wconf 65' lang='lat' dir='ltr'><strong>.Elienscs</strong></span> 
     </span>
    </p>
   </div>
   <div class='ocr_carea' id='block_1_75' title="bbox 712 4418 2310 4493">
    <p class='ocr_par' dir='ltr' id='par_1_75' title="bbox 712 4418 2310 4493">
     <span class='ocr_line' id='line_1_75' title="bbox 712 4418 2310 4493; baseline 0 -19"><span class='ocrx_word' id='word_1_451' title='bbox 712 4422 979 4493; x_wconf 78' lang='lat' dir='ltr'><strong>Cyrillum</strong></span> <span class='ocrx_word' id='word_1_452' title='bbox 1018 4429 1372 4484; x_wconf 75' lang='lat' dir='ltr'><strong>accusarunt,</strong></span> <span class='ocrx_word' id='word_1_453' title='bbox 1406 4418 1554 4488; x_wconf 87' lang='lat' dir='ltr'><strong>quod</strong></span> <span class='ocrx_word' id='word_1_454' title='bbox 1582 4434 1705 4472; x_wconf 82' lang='lat' dir='ltr'><strong>cum</strong></span> <span class='ocrx_word' id='word_1_455' title='bbox 1739 4418 1914 4474; x_wconf 85' lang='lat' dir='ltr'><strong>fames</strong></span> <span class='ocrx_word' id='word_1_456' title='bbox 1946 4429 2310 4491; x_wconf 74' lang='lat' dir='ltr'><strong>grassantur,</strong></span> 
     </span>
    </p>
   </div>
   <div class='ocr_carea' id='block_1_76' title="bbox 2429 3207 4032 3281">
    <p class='ocr_par' dir='ltr' id='par_1_76' title="bbox 2429 3207 4032 3281">
     <span class='ocr_line' id='line_1_76' title="bbox 2429 3207 4032 3281; baseline 0.009 -21"><span class='ocrx_word' id='word_1_457' title='bbox 2429 3207 2628 3260; x_wconf 87' lang='lat' dir='ltr'><strong>minari</strong></span> <span class='ocrx_word' id='word_1_458' title='bbox 2674 3218 2954 3263; x_wconf 75' lang='lat' dir='ltr'><strong>causatus.</strong></span> <span class='ocrx_word' id='word_1_459' title='bbox 3011 3209 3438 3267; x_wconf 63' lang='lat' dir='ltr'><strong>“eluctantibus</strong></span> <span class='ocrx_word' id='word_1_460' title='bbox 3488 3215 3640 3268; x_wconf 90' lang='lat' dir='ltr'><strong>enim</strong></span> <span class='ocrx_word' id='word_1_461' title='bbox 3697 3215 4032 3281; x_wconf 83' lang='lat' dir='ltr'><strong>Catholicis,</strong></span> 
     </span>
    </p>
   </div>
   <div class='ocr_carea' id='block_1_77' title="bbox 2424 3297 4034 3369">
    <p class='ocr_par' dir='ltr' id='par_1_77' title="bbox 2424 3297 4034 3369">
     <span class='ocr_line' id='line_1_77' title="bbox 2424 3297 4034 3369; baseline 0.006 -19"><span class='ocrx_word' id='word_1_462' title='bbox 2424 3312 2529 3351; x_wconf 89' lang='lat' dir='ltr'><strong>nec</strong></span> <span class='ocrx_word' id='word_1_463' title='bbox 2557 3312 2783 3367; x_wconf 81' lang='lat' dir='ltr'><strong>capsam</strong></span> <span class='ocrx_word' id='word_1_464' title='bbox 2835 3297 2958 3352; x_wconf 81' lang='lat' dir='ltr'><strong>loco</strong></span> <span class='ocrx_word' id='word_1_465' title='bbox 3005 3301 3338 3356; x_wconf 76' lang='lat' dir='ltr'><strong>movendam</strong></span> <span class='ocrx_word' id='word_1_466' title='bbox 3370 3317 3499 3357; x_wconf 82' lang='lat' dir='ltr'><strong>esse</strong></span> <span class='ocrx_word' id='word_1_467' title='bbox 3526 3305 4034 3369; x_wconf 83' lang='lat' dir='ltr'><strong>conclamantibus,</strong></span> 
     </span>
    </p>
   </div>
   <div class='ocr_carea' id='block_1_78' title="bbox 2428 3391 4032 3468">
    <p class='ocr_par' dir='ltr' id='par_1_78' title="bbox 2428 3391 4032 3468">
     <span class='ocr_line' id='line_1_78' title="bbox 2428 3391 4032 3468; baseline 0.006 -26"><span class='ocrx_word' id='word_1_468' title='bbox 2428 3391 2686 3460; x_wconf 74' lang='lat' dir='ltr'><strong>idemque</strong></span> <span class='ocrx_word' id='word_1_469' title='bbox 2738 3391 2844 3444; x_wconf 89' lang='lat' dir='ltr'><strong>hoc</strong></span> <span class='ocrx_word' id='word_1_470' title='bbox 2875 3407 3022 3448; x_wconf 88' lang='lat' dir='ltr'><strong>esse.</strong></span> <span class='ocrx_word' id='word_1_471' title='bbox 3058 3407 3123 3446; x_wconf 89' lang='lat' dir='ltr'><strong>ac</strong></span> <span class='ocrx_word' id='word_1_472' title='bbox 3154 3394 3198 3446; x_wconf 80' lang='lat' dir='ltr'><strong>si</strong></span> <span class='ocrx_word' id='word_1_473' title='bbox 3234 3395 3507 3448; x_wconf 92' lang='lat' dir='ltr'><strong>tumulum</strong></span> <span class='ocrx_word' id='word_1_474' title='bbox 3539 3395 3791 3458; x_wconf 79' lang='lat' dir='ltr'><strong>eﬂ‘odiat,</strong></span> <span class='ocrx_word' id='word_1_475' title='bbox 3828 3414 4032 3468; x_wconf 77' lang='lat' dir='ltr'><strong>magna</strong></span> 
     </span>
    </p>
   </div>
   <div class='ocr_carea' id='block_1_79' title="bbox 2425 3483 4030 3555">
    <p class='ocr_par' dir='ltr' id='par_1_79' title="bbox 2425 3483 4030 3555">
     <span class='ocr_line' id='line_1_79' title="bbox 2425 3483 4030 3555; baseline 0.005 -19"><span class='ocrx_word' id='word_1_476' title='bbox 2425 3483 2689 3552; x_wconf 89' lang='lat' dir='ltr'><strong>utrinque</strong></span> <span class='ocrx_word' id='word_1_477' title='bbox 2713 3483 2891 3538; x_wconf 63' lang='lat' dir='ltr'><strong>ctu-les</strong></span> <span class='ocrx_word' id='word_1_478' title='bbox 2912 3493 3104 3538; x_wconf 80' lang='lat' dir='ltr'><strong>exorta</strong></span> <span class='ocrx_word' id='word_1_479' title='bbox 3120 3494 3238 3540; x_wconf 87' lang='lat' dir='ltr'><strong>est:</strong></span> <span class='ocrx_word' id='word_1_480' title='bbox 3274 3495 3335 3540; x_wconf 86' lang='lat' dir='ltr'><strong>ut</strong></span> <span class='ocrx_word' id='word_1_481' title='bbox 3354 3487 3469 3555; x_wconf 86' lang='lat' dir='ltr'><strong>ipsa</strong></span> <span class='ocrx_word' id='word_1_482' title='bbox 3488 3486 3654 3542; x_wconf 85' lang='lat' dir='ltr'><strong>etiam</strong></span> <span class='ocrx_word' id='word_1_483' title='bbox 3679 3487 3822 3542; x_wconf 70' lang='lat' dir='ltr'><strong>:rdes</strong></span> <span class='ocrx_word' id='word_1_484' title='bbox 3858 3488 4030 3544; x_wconf 80' lang='lat' dir='ltr'><strong>beato</strong></span> 
     </span>
    </p>
   </div>
   <div class='ocr_carea' id='block_1_80' title="bbox 2423 3574 4026 3648">
    <p class='ocr_par' dir='ltr' id='par_1_80' title="bbox 2423 3574 4026 3648">
     <span class='ocr_line' id='line_1_80' title="bbox 2423 3574 4026 3648; baseline 0.005 -20"><span class='ocrx_word' id='word_1_485' title='bbox 2423 3574 2652 3646; x_wconf 76' lang='lat' dir='ltr'><strong>martyri</strong></span> <span class='ocrx_word' id='word_1_486' title='bbox 2675 3589 2857 3639; x_wconf 86' lang='lat' dir='ltr'><strong>sacra,</strong></span> <span class='ocrx_word' id='word_1_487' title='bbox 2881 3576 3114 3648; x_wconf 81' lang='lat' dir='ltr'><strong>ejusque</strong></span> <span class='ocrx_word' id='word_1_488' title='bbox 3141 3578 3405 3645; x_wconf 89' lang='lat' dir='ltr'><strong>ambitus,</strong></span> <span class='ocrx_word' id='word_1_489' title='bbox 3433 3594 3631 3634; x_wconf 88' lang='lat' dir='ltr'><strong>cruore</strong></span> <span class='ocrx_word' id='word_1_490' title='bbox 3657 3580 4026 3636; x_wconf 77' lang='lat' dir='ltr'><strong>redundaret.</strong></span> 
     </span>
    </p>
   </div>
   <div class='ocr_carea' id='block_1_81' title="bbox 3031 3692 3386 3749">
    <p class='ocr_par' dir='ltr' id='par_1_81' title="bbox 3031 3692 3386 3749">
     <span class='ocr_line' id='line_1_81' title="bbox 3031 3692 3386 3749; baseline 0.003 -1"><span class='ocrx_word' id='word_1_491' title='bbox 3031 3692 3185 3749; x_wconf 81' lang='lat' dir='ltr'><strong>CAP.</strong></span> <span class='ocrx_word' id='word_1_492' title='bbox 3224 3694 3386 3749; x_wconf 77' lang='lat' dir='ltr'><strong>XVII.</strong></span> 
     </span>
    </p>
   </div>
   <div class='ocr_carea' id='block_1_82' title="bbox 2393 3807 4032 3883">
    <p class='ocr_par' dir='ltr' id='par_1_82' title="bbox 2393 3807 4032 3883">
     <span class='ocr_line' id='line_1_82' title="bbox 2393 3807 4032 3883; baseline 0.001 -21"><span class='ocrx_word' id='word_1_493' title='bbox 2393 3807 2501 3862; x_wconf 78' lang='lat' dir='ltr'><strong>&#39;De</strong></span> <span class='ocrx_word' id='word_1_494' title='bbox 2541 3811 2897 3883; x_wconf 13' lang='lat' dir='ltr'><strong>VArimincusi</strong></span> <span class='ocrx_word' id='word_1_495' title='bbox 2965 3810 3331 3879; x_wconf 76' lang='lat' dir='ltr'><strong>episwporum</strong></span> <span class='ocrx_word' id='word_1_496' title='bbox 3411 3813 3816 3883; x_wconf 68' lang='lat' dir='ltr'><strong>quadringentis</strong></span> <span class='ocrx_word' id='word_1_497' title='bbox 3903 3815 4032 3876; x_wconf 72' lang='lat' dir='ltr'><strong>ptu—</strong></span> 
     </span>
    </p>
   </div>
   <div class='ocr_carea' id='block_1_83' title="bbox 2501 3881 4037 3948">
    <p class='ocr_par' dir='ltr' id='par_1_83' title="bbox 2501 3881 4037 3948">
     <span class='ocr_line' id='line_1_83' title="bbox 2501 3881 4037 3948; baseline 0.004 -14"><span class='ocrx_word' id='word_1_498' title='bbox 2501 3882 2642 3934; x_wconf 83' lang='lat' dir='ltr'><strong>rium</strong></span> <span class='ocrx_word' id='word_1_499' title='bbox 2708 3882 2910 3948; x_wconf 80' lang='lat' dir='ltr'><strong>synodo</strong></span> <span class='ocrx_word' id='word_1_500' title='bbox 2945 3922 2958 3945; x_wconf 93' lang='lat'><strong>,</strong></span> <span class='ocrx_word' id='word_1_501' title='bbox 3019 3883 3444 3946; x_wconf 68' lang='lat' dir='ltr'><strong>confessioueque</strong></span> <span class='ocrx_word' id='word_1_502' title='bbox 3501 3881 3659 3948; x_wconf 55' lang='lat' dir='ltr'><strong>ﬁdei&quot;</strong></span> <span class='ocrx_word' id='word_1_503' title='bbox 3691 3884 3755 3935; x_wconf 81' lang='lat' dir='ltr'><strong>ab</strong></span> <span class='ocrx_word' id='word_1_504' title='bbox 3808 3885 4037 3940; x_wconf 74' lang='lat' dir='ltr'><strong>Arionis</strong></span> 
     </span>
    </p>
   </div>
   <div class='ocr_carea' id='block_1_84' title="bbox 2496 3949 4038 4022">
    <p class='ocr_par' dir='ltr' id='par_1_84' title="bbox 2496 3949 4038 4022">
     <span class='ocr_line' id='line_1_84' title="bbox 2496 3949 4038 4022; baseline 0.005 -18"><span class='ocrx_word' id='word_1_505' title='bbox 2496 3958 2640 4022; x_wconf 74' lang='lat' dir='ltr'><strong>apud</strong></span> <span class='ocrx_word' id='word_1_506' title='bbox 2680 3951 2842 4005; x_wconf 80' lang='lat' dir='ltr'><strong>Nicen</strong></span> <span class='ocrx_word' id='word_1_507' title='bbox 2879 3952 3118 4004; x_wconf 71' lang='lat' dir='ltr'><strong>&#39;l&#39;hraciw</strong></span> <span class='ocrx_word' id='word_1_508' title='bbox 3157 3949 3385 4019; x_wconf 81' lang='lat' dir='ltr'><strong>con/icta</strong></span> <span class='ocrx_word' id='word_1_509' title='bbox 3414 3959 3465 4006; x_wconf 78' lang='lat' dir='ltr'><strong>et</strong></span> <span class='ocrx_word' id='word_1_510' title='bbox 3505 3970 3602 4022; x_wconf 77' lang='lat' dir='ltr'><strong>pro</strong></span> <span class='ocrx_word' id='word_1_511' title='bbox 3638 3969 3761 4008; x_wconf 74' lang='lat' dir='ltr'><strong>cera</strong></span> <span class='ocrx_word' id='word_1_512' title='bbox 3806 3955 4038 4011; x_wconf 61' lang='lat' dir='ltr'><strong>Nic-ama</strong></span> 
     </span>
    </p>
   </div>
   <div class='ocr_carea' id='block_1_85' title="bbox 2495 4021 3098 4092">
    <p class='ocr_par' dir='ltr' id='par_1_85' title="bbox 2495 4021 3098 4092">
     <span class='ocr_line' id='line_1_85' title="bbox 2495 4021 3098 4092; baseline -0.002 -17"><span class='ocrx_word' id='word_1_513' title='bbox 2495 4021 2760 4092; x_wconf 68' lang='lat' dir='ltr'><strong>Bithynia:</strong></span> <span class='ocrx_word' id='word_1_514' title='bbox 2787 4024 3098 4092; x_wconf 76' lang='lat' dir='ltr'><strong>supposita.</strong></span> 
     </span>
    </p>
   </div>
   <div class='ocr_carea' id='block_1_86' title="bbox 2491 4136 4035 4209">
    <p class='ocr_par' dir='ltr' id='par_1_86' title="bbox 2491 4136 4035 4209">
     <span class='ocr_line' id='line_1_86' title="bbox 2491 4136 4035 4209; baseline 0.001 -17"><span class='ocrx_word' id='word_1_515' title='bbox 2491 4137 2701 4206; x_wconf 82' lang='lat' dir='ltr'><strong>Duplex</strong></span> <span class='ocrx_word' id='word_1_516' title='bbox 2730 4137 2918 4208; x_wconf 80' lang='lat' dir='ltr'><strong>igitur,</strong></span> <span class='ocrx_word' id='word_1_517' title='bbox 2953 4146 3010 4189; x_wconf 93' lang='lat' dir='ltr'><strong>ut</strong></span> <span class='ocrx_word' id='word_1_518' title='bbox 3037 4136 3151 4206; x_wconf 90' lang='lat' dir='ltr'><strong>jam</strong></span> <span class='ocrx_word' id='word_1_519' title='bbox 3180 4137 3394 4201; x_wconf 87' lang='lat' dir='ltr'><strong>monui,</strong></span> <span class='ocrx_word' id='word_1_520' title='bbox 3423 4138 3556 4192; x_wconf 92' lang='lat' dir='ltr'><strong>coiit</strong></span> <span class='ocrx_word' id='word_1_521' title='bbox 3581 4139 3863 4209; x_wconf 80' lang='lat' dir='ltr'><strong>synodus:</strong></span> <span class='ocrx_word' id='word_1_522' title='bbox 3901 4142 4035 4195; x_wconf 81' lang='lat' dir='ltr'><strong>Ari-</strong></span> 
     </span>
    </p>
   </div>
   <div class='ocr_carea' id='block_1_87' title="bbox 2419 4225 4029 4296">
    <p class='ocr_par' dir='ltr' id='par_1_87' title="bbox 2419 4225 4029 4296">
     <span class='ocr_line' id='line_1_87' title="bbox 2419 4225 4029 4296; baseline 0.001 -14"><span class='ocrx_word' id='word_1_523' title='bbox 2419 4228 2556 4282; x_wconf 88' lang='lat' dir='ltr'><strong>mini</strong></span> <span class='ocrx_word' id='word_1_524' title='bbox 2589 4228 2837 4296; x_wconf 85' lang='lat' dir='ltr'><strong>quidem,</strong></span> <span class='ocrx_word' id='word_1_525' title='bbox 2896 4238 2956 4280; x_wconf 94' lang='lat' dir='ltr'><strong>nt</strong></span> <span class='ocrx_word' id='word_1_526' title='bbox 3005 4226 3072 4280; x_wconf 90' lang='lat' dir='ltr'><strong>de</strong></span> <span class='ocrx_word' id='word_1_527' title='bbox 3119 4225 3510 4295; x_wconf 85' lang='lat' dir='ltr'><strong>dogmatibus,</strong></span> <span class='ocrx_word' id='word_1_528' title='bbox 3551 4227 3816 4283; x_wconf 68' lang='lat' dir='ltr'><strong>Seleuciae</strong></span> <span class='ocrx_word' id='word_1_529' title='bbox 3866 4246 4029 4296; x_wconf 83' lang='lat' dir='ltr'><strong>vero,</strong></span> 
     </span>
    </p>
   </div>
   <div class='ocr_carea' id='block_1_88' title="bbox 2421 4319 4027 4390">
    <p class='ocr_par' dir='ltr' id='par_1_88' title="bbox 2421 4319 4027 4390">
     <span class='ocr_line' id='line_1_88' title="bbox 2421 4319 4027 4390; baseline 0.002 -16"><span class='ocrx_word' id='word_1_530' title='bbox 2421 4326 2483 4374; x_wconf 94' lang='lat' dir='ltr'><strong>ut</strong></span> <span class='ocrx_word' id='word_1_531' title='bbox 2515 4320 2584 4374; x_wconf 90' lang='lat' dir='ltr'><strong>de</strong></span> <span class='ocrx_word' id='word_1_532' title='bbox 2612 4319 3006 4389; x_wconf 86' lang='lat' dir='ltr'><strong>episcOporum</strong></span> <span class='ocrx_word' id='word_1_533' title='bbox 3041 4319 3532 4373; x_wconf 82' lang='lat' dir='ltr'><strong>criminationibus</strong></span> <span class='ocrx_word' id='word_1_534' title='bbox 3559 4332 4027 4390; x_wconf 76' lang='lat' dir='ltr'><strong>cognosceretur.</strong></span> 
     </span>
    </p>
   </div>
   <div class='ocr_carea' id='block_1_89' title="bbox 2420 4411 4023 4483">
    <p class='ocr_par' dir='ltr' id='par_1_89' title="bbox 2420 4411 4023 4483">
     <span class='ocr_line' id='line_1_89' title="bbox 2420 4411 4023 4483; baseline 0.003 -17"><span class='ocrx_word' id='word_1_535' title='bbox 2420 4412 2575 4467; x_wconf 78' lang='lat' dir='ltr'><strong>Prior</strong></span> <span class='ocrx_word' id='word_1_536' title='bbox 2624 4411 2809 4481; x_wconf 89' lang='lat' dir='ltr'><strong>itaque</strong></span> <span class='ocrx_word' id='word_1_537' title='bbox 2859 4412 3226 4466; x_wconf 81' lang='lat' dir='ltr'><strong>Ariminensis</strong></span> <span class='ocrx_word' id='word_1_538' title='bbox 3273 4422 3607 4483; x_wconf 78' lang='lat' dir='ltr'><strong>congregata</strong></span> <span class='ocrx_word' id='word_1_539' title='bbox 3657 4425 3763 4477; x_wconf 90' lang='lat' dir='ltr'><strong>est,</strong></span> <span class='ocrx_word' id='word_1_540' title='bbox 3809 4430 4023 4471; x_wconf 76' lang='lat' dir='ltr'><strong>conre-</strong></span> 
     </span>
    </p>
   </div>
   <div class='ocr_carea' id='block_1_90' title="bbox 713 4503 4025 4584">
    <p class='ocr_par' dir='ltr' id='par_1_90' title="bbox 713 4503 4025 4584">
     <span class='ocr_line' id='line_1_90' title="bbox 713 4503 4025 4584; baseline 0.001 -23"><span class='ocrx_word' id='word_1_541' title='bbox 713 4513 804 4567; x_wconf 82' lang='lat' dir='ltr'><strong>ille</strong></span> <span class='ocrx_word' id='word_1_542' title='bbox 839 4529 1143 4584; x_wconf 78' lang='lat' dir='ltr'><strong>pauperum</strong></span> <span class='ocrx_word' id='word_1_543' title='bbox 1177 4522 1446 4583; x_wconf 69' lang='lat' dir='ltr'><strong>praetextu</strong></span> <span class='ocrx_word' id='word_1_544' title='bbox 1509 4527 1666 4578; x_wconf 87' lang='lat' dir='ltr'><strong>sacra</strong></span> <span class='ocrx_word' id='word_1_545' title='bbox 1706 4510 1949 4566; x_wconf 87' lang='lat' dir='ltr'><strong>clinodia</strong></span> <span class='ocrx_word' id='word_1_546' title='bbox 2021 4521 2313 4582; x_wconf 73' lang='lat' dir='ltr'><strong>vestesque</strong></span> <span class='ocrx_word' id='word_1_547' title='bbox 2349 4516 2390 4571; x_wconf 81' lang='grc' dir='ltr'>υ</span> <span class='ocrx_word' id='word_1_548' title='bbox 2418 4514 2733 4575; x_wconf 88' lang='lat' dir='ltr'><strong>neruntque</strong></span> <span class='ocrx_word' id='word_1_549' title='bbox 2769 4503 3154 4560; x_wconf 87' lang='lat' dir='ltr'><strong>Occidentales</strong></span> <span class='ocrx_word' id='word_1_550' title='bbox 3212 4506 3458 4574; x_wconf 88' lang='lat' dir='ltr'><strong>episcopi</strong></span> <span class='ocrx_word' id='word_1_551' title='bbox 3507 4507 3694 4575; x_wconf 81' lang='lat' dir='ltr'><strong>plures</strong></span> <span class='ocrx_word' id='word_1_552' title='bbox 3745 4524 3855 4576; x_wconf 90' lang='lat' dir='ltr'><strong>qua</strong></span> <span class='ocrx_word' id='word_1_553' title='bbox 3882 4512 4025 4562; x_wconf 76' lang='lat' dir='ltr'><strong>trin-</strong></span> 
     </span>
    </p>
   </div>
   <div class='ocr_carea' id='block_1_91' title="bbox 712 4604 2312 4676">
    <p class='ocr_par' dir='ltr' id='par_1_91' title="bbox 712 4604 2312 4676">
     <span class='ocr_line' id='line_1_91' title="bbox 712 4604 2312 4676; baseline -0.002 -16"><span class='ocrx_word' id='word_1_554' title='bbox 712 4607 958 4661; x_wconf 91' lang='lat' dir='ltr'><strong>anctioni</strong></span> <span class='ocrx_word' id='word_1_555' title='bbox 988 4611 1356 4676; x_wconf 65' lang='lat' dir='ltr'><strong>exposuisset,</strong></span> <span class='ocrx_word' id='word_1_556' title='bbox 1393 4622 1630 4674; x_wconf 86' lang='lat' dir='ltr'><strong>quarum</strong></span> <span class='ocrx_word' id='word_1_557' title='bbox 1669 4604 1968 4659; x_wconf 89' lang='lat' dir='ltr'><strong>nonnullas</strong></span> <span class='ocrx_word' id='word_1_558' title='bbox 2000 4606 2312 4676; x_wconf 85' lang='lat' dir='ltr'><strong>negotiator</strong></span> 
     </span>
    </p>
   </div>
   <div class='ocr_carea' id='block_1_92' title="bbox 713 4684 2311 4768">
    <p class='ocr_par' dir='ltr' id='par_1_92' title="bbox 713 4684 2311 4768">
     <span class='ocr_line' id='line_1_92' title="bbox 713 4684 2311 4768; baseline 0 -16"><span class='ocrx_word' id='word_1_559' title='bbox 713 4684 938 4768; x_wconf 79' lang='lat' dir='ltr'><strong>quidam</strong></span> <span class='ocrx_word' id='word_1_560' title='bbox 976 4709 1261 4767; x_wconf 84' lang='lat' dir='ltr'><strong>coemptas</strong></span> <span class='ocrx_word' id='word_1_561' title='bbox 1318 4698 1630 4768; x_wconf 58' lang='lat' dir='ltr'><strong>thymelica:</strong></span> <span class='ocrx_word' id='word_1_562' title='bbox 1660 4697 1880 4752; x_wconf 88' lang='lat' dir='ltr'><strong>cuidam</strong></span> <span class='ocrx_word' id='word_1_563' title='bbox 1931 4711 2030 4751; x_wconf 87' lang='lat' dir='ltr'><strong>seu</strong></span> <span class='ocrx_word' id='word_1_564' title='bbox 2077 4699 2311 4753; x_wconf 74' lang='lat' dir='ltr'><strong>scenica:</strong></span> 
     </span>
    </p>
   </div>
   <div class='ocr_carea' id='block_1_93' title="bbox 710 4791 2310 4861">
    <p class='ocr_par' dir='ltr' id='par_1_93' title="bbox 710 4791 2310 4861">
     <span class='ocr_line' id='line_1_93' title="bbox 710 4791 2310 4861; baseline 0.001 -15"><span class='ocrx_word' id='word_1_565' title='bbox 710 4794 933 4849; x_wconf 87' lang='lat' dir='ltr'><strong>mulieri</strong></span> <span class='ocrx_word' id='word_1_566' title='bbox 968 4793 1329 4847; x_wconf 66' lang='lat' dir='ltr'><strong>vendidisset.</strong></span> <span class='ocrx_word' id='word_1_567' title='bbox 1366 4791 1748 4846; x_wconf 75' lang='lat' dir='ltr'><strong>Tltcodoritus</strong></span> <span class='ocrx_word' id='word_1_568' title='bbox 1784 4805 1955 4861; x_wconf 84' lang='lat' dir='ltr'><strong>porro</strong></span> <span class='ocrx_word' id='word_1_569' title='bbox 1991 4801 2187 4846; x_wconf 90' lang='lat' dir='ltr'><strong>auctor</strong></span> <span class='ocrx_word' id='word_1_570' title='bbox 2225 4801 2310 4847; x_wconf 87' lang='lat' dir='ltr'><strong>est</strong></span> 
     </span>
    </p>
   </div>
   <div class='ocr_carea' id='block_1_94' title="bbox 707 4884 2312 4960">
    <p class='ocr_par' dir='ltr' id='par_1_94' title="bbox 707 4884 2312 4960">
     <span class='ocr_line' id='line_1_94' title="bbox 707 4884 2312 4960; baseline -0.002 -17"><span class='ocrx_word' id='word_1_571' title='bbox 707 4888 1026 4960; x_wconf 77' lang='lat' dir='ltr'><strong>liujusmodi</strong></span> <span class='ocrx_word' id='word_1_572' title='bbox 1060 4896 1267 4940; x_wconf 86' lang='lat' dir='ltr'><strong>vestem</strong></span> <span class='ocrx_word' id='word_1_573' title='bbox 1299 4885 1535 4939; x_wconf 75' lang='lat' dir='ltr'><strong>Macario</strong></span> <span class='ocrx_word' id='word_1_574' title='bbox 1572 4884 2079 4955; x_wconf 86' lang='lat' dir='ltr'><strong>Hierosolymorum</strong></span> <span class='ocrx_word' id='word_1_575' title='bbox 2112 4885 2183 4938; x_wconf 85' lang='lat' dir='ltr'><strong>ab</strong></span> <span class='ocrx_word' id='word_1_576' title='bbox 2214 4886 2312 4939; x_wconf 90' lang='lat' dir='ltr'><strong>im-</strong></span> 
     </span>
    </p>
   </div>
   <div class='ocr_carea' id='block_1_95' title="bbox 708 4977 2311 5054">
    <p class='ocr_par' dir='ltr' id='par_1_95' title="bbox 708 4977 2311 5054">
     <span class='ocr_line' id='line_1_95' title="bbox 708 4977 2311 5054; baseline -0.002 -16"><span class='ocrx_word' id='word_1_577' title='bbox 708 4993 962 5054; x_wconf 79' lang='lat' dir='ltr'><strong>pcratorc</strong></span> <span class='ocrx_word' id='word_1_578' title='bbox 994 4981 1364 5037; x_wconf 89' lang='lat' dir='ltr'><strong>Constantino</strong></span> <span class='ocrx_word' id='word_1_579' title='bbox 1398 4980 1661 5033; x_wconf 78' lang='lat' dir='ltr'><strong>donatum</strong></span> <span class='ocrx_word' id='word_1_580' title='bbox 1705 4977 1897 5042; x_wconf 85' lang='lat' dir='ltr'><strong>fuisse,</strong></span> <span class='ocrx_word' id='word_1_581' title='bbox 1927 4992 2036 5048; x_wconf 88' lang='lat' dir='ltr'><strong>qua</strong></span> <span class='ocrx_word' id='word_1_582' title='bbox 2081 4994 2196 5033; x_wconf 89' lang='lat' dir='ltr'><strong>rem</strong></span> <span class='ocrx_word' id='word_1_583' title='bbox 2226 4995 2311 5034; x_wconf 91' lang='lat' dir='ltr'><strong>sa-</strong></span> 
     </span>
    </p>
   </div>
   <div class='ocr_carea' id='block_1_96' title="bbox 707 5071 2308 5134">
    <p class='ocr_par' dir='ltr' id='par_1_96' title="bbox 707 5071 2308 5134">
     <span class='ocr_line' id='line_1_96' title="bbox 707 5071 2308 5134; baseline -0.004 -2"><span class='ocrx_word' id='word_1_584' title='bbox 707 5093 860 5133; x_wconf 87' lang='lat' dir='ltr'><strong>cram</strong></span> <span class='ocrx_word' id='word_1_585' title='bbox 894 5077 1100 5130; x_wconf 90' lang='lat' dir='ltr'><strong>faciens</strong></span> <span class='ocrx_word' id='word_1_586' title='bbox 1129 5085 1406 5134; x_wconf 84' lang='lat' dir='ltr'><strong>uteretur,</strong></span> <span class='ocrx_word' id='word_1_587' title='bbox 1436 5089 1536 5127; x_wconf 85' lang='lat' dir='ltr'><strong>ncc.</strong></span> <span class='ocrx_word' id='word_1_588' title='bbox 1569 5087 1598 5125; x_wconf 90' lang='lat' dir='ltr'><strong>a</strong></span> <span class='ocrx_word' id='word_1_589' title='bbox 1640 5072 1859 5126; x_wconf 84' lang='lat' dir='ltr'><strong>scenica</strong></span> <span class='ocrx_word' id='word_1_590' title='bbox 1905 5071 2160 5134; x_wconf 86' lang='lat' dir='ltr'><strong>muliere,</strong></span> <span class='ocrx_word' id='word_1_591' title='bbox 2211 5073 2308 5128; x_wconf 83' lang='lat' dir='ltr'><strong>sed</strong></span> 
     </span>
    </p>
   </div>
   <div class='ocr_carea' id='block_1_97' title="bbox 707 5165 2197 5242">
    <p class='ocr_par' dir='ltr' id='par_1_97' title="bbox 707 5165 2197 5242">
     <span class='ocr_line' id='line_1_97' title="bbox 707 5165 2197 5242; baseline -0.005 -17"><span class='ocrx_word' id='word_1_592' title='bbox 707 5171 986 5242; x_wconf 76' lang='lat' dir='ltr'><strong>quondam</strong></span> <span class='ocrx_word' id='word_1_593' title='bbox 1021 5170 1267 5240; x_wconf 77' lang='lat' dir='ltr'><strong>ejusdem</strong></span> <span class='ocrx_word' id='word_1_594' title='bbox 1294 5169 1430 5222; x_wconf 89' lang='lat' dir='ltr'><strong>artis</strong></span> <span class='ocrx_word' id='word_1_595' title='bbox 1456 5166 1578 5220; x_wconf 91' lang='lat' dir='ltr'><strong>viro</strong></span> <span class='ocrx_word' id='word_1_596' title='bbox 1602 5175 1976 5234; x_wconf 73' lang='lat' dir='ltr'><strong>comparatam</strong></span> <span class='ocrx_word' id='word_1_597' title='bbox 2006 5165 2197 5220; x_wconf 85' lang='lat' dir='ltr'><strong>fuisse.</strong></span> 
     </span>
    </p>
   </div>
   <div class='ocr_carea' id='block_1_98' title="bbox 779 5257 2308 5344">
    <p class='ocr_par' dir='ltr' id='par_1_98' title="bbox 779 5257 2308 5344">
     <span class='ocr_line' id='line_1_98' title="bbox 779 5257 2308 5344; baseline -0.003 -26"><span class='ocrx_word' id='word_1_598' title='bbox 779 5265 1108 5319; x_wconf 83' lang='lat' dir='ltr'><strong>Convocatis</strong></span> <span class='ocrx_word' id='word_1_599' title='bbox 1135 5279 1267 5333; x_wconf 84' lang='lat' dir='ltr'><strong>ergo</strong></span> <span class='ocrx_word' id='word_1_600' title='bbox 1296 5261 1549 5316; x_wconf 82' lang='lat' dir='ltr'><strong>finitimis</strong></span> <span class='ocrx_word' id='word_1_601' title='bbox 1608 5259 1893 5344; x_wconf 52' lang='lat' dir='ltr'><strong>episcopis</strong></span> <span class='ocrx_word' id='word_1_602' title='bbox 1931 5259 2165 5314; x_wconf 71' lang='lat' dir='ltr'><strong>Aeacius</strong></span> <span class='ocrx_word' id='word_1_603' title='bbox 2202 5257 2308 5328; x_wconf 79' lang='lat' dir='ltr'><strong>Cy-</strong></span> 
     </span>
    </p>
   </div>
   <div class='ocr_carea' id='block_1_99' title="bbox 705 5356 2307 5427">
    <p class='ocr_par' dir='ltr' id='par_1_99' title="bbox 705 5356 2307 5427">
     <span class='ocr_line' id='line_1_99' title="bbox 705 5356 2307 5427; baseline -0.005 -14"><span class='ocrx_word' id='word_1_604' title='bbox 705 5361 890 5414; x_wconf 78' lang='lat' dir='ltr'><strong>rillum</strong></span> <span class='ocrx_word' id='word_1_605' title='bbox 942 5359 994 5412; x_wconf 91' lang='lat' dir='ltr'><strong>in</strong></span> <span class='ocrx_word' id='word_1_606' title='bbox 1035 5359 1128 5427; x_wconf 92' lang='lat' dir='ltr'><strong>jus</strong></span> <span class='ocrx_word' id='word_1_607' title='bbox 1167 5357 1426 5410; x_wconf 86' lang='lat' dir='ltr'><strong>vocavit:</strong></span> <span class='ocrx_word' id='word_1_608' title='bbox 1481 5369 1671 5424; x_wconf 88' lang='lat' dir='ltr'><strong>quem,</strong></span> <span class='ocrx_word' id='word_1_609' title='bbox 1715 5356 1846 5422; x_wconf 84' lang='lat' dir='ltr'><strong>quia</strong></span> <span class='ocrx_word' id='word_1_610' title='bbox 1897 5367 2042 5421; x_wconf 70' lang='lat' dir='ltr'><strong>smpe</strong></span> <span class='ocrx_word' id='word_1_611' title='bbox 2080 5361 2307 5406; x_wconf 87' lang='lat' dir='ltr'><strong>vocatus</strong></span> 
     </span>
    </p>
   </div>
   <div class='ocr_carea' id='block_1_100' title="bbox 706 5439 2307 5519">
    <p class='ocr_par' dir='ltr' id='par_1_100' title="bbox 706 5439 2307 5519">
     <span class='ocr_line' id='line_1_100' title="bbox 706 5439 2307 5519; baseline -0.007 -13"><span class='ocrx_word' id='word_1_612' title='bbox 706 5465 816 5506; x_wconf 88' lang='lat' dir='ltr'><strong>non</strong></span> <span class='ocrx_word' id='word_1_613' title='bbox 848 5448 1274 5519; x_wconf 79' lang='lat' dir='ltr'><strong>coinparuisset,</strong></span> <span class='ocrx_word' id='word_1_614' title='bbox 1297 5446 1698 5515; x_wconf 72' lang='lat' dir='ltr'><strong>deposuerunt.</strong></span> <span class='ocrx_word' id='word_1_615' title='bbox 1731 5442 1828 5497; x_wconf 90' lang='lat' dir='ltr'><strong>llic</strong></span> <span class='ocrx_word' id='word_1_616' title='bbox 1859 5451 2046 5496; x_wconf 88' lang='lat' dir='ltr'><strong>autem</strong></span> <span class='ocrx_word' id='word_1_617' title='bbox 2072 5440 2226 5495; x_wconf 87' lang='lat' dir='ltr'><strong>solus</strong></span> <span class='ocrx_word' id='word_1_618' title='bbox 2251 5439 2307 5494; x_wconf 89' lang='lat' dir='ltr'><strong>id</strong></span> 
     </span>
    </p>
   </div>
   <div class='ocr_carea' id='block_1_101' title="bbox 709 5535 2306 5613">
    <p class='ocr_par' dir='ltr' id='par_1_101' title="bbox 709 5535 2306 5613">
     <span class='ocr_line' id='line_1_101' title="bbox 709 5535 2306 5613; baseline -0.008 -15"><span class='ocrx_word' id='word_1_619' title='bbox 709 5544 1002 5613; x_wconf 78' lang='lat' dir='ltr'><strong>temporis,</strong></span> <span class='ocrx_word' id='word_1_620' title='bbox 1049 5550 1103 5595; x_wconf 81' lang='lat' dir='ltr'><strong>et</strong></span> <span class='ocrx_word' id='word_1_621' title='bbox 1151 5541 1368 5610; x_wconf 78' lang='lat' dir='ltr'><strong>primus</strong></span> <span class='ocrx_word' id='word_1_622' title='bbox 1397 5545 1600 5610; x_wconf 71' lang='lat' dir='ltr'><strong>pneter</strong></span> <span class='ocrx_word' id='word_1_623' title='bbox 1633 5535 2079 5590; x_wconf 63' lang='lat' dir='ltr'><strong>ecclesiasticum</strong></span> <span class='ocrx_word' id='word_1_624' title='bbox 2133 5547 2306 5588; x_wconf 85' lang='lat' dir='ltr'><strong>cano-</strong></span> 
     </span>
    </p>
   </div>
   <div class='ocr_carea' id='block_1_102' title="bbox 709 5626 2304 5705">
    <p class='ocr_par' dir='ltr' id='par_1_102' title="bbox 709 5626 2304 5705">
     <span class='ocr_line' id='line_1_102' title="bbox 709 5626 2304 5705; baseline -0.007 -14"><span class='ocrx_word' id='word_1_625' title='bbox 709 5654 834 5692; x_wconf 87' lang='lat' dir='ltr'><strong>netu</strong></span> <span class='ocrx_word' id='word_1_626' title='bbox 858 5633 1246 5705; x_wconf 85' lang='lat' dir='ltr'><strong>appellationis</strong></span> <span class='ocrx_word' id='word_1_627' title='bbox 1275 5632 1341 5687; x_wconf 89' lang='lat' dir='ltr'><strong>ad</strong></span> <span class='ocrx_word' id='word_1_628' title='bbox 1375 5631 1662 5701; x_wconf 89' lang='lat' dir='ltr'><strong>publicum</strong></span> <span class='ocrx_word' id='word_1_629' title='bbox 1697 5628 1878 5684; x_wconf 88' lang='lat' dir='ltr'><strong>forum</strong></span> <span class='ocrx_word' id='word_1_630' title='bbox 1905 5641 2136 5691; x_wconf 88' lang='lat' dir='ltr'><strong>memor,</strong></span> <span class='ocrx_word' id='word_1_631' title='bbox 2169 5626 2236 5681; x_wconf 91' lang='lat' dir='ltr'><strong>iis</strong></span> <span class='ocrx_word' id='word_1_632' title='bbox 2274 5640 2304 5680; x_wconf 93' lang='lat' dir='ltr'><strong>a</strong></span> 
     </span>
    </p>
   </div>
   <div class='ocr_carea' id='block_1_103' title="bbox 712 5718 2301 5794">
    <p class='ocr_par' dir='ltr' id='par_1_103' title="bbox 712 5718 2301 5794">
     <span class='ocr_line' id='line_1_103' title="bbox 712 5718 2301 5794; baseline -0.003 -20"><span class='ocrx_word' id='word_1_633' title='bbox 712 5727 912 5794; x_wconf 78' lang='lat' dir='ltr'><strong>quibus</strong></span> <span class='ocrx_word' id='word_1_634' title='bbox 973 5724 1265 5794; x_wconf 71' lang='lat' dir='ltr'><strong>depositus</strong></span> <span class='ocrx_word' id='word_1_635' title='bbox 1325 5721 1528 5785; x_wconf 84' lang='lat' dir='ltr'><strong>fuerat,</strong></span> <span class='ocrx_word' id='word_1_636' title='bbox 1585 5719 1999 5790; x_wconf 85' lang='lat' dir='ltr'><strong>provocationis</strong></span> <span class='ocrx_word' id='word_1_637' title='bbox 2055 5718 2301 5774; x_wconf 87' lang='lat' dir='ltr'><strong>libellum</strong></span> 
     </span>
    </p>
   </div>
   <div class='ocr_carea' id='block_1_104' title="bbox 712 5814 2300 5890">
    <p class='ocr_par' dir='ltr' id='par_1_104' title="bbox 712 5814 2300 5890">
     <span class='ocr_line' id='line_1_104' title="bbox 712 5814 2300 5890; baseline -0.006 -15"><span class='ocrx_word' id='word_1_638' title='bbox 712 5821 879 5886; x_wconf 83' lang='lat' dir='ltr'><strong>misit,</strong></span> <span class='ocrx_word' id='word_1_639' title='bbox 909 5831 961 5874; x_wconf 88' lang='lat' dir='ltr'><strong>ct</strong></span> <span class='ocrx_word' id='word_1_640' title='bbox 993 5819 1057 5874; x_wconf 90' lang='lat' dir='ltr'><strong>ad</strong></span> <span class='ocrx_word' id='word_1_641' title='bbox 1089 5819 1267 5890; x_wconf 85' lang='lat' dir='ltr'><strong>majus</strong></span> <span class='ocrx_word' id='word_1_642' title='bbox 1302 5816 1544 5870; x_wconf 83' lang='lat' dir='ltr'><strong>tribunal</strong></span> <span class='ocrx_word' id='word_1_643' title='bbox 1581 5815 1922 5885; x_wconf 87' lang='lat' dir='ltr'><strong>provocavit.</strong></span> <span class='ocrx_word' id='word_1_644' title='bbox 1965 5814 2138 5884; x_wconf 79' lang='lat' dir='ltr'><strong>Cujus</strong></span> <span class='ocrx_word' id='word_1_645' title='bbox 2173 5814 2300 5883; x_wconf 89' lang='lat' dir='ltr'><strong>qui-</strong></span> 
     </span>
    </p>
   </div>
   <div class='ocr_carea' id='block_1_105' title="bbox 2415 4585 4028 4666">
    <p class='ocr_par' dir='ltr' id='par_1_105' title="bbox 2415 4585 4028 4666">
     <span class='ocr_line' id='line_1_105' title="bbox 2415 4585 4028 4666; baseline -0.002 -16"><span class='ocrx_word' id='word_1_646' title='bbox 2415 4597 2615 4666; x_wconf 87' lang='lat' dir='ltr'><strong>gcntis.</strong></span> <span class='ocrx_word' id='word_1_647' title='bbox 2648 4595 2918 4662; x_wconf 86' lang='lat' dir='ltr'><strong>Quocirca</strong></span> <span class='ocrx_word' id='word_1_648' title='bbox 2949 4596 3156 4651; x_wconf 79' lang='lat' dir='ltr'><strong>Valens</strong></span> <span class='ocrx_word' id='word_1_649' title='bbox 3188 4596 3500 4666; x_wconf 77' lang='lat' dir='ltr'><strong>Sigedonis,</strong></span> <span class='ocrx_word' id='word_1_650' title='bbox 3555 4598 3819 4655; x_wconf 66' lang='lat' dir='ltr'><strong>Urs-rein:</strong></span> <span class='ocrx_word' id='word_1_651' title='bbox 3871 4585 4028 4654; x_wconf 62' lang='lat' dir='ltr'><strong>uo}-</strong></span> 
     </span>
    </p>
   </div>
   <div class='ocr_carea' id='block_1_106' title="bbox 2413 4686 4025 4756">
    <p class='ocr_par' dir='ltr' id='par_1_106' title="bbox 2413 4686 4025 4756">
     <span class='ocr_line' id='line_1_106' title="bbox 2413 4686 4025 4756; baseline 0.002 -14"><span class='ocrx_word' id='word_1_652' title='bbox 2413 4703 2508 4747; x_wconf 70' lang='lat' dir='ltr'><strong>sm.</strong></span> <span class='ocrx_word' id='word_1_653' title='bbox 2542 4686 2864 4742; x_wconf 87' lang='lat' dir='ltr'><strong>Germinius</strong></span> <span class='ocrx_word' id='word_1_654' title='bbox 2914 4686 3129 4748; x_wconf 88' lang='lat' dir='ltr'><strong>Sirmii,</strong></span> <span class='ocrx_word' id='word_1_655' title='bbox 3184 4687 3495 4742; x_wconf 76' lang='lat' dir='ltr'><strong>Auxentius</strong></span> <span class='ocrx_word' id='word_1_656' title='bbox 3551 4689 4025 4756; x_wconf 78' lang='lat' dir='ltr'><strong>Mediolanornm,</strong></span> 
     </span>
    </p>
   </div>
   <div class='ocr_carea' id='block_1_107' title="bbox 2415 4779 4024 4853">
    <p class='ocr_par' dir='ltr' id='par_1_107' title="bbox 2415 4779 4024 4853">
     <span class='ocr_line' id='line_1_107' title="bbox 2415 4779 4024 4853; baseline 0.003 -19"><span class='ocrx_word' id='word_1_657' title='bbox 2415 4793 2467 4834; x_wconf 89' lang='lat' dir='ltr'><strong>ct</strong></span> <span class='ocrx_word' id='word_1_658' title='bbox 2501 4779 2863 4849; x_wconf 75' lang='lat' dir='ltr'><strong>DemOpliilns</strong></span> <span class='ocrx_word' id='word_1_659' title='bbox 2893 4779 3173 4835; x_wconf 68' lang='lat' dir='ltr'><strong>Berrbm</strong></span> <span class='ocrx_word' id='word_1_660' title='bbox 3208 4782 3260 4833; x_wconf 92' lang='lat' dir='ltr'><strong>in</strong></span> <span class='ocrx_word' id='word_1_661' title='bbox 3300 4781 3543 4836; x_wconf 88' lang='lat' dir='ltr'><strong>medium</strong></span> <span class='ocrx_word' id='word_1_662' title='bbox 3587 4787 3893 4853; x_wconf 80' lang='lat' dir='ltr'><strong>progressi,</strong></span> <span class='ocrx_word' id='word_1_663' title='bbox 3929 4786 4024 4839; x_wconf 66' lang='grc' dir='ltr'><strong>Ρι-</strong></span> 
     </span>
    </p>
   </div>
   <div class='ocr_carea' id='block_1_108' title="bbox 2413 4872 4015 4941">
    <p class='ocr_par' dir='ltr' id='par_1_108' title="bbox 2413 4872 4015 4941">
     <span class='ocr_line' id='line_1_108' title="bbox 2413 4872 4015 4941; baseline 0.003 -13"><span class='ocrx_word' id='word_1_664' title='bbox 2413 4873 2548 4928; x_wconf 90' lang='lat' dir='ltr'><strong>lium</strong></span> <span class='ocrx_word' id='word_1_665' title='bbox 2578 4873 2726 4928; x_wconf 87' lang='lat' dir='ltr'><strong>Patri</strong></span> <span class='ocrx_word' id='word_1_666' title='bbox 2762 4873 2975 4941; x_wconf 72' lang='grc' dir='ltr'><strong>δμοιον,</strong></span> <span class='ocrx_word' id='word_1_667' title='bbox 3008 4888 3105 4927; x_wconf 88' lang='lat' dir='ltr'><strong>seu</strong></span> <span class='ocrx_word' id='word_1_668' title='bbox 3137 4872 3397 4936; x_wconf 86' lang='lat' dir='ltr'><strong>similem,</strong></span> <span class='ocrx_word' id='word_1_669' title='bbox 3441 4889 3564 4928; x_wconf 86' lang='lat' dir='ltr'><strong>esse</strong></span> <span class='ocrx_word' id='word_1_670' title='bbox 3595 4875 3900 4930; x_wconf 65' lang='lat' dir='ltr'><strong>dicundum</strong></span> <span class='ocrx_word' id='word_1_671' title='bbox 3943 4895 4015 4933; x_wconf 73' lang='lat' dir='ltr'><strong>ex</strong></span> 
     </span>
    </p>
   </div>
   <div class='ocr_carea' id='block_1_109' title="bbox 2414 4963 4020 5035">
    <p class='ocr_par' dir='ltr' id='par_1_109' title="bbox 2414 4963 4020 5035">
     <span class='ocr_line' id='line_1_109' title="bbox 2414 4963 4020 5035; baseline 0.001 -15"><span class='ocrx_word' id='word_1_672' title='bbox 2414 4963 2499 5020; x_wconf 74' lang='lat' dir='ltr'><strong>Sta</strong></span> <span class='ocrx_word' id='word_1_673' title='bbox 2518 4965 2824 5034; x_wconf 85' lang='lat' dir='ltr'><strong>ipturarum</strong></span> <span class='ocrx_word' id='word_1_674' title='bbox 2847 4965 3172 5035; x_wconf 68' lang='lat' dir='ltr'><strong>praescripto</strong></span> <span class='ocrx_word' id='word_1_675' title='bbox 3189 4974 3551 5021; x_wconf 78' lang='lat' dir='ltr'><strong>censuerunt.</strong></span> <span class='ocrx_word' id='word_1_676' title='bbox 3576 4967 3780 5030; x_wconf 64' lang='grc' dir='ltr'><strong>Οὐσίας</strong></span> <span class='ocrx_word' id='word_1_677' title='bbox 3804 4981 4020 5032; x_wconf 77' lang='lat' dir='ltr'><strong>autem,</strong></span> 
     </span>
    </p>
   </div>
   <div class='ocr_carea' id='block_1_110' title="bbox 2413 5055 4010 5128">
    <p class='ocr_par' dir='ltr' id='par_1_110' title="bbox 2413 5055 4010 5128">
     <span class='ocr_line' id='line_1_110' title="bbox 2413 5055 4010 5128; baseline 0.003 -16"><span class='ocrx_word' id='word_1_678' title='bbox 2413 5057 2759 5120; x_wconf 70' lang='lat' dir='ltr'><strong>substantiae,</strong></span> <span class='ocrx_word' id='word_1_679' title='bbox 2797 5057 2889 5110; x_wconf 84' lang='lat' dir='ltr'><strong>ubi</strong></span> <span class='ocrx_word' id='word_1_680' title='bbox 2939 5055 3008 5110; x_wconf 82' lang='lat' dir='ltr'><strong>de</strong></span> <span class='ocrx_word' id='word_1_681' title='bbox 3046 5056 3184 5110; x_wconf 71' lang='lat' dir='ltr'><strong>&#39;Dco</strong></span> <span class='ocrx_word' id='word_1_682' title='bbox 3242 5058 3450 5125; x_wconf 81' lang='lat' dir='ltr'><strong>agitur,</strong></span> <span class='ocrx_word' id='word_1_683' title='bbox 3512 5058 3720 5110; x_wconf 75' lang='lat' dir='ltr'><strong>nuilam</strong></span> <span class='ocrx_word' id='word_1_684' title='bbox 3773 5077 4010 5128; x_wconf 85' lang='lat' dir='ltr'><strong>prorsus</strong></span> 
     </span>
    </p>
   </div>
   <div class='ocr_carea' id='block_1_111' title="bbox 2366 5149 4021 5221">
    <p class='ocr_par' dir='ltr' id='par_1_111' title="bbox 2366 5149 4021 5221">
     <span class='ocr_line' id='line_1_111' title="bbox 2366 5149 4021 5221; baseline 0.003 -17"><span class='ocrx_word' id='word_1_685' title='bbox 2366 5150 2720 5221; x_wconf 80' lang='lat' dir='ltr'><strong>faciendam</strong></span> <span class='ocrx_word' id='word_1_686' title='bbox 2790 5165 2911 5203; x_wconf 89' lang='lat' dir='ltr'><strong>esse</strong></span> <span class='ocrx_word' id='word_1_687' title='bbox 2989 5149 3327 5204; x_wconf 83' lang='lat' dir='ltr'><strong>mentionem</strong></span> <span class='ocrx_word' id='word_1_688' title='bbox 3411 5153 4021 5220; x_wconf 55' lang='lat' dir='ltr'><strong>asseruerunt..‘Q-.ws</strong></span> 
     </span>
    </p>
   </div>
   <div class='ocr_carea' id='block_1_112' title="bbox 2411 5241 4014 5322">
    <p class='ocr_par' dir='ltr' id='par_1_112' title="bbox 2411 5241 4014 5322">
     <span class='ocr_line' id='line_1_112' title="bbox 2411 5241 4014 5322; baseline 0.002 -27"><span class='ocrx_word' id='word_1_689' title='bbox 2411 5243 2635 5314; x_wconf 79' lang='lat' dir='ltr'><strong>quidem</strong></span> <span class='ocrx_word' id='word_1_690' title='bbox 2665 5258 2730 5297; x_wconf 88' lang='lat' dir='ltr'><strong>ea</strong></span> <span class='ocrx_word' id='word_1_691' title='bbox 2778 5242 2831 5296; x_wconf 91' lang='lat' dir='ltr'><strong>in</strong></span> <span class='ocrx_word' id='word_1_692' title='bbox 2883 5243 3160 5322; x_wconf 80' lang='lat' dir='ltr'><strong>sententia</strong></span> <span class='ocrx_word' id='word_1_693' title='bbox 3197 5241 3480 5298; x_wconf 83' lang='lat' dir='ltr'><strong>mordicus</strong></span> <span class='ocrx_word' id='word_1_694' title='bbox 3518 5245 3866 5301; x_wconf 74' lang='lat' dir='ltr'><strong>insistentes.</strong></span> <span class='ocrx_word' id='word_1_695' title='bbox 3919 5265 4014 5317; x_wconf 78' lang='lat' dir='ltr'><strong>sy-</strong></span> 
     </span>
    </p>
   </div>
   <div class='ocr_carea' id='block_1_113' title="bbox 2411 5337 4019 5408">
    <p class='ocr_par' dir='ltr' id='par_1_113' title="bbox 2411 5337 4019 5408">
     <span class='ocr_line' id='line_1_113' title="bbox 2411 5337 4019 5408; baseline -0.001 -15"><span class='ocrx_word' id='word_1_696' title='bbox 2411 5340 2592 5393; x_wconf 83' lang='lat' dir='ltr'><strong>nodus</strong></span> <span class='ocrx_word' id='word_1_697' title='bbox 2635 5338 2727 5392; x_wconf 87' lang='lat' dir='ltr'><strong>illa</strong></span> <span class='ocrx_word' id='word_1_698' title='bbox 2781 5337 3061 5407; x_wconf 78' lang='lat' dir='ltr'><strong>deposuit,</strong></span> <span class='ocrx_word' id='word_1_699' title='bbox 3118 5345 3282 5404; x_wconf 86' lang='lat' dir='ltr'><strong>atque</strong></span> <span class='ocrx_word' id='word_1_700' title='bbox 3344 5338 3412 5390; x_wconf 84' lang='lat' dir='ltr'><strong>ad</strong></span> <span class='ocrx_word' id='word_1_701' title='bbox 3454 5337 3873 5405; x_wconf 79' lang='lat' dir='ltr'><strong>imperatorem,</strong></span> <span class='ocrx_word' id='word_1_702' title='bbox 3915 5340 4019 5408; x_wconf 80' lang='lat' dir='ltr'><strong>qui</strong></span> 
     </span>
    </p>
   </div>
   <div class='ocr_carea' id='block_1_114' title="bbox 2409 5427 4013 5504">
    <p class='ocr_par' dir='ltr' id='par_1_114' title="bbox 2409 5427 4013 5504">
     <span class='ocr_line' id='line_1_114' title="bbox 2409 5427 4013 5504; baseline -0.001 -18"><span class='ocrx_word' id='word_1_703' title='bbox 2409 5448 2511 5504; x_wconf 86' lang='lat' dir='ltr'><strong>per</strong></span> <span class='ocrx_word' id='word_1_704' title='bbox 2550 5431 2604 5486; x_wconf 89' lang='lat' dir='ltr'><strong>id</strong></span> <span class='ocrx_word' id='word_1_705' title='bbox 2639 5441 2856 5500; x_wconf 85' lang='lat' dir='ltr'><strong>tempus</strong></span> <span class='ocrx_word' id='word_1_706' title='bbox 2883 5429 3072 5484; x_wconf 90' lang='lat' dir='ltr'><strong>Sirmii</strong></span> <span class='ocrx_word' id='word_1_707' title='bbox 3121 5439 3264 5490; x_wconf 85' lang='lat' dir='ltr'><strong>erat,</strong></span> <span class='ocrx_word' id='word_1_708' title='bbox 3311 5427 3524 5498; x_wconf 82' lang='lat' dir='ltr'><strong>legatos</strong></span> <span class='ocrx_word' id='word_1_709' title='bbox 3551 5429 3729 5493; x_wconf 89' lang='lat' dir='ltr'><strong>misit,</strong></span> <span class='ocrx_word' id='word_1_710' title='bbox 3757 5431 3852 5498; x_wconf 88' lang='lat' dir='ltr'><strong>qui</strong></span> <span class='ocrx_word' id='word_1_711' title='bbox 3879 5445 4013 5484; x_wconf 74' lang='lat' dir='ltr'><strong>eum</strong></span> 
     </span>
    </p>
   </div>
   <div class='ocr_carea' id='block_1_115' title="bbox 2407 5510 4010 5594">
    <p class='ocr_par' dir='ltr' id='par_1_115' title="bbox 2407 5510 4010 5594">
     <span class='ocr_line' id='line_1_115' title="bbox 2407 5510 4010 5594; baseline -0.001 -15"><span class='ocrx_word' id='word_1_712' title='bbox 2407 5525 2480 5580; x_wconf 91' lang='lat' dir='ltr'><strong>de</strong></span> <span class='ocrx_word' id='word_1_713' title='bbox 2521 5525 2690 5578; x_wconf 82' lang='lat' dir='ltr'><strong>rebus</strong></span> <span class='ocrx_word' id='word_1_714' title='bbox 2725 5523 2780 5577; x_wconf 91' lang='lat' dir='ltr'><strong>in</strong></span> <span class='ocrx_word' id='word_1_715' title='bbox 2808 5522 3022 5594; x_wconf 77' lang='lat' dir='ltr'><strong>synodo</strong></span> <span class='ocrx_word' id='word_1_716' title='bbox 3049 5520 3218 5592; x_wconf 82' lang='lat' dir='ltr'><strong>gestis</strong></span> <span class='ocrx_word' id='word_1_717' title='bbox 3251 5530 3549 5576; x_wconf 71' lang='lat' dir='ltr'><strong>certiorem</strong></span> <span class='ocrx_word' id='word_1_718' title='bbox 3579 5510 3849 5576; x_wconf 84' lang='lat' dir='ltr'><strong>facerent.</strong></span> <span class='ocrx_word' id='word_1_719' title='bbox 3897 5522 4010 5589; x_wconf 89' lang='lat' dir='ltr'><strong>Qui</strong></span> 
     </span>
    </p>
   </div>
   <div class='ocr_carea' id='block_1_116' title="bbox 2409 5613 4012 5689">
    <p class='ocr_par' dir='ltr' id='par_1_116' title="bbox 2409 5613 4012 5689">
     <span class='ocr_line' id='line_1_116' title="bbox 2409 5613 4012 5689; baseline -0.003 -15"><span class='ocrx_word' id='word_1_720' title='bbox 2409 5618 2650 5689; x_wconf 88' lang='lat' dir='ltr'><strong>depositi</strong></span> <span class='ocrx_word' id='word_1_721' title='bbox 2677 5616 2917 5682; x_wconf 85' lang='lat' dir='ltr'><strong>fuerant,</strong></span> <span class='ocrx_word' id='word_1_722' title='bbox 2955 5616 3189 5671; x_wconf 83' lang='lat' dir='ltr'><strong>moleste</strong></span> <span class='ocrx_word' id='word_1_723' title='bbox 3227 5613 3280 5667; x_wconf 87' lang='lat' dir='ltr'><strong>id</strong></span> <span class='ocrx_word' id='word_1_724' title='bbox 3317 5613 3581 5677; x_wconf 86' lang='lat' dir='ltr'><strong>ferentes,</strong></span> <span class='ocrx_word' id='word_1_725' title='bbox 3620 5614 3834 5684; x_wconf 73' lang='lat' dir='ltr'><strong>legatos</strong></span> <span class='ocrx_word' id='word_1_726' title='bbox 3863 5631 4012 5684; x_wconf 70' lang='lat' dir='ltr'><strong>prauo</strong></span> 
     </span>
    </p>
   </div>
   <div class='ocr_carea' id='block_1_117' title="bbox 2407 5706 4011 5781">
    <p class='ocr_par' dir='ltr' id='par_1_117' title="bbox 2407 5706 4011 5781">
     <span class='ocr_line' id='line_1_117' title="bbox 2407 5706 4011 5781; baseline -0.003 -15"><span class='ocrx_word' id='word_1_727' title='bbox 2407 5721 2700 5774; x_wconf 86' lang='lat' dir='ltr'><strong>venerunt,</strong></span> <span class='ocrx_word' id='word_1_728' title='bbox 2725 5712 3159 5781; x_wconf 87' lang='lat' dir='ltr'><strong>imperatorique</strong></span> <span class='ocrx_word' id='word_1_729' title='bbox 3179 5706 3374 5779; x_wconf 79' lang='lat' dir='ltr'><strong>synodi</strong></span> <span class='ocrx_word' id='word_1_730' title='bbox 3396 5715 3516 5762; x_wconf 87' lang='lat' dir='ltr'><strong>acta</strong></span> <span class='ocrx_word' id='word_1_731' title='bbox 3565 5709 3966 5764; x_wconf 89' lang='lat' dir='ltr'><strong>renuntiarunt</strong></span> <span class='ocrx_word' id='word_1_732' title='bbox 3995 5725 4011 5761; x_wconf 90' lang='lat'><strong>:</strong></span> 
     </span>
    </p>
   </div>
   <div class='ocr_carea' id='block_1_118' title="bbox 2408 5807 3981 5880">
    <p class='ocr_par' dir='ltr' id='par_1_118' title="bbox 2408 5807 3981 5880">
     <span class='ocr_line' id='line_1_118' title="bbox 2408 5807 3981 5880; baseline -0.004 -12"><span class='ocrx_word' id='word_1_733' title='bbox 2408 5819 2632 5874; x_wconf 84' lang='lat' dir='ltr'><strong>etcum,</strong></span> <span class='ocrx_word' id='word_1_734' title='bbox 2661 5810 2754 5880; x_wconf 87' lang='lat' dir='ltr'><strong>qui</strong></span> <span class='ocrx_word' id='word_1_735' title='bbox 2795 5807 3001 5868; x_wconf 79' lang='lat' dir='ltr'><strong>Ariano</strong></span> <span class='ocrx_word' id='word_1_736' title='bbox 3036 5807 3282 5879; x_wconf 76' lang='lat' dir='ltr'><strong>dogmati</strong></span> <span class='ocrx_word' id='word_1_737' title='bbox 3325 5807 3558 5871; x_wconf 86' lang='lat' dir='ltr'><strong>faveret,</strong></span> <span class='ocrx_word' id='word_1_738' title='bbox 3607 5815 3802 5862; x_wconf 89' lang='lat' dir='ltr'><strong>contra</strong></span> <span class='ocrx_word' id='word_1_739' title='bbox 3840 5821 3981 5872; x_wconf 64' lang='lat' dir='ltr'><strong>svno</strong></span> 
     </span>
    </p>
   </div>
  </div>
