4288 6372
232 393 369 456 1.377

1516 378 1815 439 THESAU
1835 375 1913 432 IiI
1958 376 2099 434 LIB.
2148 378 2210 433 Υ.

3351 371 3485 432 1378

230 510 359 565 dum
393 514 787 575 eanperarunt
819 525 831 559 :
869 514 1034 573 atque
1087 502 1163 555 ita
1216 499 1423 568 legatos
1470 496 1586 565 ejus
1634 508 1691 545 re
1726 493 1807 544 in-
1837 502 1880 555 Α
1914 502 2044 540 vero
2071 500 2180 539 non
2212 488 2341 540 item
2382 504 2394 539 :
2428 501 2553 556 quae
2584 500 2708 539 cum
2744 495 3034 556 utramque
3059 485 3112 539 in
3147 490 3356 553 partem
3380 481 3494 553 agi-

232 604 371 656 fecta
402 601 633 654 remisit.
662 598 922 656 Ursacius
948 609 1102 662 ergo.
1134 592 1236 645 hac
1259 589 1480 645 licentia
1504 584 1802 655 proposita,

230 694 287 746 in
323 690 585 759 Oppidum
627 690 875 742 Thracia:
908 689 1138 739 nomine
1166 684 1335 737 Nicen
1378 678 1647 747 pervenit,
1679 675 1804 728 Ari-

230 782 605 848 minensisque
638 780 763 833 ﬁd-i
819 780 1222 847 espositionem
1254 778 1307 826 in
1332 772 1576 824 Cra-cum
1604 769 1806 819 idimna

230 881 583 931 translusant,
617 872 814 923 deinde
883 870 1348 922 suuadutteratam
1390 871 1443 913 et
1490 865 1804 924 corrupta'n

232 966 305 1018 ita
340 970 390 1017 in
428 969 620 1030 vuigus
668 962 870 1018 emisit.
909 978 971 1014 ac
1007 962 1051 1013 si
1102 959 1170 1010 ab
1224 953 1520 1007 universali
1572 948 1803 1018 synodo,

231 1073 354 1125 qua:
402 1056 571 1107 Nicen
607 1055 977 1111 convenisset.
1041 1048 1507 1118 proficisceretur,
1546 1042 1806 1095 similitu-

232 1149 359 1200 dine
440 1147 675 1197 nominis
744 1142 1171 1210 sitttp1icioribus
1246 1148 1302 1191 et
1362 1133 1680 1188 rudioribus
1744 1146 1806 1183 os

234 1237 480 1289 oblinere
510 1243 761 1291 conatus,
797 1247 916 1284 eam
953 1246 1071 1283 esse
1120 1228 1247 1281 ﬁdei
1295 1225 1689 1292 expositionem
1726 1237 1809 1273 re-

236 1326 527 1396 ptttatutis,
557 1338 676 1388 qua:
707 1320 853 1388 apud
899 1320 1165 1389 Bithyniae
1198 1316 1430 1368 Nicasam
1463 1312 1610 1365 edita
1638 1316 1804 1362 esset.

304 1418 440 1469 Cum
485 1425 666 1466 autem
702 1414 969 1481 synodum
1034 1423 1142 1462 tam
1196 1408 1469 1459 diuturnae
1506 1401 1650 1471 apud
1682 1400 1807 1454 Ari-

239 1508 448 1560 minum
512 1522 674 1558 morae
720 1508 831 1573 jam
878 1502 1124 1563 traderet,
1157 1501 1286 1569 quia
1342 1499 1637 1562 imperator
1685 1507 1804 1545 eam

240 1616 504 1665 I‘CSpOIlSO
532 1599 790 1666 dignatus
839 1610 945 1647 non
997 1595 1195 1653 fuerat,
1223 1592 1256 1643 ii
1290 1589 1383 1657 qui
1427 1587 1621 1640 Ftiium
1659 1582 1804 1637 Patri

239 1692 446 1760 ὕμοω,
505 1704 601 1741 seu
655 1687 912 1748 sithem,
962 1685 1377 1754 proﬁtebantur,
1430 1679 1613 1731 nescio
1669 1690 1807 1744 quos

238 1784 340 1835 sub
366 1782 629 1838 uixerunt.
685 1778 779 1846 qui
836 1791 961 1829 cum
1044 1773 1295 1827 Patribus
1366 1766 1808 1823 Ariminensibus

239 1862 636 1930 Consultareut,
704 1880 964 1933 tanquam
1019 1864 1302 1932 indignum
1340 1869 1507 1921 esset,
1560 1866 1621 1909 ut
1652 1854 1815 1907 unius

239 1965 476 2017 nomi..is
509 1976 660 2027 ergo,
716 1960 975 2012 nimirum
1020 1958 1235 2017 obaiag,
1272 1967 1369 2005 seu
1408 1948 1749 2009 substantiae,
1787 1963 1818 2000 a

242 2057 408 2107 totius
470 2054 620 2105 orbis
684 2052 1068 2104 smerdotibus
1151 2045 1509 2099 dissiderent.
1573 2040 1817 2106 Quorum

242 2144 453 2195 ratione
488 2142 709 2194 adducti
742 2141 932 2194 Patres
964 2137 1373 2193 Ariminenses,
1409 2133 1673 2199 scriptum
1706 2128 1818 2182 col-

239 2234 532 2286 laudarunt
587 2234 731 2300 quod
762 2229 1017 2284 UrSacius
1046 2228 1262 2285 Murstc,
1284 2224 1666 2278 etGerniinius
1700 2219 1818 2273 Sir-

240 2327 333 2379 tnii
359 2327 701 2378 elaborat-aut
746 2324 847 2388 Qui
877 2322 1055 2384 veriti,
1103 2335 1169 2372 ne
1189 2317 1419 2371 secundi
1448 2332 1475 2367 a
1515 2313 1725 2384 synodo
1749 2312 1817 2366 ad

242 2419 624 2484 imperatorem
662 2415 820 2466 missi
855 2414 1037 2480 legati,
1067 2411 1115 2464 ei
1144 2411 1524 2477 ettplauarent,
1565 2419 1816 2473 quaenam

238 2511 623 2576 episcoporum
652 2507 1085 2559 Occidentalium
1119 2505 1188 2554 ab
1224 2500 1380 2553 initio
1414 2500 1690 2560 instantia,
1718 2514 1815 2549 su-

236 2599 480 2666 blatique
505 2598 773 2650 bomousii
794 2610 951 2649 causa
980 2596 1191 2651 fuisset.
1220 2608 1315 2645 eos
1342 2592 1535 2644 hiemis
1555 2600 1815 2659 praetextu

238 2691 381 2755 apud
406 2689 648 2739 Thracia:
679 2688 846 2740 Nicen
869 2686 1255 2747 detinuerunt,
1294 2691 1813 2751 persuaseruntque,

241 2790 301 2832 ttt
332 2782 475 2847 quod
514 2779 801 2831 ediderant
827 2763 1117 2845 scriptum,
1152 2776 1339 2829 Greece
1376 2776 1812 2842 interpretaren-

242 2880 350 2921 tur.
380 2874 496 2934 Quo
529 2869 691 2928 facto,
727 2884 850 2921 mox
903 2868 969 2921 ad
1028 2866 1267 2921 Orientis
1298 2866 1586 2932 episcopos
1638 2878 1815 2916 unse-

241 2969 391 3011 runt.
415 2959 590 3027 Atque
609 2959 724 3011 haec
744 2960 963 3025 quidem
995 2960 1141 3010 hunc
1167 2960 1220 3009 in
1247 2957 1467 3009 modum
1489 2963 1635 3024 gesta
1662 2966 1812 3008 sunt.

831 3068 986 3125 CAP.
1018 3068 1207 3123 XVIII.

241 3184 317 3237 De
349 3182 663 3259 Seleitciaua
693 3190 897 3259 centum
948 3183 1224 3249 sexaginta
1276 3182 1633 3259 episwporunt
1670 3179 1811 3259 anti-
1843 3199 1888 3259 ρ

312 3256 528 3323 synodo.
562 3256 612 3304 in
643 3270 747 3321 qua
782 3256 1193 3303 Homwanorum
1222 3257 1296 3323 ab
1336 3251 1717 3323 Horitteusianis
1764 3259 1811 3301 et

310 3320 809 3377 Anontwmtissectu
842 3323 1006 3371 divisa
1051 3332 1158 3379 est;
1196 3321 1516 3387 Acaciusque
1565 3320 1813 3371 Homwa-

309 3409 494 3444 norum
526 3392 632 3442 dux
657 3401 703 3442 et
732 3400 917 3442 auctor
940 3392 995 3441 in
1029 3389 1273 3440 exsilium
1306 3398 1475 3440 actus.

310 3506 419 3560 Nec
449 3520 580 3558 vero
622 3505 695 3556 ita
750 3504 925 3555 multo
965 3510 1089 3570 post
1124 3502 1367 3569 episcopi
1416 3503 1636 3556 circiter
1683 3518 1811 3556 cen-

243 3607 355 3650 tum
389 3608 444 3649 et
474 3596 751 3663 sexaginta
784 3595 1091 3647 Seleucnam
1139 3591 1360 3644 Isauria:
1410 3604 1809 3655 convenerunt,

242 3688 449 3754 quibus
514 3700 572 3738 se
628 3683 881 3752 adjunxit
938 3686 1158 3755 quidam
1198 3681 1279 3734 vir
1326 3682 1574 3744 illustris,
1631 3692 1685 3735 et
1717 3683 1810 3750 qui

238 3756 471 3828 multum
495 3774 548 3826 in
565 3775 688 3826 aula
712 3774 1060 3841 imperatoria
1082 3780 1315 3841 poterat,
1337 3773 1555 3827 nomine
1576 3773 1808 3839 Leonas,

237 3874 295 3917 et
352 3864 637 3917 Lauricius
688 3864 1109 3931 provincialium
1154 3851 1389 3917 militum
1437 3866 1567 3928 dux,
1608 3867 1701 3931 qui
1742 3867 1809 3920 ab

243 3955 574 4021 imperatore
598 3956 788 4024 jussus
818 3954 997 4009 fuerat
1027 3957 1307 4025 suppetias
1341 3957 1533 4010 Leonte
1560 3959 1722 4023 ferre,
1764 3960 1809 4014 si

236 4062 376 4114 Opus
403 4056 568 4099 esset.
602 4046 660 4098 lu
688 4049 862 4114 prima
892 4056 1073 4100 autem
1098 4048 1364 4108 sessione,
1388 4051 1523 4102 duas
1551 4051 1605 4102 in
1628 4060 1811 4120 partes

238 4146 466 4205 repente
498 4137 655 4189 divisi
682 4146 830 4190 sunt.
857 4138 1033 4207 Atque
1059 4139 1149 4190 uni
1178 4139 1397 4207 quidem
1418 4152 1647 4209 praeerat
1670 4144 1810 4197 Aca-

237 4229 357 4280 citts
404 4227 681 4291 Caesareae,
732 4244 852 4296 quae
898 4229 950 4280 in
1003 4230 1287 4282 Palaestina
1336 4242 1444 4293 est,
1493 4234 1805 4303 episcopus,

237 4318 465 4386 ejusque
518 4328 821 4380 consortes,
855 4318 1072 4371 duobus
1119 4327 1171 4372 et
1220 4321 1439 4389 triginta
1474 4323 1696 4391 plures:
1728 4328 1807 4380 al-

240 4408 344 4460 teri
378 4417 558 4461 autem
592 4408 857 4478 Georgius
913 4409 1211 4475 Laodiceze,
1248 4427 1369 4479 qua:
1414 4414 1467 4467 in
1512 4415 1667 4485 Syria
1700 4427 1805 4485 est,

238 4499 464 4567 ejusque
492 4510 797 4554 consortes.

311 4589 489 4654 Atque
516 4590 571 4640 lti
591 4591 819 4672 quidem
849 4590 901 4642 iu
929 4594 1140 4646 creteris
1171 4597 1426 4652 omnibus
1469 4598 1698 4653 Nicaeum
1728 4616 1815 4671 sy-

240 4678 385 4729 nodo
442 4674 851 4734 subscribentes
912 4681 1125 4736 unicam
1210 4686 1467 4741 homousii
1514 4690 1808 4744 dictionem

241 4768 651 4836 improbabant,
722 4771 1136 4841 ὁμοιούςιονίιυθ
1181 4775 1329 4829 Patri
1380 4777 1578 4833 Filium
1624 4780 1810 4834 dicen—

239 4857 369 4909 dutn
403 4874 523 4913 esse
563 4861 983 4929 proﬁtebantur.
1014 4865 1271 4918 Acaciani
1320 4883 1450 4922 vero
1475 4870 1527 4923 in
1563 4888 1623 4924 ea
1652 4881 1807 4925 erant

241 4948 457 5013 lta'resi,
500 4960 559 5002 ttt
606 4960 659 5003 et
689 4952 955 5006 homousio
989 4965 1043 5007 et
1078 4956 1358 5011 hommusio
1401 4975 1467 5012 ex
1514 4975 1670 5029 sequo
1722 4979 1807 5017 re—

235 5042 412 5111 jectis,
474 5053 730 5112 tanquam
801 5048 1159 5112 dictionibus,
1229 5067 1350 5120 qua:
1416 5069 1445 5105 a
1504 5052 1804 5122 Scripturis

238 5132 428 5185 aliena:
453 5149 675 5202 prorsus
691 5145 896 5198 essent,
924 5137 1032 5190 imo
1055 5138 1475 5210 etiam’dwopoiqi
1498 5144 1801 5211 autiquato,

240 5219 435 5305 Filium
457 5224 596 5276 Patri
635 5226 839 5294 ὅμοιον,
871 5242 965 5281 seu
995 5228 1230 5283 similem
1254 5233 1429 5299 palam
1460 5246 1795 5289 assererem.

239 5311 335 5363 Est
358 5310 532 5377 2min,
568 5324 625 5367 ut
653 5316 944 5383 Apostolus
978 5318 1179 5372 alicubi
1211 5320 1307 5385 ait,
1341 5322 1512 5391 imago
1544 5321 1637 5375 Dei
1674 5326 1803 5378 inri-

235 5404 401 5458 sibilis
417 5405 485 5460 ³⁸.

311 5493 631 5562 Interrogati
665 5513 797 5552 vero
828 5510 1099 5569 quatenus
1126 5518 1249 5556 eum
1287 5504 1431 5558 Patri
1451 5505 1681 5559 similem
1718 5506 1804 5560 di-

237 5597 445 5649 cereut,
480 5587 768 5644 Yoluntate
819 5594 954 5657 sola,
1001 5596 1445 5665 respondebant:
1501 5601 1803 5655 substantia

313 5774 356 5807 ³⁵
384 5778 591 5833 Ερίοεδ.
629 5796 663 5837 t,
704 5780 788 5836 ιδ.

1917 587 2187 638 tarentur,
2231 578 2453 631 dimissa
2482 587 2565 631 est
2598 576 2860 647 synodus.

1988 669 2259 722 Caeterum
2300 668 2556 721 Aeaeiani
2609 685 2732 722 cum
2788 667 2854 720 iis
2898 684 2926 720 a
2968 658 3169 736 quibus
3204 664 3492 719 dissentie-

1916 759 2072 819 bant,
2110 759 2343 811 ulterius
2366 760 2651 811 considere.
2684 758 3004 810 noluerunt.
3037 760 3379 824 Quapropter
3410 754 3491 807 illi

1918 850 2229 916 congregati
2258 848 2518 901 Acacium
2544 858 2597 899 et
2622 850 2739 917 ejus
2762 861 3048 903 consortes
3077 855 3447 913 deposuerunt
3475 865 3488 899 :

1918 941 2062 994 inter
2093 957 2230 1007 quos
2279 945 2397 993 erat
2451 938 2728 993 Eudoxius
2786 942 3113 1002 Ληιίυριιὶςυ,
3154 940 3275 993 Ιυείι
3333 944 3492 1005 cujus

1916 1034 2195 1087 Adrianus
2256 1032 2338 1083 vel
2395 1031 2684 1092 Aoiauus,
2781 1032 3109 1084 Autiuclteni
3166 1032 3294 1083 cleri
3373 1046 3491 1097 pre—

1917 1125 2122 1193 sbyter,
2178 1121 2441 1173 suﬁettus
2482 1133 2565 1173 \bl
2604 1140 2613 1172 :
2648 1121 2741 1188 qui
2792 1124 3077 1175 confestim
3115 1141 3145 1176 a
3188 1122 3385 1189 _Leona
3442 1130 3491 1175 et

1915 1210 2170 1266 Lauricio
2205 1210 2259 1264 in
2296 1210 2551 1263 esstiium
2588 1224 2788 1260 llllSslIS
2813 1218 2915 1261 est.

2539 1322 2693 1375 CAP.
2726 1321 2869 1374 XIX.

1916 1413 2257 1469 Constantius
2297 1414 2584 1481 imperator
2634 1415 2782 1466 Aetio
2829 1414 3278 1466 Anommanorum
3331 1414 3487 1465 luere-

1988 1484 2199 1535 st'arclm
2234 1485 2286 1533 in
2326 1486 2563 1535 ersitzunt
2593 1495 2726 1539 acto.
2772 1484 3089 1535 Arimiueusi
3122 1482 3362 1549 ﬁdeipro
3397 1483 3489 1535 Ni-

1987 1569 2136 1604 cama
2164 1554 2447 1619 supposita:
2475 1555 2817 1607 subscribens.
2845 1555 3230 1604 Acaciunorum
3250 1554 3489 1605 Homwa-

1984 1637 2174 1673 norum
2208 1622 2288 1672 [ια’
2302 1637 2438 1672 resin
2466 1622 2738 1689 amplexus
2762 1632 2857 1673 est.

1986 1713 2121 1767 Cum
2152 1724 2330 1767 autem
2366 1714 2723 1767 Constantius
2772 1715 3071 1780 imperator
3115 1714 3183 1767 ab
3237 1714 3496 1791 Occiduis

1844 1805 2167 1908 Bpartibus
2206 1802 2722 1870 Constantinopolin
2788 1802 3071 1863 rediisset,
3146 1805 3497 1870 primumque

1920 1900 2058 1949 adeo
2107 1898 2228 1965 ejus
2289 1894 2445 1946 urbis
2498 1893 2815 1960 praefectum
2867 1893 3206 1945 llonoratum
3274 1894 3500 1946 nomine

1921 1985 2321 2047 constituisset,
2397 1991 2562 2050 atque
2633 1982 3057 2050 proconsulatus
3114 1982 3493 2050 magistratum

1920 2079 2277 2146 antiquassct,
2309 2074 2565 2129 Acaciaui
2614 2088 2681 2127 eo
2711 2090 2942 2143 propere
2978 2083 3265 2137 venerunt,
3326 2083 3383 2129 et
3430 2091 3496 2129 et

1921 2171 2116 2225 aulicis
2150 2170 2286 2222 alios
2325 2168 2548 2237 quidem
2579 2183 2732 2221 suam
2764 2168 2816 2220 in
2847 2169 3177 2219 sententiam
3224 2168 3492 2235 pellectus

1920 2262 2023 2316 sibi
2055 2262 2431 2323 conciliantes,
2460 2259 2595 2311 alios
2618 2269 2799 2310 autent
2823 2256 3212 2310 ecclesiasticis
3240 2256 3397 2310 bonis
3426 2258 3496 2309 ita

1919 2360 2359 2421 corrutnpentes,
2392 2352 2493 2403 hac
2522 2360 2640 2402 arte
2669 2350 2771 2401 sibi
2820 2348 2886 2400 ad
2942 2348 3291 2416 imperatoris
3338 2365 3500 2403 aures

1917 2444 2061 2497 viam
2126 2450 2485 2511 aperuerunt,
2542 2448 2705 2507 atque
2749 2453 2847 2492 eos
2906 2438 2997 2507 qui
3055 2439 3286 2491 diversa:
3334 2438 3500 2507 partis

1917 2543 2074 2589 erant
2106 2533 2427 2587 calutnniati
2460 2541 2589 2584 sunt
2616 2549 2629 2582 :
2660 2546 2894 2599 quorum
2935 2530 3127 2584 decem
3164 2530 3234 2583 ad
3266 2531 3501 2598 impera-

1918 2635 2095 2680 torem
2156 2634 2447 2679 venerunt.
2510 2623 2723 2688 Quibus
2786 2623 3151 2691 praiseutibus
3213 2638 3319 2675 una
3372 2637 3495 2675 cum

1919 2719 2109 2772 decem
2148 2717 2271 2769 aliis
2311 2717 2379 2769 ab
2415 2715 2746 2768 Ariminensi
2775 2717 2983 2784 synodo
3013 2713 3215 2775 missis,
3248 2714 3356 2766 imo
3377 2715 3498 2769 aliis

1918 2826 2136 2879 quoque
2171 2819 2300 2862 tunc
2347 2809 2403 2861 in
2453 2809 2573 2861 aula
2616 2807 2757 2860 forte
2804 2807 3178 2869 versantibus,
3218 2807 3501 2861 mandavit

1918 2905 2240 2970 imperator,
2268 2909 2329 2952 ut
2353 2914 2522 2968 super
2553 2898 2712 2951 Aetio
2736 2897 3146 2966 anquireretur.

1985 2994 2103 3060 Quo
2172 2994 2315 3046 facto
2370 2991 2561 3043 Aetius
2624 2990 2867 3058 quidem,
2944 2989 3037 3057 qui
3089 2989 3286 3044 Filium
3350 2991 3501 3047 Patri

1920 3088 2199 3154 ἀνόμοιον,
2234 3098 2328 3137 seu
2359 3081 2684 3136 dissimilem
2725 3080 3104 3150 prolitebatur,
3144 3082 3199 3135 in
3239 3083 3492 3135 exsilium

1918 3179 2126 3247 ejectus
2155 3184 2264 3228 est.
2297 3173 2556 3227 Acaciani
2615 3182 2796 3224 autem
2827 3187 2892 3224 ex
2930 3174 3240 3239 composito
3271 3187 3365 3241 pra
3386 3188 3498 3226 me-

1920 3270 2200 3335 ditataque
2230 3264 2421 3318 fraude
2458 3263 2834 3332 perfecerunt,
2867 3272 2927 3316 ut
2958 3263 3079 3316 ﬁdei
3109 3264 3381 3331 expositio
3421 3265 3496 3319 lc-

1914 3369 2157 3430 geretur,
2190 3372 2313 3426 qua:
2343 3356 2590 3409 Arimino
2619 3356 2778 3408 allata
2810 3353 3006 3419 fuerat,
3047 3354 3102 3406 in
3136 3371 3244 3424 qua
3272 3372 3339 3410 ex
3388 3356 3493 3409 Va-

1913 3452 2077 3505 lentis
2106 3461 2161 3503 et
2190 3447 2402 3503 Ursacii
2430 3430 2673 3521 ambitu,
2697 3445 2986 3515 ὁμοουσίου
3019 3447 3243 3501 nomine
3291 3448 3493 3502 deleto.

1915 3543 2122 3610 ὅμοιον,
2160 3554 2256 3593 seu
2285 3537 2524 3593 similem
2554 3536 2858 3593 secundum
2890 3534 3207 3605 Scriptores
3230 3552 3488 3606 reposue-

1914 3640 2063 3684 runt.
2250 3702 2259 3707 ι

1986 3723 2158 3786 Quam
2185 3721 2484 3787 imperator
2506 3733 2724 3787 quoque
2746 3719 2944 3773 lectam
2987 3720 3270 3787 amplexus
3300 3728 3406 3783 est,
3439 3730 3495 3775 ct

1913 3823 2118 3882 quanta
2153 3819 2297 3865 esset
2331 3811 2421 3863 illa
2452 3811 2744 3878 prazsulum
2797 3810 3109 3875 multitudo,
3142 3812 3238 3879 qui
3283 3811 3476 3865 Arimi-

1914 3920 2043 3958 num
2072 3912 2441 3956 convenerant
2473 3902 2929 3969 (quadringentos
2957 3901 3104 3954 enim
3134 3902 3301 3957 fuisse
3341 3919 3477 3970 prte-

1914 3997 2121 4057 montti,
2148 4008 2333 4048 secum
2365 4005 2647 4062 reputanS)
2696 4007 2799 4046 nec
2827 4008 2884 4047 se
2923 3993 3311 4048 aberraturum
3359 4010 3489 4049 cau-

1913 4096 2084 4149 satus,
2121 4085 2164 4138 si
2202 4083 2399 4137 Filium
2440 4084 2583 4136 l’atri
2637 4083 2874 4136 similem
2927 4099 3046 4136 esse
3078 4084 3308 4146 diceret,
3350 4102 3489 4153 prac-

1912 4182 2102 4235 sertim
2136 4194 2262 4233 cum
2302 4191 2356 4232 et
2380 4179 2583 4248 ὅμοιον,
2638 4186 2692 4229 et
2737 4174 3066 4244 ὁμοιούσιον,
3121 4184 3175 4228 et.
3213 4175 3494 4244 ὁμούσιονς

1910 4269 2054 4322 idem
2088 4268 2419 4338 signiﬁcent.
2451 4266 2588 4322 Cum
2618 4267 2802 4334 itaque
2833 4280 2899 4319 ea
2928 4265 2982 4317 in
3017 4266 3295 4318 sententia
3326 4276 3492 4319 esset.

1902 4360 2069 4429 jussit
2092 4360 2379 4427 episcopos
2409 4373 2578 4410 unuut
2608 4358 2865 4426 idemque
2891 4356 3097 4411 sentire
3118 4371 3286 4425 super
3302 4370 3494 4410 eorum

1907 4450 2271 4513 confessione,
2304 4449 2399 4518 qui
2430 4448 2498 4502 ad
2535 4449 2845 4502 Ariminum
2882 4455 3260 4502 convenerant
3302 4464 3316 4500 :
3364 4448 3486 4502 sub-

1839 4527 2365 4609 Dscripseruntque
2399 4556 2523 4593 cum
2575 4540 2690 4605 alii,
2743 4550 2857 4593 tum
2905 4541 3095 4594 decem
3134 4541 3210 4594 illi
3255 4540 3347 4609 qui
3392 4538 3489 4594 Sen

1918 4636 2095 4690 leucia
2129 4635 2585 4697 adventaverant,
2613 4634 2745 4702 quin
2790 4643 2847 4687 et
2894 4632 3060 4687 Maris
3100 4630 3492 4692 Chalcedonis.

1911 4735 1966 4779 et
2002 4726 2245 4793 Ulpliilas
2304 4725 2571 4791 Gotthiae,‘
2625 4724 2878 4793 quamvis
2933 4723 3088 4791 prius
3131 4736 3256 4775 cum
3312 4721 3489 4774 Theo-

1912 4816 2061 4883 philo
2090 4814 2339 4877 sentiret,
2398 4815 2451 4867 in
2480 4815 2638 4885 cujus
2671 4815 3053 4882 episcopatum
3115 4822 3486 4875 successerat,

1910 4907 2003 4973 qui
2035 4904 2255 4957 Nicrena
2288 4904 2341 4956 in
2373 4906 2582 4975 synodo
2624 4920 2867 4973 praesens
2893 4906 3207 4972 scripserat.

2538 5014 2688 5066 CAP.
2731 5011 2846 5064 XX.

1909 5102 2304 5174 Quinquaginta
2334 5106 2560 5175 episcopi
2594 5103 2851 5175 Acaciartt'
2895 5119 2986 5156 seu
3015 5102 3311 5165 Hammoni,
3345 5104 3481 5175 Ano-

1978 5172 2133 5228 miros
2160 5172 2403 5228 undecim
2456 5172 2725 5241 episcopos
2772 5172 2833 5225 ob
2888 5183 3029 5227 certa
3084 5176 3329 5239 qua’dam
3386 5174 3479 5227 cri-

1979 5248 2120 5297 mina
2156 5250 2321 5313 potius
2363 5261 2519 5312 quum
2557 5246 2810 5311 dogmata
2836 5244 3211 5310 deposuerunt.

1979 5333 2046 5388 llt
2072 5336 2122 5386 in
2152 5348 2362 5387 summa
2402 5334 2602 5397 dicam,
2641 5331 3041 5400 quinquaginta
3082 5331 3330 5400 episcopi
3362 5345 3485 5385 cum

1907 5424 2106 5477 Acacio
2161 5428 2299 5477 hanc
2351 5423 2513 5476 ﬁdem
2565 5421 2990 5484 conﬁrmarunt,
3043 5421 3244 5475 deinde
3294 5437 3484 5475 eorum

1908 5514 2001 5583 qui
2056 5506 2360 5568 Seleuciam
2414 5520 2808 5575 convenerant,
2869 5513 3170 5566 nonnullos
3213 5512 3481 5581 deposue-

1909 5614 2080 5659 runt:
2122 5621 2229 5659 non
2264 5604 2409 5674 quod
2465 5618 2559 5659 eos
2609 5618 2778 5672 super
2815 5614 3175 5658 controverso
3229 5602 3484 5674 dogmate
