4288 6372
707 405 725 469 1
740 406 839 468 387

1891 402 1933 455 Ν
1946 401 2102 457 [illi]
2123 404 2187 455 A3
2225 405 2422 459 (311ολ
2436 407 2543 461 ΙΛΊ
2566 402 2627 460 .‘l‘.

3796 408 3932 473 1383

691 527 811 580 sine
855 519 1130 591 hypostasi
1185 520 1354 571 Deum
1414 516 1660 570 dicerent
1692 555 1705 578 ,
1758 522 1923 584 atque
1960 516 2097 569 adeo
2143 515 2263 584 ejus
2290 521 2335 576 Α
2364 518 2585 576 dixerit.
2620 521 2762 573 haud
2792 534 3062 589 quaquam
3092 538 3120 575 a
3152 538 3278 576 vero
3327 523 3661 581 aberraverit
3693 545 3706 580 :
3741 544 3918 597 quent-

688 618 955 669 duntaxat
989 610 1351 674 ltomonymim
1391 610 1637 669 ratione,
1666 622 1774 677 qua
1811 609 1954 662 inter
1993 624 2052 662 se
2099 609 2255 662 vivus

693 711 858 762 homo
881 715 935 759 et
965 705 1143 772 pictus
1176 701 1533 754 conferuntur
1553 739 1568 763 ,
1601 700 1945 769 hominisque
1986 700 2255 753 voeabulo

692 799 967 866 a-quivoce
993 793 1373 862 designantur.
1400 791 1476 843 Eo
1508 804 1639 858 ergo
1683 805 1820 842 vana
1872 803 2251 857 perversorum

692 887 974 942 hominum
1001 885 1260 951 cegitata,
1287 883 1469 949 ὅμοιον
1494 891 1550 933 et
1573 879 1876 948 ὀμοιούτιον
1906 878 2249 946 spectabant.

687 980 805 1045 Qua
848 978 914 1031 de
944 992 1105 1030 causa
1158 969 1481 1027 Semiariani
1513 986 1731 1039 quoque
1760 968 1890 1022 dicti
1932 979 2080 1022 sunt.
2116 968 2255 1034 Quia

688 1073 838 1126 enim
874 1071 1087 1125 Patrem
1130 1077 1186 1119 et
1236 1064 1434 1118 Filium
1481 1064 1548 1115 ad
1583 1062 2002 1130 inaequalitatem
2051 1061 2259 1131 redige-

692 1168 843 1223 bant,
893 1161 1143 1226 Patrique
1192 1157 1297 1210 hoc
1350 1154 1685 1219 tribuebant,
1726 1161 1786 1204 ut
1827 1167 1990 1221 supra
2038 1168 2253 1206 onmem

690 1252 1003 1314 essentiam,
1041 1261 1099 1303 ut
1143 1249 1443 1319 ingenitus,
1491 1256 1552 1301 ut
1590 1255 1827 1299 alternus
1873 1255 2020 1297 esset
2052 1263 2064 1296 :
2096 1244 2257 1297 Filio-

692 1360 799 1414 que
825 1353 1035 1403 contra,
1068 1351 1125 1394 ut
1176 1351 1392 1394 creatus
1423 1344 1455 1402 ,’
1495 1347 1553 1390 ut
1591 1346 1777 1406 postea
1820 1351 1940 1390 esse
1983 1338 2254 1405 ccepisset,

691 1438 860 1492 fuisse
886 1436 1123 1504 denique
1168 1438 1423 1501 tempus,
1467 1444 1577 1499 quo
1604 1445 1728 1483 non
1774 1428 2003 1491 fuisset,
2051 1429 2259 1483 idcirco

690 1534 836 1583 ferre
872 1545 978 1581 non
1014 1535 1289 1595 poterant,
1318 1530 1378 1576 ut
1418 1522 1709 1590 ὀμοουσίου
1736 1520 1926 1583 dictio,
1952 1519 2074 1573 ﬁdei
2113 1535 2259 1588 sym-

692 1620 817 1673 bolo
867 1620 1244 1677 inscreretur,
1291 1627 1398 1681 qua
1440 1610 1662 1680 quidem
1732 1609 1930 1663 Filium
1993 1609 2153 1661 unius
2205 1617 2261 1659 ct

690 1711 934 1781 ejusdem
980 1721 1103 1760 cum
1167 1705 1324 1758 Patre
1370 1702 1692 1756 substantiae
1733 1714 1851 1754 esse
1902 1697 2255 1767 proﬁtemur,

691 1803 794 1854 hac
823 1806 941 1852 arte
982 1803 1327 1863 satageutes,
1361 1802 1418 1846 ut
1446 1806 1599 1845 suam
1655 1793 1712 1844 in
1766 1789 1994 1843 heresin
2047 1787 2261 1857 opinio-

692 1905 930 1957 nemque
973 1899 1281 1956 perversam
1313 1882 1602 1950 episcopos
1645 1895 1836 1933 omnes
1878 1880 2113 1933 latenter
2143 1878 2258 1946 pel-

693 1985 961 2043 licerent,
1026 1977 1120 2046 qui
1170 1974 1422 2045 quamvis
1473 1975 1677 2042 pietate
1732 1972 2257 2034 cohonestarentur,

691 2080 1016 2135 morumque
1044 2060 1729 2132 simplicitategauderent,
1764 2062 2056 2115 verborum
2082 2072 2261 2113 tamen

692 2158 936 2229 strophis
976 2172 1073 2212 seu
1124 2153 1531 2208 inversiouibus
1562 2160 1618 2204 et
1650 2151 1963 2219 sophisticis
2006 2166 2263 2218 compen-

694 2252 802 2307 diis
848 2245 1272 2316 haudquaquam
1308 2242 1676 2310 invigilarent,
1713 2240 2068 2307 dicentesque
2123 2239 2261 2292 nihil

697 2357 813 2400 esse
856 2337 1196 2394 discriminis
1260 2334 1407 2388 inter
1463 2331 1780 2398 ὁμοούσιον,
1837 2331 2143 2399 ὁμοιούσων
2209 2340 2265 2383 et.

695 2438 917 2506 ὅμοιον,
964 2426 1381 2493 cavendumque
1438 2422 1597 2476 nobis
1648 2436 1790 2482 esse,
1845 2435 1912 2474 ne
1962 2420 2264 2474 dictionum

701 2525 940 2580 novitate
969 2518 1224 2576 scandala
1252 2515 1513 2570 Ecclesiis
1547 2512 1933 2566 suborireutur
1976 2521 2034 2564 et
2082 2510 2265 2564 coale-

701 2622 919 2671 scerent
968 2630 982 2667 :
1034 2624 1269 2681 quarum
1333 2605 1554 2675 quidem
1642 2602 1942 2656 dictionum
1990 2600 2265 2654 lenocinio

698 2706 992 2769 im;-ietatls
1040 2717 1222 2757 escam
1286 2696 1673 2758 obducebant,
1728 2693 2037 2758 multosque
2109 2690 2263 2745 exitii

682 2799 944 2854 cassibus
974 2794 1345 2865 implicabant.

1282 2928 1433 2985 CAP.
1475 2925 1666 2981 XXIX.

708 3050 780 3105 De
818 3047 1279 3105 Semiarianorum
1316 3040 1615 3110 proceribus
1651 3054 1669 3110 ξ
1701 3036 1939 3106 [uisaque
1962 3035 2266 3110 dictionum

882 3116 1169 3188 ὁμοουσίου
1209 3122 1257 3164 et
1302 3106 1607 3179 ὁμοιουσίςυ
1642 3106 2091 3175 interpretatione.

775 3251 891 3306 lam
924 3264 1055 3302 vero
1083 3245 1175 3315 qui
1210 3243 1334 3298 talia
1362 3238 1767 3309 conﬁngebant,
1798 3251 2053 3306 proceres
2080 3235 2270 3304 impie-

707 3346 834 3399 tatis
886 3338 1241 3410 primariique
1294 3342 1548 3386 auctores
1575 3338 1767 3391 erant,
1810 3336 1869 3379 ut
1904 3328 1998 3395 qui
2044 3336 2273 3380 cancros

708 3436 760 3490 id
793 3430 1054 3500 temporis
1099 3423 1384 3479 hazretieos
1418 3421 1679 3490 religione
1730 3418 2090 3487 doctrinaque
2132 3431 2271 3482 pra:-

707 3525 989 3579 ceierent.
1021 3516 1289 3572 Eusebius
1311 3553 1325 3574 ,
1355 3513 1575 3580 inquam
1606 3550 1620 3572 ,
1653 3509 1983 3564 Nicomediae
2011 3549 2023 3572 ,
2066 3515 2121 3561 et
2165 3506 2274 3559 Eu-

709 3615 896 3667 sebius
922 3611 1202 3666 Cmsareee.
1238 3619 1358 3673 quae
1394 3603 1448 3654 in
1486 3600 1767 3654 Palmstina
1796 3608 1900 3659 est,
1952 3598 1997 3650 is
2042 3597 2135 3665 qui
2185 3611 2275 3651 ec-

709 3703 1072 3760 clesiasticam
1119 3694 1446 3762 conscripsit
1476 3691 1798 3755 historiam;
1835 3688 2109 3756 Theognis
2145 3688 2272 3739 item

706 3796 922 3855 Nicazw,
965 3800 1018 3846 et
1050 3787 1256 3846 caeteri.
1291 3784 1383 3854 qui
1416 3784 1606 3836 horum
1650 3779 1937 3835 sententiis
1971 3788 2025 3832 et
2064 3776 2277 3845 placitis

710 3882 1151 3941 subscribebant.
1239 3876 1423 3945 Magna
1501 3873 1648 3927 enim
1721 3886 1845 3925 cum
1934 3867 2275 3936 impudentia

710 3977 995 4048 ὁμοούσιον
1044 3972 1111 4025 de
1169 3964 1753 4036 corporibusproprie
1799 3960 2025 4027 intelligi
2079 3968 2133 4011 et
2168 3956 2273 4048 dici

717 4046 1138 4140 proﬁtebantur,
1197 4071 1254 4114 ut
1304 4059 1369 4112 de
1401 4056 1626 4109 homine
1675 4062 1731 4106 et
1780 4051 1990 4105 caeteris
2031 4046 2279 4102 animali-

717 4167 838 4221 hus,
879 4158 946 4211 de
1000 4151 1292 4209 arboribus
1344 4150 1471 4201 item
1522 4156 1579 4199 et
1630 4142 1832 4212 plantis
1879 4154 2038 4194 omne
2083 4152 2278 4206 genus,

714 4251 918 4320 quibus
965 4239 1388 4299 communicatio
1429 4247 1482 4290 et
1521 4244 1675 4289 ortus
1725 4248 1793 4287 ex
1836 4230 2112 4285 similibus
2153 4238 2278 4281 est:

700 4341 1022 4411 epoto-3mm
1072 4343 1252 4389 autem
1286 4330 1451 4384 rebus
1494 4324 1836 4394 incorporeis
1868 4323 2092 4411 insitum
2139 4335 2281 4411 esse,

701 4408 772 4487 et
803 4432 871 4485 de
897 4428 1029 4497 ipsis
1054 4423 1275 4494 proprie
1295 4419 1431 4481 diei,
1464 4426 1524 4469 ut
1554 4414 1623 4467 de
1655 4414 1768 4467 Deo
1798 4421 1853 4465 et
1884 4410 2117 4480 angelo,
2153 4408 2282 4461 item

717 4521 785 4575 de
820 4528 1053 4585 utroque
1084 4510 1301 4582 propria
1334 4508 1389 4561 in
1419 4504 1654 4560 essentia
1686 4502 1983 4555 intellecto.

788 4610 859 4663 Et
890 4603 1139 4677 quamvis
1165 4601 1269 4654 sibi
1299 4597 1431 4651 satis
1461 4594 1665 4650 conscii
1696 4600 1879 4645 essent
1917 4589 2201 4644 veritatem
2222 4602 2280 4640 se

717 4701 826 4755 alio
860 4697 1023 4751 modo
1068 4693 1306 4753 habere,
1348 4687 1499 4741 falsis
1537 4694 1717 4737 tamen
1770 4680 2283 4735 ratiocinationibus

718 4787 1108 4846 abutebantur,
1139 4790 1198 4835 ut
1232 4793 1327 4833 eos
1355 4776 1515 4830 dictis
1545 4774 1659 4828 suis
1689 4773 1994 4830 irretirent.
2028 4771 2120 4837 qui
2157 4783 2282 4821 ver-

720 4880 913 4931 borum
993 4883 1219 4926 suorum
1285 4878 1505 4919 sensum
1562 4861 1778 4929 assequi
1840 4873 1949 4911 non
2004 4865 2281 4926 poterant.

718 4962 1169 5034 Quandoquidem
1220 4972 1283 5011 ea
1332 4970 1454 5024 qua:
1487 4954 1794 5007 obtrudunt
1827 4952 2057 5019 puerilia
2080 4988 2093 5011 ,
2128 4958 2183 5001 et
2216 4948 2286 5000 ah

723 5055 977 5111 Ecclesiae
1012 5066 1173 5106 sensu
1210 5050 1388 5101 aliena
1422 5054 1568 5100 sunt.
1613 5044 1722 5097 Nec
1771 5043 1917 5096 enim
1966 5056 2151 5094 rerum
2200 5053 2287 5107 ap.

700 5126 1028 5217 parentium
1080 5140 1301 5193 nomina
1350 5136 1546 5205 seipsis
1602 5134 1734 5188 solis
1788 5129 2289 5185 eireumseribenda

722 5246 887 5299 sunt;
932 5232 1028 5286 sed
1080 5230 1146 5284 ad
1193 5244 1257 5282 ea
1309 5242 1524 5297 quoque
1565 5223 1937 5285 traducenda,
1972 5237 2091 5290 qua:
2125 5219 2288 5273 intel-

719 5328 866 5381 lectu
902 5321 1323 5391 percipiuntur.
1346 5318 1499 5381 Quod
1528 5316 1677 5371 enim
1733 5314 1863 5368 inde
1898 5314 2288 5372 subveremur,

721 5417 1028 5489 periculum
1062 5413 1273 5467 nullum
1312 5424 1541 5480 prorsus
1568 5420 1687 5474 est,
1736 5407 1844 5462 nisi
1880 5421 1987 5473 qua
2026 5405 2090 5458 in
2139 5412 2291 5471 parte

720 5509 1061 5566 intellectum
1114 5505 1291 5572 ipsum
1349 5501 1682 5555 mutilemus.
1750 5500 1806 5554 Si
1854 5497 1982 5566 quis
2035 5496 2181 5550 enim
2224 5494 2291 5547 de

722 5599 930 5670 angelis
962 5594 1409 5664 ὁμοουσιὸτητας,
1456 5594 1559 5647 hoc
1608 5600 1713 5650 est.
1746 5583 2293 5644 consubstantialita-

721 5698 860 5754 tcta,
912 5689 1024 5745 iuto
1076 5699 1205 5738 vero
1260 5684 1327 5738 de
1372 5684 1571 5753 plantis
1629 5683 1795 5740 etiam
1842 5690 1903 5736 et
1951 5676 2293 5733 animalibus

2366 609 2661 662 admodum
2715 611 2782 665 de
2835 610 2974 665 Filio
3019 622 3074 666 et
3116 613 3273 668 Patre
3313 630 3531 684 quoque
3579 620 3684 673 dici
3725 634 3924 688 pmest.

2365 700 2488 753 llaec
2526 701 2673 752 enim
2715 710 2799 754 est
2833 703 3150 771 quarumvis
3182 719 3366 758 rerum
3411 708 3661 762 essentia:
3691 720 3884 764 natura
3911 754 3923 774 ,

2365 800 2424 842 ut
2462 792 2604 860 quod
2637 792 2880 861 genitum
2913 804 2996 848 est
3035 794 3085 848 ei
3118 809 3145 846 a
3186 809 3296 863 quo
3323 800 3566 864 genitum
3617 811 3698 853 est
3747 803 3928 856 simile

2362 879 2491 943 ﬁat,
2518 891 2574 935 et
2601 891 2761 950 prout
2792 882 2983 936 eadem
3017 888 3306 956 utriusque
3337 891 3575 943 essentia
3604 901 3707 952 est,
3730 894 3925 948 eodem

2360 984 2582 1038 quoque
2610 972 2816 1025 honore
2840 971 3127 1040 adiciatur;
3160 991 3262 1030 nec
3297 977 3442 1031 illius
3469 981 3689 1046 quidem
3720 983 3924 1049 potior,

2361 1060 2524 1130 hujus
2554 1078 2683 1116 vero
2720 1064 2959 1118 deterior
2983 1104 3001 1130 ,
3035 1079 3132 1122 aut
3165 1068 3310 1123 illius
3347 1071 3569 1139 quidem
3606 1074 3884 1142 antiquior
3911 1116 3926 1138 ,

2362 1152 2525 1221 hujus
2554 1170 2687 1208 vero
2717 1156 2988 1210 recentior
3021 1164 3257 1213 essentia
3289 1161 3523 1215 dicatur.
3556 1163 3691 1217 Nam
3738 1165 3926 1220 foratae

2356 1244 2579 1312 generis
2640 1246 2922 1314 aequaliter
2972 1247 3040 1301 ab
3094 1264 3161 1302 eo
3217 1252 3561 1318 procedunt,
3622 1236 3928 1325 eodemque

2362 1344 2572 1387 natura:
2602 1338 2914 1390 communis
2949 1338 3154 1392 honore
3201 1342 3680 1398 condecorautur:
3717 1355 3777 1399 ut
3805 1361 3927 1397 om-

2365 1442 2463 1479 nes
2499 1426 2745 1481 homines
2771 1432 3157 1485 communione
3202 1432 3537 1489 deﬁnitionis
3573 1438 3927 1499 conveniunt,

2364 1515 2661 1582 quamlibet
2693 1516 2747 1569 in
2786 1517 3023 1584 plurima
3071 1519 3350 1573 individua
3386 1523 3545 1577 divisi
3601 1526 3731 1578 sint.
3774 1526 3931 1591 Quae-

2363 1622 2599 1675 cumque
2632 1623 2761 1677 ergo
2795 1610 2861 1662 ad
2908 1625 3073 1664 unum
3129 1613 3367 1682 aliquem
3422 1616 3717 1669 terminum
3764 1619 3929 1670 redu-

2365 1706 2590 1758 cuntur,
2638 1701 2869 1770 ejusque
2920 1702 3138 1769 capacia
3193 1714 3341 1769 sunt,
3372 1721 3450 1760 ea
3496 1707 3657 1760 etiam
3712 1709 3931 1775 proprie

2292 1823 2335 1877 Β
2366 1785 2638 1847 homines,
2690 1790 2771 1841 vel
2822 1791 2972 1857 equi,
3021 1791 3103 1843 vel
3156 1791 3344 1856 boves,
3395 1805 3471 1856 et,
3520 1804 3579 1847 ut
3609 1796 3683 1849 ita
3728 1795 3928 1859 dicam,

2366 1878 2562 1944 p‘lantze
2590 1888 2645 1932 et
2671 1879 2896 1934 arbores
2931 1882 3224 1944 dicuntur,
3279 1884 3613 1954 omninoque
3640 1887 3925 1954 ὀμοούσια.

2366 1968 2471 2022 hoc
2542 1979 2626 2024 est
2699 1971 2950 2024 essentia:
3008 1977 3394 2029 communione
3453 1980 3760 2032 constantia
3822 1979 3931 2033 dici

2365 2068 2643 2128 poterunt.
2700 2060 3065 2132 Quaecumque
3109 2080 3240 2117 vero
3289 2067 3503 2121 termini
3564 2070 3783 2136 capacia
3822 2086 3932 2123 non

2366 2161 2514 2215 sunt,
2562 2162 2691 2220 puta
2742 2152 2982 2207 hominis
3008 2154 3090 2209 vel
3136 2157 3389 2211 animalis
3416 2158 3667 2229 alicujus,
3712 2161 3934 2216 nomine

2364 2250 2547 2295 autem
2579 2243 2696 2295 solo
2732 2242 2984 2299 homines
3030 2246 3113 2299 vel
3162 2246 3383 2315 aliquod
3419 2247 3566 2301 aliud
3600 2251 3802 2303 animal
3842 2267 3935 2319 ap-

2368 2332 2660 2399 pellantur,
2702 2334 2791 2387 illa
2848 2350 2950 2389 nec
2984 2336 3234 2392 homines
3260 2340 3480 2408 proprie
3531 2353 3634 2393 nec
3676 2342 3935 2396 animalis

2368 2422 2478 2475 dici
2508 2438 2537 2475 a
2564 2438 2843 2492 quoquam
2877 2435 3137 2493 poterunt
3171 2437 3375 2497 :atque
3408 2429 3484 2484 ita
3525 2444 3626 2484 nec
3672 2433 3936 2500 ὀμοοὺσιο.

2366 2514 2730 2579 vocabuntur,
2767 2518 2944 2585 qualis
2970 2526 3055 2571 est
3084 2519 3265 2587 pictus
3289 2536 3467 2589 equus
3498 2531 3555 2576 et
3585 2522 3748 2576 homo
3768 2541 3783 2588 ;
3806 2524 3935 2593 quia

2364 2606 2628 2661 nimirum
2663 2621 2734 2661 ne
2778 2607 2846 2661 ad
2882 2608 3112 2664 formam
3149 2612 3370 2679 quidem
3401 2628 3553 2667 suam
3581 2614 3932 2677 reieruntur.

2368 2709 2470 2748 nec
2521 2693 2727 2763 proprii
2783 2696 3002 2749 termini
3052 2700 3271 2765 capacia
3321 2710 3485 2763 sunt,
3542 2711 3671 2768 puta
3719 2702 3937 2755 ratione

2368 2785 2605 2855 praediti,
2632 2795 2688 2841 et
2725 2787 2886 2840 morti
2938 2786 3185 2847 obnoxii,
3214 2795 3379 2856 atque
3427 2790 3627 2844 mentis
3669 2793 3939 2845 scientiae-

2369 2890 2477 2943 que
2503 2890 2733 2944 capaces
2771 2894 2784 2929 :
2825 2876 2910 2929 vel
2941 2878 3113 2930 etiam.
3139 2879 3439 2943 hinnibilis,
3470 2881 3792 2949 rationeque
3839 2897 3935 2936 ea-

2372 2965 2564 3019 rentis.
2622 2966 2897 3035 Quidquid
2944 2968 3088 3021 enim
3138 2969 3202 3021 ad
3266 2969 3505 3023 hominis
3566 2971 3799 3040 alicujus
3847 2973 3933 3024 vti

2368 3055 2495 3124 equi
2537 3055 2952 3109 similitudinem
3024 3056 3324 3109 statuarius
3372 3057 3784 3121 eﬁ‘ormaverit,
3842 3058 3937 3111 de—

2294 3168 2340 3229 C
2376 3145 2685 3214 pinseritve
2735 3146 2930 3215 pictor,
2968 3147 3245 3200 hominem
3294 3147 3516 3215 quidem
3558 3147 3738 3201 dicere
3787 3159 3938 3216 pote-

2374 3239 2484 3301 ris,
2536 3240 2664 3306 quia
2724 3238 2892 3307 ﬁgura
2951 3239 3179 3292 formam
3228 3239 3436 3291 imitata
3487 3239 3598 3304 sit;
3656 3250 3710 3291 at
3761 3242 3942 3294 minus

2365 3326 2615 3395 proprie,
2642 3328 2735 3379 sed
2752 3327 2977 3378 abusive
2998 3336 3053 3378 et
3079 3326 3374 3392 aequivoce;
3404 3343 3505 3380 nec
3524 3330 3671 3380 enim
3692 3329 3937 3395 ejusdem

2372 3430 2492 3469 cum
2539 3416 2709 3467 turma
2745 3413 3081 3467 deﬁnitionis
3124 3414 3396 3483 particeps
3425 3425 3511 3469 est
3549 3418 3716 3485 :quia
3759 3429 3937 3471 statua

2372 3522 2479 3559 non
2508 3516 2592 3559 est
2620 3505 2820 3558 animal
2843 3506 3061 3559 ratione
3086 3506 3397 3575 praeditum,
3429 3508 3590 3561 morti
3614 3508 3937 3572 obnoxium,

2374 3599 2575 3652 mentis
2604 3606 2661 3651 et
2692 3597 2934 3651 scientiae
2969 3612 3173 3664 capax;
3223 3614 3326 3652 nec
3355 3600 3520 3653 etiam
3572 3601 3851 3656 hinuibilis
3886 3613 3941 3655 et

2373 3684 2708 3752 quadrupes,
2739 3684 2914 3754 qualis
2936 3692 3020 3739 est
3046 3684 3201 3739 vivus
3233 3701 3427 3755 equus,
3456 3702 3559 3742 nec

2506 3840 2955 3909 Quadrupedante
2981 3852 3187 3907 putrem
3206 3851 3387 3895 sumtu
3417 3845 3588 3912 quatit
3613 3846 3810 3913 ungula

3032 3926 3296 3979 campum.

2454 4044 2589 4098 llinc
2620 4058 2749 4113 ergo
2789 4045 3176 4112 consequitur,
3210 4056 3271 4100 ut
3303 4047 3757 4115 quemadmodum
3791 4049 3898 4102 nol»
3922 4065 3944 4103 s

2383 4134 2721 4197 hominibus,
2746 4134 2989 4202 itemque
3017 4134 3249 4203 singulis
3279 4136 3507 4203 angelis,
3543 4138 3781 4205 ipsisque
3808 4140 3944 4193 adeo

2382 4222 2732 4286 animalibus,
2765 4237 2872 4276 una
2902 4224 3167 4291 quzepiam
3198 4223 3449 4292 speciﬁca
3496 4228 3731 4278 essentia
3785 4226 3945 4279 insita

2383 4324 2465 4368 est
2495 4332 2507 4366 :
2540 4314 2609 4367 ita
2660 4314 2823 4367 etiam
2865 4314 2919 4367 in
2955 4314 3132 4367 tribus
3165 4314 3432 4383 personis,
3472 4315 3656 4376 Patre,
3707 4317 3948 4383 inquam,

2384 4402 2545 4462 Filio.
2577 4411 2630 4455 et
2652 4401 2867 4470 Spiritu
2902 4411 3113 4464 sancto,
3143 4418 3248 4456 una
3277 4405 3534 4466 essentia,
3566 4404 3848 4468 divinitas,
3894 4418 3948 4459 et

2316 4492 2354 4543 D
2385 4502 2578 4544 natura
2627 4491 2781 4543 insit.
2823 4492 2891 4544 At
2926 4492 3101 4559 impii,
3138 4493 3215 4545 illi
3245 4492 3477 4545 Eusebii
3506 4534 3521 4555 ,
3571 4492 3948 4547 haereticorum

2389 4580 2678 4648 primitite,
2729 4580 2857 4633 dqu
2905 4580 3227 4633 vocabulum
3272 4581 3415 4634 Deus
3445 4583 3631 4647 primae
3663 4583 3835 4649 patris
3862 4598 3953 4635 es-

2389 4671 2580 4725 sentia:
2616 4670 2887 4733 tribuunt,
2928 4686 3167 4740 eumque
3210 4670 3434 4724 alterius
3471 4672 3725 4725 essentia:
3749 4710 3764 4732 ,
3790 4682 3951 4739 atque

2389 4762 2617 4815 alterius
2678 4762 2807 4814 item
2859 4762 3053 4815 Filium
3105 4762 3258 4829 quasi
3312 4761 3640 4828 quibusdam
3695 4764 3953 4829 gradibus

2382 4866 2509 4906 esse
2544 4864 2814 4913 Statuunt,
2863 4851 3148 4917 ὀμοούσιον
3188 4852 3409 4918 quidem
3442 4852 3745 4919 abrogant,
3782 4868 3953 4918 eoque

2392 4958 2493 5012 pro
2518 4943 2659 4996 virili
2713 4952 2866 5011 parte.
2909 4942 3231 4995 adnituntur
3257 4982 3271 5003 ,
3312 4958 3515 5010 nequa
3562 4943 3709 4995 illius
3751 4942 3957 4995 mentio

2394 5035 2634 5102 supersit
2665 5056 2676 5088 :
2707 5045 2762 5088 at
2794 5036 2914 5088 loco
2950 5034 3095 5089 illius
3132 5035 3316 5102 ὅμοιον
3349 5043 3405 5086 et
3428 5034 3734 5100 ὸμοιούσιον
3770 5034 3957 5086 obtru-

2395 5126 2553 5188 dunt,
2604 5136 2660 5179 et
2706 5127 2751 5178 si
2792 5140 2900 5178 non
2955 5125 3153 5193 reipsa,
3200 5123 3389 5177 saltem
3434 5124 3605 5177 verbo
3635 5124 3830 5177 Filium
3874 5138 3955 5176 es-

2396 5218 2569 5270 sentia
2605 5216 2752 5269 Patri
2788 5215 3020 5270 similem
3067 5213 3413 5283 proﬁtentur.
3459 5212 3568 5267 Sed
3609 5214 3676 5267 de
3705 5212 3793 5266 his
3828 5220 3960 5266 tunc

2397 5306 2637 5374 apertius
2668 5306 3039 5366 tractabimus.
3083 5320 3206 5357 eum
3234 5304 3300 5358 ad
3330 5304 3446 5357 Arii
3473 5303 3699 5373 ejusque
3731 5318 3959 5358 consor-

2400 5400 2535 5450 tium
2574 5406 2627 5450 ct
2655 5399 2985 5451 asseclatum
3010 5397 3299 5465 Opiniones
3340 5394 3654 5449 refutandas
3684 5394 3969 5463 aggredib

2401 5505 2546 5543 mur.
2585 5490 2684 5544 llic
2728 5500 2908 5542 autem
2955 5492 3114 5543 locus
3142 5488 3402 5558 postulat,
3438 5498 3495 5541 ut
3523 5502 3585 5541 ea
3629 5501 3966 5540 commemo-

2403 5595 2604 5641 rcmus,
2638 5594 2754 5640 qua:
2788 5578 2854 5633 dc
2884 5579 3039 5635 Aetio
3067 5590 3121 5634 et
3169 5576 3437 5633 Eunomio
3471 5573 3967 5643 circumferuntur,
