4288 6372
669 340 809 404 1395

1931 337 2230 400 NICETIS
2270 334 2684 398 CIIONI.\T;E

3824 341 3960 402 1396

667 455 1046 526 acquiescens,
1106 456 1370 512 rectiores
1417 465 1475 510 et
1511 455 1914 511 moderatiores
1976 455 2250 526 quasdam
2286 457 2326 510 Α
2357 465 2559 516 secret,
2609 466 2821 526 quanto
2859 458 3000 514 bene
3043 458 3265 512 dicendi
3305 458 3595 512 intervallo
3621 458 3692 510 ab
3725 458 3818 510 illo
3849 458 3961 509 dit:

669 549 1039 618 blasphemia:
1109 550 1336 618 insuper
1401 550 1821 620 excogitaverit,
1885 550 2092 619 Deique
2147 550 2249 603 Fi-

670 643 802 693 lium
851 644 1080 710 primam
1133 641 1314 697 Patris
1379 654 1435 697 et
1501 644 1835 713 prarcipuam
1916 653 2252 705 creaturam,

669 743 834 799 atquc
898 733 1038 786 adeo
1089 733 1144 786 in
1199 735 1458 789 omnibus
1525 735 2102 807 ἀνόμοιω,τρεπτδν,
2161 737 2255 788 καὶ

667 823 875 882 δοῦλον.
921 825 1024 880 hoc
1052 836 1138 880 est
1180 826 1536 885 dissimilem.
1593 829 1915 885 mutabilem
1949 838 2005 884 et
2032 843 2253 884 servum

665 929 786 970 esse
812 916 1038 971 dixerit.
1075 918 1501 973 Sanctissimum
1527 933 1716 976 autem
1740 923 2009 991 Spiritum
2042 939 2070 977 a
2113 923 2252 978 Filio

665 1009 952 1062 conditum
993 1020 1119 1065 ante
1154 1021 1384 1066 caeteras
1421 1025 1724 1078 creaturas,
1780 1016 2067 1084 legemque
2125 1030 2257 1069 con-

667 1101 888 1154 trariam
915 1103 1020 1172 legi
1054 1104 1270 1160 Domini
1299 1091 1516 1162 Christi
1549 1108 1617 1162 de
1648 1110 1983 1180 baptismate
2030 1109 2253 1170 tulisse.

664 1207 789 1244 eum
827 1192 987 1252 dixit.
1035 1211 1148 1250 non
1199 1213 1321 1253 esse
1365 1183 1546 1254 trihtis
1591 1202 2045 1255 immersionibus
2079 1202 2257 1270 bapti—

663 1283 901 1337 zandum
942 1301 1119 1355 neque
1143 1287 1469 1343 Trinitatem
1490 1305 1610 1343 esse
1639 1292 2026 1351 invocandam.
2048 1291 2142 1346 sed
2164 1306 2252 1344 se.-

664 1377 770 1428 mel
809 1378 1204 1444 haptizandum
1227 1383 1421 1434 essein
1443 1382 1646 1436 Christi
1677 1393 1951 1446 mortem;
1991 1394 2252 1437 caeterum

659 1488 786 1522 t-tttit
812 1475 902 1538 qui
932 1472 1243 1535 baptizamr
1260 1484 1481 1542 pectore
1503 1485 1713 1528 tantum
1749 1484 1911 1529 tenus
1929 1492 2052 1531 esse
2075 1477 2258 1545 bapti-

661 1566 897 1614 Iamlum
924 1581 1133 1631 aquave
1160 1567 1564 1634 intingeudum.
1589 1567 1817 1622 Caeteris
1845 1584 1976 1620 vero
2001 1566 2257 1635 corporis

659 1659 945 1720 membris,
973 1669 1234 1725 tanquam
1275 1662 1509 1728 impuris
1553 1671 1606 1712 et
1637 1661 2015 1718 exsecrandis,
2053 1675 2252 1727 aquam

660 1750 901 1815 inspergi
935 1752 1265 1817 prohibebat
1296 1770 1308 1803 :
1344 1755 1494 1804 uel'as
1528 1767 1651 1804 esse
1688 1762 1863 1813 ratus,
1897 1751 1942 1803 si
1991 1752 2118 1819 quis
2163 1765 2253 1816 ge-

659 1839 927 1891 nitalibus
957 1842 1219 1892 membris
1255 1843 1528 1894 charisma
1611 1841 2052 1911 incorruptionis
2081 1840 2254 1908 appli-

657 1932 896 1983 i-andum
927 1947 1046 1982 esse
1083 1936 1401 1986 contendat.

728 2023 888 2076 Aliud
933 2041 1066 2073 vero
1125 2026 1387 2087 quiddam
1433 2041 1459 2077 εἴ
1501 2027 1556 2078 Π.
1594 2026 1904 2094 Epiphanio
1947 2025 2183 2078 additur
2211 2024 2262 2074 iu

657 2116 726 2169 iis
757 2116 933 2179 libris,
961 2134 1102 2186 quos
1127 2115 1368 2170 I’mtnrm
1403 2121 1680 2186 inscr‘p~it
1714 2137 1725 2170 :
1762 2117 2262 2175 Euttomiuscuim,

658 2209 732 2262 ait
762 2209 872 2266 ille.
927 2226 1022 2264 cos
1060 2212 1257 2263 iterum
1293 2211 1629 2277 baptizabat,
1677 2211 1768 2278 qui
1819 2213 1929 2275 jam
2003 2209 2260 2276 baptizati

661 2308 883 2356 tttcrant
929 2319 1098 2355 zeum
1154 2305 1489 2372 quicumque.
1540 2305 1603 2355 ad
1660 2319 1788 2355 eum
1830 2301 2112 2362 venirent,
2146 2315 2258 2352 non

660 2398 839 2449 solum
878 2398 947 2451 ab
998 2397 1345 2455 ortliotlovis,
1398 2400 1490 2450 sed
1530 2397 1696 2450 etiam
1727 2397 1791 2448 ah
1848 2394 2145 2454 haereticis.
2184 2402 2265 2446 at-

660 2507 770 2560 que
805 2491 938 2560 ipsis
971 2490 1112 2545 adeo
1167 2491 1389 2546 Arianis
1422 2535 1434 2550 ,
1476 2491 1842 2557 reliaptizz-ret
1887 2492 2108 2543 inverso
2169 2487 2266 2540 ba-

661 2584 1050 2654 ptizandorum
1087 2585 1266 2652 capite
1319 2571 1662 2654 p--dil:usque
1694 2584 1746 2637 in
1773 2585 1941 2636 altum
1976 2582 2258 2642 sublatis;

659 2687 716 2733 et
763 2680 1110 2746 quicumque
1153 2679 1423 2748 baptizari
1481 2679 1704 2736 vellent.
1758 2693 1856 2729 eos
1901 2684 2255 2730 sacramento

661 2770 1071 2840 obstringebat,
1123 2787 1181 2824 se
1231 2788 1516 2841 nunquam
1583 2772 1653 2824 ah
1681 2772 1853 2841 ipsius
1881 2772 2075 2825 haeresi
2111 2770 2262 2824 dch-

660 2875 886 2917 elttrOS:
942 2874 1108 2934 atque
1163 2864 1250 2919 his
1283 2867 1420 2920 adeo
1479 2866 1664 2919 verbis
1711 2864 2016 2918 utebatur:
2051 2864 2108 2917 lu
2161 2878 2261 2916 no-

659 2956 806 3009 mine
845 2957 1024 3010 Patris
1085 2959 1340 3020 increati,
1373 2969 1427 3011 et
1501 2958 1622 3011 Filii
1678 2957 1870 3017 creati.
1919 2965 1975 3008 et
2017 2955 2261 3023 Spit‘iltts

661 3050 1091 3108 sanctiﬁcantls,
1125 3053 1218 3118 qui
1264 3067 1290 3102 a
1335 3051 1471 3104 Filio
1521 3061 1741 3104 creatus
1790 3059 1896 3103 est.
1951 3046 2125 3118 llujus
2177 3047 2255 3100 rei

660 3144 832 3214 gratia
870 3125 994 3194 cium
1025 3144 1077 3197 in
1107 3145 1262 3195 labro
1309 3144 1672 3212 baptizarent.
1705 3144 1954 3196 evtcrius
1985 3143 2256 3194 collocato
2287 3164 2327 3218 ο

663 3237 908 3296 homine,
944 3248 1112 3306 eaput
1146 3240 1264 3307 ejus
1297 3240 1466 3292 Semel
1505 3241 1556 3292 in
1597 3254 1794 3305 aquam
1835 3247 2061 3304 pectore
2092 3246 2254 3288 tenus

661 3329 1062 3397 immergebant
1099 3349 1108 3381 :
1141 3347 1265 3384 cum
1294 3342 1479 3385 autem
1531 3331 1830 3399 aliquando
1867 3330 2165 3388 evenisset.
2199 3338 2256 3379 ιιι

654 3420 878 3478 quidam
922 3422 1100 3490 capite
1144 3422 1209 3474 ad
1245 3423 1462 3475 labrum
1489 3423 1648 3476 alliso
1702 3423 1907 3474 vulnus
1938 3420 2240 3489 acciperet,

655 3516 817 3568 aliam
847 3515 1198 3583 baptismatis
1250 3517 1481 3568 formam
1512 3518 1922 3573 excogitaruut.
1959 3513 2091 3567 Nam
2152 3515 2246 3566 lio-

657 3609 801 3660 mine
839 3624 1014 3674 prono
1051 3610 1102 3661 in
1133 3609 1274 3661 fossa
1317 3611 1583 3680 quapiam
1612 3611 1882 3670 distento,
1909 3610 2143 3678 ejusque
2163 3623 2256 3659 ca—

654 3702 768 3766 pite
802 3701 1027 3758 educto.
1063 3713 1120 3754 ct.
1163 3704 1402 3760 sublato.
1445 3718 1644 3773 aquam
1672 3703 1744 3756 ita
1771 3703 2161 3763 infundebant,
2190 3710 2248 3753 ut

657 3795 869 3846 uullum
917 3794 1068 3847 aliud
1123 3795 1436 3849 membrum
1472 3795 1793 3864 attingeret.
1823 3791 2258 3848 Necdelueruut

652 3890 936 3947 intereos,
962 3888 1054 3956 qui
1087 3889 1257 3942 alium
1313 3887 1577 3957 baptismi
1618 3890 1788 3942 ritum
1838 3887 2255 3940 adinvenirent.

653 3981 997 4047 Longissima
1021 3983 1171 4034 enim
1213 3981 1382 4034 fascia
1413 3997 1542 4035 eum
1586 3983 1639 4035 in
1675 3997 1836 4035 nsum
1871 3989 2088 4049 parata,
2124 3994 2259 4033 con—

649 4083 975 4144 seel‘utaqtte
1015 4074 1294 4127 hominem
1322 4091 1349 4128 a
1396 4087 1622 4144 peetore
1653 4091 1827 4143 usque
1862 4073 1926 4126 ad
1959 4083 2245 4126 extremos

662 4168 865 4228 tif-dum
918 4167 1606 4234 articulos,involvebaut.
1671 4181 1786 4222 tttm
1823 4168 2027 4221 deinde
2086 4181 2251 4236 supe-

651 4264 826 4316 riorcs
853 4260 1104 4330 corporis
1128 4271 1312 4330 partes
1332 4279 1473 4331 aqua
1502 4263 1861 4333 proluehaut.

1204 4397 1361 4450 CAP.
1403 4397 1695 4451 XXXWH.

2365 549 2556 612 ferret,
2611 559 2906 621 laceroque
2952 568 3117 622 quam
3169 553 3414 608 scribere
3460 554 3686 610 mallet.
3748 568 3816 606 eo
3873 555 3960 605 ra-

2363 654 2513 699 ctum
2546 656 2651 705 est.
2710 655 2769 699 ut
2804 648 3066 700 nonnulla
3093 646 3362 699 duntaxat
3391 646 3646 700 Eunomii
3683 647 3859 713 capita
3895 647 3949 698 in

2359 737 2612 791 oratione
2645 737 2721 791 De
2741 736 2886 790 Filio
2919 737 3264 797 refutaverit.
3293 738 3507 805 hocque
3542 746 3800 803 tauquam
3837 751 3962 804 spe-

2363 830 2548 884 cimen
2576 829 2987 884 Confutationis
3033 829 3429 884 Anommorum
3464 828 3720 882 ediderit.
3765 827 3950 878 Euno-

2363 922 2509 976 mius
2542 931 2726 977 autem
2781 921 3190 990 Apollinarium
3223 937 3292 974 ne
3319 920 3702 974 confutatione
3731 919 3958 987 quidem

2363 1014 2620 1082 dignatus
2655 1025 2760 1069 est.
2798 1013 2957 1084 Stylo
2999 1014 3148 1067 enim
3189 1027 3379 1065 revera
3414 1011 3646 1065 ﬂaccido
3688 1021 3742 1063 et
3788 1011 3963 1063 imbe-

2368 1108 2501 1168 cilli.
2539 1117 2704 1178 atque
2739 1109 2974 1177 pugione
3003 1106 3022 1177 (
3051 1116 3110 1159 ut
3143 1106 3216 1159 ita
3251 1104 3430 1158 dicam
3462 1105 3478 1172 )
3515 1104 3774 1173 plumbeo
3807 1104 3959 1156 illum

2369 1215 2663 1271 aggressus
2691 1211 2797 1254 ρει.
2831 1199 2902 1254 At
2940 1198 3202 1252 Basilium
3261 1199 3507 1265 quinque
3557 1197 3710 1250 libris
3769 1199 3968 1248 conru-

2370 1296 2527 1353 tavit.
2575 1310 2812 1363 quorum
2866 1299 3025 1354 duos,
3082 1292 3175 1361 qui
3225 1289 3386 1359 primi
3429 1287 3563 1343 editi
3605 1288 3844 1342 fuerant.
3890 1289 3966 1339 si-

2373 1386 2486 1438 mul
2538 1395 2704 1452 atque
2740 1385 2975 1437 Basilius
3010 1383 3250 1450 accepit.
3302 1395 3414 1450 pra:
3481 1380 3650 1431 animi
3711 1380 3962 1445 angustia

2363 1478 2507 1532 diem
2528 1489 2836 1532 extremum
2867 1479 3087 1532 clausit.
3112 1479 3288 1545 Atque
3306 1476 3372 1528 de
3393 1473 3658 1527 Eunomii.
3681 1470 3966 1527 hactenus

2937 1590 3091 1644 CAP.
3148 1589 3392 1642 XXXiX.

2365 1681 2500 1734 Aclii
2538 1684 2874 1748 Opust-nium,
2920 1686 2983 1733 de
3031 1685 3204 1750 genito
3245 1693 3292 1734 et
3329 1683 3564 1749 ingenito
3611 1689 3834 1748 triginta
3878 1696 3972 1730 ser

2442 1755 2820 1820 pnraluqiswis
2893 1754 3232 1819 liupotltetiris
3307 1761 3599 1811 constans,
3669 1767 3733 1803 ea:
3798 1753 3969 1803 sancti

2447 1825 2733 1892 Epiphanii
2766 1826 3000 1891 scriptis.

2444 1917 2842 1970 Sanctissimus
2879 1931 3044 1984 porro
3080 1915 3421 1984 Epiphanius
3464 1915 3631 1986 Cypri
3673 1914 3970 1983 episcolius

2371 2009 2618 2064 Panariis
2646 2010 2762 2062 suis
2795 2010 3026 2076 impium
3057 2007 3246 2061 nescio
3281 2005 3428 2075 quod
3467 2007 3618 2074 impii
3655 2006 3797 2059 Aetii
3827 2022 3966 2073 opu-

2370 2105 2588 2156 seulum
2623 2101 2818 2153 inserit
2842 2100 2908 2170 ,ιιι
2945 2100 3013 2153 56
3044 2100 3221 2168 capita
3260 2099 3666 2160 divisum,cum
3699 2097 3963 2152 Ριυωιηὶι·

2372 2196 2402 2250 h
2417 2194 2674 2262 ujusmod
2687 2195 2697 2246 i
2709 2235 2722 2248 .

2439 2285 2906 2354 Quandoquidem
2961 2284 3367 2355 persecutionis
3401 2293 3672 2352 tempore,
3701 2299 3808 2353 qua
3843 2286 3970 2353 qui-

2367 2381 2492 2432 dem
2533 2397 2560 2432 a
2594 2379 3226 2448 Temporariisimpetiti
3263 2393 3478 2443 sumus,
3505 2380 3727 2448 quidam
3765 2380 3970 2447 pr:edi-

2367 2481 2584 2525 etorum
2637 2486 2744 2523 una
2801 2485 2925 2523 cum
2993 2470 3272 2537 plerisque
3335 2470 3459 2523 aliis
3511 2487 3536 2522 a
3596 2472 3759 2524 nobis
3783 2471 3969 2530 divisi,

2367 2563 2699 2631 opusmilum
2740 2563 3020 2631 quoddam
3055 2578 3082 2614 a
3125 2562 3286 2615 nobis
3330 2563 3586 2630 privatim
3629 2562 3969 2620 editum,'dc

2367 2654 2612 2721 ingenito
2645 2655 2755 2706 Deo
2785 2663 2842 2706 et
2885 2653 3094 2722 genito.
3149 2653 3529 2706 additionibus
3575 2663 3633 2708 et
3665 2654 3968 2706 detractio-

2366 2746 2533 2800 nibus
2569 2755 2894 2813 corruptum
2948 2744 3274 2805 ediderunt,
3320 2746 3654 2813 vivendique
3720 2745 3963 2812 regulam

2367 2841 2564 2893 rationi
2618 2849 3045 2893 consentaneam
3098 2839 3500 2905 immutarunt.
3558 2839 3721 2906 idque
3779 2848 3969 2906 postea

2370 2937 2422 2986 iu
2463 2949 2659 2986 manus
2697 2943 2914 2986 nostras
2958 2948 2985 2984 a
3030 2932 3269 3000 quodam
3316 2934 3487 2983 nostri
3525 2931 3778 2983 studioso
3818 2931 3970 2984 dela-

2368 3037 2483 3080 tum
2549 3027 2767 3090 incidit,
2811 3037 3035 3080 coactus
3092 3042 3213 3078 sum
3268 3034 3527 3092 tanquam
3579 3036 3755 3092 pater,
3820 3040 3963 3092 opu-

2366 3123 2582 3174 sculnm
2619 3120 2808 3173 denuo
2855 3129 3214 3187 repurgatnm
3267 3119 3332 3170 ad
3371 3133 3465 3170 vos
3501 3119 3742 3174 mittere.
3787 3133 3818 3166 o
3892 3119 3966 3184 pii

2368 3212 2593 3265 athletre.
2659 3221 2710 3264 et
2763 3211 3034 3264 athletria:
3098 3223 3313 3268 omnes,
3379 3216 3438 3260 ut
3487 3209 3838 3277 cognoscatis
3877 3225 3966 3260 re.

2373 3319 2640 3374 sponsum
2697 3320 2724 3356 a
2765 3304 2926 3356 nobis
2959 3318 2987 3356 a
3026 3310 3342 3355 sanctarum
3371 3301 3790 3369 Scripturarum
3826 3317 3968 3370 pra?-

2366 3400 2571 3468 seripto
2596 3398 2804 3452 editum
2837 3411 3104 3464 esse,quo
3134 3395 3353 3464 quidem
3383 3395 3562 3448 omnis
3601 3395 3840 3447 hominis
3873 3396 3968 3463 qui

2367 3493 2435 3544 de
2461 3491 2704 3561 ingenito
2729 3491 2838 3544 Deo
2859 3501 2912 3544 et
2936 3490 3120 3559 genito
3143 3489 3544 3544 disserentibus
3567 3489 3724 3540 vobis
3753 3498 3973 3542 contra-

2367 3585 2552 3656 dicere
2583 3599 2753 3637 ausus
2786 3582 2976 3645 fuerit,
3025 3581 3424 3651 impudentiam
3477 3581 3779 3634 succinctis
3831 3593 3966 3633 con-

2369 3677 2737 3731 lutationibus
2788 3675 3086 3730 retundere
3137 3675 3401 3744 possitis:
3456 3674 3508 3726 in
3542 3674 3736 3740 primis
3781 3683 3967 3725 autem

2372 3769 2668 3840 praedictos
2703 3766 3120 3838 Tcmporarios.
3157 3769 3324 3820 l'orro
3365 3765 3592 3818 dnbittm
3625 3782 3653 3819 a
3687 3764 3879 3823 dubio.
3916 3776 3973 3816 ct

2368 3867 2702 3922 solutionem
2750 3881 2780 3920 a
2830 3866 3104 3919 solutione
3145 3862 3475 3932 quihusdam
3513 3863 3669 3930 quasi
3709 3861 3970 3915 versibus

2369 3961 2598 4026 diduxi,
2651 3968 2711 4014 ut
2773 3959 3247 4026 epichercmatum
3304 3965 3586 4009 structura
3648 3954 3866 4008 facilius
3915 3965 3970 4005 et

2368 4055 2616 4125 apertius
2659 4051 3255 4121 comprehenderetur,
3295 4049 3631 4116 initiumque
3687 4049 3757 4100 ah
3814 4046 3967 4114 inge-

2368 4149 2488 4203 nito
2520 4139 2634 4202 Deo
2668 4146 2902 4215 sumpsi.

2369 4265 2453 4318 An
2479 4263 2604 4332 ﬁeri
2639 4263 2806 4334 possit
2840 4271 2896 4314 ut
2944 4262 3216 4331 ingniitus
3265 4258 3406 4313 Deus
3441 4275 3505 4312 η
3549 4257 3730 4326 genito
3763 4255 3971 4321 ingrtii-

3009 4347 3118 4386 tum
3149 4334 3332 4402 facint.

2442 4434 2493 4487 θ.
2538 4433 2593 4488 Si
2627 4434 2772 4488 Deus
2801 4432 3083 4502 ingenitus
3106 4427 3258 4482 omni
3290 4442 3452 4481 causa
3481 4421 3832 4493 praestantior
3862 4432 3966 4478 est,

648 4516 996 4584 Apollinari-ii,
1031 4513 1548 4604 Basii'ii..(.‘rcgq:‘ii'.'
1576 4525 1624 4566 cl
1652 4513 2252 4604 Eunom‘iisc:quorum

2333 4559 2336 4578 ι
2366 4546 2517 4591 certe
2555 4533 2913 4604 generatione
2945 4543 3169 4600 quoque
3200 4523 3554 4596 priestantior
3595 4521 3721 4573 erit.
3783 4518 3971 4599 Neque

827 4592 966 4642 inter
996 4605 1050 4640 se
1079 4589 1296 4640 collatio
1328 4604 1391 4639 cr
1428 4585 1786 4656 Pliilostorgio
1833 4589 2058 4639 Ariona.

721 4727 927 4794 Impius
971 4742 1138 4795 porro
1175 4726 1266 4778 ille.
1303 4723 1714 4792 Piiiloslorgizls
1761 4731 1958 4776 octavo
1997 4723 2254 4779 Historia!

643 4837 755 4874 sine
794 4822 934 4874 lihro
969 4820 1364 4889 impiissimum
1420 4818 1571 4870 hunc
1623 4817 1962 4871 Eunomium
2014 4817 2256 4872 laudans

646 4917 717 4968 i'a
787 4915 982 4967 scribit
1032 4933 1044 4966 :
1099 4912 1476 4982 Apollinarius
1554 4911 1970 4966 commentariis
2028 4912 2252 4981 quidem

643 5005 1088 5062 t'tillSCl‘lilt‘l‘lliS.
1159 5005 1396 5058 Basilius
1486 5011 1672 5057 autem
1743 5003 2111 5058 concio-tibus
2184 5004 2252 5059 ad

641 5099 906 5168 pupulum
968 5097 1240 5151 habendis
1323 5096 1670 5150 clarissimus
1737 5093 1878 5157 fuit;
1953 5094 2254 5165 Gregorius

641 5208 778 5243 vero
810 5203 1041 5262 utraque
1097 5193 1212 5244 hzec
1274 5189 1340 5243 ab
1397 5199 1638 5257 utroque
1700 5197 1988 5243 mutuatus
2043 5190 2251 5258 majore

645 5301 771 5338 eum
808 5287 1100 5338 \erliorum
1132 5283 1403 5352 elegantia
1467 5282 1735 5352 scripsit:
1781 5295 1947 5359 atque
2015 5283 2254 5338 dicendo

642 5379 869 5448 quidem
907 5395 963 5431 se
1021 5381 1181 5446 longe
1237 5377 1580 5447 Apollinario
1651 5378 2046 5441 maturiorem,
2099 5377 2252 5432 Basi-

645 5475 831 5543 lioque
909 5473 1254 5532 lirmiorem,
1323 5481 1378 5525 et.
1440 5471 1916 5525 vehementiorem
1972 5472 2251 5541 prmslitit.

644 5567 831 5634 itaque
864 5564 1246 5633 Apollinarius
1283 5574 1338 5618 et
1373 5563 1608 5618 Basilius
1634 5564 1903 5619 adversus
1929 5564 2250 5634 Apologiam

643 5658 793 5712 illam
837 5660 1206 5727 scripserunt,
1243 5672 1409 5728 quam
1444 5657 1756 5712 Eunomius
1796 5656 2072 5712 ediderat.
2108 5656 2251 5713 Gre-

644 5756 836 5818 gorius
876 5764 1061 5808 autem
1092 5755 1108 5811 (
1135 5769 1202 5808 ne
1238 5755 1366 5822 quis
1412 5764 1593 5809 tamen
1636 5754 1740 5809 hoc
1772 5753 1839 5807 ad
1893 5752 2249 5824 prudentiam

645 5848 752 5902 viri
811 5847 1304 5906 demonstrandam
1365 5847 1468 5904 sibi
1536 5852 1801 5918 assumm)
1855 5866 1980 5905 cum
2044 5863 2252 5921 cogno-

2363 4631 2514 4686 enitu
2548 4627 2697 4698 quod
2734 4626 2849 4695 ipse
2876 4633 2982 4683 est,
3038 4622 3088 4674 id
3121 4621 3190 4674 ab
3223 4620 3334 4673 ulla
3391 4618 3496 4669 alia
3559 4624 3754 4666 natura
3797 4611 3967 4673 cepit,

2364 4737 2546 4793 neque
2581 4723 2698 4789 ipse
2731 4719 2860 4777 sibi.
2913 4725 2974 4771 ut
3027 4715 3120 4773 sit.
3165 4722 3360 4768 auctor
3398 4709 3523 4762 fuit.
3570 4707 3688 4760 Jam
3741 4705 3783 4755 si
3839 4704 3970 4759 situ,

2364 4829 2425 4872 ttt
2463 4818 2557 4881 sit,
2585 4823 2780 4869 auctor
2822 4814 2940 4882 ipse
2976 4825 3085 4864 non
3114 4807 3241 4868 fuit,
3291 4821 3401 4859 non
3436 4817 3502 4855 eo
3547 4800 3792 4870 quidem.
3840 4794 3969 4860 quia

2364 4921 2559 4967 natura
2601 4909 2674 4963 sit
2709 4904 2996 4965 imbecilli,
3032 4901 3127 4957 sed
3173 4899 3300 4971 quia
3346 4911 3565 4951 omnem
3605 4907 3829 4948 causam
3874 4905 3969 4940 ev-

2363 5014 2626 5076 superet.
2665 5001 2760 5072 qui
2795 5000 2913 5054 fieri
2975 4997 3202 5068 poterit,
3234 5005 3295 5048 ut
3344 4991 3471 5062 quis
3526 4997 3782 5042 naturam
3830 4983 3967 5034 sub-

2361 5100 2672 5157 sistentem,
2700 5097 2751 5148 in
2782 5095 2904 5158 eius
2938 5101 3147 5144 natura:
3174 5103 3202 5142 a
3226 5102 3332 5157 qua
3363 5093 3423 5137 ut
3454 5081 3784 5134 subsisteret
3808 5090 3969 5128 acte-

2361 5193 2462 5264 pit,
2506 5190 2806 5247 essentiam
2845 5183 3081 5240 transire
3131 5178 3421 5236 concedat.
3474 5171 3780 5245 pr:eserli:u
3836 5182 3964 5221 eum

2364 5261 2673 5362 hypostasis
2711 5279 3026 5353 hujusmodi
3054 5269 3487 5348 'generationem
3509 5285 3615 5321 non
3648 5264 3924 5320 tlesiderct
3950 5261 3971 5312 2’

2429 5381 2485 5434 2.
2511 5377 2565 5434 Si
2591 5379 2736 5432 Deus
2765 5375 2884 5428 sine
2914 5372 3018 5425 line
3060 5371 3112 5423 in
3148 5366 3388 5437 ingenita
3415 5372 3609 5417 natttra
3639 5366 3890 5416 maneat.
3916 5363 3972 5409 et

2306 5468 2309 5471 ’
2362 5475 2620 5545 genitura
2677 5472 2796 5524 sine
2833 5467 2938 5521 line
2984 5466 3237 5533 genitura
3286 5468 3392 5515 est.
3437 5467 3587 5511 certe
3635 5465 3962 5523 perversum

2360 5569 2429 5622 de.
2460 5565 2752 5621 homousio
2782 5574 2838 5619 et
2876 5559 3192 5616 hommusio
3223 5555 3420 5624 dogma
3477 5556 3792 5603 evanescet.
3841 5545 3961 5598 Jam

2360 5660 2627 5734 quidquid
2662 5656 2970 5714 substantia
2996 5661 3235 5714 constat,
3264 5649 3336 5703 ita
3365 5645 3641 5703 consistit,
3671 5653 3730 5696 ut
3761 5649 3958 5734 neutra

2361 5733 2416 5811 in
2451 5765 2645 5810 natura
2674 5756 2816 5808 inter
2846 5767 2904 5808 se
2945 5747 3181 5805 conferri
3215 5757 3458 5812 unquam
3496 5738 3686 5810 possit,
3718 5751 3847 5791 eum
3885 5733 3967 5786 ni-

2362 5853 2560 5906 mirutu
2581 5847 2798 5922 propria
2826 5848 2876 5900 in
2901 5855 3109 5901 natura:
3137 5838 3403 5911 dignitate
3422 5835 3539 5890 sine
3563 5831 3666 5887 line
3685 5831 3961 5902 perduret-
