4288 6372
335 383 357 445 ι
371 385 476 448 397

330 590 575 659 genitum
625 598 710 643 est
767 589 1188 657 haudquaquam
1230 587 1473 658 genitum
1518 595 1601 639 est
1649 587 1904 639 essentia:

329 683 626 744 divisione,
677 681 770 734 sed
822 697 886 736 ex
933 681 1195 739 essentia,
1231 681 1278 731 vi
1315 682 1474 748 cujus
1527 679 1576 730 id
1630 679 1899 732 subsistit.

327 775 498 830 Unam
538 777 684 829 enim
715 787 768 829 et
798 777 1044 828 eamdem
1072 777 1366 830 essentiam
1398 773 1637 843 genitam
1672 782 1727 825 et
1757 773 1904 840 inge-

327 867 495 918 nitam
528 882 670 929 esse,
710 867 855 919 nulla
902 867 989 934 pia
1039 868 1249 918 ratione
1289 863 1547 932 cuiquam
1586 859 1903 929 persuaderi

327 967 510 1022 queat.

399 1050 431 1103 4
495 1049 547 1102 Si
591 1049 642 1102 id
686 1052 952 1118 genitum,
986 1049 1130 1118 quod
1161 1059 1245 1103 est
1285 1048 1614 1118 ingenitum,
1643 1047 1774 1114 quid
1811 1043 1909 1098 ob-

328 1150 456 1205 stat,
487 1142 783 1210 quominus
851 1143 900 1194 id
947 1141 1092 1210 quod
1148 1141 1394 1211 genitutn
1440 1149 1554 1197 est.
1606 1137 1906 1207 ingenitum

327 1249 546 1304 quoque
577 1235 696 1288 sit?
732 1233 924 1288 Omnis
969 1235 1115 1287 enim
1167 1241 1359 1286 natura
1413 1229 1641 1299 pronior
1699 1239 1786 1282 est
1841 1226 1906 1280 ad

329 1327 380 1380 id
429 1328 574 1395 quod
624 1327 726 1380 sibi
774 1327 1079 1397 proprium,
1130 1340 1291 1394 quam
1337 1323 1403 1376 ad
1439 1323 1490 1374 id
1522 1321 1668 1392 quod
1709 1321 1911 1390 impro-

289 1409 292 1412 i
329 1418 510 1486 prium
538 1427 640 1472 est.

402 1513 450 1566 5.
491 1512 546 1567 Si
588 1513 732 1566 Deus
765 1522 913 1566 totus
951 1511 1228 1582 ingenitus
1261 1524 1368 1562 non
1403 1517 1508 1570 est,
1545 1508 1680 1561 nihil
1728 1507 1911 1560 obstat

326 1605 625 1674 quominus
674 1605 928 1659 essentia:
958 1618 1070 1667 sua
1101 1605 1152 1655 vi
1201 1601 1476 1672 genuerit.
1532 1601 1599 1652 At
1655 1599 1699 1651 si
1758 1608 1912 1650 tctus

329 1699 606 1767 ingenitus
637 1707 741 1762 est,
785 1696 1212 1766 haudquaquam
1275 1693 1529 1749 essentia:
1558 1693 1609 1744 vi
1651 1691 1718 1744 ad
1750 1706 1913 1758 gene-

329 1788 599 1841 rationem
631 1787 932 1842 distraetus
975 1796 1080 1850 est,
1128 1785 1225 1840 sed
1270 1801 1337 1838 ex
1390 1783 1702 1838 substantia
1757 1782 1911 1852 geni-

327 1886 505 1930 turam
540 1877 820 1946 produxit.

400 1966 452 2020 6.
498 1965 554 2020 Si
585 1968 728 2020 Deus
756 1966 1032 2038 ingenitus
1055 1968 1354 2036 generandi
1384 1967 1432 2018 vi
1476 1965 1737 2036 prmditus
1793 1979 1910 2017 om-

325 2060 461 2114 nino
490 2071 593 2124 est,
626 2061 678 2115 id
711 2063 857 2132 quod
893 2071 982 2116 est
1031 2063 1277 2134 genitum
1330 2048 1758 2131 haudquaquam
1822 2077 1908 2114 es-

327 2156 520 2206 sentia
551 2169 664 2208 sua:
691 2154 745 2208 vi
777 2155 1025 2224 genitum
1054 2163 1158 2219 est,
1198 2170 1327 2208 cum
1353 2171 1414 2208 ea
1439 2156 1764 2208 substantia:
1799 2170 1913 2208 sua:

326 2245 412 2299 vis
455 2247 680 2300 omnino
715 2246 880 2301 insita
906 2246 1000 2306 sit.
1045 2254 1293 2316 generet.
1329 2261 1436 2298 non
1487 2255 1546 2297 ut
1593 2254 1908 2310 generetur.

398 2338 449 2390 7..
496 2337 551 2392 Si
587 2337 970 2408 transﬁgurata
999 2337 1095 2392 Dei
1128 2337 1436 2392 substantia
1490 2336 1662 2390 Filius
1686 2336 1910 2400 dicitur,

326 2446 438 2485 non
469 2446 532 2485 ea
579 2439 730 2486 certe
772 2430 1083 2486 substantia
1131 2431 1250 2500 ejus
1291 2441 1397 2493 est,
1453 2439 1512 2482 ut
1559 2430 1760 2483 mutari
1803 2444 1911 2483 non

327 2526 524 2595 possit,
563 2540 690 2579 cum
715 2539 782 2580 ex
813 2523 1130 2594 hujusmodi
1170 2524 1478 2577 mutatione
1532 2523 1746 2592 species
1791 2523 1913 2575 Filii

326 2619 596 2689 producta
640 2617 732 2672 sit.
771 2618 841 2672 At
888 2617 935 2672 si
983 2618 1075 2672 Dei
1133 2617 1438 2670 susbtantia
1473 2616 1760 2670 mutationi
1817 2617 1916 2671 ob-

328 2711 489 2764 noxia
524 2725 630 2764 non
661 2719 768 2773 est,
799 2724 901 2764 nec
931 2709 1274 2779 generationi
1316 2707 1614 2774 subjicitur
1650 2723 1662 2759 :
1712 2718 1914 2763 natura

331 2802 452 2858 Filii
488 2803 554 2856 ad
591 2805 794 2858 nudam
831 2812 889 2857 et
936 2801 1244 2872 simplicem
1290 2800 1710 2869 appellationem
1761 2818 1919 2872 pror-

327 2911 424 2951 sus
468 2896 768 2967 redigetur.

400 2992 454 3045 8.
499 2990 552 3045 Si
587 2993 838 3062 genitura
875 2993 1204 3060 spermatice
1249 2995 1494 3066 ingenito
1546 2996 1658 3049 Deo
1713 2993 1914 3056 iuerat,

327 3097 392 3136 ea
439 3095 560 3152 post
603 3087 1018 3154 generationem
1048 3088 1398 3142 extrinsecus
1430 3096 1710 3155 assumpta
1744 3085 1796 3137 in
1825 3084 1919 3137 ho-

1597 381 1984 442 THESAURI
2036 385 2182 442 LIB.
2232 388 2295 444 ι’.

402 499 453 551 3.
499 497 552 550 Si
595 497 734 550 licus
760 496 1063 550 substant‘a
1101 511 1194 549 sua
1235 495 1508 563 ingenitus
1534 505 1638 554 est,
1673 496 1724 546 in
1758 494 1904 561 quod
1941 495 1986 550 Α

1940 1828 1987 1886 Β

3459 384 3590 445 Ῑζιθὲἓ

2086 495 2174 548 15.
2210 496 2261 549 Si
2299 506 2490 548 natura
2536 498 2772 564 ingenita
2810 496 3147 563 generationi
3185 509 3294 549 non
3337 494 3505 554 εειιιι,
3539 497 3588 546 id

2013 588 2188 655 ipsum
2223 600 2325 642 est.
2352 590 2496 656 quod
2529 599 2581 641 et
2615 591 2820 642 dieitur
2853 610 2859 641 :
2894 601 2946 642 at
2979 591 3021 643 si
3046 588 3389 659 generationi
3423 589 3588 647 cedit,

2009 692 2074 728 eo
2117 677 2196 737 fit,
2233 687 2288 728 ut
2341 680 2714 742 generationis
2769 679 3091 732 affectiones
3145 683 3252 731 sint
3303 679 3585 746 hypostam

2009 767 2191 822 divina
2231 772 2654 836 prmstantiores.

2084 863 2170 916 Η.
2217 863 2270 915 Si
2325 866 2589 931 genitura:
2640 877 2832 919 natura
2890 867 3246 920 immutabilis
3301 874 3400 923 est,
3463 880 3596 930 pto-

2010 967 2130 1020 pter
2164 972 2288 1008 cum
2322 958 2412 1026 qui
2461 960 2669 1025 genuit,
2717 961 3015 1026 ingenitum
3053 961 3195 1012 haul
3234 958 3400 1010 dubie
3457 957 3589 1009 sub-

2012 1051 2210 1103 stantia
2251 1051 2609 1104 immutabilis
2650 1063 2752 1112 est,
2793 1070 2898 1104 non
2931 1055 3138 1105 ratione
3187 1050 3506 1106 voluntatis.
3536 1061 3589 1099 al

2015 1141 2317 1210 dignitatis.
2351 1159 2470 1209 qua:
2503 1144 2825 1196 substantia:
2862 1145 3019 1196 inest.

2088 1235 2170 1289 13.
2219 1235 2270 1287 Si
2322 1251 2519 1289 nomen
2575 1235 2798 1298 ingeniti
2861 1234 3226 1285 substantiam
3285 1233 3592 1293 signiticet,

2015 1330 2208 1383 merito
2260 1329 2581 1383 substantias
2614 1330 2864 1396 genitura
2898 1328 3198 1395 Opponitnr
3231 1343 3242 1377 :
3288 1337 3341 1378 at
3374 1327 3414 1377 si
3457 1325 3592 1374 nihil

2015 1423 2286 1492 significet.
2321 1423 2647 1489 ingenitum.
2711 1423 2882 1473 multo
2941 1422 3113 1488 magis
3165 1420 3416 1482 genitura
3459 1417 3596 1468 nihil

2016 1513 2308 1582 significat.
2338 1513 2455 1566 Jatn
2494 1512 2586 1580 qui
2633 1511 2747 1563 fieri
2783 1521 2982 1578 potest,
3027 1520 3080 1562 ut
3144 1510 3319 1562 nihilo
3366 1509 3599 1559 nihilum

2017 1614 2328 1674 opponatur
2352 1605 2372 1656 ?

2093 1699 2177 1750 Ui.
2217 1698 2271 1751 Si
2311 1697 2689 1764 pronuntiatio
2741 1697 2980 1760 ingenita
3027 1695 3223 1762 genita:
3279 1693 3605 1760 pronuntia-

2019 1791 2153 1844 tioni
2215 1790 2554 1855 opponitur,
2610 1790 2829 1841 Silentio
2883 1786 3388 1854 pronimtiationetn
3452 1783 3596 1835 exei-

2018 1883 2201 1952 piente
2263 1881 2550 1946 contingit.
2613 1890 2672 1933 ut
2731 1879 2820 1931 fiat
2871 1889 2927 1932 et
2986 1890 3279 1931 evanescat
3350 1877 3607 1928 christia-

2017 1990 2214 2028 norum
2252 1989 2379 2042 spes
2426 1973 2479 2024 in
2517 1972 2735 2024 diversa
2791 1971 3245 2038 pronuntiatione
3302 1973 3441 2028 sita,
3496 1984 3604 2020 non

2017 2079 2198 2118 autern
2239 2066 2289 2117 in
2333 2065 2566 2117 naturis.
2596 2080 2716 2131 quire
2761 2064 2830 2116 ita
2863 2078 2918 2116 se
2954 2063 3183 2125 habent,
3224 2073 3279 2115 ut
3318 2062 3608 2114 nominum

2017 2160 2342 2227 significatio
2376 2158 2631 2224 requirit.

2096 2251 2176 2303 t7.
2223 2249 2275 2302 Si
2344 2251 2410 2302 ad
2466 2250 2788 2302 substantiae
2859 2248 3234 2317 prmstanliam
3303 2246 3607 2313 ingenitum

2019 2344 2153 2397 nihil
2221 2343 2456 2411 amplius
2517 2342 2629 2409 ipsa
2686 2343 2933 2407 genitura
2990 2342 3224 2402 tribuit,
3284 2355 3350 2392 eo
3396 2343 3499 2397 lit.
3554 2349 3612 2391 ιιι

2019 2438 2194 2492 Filius
2263 2436 2715 2504 pronuntiatione
2786 2435 2900 2488 sola
2956 2446 3221 2502 DI‘IPSlztllS
3285 2448 3379 2483 eos
3430 2432 3612 2497 scipm

2020 2529 2278 2582 meliores
2319 2527 2724 2595 deprehendat.
2751 2527 2842 2596 qui
2880 2528 3157 2587 invocant,
3197 2540 3304 2578 non
3337 2539 3485 2582 eum,
3517 2523 3610 2590 qui

2019 2632 2073 2677 et
2113 2623 2256 2676 Deus
2290 2631 2345 2675 et
2378 2622 2536 2677 Pater
2569 2624 2688 2691 ejus
2719 2622 3026 2674 invocatur.

2093 2716 2178 2769 18.
2223 2715 2279 2769 Si
2311 2723 2506 2767 natura
2550 2715 2793 2782 ingenita
2855 2711 3210 2782 prmstantior
3265 2720 3348 2765 est
3383 2725 3617 2779 genera-

2024 2809 2192 2869 tione,
2235 2811 2438 2877 quippe
2479 2823 2606 2875 quae
2650 2808 2776 2875 jure
2810 2807 2965 2875 quasi
3023 2803 3379 2858 hmreditario
3426 2803 3617 2857 sortita

2024 2905 2095 2956 sit
2130 2903 2182 2956 id
2225 2902 2371 2972 quod
2424 2901 2777 2969 praestantius
2821 2907 2926 2964 est,
2956 2915 3020 2953 eo
3069 2899 3151 2964 fit,
3182 2907 3239 2950 ut
3275 2914 3372 2965 per
3405 2913 3459 2950 se
3485 2897 3619 2950 sub-

2023 2997 2224 3051 stantia
2265 2996 2508 3065 ingenita
2548 2997 2640 3048 sit.
2676 2993 2778 3059 Qui
2807 2994 2956 3046 enim
2996 2993 3135 3051 vult,
3171 3007 3276 3043 non
3316 2991 3442 3058 quia
3480 2993 3616 3050 vult,

2026 3091 2234 3144 idcirco
2264 3089 2619 3158 generatione
2667 3086 3014 3154 ιιι-διειληιὶοτ
3060 3095 3166 3146 εει,
3210 3084 3304 3137 sed
3349 3083 3474 3142 quia
3544 3085 3615 3135 ita

329 3177 570 3237 minent,
643 3184 703 3227 ut
757 3175 829 3229 ita
882 3175 1102 3240 dicam,
1148 3178 1368 3231 evasit:
1429 3188 1581 3232 certe
1636 3171 1990 3246 perfectusC
2025 3191 2220 3235 natura
2254 3189 2605 3248 comparatus
2634 3186 2737 3230 est.
2801 3178 2989 3245 itaque
3036 3177 3349 3230 substantia
3410 3192 3507 3242 per
3559 3190 3613 3228 se

327 3279 410 3320 est
447 3267 620 3321 Filius
649 3282 756 3320 non
806 3268 872 3321 iis
901 3284 968 3321 ex
1021 3270 1225 3337 quibus
1266 3272 1484 3335 genitus
1525 3281 1644 3329 est.
1699 3268 1794 3322 sed
1849 3270 1916 3320 iis

329 3373 449 3425 qua:
500 3357 816 3426 assumpsit.
867 3358 998 3422 Qum
1051 3361 1200 3413 enim
1259 3375 1325 3412 ex
1371 3359 1438 3414 iis
1485 3375 1605 3427 qua:
1652 3368 1782 3412 sunt
1831 3360 1916 3413 sui

327 3448 548 3514 generis
595 3455 908 3508 aSsumunt.
961 3465 1027 3502 ea
1087 3459 1345 3518 tanquam
1399 3465 1465 3504 ex
1507 3450 1748 3518 propriis
1781 3463 1916 3502 con-
1954 3437 1957 3439 ’

329 3542 530 3594 stantia
571 3541 799 3609 perfecti
851 3557 1050 3596 nomen
1089 3543 1446 3596 multifariam
1507 3543 1915 3610 adipiscuntur.

397 3635 450 3689 ft.
495 3635 552 3688 Si
587 3636 828 3703 perfecta
860 3646 1008 3688 esset
1035 3637 1312 3704 genitura,
1348 3647 1496 3690 certe
1547 3637 1600 3689 in
1644 3651 1711 3690 eo
1763 3636 1912 3706 quod

329 3731 573 3793 genitum
605 3737 689 3783 est
714 3729 966 3795 genitura
1027 3729 1377 3792 consisteret,
1424 3745 1532 3782 non
1571 3729 1637 3782 iis
1683 3744 1748 3782 ex
1795 3728 1920 3798 qui-

330 3822 434 3876 bus
482 3822 760 3892 ingenitus
807 3821 922 3890 ipse
975 3821 1192 3887 genuit.
1233 3820 1345 3874 Nec
1375 3821 1524 3874 enim
1561 3820 1678 3874 fieri
1718 3832 1917 3891 potest,

333 3927 392 3969 ut
420 3917 600 3985 genita
633 3926 831 3968 natura
879 3915 1124 3983 ingenito
1177 3914 1554 3968 essentialiter
1595 3914 1743 3967 insit.
1781 3913 1915 3968 Nam

331 4007 436 4060 hoc
482 4007 625 4060 idem
658 4006 846 4066 fuerit,
881 4002 1046 4074 atque
1099 4006 1144 4060 si
1193 4006 1478 4076 quidpiam
1523 4021 1646 4061 esse
1693 4016 1748 4059 et
1809 4024 1918 4060 non

328 4113 451 4151 esse
487 4097 738 4174 dicatur;
776 4097 1048 4166 siquidem
1091 4099 1342 4166 genitura
1392 4097 1635 4168 ingenita
1673 4113 1779 4152 non
1810 4106 1916 4158 est,

328 4191 564 4259 etquod
617 4191 1076 4258 ingenitumest,
1128 4190 1382 4257 genitura
1436 4206 1544 4243 non
1605 4190 1728 4243 fuit.
1786 4192 1916 4244 Par-

332 4279 468 4329 tium
515 4278 663 4331 enim
699 4277 1090 4332 dissimilitudo
1143 4280 1196 4331 in
1228 4279 1340 4333 Deo
1393 4281 1633 4349 speciem
1668 4281 1922 4349 blasphe-

331 4369 455 4423 mia:
487 4380 544 4422 et
586 4372 934 4424 contumelia-
963 4387 1071 4439 prae
1099 4385 1157 4424 se
1187 4371 1311 4425 fert.

405 4461 489 4514 l0.
528 4461 582 4515 Si
619 4461 765 4516 Deus
800 4462 1190 4531 omnipotens:
1244 4479 1368 4518 cmn
1418 4464 1490 4517 sit
1541 4464 1798 4534 ingenita:
1829 4480 1923 4518 na-

330 4565 488 4614 turne,
525 4552 706 4624 genita
739 4570 798 4608 se
843 4565 1038 4609 natura
1071 4571 1193 4610 esse
1237 4557 1451 4626 ignorat
1481 4573 1496 4612 :
1539 4567 1595 4611 et
1623 4558 1666 4611 si
1722 4558 1918 4622 Filius,
1954 4547 2000 4602 ο

327 4663 452 4699 eum
507 4648 578 4700 sit
627 4648 824 4716 genitze
855 4660 1088 4712 na:ura-,
1133 4651 1377 4718 seipsum
1412 4650 1464 4705 id
1505 4666 1627 4705 esse
1656 4653 1801 4720 quoil
1835 4664 1922 4706 est

329 4743 636 4806 cognoscit,
695 4741 788 4809 qui
838 4740 956 4794 fieri
992 4751 1189 4809 potest,
1245 4744 1378 4811 quin
1434 4744 1763 4798 homousion
1821 4743 1929 4798 [ιιι-⁸

329 4848 449 4884 sum
486 4833 600 4897 sit,
652 4847 776 4886 cum
835 4833 924 4887 ille
977 4833 1322 4912 ingenitum,
1373 4836 1462 4889 hic
1511 4839 1756 4907 genitum
1798 4854 1921 4892 esse

329 4925 503 4978 δεῖξιιῖ

402 5019 485 5071 ΙΙ.
535 5021 590 5071 Si
625 5020 797 5074 dictio
835 5021 1134 5088 ingenitum
1169 5022 1506 5091 hyposiasitu
1543 5025 1634 5076 Dei
1675 5042 1782 5077 ιισιιι
1829 5030 1920 5075 ιερ-

330 5122 505 5171 nutet,
538 5112 633 5166 sed
661 5128 861 5167 nomen
895 5113 1028 5169 illud
1062 5114 1489 5185 incomparabile
1520 5117 1584 5171 ad
1624 5118 1918 5172 humanam

330 5205 648 5274 opinionem
698 5206 1005 5271 referatur,
1061 5223 1128 5262 eo
1165 5212 1244 5271 lit,
1307 5220 1365 5262 ut
1421 5211 1486 5263 iis
1526 5211 1618 5278 qui
1656 5213 1917 5280 opinione

328 5297 534 5365 aliquid
585 5307 980 5366 assequuntur,
1031 5301 1234 5368 gratias
1297 5300 1440 5354 Deus
1487 5311 1646 5371 agat,
1707 5304 1920 5358 ratione

327 5386 604 5454 opinionis
633 5389 891 5457 ingenita:
922 5409 933 5443 :
973 5405 1098 5444 cum
1132 5391 1373 5446 nominis
1411 5392 1573 5463 hujus
1600 5395 1919 5464 dignitatem

329 5481 382 5534 in
413 5482 654 5537 essentia
687 5499 797 5536 non
836 5486 999 5538 ferat.

403 5575 488 5628 12.
531 5574 586 5629 Si
643 5579 986 5634 extrinsecus
1032 5581 1338 5652 ingenitum
1403 5584 1456 5637 in
1511 5584 1620 5638 Doo
1668 5587 1921 5638 conside—

327 5679 500 5734 retur,
535 5670 568 5722 ii
605 5673 698 5740 qui
737 5673 1305 5731 consideravcrintco
1328 5680 1473 5748 quod
1506 5681 1916 5734 considet-arum

325 5759 496 5814 fuerit
539 5766 949 5830 prmslautiorcs
977 5777 1159 5826 erunt,
1201 5783 1326 5822 cum
1365 5786 1588 5833 nomen,
1623 5775 1769 5841 quvi!
1803 5768 1915 5830 Deo

296 5858 842 5920 prrstantissiutum
888 5861 1132 5914 omnium
1173 5873 1277 5918 νει.
1315 5863 1414 5917 sibi
1451 5880 1890 5931 eoiupaiaverw:

2024 3275 2355 3332 subsistens.
2407 3273 2687 3340 ingenitus
2728 3271 2895 3332 Deus,
2930 3269 3036 3322 ulla
3072 3270 3286 3321 ratione
3323 3269 3614 3336 permittit,

2024 3376 2082 3419 ut
2134 3374 2322 3419 contra
2397 3366 2637 3431 seipsam
2697 3361 2981 3430 generatio
3046 3360 3424 3426 intelligatur,
3477 3359 3617 3410 fera-

2023 3471 2220 3526 turque
2257 3473 2355 3525 pro
2403 3456 2633 3509 arbitrio
2673 3464 2728 3508 et
2789 3452 3058 3507 sententia
3115 3466 3305 3504 eorum
3343 3466 3466 3520 qua:
3517 3465 3614 3519 ge-

2023 3553 2138 3605 nita
2189 3561 2340 3604 sunt.

2100 3646 2186 3697 ιι).
2229 3645 2281 3697 Si
2319 3644 2619 3708 ingenitum
2669 3644 2720 3696 in
2779 3645 2889 3698 Deo
2937 3644 3306 3714 privationem
3367 3641 3614 3701 denotet,

2025 3739 2114 3807 qui
2157 3737 2273 3791 ﬁeri
2334 3737 2531 3806 poterit
2558 3776 2570 3797 ,
2636 3748 2695 3789 ut
2759 3738 2992 3791 nihilum
3051 3739 3117 3790 ab
3153 3751 3218 3788 eo
3251 3743 3572 3788 secernatur
3607 3770 3621 3792 ,

2024 3831 2169 3898 quod
2211 3844 2480 3896 nusquam
2515 3829 2620 3881 est?
2651 3828 2810 3894 Quod
2845 3830 2888 3884 si
2920 3834 2982 3881 τὸ
3013 3830 3094 3892 ὃν,
3125 3843 3218 3882 seu
3253 3827 3303 3879 id
3337 3823 3482 3894 quod
3517 3834 3625 3887 est,

2027 3921 2318 3990 significet,
2358 3925 2502 3991 quis,
2539 3937 2744 3988 qua-so,
2789 3921 2984 3985 Deum,
3011 3922 3106 3990 qui
3151 3931 3256 3980 est,
3300 3918 3367 3971 ab
3397 3934 3465 3970 eo
3500 3916 3620 3984 ipso

2026 4014 2170 4083 quod
2203 4018 2316 4083 ipse
2349 4024 2432 4067 est
2464 4012 2788 4082 separabit?

2095 4107 2187 4159 ‘20.
2232 4109 2283 4159 Si
2328 4107 2672 4173 privationes
2703 4105 2837 4159 nihil
2877 4107 3023 4160 aliud
3073 4107 3205 4168 sint,
3253 4122 3416 4174 quam
3467 4105 3624 4157 habi-

2025 4210 2179 4253 tuum
2219 4201 2548 4262 ablationes,
2604 4211 2754 4253 certe
2814 4200 3116 4269 ingenitum
3173 4201 3328 4258 illud,
3361 4201 3506 4269 quod
3569 4201 3621 4252 in

2026 4294 2138 4347 Deo
2172 4301 2275 4354 est,
2308 4304 2398 4345 aut
2431 4291 2652 4346 habitus
2689 4294 2947 4361 privatio,
3001 4305 3100 4355 aut
3159 4293 3485 4361 prixationis
3522 4292 3623 4346 ha-

2028 4385 2176 4438 bitus
2224 4393 2328 4436 est.
2381 4384 2498 4436 .lam
2561 4384 2604 4436 si
2654 4384 2877 4438 habitus
2916 4385 3155 4452 privatio
3204 4386 3297 4446 sit,
3353 4386 3445 4449 qui
3505 4385 3624 4439 ﬁeri

2029 4476 2251 4546 poterit,
2298 4483 2354 4527 ιιι
2395 4475 2541 4542 quod
2593 4490 2700 4526 non
2749 4477 2927 4536 adest,
2987 4485 3248 4544 tanquam
3297 4476 3462 4534 adsit.
3520 4478 3630 4530 Deo

2031 4569 2455 4623 adnumeretur‘!
2522 4568 2618 4620 Sin
2667 4578 2849 4620 autem
2903 4568 3210 4636 ingenitum
3249 4579 3331 4622 est
3380 4569 3628 4628 habitus.

2029 4677 2253 4714 necesse
2285 4670 2368 4714 est
2399 4661 2640 4731 genitam
2691 4660 3059 4714 substantiam
3112 4676 3629 4729 prmsupponanms,

2031 4765 2088 4806 ιιι
2127 4753 2315 4806 habitu
2357 4754 2503 4807 hunc
2538 4753 2589 4804 in
2632 4741 2860 4806 modum
2893 4763 3206 4822 assumpto,
3259 4754 3501 4821 ingenita
3536 4771 3631 4805 ii.)-

2031 4845 2298 4897 minetur.

2099 4935 2197 4988 :ll;
2227 4934 2282 4988 Si
2318 4936 2498 5004 genita
2529 4935 2788 5004 ingenita:
2828 4934 3152 4989 substantia:
3213 4934 3488 5002 paiticeps
3522 4947 3625 4993 esi,

2031 5030 2251 5081 habitus
2308 5029 2678 5093 abiectionem
2735 5043 2915 5093 passa,
2970 5027 3114 5079 haud
3170 5027 3341 5080 dubie
3396 5025 3624 5094 ingeniti

2030 5124 2290 5176 facultate
2326 5124 2595 5190 privatur,
2631 5121 2703 5175 ita
2738 5130 2796 5174 ut
2822 5121 3006 5190 genita
3041 5120 3265 5189 ιιιιίιιυιιι
3316 5120 3624 5172 substantia

2029 5221 2120 5278 sit,
2163 5215 2469 5284 ingenitum
2505 5226 2688 5268 autem
2741 5214 2990 5268 habitus.
3055 5213 3209 5277 Quod
3271 5217 3313 5263 si
3371 5214 3622 5280 genitura

2031 5310 2320 5362 transitum
2356 5308 2646 5378 signiticat,
2687 5306 2894 5376 quippe
2932 5321 3054 5375 qua:
3082 5305 3330 5357 habitum
3380 5306 3628 5361 denotet,

2027 5403 2111 5455 vel
2168 5417 2234 5456 ex
2293 5403 2535 5456 essentia
2589 5401 2850 5471 quapiam
2897 5409 3135 5461 constat,
3184 5401 3267 5451 vel
3313 5400 3412 5452 hoc
3449 5399 3626 5466 ipsum

2028 5504 2132 5552 est,
2167 5498 2314 5561 quod
2351 5482 2604 5560 genitura
2636 5494 2860 5548 dicitur.

2097 5588 2188 5640 ἓξὲξ.
2232 5586 2290 5640 Si
2323 5589 2626 5650 ingenitum
2690 5587 2929 5648 habitus,
2986 5599 3042 5640 et
3093 5587 3339 5652 genitum
3404 5587 3628 5640 habitus

2028 5693 2130 5732 est.
2168 5682 2359 5748 procul
2394 5682 2563 5732 dubio
2609 5682 2864 5734 essentizc.
2911 5693 3035 5733 sunt
3073 5682 3354 5733 habilibus
3393 5684 3627 5749 priores,

2031 5777 2250 5832 habitus
2294 5785 2479 5828 autem
2535 5777 2790 5829 essentiis
2847 5778 3223 5844 posteriores,
3261 5786 3443 5827 utrum
3503 5790 3631 5844 ergo

2033 5871 2608 5924 honitrattorifsT’Jatu
2661 5870 2702 5925 si
2761 5871 2929 5936 geniti
2983 5888 3148 5926 ιςιιιείι
3200 5871 3265 5922 sit
3326 5873 3631 5936 ingenitum
