4288 6372
338 410 472 476 “Ol

1600 406 1995 470 THESAURI
2049 411 2197 473 LIB.
2243 415 2284 471 V

3478 411 3613 476 1402

336 522 673 589 colophona
711 522 812 585 :hi
847 532 999 583 sunt.
1031 522 1127 590 qui
1179 522 1339 588 primi
1382 531 1585 573 sanctae
1624 520 1914 573 Trinitatis
1944 528 1987 576 Λ
2018 528 2285 574 strarunt.
2348 524 2433 575 Ait
2483 525 2632 574 enim
2670 524 2755 576 ille
2803 540 2818 577 :
2875 523 2977 586 Qui
3029 524 3168 574 uidet
3231 540 3330 585 me.
3371 526 3507 576 videt
3550 534 3600 577 at

338 618 516 670 varias
546 614 602 666 in
636 613 928 682 Opiniones
957 622 1013 667 et
1069 614 1338 665 essi-ntias
1383 612 1777 664 dissectionem
1834 612 1920 663 in-

336 714 633 767 severunt;
668 705 721 757 lii
753 703 995 773 denique
1049 713 1203 764 sunt.
1231 704 1325 771 qui
1361 703 1570 756 zizania
1622 704 1920 770 purissimo

337 799 554 863 pictatis
607 796 790 849 tritico
850 796 1371 865 superseminarunt
1418 804 1475 847 et
1529 795 1916 853 escoluernnt.

340 902 459 954 quae
483 887 704 954 quidem
738 887 906 941 Arius
958 887 1255 955 plantavit.
1286 886 1480 939 Aelius
1542 887 1773 955 rigavit.
1810 885 1921 937 Eu-

342 977 556 1030 n0niins
585 976 812 1031 adauxit
842 995 854 1029 :
895 993 1131 1046 quorum
1173 976 1385 1029 fructus
1410 984 1516 1032 est.
1543 986 1601 1028 ut
1649 975 1921 1029 creaturis

338 1071 565 1122 tireator
592 1080 974 1130 accenseatur.
1013 1081 1069 1122 et
1120 1069 1289 1122 Filius
1343 1068 1568 1135 quidem
1606 1085 1636 1121 a
1662 1068 1920 1121 substan-

346 1164 417 1213 tia
454 1160 629 1214 Patris
659 1162 950 1219 alienctur.
994 1162 1061 1213 ab
1096 1176 1272 1229 eoque
1318 1157 1562 1227 Spiritus
1586 1158 1920 1227 quibusdam

345 1252 498 1319 quasi
541 1251 800 1320 gradibus
844 1251 959 1304 dill‘t
981 1260 1083 1303 rat.
1123 1250 1395 1304 Castcrum
1433 1250 1486 1301 bi
1519 1249 1742 1316 quidem
1803 1250 1921 1299 lru-

343 1352 452 1396 stra
490 1354 546 1393 et
600 1354 805 1395 temere
854 1353 1047 1394 contra
1096 1340 1378 1395 Christum
1433 1341 1819 1401 fremuerunt.
1870 1350 1924 1391 et

299 1426 305 1434 ’
343 1432 631 1500 οιιῐιιίυιιι·ε
658 1434 853 1499 impias
878 1433 931 1485 in
963 1435 1189 1495 cretum.
1223 1433 1325 1484 hoc
1358 1440 1443 1484 est
1467 1431 1778 1484 divinitatis
1807 1430 1926 1497 ejus

340 1524 690 1577 altitudinem
731 1534 920 1577 contra
959 1540 1122 1593 quam
1165 1540 1263 1593 par
1305 1535 1425 1576 cra:
1479 1523 1736 1592 ejaculati
1771 1532 1921 1583 sunt.

345 1614 528 1682 lingua
565 1617 739 1684 instat;
773 1616 925 1668 nervi
989 1631 1149 1669 arcus
1187 1618 1393 1669 intenta
1428 1632 1440 1667 τ
1488 1614 1577 1666 ille
1609 1629 1742 1666 vero
1773 1624 1924 1664 cura

346 1709 438 1760 teli
462 1711 665 1777 jactum
700 1724 930 1763 mancus
964 1709 1438 1789 (quandoquidem
1474 1707 1780 1761 divinitatis
1806 1707 1925 1777 ej-is

343 1800 665 1855 excellentia
705 1803 877 1855 caelos
925 1802 1284 1868 transcendit)
1324 1799 1707 1868 majoreljuxta
1744 1808 1798 1852 et
1827 1814 1923 1850 an-

345 1891 591 1959 gustiore
624 1891 794 1960 gloria
847 1891 1229 1959 rrsplenduit.
1275 1906 1468 1943 eorum
1533 1905 1701 1943 arcus
1740 1901 1926 1943 eonte-

346 1995 500 2037 rens.
521 1992 575 2035 et
604 1982 1152 2047 confringensarma.
1174 1994 1229 2036 et
1251 1994 1405 2035 scuta
1433 1982 1765 2035 comburens
1793 1982 1929 2051 igni-

348 2073 489 2127 tae”
539 2074 764 2126 Patrum
835 2075 1126 2143 theologia;
1185 2063 1579 2137 adminiculop
1625 2087 1829 2143 atque.
1871 2082 1930 2127 ut

347 2167 420 2221 ita
456 2167 654 2229 dicam.
688 2168 973 2221 farculenta
1003 2183 1194 2221 eorum
1248 2171 1415 2220 verba
1440 2168 1745 2221 exsiccans.

417 2260 556 2324 Quid
593 2259 737 2312 enim
768 2259 899 2319 Arii.
937 2258 1100 2319 Aetii.
1128 2269 1183 2311 et
1216 2257 1471 2311 Eunoinii
1514 2258 1790 2325 degmatis
1838 2256 1931 2311 fa:-

347 2351 625 2403 cutentius
647 2361 755 2414 est.
819 2367 942 2420 quae
973 2350 1199 2420 quidem
1235 2362 1350 2404 tum
1392 2351 1446 2404 in
1499 2351 1728 2403 historia
1760 2350 1830 2404 de
1866 2350 1930 2404 iis

346 2443 670 2497 elucubrata
702 2444 1256 2512 comprehendimus.
1304 2453 1417 2497 tum
1471 2444 1771 2498 dilucidius
1808 2458 1933 2497 ora-

347 2535 499 2588 tione
548 2536 801 2605 sequenti
854 2536 1305 2605 explanabimus.
1346 2538 1429 2591 eis
1476 2538 1751 2590 contraria
1802 2537 1935 2589 sub-

345 2628 657 2698 jungentcs.
693 2636 753 2681 ut
799 2628 1015 2683 inanem
1049 2646 1242 2685 eorum
1279 2630 1667 2697 loquacitatem
1716 2631 1935 2685 refella-

351 2735 496 2781 mus.
529 2730 585 2773 et
634 2737 702 2775 ne
738 2722 864 2787 quis
914 2722 966 2774 in
1000 2737 1063 2775 ea
1091 2724 1373 2791 impingat.
1405 2738 1527 2792 qui!
1552 2716 1649 2776 'isti
1688 2725 1807 2776 sine
1851 2740 1937 2776 ra-

280 2852 285 2856 .
352 2812 504 2866 tione
539 2822 595 2865 et
651 2814 919 2881 sapientia
969 2823 1161 2869 contra
1191 2802 1455 2869 ’Verbum
1503 2826 1559 2869 et
1605 2817 1933 2884 sapientiam

350 2901 745 2958 cn‘utiveruut?

996 3019 1146 3076 CAP.
1180 3022 1316 3075 XLI.

351 3105 620 3184 Capitibus
653 3112 917 3184 hrrrrseon
943 3112 1078 3173 Arii.
1133 3114 1379 3165 Eunomii
1424 3124 1475 3165 et
1525 3117 1661 3168 Aetii
1695 3117 1937 3184 expositis

448 3181 570 3256 jum
604 3183 674 3233 ad
712 3185 908 3235 seriam
949 3187 1251 3237 earumdem
1285 3187 1703 3253 confutatiouem
1753 3181 1940 3256 aggre-

456 3253 625 3304 ditur.

425 3362 730 3432 Obiiciebat
768 3366 953 3425 Arius.
998 3377 1058 3419 ut
1108 3369 1328 3432 etmjns
1371 3370 1595 3423 assecl'e
1650 3373 1839 3424 Aelius
1885 3383 1940 3425 it

352 3454 698 3510 Eunomius:
734 3458 853 3511 Non
882 3473 1099 3524 semper
1137 3460 1279 3514 Deus
1318 3461 1482 3514 Pater
1527 3462 1662 3521 l'uit.
1697 3464 1791 3515 sed
1834 3463 1938 3517 fuit

353 3558 590 3616 tempus,
624 3563 735 3618 quo
772 3549 934 3604 Pater
956 3564 1064 3602 non
1099 3548 1222 3605 fuit.
1259 3550 1485 3614 Quodsi
1523 3552 1687 3606 Pater
1724 3570 1937 3621 semper

350 3649 407 3693 et
437 3640 508 3693 ab
537 3641 695 3694 iuitio
734 3655 841 3694 non
873 3640 1061 3701 fuerit.
1116 3658 1297 3711 neque
1333 3642 1504 3697 Filius
1530 3644 1598 3696 ab
1630 3645 1789 3698 initio
1812 3661 1940 3698 eon-

352 3740 746 3800 temporaneus
769 3743 1187 3802 coaeternusque
1229 3735 1399 3791 Patri.
1426 3735 1522 3789 sed
1567 3747 1680 3789 tum
1717 3737 1938 3790 domum

350 3835 543 3894 postea
570 3866 585 3888 .
616 3840 741 3879 cum
791 3825 901 3879 Deo
937 3840 1035 3894 per
1090 3825 1291 3880 Filium
1318 3829 1575 3896 angelos.
1611 3837 1665 3882 et
1709 3846 1830 3888 nos.
1885 3840 1941 3883 et

351 3918 538 3970 omnia
569 3931 693 3986 qua
723 3925 854 3971 sunt
885 3917 941 3971 in
986 3920 1217 3980 mundo.
1258 3934 1448 3973 creare
1479 3920 1683 3988 placuit
1725 3939 1739 3974 :
1791 3936 1942 3976 certe

350 4018 608 4063 creatura
672 4010 810 4074 luit.
845 4020 1013 4081 atque
1049 4021 1291 4079 paternae
1347 4013 1673 4067 substantiae
1722 4031 1937 4082 expers.

350 4099 524 4155 Porro
573 4101 815 4156 Verbum
862 4102 1049 4158 dictus
1098 4112 1217 4166 est.
1266 4104 1478 4157 ratione
1532 4117 1936 4167 creatururttttt,

349 4206 474 4262 quae
498 4184 892 4249 sunt-rationis
940 4195 1264 4264 participes.
1308 4196 1568 4248 nimirum
1620 4197 1937 4265 angelorum

2027 611 2241 664 I'ntrcm
2274 617 2338 666 “’.
2375 616 2503 667 ltcnt
2538 633 2548 667 :
2598 614 2708 684 Ego
2732 617 2786 668 in
2816 616 2995 674 Putre.
3049 625 3096 667 et
3145 615 3305 667 Pater
3332 617 3385 666 in
3420 632 3500 665 me
3526 621 3610 681 θ’,

2021 707 2223 771 quibus
2277 709 2460 760 verbis
2514 710 2704 762 cadent
2780 712 3066 775 utriusque.
3112 708 3424 761 substantia
3486 722 3613 775 per-

2022 798 2212 857 spicue
2256 801 2661 854 subindicatnr.
2718 801 2781 852 l-lt
2837 802 3169 854 eiaiiui-lista
3221 800 3462 852 Joannes
3517 812 3618 849 ειο

2022 900 2222 942 mantat
2256 907 2268 940 :
2324 891 2382 942 In
2417 894 2676 958 principio
2702 902 2815 943 erat
2861 890 3108 949 Verbum.
3141 899 3189 941 et
3230 889 3453 941 Verbum
3496 895 3615 937 crat

2024 983 2166 1045 apud
2211 981 2395 1039 Deum.
2424 994 2470 1034 et
2503 983 2636 1035 Deus
2669 996 2785 1034 erat
2820 984 3041 1035 Verbum
3070 984 3117 1013 “
3154 1001 3163 1032 :
3204 996 3440 1048 moxque
3463 980 3609 1032 dii-ta

2026 1074 2357 1125 ciuilii'mazis
2418 1075 2689 1126 sn'ainfert
2731 1091 2741 1123 :
2781 1075 2872 1126 llic
2902 1085 3014 1124 ornt
3071 1077 3121 1126 in
3156 1073 3414 1141 principio
3470 1072 3614 1138 apud

2028 1162 2282 1224 Deum".
2324 1166 2440 1216 sive
2480 1164 2532 1216 in
2569 1165 2698 1217 Duo.
2739 1166 3089 1231 Ulterinsque
3139 1178 3468 1232 progressus
3521 1162 3618 1213 do-

2026 1265 2135 1313 cet.
2177 1255 2322 1321 quod
2362 1255 2669 1322 L’uigcnitus
2709 1258 2855 1307 illius
2882 1299 2893 1315 .
2928 1257 3017 1323 qui
3059 1265 3133 1307 est
3170 1258 3225 1306 in
3272 1258 3391 1307 sinu
3440 1254 3616 1307 Patris

2027 1345 2136 1409 ipse
2196 1359 2469 1399 enarravit
2504 1348 2568 1399 δ’.
2620 1348 2807 1415 Itaque
2870 1351 2912 1399 si
2965 1364 3094 1401 vere
3144 1347 3281 1399 dicit
3340 1347 3617 1406 Christus.

2027 1452 2153 1487 eum
2197 1438 2276 1488 ait
2309 1454 2323 1490 :
2362 1438 2479 1505 Izgo
2526 1441 2579 1489 in
2634 1439 2816 1501 I’utrc,
2868 1450 2915 1490 et
2954 1439 3114 1491 l’atcr
3148 1440 3203 1490 in
3258 1454 3360 1499 me,
3391 1450 3447 1491 ct
3499 1453 3621 1503 ger.

2030 1544 2225 1579 manus
2273 1530 2394 1595 eius
2440 1529 2766 1597 discipulus.
2816 1546 2941 1582 cum
3000 1532 3179 1589 docet.
3239 1531 3291 1582 in
3349 1529 3622 1597 principio

2029 1619 2197 1673 fuisse
2226 1620 2466 1672 Verbum
2503 1632 2559 1673 et
2606 1638 2822 1689 semper
2866 1623 3029 1675 fuisse
3079 1624 3221 1690 apud
3258 1624 3425 1675 lleum
3456 1663 3467 1680 .
3502 1624 3624 1674 Ari-

1961 1727 2133 1802 Bana
2212 1729 2307 1764 ora
2377 1713 2784 1774 obmutescunt.
2861 1732 2982 1780 qnzi-
3056 1716 3379 1778 injUstiliam
3432 1724 3625 1765 contra

2032 1807 2202 1859 Deum
2240 1808 2543 1874 loquuntur
2580 1826 2590 1857 :
2625 1818 2792 1875 atque
2848 1808 2898 1859 iu
2948 1809 3141 1874 primis
3174 1809 3382 1865 Aetius,
3422 1808 3514 1875 qui
3553 1809 3628 1857 la-

2033 1898 2185 1951 b'll‘ls
2215 1898 2300 1950 sui
2329 1899 2622 1951 vanitatem
2654 1916 2760 1951 non
2799 1900 2987 1966 pani'is
3016 1901 3287 1965 Capitibus
3315 1915 3437 1964 quae
3465 1914 3626 1965 supra

2032 1987 2162 2038 huic
2196 1988 2441 2039 historia:
2482 1988 2929 2043 interseruimus.
2975 1989 3259 2053 patctecit,
3320 1987 3449 2037 dmn
3497 2001 3627 2034 ron--

2035 2078 2255 2131 ﬁrmare
2298 2091 2534 2131 conatur
2594 2078 2791 2131 Filium
2839 2080 2905 2130 ab
2972 2080 3214 2140 ingenito
3260 2078 3412 2130 l‘atre
3463 2075 3617 2144 geni-

2037 2181 2154 2221 tunm
2215 2186 2323 2222 non
2374 2188 2496 2224 esse
2526 2212 2539 2233 ,
2596 2170 2726 2237 quia
2765 2171 3066 2237 ingenitum
3112 2184 3329 2235 quoque
3396 2186 3423 2219 a
3471 2174 3630 2234 gene—

2047 2265 2262 2317 ratioue
2294 2265 2534 2317 alienum
2571 2265 2640 2317 sit
2682 2264 2798 2315 .lam
2824 2263 2869 2315 si
2924 2261 3094 2314 Filius
3129 2262 3444 2329 unigasniius
3483 2275 3629 2312 sem-

2033 2373 2129 2425 per
2164 2357 2217 2409 in
2272 2357 2395 2409 sinu
2451 2357 2635 2410 Patris
2663 2367 2784 2416 est.
2838 2355 2997 2407 Pater
3030 2354 3218 2421 utique
3281 2370 3500 2420 semper
3546 2362 3632 2404 est

2036 2450 2218 2507 Pater.
2257 2461 2313 2504 et
2360 2450 2529 2501 Filius
2559 2448 2605 2499 ei
2642 2457 2969 2509 eoi-tertius,
3011 2457 3068 2499 ut
3103 2449 3194 2514 qui
3224 2447 3472 2507 eiusdem
3501 2460 3626 2498 cum

2036 2544 2132 2597 illo
2167 2543 2239 2595 sit
2264 2552 2494 2603 naturae.
2543 2556 2641 2594 nec
2662 2541 2731 2592 ab
2759 2556 2825 2593 eo
2872 2538 3115 2607 separari
3152 2538 3344 2606 possit.

2112 2634 2303 2689 Relala
2335 2633 2482 2686 enim
2522 2647 2589 2685 ex
2619 2648 2809 2686 eorum
2868 2645 3101 2683 numero
3141 2639 3290 2690 sunt.
3330 2646 3453 2697 quae
3488 2645 3631 2682 sem-

2041 2744 2139 2797 per
2200 2727 2368 2780 simul
2416 2741 2521 2778 una
2560 2735 2726 2787 sunt,
2776 2740 2943 2791 seque
3002 2732 3191 2774 mutuo
3238 2723 3622 2774 introducunt.

2048 2821 2151 2877 Ubi
2187 2834 2321 2884 ergo
2364 2818 2548 2880 Pater,
2596 2816 2964 2869 iliictFiiius.
3007 2816 3137 2869 Item
3171 2817 3316 2881 quod
3360 2814 3635 2883 principio

2046 2922 2234 2972 t'aret.
2293 2926 2473 2977 neque
2533 2919 2785 2961 creatura
2845 2918 2959 2966 est.
3016 2924 3193 2975 neque
3258 2917 3483 2975 propter
3537 2923 3636 2957 IIO‘

1965 2977 2007 3033 δ
2051 3006 2248 3057 {aetum
2310 3013 2415 3055 est.
2475 3002 2576 3066 Qui
2628 3002 2772 3053 enim
2846 3002 2913 3050 ab
2959 3009 3167 3051 aterno
3207 3002 3296 3053 lest
3328 3040 3339 3061 .
3396 3015 3634 3066 quonam

2045 3098 2209 3149 modo
2241 3093 2344 3148 sub
2373 3105 2556 3145 ortum
2611 3094 2787 3150 cadet,
2823 3091 3266 3159 principiumque
3306 3090 3639 3144 habentibus

2042 3186 2430 3241 acccnsebitur
2459 3188 2480 3234 Υ

2115 3279 2346 3346 Insuper
2375 3278 2721 3331 etVerbum.
2758 3287 2813 3329 ct
2863 3274 3145 3343 Sapientia
3170 3316 3182 3335 .
3222 3286 3273 3327 et
3318 3276 3487 3328 Filius
3520 3288 3637 3329 cra:

2044 3381 2263 3432 natura,
2294 3380 2349 3424 et
2379 3384 2597 3437 semper
2645 3370 2759 3437 ipsa
2826 3371 2941 3422 lizec
2987 3370 3171 3420 omnia
3208 3378 3326 3419 erat
3395 3367 3635 3420 Verbum

2040 3460 2287 3529 quidem.
2350 3462 2477 3529 quia
2530 3460 2905 3527 generationis
2952 3459 3230 3510 aliectioni
3286 3475 3392 3511 non
3453 3462 3630 3511 οιιιιη-

2044 3558 2192 3612 sius.
2234 3554 2363 3621 quia
2400 3554 2758 3619 coniunctus,
2809 3562 2865 3604 et
2908 3552 3306 3614 cuuntiativus.
3341 3552 3485 3605 unde
3522 3551 3639 3604 ait:

2051 3646 2215 3699 Verbo
2251 3661 2367 3712 qnw
2393 3662 2484 3712 ego
2514 3643 2701 3713 loquor
2742 3646 2902 3705 vobis.
2930 3662 2959 3693 η
2994 3647 3191 3713 meipso
3224 3662 3328 3697 non
3371 3646 3643 3715 loquor",

2044 3748 2099 3790 et
2129 3740 2238 3791 alio
2265 3740 2384 3791 loco
2407 3740 2484 3790 ait
2513 3739 2579 3789 ad
2601 3739 2817 3790 Patrem
2846 3755 2857 3789 :
2895 3741 3238 3805 .lluitifestaiii
3270 3755 3460 3790 nomen
3494 3750 3642 3790 tuum

2483 3830 2750 3884 nimirum
2794 3845 2993 3884 nomen
3040 3830 3408 3899 paterniiatis.
3474 3830 3644 3884 Isaias

2046 3940 2265 3992 quoque
2293 3923 2471 3994 Magni
2504 3923 2725 3977 consilii
2763 3922 3019 3991 angelum
3078 3932 3237 3975 vocat
3276 3923 3340 3981 δ’,
3377 3923 3641 3975 nimirum

2050 4019 2252 4072 l'atris.
2312 4018 2593 4086 Sapientia
2634 4032 2765 4070 vero
2821 4025 2961 4077 erat.
3007 4026 3267 4082 tauquam
3323 4015 3640 4068 divinarum

2046 4123 2103 4165 et
2130 4113 2495 4164 humanarum
2541 4124 2726 4162 rerum
2765 4110 2945 4162 dator.
3001 4106 3118 4162 Jam
3160 4108 3252 4173 qui
3286 4108 3401 4159 tieri
3440 4117 3643 4175 potest.

2051 4216 2110 4259 ut
2144 4207 2327 4274 opil'es
2362 4208 2605 4257 rationes
2635 4204 2851 4272 ignoret
2878 4217 3073 4255 eorum
3108 4216 3230 4268 quae
3264 4200 3438 4254 Ieeit?
3470 4198 3644 4251 Filius

2045 3833 2338 3883 liominii'ius
2362 3830 2404 3861 ⁵⁸⁵
2435 3872 2449 3893 ,

349 4297 408 4340 et
459 4286 677 4350 nostri;
734 4276 1013 4355 Sapientia
1067 4303 1222 4345 vero.
1274 4304 1465 4342 eorum
1526 4288 1758 4346 ratione.
1799 4305 1940 4357 quos
1971 4275 2305 4362 Dileniqne,
2362 4297 2489 4366 quia
2549 4296 2691 4350 l'atri
2757 4295 2986 4364 asqualis
3016 4306 3121 4357 est,
3155 4295 3463 4347 secundum
3508 4292 3644 4345 sub-

350 4378 665 4433 divinarum
696 4388 753 4432 et
800 4379 1164 4441 humanarum
1201 4396 1382 4434 rerum
1419 4383 1734 4452 cognitione
1770 4384 1942 4437 infor-

354 4472 566 4531 mavit;
634 4469 807 4527 Filius
854 4470 1095 4539 denique
1141 4481 1368 4541 prepter
1422 4488 1557 4538 eos.
1610 4491 1752 4545 quos
1809 4477 1943 4529 ado-

353 4563 546 4631 ptavit.

422 4653 490 4708 Et
541 4654 672 4724 quia
704 4652 944 4711 Verbum
1000 4657 1149 4712 aliud
1197 4671 1303 4723 est.
1359 4659 1505 4730 quod
1560 4661 1707 4716 Patri
1760 4663 1937 4727 inest;

350 4745 499 4814 quod
546 4746 774 4800 insitum
821 4764 1045 4819 quoque
1076 4750 1303 4814 dicitur.
1341 4751 1573 4821 ejusque
1613 4752 1937 4807 substantia:

352 4840 635 4908 proprium
664 4859 676 4894 ;
725 4842 971 4912 itemque
1002 4843 1178 4903 aliud.
1203 4844 1353 4912 quod
1390 4843 1446 4896 in
1480 4852 1683 4898 terram
1709 4844 1939 4900 descen-

350 4930 455 4993 dit.
490 4946 832 5003 carnemque
879 4915 1202 5006 assumpsit.
1236 4934 1386 5002 quod
1428 4944 1485 4990 et
1515 4936 1939 5005 participatione

350 5022 596 5079 Verbum
656 5022 796 5089 Dei.
850 5027 1108 5098 Deusque
1176 5029 1382 5084 dicitur
1453 5031 1939 5101 (quemadmodum

348 5116 483 5187 justi
514 5132 733 5188 quoque
759 5129 872 5176 tum
895 5122 989 5176 Dei
1017 5120 1137 5185 lilii,
1163 5132 1276 5177 tum
1296 5124 1370 5177 dii
1394 5129 1707 5192 vocantur),
1739 5127 1943 5196 quippe

356 5210 507 5277 quod
542 5211 805 5267 mutabile
837 5225 1036 5268 natura
1058 5215 1149 5278 sit.
1188 5231 1289 5271 nec
1341 5217 1559 5272 Patrem
1590 5222 1793 5283 videat.
1844 5236 1944 5274 nec

353 5316 482 5355 cum
538 5304 689 5358 norit
726 5306 820 5375 qui
856 5307 1130 5378 principio
1182 5319 1355 5375 caret.
1402 5314 1605 5382 quippe
1664 5316 1809 5381 quod
1841 5316 1943 5367 sub

355 5397 692 5468 principium
725 5400 907 5455 cadat.

362 5532 367 5541 .
410 5487 787 5560 Perspicuum
841 5505 1025 5549 autem
1059 5506 1146 5555 est
1194 5512 1291 5551 eos
1335 5506 1391 5551 et
1418 5496 1639 5554 Christo
1698 5501 1795 5569 ipsi
1851 5502 1948 5555 ud-

354 5583 585 5651 versari.
638 5594 696 5639 et
734 5585 802 5640 iis
855 5587 950 5657 qui
1013 5589 1192 5658 ipsum
1250 5590 1526 5659 viderunt,
1568 5594 1731 5662 eique
1782 5598 1945 5648 mini-

427 5795 629 5855 ”Psal.
655 5814 776 5861 uv.
818 5799 903 5854 lO.

309 5929 316 5937 ,
352 5883 465 5935 xiv.
494 5869 576 5925 l0.

976 5801 1024 5831 δ’
1057 5802 1216 5857 Joau.
1244 5820 1353 5867 xw,
1393 5805 1444 5859 9.
1561 5810 1598 5837 “
1625 5806 1764 5860 “liti.
1816 5810 1893 5860 l‘l.

656 5869 859 5925 “Joau.
897 5888 1024 5931 \l'l|_
1061 5877 1111 5931 6.
1195 5877 1233 5902 ”
1262 5876 1361 5932 lsa.
1400 5894 1470 5941 ix,
1507 5877 1555 5931 G.

2000 5809 2039 5838 "'
2068 5809 2225 5863 .l-Jan.
2264 5829 2312 5871 ι,
2354 5812 2396 5861 l.

1637 5880 1679 5907 “
1704 5879 1861 5938 Joau.
1919 5898 2033 5942 \tll.
2076 5883 2160 5933 ὃς,

2046 4392 2308 4447 stantiam
2370 4406 2492 4444 cum
2544 4406 2612 4444 co
2674 4401 2791 4453 est.
2837 4406 2938 4444 nec
2995 4390 3063 4442 ab
3121 4390 3241 4456 ejus
3288 4389 3411 4440 sinu
3480 4386 3641 4440 avelli

2046 4493 2250 4554 potest.

2115 4578 2186 4631 At
2234 4590 2364 4643 vero
2400 4574 2556 4628 locus
2591 4576 2680 4628 ille
2713 4590 2725 4626 :
2769 4573 2899 4626 Novi
2959 4572 3176 4626 Patrem
3204 4612 3219 4634 ,
3259 4581 3307 4623 et
3344 4587 3639 4624 sermonem

2046 4672 2159 4740 ejus
2187 4668 2448 4730 servo“.
2494 4682 2621 4721 eum
2677 4667 2745 4721 ab
2797 4668 3037 4721 essentia
3093 4676 3324 4735 paterna
3381 4666 3641 4734 scjungit.

2044 4763 2326 4831 aliumque
2376 4776 2406 4813 a
2450 4760 2631 4813 Verbo
2685 4758 3023 4827 praetendit:
3067 4759 3214 4826 quod
3255 4758 3355 4826 ipsi
3416 4759 3643 4809 insitum

2044 4866 2102 4911 et
2137 4869 2460 4925 germanum
2487 4852 2579 4905 Dei
2614 4850 2854 4906 Verbum
2890 4868 3010 4906 esse
3064 4852 3283 4904 volunt.
3310 4852 3379 4904 At
3423 4866 3642 4903 sermo-

2047 4963 2170 5001 ucin
2198 4945 2455 5001 Christus
2489 4945 2592 4996 lioe
2628 4944 2752 4998 loco
2800 4948 3140 4997 voluntatem
3173 4942 3409 5009 appellat
3447 4941 3640 4994 Patris.

2043 5042 2158 5097 Nec
2186 5037 2425 5091 absimili
2484 5038 2697 5091 ratione
2762 5036 2918 5089 locus
2960 5036 3048 5088 ille
3094 5053 3107 5088 :
3165 5038 3300 5087 Ante
3363 5032 3643 5099 luciferum

2051 5136 2209 5205 genui
2245 5143 2293 5186 te
2323 5134 2369 5163 ⁸⁵
2399 5173 2411 5194 ,
2467 5146 2574 5182 non
2610 5130 2966 5198 temporalem
3019 5130 3433 5197 generationem
3468 5126 3643 5178 intro-

2041 5228 2216 5288 ducit.
2240 5227 2334 5280 sed
2383 5227 2484 5278 hoc
2519 5224 2719 5286 innuit,
2759 5222 3225 5291 quemadmodum
3286 5230 3479 5272 venter
3518 5216 3639 5292 Dei.

2044 5323 2089 5376 si
2165 5321 2253 5389 pie
2309 5319 2670 5387 intelligatur.
2716 5316 2767 5369 id
2810 5317 3110 5387 genuinum
3171 5322 3226 5367 et
3279 5311 3645 5365 consubstan-

2049 5415 2177 5467 tiale
2234 5428 2357 5467 esse
2424 5411 2703 5471 ostendit,
2764 5408 2909 5477 quod
2969 5407 3287 5477 cognitione
3345 5402 3640 5470 concepit:

2049 5508 2119 5560 ita
2141 5517 2197 5559 ct
2237 5519 2443 5564 sermo,
2475 5494 2606 5572 quo!
2625 5502 2768 5555 Deus
2807 5501 3028 5563 Filium,
3078 5498 3321 5568 angelos.
3363 5505 3417 5549 et
3463 5492 3643 5547 homi-

2048 5616 2148 5654 res
2174 5600 2499 5668 alloquitur,
2536 5596 2889 5650 dialecticum
2922 5610 3231 5650 sermonem
3257 5594 3481 5648 denotat
3509 5611 3520 5645 :
3548 5585 3643 5662 qui

2518 5808 2704 5865 “ibid
2759 5810 2814 5865 9.
2925 5812 3145 5865 “ibid.
3221 5810 3300 5863 18.
3411 5806 3639 5861 “Joan.

2244 5886 2285 5910 ’τ’
2333 5882 2448 5936 ξ’ςκι
2496 5898 2603 5935 cui.
2649 5882 2693 5933 3.

2925 5816 2966 5841 ⁸⁵
3009 5812 3145 5868 ibid.
3221 5810 3300 5863 18.
