  <div class='ocr_page' id='page_1' title='image "/cluster/home/n/w/nwhite01/storage/ocr_20150623/139/nnc1.0046979840/719.png"; bbox 0 0 4288 6372; ppageno 0'>
   <div class='ocr_carea' id='block_1_1' title="bbox 661 383 791 449">
    <p class='ocr_par' dir='ltr' id='par_1_1' title="bbox 661 383 791 449">
     <span class='ocr_line' id='line_1_1' title="bbox 661 383 791 449; baseline -0.008 0"><span class='ocrx_word' id='word_1_1' title='bbox 661 383 791 449; x_wconf 65' lang='grc' dir='ltr'><strong>1Ᾱὺ3</strong></span> 
     </span>
    </p>
   </div>
   <div class='ocr_carea' id='block_1_2' title="bbox 1947 407 2704 470">
    <p class='ocr_par' dir='ltr' id='par_1_2' title="bbox 1947 407 2704 470">
     <span class='ocr_line' id='line_1_2' title="bbox 1947 407 2704 470; baseline 0.008 -6"><span class='ocrx_word' id='word_1_2' title='bbox 1947 407 2245 468; x_wconf 68' lang='grc' dir='ltr'><strong>ΝΙΕΕΤΛΞ</strong></span> <span class='ocrx_word' id='word_1_3' title='bbox 2287 408 2704 470; x_wconf 69' lang='grc' dir='ltr'><strong>(ΣῘῘΟἩΑΤιΕ</strong></span> 
     </span>
    </p>
   </div>
   <div class='ocr_carea' id='block_1_3' title="bbox 3809 404 3950 469">
    <p class='ocr_par' dir='ltr' id='par_1_3' title="bbox 3809 404 3950 469">
     <span class='ocr_line' id='line_1_3' title="bbox 3809 404 3950 469; baseline 0 0"><span class='ocrx_word' id='word_1_4' title='bbox 3809 404 3950 469; x_wconf 71' lang='grc' dir='ltr'><strong>ιιοι</strong></span> 
     </span>
    </p>
   </div>
   <div class='ocr_carea' id='block_1_4' title="bbox 647 505 3942 596">
    <p class='ocr_par' dir='ltr' id='par_1_4' title="bbox 647 505 3942 596">
     <span class='ocr_line' id='line_1_4' title="bbox 647 505 3942 596; baseline 0.007 -42"><span class='ocrx_word' id='word_1_5' title='bbox 647 513 872 568; x_wconf 71' lang='lat' dir='ltr'><strong>propter</strong></span> <span class='ocrx_word' id='word_1_6' title='bbox 903 520 1006 559; x_wconf 85' lang='lat' dir='ltr'><strong>nos</strong></span> <span class='ocrx_word' id='word_1_7' title='bbox 1032 505 1274 562; x_wconf 85' lang='lat' dir='ltr'><strong>humano</strong></span> <span class='ocrx_word' id='word_1_8' title='bbox 1303 528 1455 567; x_wconf 88' lang='lat' dir='ltr'><strong>more</strong></span> <span class='ocrx_word' id='word_1_9' title='bbox 1473 515 1789 584; x_wconf 83' lang='lat' dir='ltr'><strong>disponitur</strong></span> <span class='ocrx_word' id='word_1_10' title='bbox 1816 531 1869 572; x_wconf 92' lang='lat' dir='ltr'><strong>et</strong></span> <span class='ocrx_word' id='word_1_11' title='bbox 1893 544 1901 565; x_wconf 79' lang='grc' dir='ltr'>ι</span> <span class='ocrx_word' id='word_1_12' title='bbox 1929 523 2239 581; x_wconf 78' lang='lat' dir='ltr'><strong>tiormatur,</strong></span> <span class='ocrx_word' id='word_1_13' title='bbox 2277 534 2319 584; x_wconf 74' lang='grc' dir='ltr'><strong>Α</strong></span> <span class='ocrx_word' id='word_1_14' title='bbox 2352 533 2407 576; x_wconf 93' lang='lat' dir='ltr'><strong>et</strong></span> <span class='ocrx_word' id='word_1_15' title='bbox 2439 525 2749 590; x_wconf 73' lang='lat' dir='ltr'><strong>singuiarcs</strong></span> <span class='ocrx_word' id='word_1_16' title='bbox 2782 543 2793 576; x_wconf 90' lang='lat'>:</span> <span class='ocrx_word' id='word_1_17' title='bbox 2832 541 2933 580; x_wconf 87' lang='lat' dir='ltr'><strong>nec</strong></span> <span class='ocrx_word' id='word_1_18' title='bbox 2964 525 3195 596; x_wconf 77' lang='lat' dir='ltr'><strong>simplex</strong></span> <span class='ocrx_word' id='word_1_19' title='bbox 3230 526 3323 581; x_wconf 91' lang='lat' dir='ltr'><strong>ille</strong></span> <span class='ocrx_word' id='word_1_20' title='bbox 3357 537 3461 590; x_wconf 82' lang='lat' dir='ltr'><strong>est,</strong></span> <span class='ocrx_word' id='word_1_21' title='bbox 3513 527 3671 596; x_wconf 82' lang='lat' dir='ltr'><strong>cujus</strong></span> <span class='ocrx_word' id='word_1_22' title='bbox 3698 529 3942 580; x_wconf 87' lang='lat' dir='ltr'><strong>essentia</strong></span> 
     </span>
    </p>
   </div>
   <div class='ocr_carea' id='block_1_5' title="bbox 647 604 2239 682">
    <p class='ocr_par' dir='ltr' id='par_1_5' title="bbox 647 604 2239 682">
     <span class='ocr_line' id='line_1_5' title="bbox 647 604 2239 682; baseline 0.016 -39"><span class='ocrx_word' id='word_1_23' title='bbox 647 611 770 643; x_wconf 76' lang='lat' dir='ltr'><strong>cum</strong></span> <span class='ocrx_word' id='word_1_24' title='bbox 823 611 932 650; x_wconf 84' lang='lat' dir='ltr'><strong>non</strong></span> <span class='ocrx_word' id='word_1_25' title='bbox 988 614 1274 666; x_wconf 89' lang='lat' dir='ltr'><strong>possemus</strong></span> <span class='ocrx_word' id='word_1_26' title='bbox 1306 604 1413 656; x_wconf 89' lang='lat' dir='ltr'><strong>alio</strong></span> <span class='ocrx_word' id='word_1_27' title='bbox 1451 608 1616 661; x_wconf 92' lang='lat' dir='ltr'><strong>modo</strong></span> <span class='ocrx_word' id='word_1_28' title='bbox 1676 611 1892 666; x_wconf 78' lang='lat' dir='ltr'><strong>divinos</strong></span> <span class='ocrx_word' id='word_1_29' title='bbox 1953 615 2239 682; x_wconf 78' lang='lat' dir='ltr'><strong>percipere</strong></span> 
     </span>
    </p>
   </div>
   <div class='ocr_carea' id='block_1_6' title="bbox 645 703 947 743">
    <p class='ocr_par' dir='ltr' id='par_1_6' title="bbox 645 703 947 743">
     <span class='ocr_line' id='line_1_6' title="bbox 645 703 947 743; baseline 0.023 -7"><span class='ocrx_word' id='word_1_30' title='bbox 645 703 947 743; x_wconf 56' lang='grc' dir='ltr'><strong>Ἀρτιηίκειςς.</strong></span> 
     </span>
    </p>
   </div>
   <div class='ocr_carea' id='block_1_7' title="bbox 720 779 2237 868">
    <p class='ocr_par' dir='ltr' id='par_1_7' title="bbox 720 779 2237 868">
     <span class='ocr_line' id='line_1_7' title="bbox 720 779 2237 868; baseline 0.016 -36"><span class='ocrx_word' id='word_1_31' title='bbox 720 779 824 832; x_wconf 71' lang='lat' dir='ltr'><strong>Sed</strong></span> <span class='ocrx_word' id='word_1_32' title='bbox 862 800 930 837; x_wconf 87' lang='lat' dir='ltr'><strong>ne</strong></span> <span class='ocrx_word' id='word_1_33' title='bbox 980 789 1260 843; x_wconf 82' lang='lat' dir='ltr'><strong>mutabilis</strong></span> <span class='ocrx_word' id='word_1_34' title='bbox 1315 791 1540 861; x_wconf 84' lang='lat' dir='ltr'><strong>quidem</strong></span> <span class='ocrx_word' id='word_1_35' title='bbox 1575 794 1812 863; x_wconf 76' lang='lat' dir='ltr'><strong>dicetur,</strong></span> <span class='ocrx_word' id='word_1_36' title='bbox 1847 799 1938 868; x_wconf 84' lang='lat' dir='ltr'><strong>qui</strong></span> <span class='ocrx_word' id='word_1_37' title='bbox 2009 801 2058 853; x_wconf 92' lang='lat' dir='ltr'><strong>in</strong></span> <span class='ocrx_word' id='word_1_38' title='bbox 2113 804 2237 856; x_wconf 86' lang='lat' dir='ltr'><strong>sinu</strong></span> 
     </span>
    </p>
   </div>
   <div class='ocr_carea' id='block_1_8' title="bbox 647 871 2241 956">
    <p class='ocr_par' dir='ltr' id='par_1_8' title="bbox 647 871 2241 956">
     <span class='ocr_line' id='line_1_8' title="bbox 647 871 2241 956; baseline 0.018 -35"><span class='ocrx_word' id='word_1_39' title='bbox 647 871 841 930; x_wconf 81' lang='lat' dir='ltr'><strong>l‘atris.</strong></span> <span class='ocrx_word' id='word_1_40' title='bbox 872 877 965 944; x_wconf 91' lang='lat' dir='ltr'><strong>qui</strong></span> <span class='ocrx_word' id='word_1_41' title='bbox 1007 881 1345 950; x_wconf 79' lang='lat' dir='ltr'><strong>unigenitus,</strong></span> <span class='ocrx_word' id='word_1_42' title='bbox 1375 886 1468 952; x_wconf 93' lang='lat' dir='ltr'><strong>qui</strong></span> <span class='ocrx_word' id='word_1_43' title='bbox 1508 886 1752 956; x_wconf 89' lang='lat' dir='ltr'><strong>denique</strong></span> <span class='ocrx_word' id='word_1_44' title='bbox 1814 892 1962 944; x_wconf 90' lang='lat' dir='ltr'><strong>Patri</strong></span> <span class='ocrx_word' id='word_1_45' title='bbox 1999 897 2241 949; x_wconf 82' lang='lat' dir='ltr'><strong>consub-</strong></span> 
     </span>
    </p>
   </div>
   <div class='ocr_carea' id='block_1_9' title="bbox 645 965 2244 1042">
    <p class='ocr_par' dir='ltr' id='par_1_9' title="bbox 645 965 2244 1042">
     <span class='ocr_line' id='line_1_9' title="bbox 645 965 2244 1042; baseline 0.019 -29"><span class='ocrx_word' id='word_1_46' title='bbox 645 965 919 1020; x_wconf 87' lang='lat' dir='ltr'><strong>stantialis</strong></span> <span class='ocrx_word' id='word_1_47' title='bbox 942 980 1049 1024; x_wconf 90' lang='lat' dir='ltr'><strong>est.</strong></span> <span class='ocrx_word' id='word_1_48' title='bbox 1077 973 1306 1028; x_wconf 84' lang='lat' dir='ltr'><strong>Mutatio</strong></span> <span class='ocrx_word' id='word_1_49' title='bbox 1329 979 1478 1031; x_wconf 87' lang='lat' dir='ltr'><strong>enim</strong></span> <span class='ocrx_word' id='word_1_50' title='bbox 1502 990 1559 1034; x_wconf 89' lang='lat' dir='ltr'><strong>ct</strong></span> <span class='ocrx_word' id='word_1_51' title='bbox 1588 981 1846 1036; x_wconf 90' lang='lat' dir='ltr'><strong>alteratio</strong></span> <span class='ocrx_word' id='word_1_52' title='bbox 1873 1002 2055 1039; x_wconf 83' lang='lat' dir='ltr'><strong>rerum</strong></span> <span class='ocrx_word' id='word_1_53' title='bbox 2089 1004 2244 1042; x_wconf 89' lang='lat' dir='ltr'><strong>crea-</strong></span> 
     </span>
    </p>
   </div>
   <div class='ocr_carea' id='block_1_10' title="bbox 650 1065 978 1115">
    <p class='ocr_par' dir='ltr' id='par_1_10' title="bbox 650 1065 978 1115">
     <span class='ocr_line' id='line_1_10' title="bbox 650 1065 978 1115; baseline 0.015 -11"><span class='ocrx_word' id='word_1_54' title='bbox 650 1065 827 1108; x_wconf 89' lang='lat' dir='ltr'><strong>tarum</strong></span> <span class='ocrx_word' id='word_1_55' title='bbox 872 1071 978 1115; x_wconf 70' lang='lat' dir='ltr'><strong>est.</strong></span> 
     </span>
    </p>
   </div>
   <div class='ocr_carea' id='block_1_11' title="bbox 715 1145 2242 1228">
    <p class='ocr_par' dir='ltr' id='par_1_11' title="bbox 715 1145 2242 1228">
     <span class='ocr_line' id='line_1_11' title="bbox 715 1145 2242 1228; baseline 0.022 -33"><span class='ocrx_word' id='word_1_56' title='bbox 715 1145 889 1200; x_wconf 68' lang='lat' dir='ltr'><strong>Nemo</strong></span> <span class='ocrx_word' id='word_1_57' title='bbox 922 1165 1086 1216; x_wconf 91' lang='lat' dir='ltr'><strong>porro</strong></span> <span class='ocrx_word' id='word_1_58' title='bbox 1117 1163 1221 1215; x_wconf 85' lang='lat' dir='ltr'><strong>est.</strong></span> <span class='ocrx_word' id='word_1_59' title='bbox 1256 1159 1349 1227; x_wconf 89' lang='lat' dir='ltr'><strong>qui</strong></span> <span class='ocrx_word' id='word_1_60' title='bbox 1389 1159 1557 1215; x_wconf 89' lang='lat' dir='ltr'><strong>Deum</strong></span> <span class='ocrx_word' id='word_1_61' title='bbox 1595 1181 1622 1217; x_wconf 91' lang='lat' dir='ltr'><strong>a</strong></span> <span class='ocrx_word' id='word_1_62' title='bbox 1683 1169 1986 1224; x_wconf 83' lang='lat' dir='ltr'><strong>mutatione.</strong></span> <span class='ocrx_word' id='word_1_63' title='bbox 2021 1184 2076 1226; x_wconf 88' lang='lat' dir='ltr'><strong>et</strong></span> <span class='ocrx_word' id='word_1_64' title='bbox 2108 1173 2242 1228; x_wconf 89' lang='lat' dir='ltr'><strong>alte-</strong></span> 
     </span>
    </p>
   </div>
   <div class='ocr_carea' id='block_1_12' title="bbox 649 1237 2242 1333">
    <p class='ocr_par' dir='ltr' id='par_1_12' title="bbox 649 1237 2242 1333">
     <span class='ocr_line' id='line_1_12' title="bbox 649 1237 2242 1333; baseline 0.023 -47"><span class='ocrx_word' id='word_1_65' title='bbox 649 1237 866 1292; x_wconf 80' lang='lat' dir='ltr'><strong>ratione</strong></span> <span class='ocrx_word' id='word_1_66' title='bbox 898 1242 1140 1299; x_wconf 92' lang='lat' dir='ltr'><strong>alienum</strong></span> <span class='ocrx_word' id='word_1_67' title='bbox 1170 1264 1292 1304; x_wconf 90' lang='lat' dir='ltr'><strong>esse</strong></span> <span class='ocrx_word' id='word_1_68' title='bbox 1343 1265 1521 1320; x_wconf 83' lang='lat' dir='ltr'><strong>neget.</strong></span> <span class='ocrx_word' id='word_1_69' title='bbox 1551 1256 1668 1310; x_wconf 84' lang='lat' dir='ltr'><strong>Jam</strong></span> <span class='ocrx_word' id='word_1_70' title='bbox 1703 1260 1746 1312; x_wconf 92' lang='lat' dir='ltr'><strong>si</strong></span> <span class='ocrx_word' id='word_1_71' title='bbox 1788 1261 1957 1316; x_wconf 82' lang='lat' dir='ltr'><strong>Filius</strong></span> <span class='ocrx_word' id='word_1_72' title='bbox 1991 1267 2242 1333; x_wconf 82' lang='lat' dir='ltr'><strong>ejusdem</strong></span> 
     </span>
    </p>
   </div>
   <div class='ocr_carea' id='block_1_13' title="bbox 645 1331 2244 1419">
    <p class='ocr_par' dir='ltr' id='par_1_13' title="bbox 645 1331 2244 1419">
     <span class='ocr_line' id='line_1_13' title="bbox 645 1331 2244 1419; baseline 0.024 -43"><span class='ocrx_word' id='word_1_73' title='bbox 645 1342 770 1379; x_wconf 80' lang='lat' dir='ltr'><strong>eum</strong></span> <span class='ocrx_word' id='word_1_74' title='bbox 815 1331 972 1386; x_wconf 68' lang='lat' dir='ltr'><strong>Patre</strong></span> <span class='ocrx_word' id='word_1_75' title='bbox 1027 1340 1352 1396; x_wconf 75' lang='lat' dir='ltr'><strong>substantia:</strong></span> <span class='ocrx_word' id='word_1_76' title='bbox 1402 1354 1725 1419; x_wconf 70' lang='lat' dir='ltr'><strong>naturaeque</strong></span> <span class='ocrx_word' id='word_1_77' title='bbox 1757 1354 1848 1412; x_wconf 87' lang='lat' dir='ltr'><strong>sit.</strong></span> <span class='ocrx_word' id='word_1_78' title='bbox 1893 1331 2037 1411; x_wconf 89' lang='lat' dir='ltr'><strong>haud</strong></span> <span class='ocrx_word' id='word_1_79' title='bbox 2076 1360 2244 1414; x_wconf 93' lang='lat' dir='ltr'><strong>dubie</strong></span> 
     </span>
    </p>
   </div>
   <div class='ocr_carea' id='block_1_14' title="bbox 647 1428 2245 1517">
    <p class='ocr_par' dir='ltr' id='par_1_14' title="bbox 647 1428 2245 1517">
     <span class='ocr_line' id='line_1_14' title="bbox 647 1428 2245 1517; baseline 0.02 -46"><span class='ocrx_word' id='word_1_80' title='bbox 647 1428 843 1475; x_wconf 78' lang='lat' dir='ltr'><strong>natura</strong></span> <span class='ocrx_word' id='word_1_81' title='bbox 878 1440 1099 1496; x_wconf 85' lang='lat' dir='ltr'><strong>quoque</strong></span> <span class='ocrx_word' id='word_1_82' title='bbox 1149 1433 1291 1488; x_wconf 86' lang='lat' dir='ltr'><strong>Deus</strong></span> <span class='ocrx_word' id='word_1_83' title='bbox 1323 1447 1449 1491; x_wconf 89' lang='lat' dir='ltr'><strong>est:</strong></span> <span class='ocrx_word' id='word_1_84' title='bbox 1483 1454 1648 1507; x_wconf 85' lang='lat' dir='ltr'><strong>prout</strong></span> <span class='ocrx_word' id='word_1_85' title='bbox 1686 1446 1773 1498; x_wconf 91' lang='lat' dir='ltr'><strong>ille</strong></span> <span class='ocrx_word' id='word_1_86' title='bbox 1815 1463 2037 1517; x_wconf 85' lang='lat' dir='ltr'><strong>quoque</strong></span> <span class='ocrx_word' id='word_1_87' title='bbox 2074 1451 2245 1506; x_wconf 84' lang='lat' dir='ltr'><strong>disci-</strong></span> 
     </span>
    </p>
   </div>
   <div class='ocr_carea' id='block_1_15' title="bbox 648 1516 2244 1603">
    <p class='ocr_par' dir='ltr' id='par_1_15' title="bbox 648 1516 2244 1603">
     <span class='ocr_line' id='line_1_15' title="bbox 648 1516 2244 1603; baseline 0.021 -39"><span class='ocrx_word' id='word_1_88' title='bbox 648 1516 832 1578; x_wconf 76' lang='lat' dir='ltr'><strong>pulus,</strong></span> <span class='ocrx_word' id='word_1_89' title='bbox 871 1520 962 1585; x_wconf 87' lang='lat' dir='ltr'><strong>qui</strong></span> <span class='ocrx_word' id='word_1_90' title='bbox 1006 1537 1170 1589; x_wconf 84' lang='lat' dir='ltr'><strong>supra</strong></span> <span class='ocrx_word' id='word_1_91' title='bbox 1210 1537 1402 1593; x_wconf 89' lang='lat' dir='ltr'><strong>pectus</strong></span> <span class='ocrx_word' id='word_1_92' title='bbox 1441 1530 1655 1587; x_wconf 87' lang='lat' dir='ltr'><strong>Domini</strong></span> <span class='ocrx_word' id='word_1_93' title='bbox 1699 1516 1986 1603; x_wconf 89' lang='lat' dir='ltr'><strong>recubuit,</strong></span> <span class='ocrx_word' id='word_1_94' title='bbox 2027 1543 2110 1595; x_wconf 84' lang='lat' dir='ltr'><strong>his</strong></span> <span class='ocrx_word' id='word_1_95' title='bbox 2159 1544 2244 1595; x_wconf 88' lang='lat' dir='ltr'><strong>in-</strong></span> 
     </span>
    </p>
   </div>
   <div class='ocr_carea' id='block_1_16' title="bbox 647 1604 2247 1695">
    <p class='ocr_par' dir='ltr' id='par_1_16' title="bbox 647 1604 2247 1695">
     <span class='ocr_line' id='line_1_16' title="bbox 647 1604 2247 1695; baseline 0.021 -41"><span class='ocrx_word' id='word_1_96' title='bbox 647 1604 796 1658; x_wconf 84' lang='lat' dir='ltr'><strong>dicat</strong></span> <span class='ocrx_word' id='word_1_97' title='bbox 835 1609 1062 1665; x_wconf 77' lang='lat' dir='ltr'><strong>Verbis:</strong></span> <span class='ocrx_word' id='word_1_98' title='bbox 1104 1615 1169 1668; x_wconf 83' lang='lat' dir='ltr'><strong>Et</strong></span> <span class='ocrx_word' id='word_1_99' title='bbox 1210 1618 1350 1672; x_wconf 74' lang='lat' dir='ltr'><strong>Deus</strong></span> <span class='ocrx_word' id='word_1_100' title='bbox 1377 1635 1492 1676; x_wconf 67' lang='lat' dir='ltr'><strong>:rat</strong></span> <span class='ocrx_word' id='word_1_101' title='bbox 1544 1626 1783 1682; x_wconf 65' lang='lat' dir='ltr'><strong>Verbum.</strong></span> <span class='ocrx_word' id='word_1_102' title='bbox 1827 1632 1982 1695; x_wconf 84' lang='lat' dir='ltr'><strong>Quod</strong></span> <span class='ocrx_word' id='word_1_103' title='bbox 2016 1635 2059 1686; x_wconf 86' lang='lat' dir='ltr'><strong>si</strong></span> <span class='ocrx_word' id='word_1_104' title='bbox 2110 1650 2247 1688; x_wconf 85' lang='lat' dir='ltr'><strong>con-</strong></span> 
     </span>
    </p>
   </div>
   <div class='ocr_carea' id='block_1_17' title="bbox 647 1699 2246 1791">
    <p class='ocr_par' dir='ltr' id='par_1_17' title="bbox 647 1699 2246 1791">
     <span class='ocr_line' id='line_1_17' title="bbox 647 1699 2246 1791; baseline 0.024 -46"><span class='ocrx_word' id='word_1_105' title='bbox 647 1703 756 1791; x_wconf 75' lang='lat' dir='ltr'><strong>stet</strong></span> <span class='ocrx_word' id='word_1_106' title='bbox 795 1699 1033 1756; x_wconf 73' lang='lat' dir='ltr'><strong>Verbum</strong></span> <span class='ocrx_word' id='word_1_107' title='bbox 1084 1709 1331 1775; x_wconf 71' lang='lat' dir='ltr'><strong>ejusdem</strong></span> <span class='ocrx_word' id='word_1_108' title='bbox 1374 1730 1498 1768; x_wconf 90' lang='lat' dir='ltr'><strong>eum</strong></span> <span class='ocrx_word' id='word_1_109' title='bbox 1531 1719 1689 1774; x_wconf 79' lang='lat' dir='ltr'><strong>Patre</strong></span> <span class='ocrx_word' id='word_1_110' title='bbox 1743 1723 2068 1779; x_wconf 64' lang='lat' dir='ltr'><strong>substantia:</strong></span> <span class='ocrx_word' id='word_1_111' title='bbox 2097 1743 2246 1791; x_wconf 88' lang='lat' dir='ltr'><strong>esse,</strong></span> 
     </span>
    </p>
   </div>
   <div class='ocr_carea' id='block_1_18' title="bbox 648 1787 2243 1875">
    <p class='ocr_par' dir='ltr' id='par_1_18' title="bbox 648 1787 2243 1875">
     <span class='ocr_line' id='line_1_18' title="bbox 648 1787 2243 1875; baseline 0.011 -25"><span class='ocrx_word' id='word_1_112' title='bbox 648 1787 1034 1875; x_wconf 56' lang='lat' dir='ltr'><strong>lfl&#39;incipioque</strong></span> <span class='ocrx_word' id='word_1_113' title='bbox 1087 1815 1194 1852; x_wconf 91' lang='lat' dir='ltr'><strong>una</strong></span> <span class='ocrx_word' id='word_1_114' title='bbox 1249 1820 1374 1857; x_wconf 87' lang='lat' dir='ltr'><strong>eum</strong></span> <span class='ocrx_word' id='word_1_115' title='bbox 1419 1809 1514 1860; x_wconf 87' lang='lat' dir='ltr'><strong>iilo</strong></span> <span class='ocrx_word' id='word_1_116' title='bbox 1544 1827 1754 1875; x_wconf 80' lang='lat' dir='ltr'><strong>carere,</strong></span> <span class='ocrx_word' id='word_1_117' title='bbox 1787 1830 1895 1867; x_wconf 80' lang='lat' dir='ltr'><strong>non</strong></span> <span class='ocrx_word' id='word_1_118' title='bbox 1934 1827 2118 1870; x_wconf 88' lang='lat' dir='ltr'><strong>autem</strong></span> <span class='ocrx_word' id='word_1_119' title='bbox 2149 1833 2243 1869; x_wconf 58' lang='lat' dir='ltr'><strong>eo.</strong></span> 
     </span>
    </p>
   </div>
   <div class='ocr_carea' id='block_1_19' title="bbox 650 1874 2328 1975">
    <p class='ocr_par' dir='ltr' id='par_1_19' title="bbox 650 1874 2328 1975">
     <span class='ocr_line' id='line_1_19' title="bbox 650 1874 2328 1975; baseline 0.029 -50"><span class='ocrx_word' id='word_1_120' title='bbox 650 1874 772 1975; x_wconf 69' lang='lat' dir='ltr'><strong>deni</strong></span> <span class='ocrx_word' id='word_1_121' title='bbox 809 1882 1080 1952; x_wconf 88' lang='lat' dir='ltr'><strong>principio</strong></span> <span class='ocrx_word' id='word_1_122' title='bbox 1138 1894 1395 1958; x_wconf 79' lang='lat' dir='ltr'><strong>coepisse,</strong></span> <span class='ocrx_word' id='word_1_123' title='bbox 1428 1912 1540 1965; x_wconf 92' lang='lat' dir='ltr'><strong>quo</strong></span> <span class='ocrx_word' id='word_1_124' title='bbox 1591 1912 1862 1958; x_wconf 71' lang='lat' dir='ltr'><strong>creatura:</strong></span> <span class='ocrx_word' id='word_1_125' title='bbox 1919 1907 2122 1971; x_wconf 88' lang='lat' dir='ltr'><strong>solent,</strong></span> <span class='ocrx_word' id='word_1_126' title='bbox 2154 1909 2248 1975; x_wconf 79' lang='lat' dir='ltr'><strong>qui</strong></span> <span class='ocrx_word' id='word_1_127' title='bbox 2284 1915 2328 1972; x_wconf 88' lang='grc' dir='ltr'><strong>Β</strong></span> 
     </span>
    </p>
   </div>
   <div class='ocr_carea' id='block_1_20' title="bbox 648 1972 2247 2070">
    <p class='ocr_par' dir='ltr' id='par_1_20' title="bbox 648 1972 2247 2070">
     <span class='ocr_line' id='line_1_20' title="bbox 648 1972 2247 2070; baseline 0.023 -53"><span class='ocrx_word' id='word_1_128' title='bbox 648 1972 776 2070; x_wconf 43' lang='grc' dir='ltr'><strong>ιεξκιη⁹</strong></span> <span class='ocrx_word' id='word_1_129' title='bbox 832 1985 1031 2039; x_wconf 82' lang='lat' dir='ltr'><strong>petest,</strong></span> <span class='ocrx_word' id='word_1_130' title='bbox 1085 1989 1144 2032; x_wconf 90' lang='lat' dir='ltr'><strong>ut</strong></span> <span class='ocrx_word' id='word_1_131' title='bbox 1182 1981 1365 2049; x_wconf 79' lang='lat' dir='ltr'><strong>Pater,</strong></span> <span class='ocrx_word' id='word_1_132' title='bbox 1401 1990 1494 2056; x_wconf 90' lang='lat' dir='ltr'><strong>qui</strong></span> <span class='ocrx_word' id='word_1_133' title='bbox 1526 1992 1802 2062; x_wconf 83' lang='lat' dir='ltr'><strong>principio</strong></span> <span class='ocrx_word' id='word_1_134' title='bbox 1831 1999 1998 2049; x_wconf 89' lang='lat' dir='ltr'><strong>etiam</strong></span> <span class='ocrx_word' id='word_1_135' title='bbox 2036 2010 2247 2064; x_wconf 83' lang='lat' dir='ltr'><strong>careat.</strong></span> 
     </span>
    </p>
   </div>
   <div class='ocr_carea' id='block_1_21' title="bbox 647 2066 2246 2158">
    <p class='ocr_par' dir='ltr' id='par_1_21' title="bbox 647 2066 2246 2158">
     <span class='ocr_line' id='line_1_21' title="bbox 647 2066 2246 2158; baseline 0.023 -48"><span class='ocrx_word' id='word_1_136' title='bbox 647 2066 694 2158; x_wconf 65' lang='lat' dir='ltr'><strong>ei</strong></span> <span class='ocrx_word' id='word_1_137' title='bbox 733 2066 804 2116; x_wconf 87' lang='lat' dir='ltr'><strong>sit</strong></span> <span class='ocrx_word' id='word_1_138' title='bbox 851 2066 1185 2136; x_wconf 81' lang='lat' dir='ltr'><strong>incognitus,</strong></span> <span class='ocrx_word' id='word_1_139' title='bbox 1218 2080 1311 2145; x_wconf 94' lang='lat' dir='ltr'><strong>qui</strong></span> <span class='ocrx_word' id='word_1_140' title='bbox 1355 2093 1411 2134; x_wconf 93' lang='lat' dir='ltr'><strong>et</strong></span> <span class='ocrx_word' id='word_1_141' title='bbox 1449 2082 1625 2138; x_wconf 74' lang='lat' dir='ltr'><strong>Patris</strong></span> <span class='ocrx_word' id='word_1_142' title='bbox 1659 2099 1713 2139; x_wconf 93' lang='lat' dir='ltr'><strong>et</strong></span> <span class='ocrx_word' id='word_1_143' title='bbox 1755 2088 1842 2140; x_wconf 85' lang='lat' dir='ltr'><strong>sui</strong></span> <span class='ocrx_word' id='word_1_144' title='bbox 1871 2091 2246 2158; x_wconf 86' lang='lat' dir='ltr'><strong>cognitionem</strong></span> 
     </span>
    </p>
   </div>
   <div class='ocr_carea' id='block_1_22' title="bbox 649 2153 2248 2242">
    <p class='ocr_par' dir='ltr' id='par_1_22' title="bbox 649 2153 2248 2242">
     <span class='ocr_line' id='line_1_22' title="bbox 649 2153 2248 2242; baseline 0.022 -39"><span class='ocrx_word' id='word_1_145' title='bbox 649 2153 822 2218; x_wconf 53' lang='lat' dir='ltr'><strong>ipsius</strong></span> <span class='ocrx_word' id='word_1_146' title='bbox 873 2161 996 2215; x_wconf 85' lang='lat' dir='ltr'><strong>aliis</strong></span> <span class='ocrx_word' id='word_1_147' title='bbox 1029 2166 1296 2234; x_wconf 89' lang='lat' dir='ltr'><strong>impertit,</strong></span> <span class='ocrx_word' id='word_1_148' title='bbox 1347 2173 1504 2242; x_wconf 73' lang='lat' dir='ltr'><strong>juxta</strong></span> <span class='ocrx_word' id='word_1_149' title='bbox 1563 2178 1736 2234; x_wconf 91' lang='lat' dir='ltr'><strong>illud:</strong></span> <span class='ocrx_word' id='word_1_150' title='bbox 1794 2180 1862 2234; x_wconf 81' lang='lat' dir='ltr'><strong>Et</strong></span> <span class='ocrx_word' id='word_1_151' title='bbox 1907 2153 1992 2235; x_wconf 65' lang='lat' dir='ltr'><strong>cui</strong></span> <span class='ocrx_word' id='word_1_152' title='bbox 2026 2186 2248 2239; x_wconf 71' lang='lat' dir='ltr'><strong>voluerit</strong></span> 
     </span>
    </p>
   </div>
   <div class='ocr_carea' id='block_1_23' title="bbox 651 2246 1182 2316">
    <p class='ocr_par' dir='ltr' id='par_1_23' title="bbox 651 2246 1182 2316">
     <span class='ocr_line' id='line_1_23' title="bbox 651 2246 1182 2316; baseline 0.036 -19"><span class='ocrx_word' id='word_1_153' title='bbox 651 2246 825 2302; x_wconf 57' lang='lat' dir='ltr'><strong>l’ih&#39;us</strong></span> <span class='ocrx_word' id='word_1_154' title='bbox 860 2257 1096 2312; x_wconf 75' lang='lat' dir='ltr'><strong>reret/tre</strong></span> <span class='ocrx_word' id='word_1_155' title='bbox 1118 2261 1182 2316; x_wconf 88' lang='lat'><strong>&#39;°.</strong></span> 
     </span>
    </p>
   </div>
   <div class='ocr_carea' id='block_1_24' title="bbox 1243 2405 1623 2469">
    <p class='ocr_par' dir='ltr' id='par_1_24' title="bbox 1243 2405 1623 2469">
     <span class='ocr_line' id='line_1_24' title="bbox 1243 2405 1623 2469; baseline 0.021 -8"><span class='ocrx_word' id='word_1_156' title='bbox 1243 2405 1397 2464; x_wconf 60' lang='lat' dir='ltr'><strong>CAP.</strong></span> <span class='ocrx_word' id='word_1_157' title='bbox 1436 2410 1623 2469; x_wconf 71' lang='lat' dir='ltr'><strong>XLIII.</strong></span> 
     </span>
    </p>
   </div>
   <div class='ocr_carea' id='block_1_25' title="bbox 649 2504 2253 2600">
    <p class='ocr_par' dir='ltr' id='par_1_25' title="bbox 649 2504 2253 2600">
     <span class='ocr_line' id='line_1_25' title="bbox 649 2504 2253 2600; baseline 0.022 -43"><span class='ocrx_word' id='word_1_158' title='bbox 649 2504 981 2600; x_wconf 67' lang='lat' dir='ltr'><strong>Ennominni</strong></span> <span class='ocrx_word' id='word_1_159' title='bbox 1025 2520 1695 2600; x_wconf 51' lang='lat' dir='ltr'><strong>dilemmutisfonfmalio.</strong></span> <span class='ocrx_word' id='word_1_160' title='bbox 1731 2549 1835 2600; x_wconf 82' lang='lat' dir='ltr'><strong>qua</strong></span> <span class='ocrx_word' id='word_1_161' title='bbox 1867 2533 2068 2590; x_wconf 80' lang='lat' dir='ltr'><strong>Filium</strong></span> <span class='ocrx_word' id='word_1_162' title='bbox 2098 2537 2253 2593; x_wconf 80' lang='lat' dir='ltr'><strong>Patri</strong></span> 
     </span>
    </p>
   </div>
   <div class='ocr_carea' id='block_1_26' title="bbox 758 2596 2255 2664">
    <p class='ocr_par' dir='ltr' id='par_1_26' title="bbox 758 2596 2255 2664">
     <span class='ocr_line' id='line_1_26' title="bbox 758 2596 2255 2664; baseline 0.022 -33"><span class='ocrx_word' id='word_1_163' title='bbox 758 2596 1080 2664; x_wconf 48' lang='lat' dir='ltr'><strong>corruerunt»</strong></span> <span class='ocrx_word' id='word_1_164' title='bbox 1112 2607 1221 2645; x_wconf 79' lang='lat' dir='ltr'><strong>esse</strong></span> <span class='ocrx_word' id='word_1_165' title='bbox 1250 2611 1313 2658; x_wconf 72' lang='lat' dir='ltr'><strong>ex</strong></span> <span class='ocrx_word' id='word_1_166' title='bbox 1347 2597 1691 2654; x_wconf 70' lang='lat' dir='ltr'><strong>Naziunzmo</strong></span> <span class='ocrx_word' id='word_1_167' title='bbox 1735 2596 1786 2655; x_wconf 73' lang='lat' dir='ltr'><strong>et</strong></span> <span class='ocrx_word' id='word_1_168' title='bbox 1819 2610 2022 2661; x_wconf 76' lang='lat' dir='ltr'><strong>ca’teris</strong></span> <span class='ocrx_word' id='word_1_169' title='bbox 2072 2612 2255 2664; x_wconf 85' lang='lat' dir='ltr'><strong>cat/to-</strong></span> 
     </span>
    </p>
   </div>
   <div class='ocr_carea' id='block_1_27' title="bbox 758 2653 1142 2723">
    <p class='ocr_par' dir='ltr' id='par_1_27' title="bbox 758 2653 1142 2723">
     <span class='ocr_line' id='line_1_27' title="bbox 758 2653 1142 2723; baseline 0.031 -20"><span class='ocrx_word' id='word_1_170' title='bbox 758 2653 872 2706; x_wconf 75' lang='lat' dir='ltr'><strong>Licis</strong></span> <span class='ocrx_word' id='word_1_171' title='bbox 907 2661 1142 2723; x_wconf 74' lang='lat' dir='ltr'><strong>probaL.</strong></span> 
     </span>
    </p>
   </div>
   <div class='ocr_carea' id='block_1_28' title="bbox 720 2769 2254 2852">
    <p class='ocr_par' dir='ltr' id='par_1_28' title="bbox 720 2769 2254 2852">
     <span class='ocr_line' id='line_1_28' title="bbox 720 2769 2254 2852; baseline 0.021 -32"><span class='ocrx_word' id='word_1_172' title='bbox 720 2769 885 2823; x_wconf 81' lang='lat' dir='ltr'><strong>Arius</strong></span> <span class='ocrx_word' id='word_1_173' title='bbox 913 2785 967 2826; x_wconf 89' lang='lat' dir='ltr'><strong>et</strong></span> <span class='ocrx_word' id='word_1_174' title='bbox 1025 2775 1352 2847; x_wconf 81' lang='lat' dir='ltr'><strong>Eunomius,</strong></span> <span class='ocrx_word' id='word_1_175' title='bbox 1387 2797 1444 2838; x_wconf 89' lang='lat' dir='ltr'><strong>ut</strong></span> <span class='ocrx_word' id='word_1_176' title='bbox 1478 2785 1678 2843; x_wconf 77' lang='lat' dir='ltr'><strong>Filium</strong></span> <span class='ocrx_word' id='word_1_177' title='bbox 1714 2792 1863 2846; x_wconf 77' lang='lat' dir='ltr'><strong>Patri</strong></span> <span class='ocrx_word' id='word_1_178' title='bbox 1914 2805 2254 2852; x_wconf 66' lang='lat' dir='ltr'><strong>coa&#39;ternum</strong></span> 
     </span>
    </p>
   </div>
   <div class='ocr_carea' id='block_1_29' title="bbox 646 2870 2259 2960">
    <p class='ocr_par' dir='ltr' id='par_1_29' title="bbox 646 2870 2259 2960">
     <span class='ocr_line' id='line_1_29' title="bbox 646 2870 2259 2960; baseline 0.022 -49"><span class='ocrx_word' id='word_1_179' title='bbox 646 2872 771 2960; x_wconf 75' lang='lat' dir='ltr'><strong>esse</strong></span> <span class='ocrx_word' id='word_1_180' title='bbox 803 2877 1084 2933; x_wconf 78' lang='lat' dir='ltr'><strong>negarent,</strong></span> <span class='ocrx_word' id='word_1_181' title='bbox 1123 2870 1228 2925; x_wconf 83' lang='lat' dir='ltr'><strong>hoc</strong></span> <span class='ocrx_word' id='word_1_182' title='bbox 1288 2875 1338 2928; x_wconf 93' lang='lat' dir='ltr'><strong>in</strong></span> <span class='ocrx_word' id='word_1_183' title='bbox 1381 2884 1620 2947; x_wconf 68' lang='lat' dir='ltr'><strong>spei-lem</strong></span> <span class='ocrx_word' id='word_1_184' title='bbox 1659 2884 2100 2942; x_wconf 70' lang='lat' dir='ltr'><strong>addubitatlonis</strong></span> <span class='ocrx_word' id='word_1_185' title='bbox 2131 2905 2259 2960; x_wconf 88' lang='lat' dir='ltr'><strong>pro-</strong></span> 
     </span>
    </p>
   </div>
   <div class='ocr_carea' id='block_1_30' title="bbox 652 2951 1278 3028">
    <p class='ocr_par' dir='ltr' id='par_1_30' title="bbox 652 2951 1278 3028">
     <span class='ocr_line' id='line_1_30' title="bbox 652 2951 1278 3028; baseline 0.027 -24"><span class='ocrx_word' id='word_1_186' title='bbox 652 2951 829 3007; x_wconf 88' lang='lat' dir='ltr'><strong>blema</strong></span> <span class='ocrx_word' id='word_1_187' title='bbox 869 2963 1278 3028; x_wconf 77' lang='lat' dir='ltr'><strong>proponebant.</strong></span> 
     </span>
    </p>
   </div>
   <div class='ocr_carea' id='block_1_31' title="bbox 726 3066 2263 3163">
    <p class='ocr_par' dir='ltr' id='par_1_31' title="bbox 726 3066 2263 3163">
     <span class='ocr_line' id='line_1_31' title="bbox 726 3066 2263 3163; baseline 0.022 -44"><span class='ocrx_word' id='word_1_188' title='bbox 726 3066 898 3163; x_wconf 56' lang='lat' dir='ltr'><strong>Filius</strong></span> <span class='ocrx_word' id='word_1_189' title='bbox 925 3089 1050 3126; x_wconf 88' lang='lat' dir='ltr'><strong>eum</strong></span> <span class='ocrx_word' id='word_1_190' title='bbox 1093 3092 1440 3148; x_wconf 87' lang='lat' dir='ltr'><strong>nasceretur,</strong></span> <span class='ocrx_word' id='word_1_191' title='bbox 1481 3087 1673 3144; x_wconf 85' lang='lat' dir='ltr'><strong>aderat</strong></span> <span class='ocrx_word' id='word_1_192' title='bbox 1725 3092 1829 3146; x_wconf 82' lang='lat' dir='ltr'><strong>sibi</strong></span> <span class='ocrx_word' id='word_1_193' title='bbox 1867 3094 1994 3163; x_wconf 68' lang='lat' dir='ltr'><strong>ipsi,</strong></span> <span class='ocrx_word' id='word_1_194' title='bbox 2033 3115 2206 3152; x_wconf 78' lang='lat' dir='ltr'><strong>necne</strong></span> <span class='ocrx_word' id='word_1_195' title='bbox 2241 3101 2263 3153; x_wconf 87' lang='lat'><strong>?</strong></span> 
     </span>
    </p>
   </div>
   <div class='ocr_carea' id='block_1_32' title="bbox 649 3157 2265 3257">
    <p class='ocr_par' dir='ltr' id='par_1_32' title="bbox 649 3157 2265 3257">
     <span class='ocr_line' id='line_1_32' title="bbox 649 3157 2265 3257; baseline 0.024 -49"><span class='ocrx_word' id='word_1_196' title='bbox 649 3157 750 3257; x_wconf 67' lang='lat' dir='ltr'><strong>Ctli</strong></span> <span class='ocrx_word' id='word_1_197' title='bbox 805 3163 1029 3229; x_wconf 87' lang='lat' dir='ltr'><strong>quidem</strong></span> <span class='ocrx_word' id='word_1_198' title='bbox 1071 3168 1377 3228; x_wconf 85' lang='lat' dir='ltr'><strong>dilemmati</strong></span> <span class='ocrx_word' id='word_1_199' title='bbox 1424 3183 1720 3248; x_wconf 84' lang='lat' dir='ltr'><strong>abruptum</strong></span> <span class='ocrx_word' id='word_1_200' title='bbox 1772 3157 2035 3257; x_wconf 79' lang='lat' dir='ltr'><strong>utrinque</strong></span> <span class='ocrx_word' id='word_1_201' title='bbox 2070 3194 2265 3257; x_wconf 68' lang='grc' dir='ltr'><strong>[ιι-τιξρὲ-</strong></span> 
     </span>
    </p>
   </div>
   <div class='ocr_carea' id='block_1_33' title="bbox 2353 616 3939 690">
    <p class='ocr_par' dir='ltr' id='par_1_33' title="bbox 2353 616 3939 690">
     <span class='ocr_line' id='line_1_33' title="bbox 2353 616 3939 690; baseline 0.002 -23"><span class='ocrx_word' id='word_1_202' title='bbox 2353 616 2642 682; x_wconf 70' lang='lat' dir='ltr'><strong>dividitur,</strong></span> <span class='ocrx_word' id='word_1_203' title='bbox 2685 628 2738 671; x_wconf 92' lang='lat' dir='ltr'><strong>et</strong></span> <span class='ocrx_word' id='word_1_204' title='bbox 2784 635 2811 670; x_wconf 89' lang='lat' dir='ltr'><strong>a</strong></span> <span class='ocrx_word' id='word_1_205' title='bbox 2837 634 3069 687; x_wconf 87' lang='lat' dir='ltr'><strong>corpore</strong></span> <span class='ocrx_word' id='word_1_206' title='bbox 3095 621 3180 675; x_wconf 77' lang='lat' dir='ltr'><strong>vel</strong></span> <span class='ocrx_word' id='word_1_207' title='bbox 3213 622 3396 674; x_wconf 91' lang='lat' dir='ltr'><strong>anima</strong></span> <span class='ocrx_word' id='word_1_208' title='bbox 3423 620 3750 690; x_wconf 72' lang='lat' dir='ltr'><strong>seiungitur.</strong></span> <span class='ocrx_word' id='word_1_209' title='bbox 3803 620 3939 673; x_wconf 86' lang='lat' dir='ltr'><strong>Alio-</strong></span> 
     </span>
    </p>
   </div>
   <div class='ocr_carea' id='block_1_34' title="bbox 2354 699 3999 784">
    <p class='ocr_par' dir='ltr' id='par_1_34' title="bbox 2354 699 3999 784">
     <span class='ocr_line' id='line_1_34' title="bbox 2354 699 3999 784; baseline 0.002 -20"><span class='ocrx_word' id='word_1_210' title='bbox 2354 712 2448 781; x_wconf 91' lang='lat' dir='ltr'><strong>qui</strong></span> <span class='ocrx_word' id='word_1_211' title='bbox 2498 713 2743 780; x_wconf 84' lang='lat' dir='ltr'><strong>objectio</strong></span> <span class='ocrx_word' id='word_1_212' title='bbox 2798 715 2886 768; x_wconf 90' lang='lat' dir='ltr'><strong>illa</strong></span> <span class='ocrx_word' id='word_1_213' title='bbox 2927 733 2939 768; x_wconf 93' lang='lat'><strong>:</strong></span> <span class='ocrx_word' id='word_1_214' title='bbox 2984 715 3187 771; x_wconf 84' lang='lat' dir='ltr'><strong>Eratne</strong></span> <span class='ocrx_word' id='word_1_215' title='bbox 3233 725 3419 781; x_wconf 87' lang='lat' dir='ltr'><strong>antea,</strong></span> <span class='ocrx_word' id='word_1_216' title='bbox 3467 731 3535 768; x_wconf 83' lang='lat' dir='ltr'><strong>an</strong></span> <span class='ocrx_word' id='word_1_217' title='bbox 3585 732 3715 769; x_wconf 82' lang='lat' dir='ltr'><strong>vero</strong></span> <span class='ocrx_word' id='word_1_218' title='bbox 3757 725 3947 784; x_wconf 75' lang='lat' dir='ltr'><strong>postea</strong></span> <span class='ocrx_word' id='word_1_219' title='bbox 3992 699 3999 703; x_wconf 55' lang='grc'><em>’</em></span> 
     </span>
    </p>
   </div>
   <div class='ocr_carea' id='block_1_35' title="bbox 2352 803 3946 876">
    <p class='ocr_par' dir='ltr' id='par_1_35' title="bbox 2352 803 3946 876">
     <span class='ocr_line' id='line_1_35' title="bbox 2352 803 3946 876; baseline 0.003 -20"><span class='ocrx_word' id='word_1_220' title='bbox 2352 803 2506 857; x_wconf 85' lang='lat' dir='ltr'><strong>fuit?</strong></span> <span class='ocrx_word' id='word_1_221' title='bbox 2542 805 2609 857; x_wconf 90' lang='lat' dir='ltr'><strong>iis</strong></span> <span class='ocrx_word' id='word_1_222' title='bbox 2659 805 2939 865; x_wconf 78' lang='lat' dir='ltr'><strong>convenit.</strong></span> <span class='ocrx_word' id='word_1_223' title='bbox 2970 821 3092 876; x_wconf 77' lang='lat' dir='ltr'><strong>qua:</strong></span> <span class='ocrx_word' id='word_1_224' title='bbox 3149 815 3398 875; x_wconf 90' lang='lat' dir='ltr'><strong>tempore</strong></span> <span class='ocrx_word' id='word_1_225' title='bbox 3445 807 3624 860; x_wconf 90' lang='lat' dir='ltr'><strong>metiri</strong></span> <span class='ocrx_word' id='word_1_226' title='bbox 3678 807 3946 861; x_wconf 79' lang='lat' dir='ltr'><strong>solemus.</strong></span> 
     </span>
    </p>
   </div>
   <div class='ocr_carea' id='block_1_36' title="bbox 2351 897 3949 966">
    <p class='ocr_par' dir='ltr' id='par_1_36' title="bbox 2351 897 3949 966">
     <span class='ocr_line' id='line_1_36' title="bbox 2351 897 3949 966; baseline -0.001 -17"><span class='ocrx_word' id='word_1_227' title='bbox 2351 898 2525 950; x_wconf 84' lang='lat' dir='ltr'><strong>Antea</strong></span> <span class='ocrx_word' id='word_1_228' title='bbox 2551 899 2699 950; x_wconf 90' lang='lat' dir='ltr'><strong>enim</strong></span> <span class='ocrx_word' id='word_1_229' title='bbox 2723 907 2778 951; x_wconf 91' lang='lat' dir='ltr'><strong>et</strong></span> <span class='ocrx_word' id='word_1_230' title='bbox 2830 908 3020 966; x_wconf 87' lang='lat' dir='ltr'><strong>postea</strong></span> <span class='ocrx_word' id='word_1_231' title='bbox 3047 898 3313 966; x_wconf 79' lang='lat' dir='ltr'><strong>temporis</strong></span> <span class='ocrx_word' id='word_1_232' title='bbox 3352 908 3539 964; x_wconf 88' lang='lat' dir='ltr'><strong>partes</strong></span> <span class='ocrx_word' id='word_1_233' title='bbox 3587 907 3738 950; x_wconf 88' lang='lat' dir='ltr'><strong>sunt.</strong></span> <span class='ocrx_word' id='word_1_234' title='bbox 3777 897 3949 949; x_wconf 81' lang='lat' dir='ltr'><strong>Porro</strong></span> 
     </span>
    </p>
   </div>
   <div class='ocr_carea' id='block_1_37' title="bbox 2354 988 3953 1058">
    <p class='ocr_par' dir='ltr' id='par_1_37' title="bbox 2354 988 3953 1058">
     <span class='ocr_line' id='line_1_37' title="bbox 2354 988 3953 1058; baseline 0 -19"><span class='ocrx_word' id='word_1_235' title='bbox 2354 989 2419 1040; x_wconf 88' lang='lat' dir='ltr'><strong>ad</strong></span> <span class='ocrx_word' id='word_1_236' title='bbox 2462 1003 2585 1058; x_wconf 73' lang='lat' dir='ltr'><strong>qua:</strong></span> <span class='ocrx_word' id='word_1_237' title='bbox 2629 997 2844 1057; x_wconf 89' lang='lat' dir='ltr'><strong>tempus</strong></span> <span class='ocrx_word' id='word_1_238' title='bbox 2897 1004 3006 1042; x_wconf 91' lang='lat' dir='ltr'><strong>non</strong></span> <span class='ocrx_word' id='word_1_239' title='bbox 3035 989 3316 1058; x_wconf 74' lang='lat' dir='ltr'><strong>pertingit,</strong></span> <span class='ocrx_word' id='word_1_240' title='bbox 3354 988 3464 1041; x_wconf 92' lang='lat' dir='ltr'><strong>imo</strong></span> <span class='ocrx_word' id='word_1_241' title='bbox 3503 1003 3630 1040; x_wconf 76' lang='lat' dir='ltr'><strong>vero</strong></span> <span class='ocrx_word' id='word_1_242' title='bbox 3665 1003 3732 1039; x_wconf 91' lang='lat' dir='ltr'><strong>ne</strong></span> <span class='ocrx_word' id='word_1_243' title='bbox 3783 1000 3953 1039; x_wconf 68' lang='lat' dir='ltr'><strong>szccu-</strong></span> 
     </span>
    </p>
   </div>
   <div class='ocr_carea' id='block_1_38' title="bbox 2355 1081 3952 1153">
    <p class='ocr_par' dir='ltr' id='par_1_38' title="bbox 2355 1081 3952 1153">
     <span class='ocr_line' id='line_1_38' title="bbox 2355 1081 3952 1153; baseline -0.002 -19"><span class='ocrx_word' id='word_1_244' title='bbox 2355 1082 2466 1134; x_wconf 91' lang='lat' dir='ltr'><strong>lum</strong></span> <span class='ocrx_word' id='word_1_245' title='bbox 2518 1082 2788 1152; x_wconf 87' lang='lat' dir='ltr'><strong>quidem,</strong></span> <span class='ocrx_word' id='word_1_246' title='bbox 2815 1083 2902 1137; x_wconf 86' lang='lat' dir='ltr'><strong>cui</strong></span> <span class='ocrx_word' id='word_1_247' title='bbox 2944 1084 3217 1153; x_wconf 88' lang='lat' dir='ltr'><strong>tripertita</strong></span> <span class='ocrx_word' id='word_1_248' title='bbox 3255 1083 3344 1137; x_wconf 87' lang='lat' dir='ltr'><strong>illa</strong></span> <span class='ocrx_word' id='word_1_249' title='bbox 3378 1081 3636 1135; x_wconf 84' lang='lat' dir='ltr'><strong>distantia</strong></span> <span class='ocrx_word' id='word_1_250' title='bbox 3686 1081 3952 1148; x_wconf 77' lang='lat' dir='ltr'><strong>temporis</strong></span> 
     </span>
    </p>
   </div>
   <div class='ocr_carea' id='block_1_39' title="bbox 2358 1172 3951 1245">
    <p class='ocr_par' dir='ltr' id='par_1_39' title="bbox 2358 1172 3951 1245">
     <span class='ocr_line' id='line_1_39' title="bbox 2358 1172 3951 1245; baseline -0.003 -19"><span class='ocrx_word' id='word_1_251' title='bbox 2358 1175 2542 1243; x_wconf 88' lang='lat' dir='ltr'><strong>ignota</strong></span> <span class='ocrx_word' id='word_1_252' title='bbox 2578 1184 2683 1236; x_wconf 84' lang='lat' dir='ltr'><strong>est.</strong></span> <span class='ocrx_word' id='word_1_253' title='bbox 2716 1176 2811 1245; x_wconf 93' lang='lat' dir='ltr'><strong>qui</strong></span> <span class='ocrx_word' id='word_1_254' title='bbox 2873 1175 2990 1230; x_wconf 87' lang='lat' dir='ltr'><strong>fieri</strong></span> <span class='ocrx_word' id='word_1_255' title='bbox 3028 1186 3230 1245; x_wconf 83' lang='lat' dir='ltr'><strong>potest.</strong></span> <span class='ocrx_word' id='word_1_256' title='bbox 3277 1187 3336 1230; x_wconf 83' lang='lat' dir='ltr'><strong>ut</strong></span> <span class='ocrx_word' id='word_1_257' title='bbox 3362 1176 3426 1230; x_wconf 85' lang='lat' dir='ltr'><strong>iis</strong></span> <span class='ocrx_word' id='word_1_258' title='bbox 3455 1172 3951 1230; x_wconf 83' lang='lat' dir='ltr'><strong>accommodentur</strong></span> 
     </span>
    </p>
   </div>
   <div class='ocr_carea' id='block_1_40' title="bbox 2359 1267 3415 1337">
    <p class='ocr_par' dir='ltr' id='par_1_40' title="bbox 2359 1267 3415 1337">
     <span class='ocr_line' id='line_1_40' title="bbox 2359 1267 3415 1337; baseline 0.003 -18"><span class='ocrx_word' id='word_1_259' title='bbox 2359 1267 2472 1327; x_wconf 91' lang='lat' dir='ltr'><strong>illa.</strong></span> <span class='ocrx_word' id='word_1_260' title='bbox 2509 1284 2634 1337; x_wconf 79' lang='lat' dir='ltr'><strong>qua:</strong></span> <span class='ocrx_word' id='word_1_261' title='bbox 2676 1271 2912 1337; x_wconf 88' lang='lat' dir='ltr'><strong>tempori</strong></span> <span class='ocrx_word' id='word_1_262' title='bbox 2949 1269 3190 1322; x_wconf 78' lang='lat' dir='ltr'><strong>obnoxia</strong></span> <span class='ocrx_word' id='word_1_263' title='bbox 3242 1270 3415 1322; x_wconf 88' lang='lat' dir='ltr'><strong>sunt?</strong></span> 
     </span>
    </p>
   </div>
   <div class='ocr_carea' id='block_1_41' title="bbox 2426 1397 3947 1471">
    <p class='ocr_par' dir='ltr' id='par_1_41' title="bbox 2426 1397 3947 1471">
     <span class='ocr_line' id='line_1_41' title="bbox 2426 1397 3947 1471; baseline -0.006 -15"><span class='ocrx_word' id='word_1_264' title='bbox 2426 1401 2702 1456; x_wconf 71' lang='lat' dir='ltr'><strong>Creterum</strong></span> <span class='ocrx_word' id='word_1_265' title='bbox 2750 1403 3032 1471; x_wconf 73' lang='lat' dir='ltr'><strong>pra-dietis</strong></span> <span class='ocrx_word' id='word_1_266' title='bbox 3082 1404 3183 1456; x_wconf 92' lang='lat' dir='ltr'><strong>hoc</strong></span> <span class='ocrx_word' id='word_1_267' title='bbox 3216 1411 3376 1471; x_wconf 75' lang='lat' dir='ltr'><strong>pacto</strong></span> <span class='ocrx_word' id='word_1_268' title='bbox 3406 1399 3688 1453; x_wconf 76' lang='lat' dir='ltr'><strong>adversari</strong></span> <span class='ocrx_word' id='word_1_269' title='bbox 3725 1397 3897 1451; x_wconf 87' lang='lat' dir='ltr'><strong>solent</strong></span> <span class='ocrx_word' id='word_1_270' title='bbox 3934 1414 3947 1447; x_wconf 93' lang='lat'>:</span> 
     </span>
    </p>
   </div>
   <div class='ocr_carea' id='block_1_42' title="bbox 2355 1490 3947 1564">
    <p class='ocr_par' dir='ltr' id='par_1_42' title="bbox 2355 1490 3947 1564">
     <span class='ocr_line' id='line_1_42' title="bbox 2355 1490 3947 1564; baseline -0.005 -15"><span class='ocrx_word' id='word_1_271' title='bbox 2355 1495 2615 1549; x_wconf 80' lang='lat' dir='ltr'><strong>Genitum</strong></span> <span class='ocrx_word' id='word_1_272' title='bbox 2639 1505 2693 1550; x_wconf 91' lang='lat' dir='ltr'><strong>et</strong></span> <span class='ocrx_word' id='word_1_273' title='bbox 2724 1497 3030 1564; x_wconf 88' lang='lat' dir='ltr'><strong>iugcnitmn</strong></span> <span class='ocrx_word' id='word_1_274' title='bbox 3073 1506 3205 1549; x_wconf 91' lang='lat' dir='ltr'><strong>sunt</strong></span> <span class='ocrx_word' id='word_1_275' title='bbox 3233 1511 3394 1549; x_wconf 73' lang='lat' dir='ltr'><strong>voces</strong></span> <span class='ocrx_word' id='word_1_276' title='bbox 3431 1495 3804 1560; x_wconf 61' lang='lat' dir='ltr'><strong>homonyme.</strong></span> <span class='ocrx_word' id='word_1_277' title='bbox 3862 1490 3947 1542; x_wconf 84' lang='lat' dir='ltr'><strong>ln-</strong></span> 
     </span>
    </p>
   </div>
   <div class='ocr_carea' id='block_1_43' title="bbox 2358 1581 3952 1655">
    <p class='ocr_par' dir='ltr' id='par_1_43' title="bbox 2358 1581 3952 1655">
     <span class='ocr_line' id='line_1_43' title="bbox 2358 1581 3952 1655; baseline -0.005 -18"><span class='ocrx_word' id='word_1_278' title='bbox 2358 1587 2604 1652; x_wconf 77' lang='lat' dir='ltr'><strong>genitutn</strong></span> <span class='ocrx_word' id='word_1_279' title='bbox 2634 1588 2782 1639; x_wconf 81' lang='lat' dir='ltr'><strong>enim</strong></span> <span class='ocrx_word' id='word_1_280' title='bbox 2830 1587 2974 1640; x_wconf 88' lang='lat' dir='ltr'><strong>idem</strong></span> <span class='ocrx_word' id='word_1_281' title='bbox 3009 1590 3155 1655; x_wconf 89' lang='lat' dir='ltr'><strong>quod</strong></span> <span class='ocrx_word' id='word_1_282' title='bbox 3185 1588 3510 1645; x_wconf 90' lang='lat' dir='ltr'><strong>increatum,</strong></span> <span class='ocrx_word' id='word_1_283' title='bbox 3548 1593 3606 1636; x_wconf 90' lang='lat' dir='ltr'><strong>et</strong></span> <span class='ocrx_word' id='word_1_284' title='bbox 3647 1581 3952 1650; x_wconf 84' lang='lat' dir='ltr'><strong>ingenitum</strong></span> 
     </span>
    </p>
   </div>
   <div class='ocr_carea' id='block_1_44' title="bbox 2359 1675 3954 1748">
    <p class='ocr_par' dir='ltr' id='par_1_44' title="bbox 2359 1675 3954 1748">
     <span class='ocr_line' id='line_1_44' title="bbox 2359 1675 3954 1748; baseline 0 -17"><span class='ocrx_word' id='word_1_285' title='bbox 2359 1679 2506 1748; x_wconf 77' lang='lat' dir='ltr'><strong>quod</strong></span> <span class='ocrx_word' id='word_1_286' title='bbox 2557 1689 2801 1732; x_wconf 83' lang='lat' dir='ltr'><strong>creatum</strong></span> <span class='ocrx_word' id='word_1_287' title='bbox 2857 1696 2964 1732; x_wconf 89' lang='lat' dir='ltr'><strong>non</strong></span> <span class='ocrx_word' id='word_1_288' title='bbox 2998 1691 3102 1743; x_wconf 89' lang='lat' dir='ltr'><strong>cst,</strong></span> <span class='ocrx_word' id='word_1_289' title='bbox 3154 1677 3625 1748; x_wconf 83' lang='lat' dir='ltr'><strong>quemadmodum</strong></span> <span class='ocrx_word' id='word_1_290' title='bbox 3685 1675 3954 1742; x_wconf 74' lang='lat' dir='ltr'><strong>genitum.</strong></span> 
     </span>
    </p>
   </div>
   <div class='ocr_carea' id='block_1_45' title="bbox 2360 1768 3956 1840">
    <p class='ocr_par' dir='ltr' id='par_1_45' title="bbox 2360 1768 3956 1840">
     <span class='ocr_line' id='line_1_45' title="bbox 2360 1768 3956 1840; baseline -0.004 -20"><span class='ocrx_word' id='word_1_291' title='bbox 2360 1772 2507 1838; x_wconf 90' lang='lat' dir='ltr'><strong>quod</strong></span> <span class='ocrx_word' id='word_1_292' title='bbox 2539 1772 2782 1839; x_wconf 79' lang='lat' dir='ltr'><strong>genitum</strong></span> <span class='ocrx_word' id='word_1_293' title='bbox 2821 1782 2924 1829; x_wconf 90' lang='lat' dir='ltr'><strong>est.</strong></span> <span class='ocrx_word' id='word_1_294' title='bbox 2959 1780 3014 1826; x_wconf 90' lang='lat' dir='ltr'><strong>et</strong></span> <span class='ocrx_word' id='word_1_295' title='bbox 3067 1773 3334 1840; x_wconf 87' lang='lat' dir='ltr'><strong>genitum.</strong></span> <span class='ocrx_word' id='word_1_296' title='bbox 3390 1768 3538 1839; x_wconf 90' lang='lat' dir='ltr'><strong>quod</strong></span> <span class='ocrx_word' id='word_1_297' title='bbox 3572 1779 3817 1821; x_wconf 88' lang='lat' dir='ltr'><strong>creatum</strong></span> <span class='ocrx_word' id='word_1_298' title='bbox 3849 1774 3956 1816; x_wconf 84' lang='lat' dir='ltr'><strong>est.</strong></span> 
     </span>
    </p>
   </div>
   <div class='ocr_carea' id='block_1_46' title="bbox 2362 1853 3959 1931">
    <p class='ocr_par' dir='ltr' id='par_1_46' title="bbox 2362 1853 3959 1931">
     <span class='ocr_line' id='line_1_46' title="bbox 2362 1853 3959 1931; baseline -0.004 -17"><span class='ocrx_word' id='word_1_299' title='bbox 2362 1863 2673 1930; x_wconf 86' lang='lat' dir='ltr'><strong>lngenitum</strong></span> <span class='ocrx_word' id='word_1_300' title='bbox 2706 1863 2870 1915; x_wconf 85' lang='lat' dir='ltr'><strong>etiam</strong></span> <span class='ocrx_word' id='word_1_301' title='bbox 2904 1878 3005 1931; x_wconf 86' lang='lat' dir='ltr'><strong>pro</strong></span> <span class='ocrx_word' id='word_1_302' title='bbox 3032 1863 3145 1930; x_wconf 90' lang='lat' dir='ltr'><strong>ipsa</strong></span> <span class='ocrx_word' id='word_1_303' title='bbox 3173 1860 3586 1926; x_wconf 80' lang='lat' dir='ltr'><strong>ingeneratione</strong></span> <span class='ocrx_word' id='word_1_304' title='bbox 3623 1867 3677 1910; x_wconf 85' lang='lat' dir='ltr'><strong>et</strong></span> <span class='ocrx_word' id='word_1_305' title='bbox 3705 1873 3772 1910; x_wconf 90' lang='lat' dir='ltr'><strong>eo</strong></span> <span class='ocrx_word' id='word_1_306' title='bbox 3812 1853 3959 1923; x_wconf 88' lang='lat' dir='ltr'><strong>quod</strong></span> 
     </span>
    </p>
   </div>
   <div class='ocr_carea' id='block_1_47' title="bbox 2356 1951 3963 2024">
    <p class='ocr_par' dir='ltr' id='par_1_47' title="bbox 2356 1951 3963 2024">
     <span class='ocr_line' id='line_1_47' title="bbox 2356 1951 3963 2024; baseline -0.007 -16"><span class='ocrx_word' id='word_1_307' title='bbox 2356 1955 2604 2020; x_wconf 83' lang='lat' dir='ltr'><strong>genitum</strong></span> <span class='ocrx_word' id='word_1_308' title='bbox 2648 1970 2757 2007; x_wconf 92' lang='lat' dir='ltr'><strong>non</strong></span> <span class='ocrx_word' id='word_1_309' title='bbox 2787 1966 2890 2016; x_wconf 87' lang='lat' dir='ltr'><strong>est.</strong></span> <span class='ocrx_word' id='word_1_310' title='bbox 2930 1965 2989 2008; x_wconf 88' lang='lat' dir='ltr'><strong>ut</strong></span> <span class='ocrx_word' id='word_1_311' title='bbox 3022 1956 3294 2024; x_wconf 81' lang='lat' dir='ltr'><strong>genitum,</strong></span> <span class='ocrx_word' id='word_1_312' title='bbox 3340 1967 3438 2022; x_wconf 85' lang='lat' dir='ltr'><strong>pro</strong></span> <span class='ocrx_word' id='word_1_313' title='bbox 3492 1951 3872 2022; x_wconf 75' lang='lat' dir='ltr'><strong>generatione,</strong></span> <span class='ocrx_word' id='word_1_314' title='bbox 3904 1955 3963 2000; x_wconf 93' lang='lat' dir='ltr'><strong>et</strong></span> 
     </span>
    </p>
   </div>
   <div class='ocr_carea' id='block_1_48' title="bbox 2355 2041 3962 2117">
    <p class='ocr_par' dir='ltr' id='par_1_48' title="bbox 2355 2041 3962 2117">
     <span class='ocr_line' id='line_1_48' title="bbox 2355 2041 3962 2117; baseline -0.006 -16"><span class='ocrx_word' id='word_1_315' title='bbox 2355 2061 2423 2101; x_wconf 93' lang='lat' dir='ltr'><strong>eo</strong></span> <span class='ocrx_word' id='word_1_316' title='bbox 2468 2046 2617 2115; x_wconf 89' lang='lat' dir='ltr'><strong>quod</strong></span> <span class='ocrx_word' id='word_1_317' title='bbox 2674 2048 2937 2117; x_wconf 83' lang='lat' dir='ltr'><strong>genitum.</strong></span> <span class='ocrx_word' id='word_1_318' title='bbox 2982 2056 3067 2101; x_wconf 90' lang='lat' dir='ltr'><strong>est</strong></span> <span class='ocrx_word' id='word_1_319' title='bbox 3130 2046 3440 2115; x_wconf 87' lang='lat' dir='ltr'><strong>accipitur:</strong></span> <span class='ocrx_word' id='word_1_320' title='bbox 3495 2041 3962 2113; x_wconf 84' lang='lat' dir='ltr'><strong>quemadmodum</strong></span> 
     </span>
    </p>
   </div>
   <div class='ocr_carea' id='block_1_49' title="bbox 2359 2135 3963 2207">
    <p class='ocr_par' dir='ltr' id='par_1_49' title="bbox 2359 2135 3963 2207">
     <span class='ocr_line' id='line_1_49' title="bbox 2359 2135 3963 2207; baseline -0.006 -16"><span class='ocrx_word' id='word_1_321' title='bbox 2359 2138 2545 2192; x_wconf 90' lang='lat' dir='ltr'><strong>album</strong></span> <span class='ocrx_word' id='word_1_322' title='bbox 2591 2152 2690 2207; x_wconf 84' lang='lat' dir='ltr'><strong>pro</strong></span> <span class='ocrx_word' id='word_1_323' title='bbox 2749 2137 3030 2201; x_wconf 88' lang='lat' dir='ltr'><strong>albedine,</strong></span> <span class='ocrx_word' id='word_1_324' title='bbox 3062 2148 3117 2191; x_wconf 90' lang='lat' dir='ltr'><strong>et</strong></span> <span class='ocrx_word' id='word_1_325' title='bbox 3162 2153 3229 2191; x_wconf 92' lang='lat' dir='ltr'><strong>co</strong></span> <span class='ocrx_word' id='word_1_326' title='bbox 3287 2136 3435 2206; x_wconf 88' lang='lat' dir='ltr'><strong>quod</strong></span> <span class='ocrx_word' id='word_1_327' title='bbox 3488 2135 3804 2188; x_wconf 85' lang='lat' dir='ltr'><strong>dealbatum</strong></span> <span class='ocrx_word' id='word_1_328' title='bbox 3855 2143 3963 2184; x_wconf 86' lang='lat' dir='ltr'><strong>est.</strong></span> 
     </span>
    </p>
   </div>
   <div class='ocr_carea' id='block_1_50' title="bbox 2359 2223 3970 2300">
    <p class='ocr_par' dir='ltr' id='par_1_50' title="bbox 2359 2223 3970 2300">
     <span class='ocr_line' id='line_1_50' title="bbox 2359 2223 3970 2300; baseline -0.006 -17"><span class='ocrx_word' id='word_1_329' title='bbox 2359 2231 2548 2300; x_wconf 84' lang='lat' dir='ltr'><strong>Itaque</strong></span> <span class='ocrx_word' id='word_1_330' title='bbox 2598 2246 2722 2285; x_wconf 89' lang='lat' dir='ltr'><strong>cum</strong></span> <span class='ocrx_word' id='word_1_331' title='bbox 2772 2231 2970 2300; x_wconf 76' lang='lat' dir='ltr'><strong>triplex</strong></span> <span class='ocrx_word' id='word_1_332' title='bbox 3019 2232 3090 2284; x_wconf 88' lang='lat' dir='ltr'><strong>sit</strong></span> <span class='ocrx_word' id='word_1_333' title='bbox 3141 2229 3368 2300; x_wconf 86' lang='lat' dir='ltr'><strong>ingeniti</strong></span> <span class='ocrx_word' id='word_1_334' title='bbox 3417 2227 3702 2296; x_wconf 83' lang='lat' dir='ltr'><strong>genitique</strong></span> <span class='ocrx_word' id='word_1_335' title='bbox 3757 2223 3970 2288; x_wconf 70' lang='lat' dir='ltr'><strong>signifi—</strong></span> 
     </span>
    </p>
   </div>
   <div class='ocr_carea' id='block_1_51' title="bbox 2355 2315 3961 2389">
    <p class='ocr_par' dir='ltr' id='par_1_51' title="bbox 2355 2315 3961 2389">
     <span class='ocr_line' id='line_1_51' title="bbox 2355 2315 3961 2389; baseline -0.007 -16"><span class='ocrx_word' id='word_1_336' title='bbox 2355 2322 2520 2384; x_wconf 89' lang='lat' dir='ltr'><strong>catio,</strong></span> <span class='ocrx_word' id='word_1_337' title='bbox 2553 2324 2596 2373; x_wconf 89' lang='lat' dir='ltr'><strong>si</strong></span> <span class='ocrx_word' id='word_1_338' title='bbox 2634 2335 2735 2389; x_wconf 91' lang='lat' dir='ltr'><strong>pro</strong></span> <span class='ocrx_word' id='word_1_339' title='bbox 2766 2322 3013 2373; x_wconf 81' lang='lat' dir='ltr'><strong>increato</strong></span> <span class='ocrx_word' id='word_1_340' title='bbox 3052 2328 3108 2372; x_wconf 90' lang='lat' dir='ltr'><strong>et</strong></span> <span class='ocrx_word' id='word_1_341' title='bbox 3142 2327 3331 2372; x_wconf 81' lang='lat' dir='ltr'><strong>creato</strong></span> <span class='ocrx_word' id='word_1_342' title='bbox 3377 2317 3493 2370; x_wconf 77' lang='lat' dir='ltr'><strong>hzec</strong></span> <span class='ocrx_word' id='word_1_343' title='bbox 3531 2315 3753 2368; x_wconf 87' lang='lat' dir='ltr'><strong>nomina</strong></span> <span class='ocrx_word' id='word_1_344' title='bbox 3793 2327 3961 2365; x_wconf 87' lang='lat' dir='ltr'><strong>usur-</strong></span> 
     </span>
    </p>
   </div>
   <div class='ocr_carea' id='block_1_52' title="bbox 2357 2407 3968 2482">
    <p class='ocr_par' dir='ltr' id='par_1_52' title="bbox 2357 2407 3968 2482">
     <span class='ocr_line' id='line_1_52' title="bbox 2357 2407 3968 2482; baseline -0.004 -18"><span class='ocrx_word' id='word_1_345' title='bbox 2357 2427 2480 2481; x_wconf 86' lang='lat' dir='ltr'><strong>pes.</strong></span> <span class='ocrx_word' id='word_1_346' title='bbox 2518 2429 2619 2467; x_wconf 86' lang='lat' dir='ltr'><strong>nos</strong></span> <span class='ocrx_word' id='word_1_347' title='bbox 2660 2427 2881 2482; x_wconf 91' lang='lat' dir='ltr'><strong>quoque</strong></span> <span class='ocrx_word' id='word_1_348' title='bbox 2920 2421 3100 2479; x_wconf 76' lang='lat' dir='ltr'><strong>tecum</strong></span> <span class='ocrx_word' id='word_1_349' title='bbox 3135 2407 3433 2463; x_wconf 81' lang='lat' dir='ltr'><strong>fatebimur</strong></span> <span class='ocrx_word' id='word_1_350' title='bbox 3495 2408 3799 2475; x_wconf 86' lang='lat' dir='ltr'><strong>ingenitum</strong></span> <span class='ocrx_word' id='word_1_351' title='bbox 3832 2419 3968 2458; x_wconf 83' lang='lat' dir='ltr'><strong>cum</strong></span> 
     </span>
    </p>
   </div>
   <div class='ocr_carea' id='block_1_53' title="bbox 2358 2499 3965 2574">
    <p class='ocr_par' dir='ltr' id='par_1_53' title="bbox 2358 2499 3965 2574">
     <span class='ocr_line' id='line_1_53' title="bbox 2358 2499 3965 2574; baseline -0.007 -16"><span class='ocrx_word' id='word_1_352' title='bbox 2358 2504 2547 2574; x_wconf 83' lang='lat' dir='ltr'><strong>genito</strong></span> <span class='ocrx_word' id='word_1_353' title='bbox 2603 2504 2748 2557; x_wconf 89' lang='lat' dir='ltr'><strong>idem</strong></span> <span class='ocrx_word' id='word_1_354' title='bbox 2812 2518 2924 2557; x_wconf 89' lang='lat' dir='ltr'><strong>non</strong></span> <span class='ocrx_word' id='word_1_355' title='bbox 2979 2516 3142 2566; x_wconf 87' lang='lat' dir='ltr'><strong>esse,</strong></span> <span class='ocrx_word' id='word_1_356' title='bbox 3174 2502 3276 2556; x_wconf 88' lang='lat' dir='ltr'><strong>hoc</strong></span> <span class='ocrx_word' id='word_1_357' title='bbox 3336 2512 3442 2563; x_wconf 86' lang='lat' dir='ltr'><strong>est,</strong></span> <span class='ocrx_word' id='word_1_358' title='bbox 3481 2499 3787 2553; x_wconf 88' lang='lat' dir='ltr'><strong>inercatum</strong></span> <span class='ocrx_word' id='word_1_359' title='bbox 3835 2511 3965 2550; x_wconf 89' lang='lat' dir='ltr'><strong>cum</strong></span> 
     </span>
    </p>
   </div>
   <div class='ocr_carea' id='block_1_54' title="bbox 2360 2593 3972 2667">
    <p class='ocr_par' dir='ltr' id='par_1_54' title="bbox 2360 2593 3972 2667">
     <span class='ocr_line' id='line_1_54' title="bbox 2360 2593 3972 2667; baseline -0.005 -16"><span class='ocrx_word' id='word_1_360' title='bbox 2360 2609 2547 2652; x_wconf 89' lang='lat' dir='ltr'><strong>creato</strong></span> <span class='ocrx_word' id='word_1_361' title='bbox 2584 2615 2597 2650; x_wconf 91' lang='lat'>:</span> <span class='ocrx_word' id='word_1_362' title='bbox 2628 2598 2713 2651; x_wconf 89' lang='lat' dir='ltr'><strong>sin</strong></span> <span class='ocrx_word' id='word_1_363' title='bbox 2738 2607 2924 2652; x_wconf 90' lang='lat' dir='ltr'><strong>autem</strong></span> <span class='ocrx_word' id='word_1_364' title='bbox 2962 2613 3061 2667; x_wconf 90' lang='lat' dir='ltr'><strong>pro</strong></span> <span class='ocrx_word' id='word_1_365' title='bbox 3110 2612 3179 2651; x_wconf 93' lang='lat' dir='ltr'><strong>eo</strong></span> <span class='ocrx_word' id='word_1_366' title='bbox 3201 2597 3292 2666; x_wconf 86' lang='lat' dir='ltr'><strong>qui</strong></span> <span class='ocrx_word' id='word_1_367' title='bbox 3352 2595 3566 2665; x_wconf 89' lang='lat' dir='ltr'><strong>genuit.</strong></span> <span class='ocrx_word' id='word_1_368' title='bbox 3606 2603 3660 2647; x_wconf 87' lang='lat' dir='ltr'><strong>et</strong></span> <span class='ocrx_word' id='word_1_369' title='bbox 3690 2593 3781 2662; x_wconf 91' lang='lat' dir='ltr'><strong>qui</strong></span> <span class='ocrx_word' id='word_1_370' title='bbox 3813 2594 3972 2664; x_wconf 86' lang='lat' dir='ltr'><strong>geni-</strong></span> 
     </span>
    </p>
   </div>
   <div class='ocr_carea' id='block_1_55' title="bbox 2362 2687 3970 2755">
    <p class='ocr_par' dir='ltr' id='par_1_55' title="bbox 2362 2687 3970 2755">
     <span class='ocr_line' id='line_1_55' title="bbox 2362 2687 3970 2755; baseline -0.004 -9"><span class='ocrx_word' id='word_1_371' title='bbox 2362 2704 2450 2746; x_wconf 88' lang='lat' dir='ltr'><strong>tus</strong></span> <span class='ocrx_word' id='word_1_372' title='bbox 2488 2703 2591 2755; x_wconf 86' lang='lat' dir='ltr'><strong>est,</strong></span> <span class='ocrx_word' id='word_1_373' title='bbox 2622 2708 2733 2747; x_wconf 92' lang='lat' dir='ltr'><strong>non</strong></span> <span class='ocrx_word' id='word_1_374' title='bbox 2771 2695 2921 2747; x_wconf 85' lang='lat' dir='ltr'><strong>recte</strong></span> <span class='ocrx_word' id='word_1_375' title='bbox 2957 2692 3304 2746; x_wconf 83' lang='lat' dir='ltr'><strong>identitatcm</strong></span> <span class='ocrx_word' id='word_1_376' title='bbox 3334 2689 3404 2743; x_wconf 92' lang='lat' dir='ltr'><strong>de</strong></span> <span class='ocrx_word' id='word_1_377' title='bbox 3428 2687 3807 2748; x_wconf 81' lang='lat' dir='ltr'><strong>mediotollis.</strong></span> <span class='ocrx_word' id='word_1_378' title='bbox 3842 2701 3970 2754; x_wconf 61' lang='lat' dir='ltr'><strong>qua</strong></span> 
     </span>
    </p>
   </div>
   <div class='ocr_carea' id='block_1_56' title="bbox 2364 2777 3968 2852">
    <p class='ocr_par' dir='ltr' id='par_1_56' title="bbox 2364 2777 3968 2852">
     <span class='ocr_line' id='line_1_56' title="bbox 2364 2777 3968 2852; baseline -0.007 -13"><span class='ocrx_word' id='word_1_379' title='bbox 2364 2785 2500 2840; x_wconf 83' lang='lat' dir='ltr'><strong>nihil</strong></span> <span class='ocrx_word' id='word_1_380' title='bbox 2541 2783 2694 2838; x_wconf 84' lang='lat' dir='ltr'><strong>aliud</strong></span> <span class='ocrx_word' id='word_1_381' title='bbox 2725 2792 2832 2846; x_wconf 85' lang='lat' dir='ltr'><strong>est,</strong></span> <span class='ocrx_word' id='word_1_382' title='bbox 2885 2797 3051 2852; x_wconf 89' lang='lat' dir='ltr'><strong>quam</strong></span> <span class='ocrx_word' id='word_1_383' title='bbox 3105 2791 3318 2835; x_wconf 81' lang='lat' dir='ltr'><strong>natura:</strong></span> <span class='ocrx_word' id='word_1_384' title='bbox 3353 2780 3659 2848; x_wconf 82' lang='lat' dir='ltr'><strong>specimen,</strong></span> <span class='ocrx_word' id='word_1_385' title='bbox 3699 2777 3968 2829; x_wconf 87' lang='lat' dir='ltr'><strong>nimirum</strong></span> 
     </span>
    </p>
   </div>
   <div class='ocr_carea' id='block_1_57' title="bbox 2363 2869 3981 2943">
    <p class='ocr_par' dir='ltr' id='par_1_57' title="bbox 2363 2869 3981 2943">
     <span class='ocr_line' id='line_1_57' title="bbox 2363 2869 3981 2943; baseline -0.005 -13"><span class='ocrx_word' id='word_1_386' title='bbox 2363 2889 2425 2931; x_wconf 90' lang='lat' dir='ltr'><strong>ut</strong></span> <span class='ocrx_word' id='word_1_387' title='bbox 2478 2877 2629 2931; x_wconf 91' lang='lat' dir='ltr'><strong>nulla</strong></span> <span class='ocrx_word' id='word_1_388' title='bbox 2680 2876 3065 2930; x_wconf 88' lang='lat' dir='ltr'><strong>immutatione</strong></span> <span class='ocrx_word' id='word_1_389' title='bbox 3119 2875 3260 2933; x_wconf 86' lang='lat' dir='ltr'><strong>facta</strong></span> <span class='ocrx_word' id='word_1_390' title='bbox 3317 2872 3572 2943; x_wconf 81' lang='lat' dir='ltr'><strong>genitura</strong></span> <span class='ocrx_word' id='word_1_391' title='bbox 3604 2871 3675 2925; x_wconf 89' lang='lat' dir='ltr'><strong>sit</strong></span> <span class='ocrx_word' id='word_1_392' title='bbox 3725 2869 3981 2940; x_wconf 74' lang='lat' dir='ltr'><strong>genitori</strong></span> 
     </span>
    </p>
   </div>
   <div class='ocr_carea' id='block_1_58' title="bbox 2364 2972 3911 3026">
    <p class='ocr_par' dir='ltr' id='par_1_58' title="bbox 2364 2972 3911 3026">
     <span class='ocr_line' id='line_1_58' title="bbox 2364 2972 3911 3026; baseline 0.002 0"><span class='ocrx_word' id='word_1_393' title='bbox 2364 2972 2584 3026; x_wconf 86' lang='lat' dir='ltr'><strong>similis.</strong></span> <span class='ocrx_word' id='word_1_394' title='bbox 3906 2976 3911 2982; x_wconf 75' lang='grc'><em>’</em></span> 
     </span>
    </p>
   </div>
   <div class='ocr_carea' id='block_1_59' title="bbox 2441 3083 3974 3155">
    <p class='ocr_par' dir='ltr' id='par_1_59' title="bbox 2441 3083 3974 3155">
     <span class='ocr_line' id='line_1_59' title="bbox 2441 3083 3974 3155; baseline -0.005 -13"><span class='ocrx_word' id='word_1_395' title='bbox 2441 3088 2682 3143; x_wconf 80' lang='lat' dir='ltr'><strong>Rursum</strong></span> <span class='ocrx_word' id='word_1_396' title='bbox 2718 3088 2761 3141; x_wconf 90' lang='lat' dir='ltr'><strong>si</strong></span> <span class='ocrx_word' id='word_1_397' title='bbox 2809 3087 3115 3155; x_wconf 80' lang='lat' dir='ltr'><strong>ingenitum</strong></span> <span class='ocrx_word' id='word_1_398' title='bbox 3151 3096 3206 3141; x_wconf 91' lang='lat' dir='ltr'><strong>ct</strong></span> <span class='ocrx_word' id='word_1_399' title='bbox 3237 3084 3485 3155; x_wconf 87' lang='lat' dir='ltr'><strong>genitum</strong></span> <span class='ocrx_word' id='word_1_400' title='bbox 3519 3098 3621 3154; x_wconf 89' lang='lat' dir='ltr'><strong>pro</strong></span> <span class='ocrx_word' id='word_1_401' title='bbox 3674 3083 3974 3152; x_wconf 80' lang='lat' dir='ltr'><strong>ingenera-</strong></span> 
     </span>
    </p>
   </div>
   <div class='ocr_carea' id='block_1_60' title="bbox 2370 3176 3972 3251">
    <p class='ocr_par' dir='ltr' id='par_1_60' title="bbox 2370 3176 3972 3251">
     <span class='ocr_line' id='line_1_60' title="bbox 2370 3176 3972 3251; baseline -0.007 -15"><span class='ocrx_word' id='word_1_402' title='bbox 2370 3183 2519 3236; x_wconf 89' lang='lat' dir='ltr'><strong>tionc</strong></span> <span class='ocrx_word' id='word_1_403' title='bbox 2550 3191 2606 3234; x_wconf 88' lang='lat' dir='ltr'><strong>et</strong></span> <span class='ocrx_word' id='word_1_404' title='bbox 2630 3181 2989 3251; x_wconf 88' lang='lat' dir='ltr'><strong>generatione</strong></span> <span class='ocrx_word' id='word_1_405' title='bbox 3019 3195 3226 3243; x_wconf 84' lang='lat' dir='ltr'><strong>sumas,</strong></span> <span class='ocrx_word' id='word_1_406' title='bbox 3257 3193 3367 3232; x_wconf 87' lang='lat' dir='ltr'><strong>non</strong></span> <span class='ocrx_word' id='word_1_407' title='bbox 3410 3177 3554 3232; x_wconf 87' lang='lat' dir='ltr'><strong>idem</strong></span> <span class='ocrx_word' id='word_1_408' title='bbox 3589 3176 3692 3231; x_wconf 86' lang='lat' dir='ltr'><strong>sibi</strong></span> <span class='ocrx_word' id='word_1_409' title='bbox 3730 3176 3921 3229; x_wconf 85' lang='lat' dir='ltr'><strong>volunt</strong></span> <span class='ocrx_word' id='word_1_410' title='bbox 3954 3191 3972 3236; x_wconf 89' lang='lat'><strong>;</strong></span> 
     </span>
    </p>
   </div>
   <div class='ocr_carea' id='block_1_61' title="bbox 652 3251 3980 3353">
    <p class='ocr_par' dir='ltr' id='par_1_61' title="bbox 652 3251 3980 3353">
     <span class='ocr_line' id='line_1_61' title="bbox 652 3251 3980 3353; baseline 0.003 -42"><span class='ocrx_word' id='word_1_411' title='bbox 652 3251 1048 3353; x_wconf 35' lang='lat' dir='ltr'><strong>[tilium-inest.</strong></span> <span class='ocrx_word' id='word_1_412' title='bbox 1098 3261 1152 3316; x_wconf 88' lang='lat' dir='ltr'><strong>Si</strong></span> <span class='ocrx_word' id='word_1_413' title='bbox 1187 3266 1334 3318; x_wconf 85' lang='lat' dir='ltr'><strong>enim</strong></span> <span class='ocrx_word' id='word_1_414' title='bbox 1369 3270 1475 3322; x_wconf 91' lang='lat' dir='ltr'><strong>sibi</strong></span> <span class='ocrx_word' id='word_1_415' title='bbox 1534 3275 1780 3331; x_wconf 80' lang='lat' dir='ltr'><strong>adfuisse</strong></span> <span class='ocrx_word' id='word_1_416' title='bbox 1814 3251 2087 3347; x_wconf 74' lang='lat' dir='ltr'><strong>dicamus,</strong></span> <span class='ocrx_word' id='word_1_417' title='bbox 2131 3294 2260 3340; x_wconf 85' lang='lat' dir='ltr'><strong>tunc</strong></span> <span class='ocrx_word' id='word_1_418' title='bbox 2290 3299 2332 3353; x_wconf 71' lang='grc' dir='ltr'>ε</span> <span class='ocrx_word' id='word_1_419' title='bbox 2368 3284 2424 3329; x_wconf 88' lang='lat' dir='ltr'><strong>at</strong></span> <span class='ocrx_word' id='word_1_420' title='bbox 2464 3274 2508 3326; x_wconf 88' lang='lat' dir='ltr'><strong>si</strong></span> <span class='ocrx_word' id='word_1_421' title='bbox 2555 3290 2654 3342; x_wconf 90' lang='lat' dir='ltr'><strong>pro</strong></span> <span class='ocrx_word' id='word_1_422' title='bbox 2695 3274 2912 3328; x_wconf 90' lang='lat' dir='ltr'><strong>naturis</strong></span> <span class='ocrx_word' id='word_1_423' title='bbox 2978 3273 3088 3326; x_wconf 91' lang='lat' dir='ltr'><strong>illis</strong></span> <span class='ocrx_word' id='word_1_424' title='bbox 3153 3272 3206 3326; x_wconf 88' lang='lat' dir='ltr'><strong>in</strong></span> <span class='ocrx_word' id='word_1_425' title='bbox 3279 3270 3487 3341; x_wconf 90' lang='lat' dir='ltr'><strong>quibus</strong></span> <span class='ocrx_word' id='word_1_426' title='bbox 3539 3269 3882 3340; x_wconf 83' lang='lat' dir='ltr'><strong>ingeneratio</strong></span> <span class='ocrx_word' id='word_1_427' title='bbox 3918 3279 3980 3322; x_wconf 80' lang='lat' dir='ltr'><strong>et</strong></span> 
     </span>
    </p>
   </div>
   <div class='ocr_carea' id='block_1_62' title="bbox 651 3344 2255 3433">
    <p class='ocr_par' dir='ltr' id='par_1_62' title="bbox 651 3344 2255 3433">
     <span class='ocr_line' id='line_1_62' title="bbox 651 3344 2255 3433; baseline 0.025 -40"><span class='ocrx_word' id='word_1_428' title='bbox 651 3344 746 3410; x_wconf 90' lang='lat' dir='ltr'><strong>qui</strong></span> <span class='ocrx_word' id='word_1_429' title='bbox 808 3345 1008 3401; x_wconf 74' lang='lat' dir='ltr'><strong>Filium</strong></span> <span class='ocrx_word' id='word_1_430' title='bbox 1067 3353 1423 3423; x_wconf 87' lang='lat' dir='ltr'><strong>simplicitate</strong></span> <span class='ocrx_word' id='word_1_431' title='bbox 1497 3364 1645 3421; x_wconf 79' lang='lat' dir='ltr'><strong>Patri</strong></span> <span class='ocrx_word' id='word_1_432' title='bbox 1719 3344 2255 3433; x_wconf 77' lang='lat' dir='ltr'><strong>consubstantialem</strong></span> 
     </span>
    </p>
   </div>
   <div class='ocr_carea' id='block_1_63' title="bbox 654 3437 2258 3525">
    <p class='ocr_par' dir='ltr' id='par_1_63' title="bbox 654 3437 2258 3525">
     <span class='ocr_line' id='line_1_63' title="bbox 654 3437 2258 3525; baseline 0.023 -37"><span class='ocrx_word' id='word_1_433' title='bbox 654 3437 1089 3511; x_wconf 87' lang='lat' dir='ltr'><strong>introducimus,</strong></span> <span class='ocrx_word' id='word_1_434' title='bbox 1119 3451 1380 3504; x_wconf 87' lang='lat' dir='ltr'><strong>eumdem</strong></span> <span class='ocrx_word' id='word_1_435' title='bbox 1417 3472 1522 3510; x_wconf 88' lang='lat' dir='ltr'><strong>una</strong></span> <span class='ocrx_word' id='word_1_436' title='bbox 1560 3476 1684 3514; x_wconf 83' lang='lat' dir='ltr'><strong>eum</strong></span> <span class='ocrx_word' id='word_1_437' title='bbox 1717 3463 1854 3517; x_wconf 88' lang='lat' dir='ltr'><strong>Filio</strong></span> <span class='ocrx_word' id='word_1_438' title='bbox 1885 3482 2009 3521; x_wconf 77' lang='lat' dir='ltr'><strong>esse</strong></span> <span class='ocrx_word' id='word_1_439' title='bbox 2075 3473 2258 3525; x_wconf 83' lang='lat' dir='ltr'><strong>nasci-</strong></span> 
     </span>
    </p>
   </div>
   <div class='ocr_carea' id='block_1_64' title="bbox 653 3541 2262 3631">
    <p class='ocr_par' dir='ltr' id='par_1_64' title="bbox 653 3541 2262 3631">
     <span class='ocr_line' id='line_1_64' title="bbox 653 3541 2262 3631; baseline 0.021 -47"><span class='ocrx_word' id='word_1_440' title='bbox 653 3550 758 3600; x_wconf 69' lang='lat' dir='ltr'><strong>que</strong></span> <span class='ocrx_word' id='word_1_441' title='bbox 790 3541 1205 3596; x_wconf 85' lang='lat' dir='ltr'><strong>eonlitcbimnr.</strong></span> <span class='ocrx_word' id='word_1_442' title='bbox 1239 3544 1334 3600; x_wconf 90' lang='lat' dir='ltr'><strong>Sin</strong></span> <span class='ocrx_word' id='word_1_443' title='bbox 1365 3550 1609 3608; x_wconf 76' lang='lat' dir='ltr'><strong>adfuisse</strong></span> <span class='ocrx_word' id='word_1_444' title='bbox 1643 3571 1932 3624; x_wconf 71' lang='lat' dir='ltr'><strong>negem-ts,</strong></span> <span class='ocrx_word' id='word_1_445' title='bbox 1977 3563 2081 3615; x_wconf 77' lang='lat' dir='ltr'><strong>hoc</strong></span> <span class='ocrx_word' id='word_1_446' title='bbox 2122 3581 2262 3631; x_wconf 87' lang='lat' dir='ltr'><strong>quo-</strong></span> 
     </span>
    </p>
   </div>
   <div class='ocr_carea' id='block_1_65' title="bbox 651 3633 2259 3716">
    <p class='ocr_par' dir='ltr' id='par_1_65' title="bbox 651 3633 2259 3716">
     <span class='ocr_line' id='line_1_65' title="bbox 651 3633 2259 3716; baseline 0.024 -43"><span class='ocrx_word' id='word_1_447' title='bbox 651 3643 761 3691; x_wconf 88' lang='lat' dir='ltr'><strong>que</strong></span> <span class='ocrx_word' id='word_1_448' title='bbox 800 3633 1045 3695; x_wconf 66' lang='lat' dir='ltr'><strong>pat&#39;ioid</strong></span> <span class='ocrx_word' id='word_1_449' title='bbox 1104 3635 1583 3706; x_wconf 86' lang='lat' dir='ltr'><strong>adulterabimus,</strong></span> <span class='ocrx_word' id='word_1_450' title='bbox 1629 3650 1779 3716; x_wconf 87' lang='lat' dir='ltr'><strong>quod</strong></span> <span class='ocrx_word' id='word_1_451' title='bbox 1842 3669 1903 3704; x_wconf 76' lang='lat' dir='ltr'><strong>ea</strong></span> <span class='ocrx_word' id='word_1_452' title='bbox 1956 3653 2009 3706; x_wconf 88' lang='lat' dir='ltr'><strong>in</strong></span> <span class='ocrx_word' id='word_1_453' title='bbox 2062 3667 2259 3711; x_wconf 87' lang='lat' dir='ltr'><strong>natura</strong></span> 
     </span>
    </p>
   </div>
   <div class='ocr_carea' id='block_1_66' title="bbox 655 3720 2263 3816">
    <p class='ocr_par' dir='ltr' id='par_1_66' title="bbox 655 3720 2263 3816">
     <span class='ocr_line' id='line_1_66' title="bbox 655 3720 2263 3816; baseline 0.024 -49"><span class='ocrx_word' id='word_1_454' title='bbox 655 3720 885 3787; x_wconf 69' lang='lat' dir='ltr'><strong>simplex</strong></span> <span class='ocrx_word' id='word_1_455' title='bbox 917 3739 971 3778; x_wconf 90' lang='lat' dir='ltr'><strong>et</strong></span> <span class='ocrx_word' id='word_1_456' title='bbox 996 3730 1418 3797; x_wconf 80' lang='lat' dir='ltr'><strong>compositionis</strong></span> <span class='ocrx_word' id='word_1_457' title='bbox 1454 3752 1658 3807; x_wconf 77' lang='lat' dir='ltr'><strong>expers</strong></span> <span class='ocrx_word' id='word_1_458' title='bbox 1695 3753 1776 3797; x_wconf 91' lang='lat' dir='ltr'><strong>est</strong></span> <span class='ocrx_word' id='word_1_459' title='bbox 1813 3763 1824 3797; x_wconf 90' lang='lat'><strong>:</strong></span> <span class='ocrx_word' id='word_1_460' title='bbox 1867 3759 2032 3816; x_wconf 82' lang='lat' dir='ltr'><strong>atque.</strong></span> <span class='ocrx_word' id='word_1_461' title='bbox 2069 3766 2174 3803; x_wconf 87' lang='lat' dir='ltr'><strong>una</strong></span> <span class='ocrx_word' id='word_1_462' title='bbox 2206 3739 2263 3806; x_wconf 76' lang='lat' dir='ltr'><strong>et</strong></span> 
     </span>
    </p>
   </div>
   <div class='ocr_carea' id='block_1_67' title="bbox 655 3815 2264 3902">
    <p class='ocr_par' dir='ltr' id='par_1_67' title="bbox 655 3815 2264 3902">
     <span class='ocr_line' id='line_1_67' title="bbox 655 3815 2264 3902; baseline 0.025 -42"><span class='ocrx_word' id='word_1_463' title='bbox 655 3815 849 3868; x_wconf 79' lang='lat' dir='ltr'><strong>eadem</strong></span> <span class='ocrx_word' id='word_1_464' title='bbox 898 3834 1065 3886; x_wconf 80' lang='lat' dir='ltr'><strong>opera</strong></span> <span class='ocrx_word' id='word_1_465' title='bbox 1126 3839 1253 3877; x_wconf 84' lang='lat' dir='ltr'><strong>eum</strong></span> <span class='ocrx_word' id='word_1_466' title='bbox 1310 3827 1370 3890; x_wconf 75' lang='grc' dir='ltr'><strong>ἐξ</strong></span> <span class='ocrx_word' id='word_1_467' title='bbox 1406 3831 1506 3882; x_wconf 71' lang='grc' dir='ltr'><strong>οὐκ</strong></span> <span class='ocrx_word' id='word_1_468' title='bbox 1567 3834 1761 3900; x_wconf 68' lang='grc' dir='ltr'><strong>ὄντων,</strong></span> <span class='ocrx_word' id='word_1_469' title='bbox 1807 3839 1858 3891; x_wconf 90' lang='lat' dir='ltr'><strong>id</strong></span> <span class='ocrx_word' id='word_1_470' title='bbox 1914 3815 2016 3902; x_wconf 79' lang='lat' dir='ltr'><strong>est.</strong></span> <span class='ocrx_word' id='word_1_471' title='bbox 2061 3862 2124 3897; x_wconf 76' lang='lat' dir='ltr'><strong>ex</strong></span> <span class='ocrx_word' id='word_1_472' title='bbox 2197 3847 2264 3901; x_wconf 86' lang='lat' dir='ltr'><strong>iis</strong></span> 
     </span>
    </p>
   </div>
   <div class='ocr_carea' id='block_1_68' title="bbox 656 3917 2264 3999">
    <p class='ocr_par' dir='ltr' id='par_1_68' title="bbox 656 3917 2264 3999">
     <span class='ocr_line' id='line_1_68' title="bbox 656 3917 2264 3999; baseline 0.022 -46"><span class='ocrx_word' id='word_1_473' title='bbox 656 3919 779 3971; x_wconf 73' lang='lat' dir='ltr'><strong>quae</strong></span> <span class='ocrx_word' id='word_1_474' title='bbox 819 3923 926 3960; x_wconf 86' lang='lat' dir='ltr'><strong>non</strong></span> <span class='ocrx_word' id='word_1_475' title='bbox 962 3921 1110 3971; x_wconf 78' lang='lat' dir='ltr'><strong>sinit,</strong></span> <span class='ocrx_word' id='word_1_476' title='bbox 1145 3929 1240 3966; x_wconf 88' lang='lat' dir='ltr'><strong>seu</strong></span> <span class='ocrx_word' id='word_1_477' title='bbox 1273 3917 1469 3981; x_wconf 88' lang='lat' dir='ltr'><strong>nihilo,</strong></span> <span class='ocrx_word' id='word_1_478' title='bbox 1498 3924 1646 3990; x_wconf 92' lang='lat' dir='ltr'><strong>quod</strong></span> <span class='ocrx_word' id='word_1_479' title='bbox 1681 3925 1767 3978; x_wconf 89' lang='lat' dir='ltr'><strong>isti</strong></span> <span class='ocrx_word' id='word_1_480' title='bbox 1801 3930 2015 3992; x_wconf 82' lang='lat' dir='ltr'><strong>volunt,</strong></span> <span class='ocrx_word' id='word_1_481' title='bbox 2039 3947 2264 3999; x_wconf 85' lang='lat' dir='ltr'><strong>proces-</strong></span> 
     </span>
    </p>
   </div>
   <div class='ocr_carea' id='block_1_69' title="bbox 659 4000 2267 4090">
    <p class='ocr_par' dir='ltr' id='par_1_69' title="bbox 659 4000 2267 4090">
     <span class='ocr_line' id='line_1_69' title="bbox 659 4000 2267 4090; baseline 0.021 -42"><span class='ocrx_word' id='word_1_482' title='bbox 659 4000 799 4050; x_wconf 72' lang='lat' dir='ltr'><strong>siSse</strong></span> <span class='ocrx_word' id='word_1_483' title='bbox 853 4004 1267 4062; x_wconf 81' lang='lat' dir='ltr'><strong>tonlcndintns.</strong></span> <span class='ocrx_word' id='word_1_484' title='bbox 1324 4010 1458 4063; x_wconf 64' lang='lat' dir='ltr'><strong>Nam</strong></span> <span class='ocrx_word' id='word_1_485' title='bbox 1510 4018 1606 4080; x_wconf 88' lang='lat' dir='ltr'><strong>qui</strong></span> <span class='ocrx_word' id='word_1_486' title='bbox 1678 4019 1782 4072; x_wconf 87' lang='lat' dir='ltr'><strong>sibi</strong></span> <span class='ocrx_word' id='word_1_487' title='bbox 1825 4021 1923 4090; x_wconf 68' lang='lat' dir='ltr'><strong>ipsi</strong></span> <span class='ocrx_word' id='word_1_488' title='bbox 1979 4040 2105 4076; x_wconf 82' lang='lat' dir='ltr'><strong>eum</strong></span> <span class='ocrx_word' id='word_1_489' title='bbox 2168 4043 2267 4080; x_wconf 85' lang='lat' dir='ltr'><strong>na-</strong></span> 
     </span>
    </p>
   </div>
   <div class='ocr_carea' id='block_1_70' title="bbox 660 4096 2268 4176">
    <p class='ocr_par' dir='ltr' id='par_1_70' title="bbox 660 4096 2268 4176">
     <span class='ocr_line' id='line_1_70' title="bbox 660 4096 2268 4176; baseline 0.021 -36"><span class='ocrx_word' id='word_1_490' title='bbox 660 4096 834 4145; x_wconf 84' lang='lat' dir='ltr'><strong>scitur</strong></span> <span class='ocrx_word' id='word_1_491' title='bbox 871 4111 977 4148; x_wconf 90' lang='lat' dir='ltr'><strong>non</strong></span> <span class='ocrx_word' id='word_1_492' title='bbox 1020 4098 1198 4163; x_wconf 88' lang='lat' dir='ltr'><strong>adest,</strong></span> <span class='ocrx_word' id='word_1_493' title='bbox 1239 4101 1285 4155; x_wconf 89' lang='lat' dir='ltr'><strong>is</strong></span> <span class='ocrx_word' id='word_1_494' title='bbox 1334 4107 1488 4160; x_wconf 90' lang='lat' dir='ltr'><strong>nullo</strong></span> <span class='ocrx_word' id='word_1_495' title='bbox 1535 4124 1766 4176; x_wconf 87' lang='lat' dir='ltr'><strong>prorsus</strong></span> <span class='ocrx_word' id='word_1_496' title='bbox 1825 4116 1990 4167; x_wconf 88' lang='lat' dir='ltr'><strong>modo</strong></span> <span class='ocrx_word' id='word_1_497' title='bbox 2043 4128 2169 4173; x_wconf 88' lang='lat' dir='ltr'><strong>est:</strong></span> <span class='ocrx_word' id='word_1_498' title='bbox 2209 4130 2268 4173; x_wconf 89' lang='lat' dir='ltr'><strong>ut</strong></span> 
     </span>
    </p>
   </div>
   <div class='ocr_carea' id='block_1_71' title="bbox 661 4187 2268 4281">
    <p class='ocr_par' dir='ltr' id='par_1_71' title="bbox 661 4187 2268 4281">
     <span class='ocr_line' id='line_1_71' title="bbox 661 4187 2268 4281; baseline 0.02 -46"><span class='ocrx_word' id='word_1_499' title='bbox 661 4187 752 4252; x_wconf 86' lang='lat' dir='ltr'><strong>qui</strong></span> <span class='ocrx_word' id='word_1_500' title='bbox 785 4199 944 4241; x_wconf 86' lang='lat' dir='ltr'><strong>antea</strong></span> <span class='ocrx_word' id='word_1_501' title='bbox 979 4207 1085 4244; x_wconf 80' lang='lat' dir='ltr'><strong>non</strong></span> <span class='ocrx_word' id='word_1_502' title='bbox 1125 4206 1288 4260; x_wconf 85' lang='lat' dir='ltr'><strong>esset,</strong></span> <span class='ocrx_word' id='word_1_503' title='bbox 1321 4211 1513 4266; x_wconf 84' lang='lat' dir='ltr'><strong>postea</strong></span> <span class='ocrx_word' id='word_1_504' title='bbox 1549 4219 1680 4257; x_wconf 68' lang='lat' dir='ltr'><strong>vero</strong></span> <span class='ocrx_word' id='word_1_505' title='bbox 1729 4217 1913 4271; x_wconf 73' lang='lat' dir='ltr'><strong>natus,</strong></span> <span class='ocrx_word' id='word_1_506' title='bbox 1950 4225 2013 4262; x_wconf 71' lang='lat' dir='ltr'><strong>ex</strong></span> <span class='ocrx_word' id='word_1_507' title='bbox 2053 4210 2122 4264; x_wconf 88' lang='lat' dir='ltr'><strong>iis</strong></span> <span class='ocrx_word' id='word_1_508' title='bbox 2144 4229 2268 4281; x_wconf 79' lang='lat' dir='ltr'><strong>qute</strong></span> 
     </span>
    </p>
   </div>
   <div class='ocr_carea' id='block_1_72' title="bbox 662 4289 2265 4368">
    <p class='ocr_par' dir='ltr' id='par_1_72' title="bbox 662 4289 2265 4368">
     <span class='ocr_line' id='line_1_72' title="bbox 662 4289 2265 4368; baseline 0.017 -38"><span class='ocrx_word' id='word_1_509' title='bbox 662 4295 772 4332; x_wconf 88' lang='lat' dir='ltr'><strong>non</strong></span> <span class='ocrx_word' id='word_1_510' title='bbox 799 4291 930 4334; x_wconf 82' lang='lat' dir='ltr'><strong>sunt</strong></span> <span class='ocrx_word' id='word_1_511' title='bbox 982 4297 1164 4340; x_wconf 87' lang='lat' dir='ltr'><strong>ortum</strong></span> <span class='ocrx_word' id='word_1_512' title='bbox 1201 4289 1482 4346; x_wconf 86' lang='lat' dir='ltr'><strong>habuerit.</strong></span> <span class='ocrx_word' id='word_1_513' title='bbox 1533 4292 1723 4365; x_wconf 83' lang='lat' dir='ltr'><strong>Itaque</strong></span> <span class='ocrx_word' id='word_1_514' title='bbox 1759 4301 1907 4368; x_wconf 93' lang='lat' dir='ltr'><strong>quod</strong></span> <span class='ocrx_word' id='word_1_515' title='bbox 1945 4300 2074 4356; x_wconf 88' lang='lat' dir='ltr'><strong>inde</strong></span> <span class='ocrx_word' id='word_1_516' title='bbox 2126 4304 2265 4358; x_wconf 86' lang='lat' dir='ltr'><strong>infe-</strong></span> 
     </span>
    </p>
   </div>
   <div class='ocr_carea' id='block_1_73' title="bbox 665 4375 2265 4458">
    <p class='ocr_par' dir='ltr' id='par_1_73' title="bbox 665 4375 2265 4458">
     <span class='ocr_line' id='line_1_73' title="bbox 665 4375 2265 4458; baseline 0.018 -35"><span class='ocrx_word' id='word_1_517' title='bbox 665 4383 821 4436; x_wconf 86' lang='lat' dir='ltr'><strong>runt,</strong></span> <span class='ocrx_word' id='word_1_518' title='bbox 878 4375 982 4431; x_wconf 89' lang='lat' dir='ltr'><strong>hoc</strong></span> <span class='ocrx_word' id='word_1_519' title='bbox 1041 4388 1158 4441; x_wconf 91' lang='lat' dir='ltr'><strong>cst,</strong></span> <span class='ocrx_word' id='word_1_520' title='bbox 1211 4381 1383 4438; x_wconf 82' lang='lat' dir='ltr'><strong>fuisse</strong></span> <span class='ocrx_word' id='word_1_521' title='bbox 1445 4397 1664 4458; x_wconf 91' lang='lat' dir='ltr'><strong>tempus</strong></span> <span class='ocrx_word' id='word_1_522' title='bbox 1727 4406 1853 4445; x_wconf 81' lang='lat' dir='ltr'><strong>cum</strong></span> <span class='ocrx_word' id='word_1_523' title='bbox 1923 4393 2095 4448; x_wconf 83' lang='lat' dir='ltr'><strong>Filius</strong></span> <span class='ocrx_word' id='word_1_524' title='bbox 2156 4413 2265 4451; x_wconf 90' lang='lat' dir='ltr'><strong>non</strong></span> 
     </span>
    </p>
   </div>
   <div class='ocr_carea' id='block_1_74' title="bbox 664 4477 834 4530">
    <p class='ocr_par' dir='ltr' id='par_1_74' title="bbox 664 4477 834 4530">
     <span class='ocr_line' id='line_1_74' title="bbox 664 4477 834 4530; baseline 0 -14"><span class='ocrx_word' id='word_1_525' title='bbox 664 4477 834 4530; x_wconf 59' lang='lat' dir='ltr'><strong>esset,</strong></span> 
     </span>
    </p>
   </div>
   <div class='ocr_carea' id='block_1_75' title="bbox 735 4580 2268 4666">
    <p class='ocr_par' dir='ltr' id='par_1_75' title="bbox 735 4580 2268 4666">
     <span class='ocr_line' id='line_1_75' title="bbox 735 4580 2268 4666; baseline 0.014 -32"><span class='ocrx_word' id='word_1_526' title='bbox 735 4580 1007 4640; x_wconf 66' lang='lat' dir='ltr'><strong>Ceterum</strong></span> <span class='ocrx_word' id='word_1_527' title='bbox 1050 4588 1115 4641; x_wconf 90' lang='lat' dir='ltr'><strong>ad</strong></span> <span class='ocrx_word' id='word_1_528' title='bbox 1173 4590 1490 4658; x_wconf 77' lang='lat' dir='ltr'><strong>hujusmodi</strong></span> <span class='ocrx_word' id='word_1_529' title='bbox 1542 4595 1776 4651; x_wconf 91' lang='lat' dir='ltr'><strong>dubium</strong></span> <span class='ocrx_word' id='word_1_530' title='bbox 1831 4601 2268 4666; x_wconf 88' lang='lat' dir='ltr'><strong>retundendum,</strong></span> 
     </span>
    </p>
   </div>
   <div class='ocr_carea' id='block_1_76' title="bbox 2367 3363 3978 3435">
    <p class='ocr_par' dir='ltr' id='par_1_76' title="bbox 2367 3363 3978 3435">
     <span class='ocr_line' id='line_1_76' title="bbox 2367 3363 3978 3435; baseline -0.002 -16"><span class='ocrx_word' id='word_1_531' title='bbox 2367 3369 2656 3435; x_wconf 73' lang='lat' dir='ltr'><strong>generatio</strong></span> <span class='ocrx_word' id='word_1_532' title='bbox 2729 3367 3181 3424; x_wconf 82' lang='lat' dir='ltr'><strong>considerantur.</strong></span> <span class='ocrx_word' id='word_1_533' title='bbox 3243 3365 3376 3434; x_wconf 89' lang='lat' dir='ltr'><strong>quid</strong></span> <span class='ocrx_word' id='word_1_534' title='bbox 3426 3364 3609 3418; x_wconf 90' lang='lat' dir='ltr'><strong>obstat</strong></span> <span class='ocrx_word' id='word_1_535' title='bbox 3674 3363 3978 3432; x_wconf 87' lang='lat' dir='ltr'><strong>quominus</strong></span> 
     </span>
    </p>
   </div>
   <div class='ocr_carea' id='block_1_77' title="bbox 2369 3458 3976 3526">
    <p class='ocr_par' dir='ltr' id='par_1_77' title="bbox 2369 3458 3976 3526">
     <span class='ocr_line' id='line_1_77' title="bbox 2369 3458 3976 3526; baseline -0.006 -10"><span class='ocrx_word' id='word_1_536' title='bbox 2369 3462 2515 3516; x_wconf 91' lang='lat' dir='ltr'><strong>idem</strong></span> <span class='ocrx_word' id='word_1_537' title='bbox 2574 3462 2734 3515; x_wconf 79' lang='lat' dir='ltr'><strong>sint?</strong></span> <span class='ocrx_word' id='word_1_538' title='bbox 2788 3460 2924 3515; x_wconf 86' lang='lat' dir='ltr'><strong>Vide</strong></span> <span class='ocrx_word' id='word_1_539' title='bbox 2987 3459 3174 3524; x_wconf 91' lang='lat' dir='ltr'><strong>enim,</strong></span> <span class='ocrx_word' id='word_1_540' title='bbox 3245 3458 3517 3518; x_wconf 86' lang='lat' dir='ltr'><strong>Eunomi.</strong></span> <span class='ocrx_word' id='word_1_541' title='bbox 3585 3464 3976 3526; x_wconf 77' lang='lat' dir='ltr'><strong>argumentum</strong></span> 
     </span>
    </p>
   </div>
   <div class='ocr_carea' id='block_1_78' title="bbox 2370 3548 3973 3619">
    <p class='ocr_par' dir='ltr' id='par_1_78' title="bbox 2370 3548 3973 3619">
     <span class='ocr_line' id='line_1_78' title="bbox 2370 3548 3973 3619; baseline -0.006 -11"><span class='ocrx_word' id='word_1_542' title='bbox 2370 3564 2526 3608; x_wconf 80' lang='lat' dir='ltr'><strong>tuum</strong></span> <span class='ocrx_word' id='word_1_543' title='bbox 2560 3553 2665 3607; x_wconf 91' lang='lat' dir='ltr'><strong>alia</strong></span> <span class='ocrx_word' id='word_1_544' title='bbox 2691 3555 2972 3608; x_wconf 79' lang='lat' dir='ltr'><strong>inversum</strong></span> <span class='ocrx_word' id='word_1_545' title='bbox 3008 3553 3116 3606; x_wconf 81' lang='lat' dir='ltr'><strong>via.</strong></span> <span class='ocrx_word' id='word_1_546' title='bbox 3158 3549 3252 3605; x_wconf 78' lang='lat' dir='ltr'><strong>Est</strong></span> <span class='ocrx_word' id='word_1_547' title='bbox 3277 3550 3424 3619; x_wconf 91' lang='lat' dir='ltr'><strong>quod</strong></span> <span class='ocrx_word' id='word_1_548' title='bbox 3453 3551 3673 3618; x_wconf 79' lang='lat' dir='ltr'><strong>sapiens</strong></span> <span class='ocrx_word' id='word_1_549' title='bbox 3699 3548 3973 3606; x_wconf 66' lang='lat' dir='ltr'><strong>dicamus.</strong></span> 
     </span>
    </p>
   </div>
   <div class='ocr_carea' id='block_1_79' title="bbox 2369 3631 3974 3716">
    <p class='ocr_par' dir='ltr' id='par_1_79' title="bbox 2369 3631 3974 3716">
     <span class='ocr_line' id='line_1_79' title="bbox 2369 3631 3974 3716; baseline -0.004 -18"><span class='ocrx_word' id='word_1_550' title='bbox 2369 3646 2660 3716; x_wconf 83' lang='lat' dir='ltr'><strong>est-quod</strong></span> <span class='ocrx_word' id='word_1_551' title='bbox 2692 3655 2749 3699; x_wconf 88' lang='lat' dir='ltr'><strong>et</strong></span> <span class='ocrx_word' id='word_1_552' title='bbox 2793 3646 3095 3713; x_wconf 87' lang='lat' dir='ltr'><strong>insipiens;</strong></span> <span class='ocrx_word' id='word_1_553' title='bbox 3137 3642 3458 3712; x_wconf 88' lang='lat' dir='ltr'><strong>hujusmodi</strong></span> <span class='ocrx_word' id='word_1_554' title='bbox 3517 3631 3697 3711; x_wconf 71' lang='grc' dir='ltr'><strong>ροττὰ</strong></span> <span class='ocrx_word' id='word_1_555' title='bbox 3746 3641 3974 3694; x_wconf 80' lang='lat' dir='ltr'><strong>nomina</strong></span> 
     </span>
    </p>
   </div>
   <div class='ocr_carea' id='block_1_80' title="bbox 2371 3735 3982 3809">
    <p class='ocr_par' dir='ltr' id='par_1_80' title="bbox 2371 3735 3982 3809">
     <span class='ocr_line' id='line_1_80' title="bbox 2371 3735 3982 3809; baseline -0.005 -15"><span class='ocrx_word' id='word_1_556' title='bbox 2371 3757 2478 3794; x_wconf 89' lang='lat' dir='ltr'><strong>non</strong></span> <span class='ocrx_word' id='word_1_557' title='bbox 2536 3740 2680 3793; x_wconf 87' lang='lat' dir='ltr'><strong>idem</strong></span> <span class='ocrx_word' id='word_1_558' title='bbox 2730 3738 3080 3809; x_wconf 85' lang='lat' dir='ltr'><strong>significant;</strong></span> <span class='ocrx_word' id='word_1_559' title='bbox 3136 3751 3263 3791; x_wconf 91' lang='lat' dir='ltr'><strong>nam</strong></span> <span class='ocrx_word' id='word_1_560' title='bbox 3316 3751 3425 3805; x_wconf 85' lang='lat' dir='ltr'><strong>qua</strong></span> <span class='ocrx_word' id='word_1_561' title='bbox 3477 3735 3530 3789; x_wconf 93' lang='lat' dir='ltr'><strong>in</strong></span> <span class='ocrx_word' id='word_1_562' title='bbox 3572 3737 3653 3801; x_wconf 72' lang='lat' dir='ltr'><strong>ire</strong></span> <span class='ocrx_word' id='word_1_563' title='bbox 3708 3735 3982 3802; x_wconf 83' lang='lat' dir='ltr'><strong>insipiens</strong></span> 
     </span>
    </p>
   </div>
   <div class='ocr_carea' id='block_1_81' title="bbox 2369 3828 3974 3896">
    <p class='ocr_par' dir='ltr' id='par_1_81' title="bbox 2369 3828 3974 3896">
     <span class='ocr_line' id='line_1_81' title="bbox 2369 3828 3974 3896; baseline -0.004 -11"><span class='ocrx_word' id='word_1_564' title='bbox 2369 3848 2496 3886; x_wconf 85' lang='lat' dir='ltr'><strong>eum</strong></span> <span class='ocrx_word' id='word_1_565' title='bbox 2533 3833 2786 3896; x_wconf 84' lang='lat' dir='ltr'><strong>sapiente</strong></span> <span class='ocrx_word' id='word_1_566' title='bbox 2820 3831 2965 3885; x_wconf 91' lang='lat' dir='ltr'><strong>idem</strong></span> <span class='ocrx_word' id='word_1_567' title='bbox 3021 3829 3273 3884; x_wconf 79' lang='lat' dir='ltr'><strong>dixeris?</strong></span> <span class='ocrx_word' id='word_1_568' title='bbox 3322 3828 3500 3882; x_wconf 90' lang='lat' dir='ltr'><strong>nihilo</strong></span> <span class='ocrx_word' id='word_1_569' title='bbox 3543 3829 3726 3881; x_wconf 91' lang='lat' dir='ltr'><strong>minus</strong></span> <span class='ocrx_word' id='word_1_570' title='bbox 3789 3837 3974 3880; x_wconf 80' lang='lat' dir='ltr'><strong>tamen</strong></span> 
     </span>
    </p>
   </div>
   <div class='ocr_carea' id='block_1_82' title="bbox 2371 3919 3984 3983">
    <p class='ocr_par' dir='ltr' id='par_1_82' title="bbox 2371 3919 3984 3983">
     <span class='ocr_line' id='line_1_82' title="bbox 2371 3919 3984 3983; baseline -0.006 -4"><span class='ocrx_word' id='word_1_571' title='bbox 2371 3927 2427 3979; x_wconf 90' lang='lat' dir='ltr'><strong>in</strong></span> <span class='ocrx_word' id='word_1_572' title='bbox 2477 3926 2673 3980; x_wconf 89' lang='lat' dir='ltr'><strong>eodem</strong></span> <span class='ocrx_word' id='word_1_573' title='bbox 2734 3926 2961 3979; x_wconf 88' lang='lat' dir='ltr'><strong>homine</strong></span> <span class='ocrx_word' id='word_1_574' title='bbox 3021 3923 3487 3983; x_wconf 85' lang='lat' dir='ltr'><strong>considerantur,</strong></span> <span class='ocrx_word' id='word_1_575' title='bbox 3549 3935 3651 3975; x_wconf 91' lang='lat' dir='ltr'><strong>nec</strong></span> <span class='ocrx_word' id='word_1_576' title='bbox 3704 3919 3984 3973; x_wconf 74' lang='lat' dir='ltr'><strong>essentias</strong></span> 
     </span>
    </p>
   </div>
   <div class='ocr_carea' id='block_1_83' title="bbox 2373 4012 3980 4080">
    <p class='ocr_par' dir='ltr' id='par_1_83' title="bbox 2373 4012 3980 4080">
     <span class='ocr_line' id='line_1_83' title="bbox 2373 4012 3980 4080; baseline -0.002 -10"><span class='ocrx_word' id='word_1_577' title='bbox 2373 4018 2678 4080; x_wconf 75' lang='lat' dir='ltr'><strong>dissecant,</strong></span> <span class='ocrx_word' id='word_1_578' title='bbox 2729 4026 2785 4070; x_wconf 90' lang='lat' dir='ltr'><strong>at</strong></span> <span class='ocrx_word' id='word_1_579' title='bbox 2829 4018 2882 4070; x_wconf 89' lang='lat' dir='ltr'><strong>in</strong></span> <span class='ocrx_word' id='word_1_580' title='bbox 2932 4017 3194 4072; x_wconf 87' lang='lat' dir='ltr'><strong>essentiis</strong></span> <span class='ocrx_word' id='word_1_581' title='bbox 3253 4015 3642 4076; x_wconf 83' lang='lat' dir='ltr'><strong>dissecantur;</strong></span> <span class='ocrx_word' id='word_1_582' title='bbox 3701 4012 3806 4065; x_wconf 91' lang='lat' dir='ltr'><strong>hoc</strong></span> <span class='ocrx_word' id='word_1_583' title='bbox 3869 4021 3980 4066; x_wconf 61' lang='lat' dir='ltr'><strong>est.</strong></span> 
     </span>
    </p>
   </div>
   <div class='ocr_carea' id='block_1_84' title="bbox 2373 4104 3982 4178">
    <p class='ocr_par' dir='ltr' id='par_1_84' title="bbox 2373 4104 3982 4178">
     <span class='ocr_line' id='line_1_84' title="bbox 2373 4104 3982 4178; baseline -0.005 -14"><span class='ocrx_word' id='word_1_584' title='bbox 2373 4127 2483 4164; x_wconf 89' lang='lat' dir='ltr'><strong>non</strong></span> <span class='ocrx_word' id='word_1_585' title='bbox 2521 4110 2683 4164; x_wconf 88' lang='lat' dir='ltr'><strong>aliam</strong></span> <span class='ocrx_word' id='word_1_586' title='bbox 2705 4111 3006 4164; x_wconf 90' lang='lat' dir='ltr'><strong>essentiam</strong></span> <span class='ocrx_word' id='word_1_587' title='bbox 3041 4108 3330 4178; x_wconf 84' lang='lat' dir='ltr'><strong>insipiens,</strong></span> <span class='ocrx_word' id='word_1_588' title='bbox 3367 4116 3531 4176; x_wconf 81' lang='lat' dir='ltr'><strong>atque</strong></span> <span class='ocrx_word' id='word_1_589' title='bbox 3560 4105 3721 4158; x_wconf 85' lang='lat' dir='ltr'><strong>aliam</strong></span> <span class='ocrx_word' id='word_1_590' title='bbox 3757 4104 3982 4170; x_wconf 69' lang='lat' dir='ltr'><strong>sap‘ens</strong></span> 
     </span>
    </p>
   </div>
   <div class='ocr_carea' id='block_1_85' title="bbox 2376 4197 3988 4273">
    <p class='ocr_par' dir='ltr' id='par_1_85' title="bbox 2376 4197 3988 4273">
     <span class='ocr_line' id='line_1_85' title="bbox 2376 4197 3988 4273; baseline -0.006 -17"><span class='ocrx_word' id='word_1_591' title='bbox 2376 4203 2739 4258; x_wconf 85' lang='lat' dir='ltr'><strong>introducit:</strong></span> <span class='ocrx_word' id='word_1_592' title='bbox 2803 4200 3298 4273; x_wconf 75' lang='lat' dir='ltr'><strong>quemadmodum,</strong></span> <span class='ocrx_word' id='word_1_593' title='bbox 3360 4200 3515 4254; x_wconf 82' lang='lat' dir='ltr'><strong>verbi</strong></span> <span class='ocrx_word' id='word_1_594' title='bbox 3580 4208 3777 4269; x_wconf 75' lang='lat' dir='ltr'><strong>grata,</strong></span> <span class='ocrx_word' id='word_1_595' title='bbox 3835 4197 3988 4250; x_wconf 67' lang='lat' dir='ltr'><strong>licus</strong></span> 
     </span>
    </p>
   </div>
   <div class='ocr_carea' id='block_1_86' title="bbox 2373 4297 2658 4353">
    <p class='ocr_par' dir='ltr' id='par_1_86' title="bbox 2373 4297 2658 4353">
     <span class='ocr_line' id='line_1_86' title="bbox 2373 4297 2658 4353; baseline -0.007 0"><span class='ocrx_word' id='word_1_596' title='bbox 2373 4307 2430 4353; x_wconf 81' lang='lat' dir='ltr'><strong>et</strong></span> <span class='ocrx_word' id='word_1_597' title='bbox 2468 4297 2658 4351; x_wconf 88' lang='lat' dir='ltr'><strong>homo.</strong></span> 
     </span>
    </p>
   </div>
   <div class='ocr_carea' id='block_1_87' title="bbox 2451 4404 3989 4481">
    <p class='ocr_par' dir='ltr' id='par_1_87' title="bbox 2451 4404 3989 4481">
     <span class='ocr_line' id='line_1_87' title="bbox 2451 4404 3989 4481; baseline -0.008 -12"><span class='ocrx_word' id='word_1_598' title='bbox 2451 4413 2564 4469; x_wconf 89' lang='lat' dir='ltr'><strong>Cur</strong></span> <span class='ocrx_word' id='word_1_599' title='bbox 2595 4422 2781 4468; x_wconf 89' lang='lat' dir='ltr'><strong>autem</strong></span> <span class='ocrx_word' id='word_1_600' title='bbox 2832 4413 3004 4467; x_wconf 89' lang='lat' dir='ltr'><strong>solius</strong></span> <span class='ocrx_word' id='word_1_601' title='bbox 3043 4410 3274 4481; x_wconf 89' lang='lat' dir='ltr'><strong>ingeniti</strong></span> <span class='ocrx_word' id='word_1_602' title='bbox 3316 4409 3540 4464; x_wconf 90' lang='lat' dir='ltr'><strong>nomine</strong></span> <span class='ocrx_word' id='word_1_603' title='bbox 3593 4407 3835 4461; x_wconf 76' lang='lat' dir='ltr'><strong>divinam</strong></span> <span class='ocrx_word' id='word_1_604' title='bbox 3891 4404 3989 4458; x_wconf 79' lang='lat' dir='ltr'><strong>dc-</strong></span> 
     </span>
    </p>
   </div>
   <div class='ocr_carea' id='block_1_88' title="bbox 2379 4487 3988 4577">
    <p class='ocr_par' dir='ltr' id='par_1_88' title="bbox 2379 4487 3988 4577">
     <span class='ocr_line' id='line_1_88' title="bbox 2379 4487 3988 4577; baseline -0.006 -14"><span class='ocrx_word' id='word_1_605' title='bbox 2379 4512 2566 4577; x_wconf 75' lang='lat' dir='ltr'><strong>signas</strong></span> <span class='ocrx_word' id='word_1_606' title='bbox 2617 4507 2966 4562; x_wconf 87' lang='lat' dir='ltr'><strong>essentiam?</strong></span> <span class='ocrx_word' id='word_1_607' title='bbox 3009 4505 3122 4559; x_wconf 85' lang='lat' dir='ltr'><strong>Cur</strong></span> <span class='ocrx_word' id='word_1_608' title='bbox 3162 4519 3269 4558; x_wconf 77' lang='lat' dir='ltr'><strong>non</strong></span> <span class='ocrx_word' id='word_1_609' title='bbox 3318 4518 3474 4573; x_wconf 83' lang='lat' dir='ltr'><strong>:eque</strong></span> <span class='ocrx_word' id='word_1_610' title='bbox 3524 4487 3988 4557; x_wconf 73' lang='lat' dir='ltr'><strong>immortalitatis.</strong></span> 
     </span>
    </p>
   </div>
   <div class='ocr_carea' id='block_1_89' title="bbox 2385 4592 3990 4665">
    <p class='ocr_par' dir='ltr' id='par_1_89' title="bbox 2385 4592 3990 4665">
     <span class='ocr_line' id='line_1_89' title="bbox 2385 4592 3990 4665; baseline -0.009 -7"><span class='ocrx_word' id='word_1_611' title='bbox 2385 4603 2716 4665; x_wconf 66' lang='lat' dir='ltr'><strong>clementiae,</strong></span> <span class='ocrx_word' id='word_1_612' title='bbox 2752 4609 2808 4656; x_wconf 87' lang='lat' dir='ltr'><strong>et</strong></span> <span class='ocrx_word' id='word_1_613' title='bbox 2847 4599 3248 4654; x_wconf 80' lang='lat' dir='ltr'><strong>immolationis</strong></span> <span class='ocrx_word' id='word_1_614' title='bbox 3301 4612 3501 4650; x_wconf 90' lang='lat' dir='ltr'><strong>nomen</strong></span> <span class='ocrx_word' id='word_1_615' title='bbox 3532 4593 3814 4649; x_wconf 82' lang='lat' dir='ltr'><strong>assumis?</strong></span> <span class='ocrx_word' id='word_1_616' title='bbox 3861 4592 3990 4644; x_wconf 71' lang='lat' dir='ltr'><strong>lla-c</strong></span> 
     </span>
    </p>
   </div>
   <div class='ocr_carea' id='block_1_90' title="bbox 666 4663 2273 4762">
    <p class='ocr_par' dir='ltr' id='par_1_90' title="bbox 666 4676 2269 4762">
     <span class='ocr_line' id='line_1_90' title="bbox 666 4676 2269 4762; baseline 0.011 -33"><span class='ocrx_word' id='word_1_617' title='bbox 666 4676 854 4731; x_wconf 76' lang='lat' dir='ltr'><strong>Patres</strong></span> <span class='ocrx_word' id='word_1_618' title='bbox 887 4680 1001 4735; x_wconf 72' lang='lat' dir='ltr'><strong>luce</strong></span> <span class='ocrx_word' id='word_1_619' title='bbox 1037 4683 1307 4738; x_wconf 71' lang='lat' dir='ltr'><strong>Erinomio</strong></span> <span class='ocrx_word' id='word_1_620' title='bbox 1339 4689 1585 4743; x_wconf 76' lang='lat' dir='ltr'><strong>vicissim</strong></span> <span class='ocrx_word' id='word_1_621' title='bbox 1615 4691 1924 4762; x_wconf 89' lang='lat' dir='ltr'><strong>objiciunt,</strong></span> <span class='ocrx_word' id='word_1_622' title='bbox 1974 4704 2028 4748; x_wconf 92' lang='lat' dir='ltr'><strong>et</strong></span> <span class='ocrx_word' id='word_1_623' title='bbox 2059 4695 2111 4747; x_wconf 90' lang='lat' dir='ltr'><strong>in</strong></span> <span class='ocrx_word' id='word_1_624' title='bbox 2162 4695 2269 4753; x_wconf 83' lang='lat' dir='ltr'><strong>nri-</strong></span> 
     </span>
    </p>
   </div>
   <div class='ocr_carea' id='block_1_91' title="bbox 2372 4663 3989 4762">
    <p class='ocr_par' dir='ltr' id='par_1_91' title="bbox 2384 4687 3989 4758">
     <span class='ocr_line' id='line_1_91' title="bbox 2384 4687 3989 4758; baseline -0.011 -9"><span class='ocrx_word' id='word_1_625' title='bbox 2384 4698 2532 4749; x_wconf 81' lang='lat' dir='ltr'><strong>enim</strong></span> <span class='ocrx_word' id='word_1_626' title='bbox 2585 4696 2781 4750; x_wconf 78' lang='lat' dir='ltr'><strong>eodem</strong></span> <span class='ocrx_word' id='word_1_627' title='bbox 2828 4690 3130 4747; x_wconf 83' lang='lat' dir='ltr'><strong>locutionis</strong></span> <span class='ocrx_word' id='word_1_628' title='bbox 3185 4704 3387 4758; x_wconf 83' lang='lat' dir='ltr'><strong>genere</strong></span> <span class='ocrx_word' id='word_1_629' title='bbox 3415 4689 3482 4743; x_wconf 87' lang='lat' dir='ltr'><strong>de</strong></span> <span class='ocrx_word' id='word_1_630' title='bbox 3531 4687 3638 4741; x_wconf 86' lang='lat' dir='ltr'><strong>Deo</strong></span> <span class='ocrx_word' id='word_1_631' title='bbox 3697 4687 3989 4739; x_wconf 77' lang='lat' dir='ltr'><strong>dicuntur.</strong></span> 
     </span>
    </p>
   </div>
   <div class='ocr_carea' id='block_1_92' title="bbox 667 4773 2268 4859">
    <p class='ocr_par' dir='ltr' id='par_1_92' title="bbox 667 4773 2268 4859">
     <span class='ocr_line' id='line_1_92' title="bbox 667 4773 2268 4859; baseline 0.021 -38"><span class='ocrx_word' id='word_1_632' title='bbox 667 4773 770 4823; x_wconf 84' lang='lat' dir='ltr'><strong>mis</strong></span> <span class='ocrx_word' id='word_1_633' title='bbox 802 4789 1055 4830; x_wconf 86' lang='lat' dir='ltr'><strong>summus</strong></span> <span class='ocrx_word' id='word_1_634' title='bbox 1103 4779 1193 4832; x_wconf 92' lang='lat' dir='ltr'><strong>ille</strong></span> <span class='ocrx_word' id='word_1_635' title='bbox 1236 4782 1531 4853; x_wconf 83' lang='lat' dir='ltr'><strong>theologus</strong></span> <span class='ocrx_word' id='word_1_636' title='bbox 1572 4784 1879 4857; x_wconf 84' lang='lat' dir='ltr'><strong>Gregorius</strong></span> <span class='ocrx_word' id='word_1_637' title='bbox 1917 4806 1929 4841; x_wconf 93' lang='lat'><strong>:</strong></span> <span class='ocrx_word' id='word_1_638' title='bbox 1963 4788 2073 4859; x_wconf 82' lang='lat' dir='ltr'><strong>Age</strong></span> <span class='ocrx_word' id='word_1_639' title='bbox 2114 4804 2268 4854; x_wconf 67' lang='lat' dir='ltr'><strong>vero.</strong></span> 
     </span>
    </p>
   </div>
   <div class='ocr_carea' id='block_1_93' title="bbox 666 4864 2267 4955">
    <p class='ocr_par' dir='ltr' id='par_1_93' title="bbox 666 4864 2267 4955">
     <span class='ocr_line' id='line_1_93' title="bbox 666 4864 2267 4955; baseline 0.014 -38"><span class='ocrx_word' id='word_1_640' title='bbox 666 4864 929 4928; x_wconf 79' lang='lat' dir='ltr'><strong>Eunomi.</strong></span> <span class='ocrx_word' id='word_1_641' title='bbox 978 4871 1175 4936; x_wconf 90' lang='lat' dir='ltr'><strong>tibine,</strong></span> <span class='ocrx_word' id='word_1_642' title='bbox 1220 4890 1346 4929; x_wconf 93' lang='lat' dir='ltr'><strong>cum</strong></span> <span class='ocrx_word' id='word_1_643' title='bbox 1382 4880 1715 4943; x_wconf 73' lang='lat' dir='ltr'><strong>irascereris,</strong></span> <span class='ocrx_word' id='word_1_644' title='bbox 1749 4882 1969 4944; x_wconf 80' lang='lat' dir='ltr'><strong>aderas,</strong></span> <span class='ocrx_word' id='word_1_645' title='bbox 2004 4899 2267 4955; x_wconf 89' lang='lat' dir='ltr'><strong>nuncquc</strong></span> 
     </span>
    </p>
   </div>
   <div class='ocr_carea' id='block_1_94' title="bbox 666 4959 2272 5047">
    <p class='ocr_par' dir='ltr' id='par_1_94' title="bbox 666 4959 2272 5047">
     <span class='ocr_line' id='line_1_94' title="bbox 666 4959 2272 5047; baseline 0.014 -38"><span class='ocrx_word' id='word_1_646' title='bbox 666 4959 820 5022; x_wconf 86' lang='lat' dir='ltr'><strong>ades,</strong></span> <span class='ocrx_word' id='word_1_647' title='bbox 885 4978 950 5014; x_wconf 92' lang='lat' dir='ltr'><strong>an</strong></span> <span class='ocrx_word' id='word_1_648' title='bbox 1014 4976 1275 5020; x_wconf 88' lang='lat' dir='ltr'><strong>neutrum</strong></span> <span class='ocrx_word' id='word_1_649' title='bbox 1333 4968 1796 5030; x_wconf 72' lang='lat' dir='ltr'><strong>ltortttn?ltcm:</strong></span> <span class='ocrx_word' id='word_1_650' title='bbox 1842 4975 1964 5042; x_wconf 84' lang='lat' dir='ltr'><strong>Quo</strong></span> <span class='ocrx_word' id='word_1_651' title='bbox 2026 4987 2272 5047; x_wconf 85' lang='lat' dir='ltr'><strong>tempore</strong></span> 
     </span>
    </p>
   </div>
   <div class='ocr_carea' id='block_1_95' title="bbox 670 5056 2277 5126">
    <p class='ocr_par' dir='ltr' id='par_1_95' title="bbox 670 5056 2277 5126">
     <span class='ocr_line' id='line_1_95' title="bbox 670 5056 2277 5126; baseline 0.014 -23"><span class='ocrx_word' id='word_1_652' title='bbox 670 5056 938 5107; x_wconf 66' lang='grc' dir='ltr'><strong>ιῖτειιοι-ιμίς</strong></span> <span class='ocrx_word' id='word_1_653' title='bbox 971 5056 1257 5115; x_wconf 78' lang='lat' dir='ltr'><strong>doloribus</strong></span> <span class='ocrx_word' id='word_1_654' title='bbox 1291 5061 1342 5114; x_wconf 92' lang='lat' dir='ltr'><strong>in</strong></span> <span class='ocrx_word' id='word_1_655' title='bbox 1387 5063 1566 5119; x_wconf 79' lang='lat' dir='ltr'><strong>lucem</strong></span> <span class='ocrx_word' id='word_1_656' title='bbox 1612 5069 1854 5123; x_wconf 87' lang='lat' dir='ltr'><strong>emissus</strong></span> <span class='ocrx_word' id='word_1_657' title='bbox 1886 5086 1966 5126; x_wconf 91' lang='lat' dir='ltr'><strong>es.</strong></span> <span class='ocrx_word' id='word_1_658' title='bbox 2004 5071 2277 5125; x_wconf 86' lang='lat' dir='ltr'><strong>aderasne</strong></span> 
     </span>
    </p>
   </div>
   <div class='ocr_carea' id='block_1_96' title="bbox 668 5151 2278 5234">
    <p class='ocr_par' dir='ltr' id='par_1_96' title="bbox 668 5151 2278 5234">
     <span class='ocr_line' id='line_1_96' title="bbox 668 5151 2278 5234; baseline 0.012 -35"><span class='ocrx_word' id='word_1_659' title='bbox 668 5151 718 5199; x_wconf 86' lang='lat' dir='ltr'><strong>ei</strong></span> <span class='ocrx_word' id='word_1_660' title='bbox 766 5165 930 5214; x_wconf 89' lang='lat' dir='ltr'><strong>quem</strong></span> <span class='ocrx_word' id='word_1_661' title='bbox 984 5163 1232 5206; x_wconf 73' lang='lat' dir='ltr'><strong>materna</strong></span> <span class='ocrx_word' id='word_1_662' title='bbox 1290 5159 1448 5211; x_wconf 69' lang='lat' dir='ltr'><strong>vulva</strong></span> <span class='ocrx_word' id='word_1_663' title='bbox 1521 5161 1727 5223; x_wconf 81' lang='lat' dir='ltr'><strong>edidit,</strong></span> <span class='ocrx_word' id='word_1_664' title='bbox 1779 5179 2042 5234; x_wconf 81' lang='lat' dir='ltr'><strong>nuncquc</strong></span> <span class='ocrx_word' id='word_1_665' title='bbox 2105 5164 2278 5233; x_wconf 76' lang='lat' dir='ltr'><strong>pulic—</strong></span> 
     </span>
    </p>
   </div>
   <div class='ocr_carea' id='block_1_97' title="bbox 671 5248 2278 5328">
    <p class='ocr_par' dir='ltr' id='par_1_97' title="bbox 671 5248 2278 5328">
     <span class='ocr_line' id='line_1_97' title="bbox 671 5248 2278 5328; baseline 0.012 -32"><span class='ocrx_word' id='word_1_666' title='bbox 671 5248 847 5298; x_wconf 73' lang='lat' dir='ltr'><strong>secuti</strong></span> <span class='ocrx_word' id='word_1_667' title='bbox 877 5260 928 5300; x_wconf 83' lang='lat' dir='ltr'><strong>et</strong></span> <span class='ocrx_word' id='word_1_668' title='bbox 967 5249 1320 5306; x_wconf 62' lang='lat' dir='ltr'><strong>harbescenti</strong></span> <span class='ocrx_word' id='word_1_669' title='bbox 1351 5255 1530 5310; x_wconf 85' lang='lat' dir='ltr'><strong>ades?</strong></span> <span class='ocrx_word' id='word_1_670' title='bbox 1556 5273 1624 5310; x_wconf 90' lang='lat' dir='ltr'><strong>an</strong></span> <span class='ocrx_word' id='word_1_671' title='bbox 1660 5275 1791 5313; x_wconf 76' lang='lat' dir='ltr'><strong>vero</strong></span> <span class='ocrx_word' id='word_1_672' title='bbox 1827 5276 2009 5328; x_wconf 90' lang='lat' dir='ltr'><strong>neque</strong></span> <span class='ocrx_word' id='word_1_673' title='bbox 2028 5263 2278 5316; x_wconf 85' lang='lat' dir='ltr'><strong>nascenti</strong></span> 
     </span>
    </p>
   </div>
   <div class='ocr_carea' id='block_1_98' title="bbox 671 5337 2280 5423">
    <p class='ocr_par' dir='ltr' id='par_1_98' title="bbox 671 5337 2280 5423">
     <span class='ocr_line' id='line_1_98' title="bbox 671 5337 2280 5423; baseline 0.011 -35"><span class='ocrx_word' id='word_1_674' title='bbox 671 5337 1096 5411; x_wconf 80' lang='lat' dir='ltr'><strong>aderas.neque</strong></span> <span class='ocrx_word' id='word_1_675' title='bbox 1148 5360 1299 5398; x_wconf 90' lang='lat' dir='ltr'><strong>nunc</strong></span> <span class='ocrx_word' id='word_1_676' title='bbox 1361 5349 1513 5407; x_wconf 90' lang='lat' dir='ltr'><strong>ades.</strong></span> <span class='ocrx_word' id='word_1_677' title='bbox 1551 5365 1674 5404; x_wconf 79' lang='lat' dir='ltr'><strong>cuin</strong></span> <span class='ocrx_word' id='word_1_678' title='bbox 1716 5365 1884 5420; x_wconf 82' lang='lat' dir='ltr'><strong>genas</strong></span> <span class='ocrx_word' id='word_1_679' title='bbox 1933 5352 2135 5423; x_wconf 81' lang='lat' dir='ltr'><strong>lanugo</strong></span> <span class='ocrx_word' id='word_1_680' title='bbox 2183 5353 2280 5407; x_wconf 92' lang='lat' dir='ltr'><strong>tibi</strong></span> 
     </span>
    </p>
   </div>
   <div class='ocr_carea' id='block_1_99' title="bbox 671 5434 2285 5516">
    <p class='ocr_par' dir='ltr' id='par_1_99' title="bbox 671 5434 2285 5516">
     <span class='ocr_line' id='line_1_99' title="bbox 671 5434 2285 5516; baseline 0.011 -35"><span class='ocrx_word' id='word_1_681' title='bbox 671 5434 1004 5500; x_wconf 69' lang='lat' dir='ltr'><strong>quibusian&#39;</strong></span> <span class='ocrx_word' id='word_1_682' title='bbox 1057 5439 1212 5506; x_wconf 42' lang='lat' dir='ltr'><strong>quasi</strong></span> <span class='ocrx_word' id='word_1_683' title='bbox 1255 5441 1485 5496; x_wconf 74' lang='lat' dir='ltr'><strong>floribus</strong></span> <span class='ocrx_word' id='word_1_684' title='bbox 1524 5446 1994 5516; x_wconf 77' lang='lat' dir='ltr'><strong>cxoruat?alqnc</strong></span> <span class='ocrx_word' id='word_1_685' title='bbox 2029 5448 2133 5500; x_wconf 84' lang='lat' dir='ltr'><strong>hoc</strong></span> <span class='ocrx_word' id='word_1_686' title='bbox 2169 5464 2285 5499; x_wconf 88' lang='lat' dir='ltr'><strong>Ino-</strong></span> 
     </span>
    </p>
   </div>
   <div class='ocr_carea' id='block_1_100' title="bbox 674 5528 2277 5602">
    <p class='ocr_par' dir='ltr' id='par_1_100' title="bbox 674 5528 2277 5602">
     <span class='ocr_line' id='line_1_100' title="bbox 674 5528 2277 5602; baseline 0.01 -24"><span class='ocrx_word' id='word_1_687' title='bbox 674 5528 747 5580; x_wconf 78' lang='lat' dir='ltr'><strong>de</strong></span> <span class='ocrx_word' id='word_1_688' title='bbox 779 5541 1014 5599; x_wconf 67' lang='lat' dir='ltr'><strong>utraque</strong></span> <span class='ocrx_word' id='word_1_689' title='bbox 1046 5531 1182 5590; x_wconf 79' lang='lat' dir='ltr'><strong>bzrc.</strong></span> <span class='ocrx_word' id='word_1_690' title='bbox 1220 5544 1351 5590; x_wconf 90' lang='lat' dir='ltr'><strong>tunc</strong></span> <span class='ocrx_word' id='word_1_691' title='bbox 1386 5537 1606 5601; x_wconf 75' lang='lat' dir='ltr'><strong>aderas,</strong></span> <span class='ocrx_word' id='word_1_692' title='bbox 1637 5547 1693 5592; x_wconf 90' lang='lat' dir='ltr'><strong>et</strong></span> <span class='ocrx_word' id='word_1_693' title='bbox 1748 5553 1897 5593; x_wconf 86' lang='lat' dir='ltr'><strong>nunc</strong></span> <span class='ocrx_word' id='word_1_694' title='bbox 1933 5538 2088 5602; x_wconf 86' lang='lat' dir='ltr'><strong>ades,</strong></span> <span class='ocrx_word' id='word_1_695' title='bbox 2144 5539 2277 5594; x_wconf 80' lang='lat' dir='ltr'><strong>falsa</strong></span> 
     </span>
    </p>
   </div>
   <div class='ocr_carea' id='block_1_101' title="bbox 677 5625 2292 5702">
    <p class='ocr_par' dir='ltr' id='par_1_101' title="bbox 677 5625 2292 5702">
     <span class='ocr_line' id='line_1_101' title="bbox 677 5625 2292 5702; baseline 0.008 -28"><span class='ocrx_word' id='word_1_696' title='bbox 677 5637 799 5677; x_wconf 81' lang='lat' dir='ltr'><strong>esse</strong></span> <span class='ocrx_word' id='word_1_697' title='bbox 848 5625 1218 5681; x_wconf 75' lang='lat' dir='ltr'><strong>demonStrat.</strong></span> <span class='ocrx_word' id='word_1_698' title='bbox 1266 5628 1372 5684; x_wconf 74' lang='lat' dir='ltr'><strong>Nec</strong></span> <span class='ocrx_word' id='word_1_699' title='bbox 1426 5634 1574 5686; x_wconf 90' lang='lat' dir='ltr'><strong>enim</strong></span> <span class='ocrx_word' id='word_1_700' title='bbox 1623 5631 1737 5686; x_wconf 82' lang='lat' dir='ltr'><strong>fieri</strong></span> <span class='ocrx_word' id='word_1_701' title='bbox 1798 5640 2000 5701; x_wconf 84' lang='lat' dir='ltr'><strong>potest.</strong></span> <span class='ocrx_word' id='word_1_702' title='bbox 2051 5641 2114 5686; x_wconf 92' lang='lat' dir='ltr'><strong>ut</strong></span> <span class='ocrx_word' id='word_1_703' title='bbox 2170 5633 2292 5702; x_wconf 75' lang='lat' dir='ltr'><strong>hzec</strong></span> 
     </span>
    </p>
   </div>
   <div class='ocr_carea' id='block_1_102' title="bbox 684 5723 2287 5801">
    <p class='ocr_par' dir='ltr' id='par_1_102' title="bbox 684 5723 2287 5801">
     <span class='ocr_line' id='line_1_102' title="bbox 684 5723 2287 5801; baseline 0.007 -29"><span class='ocrx_word' id='word_1_704' title='bbox 684 5729 919 5801; x_wconf 78' lang='lat' dir='ltr'><strong>utraque</strong></span> <span class='ocrx_word' id='word_1_705' title='bbox 976 5723 1026 5775; x_wconf 91' lang='lat' dir='ltr'><strong>in</strong></span> <span class='ocrx_word' id='word_1_706' title='bbox 1058 5739 1156 5778; x_wconf 82' lang='lat' dir='ltr'><strong>eos</strong></span> <span class='ocrx_word' id='word_1_707' title='bbox 1189 5735 1532 5796; x_wconf 75' lang='lat' dir='ltr'><strong>Compctunl.</strong></span> <span class='ocrx_word' id='word_1_708' title='bbox 1565 5729 1658 5798; x_wconf 89' lang='lat' dir='ltr'><strong>qui</strong></span> <span class='ocrx_word' id='word_1_709' title='bbox 1723 5737 1921 5782; x_wconf 70' lang='lat' dir='ltr'><strong>natura</strong></span> <span class='ocrx_word' id='word_1_710' title='bbox 1972 5727 2119 5781; x_wconf 79' lang='lat' dir='ltr'><strong>unici</strong></span> <span class='ocrx_word' id='word_1_711' title='bbox 2162 5740 2287 5784; x_wconf 84' lang='lat' dir='ltr'><strong>sunt</strong></span> 
     </span>
    </p>
   </div>
   <div class='ocr_carea' id='block_1_103' title="bbox 763 5903 1269 5971">
    <p class='ocr_par' dir='ltr' id='par_1_103' title="bbox 763 5903 1269 5971">
     <span class='ocr_line' id='line_1_103' title="bbox 763 5903 1269 5971; baseline 0.004 -11"><span class='ocrx_word' id='word_1_712' title='bbox 763 5903 804 5932; x_wconf 60' lang='grc' dir='ltr'><strong>μ</strong></span> <span class='ocrx_word' id='word_1_713' title='bbox 845 5905 1034 5960; x_wconf 46' lang='lat' dir='ltr'><strong>Mallia</strong></span> <span class='ocrx_word' id='word_1_714' title='bbox 1078 5923 1150 5971; x_wconf 68' lang='lat' dir='ltr'><strong>SI,</strong></span> <span class='ocrx_word' id='word_1_715' title='bbox 1180 5909 1269 5962; x_wconf 68' lang='grc' dir='ltr'><strong>ζῖἷ.</strong></span> 
     </span>
    </p>
   </div>
   <div class='ocr_carea' id='block_1_104' title="bbox 2383 4779 3987 4858">
    <p class='ocr_par' dir='ltr' id='par_1_104' title="bbox 2383 4779 3987 4858">
     <span class='ocr_line' id='line_1_104' title="bbox 2383 4779 3987 4858; baseline -0.01 -15"><span class='ocrx_word' id='word_1_716' title='bbox 2383 4790 2539 4858; x_wconf 86' lang='lat' dir='ltr'><strong>Quod</strong></span> <span class='ocrx_word' id='word_1_717' title='bbox 2583 4790 2629 4843; x_wconf 90' lang='lat' dir='ltr'><strong>si</strong></span> <span class='ocrx_word' id='word_1_718' title='bbox 2679 4787 2854 4848; x_wconf 86' lang='lat' dir='ltr'><strong>dicas.</strong></span> <span class='ocrx_word' id='word_1_719' title='bbox 2903 4785 3164 4848; x_wconf 80' lang='lat' dir='ltr'><strong>Eunomi,</strong></span> <span class='ocrx_word' id='word_1_720' title='bbox 3205 4783 3699 4849; x_wconf 78' lang='lat' dir='ltr'><strong>immortalitatem.</strong></span> <span class='ocrx_word' id='word_1_721' title='bbox 3739 4779 3987 4832; x_wconf 80' lang='lat' dir='ltr'><strong>clemen-</strong></span> 
     </span>
    </p>
   </div>
   <div class='ocr_carea' id='block_1_105' title="bbox 2386 4864 3995 4946">
    <p class='ocr_par' dir='ltr' id='par_1_105' title="bbox 2386 4864 3995 4946">
     <span class='ocr_line' id='line_1_105' title="bbox 2386 4864 3995 4946; baseline -0.011 -8"><span class='ocrx_word' id='word_1_722' title='bbox 2386 4889 2544 4946; x_wconf 86' lang='lat' dir='ltr'><strong>tiam,</strong></span> <span class='ocrx_word' id='word_1_723' title='bbox 2581 4890 2638 4936; x_wconf 90' lang='lat' dir='ltr'><strong>et</strong></span> <span class='ocrx_word' id='word_1_724' title='bbox 2669 4879 3200 4937; x_wconf 79' lang='lat' dir='ltr'><strong>immntubililatem.</strong></span> <span class='ocrx_word' id='word_1_725' title='bbox 3241 4877 3308 4931; x_wconf 89' lang='lat' dir='ltr'><strong>de</strong></span> <span class='ocrx_word' id='word_1_726' title='bbox 3365 4875 3547 4930; x_wconf 88' lang='lat' dir='ltr'><strong>brutis</strong></span> <span class='ocrx_word' id='word_1_727' title='bbox 3580 4864 3746 4928; x_wconf 84' lang='lat' dir='ltr'><strong>etiam</strong></span> <span class='ocrx_word' id='word_1_728' title='bbox 3779 4883 3828 4924; x_wconf 87' lang='lat' dir='ltr'><strong>et</strong></span> <span class='ocrx_word' id='word_1_729' title='bbox 3890 4870 3995 4921; x_wconf 80' lang='lat' dir='ltr'><strong>ho-</strong></span> 
     </span>
    </p>
   </div>
   <div class='ocr_carea' id='block_1_106' title="bbox 2384 4963 3994 5044">
    <p class='ocr_par' dir='ltr' id='par_1_106' title="bbox 2384 4963 3994 5044">
     <span class='ocr_line' id='line_1_106' title="bbox 2384 4963 3994 5044; baseline -0.011 -12"><span class='ocrx_word' id='word_1_730' title='bbox 2384 4977 2629 5032; x_wconf 89' lang='lat' dir='ltr'><strong>minibus</strong></span> <span class='ocrx_word' id='word_1_731' title='bbox 2650 4973 2933 5030; x_wconf 83' lang='lat' dir='ltr'><strong>cnuntiari</strong></span> <span class='ocrx_word' id='word_1_732' title='bbox 2960 5014 2973 5037; x_wconf 93' lang='lat'><strong>,</strong></span> <span class='ocrx_word' id='word_1_733' title='bbox 3008 4970 3316 5044; x_wconf 83' lang='lat' dir='ltr'><strong>ingenitum</strong></span> <span class='ocrx_word' id='word_1_734' title='bbox 3372 4977 3556 5022; x_wconf 91' lang='lat' dir='ltr'><strong>autem</strong></span> <span class='ocrx_word' id='word_1_735' title='bbox 3597 4965 3700 5020; x_wconf 91' lang='lat' dir='ltr'><strong>soli</strong></span> <span class='ocrx_word' id='word_1_736' title='bbox 3734 4963 3848 5018; x_wconf 86' lang='lat' dir='ltr'><strong>Deo</strong></span> <span class='ocrx_word' id='word_1_737' title='bbox 3892 4978 3994 5030; x_wconf 86' lang='lat' dir='ltr'><strong>pe-</strong></span> 
     </span>
    </p>
   </div>
   <div class='ocr_carea' id='block_1_107' title="bbox 2383 5058 3988 5134">
    <p class='ocr_par' dir='ltr' id='par_1_107' title="bbox 2383 5058 3988 5134">
     <span class='ocr_line' id='line_1_107' title="bbox 2383 5058 3988 5134; baseline -0.012 -8"><span class='ocrx_word' id='word_1_738' title='bbox 2383 5072 2592 5126; x_wconf 89' lang='lat' dir='ltr'><strong>culiare</strong></span> <span class='ocrx_word' id='word_1_739' title='bbox 2640 5086 2803 5134; x_wconf 89' lang='lat' dir='ltr'><strong>esse,</strong></span> <span class='ocrx_word' id='word_1_740' title='bbox 2862 5068 3096 5130; x_wconf 87' lang='lat' dir='ltr'><strong>audies,</strong></span> <span class='ocrx_word' id='word_1_741' title='bbox 3133 5081 3200 5122; x_wconf 88' lang='lat' dir='ltr'><strong>ne</strong></span> <span class='ocrx_word' id='word_1_742' title='bbox 3253 5066 3366 5120; x_wconf 90' lang='lat' dir='ltr'><strong>Deo</strong></span> <span class='ocrx_word' id='word_1_743' title='bbox 3399 5061 3626 5133; x_wconf 91' lang='lat' dir='ltr'><strong>quidem</strong></span> <span class='ocrx_word' id='word_1_744' title='bbox 3679 5058 3988 5128; x_wconf 85' lang='lat' dir='ltr'><strong>ingenitum</strong></span> 
     </span>
    </p>
   </div>
   <div class='ocr_carea' id='block_1_108' title="bbox 2383 5149 3999 5234">
    <p class='ocr_par' dir='ltr' id='par_1_108' title="bbox 2383 5149 3999 5234">
     <span class='ocr_line' id='line_1_108' title="bbox 2383 5149 3999 5234; baseline -0.013 -15"><span class='ocrx_word' id='word_1_745' title='bbox 2383 5163 2635 5219; x_wconf 84' lang='lat' dir='ltr'><strong>attribui.</strong></span> <span class='ocrx_word' id='word_1_746' title='bbox 2667 5162 2957 5234; x_wconf 84' lang='lat' dir='ltr'><strong>Siquidem</strong></span> <span class='ocrx_word' id='word_1_747' title='bbox 2999 5177 3063 5215; x_wconf 75' lang='lat' dir='ltr'><strong>ex</strong></span> <span class='ocrx_word' id='word_1_748' title='bbox 3104 5159 3425 5216; x_wconf 72' lang='lat' dir='ltr'><strong>Grmc&#39;orum</strong></span> <span class='ocrx_word' id='word_1_749' title='bbox 3452 5152 3830 5232; x_wconf 63' lang='lat' dir='ltr'><strong>Ipbiiosotihis</strong></span> <span class='ocrx_word' id='word_1_750' title='bbox 3870 5149 3999 5202; x_wconf 72' lang='lat' dir='ltr'><strong>Ari-</strong></span> 
     </span>
    </p>
   </div>
   <div class='ocr_carea' id='block_1_109' title="bbox 2384 5244 3996 5329">
    <p class='ocr_par' dir='ltr' id='par_1_109' title="bbox 2384 5244 3996 5329">
     <span class='ocr_line' id='line_1_109' title="bbox 2384 5244 3996 5329; baseline -0.012 -15"><span class='ocrx_word' id='word_1_751' title='bbox 2384 5260 2618 5314; x_wconf 89' lang='lat' dir='ltr'><strong>stotcles</strong></span> <span class='ocrx_word' id='word_1_752' title='bbox 2677 5257 2906 5329; x_wconf 91' lang='lat' dir='ltr'><strong>quidem</strong></span> <span class='ocrx_word' id='word_1_753' title='bbox 2948 5257 3257 5326; x_wconf 82' lang='lat' dir='ltr'><strong>ingenitum</strong></span> <span class='ocrx_word' id='word_1_754' title='bbox 3298 5252 3365 5328; x_wconf 87' lang='lat' dir='ltr'><strong>de</strong></span> <span class='ocrx_word' id='word_1_755' title='bbox 3422 5249 3654 5304; x_wconf 83' lang='lat' dir='ltr'><strong>materia</strong></span> <span class='ocrx_word' id='word_1_756' title='bbox 3701 5244 3996 5315; x_wconf 69' lang='grc' dir='ltr'><strong>ιπςιιιιὶρτιι,</strong></span> 
     </span>
    </p>
   </div>
   <div class='ocr_carea' id='block_1_110' title="bbox 2389 5337 3999 5419">
    <p class='ocr_par' dir='ltr' id='par_1_110' title="bbox 2389 5337 3999 5419">
     <span class='ocr_line' id='line_1_110' title="bbox 2389 5337 3999 5419; baseline -0.012 -11"><span class='ocrx_word' id='word_1_757' title='bbox 2389 5354 2545 5408; x_wconf 83' lang='lat' dir='ltr'><strong>l&#39;lalo</strong></span> <span class='ocrx_word' id='word_1_758' title='bbox 2586 5367 2720 5407; x_wconf 73' lang='lat' dir='ltr'><strong>vero</strong></span> <span class='ocrx_word' id='word_1_759' title='bbox 2753 5351 3026 5407; x_wconf 79' lang='lat' dir='ltr'><strong>essentias</strong></span> <span class='ocrx_word' id='word_1_760' title='bbox 3073 5345 3344 5419; x_wconf 73' lang='lat' dir='ltr'><strong>ingenitas</strong></span> <span class='ocrx_word' id='word_1_761' title='bbox 3378 5352 3560 5398; x_wconf 65' lang='lat' dir='ltr'><strong>vocat.</strong></span> <span class='ocrx_word' id='word_1_762' title='bbox 3592 5341 3767 5396; x_wconf 74' lang='lat' dir='ltr'><strong>Porro</strong></span> <span class='ocrx_word' id='word_1_763' title='bbox 3807 5337 3999 5390; x_wconf 71' lang='lat' dir='ltr'><strong>Manes</strong></span> 
     </span>
    </p>
   </div>
   <div class='ocr_carea' id='block_1_111' title="bbox 2391 5431 3998 5516">
    <p class='ocr_par' dir='ltr' id='par_1_111' title="bbox 2391 5431 3998 5516">
     <span class='ocr_line' id='line_1_111' title="bbox 2391 5431 3998 5516; baseline -0.012 -16"><span class='ocrx_word' id='word_1_764' title='bbox 2391 5447 2504 5500; x_wconf 88' lang='lat' dir='ltr'><strong>duo</strong></span> <span class='ocrx_word' id='word_1_765' title='bbox 2538 5445 2808 5516; x_wconf 87' lang='lat' dir='ltr'><strong>principia</strong></span> <span class='ocrx_word' id='word_1_766' title='bbox 2863 5442 3201 5505; x_wconf 83' lang='lat' dir='ltr'><strong>introducit,</strong></span> <span class='ocrx_word' id='word_1_767' title='bbox 3249 5456 3418 5493; x_wconf 89' lang='lat' dir='ltr'><strong>unum</strong></span> <span class='ocrx_word' id='word_1_768' title='bbox 3467 5436 3692 5506; x_wconf 89' lang='lat' dir='ltr'><strong>quidem</strong></span> <span class='ocrx_word' id='word_1_769' title='bbox 3761 5431 3998 5489; x_wconf 82' lang='lat' dir='ltr'><strong>homno.</strong></span> 
     </span>
    </p>
   </div>
   <div class='ocr_carea' id='block_1_112' title="bbox 2394 5521 4004 5598">
    <p class='ocr_par' dir='ltr' id='par_1_112' title="bbox 2394 5521 4004 5598">
     <span class='ocr_line' id='line_1_112' title="bbox 2394 5521 4004 5598; baseline -0.011 -7"><span class='ocrx_word' id='word_1_770' title='bbox 2394 5537 2632 5593; x_wconf 88' lang='lat' dir='ltr'><strong>altermn</strong></span> <span class='ocrx_word' id='word_1_771' title='bbox 2668 5552 2803 5590; x_wconf 82' lang='lat' dir='ltr'><strong>vero</strong></span> <span class='ocrx_word' id='word_1_772' title='bbox 2834 5536 3040 5589; x_wconf 88' lang='lat' dir='ltr'><strong>malum</strong></span> <span class='ocrx_word' id='word_1_773' title='bbox 3071 5553 3083 5588; x_wconf 92' lang='lat'>:</span> <span class='ocrx_word' id='word_1_774' title='bbox 3122 5543 3176 5586; x_wconf 81' lang='lat' dir='ltr'><strong>et</strong></span> <span class='ocrx_word' id='word_1_775' title='bbox 3222 5531 3352 5585; x_wconf 88' lang='lat' dir='ltr'><strong>illud</strong></span> <span class='ocrx_word' id='word_1_776' title='bbox 3388 5531 3611 5598; x_wconf 79' lang='lat' dir='ltr'><strong>quidem</strong></span> <span class='ocrx_word' id='word_1_777' title='bbox 3652 5526 3858 5580; x_wconf 84' lang='lat' dir='ltr'><strong>lucem.</strong></span> <span class='ocrx_word' id='word_1_778' title='bbox 3895 5521 4004 5574; x_wconf 86' lang='lat' dir='ltr'><strong>hoc</strong></span> 
     </span>
    </p>
   </div>
   <div class='ocr_carea' id='block_1_113' title="bbox 2397 5619 4003 5695">
    <p class='ocr_par' dir='ltr' id='par_1_113' title="bbox 2397 5619 4003 5695">
     <span class='ocr_line' id='line_1_113' title="bbox 2397 5619 4003 5695; baseline -0.012 -7"><span class='ocrx_word' id='word_1_779' title='bbox 2397 5648 2534 5687; x_wconf 68' lang='lat' dir='ltr'><strong>vero</strong></span> <span class='ocrx_word' id='word_1_780' title='bbox 2559 5631 2820 5686; x_wconf 83' lang='lat' dir='ltr'><strong>tenebras</strong></span> <span class='ocrx_word' id='word_1_781' title='bbox 2853 5647 2864 5680; x_wconf 88' lang='lat'><strong>:</strong></span> <span class='ocrx_word' id='word_1_782' title='bbox 2903 5638 3072 5695; x_wconf 81' lang='lat' dir='ltr'><strong>atque.</strong></span> <span class='ocrx_word' id='word_1_783' title='bbox 3114 5626 3252 5679; x_wconf 63' lang='grc' dir='ltr'><strong>πίεραι</strong></span> <span class='ocrx_word' id='word_1_784' title='bbox 3289 5641 3354 5677; x_wconf 72' lang='lat' dir='ltr'><strong>ex</strong></span> <span class='ocrx_word' id='word_1_785' title='bbox 3395 5624 3539 5675; x_wconf 80' lang='lat' dir='ltr'><strong>bono</strong></span> <span class='ocrx_word' id='word_1_786' title='bbox 3575 5621 3847 5673; x_wconf 71' lang='lat' dir='ltr'><strong>bonarum</strong></span> <span class='ocrx_word' id='word_1_787' title='bbox 3880 5619 4003 5668; x_wconf 81' lang='lat' dir='ltr'><strong>lon-</strong></span> 
     </span>
    </p>
   </div>
   <div class='ocr_carea' id='block_1_114' title="bbox 2405 5713 3874 5790">
    <p class='ocr_par' dir='ltr' id='par_1_114' title="bbox 2405 5713 3874 5790">
     <span class='ocr_line' id='line_1_114' title="bbox 2405 5713 3874 5790; baseline -0.007 -11"><span class='ocrx_word' id='word_1_788' title='bbox 2405 5735 2578 5790; x_wconf 80' lang='lat' dir='ltr'><strong>tcs,:it</strong></span> <span class='ocrx_word' id='word_1_789' title='bbox 2613 5742 2676 5781; x_wconf 76' lang='lat' dir='ltr'><strong>cx</strong></span> <span class='ocrx_word' id='word_1_790' title='bbox 2733 5726 2876 5780; x_wconf 68' lang='lat' dir='ltr'><strong>male</strong></span> <span class='ocrx_word' id='word_1_791' title='bbox 2907 5724 3176 5778; x_wconf 81' lang='lat' dir='ltr'><strong>malorum</strong></span> <span class='ocrx_word' id='word_1_792' title='bbox 3217 5720 3359 5773; x_wconf 70' lang='lat' dir='ltr'><strong>mm</strong></span> <span class='ocrx_word' id='word_1_793' title='bbox 3413 5714 3736 5786; x_wconf 69' lang='lat' dir='ltr'><strong>pznnuxissc</strong></span> <span class='ocrx_word' id='word_1_794' title='bbox 3781 5713 3874 5762; x_wconf 69' lang='lat' dir='ltr'><strong>nil.</strong></span> 
     </span>
    </p>
   </div>
  </div>
