4288 6372
260 386 402 452 M05

853 508 1007 565 CAP.
1051 514 1240 568 χιιιι.

249 590 331 647 De
370 592 479 648 Deo
520 605 569 650 et
598 603 843 656 materia.
882 603 1049 678 ticum
1077 622 1168 658 nec
1206 607 1441 676 deﬁniri,
1473 625 1565 662 nec
1604 626 1843 678 compre-

872 674 1029 726 hendi
1060 693 1232 742 posse.

324 780 526 837 Adhmc
556 782 749 852 objicit
792 786 1097 844 Eunomius
1123 809 1135 843 :
1165 791 1342 846 Dicite
1398 794 1578 859 nobis,
1630 812 1840 865 qua-so.

250 873 297 927 si
334 874 639 943 ingenitum
680 885 923 936 essentia
959 884 1052 937 Dei
1089 904 1197 943 non
1230 892 1337 947 est.
1391 888 1656 960 quidnam
1690 894 1842 947 aliud

251 968 489 1021 essentia
527 968 622 1023 Dei
656 972 772 1026 sit?
806 976 1088 1033 Adversus
1122 998 1285 1051 quam
1322 987 1689 1055 quaestionem
1728 989 1844 1042 haec

254 1069 385 1113 sunt
422 1064 773 1130 opponenda.
800 1068 881 1121 An
928 1086 1058 1124 vero
1095 1083 1265 1141 tuam,
1305 1078 1449 1134 bone
1501 1081 1605 1141 vir.
1654 1095 1845 1135 essen-

254 1150 384 1203 tiam
430 1160 483 1206 et
528 1169 783 1210 naturam
835 1164 979 1214 nosti
1017 1163 1137 1217 ?an
1173 1166 1437 1231 formicm,
1487 1185 1556 1223 au
1606 1173 1848 1227 culicis?

248 1242 521 1299 Caeterum
557 1247 660 1302 hoc
694 1251 789 1304 tibi
826 1254 1068 1310 vicissim
1091 1259 1304 1314 dicam:
1350 1262 1621 1332 Duqﬁsunt
1650 1280 1844 1317 eorum

214 1408 215 1413 γ
250 1353 375 1406 (ιιιιε
406 1351 536 1393 sunt
564 1353 834 1407 extrema.
876 1348 1019 1402 Deus
1052 1362 1110 1406 et
1167 1356 1424 1419 materia,
1476 1359 1570 1411 ille
1617 1358 1845 1426 quidem

254 1432 633 1494 ascendendo.
673 1440 789 1492 haec
841 1456 975 1495 vero
1005 1442 1436 1503 descendendo:
1471 1460 1708 1518 postque
1739 1467 1850 1505 ma-

253 1521 449 1575 teriam
485 1525 621 1579 nihil
664 1530 896 1583 omnino
926 1531 1203 1602 Superest.
1259 1536 1524 1603 Quaenam
1579 1556 1711 1610 ergo
1737 1558 1849 1595 ma—

256 1625 407 1668 teriae
440 1621 681 1672 essentia
713 1621 835 1676 sit?
878 1624 959 1677 An
1009 1641 1143 1680 vero
1172 1642 1236 1682 ca
1268 1640 1349 1683 est
1408 1632 1645 1701 itlipsum
1699 1635 1846 1700 quod

252 1714 359 1768 est,
397 1721 465 1760 an
497 1708 548 1761 id
601 1713 750 1777 quod
787 1729 896 1768 non
940 1718 1070 1769 est?
1104 1718 1237 1772 Nam
1271 1722 1313 1773 si
1361 1723 1429 1775 sit
1476 1724 1527 1776 id
1560 1727 1707 1795 quod
1742 1737 1848 1785 est.

254 1798 538 1864 quomodo
594 1801 770 1858 fortna
812 1808 1008 1861 caret?
1054 1808 1253 1864 Forma
1308 1812 1457 1867 enim
1515 1817 1709 1870 notitia
1764 1827 1850 1871 est

252 1904 448 1945 eorum
474 1908 599 1963 qua
628 1906 779 1951 sunt.
814 1898 909 1953 Siti
956 1912 1138 1956 autem
1184 1906 1257 1957 sit
1300 1906 1353 1960 id
1397 1910 1546 1979 quod
1582 1926 1692 1964 nou
1740 1923 1842 1971 est.

254 1983 349 2052 qui
378 1983 457 2044 ﬁt.
490 1996 597 2040 uta
628 1990 975 2060 philosophis
1000 1995 1299 2051 deﬁniatur
1328 2011 1590 2072 tauquam
1626 2002 1676 2056 id
1702 2006 1847 2071 quod

251 2076 390 2130 est?
424 2077 578 2132 lllam
638 2083 787 2135 enim
828 2084 1039 2152 ἀξσὶιην,
1094 2089 1201 2143 hoc
1239 2100 1324 2145 cst
1381 2094 1488 2148 vita
1540 2107 1849 2161 Czlu'illcm,

252 2178 477 2228 vocant.
512 2180 568 2224 et
628 2172 1037 2242 incorporeum.
1087 2189 1251 2249 atque
1292 2181 1432 2237 adeo
1488 2186 1853 2256 hyposmsms

254 2256 728 2328 imaginationem.
768 2280 889 2318 eam
940 2268 1181 2338 denique
1206 2314 1219 2335 ,
1247 2290 1371 2342 quze
1411 2290 1536 2329 cum
1584 2274 1719 2332 nihil
1760 2282 1850 2347 sit,

253 2352 443 2406 omnia
490 2364 673 2410 tamen
728 2372 850 2412 esse
911 2359 1173 2429 ﬁngitur,
1230 2369 1485 2421 essentia:
1549 2369 1849 2430 ludicrum.

254 2442 469 2498 idolum
492 2454 548 2499 et
571 2448 765 2502 umbra
794 2465 1016 2521 semper
1058 2454 1292 2524 fugiens.
1327 2468 1492 2529 atque
1535 2462 1586 2513 iu
1620 2462 1668 2514 id
1705 2465 1851 2532 quod

256 2551 369 2590 non
391 2548 478 2592 est
507 2555 826 2597 recurrens.
874 2544 1127 2603 Edissere
1187 2551 1321 2603 nnhi
1356 2568 1606 2621 quaenam
1653 2556 1723 2609 sit
1769 2573 1855 2609 ra-

255 2630 337 2684 tio
402 2634 686 2699 materiae,
756 2644 1000 2707 tuncque
1075 2642 1319 2697 vicissim
1391 2646 1486 2699 tibi
1549 2647 1853 2703 edisseram

255 2739 509 2793 quasnam
561 2728 633 2782 sit
695 2732 948 2785 essentia:
1005 2732 1208 2790 divinze
1257 2736 1531 2793 deﬁnitio.
1585 2740 1741 2808 Quod
1810 2743 1853 2796 si

200 2832 205 2837 ί
252 2831 450 2871 eorum
478 2835 603 2888 quae
631 2831 764 2876 sunt
794 2832 1103 2880 extremum
1136 2829 1376 2897 ignoras,
1420 2837 1702 2901 quo-nodo
1743 2837 1851 2905 pri-

256 2926 409 2964 mum
458 2913 692 2982 adipisci
754 2926 809 2971 et
867 2920 1346 2988 comprehendere
1398 2928 1677 2980 Conaris?
1742 2929 1855 2998 Age

258 3018 418 3070 vero,
452 3008 496 3061 si
530 3008 583 3061 in
614 3011 814 3065 caelum
838 3013 1025 3069 volare
1055 3025 1317 3080 tentares.
1342 3034 1408 3073 an
1435 3022 1619 3075 statim
1644 3022 1711 3074 ad
1738 3023 1859 3091 ejus

255 3102 768 3159 circumferentiam
802 3107 954 3160 nullo
991 3110 1321 3164 intermcdiu
1353 3115 1584 3182 propius
1623 3116 1857 3170 accede-

1534 404 1890 465 τηεῆλυιι

1871 520 1914 575 Α
1944 520 2091 587 quod
2126 522 2431 589 cuiuspiam
2462 522 2605 575 alius
2639 536 2805 577 causa
2844 538 2950 577 non
2988 532 3103 581 est.
3162 525 3257 578 sed
3312 525 3361 577 id
3394 528 3541 593 quod

1978 407 2042 465 Li
2063 410 2123 466 ii.
2173 410 2234 464 ν.
3408 409 3543 473 nos

1950 613 2321 681 antiquiorem
2368 615 2555 682 seipso
2594 630 2816 668 causam
2868 632 2979 669 non
3030 617 3216 670 habet.
3253 618 3543 684 Siquidem

1947 706 2201 772 ἀπάτσρα
2252 721 2496 775 quoque.
2527 707 2631 761 hoc
2661 717 2767 768 est.
2801 708 2962 761 Patre
2994 719 3277 762 carentem
3314 726 3420 762 non
3454 710 3543 761 di-

1948 800 2129 852 cimus
2163 814 2291 851 eum
2352 800 2443 867 qui
2482 801 2603 854 Filii
2664 802 2828 854 Pater
2874 818 2981 853 non
3025 803 3233 863 audiat.
3289 803 3382 854 sed
3447 803 3542 870 qui

1949 893 2101 945 nullo
2151 906 2180 944 a
2237 892 2397 945 Patre
2442 895 2776 959 processerit
2812 909 2824 947 :
2858 903 2914 947 et
2965 894 3236 962 ἄναρχον,
3277 896 3381 946 hoc
3434 903 3541 955 est,

1949 982 2224 1051 principio
2260 991 2560 1038 carentem.
2599 998 2707 1036 non
2748 985 2841 1051 qui
2885 982 3120 1035 aliarum
3174 984 3543 1037 essentiarum

1950 1075 2288 1144 principium
2340 1074 2773 1144 haudquaquam
2808 1076 2997 1134 fuerit.
3034 1076 3128 1130 sed
3172 1078 3332 1146 cujus
3355 1092 3547 1129 essen—

1952 1168 2025 1221 tia
2061 1182 2281 1221 omnem
2315 1168 2613 1222 essentiam
2653 1180 2971 1237 exsuperet.
3027 1171 3144 1223 Non
3191 1172 3338 1224 enim
3388 1186 3542 1224 com-

1951 1263 2138 1316 munia
2171 1272 2301 1316 sunt
2335 1263 2452 1317 hare
2485 1264 2729 1325 nomina,
2768 1265 2841 1317 ita
2881 1274 2939 1317 ut
2977 1265 3216 1333 ingenita
3253 1275 3307 1318 et
3340 1266 3545 1328 genita.

1952 1356 2081 1407 item
2106 1355 2377 1422 principio
2407 1354 2650 1407 carentia
2685 1363 2742 1407 et
2785 1371 2891 1408 non
2927 1357 3196 1416 carentia.
3225 1374 3323 1421 pro
3352 1358 3548 1411 iisdem

1953 1446 2008 1499 in
2046 1446 2231 1516 specie
2277 1447 2649 1515 accipiantur.
2711 1447 2845 1501 Nam
2880 1450 3354 1516 quemadmodum
3414 1452 3555 1503 Ada-

1953 1556 2095 1595 mus.
2159 1539 2375 1593 etiamsi
2437 1554 2501 1592 ex
2536 1540 2741 1592 carnali
2804 1541 2999 1608 copula
3058 1542 3246 1596 decies
3292 1543 3551 1596 millenos

1954 1632 2535 1701 suseepisscllibcros.
2567 1633 2715 1684 haud
2752 1643 2934 1685 tamen
2974 1633 3088 1700 ipse
3121 1634 3437 1697 huiusmodi
3485 1649 3551 1685 ex

1954 1724 2152 1793 copula
2197 1725 2416 1794 genitus
2452 1723 2756 1782 diceretur.
2816 1740 2995 1790 neque
3051 1741 3252 1776 nomen
3289 1725 3410 1793 ejus
3461 1724 3555 1790 qui

1957 1820 2174 1889 genitus
2196 1833 2259 1871 es
2287 1819 2482 1887 copula
2512 1833 2621 1871 non
2654 1828 2758 1879 ρει,
2788 1832 2912 1869 cum
2948 1818 3012 1869 iis
3038 1818 3128 1884 τι·ιέ
3174 1817 3344 1881 geniti
3373 1827 3562 1869 essent

1957 1928 2252 1967 commune
2299 1912 2526 1965 haberet
2562 1929 2573 1964 :
2625 1911 2697 1964 ita
2742 1920 2798 1964 et
2834 1925 3131 1973 supremus
3161 1910 3248 1961 ille.
3299 1910 3445 1961 Deus
3479 1910 3556 1962 (at

1958 2004 2235 2074 propitius
2297 2003 2386 2055 ille
2442 2003 2574 2054 mihi
2634 2003 2721 2054 sit.
2765 2004 2857 2069 qui
2895 2017 2922 2053 a
2956 2018 3041 2051 me
3094 2000 3562 2053 similitudinibus

1958 2098 2061 2151 sub
2091 2112 2316 2151 sensum
2354 2096 2682 2149 cadentibus
2710 2095 3047 2146 delineatnrl
3083 2110 3189 2144 uno
3225 2093 3560 2143 abalienavit

1957 2208 1985 2245 a
2023 2205 2080 2242 se
2128 2190 2359 2256 ingeniti
2402 2203 2635 2248 nomen.
2672 2187 2841 2239 etiam
2876 2186 2918 2238 si
2960 2186 3305 2254 unigenitum
3363 2176 3561 2237 Filium

1957 2293 2084 2339 ante
2116 2283 2431 2337 Luciferum
2480 2284 2770 2344 genuerit.
2807 2291 2865 2332 ut
2927 2295 3081 2331 saera
3136 2290 3368 2331 testatur
3414 2278 3559 2331 θωπί»

1958 2388 2114 2447 ptura
2142 2377 2205 2427 δ’.
2243 2376 2352 2430 Nec
2386 2376 2531 2427 enim
2580 2375 2742 2428 Pater
2792 2390 2857 2425 eo
2893 2373 3043 2442 quod
3113 2372 3324 2441 genuit,
3364 2371 3569 2425 ideirco

1958 2472 2026 2525 ab
2058 2470 2475 2539 ingeneratione
2504 2466 2707 2521 excidit
2745 2484 2758 2521 :
2811 2466 2905 2519 sed
2961 2467 3089 2535 quia
3132 2482 3238 2517 non
3299 2481 3360 2515 ix
3405 2479 3565 2516 causa

1960 2567 2239 2635 ingenitus
2271 2572 2321 2615 et
2351 2578 2630 2632 gent-rans
2664 2560 3001 2613 constitutus
3037 2568 3143 2612 cst.

1976 2687 1981 2690 έ
2032 2658 2337 2714 Eunomius
2395 2665 2600 2713 autem.
2660 2654 2790 2706 dum
2857 2665 3065 2707 temere
3120 2664 3308 2707 censet
3366 2654 3549 2721 genita

1960 2769 2085 2809 cum
2117 2752 2182 2804 iis
2220 2751 2274 2803 in
2306 2749 2567 2802 omnibus
2618 2748 2982 2817 participare.
3042 2763 3165 2816 qua:
3220 2756 3557 2817 genuerunt,

1960 2846 2088 2901 inde
2138 2856 2388 2900 astruere
2430 2842 2673 2901 videtur.
2713 2842 2959 2910 genitum
2999 2841 3218 2899 Filium.
3267 2842 3396 2909 quia
3442 2856 3568 2895 cum

1961 2942 2122 2997 Patre
2158 2937 2407 3008 ingenito
2436 2936 2757 3006 participat,
2818 2935 3129 3005 ingenitum
3171 2948 3395 3003 quoque
3428 2933 3576 2987 futu—

1962 3052 2081 3090 rum
2130 3053 2144 3089 :
2178 3034 2390 3104 quibus
2418 3032 2606 3087 verbis
2647 3030 2891 3083 ostendit
2916 3045 2975 3083 se
3004 3030 3054 3081 in
3086 3028 3252 3082 rebus
3304 3029 3576 3091 theologi-

1962 3131 2044 3185 eis
2075 3129 2396 3183 Grmcorum
2445 3135 2727 3179 versatum
2762 3139 2905 3181 esse,
2969 3124 3147 3192 iisque
3188 3124 3327 3174 male
3396 3123 3574 3175 abuti.

254 3196 394 3249 res?
440 3211 627 3250 nonne
678 3198 773 3251 tibi
810 3200 1050 3268 primum
1114 3206 1386 3259 secandus
1445 3218 1594 3261 esset
1624 3225 1744 3271 aer,
1799 3220 1928 3293 ηις
1964 3223 2043 3278 mi
2077 3222 2224 3277 ρηίπη
2280 3221 2525 3274 mimos
2581 3228 2783 3271 man
2836 3216 3114 3269 essentias
3174 3216 3316 3278 illas,
3352 3232 3474 3284 qua:
3509 3219 3579 3267 ab

255 3290 338 3343 sic
384 3290 450 3344 ad
510 3307 677 3353 eum,
735 3309 899 3363 quem
962 3312 1227 3376 vocamus
1283 3301 1546 3356 aetherem
1611 3306 1853 3372 venires,

258 3393 493 3453 tumque
526 3386 726 3439 deinde
756 3389 998 3453 trajectis
1019 3393 1281 3446 omnibus
1306 3396 1539 3461 διήκει-ις
1573 3396 1639 3449 ad
1678 3399 1857 3467 ipsum

256 3473 383 3528 caeli
414 3474 685 3528 ambitum
726 3478 1071 3547 pertingeres
1104 3480 1125 3531 ?

335 3567 425 3619 Dei
460 3567 847 3623 deﬁnitionem
884 3573 1150 3639 postulas,
1185 3587 1444 3645 tanquam
1481 3578 1702 3646 ignores
1730 3596 1854 3635 eam

256 3675 381 3715 esse
416 3660 764 3717 deﬁnitionis
824 3674 1105 3729 naturam,
1153 3681 1209 3721 ut
1256 3671 1549 3726 deﬁnitum
1607 3674 1860 3729 deﬁniat.

255 3754 327 3809 At
358 3754 630 3809 deﬁniens
661 3756 728 3810 ad
760 3756 975 3812 deﬁniti
1018 3760 1228 3814 scilicet
1281 3763 1559 3833 fastigium
1582 3770 1859 3823 ascendit:

261 3846 337 3903 ita
373 3859 436 3903 ut
472 3848 619 3905 Deus
658 3849 1058 3909 deﬁnientibus
1094 3854 1327 3909 interior
1364 3868 1457 3911 snt.
1507 3858 1697 3925 Quid?
1738 3862 1863 3917 Ari-

256 3942 517 3997 stotelem
553 3959 662 3998 non
693 3945 871 4010 audis,
894 3961 1039 4020 cum
1063 3948 1139 4000 ait
1173 3951 1354 4005 simile
1384 3966 1482 4020 per
1514 3952 1693 4008 simile
1716 3972 1867 4009 com-

260 4034 579 4104 prehendi:
635 4018 1013 4107 oportereque
1072 4050 1131 4092 ut
1190 4056 1533 4109 cognoscens
1576 4045 1640 4097 ad
1672 4048 1866 4114 cogni-

260 4140 379 4183 tum
411 4129 710 4198 quamdam
742 4132 919 4184 itli-am
948 4141 1004 4186 et
1036 4133 1468 4191 similitudinem
1521 4138 1724 4193 habeat
1748 4144 1767 4193 ’ἒ
1804 4142 1869 4195 Et

262 4232 415 4276 recte
441 4224 669 4292 quidem
709 4224 981 4279 hactenus
1035 4226 1309 4281 ariotatur
1355 4229 1743 4300 philosophus.
1796 4234 1868 4288 si-

259 4315 490 4382 quidem
524 4327 584 4370 ut
615 4318 768 4371 canit
812 4317 1175 4387 Empedocles
1207 4335 1222 4371 :
1274 4320 1444 4376 Terra
1480 4332 1685 4379 terram
1717 4327 1869 4381 vide-

263 4427 410 4467 mus.
447 4419 507 4464 ut
537 4426 681 4481 aqua
728 4427 956 4479 aquam.
978 4413 1187 4470 aethere
1217 4415 1505 4479 aetherem.
1539 4419 1727 4474 anima
1754 4422 1873 4475 aui-

264 4524 435 4566 niam.
471 4522 541 4561 eo
576 4506 727 4578 quod
769 4515 854 4561 est
895 4508 945 4562 id
1001 4511 1149 4579 quod
1197 4521 1319 4576 est,
1374 4524 1559 4569 mente
1600 4526 1869 4582 mentem,

263 4614 462 4654 tritura
496 4612 777 4661 naturam.
809 4603 1041 4655 materia
1072 4605 1383 4666 materiam.
1411 4606 1589 4662 forma
1609 4609 1868 4673 formam,

262 4708 320 4749 et
355 4712 525 4748 unum
558 4710 693 4749 uno.
729 4694 856 4748 ll.ec
886 4696 1036 4749 enim
1072 4699 1259 4751 omnia
1316 4699 1479 4753 nobis
1513 4700 1725 4761 insunt.
1758 4718 1872 4755 ma-

266 4788 430 4844 ιρι-ιιι,
467 4786 673 4851 forma,
704 4801 933 4855 corpus.
963 4798 1181 4853 natura,
1211 4790 1414 4854 anima,
1459 4808 1636 4853 mens.
1672 4810 1867 4849 unum.

269 4881 450 4935 linum
484 4880 635 4935 enim
688 4896 789 4935 nos
814 4892 1039 4950 quoque
1072 4898 1304 4937 sumus:
1342 4900 1454 4940 non
1511 4895 1694 4943 tamen
1747 4904 1873 4958 pro-

269 4977 387 5041 prie
419 4992 431 5025 :
467 4989 592 5028 nam
642 4975 870 5029 unitatis
921 4991 1018 5030 seu
1056 4978 1466 5045 coniunctionis
1519 4982 1735 5037 ratione
1780 4986 1873 5036 nni

270 5069 536 5122 dicimur.

865 5186 1020 5241 CAP.
1076 5188 1263 5243 XLIV.

277 5276 579 5355 lituo-itum
611 5294 720 5331 esse
758 5277 946 5337 Deum.
973 5284 1217 5337 mmntris
1248 5285 1580 5353 unigenitum
1614 5290 1877 5355 genuerit.

386 5348 578 5429 [filium
617 5364 796 5429 autem
830 5353 1121 5429 ingenitum
1160 5371 1262 5407 non
1285 5348 1418 5418 (sic,
1449 5348 1692 5426 quamius
1728 5361 1878 5429 ejus-

380 5423 499 5472 dum
542 5438 661 5473 cum
695 5422 857 5475 Patre
891 5424 1199 5478 substantia:
1229 5428 1318 5479 sit.

350 5535 664 5603 lngeuitnm
702 5552 871 5603 porro
904 5554 1013 5593 non
1048 5537 1099 5593 id
1135 5555 1257 5596 esse
1289 5542 1563 5604 dicimus.
1591 5545 1739 5615 quod
1778 5547 1878 5598 mi.

274 5632 427 5685 niue
481 5641 752 5700 generat,
805 5633 901 5687 sed
964 5634 1111 5705 quod
1163 5637 1393 5694 minimc
1446 5641 1692 5711 genitum
1747 5651 1878 5695 est:

271 5725 771 5795 quemadmodum,
812 5728 964 5783 verbi
998 5731 1197 5800 gratia.
1244 5732 1617 5799 iucausatum,
1676 5753 1780 5789 unu
1832 5738 1882 5789 id

350 5910 394 5941 "
436 5908 585 5965 Pani.
610 5924 721 5969 eis.
757 5910 814 5965 ὃ.

1965 3335 2079 3373 uno
2102 3316 2433 3386 procedunt.
2465 3314 2600 3368 ltem
2660 3321 2894 3370 mentes.
2930 3325 3052 3379 quae
3092 3325 3119 3361 a
3158 3310 3332 3377 prima
3371 3319 3583 3363 mente.

1965 3413 2096 3466 Item
2135 3411 2300 3469 vitas.
2337 3423 2461 3479 qua:
2486 3422 2516 3459 a
2548 3409 2683 3458 vita.
2742 3416 2849 3457 tem
2905 3420 2967 3454 ea
3006 3418 3128 3471 qum
3159 3411 3309 3459 sunt.
3343 3418 3463 3468 qua!
3515 3403 3583 3453 ab

1962 3523 2031 3560 co
2059 3505 2208 3577 quod
2257 3515 2364 3558 est.
2422 3505 2603 3571 Atque
2638 3500 2846 3552 ideirco
2878 3497 3033 3550 addit
3091 3496 3396 3566 ingenitum
3436 3512 3582 3565 quo-

1966 3614 2074 3671 que
2102 3601 2170 3653 ab
2213 3596 2462 3665 ingenito
2500 3593 2825 3662 PTOletiCl'C.

2036 3693 2137 3748 Cui
2168 3692 2390 3761 quidem
2450 3686 2789 3756 respondere
2820 3685 3003 3750 quivis
3038 3694 3228 3753 queat.
3278 3698 3340 3735 ea
3403 3696 3523 3748 quae
3555 3696 3584 3732 a

1968 3786 2259 3856 quibusvis
2321 3792 2661 3850 generantur
2741 3780 3175 3847 haudquaquam
3233 3775 3588 3829 luereditario

1968 3881 2093 3949 jure
2122 3878 2492 3948 prOprietates
2522 3888 2717 3925 eorum
2754 3870 3033 3939 indipisci.
3068 3868 3528 3922 sed'substantias
3572 3882 3587 3915 τ

1968 3969 2294 4043 quandoqui
2321 3971 2427 4021 lem
2472 3967 2678 4022 Sethus
2710 3966 2878 4018 homo
2905 3964 3131 4031 quidem
3190 3961 3326 4018 fuit.
3379 3960 3587 4027 quippe

1971 4065 2062 4133 qui
2092 4065 2159 4116 ab
2189 4060 2509 4130 huiusmodi
2548 4059 2788 4111 essentia
2834 4057 3100 4118 originem
3130 4052 3383 4114 traxerit,
3424 4061 3589 4101 emt»—

1974 4174 2096 4211 rum
2135 4158 2369 4224 hujusce
2435 4153 2713 4222 particeps
2748 4166 2856 4201 non
2905 4149 3034 4205 fuit,
3071 4156 3131 4197 ut
3166 4145 3304 4195 citra
3333 4140 3586 4206 copulam

1976 4250 2259 4305 carnalem
2298 4257 2464 4301 natus
2498 4245 2685 4297 fuerit.
2714 4240 3043 4311 Huiusmodi
3092 4239 3240 4291 enim
3273 4234 3592 4303 proprietas

1977 4345 2107 4399 Atla!
2135 4342 2347 4397 (-reatio
2382 4340 2508 4399 fuit;
2532 4348 2587 4392 et
2620 4339 2747 4392 Eva:
2780 4337 2910 4392 ﬁlia.
2947 4333 3151 4387 femina
3185 4330 3411 4399 quidem
3444 4336 3590 4379 erat.

1975 4451 2167 4490 verum
2226 4449 2335 4487 non
2391 4443 2542 4486 costa
2599 4447 2627 4484 e
2679 4430 2849 4482 latere
2905 4425 3202 4479 subducta.
3271 4421 3393 4473 llzec
3442 4418 3590 4472 enim

1978 4528 2297 4600 proprietas
2328 4524 2457 4578 Evze
2504 4522 2609 4576 fuit
2642 4541 2654 4574 :
2690 4517 3163 4589 quemadmodum
3217 4513 3411 4571 Adami
3467 4526 3597 4580 pro-

1982 4622 2168 4693 prium
2195 4618 2299 4672 fuit
2323 4616 2571 4686 genitum
2602 4629 2712 4667 non
2764 4627 2910 4671 esse,
2971 4608 3065 4663 sed
3118 4607 3438 4661 formatum.
3490 4601 3597 4656 Gc-

1986 4714 2097 4766 uita
2123 4709 2271 4764 enim
2299 4706 2577 4763 esseutias
2608 4702 2966 4759 lizereditario
3006 4703 3132 4767 jure
3168 4698 3446 4755 obtinent.
3482 4710 3591 4746 non

1985 4816 2170 4860 autem
2219 4804 2589 4873 proprietates
2639 4797 2901 4851 essentiis
2991 4795 3350 4846 inluereutes.
3409 4791 3593 4853 Quare

1986 4911 2283 4968 supremus
2313 4895 2403 4948 ille
2440 4893 2585 4946 Deus
2622 4893 2692 4944 ab
2725 4889 3145 4959 ingeneratione
3199 4899 3306 4937 non
3363 4879 3593 4939 excidit,

1988 4991 2242 5061 quamvis
2270 4986 2470 5042 Filium
2528 4986 2842 5054 genuerit:
2898 4996 3082 5051 neque
3146 4978 3367 5043 genitus
3425 4973 3598 5052 Filius

1986 5088 2042 5139 iu
2082 5083 2389 5151 ingenitum
2422 5078 2803 5149 degeneravit.
2855 5074 2984 5145 quia
3054 5074 3121 5125 ab
3172 5069 3417 5139 ingenito
3470 5084 3595 5135 pro-

1985 5179 2170 5233 cessit.

2597 5268 2751 5323 CAP.
2810 5266 2973 5321 XLV.

1988 5368 2109 5423 Atia
2163 5365 2414 5422 Eunomii
2485 5364 2727 5433 objectio.
2796 5359 3015 5413 Patrem
3074 5373 3269 5433 nomen
3334 5372 3447 5409 esse
3496 5371 3597 5422 qun

2318 5430 2555 5490 essentid
2586 5438 2667 5488 vel
2714 5435 2856 5485 actio
2914 5430 3269 5501 signi/iretur.

2065 5550 2396 5620 Huiusmodi
2451 5550 2738 5619 problema
2805 5544 3241 5602 malitiosissime
3295 5541 3593 5595 eonﬁetum

1993 5642 2310 5697 subinl‘erre
2344 5641 2485 5696 solet
2514 5641 2844 5695 Eunomius.
2882 5638 3021 5693 Cum
3070 5637 3220 5690 enim
3255 5634 3454 5689 Filiqu
3486 5648 3596 5687 non

1997 5745 2061 5792 ad
2093 5737 2343 5793 eamdem
2382 5753 2505 5792 cum
2537 5735 2696 5791 l‘atre
2729 5735 3097 5791 substantiam
3124 5732 3403 5787 adducere
3438 5729 3596 5796 \cht,
