4288 6372
722 397 858 460 HO?

1985 395 2277 453 NitiE!‘.l’.
2322 396 2726 457 filiiiNlA'i‘Ji

3861 379 4002 457 “08

712 518 770 561 et
805 507 910 560 hoc
938 506 1146 567 multis,
1183 515 1242 558 ut
1278 507 1381 557 sibi
1432 506 1666 565 videtut,
1710 508 1846 557 ratio
1874 509 2016 557 tilias
2070 508 2287 573 probet.
2326 517 2363 564 .\
2401 513 2526 562 tiam
2562 531 2654 564 seu
2713 512 3149 580 replitationem,
3179 529 3239 566 ea
3269 513 3335 567 de
3368 528 3534 567 causa
3595 526 3742 564 nunc
3801 519 4006 563 auem.

714 612 830 651 tmo
860 613 995 664 vero
1062 596 1462 664 qumstioniitus
1499 599 1832 666 quitastlam
1870 599 2137 650 obsoletis
2181 609 2302 652 uta.

714 693 828 748 tur,
885 696 1049 754 atque
1099 687 1172 738 ita
1225 688 1507 755 prOprium
1543 689 1737 751 dogma
1795 698 2084 755 proponat,
2147 690 2302 755 quasi

713 782 764 834 ei
801 779 1104 834 contradici
1131 795 1239 832 non
1271 791 1460 848 possnt.
1490 795 1556 833 eo
1614 784 1691 842 tit,
1729 789 1786 832 ut
1817 795 1882 832 ne
1913 781 2304 849 nuneqnidem

715 883 862 925 recta
918 873 1202 924 nominum
1256 872 1658 940 significatione
1711 883 1916 924 utatur.
1973 873 2096 925 ll:ec
2160 873 2308 924 enim

717 963 826 1016 duo
853 966 1100 1026 nomina,
1133 964 1372 1017 essentia
1411 973 1464 1016 et
1487 964 1654 1024 actio,
1686 965 1838 1017 nullo
1870 966 2020 1018 velut
2048 966 2312 1018 interme-

715 1056 807 1108 dio
837 1065 1099 1124 usurpat;
1125 1065 1334 1114 censet.
1370 1057 1687 1125 nescioquo
1716 1061 1941 1110 doctore
1973 1071 2124 1131 usus,
2147 1071 2313 1110 omne

719 1163 918 1200 nomen
951 1147 1033 1199 vel
1062 1147 1322 1204 essentite
1372 1147 1797 1216 signiticativum
1846 1163 1990 1208 esse.
2026 1148 2110 1201 vel
2137 1149 2313 1201 actio-

719 1242 826 1293 nis.
858 1239 994 1304 Quia
1036 1255 1170 1292 vero
1231 1240 1549 1310 bujusmodi
1584 1240 1869 1293 nominum
1908 1241 2211 1296 insinuatio
2245 1242 2314 1296 ab

719 1333 813 1385 illo
843 1333 960 1385 solo
983 1333 1224 1401 cognita,
1285 1334 1369 1386 vel
1425 1335 1612 1401 potius
1661 1334 1862 1397 etheta,
1909 1335 2318 1403 quodammodo

722 1423 788 1476 ad
827 1424 1082 1482 haeresim
1119 1424 1474 1478 astruendam
1507 1427 1760 1480 conferre
1809 1427 2052 1488 videtur,
2111 1426 2317 1480 idcirco

719 1517 1022 1583 interrogat
1048 1533 1061 1568 :
1090 1517 1269 1570 Patris
1290 1518 1514 1572 nomine
1545 1520 1857 1572 essentiane
1879 1535 1948 1572 an
1977 1519 2123 1572 actio
2145 1518 2318 1584 signi-

720 1609 962 1660 licetur?
1001 1618 1059 1660 ut
1098 1609 1144 1662 si
1191 1612 1492 1664 essentiam
1546 1611 1846 1680 significari
1898 1613 2170 1676 dicamus,
2224 1612 2316 1666 ille

718 1700 845 1753 inde
886 1699 1112 1765 inferat,
1169 1703 1214 1756 si
1260 1704 1394 1771 quid
1428 1715 1628 1772 praeter
1661 1707 1876 1759 Patrem
1915 1707 2007 1767 sit,
2059 1706 2316 1760 essentia

717 1792 769 1844 id
797 1809 905 1847 non
938 1810 1058 1848 esse
1090 1813 1105 1849 :
1149 1811 1273 1850 cum
1300 1801 1598 1850 essentiam
1635 1798 1794 1851 Pater
1824 1799 1927 1852 sibi
1951 1814 2318 1867 praesumpse-

2417 616 2562 652 nune
2591 603 2842 669 utrisque
2877 603 3278 669 tempes:iviter
3333 613 3389 656 et
3429 603 3682 671 apposite
3731 601 3985 651 abutitur

2419 692 2725 760 Vtrumque
2767 703 2950 745 autem
2981 695 3202 762 utrique
3242 693 3409 747 nullis
3462 692 3812 760 exigentibus
3838 707 4006 754 nego-

2420 787 2513 840 tiis
2539 788 2830 853 praeponit.
2889 785 3131 848 Exempli
3201 786 3376 854 gratia
3414 786 3503 838 hie
3560 783 3864 851 pra-posite
3917 783 4008 831 itt-

2419 881 2632 932 stantize
2697 896 2792 932 seu
2848 880 3188 933 contentioni
3222 878 3592 930 tesistentiam
3643 892 3738 926 seu
3782 876 4013 940 replica-

2421 968 2624 1020 tionem
2662 970 2848 1022 statim
2905 969 3212 1036 subjuuxit.
3285 968 3419 1020 Nam
3482 968 3524 1018 si
3575 976 3809 1030 u:raqne
3861 962 4016 1015 rela-

2423 1071 2628 1124 lentur,
2657 1064 2864 1130 quibus
2913 1063 3242 1116 metuendus
3279 1062 3368 1114 ille
3424 1063 3508 1111 vir
3537 1070 3814 1111 certamen
3863 1057 4014 1110 elato

2423 1156 2722 1221 supercilio
2745 1157 3025 1225 ingressus
3053 1165 3161 1207 est.
3223 1155 3326 1206 hoc
3361 1152 3635 1206 instantia:
3658 1147 3860 1202 ascribi
3891 1162 4013 1199 nie-

2425 1244 2532 1298 rito
2587 1247 2810 1314 possit:
2852 1256 2910 1300 at
2973 1262 3017 1299 st
3083 1254 3321 1313 utraque
3390 1253 3701 1303 sumantur,
3762 1251 3817 1290 et
3856 1254 4014 1290 more.

2422 1338 2724 1406 peritorum
2756 1338 3001 1407 pugilum
3023 1353 3187 1406 supra
3215 1347 3366 1390 stans
3406 1334 3765 1388 adversarius
3793 1331 4020 1398 dejicia-

2424 1440 2535 1494 tur,
2569 1430 2775 1498 quibus
2824 1430 2985 1500 dejiei
3045 1444 3208 1498 posse
3262 1428 3416 1480 visus
3467 1437 3572 1479 est.
3611 1424 3714 1477 hoc
3768 1439 3897 1477 vero
3946 1423 4018 1474 ad

2423 1521 2900 1589 ἁντιπαρὰστασιν
2927 1537 3022 1574 seu
3054 1520 3424 1572 resistentiam
3456 1517 3714 1585 pertinet-

2493 1611 2800 1665 Eunomius
2853 1626 2986 1678 ergo
3020 1611 3266 1664 alienare
3311 1610 3502 1661 volens
3533 1623 3561 1659 a
3600 1607 3758 1659 Patre
3794 1604 4018 1665 Filium,

2420 1711 2627 1764 eosque
2657 1697 3005 1752 diversarum
3049 1699 3422 1753 essentiarum
3470 1711 3591 1749 esse
3635 1706 3854 1764 putans.
3890 1693 4020 1760 quia

2422 1792 2646 1844 nomina
2684 1791 2750 1844 iis
2779 1791 2999 1844 diversa
3055 1801 3207 1854 sunt,
3258 1791 3422 1842 aliam
3458 1789 3682 1856 quidem
3722 1788 4019 1840 essentia'si

717 1884 807 1935 rit.
845 1883 1034 1952 Itaque
1067 1885 1111 1937 si
1158 1883 1346 1945 Pater,
1379 1897 1654 1953 quatenus
1704 1886 1890 1947 Pater.
1929 1859 2318 1949 essentia-sit,
2349 1859 2395 1919 Β
2425 1879 2635 1932 nomini
2676 1880 2857 1933 Patris
2887 1879 3118 1944 aﬂinxit,
3156 1880 3268 1932 imo
3313 1893 3446 1932 vero
3478 1875 3712 1930 diversis
3765 1876 4024 1930 essentiis

717 1973 908 2035 Filius,
947 1984 1221 2042 quatenus
1253 1975 1446 2038 Filius,
1478 1978 1718 2029 essentia
1757 1993 1865 2030 non
1917 1988 2002 2031 est
2035 1994 2048 2028 :
2093 1977 2178 2030 sin
2217 1992 2314 2030 ve-

719 2066 835 2128 riti,
885 2080 954 2118 ne
1003 2067 1201 2120 Filium
1237 2070 1476 2122 essentia
1530 2081 1810 2123 carentem
1869 2069 2312 2134 introducamus,

718 2155 895 2208 Patris
943 2158 1166 2210 nomine
1223 2159 1494 2211 actionem
1562 2159 1860 2227 signiﬁcari
1928 2160 2312 2229 proﬁteamur,

714 2259 831 2302 tum
860 2267 963 2304 nos
993 2253 1178 2305 aerius
1205 2253 1420 2319 urgebit
1471 2255 1579 2313 iile.
1613 2263 1783 2320 atque
1820 2255 1885 2307 ad
1917 2256 2116 2323 dogma
2150 2271 2311 2309 suum

712 2344 1190 2413 comprobandum
1219 2347 1446 2400 alliciet.
1479 2348 1613 2400 Nam
1670 2349 1715 2401 si
1758 2349 1892 2401 nihil
1927 2348 2076 2401 aliud
2114 2359 2314 2416 prteter

712 2437 1009 2495 actionem.
1063 2439 1285 2491 nomine
1338 2439 1517 2492 Patris
1576 2440 1897 2499 denotetnr.
1955 2455 2179 2493 necesse
2228 2448 2314 2493 est

713 2527 921 2594 aliquid
959 2543 1103 2586 esse.
1136 2529 1283 2596 quod
1317 2540 1503 2582 actum
1547 2531 1734 2583 l'nt-rit.
1771 2531 1929 2585 Aetio
1968 2532 2112 2584 enim
2144 2531 2317 2584 alicu-

711 2618 800 2685 jus
827 2619 1082 2686 estquod
1119 2621 1320 2688 agitur.
1353 2620 1476 2674 .lam
1536 2623 1675 2690 quid
1705 2624 1851 2675 aiiod
1892 2624 1959 2675 ah
1992 2623 2095 2676 hoe
2133 2625 2312 2676 uomi-

716 2723 785 2761 ne
819 2721 1053 2775 paterno
1075 2724 1257 2764 actum
1297 2722 1402 2776 est,
1429 2724 1630 2781 prader
1678 2712 1913 2767 Filium?
1941 2715 1994 2768 Si
2036 2716 2182 2767 enim
2217 2715 2318 2769 Pa-

714 2812 797 2853 ter
819 2800 939 2854 Filii
972 2801 1154 2864 Pater,
1201 2812 1255 2854 et
1294 2804 1454 2860 i’atcr
1485 2805 1628 2857 at'tio
1670 2817 1772 2867 est,
1812 2821 1962 2860 certe
2022 2807 2195 2860 Fiiitts
2248 2807 2300 2860 id

713 2893 839 2954 erit,
874 2893 1018 2960 quod
1049 2895 1252 2963 agitur.
1281 2898 1335 2948 Si
1373 2914 1504 2966 ergo
1531 2900 1671 2952 alter
1715 2901 1850 2970 agit.
1907 2911 1962 2954 et
1998 2902 2141 2954 alter
2197 2899 2310 2973 agi-

715 2990 825 3043 tur,
865 2998 988 3051 qua:
1028 2985 1190 3038 verba
1221 2985 1456 3045 diversa:
1489 3000 1619 3043 sunt
1672 2993 1947 3052 eSsentize.
1989 3001 2046 3044 ut
2085 2993 2137 3044 in
2179 2991 2314 3044 arti-

716 3073 818 3126 bus
853 3087 1104 3144 apparct,
1134 3087 1285 3133 certe
1339 3080 1573 3134 diversae
1621 3098 1842 3151 queque
1890 3100 1919 3136 a
1982 3084 2140 3136 Patre
2185 3083 2316 3137 sub-

714 3170 932 3221 stantia:
962 3169 1133 3228 lt‘ilius
1164 3182 1248 3225 est
1284 3190 1297 3224 :
1333 3176 1806 3242 quemadmodum
1840 3188 1896 3231 et
1920 3187 2102 3231 statua
2135 3177 2316 3231 diver-

715 3273 830 3312 sam
859 3260 1023 3313 habet.
1053 3278 1080 3315 a
1117 3267 1386 3320 statuario
1411 3277 1686 3321 naturam.

787 3350 1012 3420 Magnus
1071 3370 1239 3422 porro
1305 3357 1467 3412 Pater
1521 3359 1607 3413 ilic
1658 3359 1956 3431 Gregorius
2001 3363 2313 3433 ambiguam

718 3441 976 3498 [unomii
1033 3450 1398 3516 qua-stionem
1463 3454 1740 3508 subvertit
1785 3471 1818 3516 γε
1892 3467 1948 3509 et
2026 3467 2316 3526 utramque

719 3536 1048 3604 objectionis
1080 3549 1290 3608 partem
1331 3551 1391 3594 ut
1421 3544 1743 3608 absurdam,
1772 3546 2045 3601 destruxit
2079 3550 2164 3602 his
2197 3567 2316 3603 ver-

718 3627 1071 3700 biszNeque
1124 3649 1257 3688 vero
1308 3638 1566 3689 essentia:
1609 3639 1792 3700 Pater,
1843 3655 2024 3707 neque
2081 3641 2318 3694 :zetionis

720 3738 920 3778 nomen
959 3737 1064 3786 est.
1103 3727 1199 3781 sed
1256 3728 1501 3792 habitus,
1545 3742 1599 3784 et
1634 3733 1781 3786 modi
1848 3736 1992 3802 quod
2043 3750 2099 3788 se
2150 3734 2318 3790 habet

720 3816 896 3871 Fiiius
924 3821 990 3872 ad
1021 3839 1170 3884 eum,
1199 3838 1227 3876 a
1276 3839 1389 3892 quo
1441 3825 1854 3880 tleuontinalur.
1887 3828 2094 3882 Deinde
2121 3845 2316 3897 quem-

719 3911 1016 3966 admodum
1078 3925 1342 3972 strenuus
1424 3920 1624 3985 aliquis
1678 3921 1839 3973 mites
1892 3924 2064 3975 armis
2114 3922 2318 3990 quibus

719 4005 1028 4062 i:t-.tructus
1060 4021 1181 4064 erat
1232 4012 1524 4065 subactum
1565 4014 1777 4066 hostem
1822 4015 2008 4068 denuo
2054 4015 2318 4085 aggredi-

719 4109 829 4162 tur,
860 4111 916 4154 et
960 4103 1142 4170 gladio
1172 4118 1202 4156 e
1251 4103 1510 4160 manibus
1560 4106 1800 4176 ahjeeto,
1851 4105 2063 4159 hastam
2116 4107 2319 4161 adver-

716 4192 848 4244 sarii
908 4197 1124 4261 arripit,
1183 4213 1292 4264 qua
1347 4198 1500 4250 illum
1548 4198 1897 4261 transfodiat,
1950 4198 2318 4267 quemadmo-

715 4285 872 4346 dum,
909 4289 1064 4340 verbi
1099 4290 1296 4356 Bratia,
1344 4290 1539 4347 fecisse
1573 4291 1750 4344 fertur
1797 4291 1952 4345 rufus
2005 4292 2098 4345 ille
2152 4292 2316 4345 Datn-

718 4377 817 4431 des
854 4389 908 4431 et
943 4379 1178 4447 pulcher
1199 4392 1451 4450 aspectu,
1484 4383 1588 4437 hoe
1621 4393 1706 4437 est
1756 4383 1954 4455 agendi
1986 4394 2042 4439 et
2066 4393 2318 4438 contento

721 4469 903 4536 piandi
964 4472 1186 4524 solertia
1244 4473 1452 4529 clarus.
1501 4476 1659 4541 Quod
1733 4478 1881 4530 enim
1958 4475 2081 4528 rufo
2134 4476 2321 4530 colore

2428 1972 2651 2025 diversa
2709 1987 2931 2040 quoque
2989 1971 3215 2024 nemina
3279 1971 3471 2024 tribuit
3516 1987 3528 2022 :
3573 1987 3636 2023 ea
3704 1969 3842 2021 male
3881 1971 4025 2020 acci-

2428 2061 2605 2133 pien's.
2648 2079 2770 2132 qua:
2791 2079 2820 2116 a
2853 2063 3199 2132 philosophis
3233 2063 3533 2125 dicuntur;
3565 2063 3642 2114 ait
3673 2063 3815 2113 enim
3847 2079 3861 2114 :
3898 2061 4024 2114 (Qu;-

2429 2157 2542 2210 lum
2566 2165 2622 2209 et
2666 2166 2811 2209 terra
2843 2156 3081 2208 diversis
3110 2165 3166 2208 et
3217 2153 3682 2223 appellatiOnibus
3735 2163 3790 2206 et
3838 2168 4025 2206 essen-

2428 2249 2517 2301 tiis
2547 2247 2852 2311 differunt;
2891 2247 3085 2300 eodem
3137 2262 3267 2315 ergo
3303 2246 3468 2297 modo
3501 2245 3663 2298 Pater
3703 2255 3758 2296 et
3811 2243 4022 2308 Filius;

2425 2358 2664 2411 quorum
2721 2344 2870 2395 enim
2923 2341 3148 2394 nemina
3221 2343 3441 2394 diversa
3499 2348 3650 2401 sunt.
3719 2353 3915 2392 eorum
3965 2347 4025 2391 et

2427 2437 2680 2492 essentia:
2705 2435 2961 2489 diversae.

2500 2531 2661 2584 Pater
2684 2538 2867 2582 autem
2912 2528 3215 2598 Gregorius
3274 2528 3342 2579 ita
3386 2526 3723 2594 respondet:
3781 2525 3917 2590 Quia
3968 2526 4022 2578 it

2429 2622 2641 2690 magnis
2665 2621 2966 2674 luminibus
2996 2620 3240 2678 eventis,
3301 2619 3558 2675 liuootni.
3591 2617 3774 2684 aspice
3802 2617 3867 2668 ad
3913 2615 4018 2666 ini-

2429 2714 2614 2775 lliltia;
2687 2710 3076 2763 communibus
3125 2709 3414 2760 hominum
3468 2706 3822 2774 opinionibus
3857 2704 4023 2758 ﬁdem

2430 2804 2650 2864 adhibe,
2685 2804 2946 2856 nimirum
2974 2801 3285 2870 :Quidquid
3317 2802 3582 2870 gignitur,
3611 2799 3751 2853 Patri
3786 2799 4027 2852 consub-

2431 2899 2688 2952 stanziale
2719 2907 2837 2959 est;
2883 2897 3164 2949 hominem
3202 2895 3348 2951 enim
3386 2895 3571 2954 homo.
3598 2908 3774 2961 equus
3794 2908 4029 2961 equum,

2427 2989 2722 3057 delphinus
2753 2989 3074 3057 delphinum
3111 2998 3336 3057 generat
3372 3006 3383 3040 :
3432 2999 3486 3038 et
3515 2989 3627 3039 h-c:
3653 2986 3836 3038 omnia
3874 2986 4024 3037 inter

2431 3101 2488 3139 se
2519 3081 3012 3138 consubstantialia
3050 3090 3197 3133 sunt.
3244 3078 3723 3144 Quemadmodum
3760 3091 3894 3154 ergo
3924 3091 4026 3145 ge-

2431 3179 2616 3231 nitura
2650 3177 2702 3228 iu
2731 3176 2817 3229 his
2853 3189 2881 3226 a
2911 3185 3136 3244 parente
3179 3175 3397 3225 diversa
3433 3186 3541 3224 non
3585 3170 3793 3227 evadit.
3830 3169 3925 3221 sed
3977 3169 4027 3221 ei

2431 3271 2615 3341 potius
2678 3270 2944 3332 cohmret,
2977 3269 3208 3337 ejusque
3263 3277 3514 3318 naturam
3575 3262 3772 3323 induit,
3825 3263 3896 3314 ita
3946 3271 4026 3322 et,

2426 3367 2470 3420 si
2521 3365 2698 3418 Patris
2766 3362 2990 3416 nomine
3041 3359 3334 3413 essentiam
3387 3355 3682 3425 signiﬁcari
3731 3351 4026 3414 concedas,

2430 3455 2626 3509 Filium
2675 3453 2817 3506 Patri
2873 3448 3307 3512 conplutinabis.
3368 3457 3423 3496 et
3465 3441 4024 3498 consubstantiabis:

2425 3539 3328 3614 quantloquidem'substantialis
3379 3536 3555 3588 Patris
3605 3534 3858 3604 genitura
3917 3544 4024 3585 est.

2421 3637 2693 3707 Quocirca
2725 3633 2774 3686 si
2824 3628 3557 3686 communium'notionntn,
3597 3636 3651 3677 et
3692 3625 3770 3676 vis
3826 3623 4028 3676 horum

2425 3727 2816 3781 vocabulorum
2845 3725 2983 3776 ratio
3021 3723 3317 3783 habeatur,
3357 3720 3602 3770 coli-mret
3648 3716 3792 3768 l’alri
3833 3715 4028 3774 Filios.

2427 3837 2529 3875 nec
2581 3820 2649 3874 ab
2679 3832 2747 3872 eo
2783 3818 3040 3871 diversus
3071 3825 3178 3869 est.
3251 3811 3320 3866 lJt
3385 3813 3531 3865 enim
3588 3811 3805 3878 genitor
3863 3808 4032 3860 homo

2427 3915 2612 3981 genito
2644 3915 2796 3980 prior
2825 3921 2931 3974 est,
2978 3911 3052 3962 ita
3120 3908 3283 3962 Pater
3332 3915 3389 3958 et
3440 3904 3610 3958 Filius
3661 3900 3823 3955 simul
3865 3902 4032 3954 ambo

2425 4019 2554 4065 sunt.
2584 4027 2596 4063 :
2631 4007 2727 4063 sed
2758 4023 2861 4061 nos
2914 4013 2983 4061 ab
3013 4021 3080 4060 eo
3116 4004 3265 4074 quod
3300 4014 3485 4072 patres
3520 4016 3628 4053 non
3683 4014 3932 4058 eramus.
3977 3999 4030 4050 id

2433 4101 2654 4156 tandem
2677 4099 2955 4153 evasimus
2988 4113 3002 4161 ;
3033 4105 3372 4165 quapropter
3415 4105 3470 4144 ιιι
3508 4092 3760 4144 homines
3809 4091 4036 4159 generis

2427 4192 2848 4264 praerogativam
2879 4190 2934 4242 itt
2969 4189 3113 4243 tilios
3157 4184 3446 4247 habemus,
3501 4193 3554 4235 at
3589 4192 3649 4234 ut
3683 4191 3868 4250 patres
3902 4196 4036 4232 cons

2427 4286 2827 4343 substantiales
2867 4284 2974 4338 iiiis
2997 4277 3526 4348 etcontemporanei
3565 4290 3795 4328 sumus:
3833 4288 4033 4341 supre-

2430 4400 2553 4437 tuus
2589 4397 2772 4435 autem
2805 4379 3053 4432 otnniutn
3081 4375 3245 4440 Deus,
3293 4388 3417 4426 cum
3470 4372 3536 4424 al)
3565 4382 3773 4424 aeterno
3818 4368 3890 4421 sit
3932 4365 4035 4419 Pa-

2430 4488 2533 4534 ter.
2564 4475 2765 4528 Filium
2810 4469 3045 4538 tempori
3102 4484 3211 4520 non
3248 4464 3578 4518 obnoxium.
3621 4463 3838 4530 sibique
3892 4475 4034 4513 eoae-

718 4561 967 4616 suti‘usus
1034 4564 1231 4627 fuerit.
1299 4567 1669 4621 certissimum
1742 4567 1981 4622 assidua:
2061 4569 2209 4622 illius
2259 4569 2311 4620 in
2353 4577 2394 4632 ι)
2427 4581 2642 4623 ternum
2676 4561 2860 4618 habet.
2893 4563 2970 4616 Ex
3028 4575 3138 4630 quo
3167 4572 3548 4623 consequitur.
3583 4559 3624 4608 si
3674 4555 3781 4604 \itu
3832 4558 4032 4603 horum

718 4653 933 4722 agendo
969 4655 1258 4710 industria:
1306 4659 1616 4726 symboium
1650 4658 1756 4728 luit
1788 4679 1802 4715 ς
1853 4659 1998 4726 quod
2036 4675 2166 4712 vero
2204 4660 2323 4727 pul-

716 4749 850 4802 cher
887 4760 1141 4817 aspectu,
1172 4752 1511 4819 perspicacis
1537 4750 1713 4804 animi
1749 4751 1994 4820 ejusdem
2028 4767 2325 4822 argumen-

718 4855 832 4896 tutn
871 4843 1382 4898 manifestissimum
1414 4845 1646 4900 exstitit.
1673 4843 1770 4900 llic
1794 4845 1941 4900 enim
1967 4845 2130 4899 simul
2160 4856 2327 4913 atque

718 4935 888 4990 t'nntla
920 4935 1245 4991 Goliathum
1290 4937 1513 5008 dejccit,
1547 4933 1731 5008 gladio
1765 4941 1888 5009 ejus
1942 4939 2135 5010 vagina
2191 4937 2326 4993 edu-

717 5043 830 5088 eto.
871 5023 1220 5101 tyrannicutn
1252 5032 1385 5086 illud
1415 5033 1466 5087 ei
1499 5043 1666 5102 caput
1697 5033 1953 5087 abscidit.

794 5123 900 5177 Sed
958 5125 1071 5177 lure
1123 5126 1562 5182 studiosioribus
1633 5127 1984 5180 discutienda
2046 5126 2320 5195 relinquo.

717 5221 848 5283 Qua:
879 5234 1042 5287 porro
1077 5236 1143 5272 ex
1173 5220 1458 5274 rhetorum
1493 5220 1739 5274 fontibus
1762 5219 2091 5288 deprOmere
2129 5235 2325 5289 possu-

721 5329 954 5373 n-.us.ca
995 5313 1047 5365 in
1091 5314 1334 5366 medium
1368 5315 1748 5383 proter-antur.
1790 5313 1930 5367 (lum
1987 5315 2133 5366 enim
2183 5312 2325 5364 divi-

719 5420 827 5458 nos
883 5406 971 5457 ille.
1025 5422 1106 5458 var
1151 5408 1267 5460 haec
1301 5407 1414 5462 duo
1471 5411 1842 5462 instrumenta
1895 5405 2201 5460 rhetorices
2257 5405 2322 5458 ad

721 5497 1066 5568 obiectiones
1126 5501 1578 5555 adversariorum
1616 5500 1991 5556 conl'tttantlas
2046 5502 2325 5569 praecipua
2367 5535 2373 5551 .

722 5608 844 5647 οεδυ
875 5593 1063 5650 sciret.
1104 5593 1374 5661 nimirum
1441 5596 1699 5648 ἔνστασιν
1735 5608 1793 5650 ct
1824 5597 2323 5665 d-itznzpaztaazv.

727 5686 776 5738 i-l
810 5699 890 5741 est
925 5687 1246 5742 instantiam
1311 5704 1408 5744 seu
1464 5692 1908 5754 contentionem,
1952 5700 2003 5744 t-t
2065 5691 2364 5744 resistem-

831 5871 876 5900 ³⁸³
912 5870 925 5924 Ι
964 5869 1096 5938 Ιίιᾜ.
1135 5886 1245 5938 λιι,
1282 5875 1370 5924 ξοΙ.

2433 4659 2832 4716 vocabulorum
2860 4664 3100 4725 spectes,
3145 4662 3207 4707 ut
3266 4651 3436 4704 Filius
3485 4665 3514 4702 a
3562 4648 3720 4701 Patre
3780 4648 4040 4699 din‘l’aIlS

2434 4767 2718 4822 nunquam
2743 4749 2912 4803 tuerit
2943 4762 3046 4801 nec
3097 4743 3340 4800 essentia
3368 4757 3472 4794 nec
3521 4739 3876 4807 συνυπὰρξεε,
3929 4738 4042 4790 hoc

2434 4855 2540 4910 est,
2573 4841 3068 4902 eonsubsisteutia,
3100 4839 3264 4892 liceat
3293 4845 3446 4890 certe
3506 4833 3779 4887 actionem
3807 4845 4044 4898 quoque

2436 4939 2649 5003 dicere,
2675 4939 2720 4992 si
2747 4939 2820 4992 ita
2847 4935 3092 4992 videtur.
3145 4937 3214 4988 At
3268 4931 3385 4985 lleri
3438 4939 3642 5000 potest,
3684 4936 3742 4980 ιιι
3783 4927 3869 4980 his
3903 4925 4045 4978 sub-

2437 5031 2719 5095 scribatis,
2764 5031 2910 5084 ultro
2965 5028 3202 5098 pedibus
3257 5035 3504 5080 nostram
3581 5022 3635 5074 in
3701 5021 4041 5074 sententiam

2439 5128 2617 5181 ituri:
2671 5141 2774 5180 nos
2809 5135 2996 5178 autem
3058 5113 3162 5176 hoc
3213 5135 3436 5196 quoque
3485 5117 3649 5170 modo
3704 5120 3806 5170 tela
3853 5125 4040 5166 vestra

2436 5221 2812 5276 retundintus.
3837 5246 3843 5252 ·
3892 5202 3894 5204 ν

3037 5310 3193 5376 ιλιι),
3233 5307 3431 5362 xm-

2433 5408 2552 5479 Ipsa
2580 5425 2639 5460 rx
2677 5408 2883 5479 στύφει·
2914 5404 3206 5470 ὁμοηύσιον
3248 5402 3681 5479 ςΙιιττκιηίξζηξξος
3733 5406 3830 5451 (δι.
3872 5396 4042 5446 ιιιιιιι

2611 5487 2769 5548 atque
2797 5476 2963 5531 Pater
2992 5477 3113 5540 fuit,
3140 5474 3376 5544 genitum
3404 5491 3446 5525 ei
3495 5469 3690 5522 “tiam
3717 5486 3851 5521 esse.

2507 5596 2573 5649 At
2609 5612 2740 5649 vero
2785 5592 3160 5658 interrogatis.
3191 5604 3483 5657 quemnam
3519 5587 3678 5639 Pater
3707 5583 3904 5644 exerit.
3938 5599 4038 5635 nni

2435 5690 2658 5760 quidem
2695 5687 2758 5744 sit
2805 5687 2972 5745 actio.
3008 5685 3056 5744 ci
3092 5698 3197 5736 non
3244 5680 3535 5741 absimilis.
3564 5693 3727 5747 quam
3770 5678 3821 5729 in
3857 5678 4040 5728 archi-
