4288 6372
258 422 389 482 i409

1510 404 1609 462 'l'Il
1624 403 1751 458 IiSA
1767 401 1898 458 Ulil
1950 401 2018 457 Li
2033 402 2093 458 ii.
2144 401 2209 458 ν.

3390 393 3522 456 ῙῖΗΟ

257 541 421 592 tecto,
462 535 681 581 tatomo.
718 535 768 577 et
802 522 1066 576 statuario
1104 521 1367 573 videmus.
1410 514 1520 569 Hoc
1553 513 1684 571 aliud
1723 524 1825 567 est.
1864 516 1903 567 Α
1934 525 1950 558 ι

1823 556 1825 566 λ
1864 516 1903 567 Α
1934 518 1987 558 et
2019 506 2084 559 ad
2117 492 2286 559 'illum
2329 503 2663 558 referuntur.
2721 517 2908 571 itaque
2958 504 3133 571 major
3196 501 3354 555 Pater
3408 517 3516 559 est.

253 622 397 690 quod
432 619 691 686 ἐμςύτεω
738 629 890 666 rm-o.
922 614 1051 666 Nam
1074 616 1114 663 si
1146 611 1303 663 Pater
1330 616 1406 658 est
1440 607 1556 657 lr'iiii
1596 606 1752 656 Pater
1784 611 1836 653 ιιι

255 713 346 767 hic
373 713 598 780 quidem
632 722 819 763 causa.
853 706 942 757 ille
968 719 1097 755 vero
1145 709 1426 755 causatum
1467 698 1547 749 vel
1584 694 1835 755 cﬂectus,

250 804 497 871 (ejusdem
540 813 719 853 tamen
754 806 962 848 natura:
1015 793 1177 846 ambo
1204 788 1523 858 etejusdcm
1581 784 1837 838 substan~

255 896 341 947 tia!
375 903 529 951 sunt.
572 890 675 942 hoc
714 888 888 955 ipsum
923 885 1084 939 Pater
1115 882 1247 951 egit,
1305 880 1564 933 nimirum
1596 874 1837 930 consub-

252 988 604 1045 stantiaiem;
638 980 891 1049 quamvis
945 975 1153 1043 alioqui
1207 972 1440 1026 actionis
1494 970 1683 1037 opinio
1736 968 1839 1021 hac

254 1081 309 1131 in
344 1094 400 1129 re
433 1071 771 1143 perabsurda
805 1071 895 1123 sit.
943 1067 1083 1133 Quia
1113 1066 1263 1119 enim
1298 1062 1622 1130 periculosis
1655 1060 1835 1114 nomi-

254 1168 418 1220 nibus
447 1168 578 1217 etin
628 1161 902 1226 theolOgia
956 1157 1234 1211 inusitatis
1275 1168 1407 1207 usus
1470 1161 1573 1211 est.
1632 1152 1838 1205 idcirco

253 1258 475 1311 videtur
535 1258 670 1311 utile
730 1256 783 1309 iu
823 1262 974 1322 parte
1020 1252 1289 1307 futurum.
1324 1250 1366 1300 si
1424 1246 1838 1299 consideremus

253 1350 483 1418 quinam
513 1351 584 1400 sit
610 1360 804 1399 eorum
835 1356 1053 1397 sensus.
1088 1341 1213 1393 "me
1262 1336 1409 1389 enim
1468 1337 1569 1387 tria
1612 1349 1670 1387 se
1719 1349 1837 1385 niu-

256 1451 351 1493 tuo
384 1436 648 1503 subsequi
686 1434 947 1487 videntur
1002 1427 1181 1490 οὐσία,
1217 1427 1491 1494 ἐνέργεια,
1551 1423 1645 1473 καὶ
1685 1424 1836 1491 ὲνερ-

236 1528 536 1595 ’γούμενον,
568 1527 669 1580 hoc
698 1536 782 1578 est
812 1523 1072 1584 essentia,
1106 1520 1268 1580 actio,
1308 1526 1363 1570 et
1405 1529 1565 1582 Opus.
1596 1514 1692 1567 Est
1735 1530 1836 1567 au-

254 1630 365 1671 tem
404 1620 549 1672 actio
576 1619 680 1671 alia
710 1614 963 1670 essentne
1011 1624 1372 1667 concurrens.
1429 1608 1533 1659 alia
1593 1615 1836 1675 postmo-

252 1710 383 1763 dum
419 1711 711 1776 acquisita.
738 1706 952 1771 Quibus
980 1718 1111 1771 ergo
1145 1699 1407 1754 essentiis
1433 1698 1579 1751 actio
1602 1711 1840 1750 concur-

254 1803 347 1864 rit,
383 1815 572 1854 earum
605 1798 854 1851 actiones
899 1808 1119 1864 quoque
1148 1790 1396 1845 indivisa:
1446 1800 1596 1850 sunt,
1634 1787 1837 1856 quibus

1940 599 2067 665 quia
2094 611 2260 651 causa
2292 606 2395 652 est.
2431 595 2723 657 ambobus,
2782 595 2921 649 Filio
2955 594 3177 661 quidem
3212 598 3522 662 generatio-

1938 692 2044 747 nis.
2081 688 2313 756 Spiritui
2342 694 2524 739 autem
2556 686 2953 754 proccsdonis.
2992 684 3241 738 Ecclesia
3274 698 3426 751 ergo,
3464 670 3553 735 uti

1926 777 2145 830 dictum
2168 783 2273 833 est,
2299 790 2365 827 eo
2401 791 2564 829 sensu
2608 772 2907 826 dictionem
2942 775 3117 842 nmjor
3141 777 3377 842 accepit.

2007 852 2422 927 AtEunomius,
2451 881 2576 919 cum
2607 874 2803 918 caetera
2842 864 3048 921 turbet.
3081 876 3247 933 atque
3283 862 3524 917 confun-

1938 960 2056 1021 dat,
2114 970 2228 1012 tum
2270 959 2576 1027 poculentzc
2626 958 2755 1010 huic
2809 971 2963 1023 aqua:
3005 956 3375 1023 Salsnginosos
3407 970 3529 1009 scr-

1937 1064 2130 1103 mones
2185 1064 2315 1103 suos
2372 1050 2665 1103 immiscet.
2727 1048 2866 1100 Huic
2915 1048 3058 1098 enim
3117 1046 3522 1114 propositioni:

1939 1139 2100 1193 Pater
2123 1140 2295 1206 major
2324 1139 2464 1192 Filio
2488 1147 2595 1201 est,
2623 1137 2747 1205 quia
2774 1150 2972 1197 causa;
3007 1136 3189 1186 statim
3239 1135 3343 1187 alia
3376 1134 3528 1188 .sub-

1933 1230 2113 1298 jungit
2148 1248 2159 1283 :
2201 1230 2379 1285 Causa
2410 1229 2677 1281 naturalis
2700 1238 2806 1290 est,
2834 1241 3069 1292 moxque
3103 1226 3175 1277 ita
3213 1226 3510 1279 ratiocina-

1939 1332 2048 1375 tur.
2083 1320 2241 1373 Pater
2292 1320 2466 1389 major
2519 1326 2624 1381 est,
2674 1319 2801 1388 quia
2863 1331 3050 1371 causa.
3110 1331 3274 1369 causa
3340 1326 3527 1370 autem

1937 1412 2240 1472 naturalis;
2286 1418 2402 1462 tum
2449 1409 2943 1474 concludit:Ergo
2991 1407 3153 1459 Pater
3201 1416 3399 1460 natura
3439 1407 3527 1460 Fi-

1936 1505 2009 1557 lio
2041 1504 2215 1571 major
2267 1511 2374 1559 est.
2415 1504 2585 1571 majus
2637 1502 2764 1554 inde
2798 1500 3133 1557 attribuens.
3180 1514 3290 1551 non
3340 1513 3522 1551 causae

1938 1602 1997 1645 ut
2036 1602 2183 1646 recta
2231 1592 2435 1646 suadet
2476 1593 2635 1644 ratio.
2688 1592 2805 1645 Hoc
2855 1590 3060 1643 ctenim
3099 1589 3203 1642 sibi
3249 1588 3366 1640 vult
3402 1592 3524 1657 ejus

1940 1686 2136 1753 dogma
2174 1726 2187 1746 ,
2268 1693 2327 1737 ιιι
2398 1683 2619 1737 Patrem
2672 1683 2905 1748 primam
2957 1681 3252 1733 essentiam
3331 1679 3522 1745 faciat,

1937 1780 2137 1835 Filium
2169 1772 2493 1837 secundum,
2529 1774 2798 1844 Spiritum
2834 1774 3050 1827 tertiam
3085 1792 3101 1824 :»
3133 1772 3333 1826 Nescio
3365 1767 3522 1837 itero,

252 1862 435 1947 autem
472 1891 817 1960 postmodum
864 1862 1085 1949 accidit,
1120 1901 1307 1939 earum
1338 1883 1587 1938 actiones
1609 1894 1830 1949 quoque
1867 1863 1908 1916 Β
1936 1872 2115 1940 inquit
2154 1883 2384 1937 magnus
2447 1867 2541 1920 ille
2596 1864 2920 1933 Gregorius,
2983 1875 3167 1918 utrum
3231 1862 3336 1917 sibi
3391 1864 3526 1932 ipsis

252 1984 633 2053 posteriores:
694 1990 754 2035 ut
809 1982 975 2034 homo
1036 1978 1273 2032 essentia
1309 1974 1530 2044 quidem
1579 1984 1682 2029 e‘st.
1718 1972 1828 2039 agit

251 2084 434 2127 autem
475 2072 916 2140 respirationem,
956 2079 1011 2123 et
1055 2067 1373 2122 aedilicium.
1429 2064 1633 2116 Horum
1687 2064 1826 2114 alte-

251 2180 393 2227 rum,
435 2164 695 2217 nimirum
734 2161 1043 2230 respiratio,
1073 2155 1377 2216 concurrit,
1410 2156 1643 2209 alterum
1673 2169 1826 2214 Vero.

250 2252 463 2306 scilicet
510 2251 845 2311 aediﬁcatio”
879 2247 1156 2319 posterior
1205 2255 1261 2300 et
1297 2246 1532 2299 ascititia
1566 2253 1669 2298 est.
1710 2245 1830 2309 Quo

253 2344 334 2407 iit,
369 2354 427 2397 ut
456 2344 602 2413 quod
646 2344 715 2395 ab
743 2343 957 2395 actione
987 2338 1187 2409 agitur,
1223 2352 1344 2405 quae
1373 2336 1593 2406 quidem
1644 2351 1829 2391 essen-

252 2438 341 2489 tia:
395 2434 700 2495 concurrit,
746 2439 1041 2486 concurrat
1087 2438 1144 2484 et
1202 2430 1379 2498 ipsum
1440 2429 1723 2490 nimirum,
1770 2441 1831 2482 ut

250 2526 611 2596 respiratione
650 2540 746 2579 cor
772 2524 1152 2593 refrigeretur.
1229 2522 1363 2574 Nam
1437 2520 1599 2573 simul
1665 2528 1829 2588 atque

251 2618 490 2683 respirat
518 2617 739 2684 aliquis,
771 2615 967 2669 hausto
995 2613 1273 2668 exteriore
1324 2626 1475 2676 aere,
1536 2613 1828 2680 iaxatoque

252 2709 401 2761 molli
433 2709 639 2777 jecoris
674 2722 925 2774 corpore.
952 2704 1098 2773 quod
1129 2706 1353 2773 puriore
1378 2703 1576 2757 spiruitu
1604 2703 1828 2770 plenum

248 2797 747 2860 est,circumfovet
789 2811 907 2860 cor,
968 2810 1071 2849 nec
1130 2795 1394 2849 exsiccari
1440 2795 1621 2848 calore
1675 2794 1830 2847 sinit.

252 2890 565 2945 )Ediﬁcatio
595 2899 776 2941 autem
808 2929 823 2949 ,
851 2888 977 2956 quia
1013 2901 1198 2954 pOStea
1225 2886 1514 2955 contingit,
1548 2901 1614 2939 eo
1646 2885 1735 2946 fit.
1769 2896 1827 2938 ut

244 2981 530 3034 dividatur
558 2994 779 3049 quoque
804 2978 946 3047 quod
977 2977 1174 3045 agitur.
1214 2975 1478 3040 Quocirca
1504 2976 1664 3029 Pater
1685 2976 1823 3028 Gre-

252 3071 441 3134 gorius
470 3069 542 3120 ita
576 3069 766 3121 infert.
801 3068 1101 3120 Consentio
1131 3067 1251 3129 tibi,
1276 3067 1532 3126 Eunomi.
1563 3066 1655 3134 qui
1680 3065 1828 3120 Patri

250 3175 453 3215 nomen
477 3159 706 3213 actionis
730 3158 1073 3226 imposueris.
1091 3156 1626 3211 Consulistantialcm
1657 3173 1821 3224 porro

255 3251 388 3319 egit,
417 3252 665 3318 quamvis
689 3249 890 3315 alioqui
922 3247 1155 3301 actionis
1186 3247 1287 3301 hac
1316 3248 1369 3300 in
1404 3263 1461 3301 re
1491 3250 1679 3314 opinio
1707 3264 1833 3316 prr-

256 3342 489 3397 absurda
546 3341 637 3394 sit.
668 3340 802 3394 Nam
837 3341 890 3393 in
946 3340 1036 3391 illa
1080 3340 1295 3393 actione
1336 3341 1615 3407 posterius
1652 3340 1705 3394 id
1745 3350 1833 3394 est

248 3433 402 3503 quod
447 3433 644 3502 agitur.
690 3431 1018 3484 Aridilicandi
1049 3432 1193 3482 enim
1229 3446 1318 3483 ars
1372 3430 1663 3483 aedificium
1699 3447 1835 3499 pra:-

256 3523 417 3577 cedat
440 3533 679 3590 Oportet,
706 3531 871 3589 atque
920 3537 949 3574 a
1003 3537 1060 3574 se
1096 3522 1228 3588 ipsis
1280 3533 1605 3588 separentur
1651 3523 1833 3576 archi-

259 3618 518 3667 tectus‘ct
546 3612 857 3665 :edificium.
894 3612 951 3665 In
984 3612 1087 3665 hac
1112 3628 1262 3672 vero,
1295 3628 1402 3680 qua
1451 3612 1519 3664 de
1552 3628 1698 3665 nunc
1722 3614 1831 3681 agi-

262 3721 384 3757 urus
411 3706 645 3766 actione,
677 3719 785 3755 non
823 3704 896 3755 ita
924 3717 981 3756 se
1009 3703 1172 3756 habet
1215 3703 1265 3755 id
1311 3703 1457 3771 quod
1485 3705 1683 3773 agitur.
1718 3705 1834 3758 Non

254 3797 406 3848 enim
440 3796 591 3862 prius
616 3793 717 3847 fuit
752 3794 931 3858 Pater,
964 3802 1078 3846 tum
1136 3795 1337 3847 deinde
1390 3795 1836 3848 consubstantia-

261 3889 368 3941 lem
395 3886 651 3942 absolvit.
684 3901 784 3939 nec
810 3902 879 3939 co
910 3886 1168 3939 absoluto
1227 3886 1481 3939 diversus
1510 3888 1708 3945 erasit.
1740 3887 1831 3937 sed

255 3980 427 4033 simul
476 3991 641 4047 atque
670 3980 830 4033 Pater
863 3978 986 4039 fuit,
1021 3979 1237 4046 genitus
1294 3987 1380 4031 est
1417 3978 1608 4039 Filius,
1646 3977 1835 4029 amho-

258 4085 371 4139 que
401 4069 898 4124 consubstantiales
928 4067 1171 4122 luerunt.

823 4198 981 4255 CAP.
1073 4200 1278 4253 XLVII.

270 4314 391 4367 Alia
446 4312 691 4366 Eunomii
734 4313 1019 4379 sophistica
1061 4313 1320 4370 obiectio.
1359 4312 1605 4362 adversus
1663 4310 1838 4363 Parus

344 4395 390 4437 et
435 4384 561 4434 Filii
620 4383 1243 4434 consults;autialitalem.
1293 4380 1402 4432 Hoc
1449 4380 1743 4432 Aristotelis
1786 4384 1837 4432 in

341 4454 625 4519 Categoriis
654 4452 765 4503 loco
817 4454 953 4502 male
980 4451 1258 4503 intellecto.
1297 4452 1541 4502 nimirum
1575 4465 1591 4501 :
1634 4469 1649 4498 ι
1685 4452 1838 4513 Qua:-

1938 1968 2042 2019 hoc
2091 1966 2378 2033 imponant
2419 1961 2781 2030 sophismate,
2820 1975 2889 2013 an
2950 1960 3017 2013 iis
3056 1961 3124 2014 ad
3169 1975 3311 2029 quos
3351 1961 3524 2014 verba

1933 2032 2325 2111 faciuntrNain
2361 2068 2484 2122 qua:
2518 2052 2584 2104 dc
2628 2054 2813 2120 aliquo
2842 2052 3123 2113 dicuntur,
3157 2068 3220 2105 ea
3255 2067 3365 2106 non
3398 2052 3530 2106 sim.
3558 2106 3562 2110 ,
3604 2032 3613 2042 ’

1934 2149 2153 2218 pliciter
2174 2148 2279 2199 dici
2317 2161 2538 2215 quoque
2592 2155 2853 2214 poterunt
2887 2148 2953 2198 de
2994 2161 3060 2199 eo
3114 2147 3263 2215 quod
3297 2146 3347 2199 ei
3394 2146 3528 2199 sub-

1933 2245 2141 2313 jectum
2166 2248 2269 2303 est,
2299 2239 2395 2293 sed
2441 2240 2789 2307 perspicuum
2820 2248 2925 2299 est,
2970 2238 3230 2306 quidnam
3261 2238 3329 2294 de
3384 2254 3527 2307 quo-

1938 2350 2045 2404 que
2083 2334 2315 2386 dicatur.
2352 2331 2637 2397 Quomodo
2699 2346 2831 2400 ergo
2890 2332 3145 2399 prtefatus
3202 2340 3288 2385 cst
3340 2329 3526 2384 Euno-

1937 2427 2078 2478 mius
2098 2439 2272 2493 quave
2293 2422 2898 2490 sophismatumjspecie
2931 2436 3084 2474 suam
3114 2421 3401 2474 contexuit
3434 2434 3527 2473 ca-

1939 2519 2185 2587 ptionem
2214 2556 2229 2579 ,
2262 2529 2556 2584 progressu
2584 2513 2852 2566 orationis
2882 2514 3117 2570 dicetur,
3149 2512 3241 2565 lilii
3268 2512 3525 2565 nimirum

1935 2610 2213 2676 sophisma
2246 2606 2535 2659 refellitur.
2570 2605 2657 2667 Ad
2685 2605 2954 2657 orationis
3005 2619 3170 2672 porro
3227 2605 3524 2658 continua-

1940 2702 2145 2754 tionem
2182 2696 2367 2757 statim
2421 2711 2641 2764 quoque
2687 2706 2874 2748 nostra
2915 2696 3277 2763 subjungetur
3305 2712 3332 2748 a
3367 2697 3528 2750 nob‘s

1938 2792 2101 2846 ratio.
2137 2790 2355 2845 Auditis
2390 2790 2698 2844 Eunomius
2726 2789 2794 2842 iis
2844 2804 2965 2857 qua:
3023 2790 3091 2840 ab
3125 2789 3420 2842 Aris‘olelc
3470 2790 3525 2842 in

1934 2882 2241 2949 Categoriis
2265 2882 2469 2952 scripta
2507 2890 2637 2935 sunt
2670 2898 2682 2935 :
2719 2882 3094 2950 Quaecumque
3125 2881 3193 2935 de
3235 2882 3420 2949 aliquo
3443 2881 3527 2934 di-

1937 2984 2163 3038 cuntur,
2194 2988 2257 3028 ea
2306 2973 2376 3027 de
2409 2989 2477 3028 eo
2512 2989 2732 3042 quoque
2782 2974 2890 3027 dici
2943 2983 3223 3042 poterunt,
3276 2972 3422 3041 quod
3472 2972 3525 3025 ci

1937 3067 2247 3134 subjectum
2303 3074 2421 3128 est;
2452 3064 2571 3119 haec
2597 3064 2764 3117 verba
2822 3064 2973 3117 nullo
3022 3064 3233 3132 judie:o
3275 3063 3527 3117 adhihim

1936 3162 2175 3230 excepit,
2213 3170 2382 3229 atque
2412 3159 2712 3213 dictionem
2745 3175 3090 3227 quascumque
3111 3160 3177 3212 ad
3210 3160 3391 3213 omnia
3437 3175 3525 3210 re-

1943 3254 2065 3305 tulit
2093 3270 2107 3306 :
2138 3267 2249 3321 quo
2280 3251 2484 3304 factum
2514 3259 2620 3311 est,
2653 3258 2733 3312 ut,
2785 3266 2911 3303 cum
2940 3251 3264 3304 Aristoteles
3289 3250 3525 3303 vocabu-

1886 3412 1888 3414 ν
1935 3344 2047 3397 Ιιιιη
2082 3344 2186 3396 hoc
2218 3344 2564 3410 usurpaverit
2592 3342 2645 3394 in
2680 3341 2747 3395 iis
2783 3356 2904 3410 quze
2944 3343 3155 3394 ratione
3203 3343 3526 3396 substantiae

1936 3434 2325 3503 praedicantur,
2371 3434 2461 3488 hic
2512 3434 2832 3488 indistincte
2883 3433 2951 3486 de
3000 3433 3067 3486 iis
3122 3449 3245 3501 quae
3303 3436 3523 3487 ratione.

1936 3527 2242 3581 accidentis
2274 3528 2692 3597 praedicantur,
2725 3529 3001 3589 enuntiet,
3045 3536 3101 3579 et
3147 3537 3205 3579 ut
3240 3531 3407 3581 semel
3440 3526 3525 3580 d;-

1937 3635 2078 3681 eam,
2112 3618 2179 3672 de
2229 3620 2296 3673 iis
2320 3634 2441 3687 quae
2478 3620 3006 3688 quomodocumque
3038 3623 3423 3688 pr:e.iicantur.
3459 3625 3522 3673 At

1939 3708 2043 3761 hoc
2064 3723 2171 3760 non
2209 3708 2278 3760 ita
2302 3723 2361 3761 se
2398 3708 2587 3761 habet.
2616 3709 2875 3773 Quaon‘is
2910 3714 3055 3762 enim
3087 3711 3283 3763 animal
3313 3714 3375 3763 de
3404 3727 3524 3780 spc-

1939 3801 2022 3853 cie
2051 3799 2417 3868 praedicetur,
2445 3815 2618 3869 genus
2676 3809 2854 3852 tamen
2916 3802 3036 3869 ejus
3099 3800 3523 3870 haudquaquam

1940 3891 2105 3942 etiam
2136 3892 2484 3960 praedicatur.
2525 3890 2689 3958 Atqui
2718 3902 2863 3942 recta
2902 3891 3336 3957 propositionum
3367 3906 3523 3944 com-

1944 3979 2150 4048 positio
2208 3980 2394 4032 fuerit.
2450 3978 2637 4031 Genus
2672 3977 2819 4030 enim
2850 3979 2997 4029 omni
3032 3979 3278 4042 animali,
3320 3991 3373 4032 et
3405 3982 3521 4032 ani-

1944 4072 2046 4123 mal
2087 4074 2235 4125 omni
2272 4072 2472 4140 speciei
2505 4071 2795 4125 convenit:
2842 4072 3053 4138 Species
3088 4080 3267 4125 tamen
3299 4088 3404 4125 non
3435 4083 3521 4126 est

1942 4178 2129 4229 genus.

2010 4255 2128 4307 Non
2160 4271 2292 4325 ergo
2324 4270 2693 4324 quaecumque
2720 4256 2787 4310 dc
2816 4256 3001 4325 aliquo
3030 4256 3315 4321 dicuntur,
3342 4273 3406 4311 ea
3454 4252 3524 4314 de

1941 4363 2006 4399 co
2031 4363 2249 4416 quoque
2282 4349 2560 4408 dicentur,
2594 4349 2740 4415 quod
2783 4349 2833 4400 ei
2881 4348 3193 4416 subjectum
3243 4361 3350 4403 est.
3395 4351 3527 4403 Atii-

1945 4442 2071 4490 mali
2107 4442 2253 4491 enim
2286 4439 2450 4490 homo
2482 4439 2809 4505 subjicitur;
2838 4449 2891 4490 at
2938 4456 3047 4491 non
3073 4455 3416 4511 quaecunque
3451 4442 3520 4495 de

342 4538 559 4590 cmuque
586 4524 646 4572 de
677 4522 857 4587 aliqua
896 4523 1159 4599 dicuntur.
1193 4536 1253 4571 ea
1284 4520 1346 4570 de
1400 4535 1458 4599 eo
1504 4535 1705 4586 quoque
1739 4521 1842 4599 stici
1874 4531 1917 4585 ο
1946 4530 2031 4582 ani

1826 4521 1842 4571 ί
1874 4531 1917 4585 ο
1946 4530 2164 4582 animali
2204 4529 2585 4597 pnedicamus,
2620 4543 2682 4580 ea
2715 4528 2782 4581 de
2828 4526 3075 4588 subiecto
3105 4530 3269 4583 etiam
3323 4532 3519 4599 przedi-

342 4602 609 4660 poterunt,
646 4593 781 4658 quod
813 4593 857 4641 ei
886 4590 1172 4658 subjectum
1202 4599 1297 4651 est,
1330 4608 1355 4660 ν»
1408 4589 1692 4641 Eunomus
1728 4589 1839 4641 Ραο

343 4673 475 4714 trem
506 4660 638 4713 Filio
665 4669 859 4713 natura
889 4663 1144 4726 majorem
1167 4674 1276 4711 esse
1302 4659 1454 4713 dixit.

331 4797 477 4852 .Cum
514 4797 776 4850 Dominus
800 4803 988 4849 noster
1016 4796 1175 4850 Jesus
1224 4796 1476 4849 Christus
1514 4798 1564 4849 iu
1596 4798 1842 4865 Evange—

272 4889 362 4943 liis
391 4888 609 4949 dixerit,
653 4887 814 4938 Pater
863 4902 1005 4938 meus
1051 4886 1227 4954 major
1280 4903 1359 4938 me
1385 4896 1458 4938 est
1488 4888 1554 4942 ⁸³.
1606 4888 1844 4941 Ecclesia

274 4983 568 5037 dictionem
600 4984 773 5051 major
811 4983 879 5035 ob
914 4983 1109 5036 Filium
1156 4984 1329 5037 solum
1372 4985 1631 5052 prolatam
1680 4986 1839 5038 intel-

274 5074 427 5127 lexit.
464 5075 721 5137 Quamvis
750 5074 897 5127 enim
953 5075 1179 5128 honoris
1222 5077 1590 5143 :cquaiitatem
1629 5079 1680 5129 iu
1744 5077 1841 5127 tri-

275 5165 379 5220 bus
404 5166 677 5234 personis,
738 5167 1097 5237 eamdemque
1154 5167 1379 5237 gloriam
1432 5179 1487 5222 et
1538 5170 1836 5222 claritatem

274 5257 657 5324 praedicamus,
702 5257 804 5309 alia
836 5264 1013 5311 tamen
1063 5260 1273 5313 ratione
1321 5262 1538 5314 Patrem
1578 5262 1835 5330 majorem

274 5355 331 5399 et
354 5345 489 5400 Filio
511 5358 567 5400 et
588 5348 793 5416 Spiritu
824 5357 1013 5403 sancto
1046 5364 1169 5405 esse
1223 5351 1480 5411 dicimus.
1512 5355 1637 5421 quia
1683 5353 1841 5405 uimi-

276 5451 397 5488 rum
435 5435 501 5489 ad
526 5437 674 5492 aliud
739 5440 828 5495 ille
881 5441 1209 5511 principium
1269 5460 1377 5497 non
1428 5446 1683 5506 refertur,
1746 5445 1838 5498 sed

277 5530 393 5598 ipse
416 5529 652 5598 primum
701 5533 947 5586 omnium
977 5535 1307 5604 principium
1339 5546 1459 5599 est;
1495 5537 1550 5590 hi
1613 5552 1740 5591 vero
1770 5538 1839 5591 ab

276 5620 369 5676 illo
397 5630 651 5692 tanquam
680 5637 841 5678 causa
870 5627 1198 5695 procedunt,
1230 5628 1372 5698 apud
1405 5628 1557 5683 illum
1586 5641 1831 5693 manent,

340 5800 381 5829 θ’
400 5800 557 5856 Joan.
590 5819 666 5871 xz,
691 5804 776 5858 28.

1947 4622 2310 4683 caverimus;
2397 4620 2505 4673 imo
2581 4621 2929 4688 perspicuum
2995 4630 3079 4673 est
3133 4620 3201 4674 de
3276 4637 3513 4691 quonam

1946 4726 2008 4762 ea
2057 4708 2162 4761 dici
2204 4708 2433 4777 possint,
2495 4719 2551 4761 et
2607 4724 2855 4774 quaenam
2902 4709 3012 4761 sint
3062 4723 3125 4761 ea
3161 4725 3284 4776 qute
3316 4714 3522 4779 νῖκαι-ν

1948 4812 2163 4856 (ττιιιιιιτ.

2018 4892 2328 4944 Animatum
2354 4891 2496 4943 enim
2534 4900 2591 4943 et
2621 4890 2819 4944 sensile
2847 4891 3073 4958 trajecto
3099 4891 3319 4945 animali
3350 4893 3515 4959 etiam

1950 4982 2015 5033 ad
2056 4983 2329 5035 hominem
2364 4983 2703 5051 pertingunt.
2755 4982 3037 5051 Siquidem
3060 4984 3381 5037 essentiales
3409 4985 3517 5040 ille

1947 5089 2042 5127 seu
2075 5074 2342 5137 δίκε(τίιίοπ
2368 5073 2696 5126 diii‘erentiaa
2748 5083 2900 5138 sunt,
2926 5074 3130 5143 quibus
3153 5076 3353 5127 animal
3384 5091 3518 5129 con-

1946 5166 2192 5217 stituitur
2226 5182 2239 5217 :
2275 5180 2448 5230 genus
2477 5175 2683 5224 autem,
2706 5166 2852 5234 quod
2878 5174 2961 5219 est
2999 5181 3198 5218 nomen
3227 5168 3513 5233 rationale,

1947 5272 2048 5309 nec
2069 5256 2320 5309 animalis
2358 5258 2620 5311 essentia:
2669 5257 2943 5322 convenit,
3001 5257 3203 5312 idcirco
3238 5260 3303 5313 ad
3338 5260 3514 5314 homi-

1945 5364 2069 5403 nem
2112 5349 2401 5415 trajicitur.
2583 5336 2591 5342 ’

2014 5444 2139 5497 Tria
2175 5442 2321 5495 enim
2348 5446 2566 5496 nomina
2607 5442 3111 5513 ponitEunomius,
3146 5446 3343 5513 majus,
3381 5462 3511 5501 cen-

1942 5550 2077 5591 sam.
2107 5543 2161 5585 et
2194 5542 2465 5586 naturam.
2511 5534 2693 5601 Itaque
2739 5536 2916 5605 majus
2951 5534 3019 5588 de
3067 5550 3250 5597 causa.
3288 5546 3342 5589 et
3379 5550 3505 5592 can-

1942 5646 2057 5683 sam
2080 5628 2146 5680 de
2172 5638 2364 5681 natura
2408 5628 2663 5695 praedicat
2692 5647 2704 5680 :
2739 5636 2904 5699 atque
2940 5630 3066 5683 hinc
3094 5630 3371 5684 existimat
3398 5645 3511 5683 ma-
