4288 6372
720 360 846 424 1411

713 563 779 614 al
822 581 1008 630 ln'tllLL‘
1041 569 1222 627 iigtli'm
1253 564 1638 630 pl't‘est't'iplum
1690 563 1852 613 facta.
1890 562 2161 614 Caeterum
2196 579 2302 614 non

713 677 782 704 ιι.ι
811 657 895 706 nia
933 670 1302 723 qna'cumque
1339 654 1407 707 de
1442 655 1631 720 aliquo
1676 651 1958 713 dicuntur,
2017 668 2078 705 ea
2115 653 2181 704 de
2237 669 2308 705 eo

713 763 930 812 qinqiie
971 747 1257 809 dicuntur,
1309 746 1455 815 quod
1519 747 1570 798 ei
1623 745 1932 814 stihjectuni
1995 757 2100 806 est,
2147 754 2201 798 at
2259 746 2304 798 si

711 835 1026 887 csseiiliolia
1051 852 1146 888 seu
1175 836 1432 904 specilica
1467 835 1698 900 fuerint,
1725 851 1789 888 ea
1820 847 1974 889 certe
2013 836 2302 903 prtedicari

708 935 761 978 et
800 926 984 992 trajiei
1038 937 1288 994 possunt,
1341 927 1385 980 si
1422 944 1554 981 vero
1613 929 1848 982 ascilitia
1888 929 2081 982 etalio
2139 946 2303 983 sensu

708 1017 880 1076 dicta.
921 1019 1057 1070 nihil
1090 1022 1171 1072 eis
1193 1034 1486 1073 commune
1527 1037 1655 1073 cum
1720 1022 1825 1074 sibi
1879 1021 2147 1089 subjectis
2173 1024 2300 1078 erit.

707 1111 846 1174 Quia
878 1126 1009 1177 ergo
1038 1112 1210 1179 majus
1250 1129 1479 1182 quoque
1530 1115 1669 1168 nihil
1703 1115 1768 1168 ad
1811 1131 2031 1170 causam
2063 1117 2300 1182 confert,

708 1204 879 1265 utsii,
916 1206 1010 1257 sed
1076 1206 1246 1260 dictio
1311 1212 1582 1277 qua-piam
1634 1220 1738 1275 est,
1773 1226 1894 1276 qum
1953 1212 2001 1261 ei
2071 1227 2135 1262 ex
2169 1213 2307 1280 ιθρὶο

711 1295 878 1347 niane
944 1297 1258 1365 adoptatur,
1301 1315 1366 1354 eo
1428 1300 1506 1366 ﬁt,
1553 1310 1611 1353 ιιι
1661 1302 1724 1354 ad
1761 1302 2057 1355 dictionem
2107 1315 2303 1356 natura

708 1403 815 1437 non
845 1399 1108 1442 transeat.
1144 1390 1279 1443 Nam
1334 1393 1465 1456 quid
1523 1393 1725 1457 osbtat,
1766 1404 1824 1446 ιιι
1891 1394 2054 1448 Pater
2093 1393 2300 1463 Grego-

709 1479 826 1531 I‘IUs
864 1480 1063 1546 inquit,
1098 1482 1397 1549 quominus
1424 1499 1525 1552 ego
1567 1501 1789 1553 quoque
1823 1487 2139 1555 huiusmodi
2170 1503 2299 1555 pro-

711 1570 984 1636 positione
1043 1574 1209 1632 facta,
1276 1573 1542 1626 nimirum
1593 1578 1741 1646 quod
1782 1589 1977 1632 natura
2028 1591 2131 1643 est,
2190 1599 2297 1635 non

703 1663 932 1713 omnino
975 1665 1151 1732 majus
1222 1675 1328 1731 est,
1393 1683 1573 1735 neque
1639 1665 1823 1730 Pater,
1879 1671 2002 1724 inde
2047 1673 2298 1739 Colligaut

702 1753 881 1819 majus
907 1768 1014 1804 non
1042 1756 1273 1808 omnino
1312 1759 1490 1826 maius
1547 1773 1668 1811 eSse
1692 1760 1715 1808 1’
1765 1760 1851 1812 vel
1910 1762 2127 1815 Patrem
2191 1781 2298 1817 non

702 1844 929 1896 omnino
958 1845 1217 1898 Patrem?
1252 1846 1408 1911 Quod
1443 1851 1486 1901 si
1535 1849 1606 1902 ita
1648 1851 1806 1923 velis,
1846 1853 1987 1906 lleus
2040 1855 2299 1908 substan-

703 1937 776 1988 tia
809 1943 914 1998 est,
941 1936 1250 1992 substantia
1283 1954 1413 1993 vero
1445 1956 1552 1993 non
1589 1944 1817 1997 omnino
1858 1945 2025 2007 Deus,
2069 1956 2124 2000 tu
2151 1948 2298 2015 quod

700 2028 951 2097 sequitur
974 2029 1088 2096 ipse
1114 2032 1381 2102 colligite.
1412 2033 1555 2103 Ergo
1588 2035 1731 2089 Deus
1755 2036 1980 2091 omnino
2005 2047 2090 2093 est
2116 2039 2280 2094 Deus.

1273 2191 1426 2247 CAP.
1476 2193 1710 2250 XLVIII.

697 2303 919 2379 Erroris
949 2304 1198 2379 l-.'un_omii
1242 2309 1412 2377 origo,
1443 2307 1606 2362 altius
1650 2311 1875 2379 repetita
1915 2329 1978 2366 ex
2014 2315 2299 2370 Aristotele

769 2378 825 2428 in
863 2377 1012 2430 libris
1043 2377 1116 2430 De
1148 2379 1558 2447 reprehensione
1605 2377 1968 2449 snpliiuarum
1995 2400 2012 2437 :
2045 2383 2296 2438 nimiruin

767 2449 832 2529 ιιζι
861 2465 918 2500 co
946 2449 1083 2518 quod
1116 2464 1234 2502 cum
1269 2449 1367 2502 loci
1421 2452 1722 2518 adiectione
1767 2461 1815 2504 et
1860 2455 2174 2523 simpliciter
2213 2469 2300 2508 ui-

773 2528 931 2572 ritur.

770 2655 839 2708 At
874 2669 1010 2708 vero
1043 2655 1289 2724 captiosa
1329 2656 1445 2711 hate
1485 2662 1900 2728 argumentatio
1931 2678 1996 2715 ex
2034 2679 2100 2717 eo
2129 2661 2295 2718 ducta

693 2761 800 2808 ρει,
830 2749 978 2813 quod
1006 2764 1130 2800 cum
1164 2748 1272 2801 loci
1307 2749 1625 2818 adiectione
1659 2764 1715 2806 et
1766 2754 2096 2822 simpliciter
2159 2755 2296 2808 dici-

695 2853 808 2894 tur.
839 2840 979 2894 Coin
1034 2841 1185 2895 enim
1226 2845 1407 2910 majus
1461 2860 1646 2900 causae
1695 2858 1888 2901 natura
1948 2849 2293 2911 dederimus,

694 2931 782 2983 isti
820 2943 1014 2984 natura
1048 2933 1226 2997 majus
1256 2931 1527 2996 inierunt,
1570 2951 1633 2988 ac
1681 2939 1722 2990 si
1774 2938 2088 2990 dicentibus
2133 2938 2294 2994 nobis

690 3022 936 3089 aliquem
992 3020 1276 3075 hominem
1311 3033 1594 3076 mortuum
1630 3039 1774 3080 esse.
1821 3025 1911 3077 isti
1965 3025 2292 3093 simpliciter

692 3115 976 3167 homimmi
1013 3115 1304 3168 inferrent.
1342 3116 1477 3169 i\'am
1514 3132 1639 3170 cum
1688 3117 1998 3174 Eunomius
2045 3120 2292 3174 insolen-

694 3206 828 3270 tius,
879 3217 938 3260 ut
993 3223 1087 3274 j-ar
1121 3217 1229 3269 est,
1267 3223 1324 3261 se
1355 3208 1603 3272 eil'erret,
1633 3208 1705 3262 ob
1764 3210 1902 3264 tanti
1937 3211 2295 3280 sophismatis

693 3297 1110 3361 inventionem,
1145 3310 1478 3367 iiutaretque
1537 3316 1596 3354 se
1649 3302 1899 3357 cassibus
1942 3303 2061 3357 suis
2107 3307 2297 3358 catho-

691 3390 832 3443 lieos
885 3390 1162 3444 hoinousii
1230 3392 1580 3459 professores
1627 3391 1920 3457 irretiisse,
1965 3395 2136 3448 multa
2193 3395 2296 3448 hu-

686 3484 931 3551 iusmodi
995 3499 1062 3536 ex
1142 3493 1402 3553 promptu
1479 3486 1534 3538 in
1588 3500 1715 3538 eum
1795 3496 2083 3554 retorquet
2132 3503 2296 3558 argu-

692 3587 878 3628 menta
918 3575 1080 3629 Pater
1115 3576 1206 3629 ille
1240 3574 1568 3646 Gregorius,
1604 3577 1839 3647 ejusque
1871 3575 2088 3632 ludicra
2142 3579 2293 3634 ludi-

691 3668 837 3718 IIi'gtI.

761 3783 870 3850 ligo
894 3783 1042 3834 enim
1076 3797 1318 3850 quoque,
1348 3782 1550 3850 inquit,
1590 3797 1622 3834 ο
1677 3781 1938 3844 Eunomi,
1970 3780 2290 3850 huiusmodi

688 3873 1032 3938 Snpltislttala
1079 3871 1178 3923 tibi
1223 3869 1542 3923 obii-udam.
1595 3869 2071 3935 Quemadmodum
2125 3872 2289 3924 Pater

690 3977 891 4018 natura
923 3962 1104 4033 maius
1133 3972 1240 4023 est,
1280 3973 1332 4014 ut
1366 3973 1455 4017 tua
1488 3962 1594 4015 lert
1649 3961 1859 4031 opinio,
1907 3971 1963 4016 et
2008 3961 2156 4031 quod
2194 3975 2293 4016 na-

687 4065 810 4107 lui'u
858 4065 951 4107 est
985 4069 1092 4106 ιιοιι
1131 4055 1362 4106 ninniuo
1405 4053 1582 4122 majus
1612 4063 1718 4117 est,
1753 4052 1882 4106 inde
1905 4053 2290 4123 consequitur,

687 4148 866 4210 teajus
895 4165 1003 4200 non
1039 4148 1269 4199 omnino
1308 4149 1486 4218 majus
1517 4164 1664 4211 esse,
1709 4149 1789 4203 vel
1813 4147 1930 4203 hoc
1961 4159 2146 4219 pacto.
2193 4151 2292 4204 Pa-

688 4251 774 4291 ter
806 4251 1007 4292 natura
1061 4240 1234 4308 major
1293 4250 1398 4302 est,
1461 4251 1522 4292 ut
1560 4240 1797 4298 dixisti:
1861 4241 2044 4310 maius
2103 4250 2289 4297 autem

686 4349 795 4385 non
830 4332 1060 4384 onmino
1095 4332 1277 4386 Pater.
1341 4332 1495 4386 Inde
1548 4333 1829 4402 colligitur
1910 4333 2124 4388 I‘atrem
2179 4350 2290 4388 non

689 4423 920 4475 cumino
957 4423 1178 4476 Patrem
1203 4441 1347 4477 esse.
1383 4425 1514 4477 Item
1543 4423 1647 4478 hoc
1685 4424 1850 4478 modo
1884 4442 1897 4478 :
1938 4424 2085 4478 Deus
2104 4440 2292 4479 essiin-

1957 362 2253 420 NiCE'l‘A‘I
2292 360 2699 420 CIION‘IATJ’.

719 474 896 542 maius
919 476 984 525 de
1013 485 1450 541 ruituraquoqne
1486 472 1776 540 praedicari
1813 489 1876 523 ex
1919 473 2318 526 eonsccutione
2349 479 2400 533 Α

3866 326 4011 426 inii

3030 475 3178 530 CAI'.
3199 473 3386 528 XLIX.

2415 586 2678 652 Captiosm
2712 587 3215 654 urgmurutatiouis,
3250 589 3313 639 ab
3369 605 3428 638 eo
3470 586 3637 637 (luctui
3687 588 3828 651 quod
3882 604 4004 638 rum

2490 658 2588 708 loci
2634 658 2929 723 udjectiouc
2965 667 3014 708 et
3060 658 3372 724 siinplicuer
3445 657 3637 708 dicitur
3670 657 4006 724 expluttutm,

2482 745 2584 779 una
2610 743 2725 779 cum
2753 743 2914 780 variis
2937 736 3140 780 sortita:
3171 736 3358 780 nitidis.

2475 841 2773 894 Sciendum
2811 855 2978 900 porro
3000 851 3085 895 est
3127 840 3390 895 tredecim
3452 840 3680 896 fallaces
3710 854 4006 910 argumen-

2409 935 2647 988 tationes
2678 932 2837 985 nobis
2877 932 2932 984 in
2992 932 3148 985 labris
3218 935 3289 986 De
3342 932 3864 1002 repreliensiombus
3915 945 4007 984 so-

2410 1025 2717 1095 phistarum
2743 1040 2772 1077 a
2806 1023 3139 1092 Philosoplio
3162 1025 3299 1078 tradi
3324 1040 3587 1092 :quarum
3610 1041 3700 1078 ses
3727 1031 3853 1076 sunt
3880 1038 4005 1089 qua:

2411 1123 2610 1186 praeter
2653 1114 2914 1168 dictionis
2971 1113 3428 1184 signiﬁcationem
3511 1113 3668 1173 ﬁunt.
3740 1115 4002 1166 nimirum

2409 1223 2531 1277 qua:
2557 1207 2624 1262 ab
2650 1208 2995 1278 liomonymia
3024 1223 3118 1262 seu
3147 1207 3400 1262 vocabuli
3429 1206 3850 1273 inultipiicitate.
3883 1223 4007 1267 -,u;e

2408 1298 2478 1350 ah
2525 1295 2859 1364 amphibolia
2892 1335 2908 1360 ,
2957 1311 3052 1350 seu
3104 1295 3357 1364 ambigua
3416 1297 3677 1351 dictionis
3734 1295 4008 1362 squ-diﬁci-

2409 1390 2580 1451 tione,
2616 1402 2736 1456 quae
2759 1402 2790 1440 a
2819 1388 3236 1456 conjunctione,
3290 1402 3414 1456 quae
3443 1402 3474 1441 a
3531 1387 3824 1444 divisione,
3875 1401 4001 1452 qua:

2406 1485 2476 1532 ab
2526 1491 2778 1544 accentu,
2836 1489 2894 1533 et
2954 1494 3132 1547 quina
3170 1480 3345 1533 forma
3403 1478 3662 1532 dictionis
3703 1489 4004 1531 eruuntur.
4060 1493 4068 1501 ·

2408 1572 2681 1625 Praeterea
2730 1579 2963 1640 septem.
3018 1584 3142 1638 qua:
3194 1576 3395 1637 ιιι-εισι*
3439 1583 3624 1621 rerum
3671 1568 4004 1620 st-iitentiam

2406 1663 2787 1733 proferuntur,
2811 1676 3045 1732 quarum
3079 1675 3148 1714 ne
3198 1672 3430 1716 exteras
3489 1674 3829 1719 εηυιιιετειιι,
3894 1673 4004 1709 una

2405 1771 2471 1808 ex
2499 1769 2566 1808 eo
2589 1752 2815 1818 dicitur,
2851 1752 3000 1822 quod
3028 1767 3152 1806 eum
3176 1752 3280 1805 loci
3317 1751 3626 1820 adiectione
3648 1763 3704 1804 et
3731 1749 4006 1818 simplici-

2409 1855 2495 1898 ter
2526 1844 2750 1907 dicitur,
2779 1845 2883 1898 hoc
2905 1854 2990 1899 est
3015 1861 3079 1898 ex
3115 1845 3463 1913 particulari;
3488 1860 3615 1898 nam
3649 1845 3702 1898 id
3724 1855 3830 1905 est,
3854 1843 4004 1912 quid

2406 1937 2672 2010 cumploci
2698 1935 3004 2008 adiectioine
3037 1935 3267 2001 dicitur,
3296 1949 3352 1992 et
3382 1952 3446 1990 ex
3491 1936 3832 2000 universali;
3871 1951 4001 1990 nam

2407 2031 2459 2085 id
2486 2040 2572 2086 est
2603 2030 2753 2101 quod
2781 2029 3112 2100 simpliciter
3149 2029 3377 2083 dicitur.
3408 2030 3486 2084 Ex
3518 2043 3629 2098 quo
3691 2027 3771 2090 l‘it,
3830 2037 3889 2081 ut
3937 2044 4004 2082 ea

2403 2139 2529 2193 quae
2579 2138 2708 2177 cum
2770 2123 2878 2177 loci
2949 2123 3261 2194 adiectione
3316 2122 3602 2184 dicuntur,
3659 2123 4003 2191 coniunctim

2402 2215 2956 2284 enuntientur;quc
2980 2214 3128 2269 enim
3185 2223 3596 2284 componuntur
3650 2212 4006 2283 particularia

2405 2308 2562 2371 ﬁunt,
2591 2322 2715 2377 qua:
2743 2317 2927 2362 autem
2959 2306 3294 2376 simpliciter
3328 2306 3612 2371 dicuntur,
3669 2305 3996 2377 disiunctim

2403 2400 2783 2470 proferuntur.
2818 2400 2876 2454 Si
2904 2400 3032 2470 quis
3080 2415 3214 2470 ergo
3247 2415 3372 2470 quae
3394 2415 3520 2454 cum
3565 2398 3674 2454 loci
3714 2408 3812 2454 aut
3864 2408 4007 2454 tem-

2400 2492 2554 2562 poris
2583 2492 2892 2564 adiectione
2918 2492 3204 2554 dicuntur,
3228 2507 3291 2547 ea
3332 2492 3658 2560 simpliciter
3683 2484 3740 2546 et
3788 2490 4012 2561 disiuno

2405 2585 2542 2636 etim
2578 2583 2846 2653 proferat,
2880 2585 2926 2661 is
2949 2593 3062 2638 tota
3093 2586 3313 2639 aberrat
3344 2583 3452 2647 ria,
3501 2591 3562 2637 ut
3590 2583 3636 2638 si
3696 2585 3824 2654 quis
3874 2585 4012 2640 hinc

2405 2674 2630 2744 colligat
2662 2673 2715 2728 id
2736 2689 2860 2730 esse
2893 2677 3042 2744 quod
3075 2692 3186 2730 non
3219 2686 3325 2730 est.

2463 2768 2603 2832 Quia
2631 2769 2781 2821 enim
2827 2769 2983 2822 Plato
3039 2768 3200 2832 dixit,
3227 2769 3377 2837 quod
3428 2783 3540 2823 non
3562 2780 3668 2831 est,
3700 2768 3753 2822 id
3811 2769 4006 2839 opina.

2399 2854 2510 2910 bile
2537 2872 2660 2912 esse
2727 2857 3025 2927 isiquidem
3057 2858 3124 2912 de
3148 2872 3216 2911 eo
3240 2859 3555 2926 cpinamur,
3587 2873 3696 2912 non
3724 2861 3880 2927 quasi
3905 2863 4003 2924 sit,

2397 2952 2493 3007 sed
2512 2953 2668 3022 quasi
2695 2968 2805 3008 non
2826 2954 2947 3022 sit),
2970 2953 3096 3008 inde
3119 2952 3343 3024 quidam
3371 2954 3591 3024 opinati
3621 2965 3770 3013 sunt.
3795 2953 3846 3007 id
3878 2968 4006 3007 esse

2397 3045 2546 3114 quod
2578 3060 2687 3098 non
2712 3054 2816 3099 est.

2473 3138 2607 3192 Nam
2631 3139 2677 3193 si
2701 3138 2954 3201 verhum,
2987 3138 3104 3201 Est,
3144 3139 3421 3206 inquiunt,
3455 3139 3523 3194 de
3553 3153 3622 3192 eo
3648 3139 4004 3207 prmdieatur,

2401 3233 2548 3300 quod
2583 3230 2639 3286 in
2684 3230 2946 3300 opinione
2976 3239 3060 3284 est
3097 3229 3368 3298 (dicimus
3401 3231 3588 3285 enim:
3624 3232 3679 3284 In
3739 3231 4005 3301 opinione

2399 3326 2540 3391 est),
2585 3323 2734 3391 quod
2769 3331 2952 3376 autem
2991 3323 3044 3373 in
3080 3321 3343 3389 opinione
3387 3330 3492 3380 est.
3531 3322 3599 3376 de
3620 3337 3690 3376 eo
3719 3322 3863 3390 quod
3889 3337 4003 3376 non

2399 3425 2477 3470 est
2510 3416 2812 3486 prdicatur
2843 3434 2857 3480 ς
2912 3429 3043 3481 ergo
3084 3414 3356 3476 rerbnm,‘
3388 3414 3506 3478 Est,
3538 3412 3874 3480 praedicatur
3930 3413 4004 3467 de

2398 3524 2465 3562 eo
2495 3497 2643 3578 ἱιηυιΙ
2677 3523 2785 3561 ιιοιι
2827 3510 2930 3569 εἐι,
2965 3508 3036 3560 ita
3069 3519 3127 3560 ut
3159 3506 3290 3559 inde
3316 3517 3711 3575 consequatur,
3769 3505 3821 3559 id
3878 3521 4003 3558 esse

2398 3601 2546 3670 quod
2573 3615 2680 3653 non
2721 3608 2825 3654 est.
2860 3599 2940 3652 Tu
2971 3615 3101 3653 Vero
3153 3599 3402 3664 adverte,
3447 3598 3738 3666 quomodo’
3773 3595 4000 3648 aberra-

2403 3700 2531 3744 runt
2559 3691 2700 3744 ineo
2729 3690 2878 3760 quod
2907 3706 3034 3743 cum
3099 3690 3205 3742 loci
3243 3687 3549 3757 adiectione
3587 3699 3641 3740 et
3671 3685 4002 3752 simpliciter

2397 3781 2624 3836 dicitur.
2654 3779 2778 3836 ILBC
2808 3783 2956 3834 enim
3000 3779 3340 3849 propositio:
3381 3779 3438 3833 ιιι
3458 3777 3605 3847 quod
3642 3792 3749 3830 non
3777 3786 3880 3840 est,
3941 3777 3999 3828 iu

2397 3873 2658 3942 opinione
2703 3888 2848 3936 esse,
2913 3889 2980 3927 ex
3055 3886 3123 3926 eo
3173 3872 3418 3932 ducitur,
3482 3867 3630 3939 quod
3697 3882 3824 3923 cum
3887 3865 3997 3921 loci

2397 3966 2707 4036 adiectione
2738 3965 2970 4020 dicitur.
3001 3965 3060 4020 Id
3093 3978 3277 4019 autem
3307 3961 3463 4032 quod
3489 3975 3596 4026 est,
3659 3961 3994 4031 simpliciter

2396 4069 2500 4114 cst.
2536 4060 2677 4114 Fieri
2708 4074 2841 4129 ergo
2861 4075 2970 4113 non
3013 4066 3216 4128 potest,
3245 4066 3306 4110 ut
3341 4057 3390 4111 id
3423 4055 3498 4111 sit
3525 4052 3674 4124 quod
3725 4067 3836 4106 nou
3885 4063 3996 4110 est,

2395 4152 2600 4222 quiain
2634 4151 2897 4221 opinione
2922 4159 3026 4204 est.
3057 4147 3332 4205 Czeteruai
3355 4147 3503 4219 quod
3565 4145 3694 4201 dico
3746 4144 4001 4215 apertius

2399 4246 2473 4298 ita
2506 4241 2908 4311 explanabitur.

2465 4335 2720 4405 Etluops
2777 4336 2938 4389 albus
3019 4332 3279 4387 dentibus
3341 4340 3464 4394 est,
3529 4330 3634 4384 hoc
3703 4342 3830 4383 cum
3889 4326 4001 4381 Ieci

2397 4427 2706 4499 adiectione
2730 4423 2980 4480 dicitur.‘
3018 4439 3142 4477 nam
3187 4424 3242 4476 in
3285 4431 3440 4491 parte
3493 4419 3766 4473 albescitr
3801 4417 3924 4474 Jam
3951 4418 4001 4470 si

690 4518 763 4568 tia
793 4525 900 4579 est,
949 4526 1006 4568 at
1053 4517 1296 4568 essentia
1356 4531 1464 4569 non
1521 4517 1750 4570 omnino
1812 4518 1956 4571 licus
2009 4525 2113 4575 est,
2155 4533 2289 4586 ergo
2323 4522 2523 4592 nquis
2588 4521 2718 4575 hinc
2770 4517 3095 4588 simpliciter
3153 4529 3282 4570 eum
3332 4513 3518 4567 album
3570 4527 3693 4566 esse
3753 4508 3953 4564 inierat
3987 4549 4002 4570 .

686 4608 835 4661 Deus
859 4624 969 4660 non
995 4609 1224 4660 omnino
1290 4607 1436 4661 Deus
1496 4616 1602 4660 est.
1639 4607 1792 4672 ,Nam
1853 4606 1896 4659 si
1931 4593 2092 4659 'hane
2143 4615 2291 4659 tuam

686 4699 1126 4767 propositionem
1159 4715 1173 4750 :
1205 4699 1366 4752 Pater
1392 4709 1588 4751 natura
1617 4699 1791 4765 major
1819 4707 1925 4756 est,
1949 4711 2133 4750 veram
2165 4713 2292 4750 esse

686 4790 1155 4854 concesserimus,
1186 4806 1316 4843 vera
1341 4791 1448 4842 erit
1475 4801 1531 4844 et
1595 4790 1711 4844 haec
1738 4807 1751 4855 ;
1785 4789 1933 4857 quod
1965 4797 2150 4843 autem
2198 4804 2294 4840 ua-

685 4893 809 4936 tura
847 4893 953 4945 est,
985 4897 1094 4936 non
1125 4883 1355 4936 omnino
1383 4883 1564 4951 maius
1609 4893 1716 4935 est.
1781 4879 1901 4933 Non
1935 4879 2084 4933 enim
2121 4881 2288 4949 quid-

684 4977 818 5044 quid
853 4987 1055 5028 natura
1083 4988 1188 5039 e5t,
1238 4975 1342 5028 hoe
1376 4975 1560 5045 maius
1588 4974 1756 5029 etiam
1778 4985 1887 5029 εει.

755 5088 961 5142 Natura
1010 5088 1156 5141 enim
1186 5098 1241 5143 et
1279 5087 1426 5143 illius
1470 5086 1537 5142 ad
1589 5099 1823 5158 patrem,
1883 5095 1942 5141 et
1995 5101 2171 5157 nepos
2223 5087 2293 5140 ad

684 5198 844 5236 arum
875 5225 888 5245 ,
911 5192 965 5237 et
986 5181 1303 5236 consobrini
1335 5181 1480 5236 filius
1504 5180 1572 5235 ad
1609 5190 1890 5250 patruum,
1927 5179 2283 5244 referuntur;

687 5276 752 5329 iis
781 5285 958 5327 tamen
1031 5273 1098 5327 ad
1135 5289 1276 5344 quos
1328 5277 1642 5328 referuntur
1685 5273 1920 5339 majores
1980 5288 2088 5325 nou
2143 5282 2291 5325 sunt.

685 5368 742 5422 Si
776 5384 908 5437 ergo
937 5368 1097 5422 Pater
1129 5377 1326 5420 natura
1358 5368 1535 5436 maior
1577 5375 1679 5426 est,
1709 5375 1768 5418 ut
1801 5381 1901 5428 ais,
1938 5375 1994 5419 et
2022 5365 2167 5433 quod
2204 5382 2296 5416 na-

685 5475 806 5513 tura
903 5471 986 5512 i-s'.
1077 5475 1184 5512 non
1247 5459 1475 5512 onmiuo
1551 5460 1728 5529 maius
1811 5469 1917 5518 est,
2018 5459 2304 5525 continget

685 5570 866 5621 irnqus
926 5569 1032 5606 non
1073 5554 1301 5607 omnino
1337 5553 1513 5624 mai-is
1568 5568 1709 5616 esse,
1742 5561 1907 5621 atque
1970 5555 2041 5603 ita
2069 5561 2302 5604 cmtero-

687 5664 805 5700 rn.n
856 5647 1230 5717 sophistarum
1318 5649 1518 5700 modus
1601 5647 1957 5700 dissolvetur.
2021 5643 2294 5698 Cancrum

595 5809 597 5812 ι
685 5752 926 5795 δι’ὶιιιιυι-
952 5743 1089 5795 ὶιίιιιε
1121 5741 1435 5810 captionem
1463 5757 1530 5795 ex
1561 5755 1629 5796 eo
1692 5738 1916 5794 ductam
1975 5753 2121 5806 esse,
2147 5737 2298 5810 quod

687 5834 813 5890 cum
846 5834 949 5887 Ieci
978 5833 1286 5897 adiectione
1324 5842 1379 5887 et
1419 5830 1748 5902 simpliciter
1776 5827 2004 5885 dicitur.

2399 4615 2457 4669 in
2494 4631 2563 4669 eo
2588 4615 2828 4677 aberrat,
2859 4611 3008 4681 quod
3039 4625 3167 4664 cum
3206 4607 3313 4662 loci
3351 4605 3664 4676 adiectione
3693 4613 3748 4658 et
3782 4601 4002 4670 simpli-

2398 4705 2538 4759 citer
2563 4704 2790 4758 dicitur.

2460 4797 2570 4866 Age
2603 4811 2756 4858 vero,
2811 4802 3316 4848 commoustremus
3351 4789 3403 4845 id
3430 4805 3541 4844 uno
3591 4787 3781 4856 aliquo
3808 4784 4009 4854 sophi-

2397 4902 2596 4950 εηηιιε,
2617 4889 2778 4957 quate
2803 4888 2906 4943 hoc
2925 4898 3008 4943 est
3039 4907 3051 4941 :
3084 4887 3229 4941 Deus
3264 4883 3504 4939 essentia
3535 4892 3644 4945 est,
3664 4894 3793 4935 vera
3823 4877 4008 4932 oratio

2401 4996 2503 5044 est,
2535 4983 2666 5052 quia
2699 4997 2824 5036 cum
2855 4981 2960 5036 loci
3002 4979 3313 5050 adiectione
3367 4977 3574 5031 dicitur
3605 4993 3620 5040 ;
3659 4983 3716 5028 at
3761 4970 4007 5028 essentia

2404 5095 2513 5132 non
2544 5076 2771 5130 omnino
2829 5076 2974 5129 Deus
3032 5060 3138 5136 est,
3167 5083 3222 5125 et
3265 5070 3369 5144 hoc
3420 5066 3587 5124 modo
3641 5081 3771 5120 vera
3820 5063 4003 5116 oratio

2397 5182 2504 5236 cst,
2567 5172 2696 5241 quia
2760 5167 3087 5237 simpliciter
3138 5164 3366 5226 dicitur,
3442 5177 3549 5216 non
3605 5159 3755 5214 enim
3804 5149 3990 5207 omnis

2404 5265 2713 5320 substantia
2749 5262 2898 5316 Deus
2922 5269 3024 5315 est.
3073 5259 3274 5324 Totum
3299 5265 3484 5310 autem
3512 5252 3556 5308 si
3605 5258 3996 5317 componatur,

2404 5357 2648 5425 captiosa
2682 5353 2791 5407 erit
2816 5350 3242 5421 argumentatio,
3298 5345 3458 5402 exiis
3482 5344 3810 5412 composita,
3878 5351 4003 5406 qua

2405 5467 2530 5506 cum
2567 5450 2670 5503 Ioei
2691 5447 3000 5517 adjecaione
3021 5458 3072 5497 et
3105 5442 3436 5512 simpliciter
3467 5439 3750 5495 dicuntur.
3977 5448 3980 5451 '

2464 5541 2790 5613 Uniusmodi
2827 5557 2957 5608 ergo
2990 5538 3242 5592 Eunomii
3269 5543 3655 5607 argumentum
3689 5547 3812 5588 esse
3842 5531 4006 5588 Pater

2402 5632 2703 5703 Gregorius
2734 5634 2830 5685 ait.
2867 5629 3004 5685 Cn;n
3032 5629 3181 5684 enim
3223 5625 3518 5680 orthodoxi
3544 5624 3732 5680 dicant
3777 5622 4004 5679 Patrem

2407 5726 2550 5782 Filio
2584 5725 2850 5793 majorem
2899 5738 3045 5786 esse,
3101 5733 3298 5776 natura
3325 5734 3525 5784 causa,
3581 5717 3728 5789 quod
3785 5720 4010 5789 quidem

2408 5819 2461 5875 id
2487 5831 2568 5876 est
2599 5817 2746 5888 quod
2767 5827 2895 5874 cum
2919 5814 3021 5871 loci
3051 5812 3357 5886 adfectione
3394 5810 3616 5876 dicitur,
3647 5809 4008 5877 CQIIiUuClqu
