  <div class='ocr_page' id='page_1' title='image "/cluster/home/n/w/nwhite01/storage/ocr_20150623/139/nnc1.0046979840/726.png"; bbox 0 0 4288 6372; ppageno 0'>
   <div class='ocr_carea' id='block_1_1' title="bbox 314 378 442 440">
    <p class='ocr_par' dir='ltr' id='par_1_1' title="bbox 314 378 442 440">
     <span class='ocr_line' id='line_1_1' title="bbox 314 378 442 440; baseline -0.031 0"><span class='ocrx_word' id='word_1_1' title='bbox 314 378 442 440; x_wconf 82' lang='lat' dir='ltr'><strong>tm</strong></span> 
     </span>
    </p>
   </div>
   <div class='ocr_carea' id='block_1_2' title="bbox 1583 384 2277 449">
    <p class='ocr_par' dir='ltr' id='par_1_2' title="bbox 1583 384 2277 449">
     <span class='ocr_line' id='line_1_2' title="bbox 1583 384 2277 449; baseline 0.012 -8"><span class='ocrx_word' id='word_1_2' title='bbox 1583 384 1976 442; x_wconf 53' lang='grc' dir='ltr'>ΤιιΕελιὲιιι</span> <span class='ocrx_word' id='word_1_3' title='bbox 2024 388 2165 445; x_wconf 71' lang='lat' dir='ltr'><strong>LIB.</strong></span> <span class='ocrx_word' id='word_1_4' title='bbox 2210 391 2277 449; x_wconf 62' lang='grc' dir='ltr'><strong>Υ.</strong></span> 
     </span>
    </p>
   </div>
   <div class='ocr_carea' id='block_1_3' title="bbox 3429 409 3560 468">
    <p class='ocr_par' dir='ltr' id='par_1_3' title="bbox 3429 409 3560 468">
     <span class='ocr_line' id='line_1_3' title="bbox 3429 409 3560 468; baseline 0 0"><span class='ocrx_word' id='word_1_5' title='bbox 3429 409 3560 468; x_wconf 72' lang='lat' dir='ltr'><strong>HIS</strong></span> 
     </span>
    </p>
   </div>
   <div class='ocr_carea' id='block_1_4' title="bbox 302 487 3556 581">
    <p class='ocr_par' dir='ltr' id='par_1_4' title="bbox 302 487 3556 581">
     <span class='ocr_line' id='line_1_4' title="bbox 302 487 3556 581; baseline 0.011 -43"><span class='ocrx_word' id='word_1_6' title='bbox 302 505 425 562; x_wconf 64' lang='lat' dir='ltr'><strong>pust</strong></span> <span class='ocrx_word' id='word_1_7' title='bbox 451 492 664 544; x_wconf 88' lang='lat' dir='ltr'><strong>album.</strong></span> <span class='ocrx_word' id='word_1_8' title='bbox 697 487 822 543; x_wconf 70' lang='lat' dir='ltr'><strong>Haec</strong></span> <span class='ocrx_word' id='word_1_9' title='bbox 857 503 1022 556; x_wconf 84' lang='lat' dir='ltr'><strong>porro</strong></span> <span class='ocrx_word' id='word_1_10' title='bbox 1048 504 1154 542; x_wconf 86' lang='lat' dir='ltr'><strong>non</strong></span> <span class='ocrx_word' id='word_1_11' title='bbox 1187 508 1216 542; x_wconf 80' lang='grc' dir='ltr'><strong>ιι</strong></span> <span class='ocrx_word' id='word_1_12' title='bbox 1273 505 1330 546; x_wconf 79' lang='lat' dir='ltr'><strong>se</strong></span> <span class='ocrx_word' id='word_1_13' title='bbox 1398 504 1724 556; x_wconf 81' lang='lat' dir='ltr'><strong>nascuntur.</strong></span> <span class='ocrx_word' id='word_1_14' title='bbox 1780 511 1883 552; x_wconf 70' lang='lat' dir='ltr'><strong>nec</strong></span> <span class='ocrx_word' id='word_1_15' title='bbox 1910 503 1956 560; x_wconf 73' lang='grc' dir='ltr'><strong>Α</strong></span> <span class='ocrx_word' id='word_1_16' title='bbox 1983 497 2056 552; x_wconf 67' lang='lat' dir='ltr'><strong>sit</strong></span> <span class='ocrx_word' id='word_1_17' title='bbox 2097 499 2358 566; x_wconf 72' lang='lat' dir='ltr'><strong>genitive,</strong></span> <span class='ocrx_word' id='word_1_18' title='bbox 2396 501 2466 554; x_wconf 84' lang='lat' dir='ltr'><strong>ita</strong></span> <span class='ocrx_word' id='word_1_19' title='bbox 2519 511 2576 556; x_wconf 84' lang='lat' dir='ltr'><strong>et</strong></span> <span class='ocrx_word' id='word_1_20' title='bbox 2605 503 2840 572; x_wconf 87' lang='lat' dir='ltr'><strong>Spir&#39;itus</strong></span> <span class='ocrx_word' id='word_1_21' title='bbox 2881 525 2910 562; x_wconf 93' lang='lat' dir='ltr'><strong>a</strong></span> <span class='ocrx_word' id='word_1_22' title='bbox 2945 509 3083 565; x_wconf 80' lang='lat' dir='ltr'><strong>Filio</strong></span> <span class='ocrx_word' id='word_1_23' title='bbox 3121 517 3392 581; x_wconf 85' lang='lat' dir='ltr'><strong>processit</strong></span> <span class='ocrx_word' id='word_1_24' title='bbox 3426 535 3438 570; x_wconf 93' lang='lat'><strong>:</strong></span> <span class='ocrx_word' id='word_1_25' title='bbox 3485 523 3556 574; x_wconf 87' lang='lat' dir='ltr'><strong>ita</strong></span> 
     </span>
    </p>
   </div>
   <div class='ocr_carea' id='block_1_5' title="bbox 297 579 1879 652">
    <p class='ocr_par' dir='ltr' id='par_1_5' title="bbox 297 579 1879 652">
     <span class='ocr_line' id='line_1_5' title="bbox 297 579 1879 652; baseline -0.001 -14"><span class='ocrx_word' id='word_1_26' title='bbox 297 584 446 638; x_wconf 89' lang='lat' dir='ltr'><strong>enim</strong></span> <span class='ocrx_word' id='word_1_27' title='bbox 477 596 541 635; x_wconf 79' lang='lat' dir='ltr'><strong>ex</strong></span> <span class='ocrx_word' id='word_1_28' title='bbox 570 579 987 648; x_wconf 80' lang='lat' dir='ltr'><strong>ingeneratione</strong></span> <span class='ocrx_word' id='word_1_29' title='bbox 1019 581 1328 648; x_wconf 72' lang='lat' dir='ltr'><strong>generatio,</strong></span> <span class='ocrx_word' id='word_1_30' title='bbox 1355 596 1455 637; x_wconf 87' lang='lat' dir='ltr'><strong>nec</strong></span> <span class='ocrx_word' id='word_1_31' title='bbox 1477 597 1543 636; x_wconf 80' lang='lat' dir='ltr'><strong>ex</strong></span> <span class='ocrx_word' id='word_1_32' title='bbox 1569 585 1879 652; x_wconf 70' lang='lat' dir='ltr'><strong>generatio-</strong></span> 
     </span>
    </p>
   </div>
   <div class='ocr_carea' id='block_1_6' title="bbox 297 675 1882 744">
    <p class='ocr_par' dir='ltr' id='par_1_6' title="bbox 297 675 1882 744">
     <span class='ocr_line' id='line_1_6' title="bbox 297 675 1882 744; baseline -0.001 -14"><span class='ocrx_word' id='word_1_33' title='bbox 297 691 368 730; x_wconf 90' lang='lat' dir='ltr'><strong>ne</strong></span> <span class='ocrx_word' id='word_1_34' title='bbox 412 677 776 744; x_wconf 70' lang='grc' dir='ltr'><strong>ἱιιευηειιιιίο.</strong></span> <span class='ocrx_word' id='word_1_35' title='bbox 813 677 881 726; x_wconf 78' lang='lat' dir='ltr'><strong>At</strong></span> <span class='ocrx_word' id='word_1_36' title='bbox 925 687 1056 726; x_wconf 82' lang='lat' dir='ltr'><strong>vero</strong></span> <span class='ocrx_word' id='word_1_37' title='bbox 1099 675 1285 729; x_wconf 85' lang='lat' dir='ltr'><strong>relatis</strong></span> <span class='ocrx_word' id='word_1_38' title='bbox 1313 676 1651 729; x_wconf 80' lang='lat' dir='ltr'><strong>acecnsenda</strong></span> <span class='ocrx_word' id='word_1_39' title='bbox 1706 676 1882 730; x_wconf 81' lang='lat' dir='ltr'><strong>sunt?</strong></span> 
     </span>
    </p>
   </div>
   <div class='ocr_carea' id='block_1_7' title="bbox 296 765 1877 836">
    <p class='ocr_par' dir='ltr' id='par_1_7' title="bbox 296 765 1877 836">
     <span class='ocr_line' id='line_1_7' title="bbox 296 765 1877 836; baseline 0 -15"><span class='ocrx_word' id='word_1_40' title='bbox 296 767 366 821; x_wconf 68' lang='lat' dir='ltr'><strong>At</strong></span> <span class='ocrx_word' id='word_1_41' title='bbox 393 766 479 819; x_wconf 85' lang='lat' dir='ltr'><strong>illa</strong></span> <span class='ocrx_word' id='word_1_42' title='bbox 511 767 833 821; x_wconf 75' lang='lat' dir='ltr'><strong>referuntur</strong></span> <span class='ocrx_word' id='word_1_43' title='bbox 863 765 928 818; x_wconf 91' lang='lat' dir='ltr'><strong>ad</strong></span> <span class='ocrx_word' id='word_1_44' title='bbox 964 765 1093 829; x_wconf 87' lang='lat' dir='ltr'><strong>alia,</strong></span> <span class='ocrx_word' id='word_1_45' title='bbox 1128 776 1186 820; x_wconf 91' lang='lat' dir='ltr'><strong>ut</strong></span> <span class='ocrx_word' id='word_1_46' title='bbox 1216 766 1442 836; x_wconf 88' lang='lat' dir='ltr'><strong>duplum</strong></span> <span class='ocrx_word' id='word_1_47' title='bbox 1470 767 1536 820; x_wconf 87' lang='lat' dir='ltr'><strong>ad</strong></span> <span class='ocrx_word' id='word_1_48' title='bbox 1566 768 1877 831; x_wconf 87' lang='lat' dir='ltr'><strong>dimidium,</strong></span> 
     </span>
    </p>
   </div>
   <div class='ocr_carea' id='block_1_8' title="bbox 295 857 1880 928">
    <p class='ocr_par' dir='ltr' id='par_1_8' title="bbox 295 857 1880 928">
     <span class='ocr_line' id='line_1_8' title="bbox 295 857 1880 928; baseline 0.003 -18"><span class='ocrx_word' id='word_1_49' title='bbox 295 869 349 911; x_wconf 80' lang='lat' dir='ltr'><strong>et</strong></span> <span class='ocrx_word' id='word_1_50' title='bbox 370 877 401 909; x_wconf 71' lang='grc' dir='ltr'><strong>ιι</strong></span> <span class='ocrx_word' id='word_1_51' title='bbox 431 860 664 912; x_wconf 80' lang='lat' dir='ltr'><strong>diverso.</strong></span> <span class='ocrx_word' id='word_1_52' title='bbox 703 857 811 921; x_wconf 69' lang='lat' dir='ltr'><strong>Age</strong></span> <span class='ocrx_word' id='word_1_53' title='bbox 838 873 967 908; x_wconf 85' lang='lat' dir='ltr'><strong>veru</strong></span> <span class='ocrx_word' id='word_1_54' title='bbox 1000 859 1350 928; x_wconf 79' lang='lat' dir='ltr'><strong>negationiue</strong></span> <span class='ocrx_word' id='word_1_55' title='bbox 1406 861 1787 913; x_wconf 77' lang='lat' dir='ltr'><strong>ascribcntur?</strong></span> <span class='ocrx_word' id='word_1_56' title='bbox 1811 863 1880 915; x_wconf 77' lang='lat' dir='ltr'><strong>At</strong></span> 
     </span>
    </p>
   </div>
   <div class='ocr_carea' id='block_1_9' title="bbox 297 953 1879 1021">
    <p class='ocr_par' dir='ltr' id='par_1_9' title="bbox 297 953 1879 1021">
     <span class='ocr_line' id='line_1_9' title="bbox 297 953 1879 1021; baseline 0.001 -17"><span class='ocrx_word' id='word_1_57' title='bbox 297 953 411 1006; x_wconf 67' lang='lat' dir='ltr'><strong>haec</strong></span> <span class='ocrx_word' id='word_1_58' title='bbox 438 967 656 1021; x_wconf 89' lang='lat' dir='ltr'><strong>quoque</strong></span> <span class='ocrx_word' id='word_1_59' title='bbox 685 953 905 1005; x_wconf 87' lang='lat' dir='ltr'><strong>nomina</strong></span> <span class='ocrx_word' id='word_1_60' title='bbox 944 963 1092 1016; x_wconf 86' lang='lat' dir='ltr'><strong>sunt,</strong></span> <span class='ocrx_word' id='word_1_61' title='bbox 1137 954 1341 1019; x_wconf 82' lang='lat' dir='ltr'><strong>quibus</strong></span> <span class='ocrx_word' id='word_1_62' title='bbox 1366 966 1544 1020; x_wconf 87' lang='lat' dir='ltr'><strong>neque</strong></span> <span class='ocrx_word' id='word_1_63' title='bbox 1591 953 1879 1006; x_wconf 85' lang='lat' dir='ltr'><strong>aﬂirmatio</strong></span> 
     </span>
    </p>
   </div>
   <div class='ocr_carea' id='block_1_10' title="bbox 298 1043 1880 1114">
    <p class='ocr_par' dir='ltr' id='par_1_10' title="bbox 298 1043 1880 1114">
     <span class='ocr_line' id='line_1_10' title="bbox 298 1043 1880 1114; baseline 0.001 -18"><span class='ocrx_word' id='word_1_64' title='bbox 298 1057 477 1111; x_wconf 82' lang='lat' dir='ltr'><strong>neque</strong></span> <span class='ocrx_word' id='word_1_65' title='bbox 531 1043 750 1111; x_wconf 79' lang='lat' dir='ltr'><strong>negatio</strong></span> <span class='ocrx_word' id='word_1_66' title='bbox 805 1043 1238 1096; x_wconf 86' lang='lat' dir='ltr'><strong>demonstratur.</strong></span> <span class='ocrx_word' id='word_1_67' title='bbox 1291 1043 1479 1112; x_wconf 88' lang='lat' dir='ltr'><strong>Itaque</strong></span> <span class='ocrx_word' id='word_1_68' title='bbox 1518 1054 1769 1114; x_wconf 83' lang='lat' dir='ltr'><strong>superest</strong></span> <span class='ocrx_word' id='word_1_69' title='bbox 1820 1055 1880 1099; x_wconf 93' lang='lat' dir='ltr'><strong>ut</strong></span> 
     </span>
    </p>
   </div>
   <div class='ocr_carea' id='block_1_11' title="bbox 295 1135 1880 1204">
    <p class='ocr_par' dir='ltr' id='par_1_11' title="bbox 295 1135 1880 1204">
     <span class='ocr_line' id='line_1_11' title="bbox 295 1135 1880 1204; baseline 0.001 -17"><span class='ocrx_word' id='word_1_70' title='bbox 295 1135 484 1187; x_wconf 84' lang='lat' dir='ltr'><strong>habitu</strong></span> <span class='ocrx_word' id='word_1_71' title='bbox 517 1142 574 1186; x_wconf 89' lang='lat' dir='ltr'><strong>et</strong></span> <span class='ocrx_word' id='word_1_72' title='bbox 607 1135 1084 1202; x_wconf 79' lang='lat' dir='ltr'><strong>privatimiemter</strong></span> <span class='ocrx_word' id='word_1_73' title='bbox 1149 1149 1207 1188; x_wconf 88' lang='lat' dir='ltr'><strong>se</strong></span> <span class='ocrx_word' id='word_1_74' title='bbox 1262 1146 1634 1204; x_wconf 75' lang='lat' dir='ltr'><strong>opponantur,</strong></span> <span class='ocrx_word' id='word_1_75' title='bbox 1692 1139 1763 1190; x_wconf 90' lang='lat' dir='ltr'><strong>ita</strong></span> <span class='ocrx_word' id='word_1_76' title='bbox 1821 1145 1880 1189; x_wconf 90' lang='lat' dir='ltr'><strong>ut</strong></span> 
     </span>
    </p>
   </div>
   <div class='ocr_carea' id='block_1_12' title="bbox 292 1227 1874 1328">
    <p class='ocr_par' dir='ltr' id='par_1_12' title="bbox 292 1227 1874 1328">
     <span class='ocr_line' id='line_1_12' title="bbox 292 1227 1874 1328; baseline 0.003 -49"><span class='ocrx_word' id='word_1_77' title='bbox 292 1228 539 1294; x_wconf 75' lang='lat' dir='ltr'><strong>genitum</strong></span> <span class='ocrx_word' id='word_1_78' title='bbox 575 1227 706 1294; x_wconf 93' lang='lat' dir='ltr'><strong>quid</strong></span> <span class='ocrx_word' id='word_1_79' title='bbox 721 1242 798 1280; x_wconf 66' lang='grc' dir='ltr'><strong>ειη</strong></span> <span class='ocrx_word' id='word_1_80' title='bbox 834 1228 903 1278; x_wconf 86' lang='lat' dir='ltr'><strong>sit</strong></span> <span class='ocrx_word' id='word_1_81' title='bbox 936 1227 1158 1279; x_wconf 86' lang='lat' dir='ltr'><strong>habitus</strong></span> <span class='ocrx_word' id='word_1_82' title='bbox 1185 1227 1654 1296; x_wconf 89' lang='lat' dir='ltr'><strong>quemadmodum</strong></span> <span class='ocrx_word' id='word_1_83' title='bbox 1687 1230 1836 1328; x_wconf 76' lang='lat' dir='ltr'><strong>visus</strong></span> <span class='ocrx_word' id='word_1_84' title='bbox 1863 1247 1874 1282; x_wconf 92' lang='lat'>:</span> 
     </span>
    </p>
   </div>
   <div class='ocr_carea' id='block_1_13' title="bbox 293 1317 1876 1422">
    <p class='ocr_par' dir='ltr' id='par_1_13' title="bbox 293 1317 1876 1422">
     <span class='ocr_line' id='line_1_13' title="bbox 293 1317 1876 1422; baseline 0.002 -52"><span class='ocrx_word' id='word_1_85' title='bbox 293 1319 595 1385; x_wconf 72' lang='lat' dir='ltr'><strong>ingenitum</strong></span> <span class='ocrx_word' id='word_1_86' title='bbox 620 1329 802 1370; x_wconf 86' lang='lat' dir='ltr'><strong>autem</strong></span> <span class='ocrx_word' id='word_1_87' title='bbox 831 1317 1084 1384; x_wconf 80' lang='lat' dir='ltr'><strong>privatio,</strong></span> <span class='ocrx_word' id='word_1_88' title='bbox 1113 1334 1223 1372; x_wconf 91' lang='lat' dir='ltr'><strong>non</strong></span> <span class='ocrx_word' id='word_1_89' title='bbox 1265 1334 1424 1374; x_wconf 81' lang='lat' dir='ltr'><strong>secus</strong></span> <span class='ocrx_word' id='word_1_90' title='bbox 1448 1329 1613 1387; x_wconf 87' lang='lat' dir='ltr'><strong>atque</strong></span> <span class='ocrx_word' id='word_1_91' title='bbox 1638 1319 1876 1422; x_wconf 67' lang='lat' dir='ltr'><strong>cacitas.</strong></span> 
     </span>
    </p>
   </div>
   <div class='ocr_carea' id='block_1_14' title="bbox 266 1409 1876 1478">
    <p class='ocr_par' dir='ltr' id='par_1_14' title="bbox 266 1409 1876 1478">
     <span class='ocr_line' id='line_1_14' title="bbox 266 1409 1876 1478; baseline 0.002 -16"><span class='ocrx_word' id='word_1_92' title='bbox 266 1443 272 1448; x_wconf 94' lang='lat'><strong><em>-</em></strong></span> <span class='ocrx_word' id='word_1_93' title='bbox 360 1409 413 1462; x_wconf 89' lang='lat' dir='ltr'><strong>Si</strong></span> <span class='ocrx_word' id='word_1_94' title='bbox 449 1425 580 1473; x_wconf 69' lang='lat' dir='ltr'><strong>ergo</strong></span> <span class='ocrx_word' id='word_1_95' title='bbox 612 1410 727 1462; x_wconf 70' lang='lat' dir='ltr'><strong>hzec</strong></span> <span class='ocrx_word' id='word_1_96' title='bbox 776 1411 1026 1478; x_wconf 84' lang='lat' dir='ltr'><strong>Opposita</strong></span> <span class='ocrx_word' id='word_1_97' title='bbox 1066 1419 1194 1464; x_wconf 89' lang='lat' dir='ltr'><strong>sunt</strong></span> <span class='ocrx_word' id='word_1_98' title='bbox 1220 1451 1234 1472; x_wconf 91' lang='lat'><strong>,</strong></span> <span class='ocrx_word' id='word_1_99' title='bbox 1270 1423 1330 1465; x_wconf 91' lang='lat' dir='ltr'><strong>ut</strong></span> <span class='ocrx_word' id='word_1_100' title='bbox 1365 1411 1741 1464; x_wconf 76' lang='lat' dir='ltr'><strong>demonstravi</strong></span> <span class='ocrx_word' id='word_1_101' title='bbox 1771 1453 1784 1476; x_wconf 92' lang='lat'><strong>,</strong></span> <span class='ocrx_word' id='word_1_102' title='bbox 1820 1421 1876 1466; x_wconf 92' lang='lat' dir='ltr'><strong>tu</strong></span> 
     </span>
    </p>
   </div>
   <div class='ocr_carea' id='block_1_15' title="bbox 290 1503 1874 1570">
    <p class='ocr_par' dir='ltr' id='par_1_15' title="bbox 290 1503 1874 1570">
     <span class='ocr_line' id='line_1_15' title="bbox 290 1503 1874 1570; baseline 0.004 -19"><span class='ocrx_word' id='word_1_103' title='bbox 290 1510 472 1552; x_wconf 86' lang='lat' dir='ltr'><strong>autem</strong></span> <span class='ocrx_word' id='word_1_104' title='bbox 503 1515 590 1562; x_wconf 87' lang='lat' dir='ltr'><strong>ca,</strong></span> <span class='ocrx_word' id='word_1_105' title='bbox 622 1515 656 1552; x_wconf 90' lang='grc' dir='ltr'>ο</span> <span class='ocrx_word' id='word_1_106' title='bbox 684 1503 984 1570; x_wconf 71' lang='lat' dir='ltr'><strong>Auomme,</strong></span> <span class='ocrx_word' id='word_1_107' title='bbox 1021 1504 1363 1555; x_wconf 74' lang='lat' dir='ltr'><strong>substantias</strong></span> <span class='ocrx_word' id='word_1_108' title='bbox 1409 1518 1530 1556; x_wconf 86' lang='lat' dir='ltr'><strong>esse</strong></span> <span class='ocrx_word' id='word_1_109' title='bbox 1585 1503 1722 1556; x_wconf 91' lang='lat' dir='ltr'><strong>dicis</strong></span> <span class='ocrx_word' id='word_1_110' title='bbox 1746 1544 1759 1567; x_wconf 92' lang='lat'><strong>,</strong></span> <span class='ocrx_word' id='word_1_111' title='bbox 1810 1518 1874 1557; x_wconf 77' lang='lat' dir='ltr'><strong>ex</strong></span> 
     </span>
    </p>
   </div>
   <div class='ocr_carea' id='block_1_16' title="bbox 291 1593 1876 1658">
    <p class='ocr_par' dir='ltr' id='par_1_16' title="bbox 291 1593 1876 1658">
     <span class='ocr_line' id='line_1_16' title="bbox 291 1593 1876 1658; baseline 0.006 -18"><span class='ocrx_word' id='word_1_112' title='bbox 291 1599 381 1640; x_wconf 91' lang='lat' dir='ltr'><strong>tua</strong></span> <span class='ocrx_word' id='word_1_113' title='bbox 429 1601 794 1658; x_wconf 82' lang='lat' dir='ltr'><strong>consequetur</strong></span> <span class='ocrx_word' id='word_1_114' title='bbox 838 1598 1085 1645; x_wconf 80' lang='lat' dir='ltr'><strong>oratione</strong></span> <span class='ocrx_word' id='word_1_115' title='bbox 1112 1633 1125 1654; x_wconf 84' lang='lat'><strong>,</strong></span> <span class='ocrx_word' id='word_1_116' title='bbox 1176 1601 1234 1644; x_wconf 91' lang='lat' dir='ltr'><strong>nt</strong></span> <span class='ocrx_word' id='word_1_117' title='bbox 1262 1593 1581 1647; x_wconf 62' lang='lat' dir='ltr'><strong>substantia</strong></span> <span class='ocrx_word' id='word_1_118' title='bbox 1607 1594 1725 1649; x_wconf 60' lang='lat' dir='ltr'><strong>alia!</strong></span> <span class='ocrx_word' id='word_1_119' title='bbox 1753 1595 1876 1650; x_wconf 84' lang='lat' dir='ltr'><strong>aliis</strong></span> 
     </span>
    </p>
   </div>
   <div class='ocr_carea' id='block_1_17' title="bbox 287 1681 1875 1756">
    <p class='ocr_par' dir='ltr' id='par_1_17' title="bbox 287 1681 1875 1756">
     <span class='ocr_line' id='line_1_17' title="bbox 287 1681 1875 1756; baseline 0.007 -28"><span class='ocrx_word' id='word_1_120' title='bbox 287 1689 656 1746; x_wconf 82' lang='lat' dir='ltr'><strong>opponantur,</strong></span> <span class='ocrx_word' id='word_1_121' title='bbox 689 1681 833 1749; x_wconf 88' lang='lat' dir='ltr'><strong>quod</strong></span> <span class='ocrx_word' id='word_1_122' title='bbox 869 1697 976 1734; x_wconf 91' lang='lat' dir='ltr'><strong>nou</strong></span> <span class='ocrx_word' id='word_1_123' title='bbox 1019 1683 1364 1736; x_wconf 91' lang='lat' dir='ltr'><strong>conceditur.</strong></span> <span class='ocrx_word' id='word_1_124' title='bbox 1401 1683 1555 1749; x_wconf 84' lang='lat' dir='ltr'><strong>Quod</strong></span> <span class='ocrx_word' id='word_1_125' title='bbox 1617 1687 1660 1739; x_wconf 88' lang='lat' dir='ltr'><strong>si</strong></span> <span class='ocrx_word' id='word_1_126' title='bbox 1718 1687 1875 1756; x_wconf 80' lang='lat' dir='ltr'><strong>geni-</strong></span> 
     </span>
    </p>
   </div>
   <div class='ocr_carea' id='block_1_18' title="bbox 290 1771 1871 1844">
    <p class='ocr_par' dir='ltr' id='par_1_18' title="bbox 290 1771 1871 1844">
     <span class='ocr_line' id='line_1_18' title="bbox 290 1771 1871 1844; baseline 0.005 -23"><span class='ocrx_word' id='word_1_127' title='bbox 290 1781 404 1821; x_wconf 92' lang='lat' dir='ltr'><strong>tum</strong></span> <span class='ocrx_word' id='word_1_128' title='bbox 459 1771 678 1837; x_wconf 89' lang='lat' dir='ltr'><strong>quidem</strong></span> <span class='ocrx_word' id='word_1_129' title='bbox 726 1772 976 1835; x_wconf 87' lang='lat' dir='ltr'><strong>habitui,</strong></span> <span class='ocrx_word' id='word_1_130' title='bbox 1033 1775 1332 1841; x_wconf 82' lang='lat' dir='ltr'><strong>ingenitum</strong></span> <span class='ocrx_word' id='word_1_131' title='bbox 1387 1791 1516 1829; x_wconf 90' lang='lat' dir='ltr'><strong>vero</strong></span> <span class='ocrx_word' id='word_1_132' title='bbox 1581 1776 1871 1844; x_wconf 87' lang='lat' dir='ltr'><strong>privationi</strong></span> 
     </span>
    </p>
   </div>
   <div class='ocr_carea' id='block_1_19' title="bbox 289 1839 1948 1933">
    <p class='ocr_par' dir='ltr' id='par_1_19' title="bbox 289 1839 1948 1933">
     <span class='ocr_line' id='line_1_19' title="bbox 289 1839 1948 1933; baseline 0.007 -26"><span class='ocrx_word' id='word_1_133' title='bbox 289 1857 467 1910; x_wconf 84' lang='lat' dir='ltr'><strong>simile</strong></span> <span class='ocrx_word' id='word_1_134' title='bbox 518 1859 609 1918; x_wconf 82' lang='lat' dir='ltr'><strong>sit,</strong></span> <span class='ocrx_word' id='word_1_135' title='bbox 664 1871 718 1912; x_wconf 90' lang='lat' dir='ltr'><strong>tu</strong></span> <span class='ocrx_word' id='word_1_136' title='bbox 765 1871 949 1914; x_wconf 84' lang='lat' dir='ltr'><strong>autem</strong></span> <span class='ocrx_word' id='word_1_137' title='bbox 996 1839 1238 1930; x_wconf 72' lang='lat' dir='ltr'><strong>genitum</strong></span> <span class='ocrx_word' id='word_1_138' title='bbox 1294 1865 1516 1933; x_wconf 88' lang='lat' dir='ltr'><strong>quidem</strong></span> <span class='ocrx_word' id='word_1_139' title='bbox 1581 1867 1873 1919; x_wconf 79' lang='lat' dir='ltr'><strong>essentiam</strong></span> <span class='ocrx_word' id='word_1_140' title='bbox 1911 1839 1948 1893; x_wconf 70' lang='grc' dir='ltr'><strong>Β</strong></span> 
     </span>
    </p>
   </div>
   <div class='ocr_carea' id='block_1_20' title="bbox 291 1948 1872 2022">
    <p class='ocr_par' dir='ltr' id='par_1_20' title="bbox 291 1948 1872 2022">
     <span class='ocr_line' id='line_1_20' title="bbox 291 1948 1872 2022; baseline 0.009 -24"><span class='ocrx_word' id='word_1_141' title='bbox 291 1948 434 2009; x_wconf 77' lang='lat' dir='ltr'><strong>Filii,</strong></span> <span class='ocrx_word' id='word_1_142' title='bbox 496 1950 796 2016; x_wconf 73' lang='lat' dir='ltr'><strong>ingenitum</strong></span> <span class='ocrx_word' id='word_1_143' title='bbox 849 1968 976 2006; x_wconf 86' lang='lat' dir='ltr'><strong>vero</strong></span> <span class='ocrx_word' id='word_1_144' title='bbox 1021 1954 1196 2009; x_wconf 88' lang='lat' dir='ltr'><strong>Patris</strong></span> <span class='ocrx_word' id='word_1_145' title='bbox 1252 1958 1549 2010; x_wconf 81' lang='lat' dir='ltr'><strong>essentiam</strong></span> <span class='ocrx_word' id='word_1_146' title='bbox 1605 1960 1872 2022; x_wconf 89' lang='lat' dir='ltr'><strong>nominas,</strong></span> 
     </span>
    </p>
   </div>
   <div class='ocr_carea' id='block_1_21' title="bbox 285 2040 1872 2116">
    <p class='ocr_par' dir='ltr' id='par_1_21' title="bbox 285 2040 1872 2116">
     <span class='ocr_line' id='line_1_21' title="bbox 285 2040 1872 2116; baseline 0.009 -26"><span class='ocrx_word' id='word_1_147' title='bbox 285 2049 434 2091; x_wconf 86' lang='lat' dir='ltr'><strong>certe</strong></span> <span class='ocrx_word' id='word_1_148' title='bbox 473 2040 640 2094; x_wconf 84' lang='lat' dir='ltr'><strong>Filius</strong></span> <span class='ocrx_word' id='word_1_149' title='bbox 671 2042 829 2096; x_wconf 88' lang='lat' dir='ltr'><strong>Patre</strong></span> <span class='ocrx_word' id='word_1_150' title='bbox 858 2045 1009 2112; x_wconf 87' lang='lat' dir='ltr'><strong>prior</strong></span> <span class='ocrx_word' id='word_1_151' title='bbox 1039 2047 1164 2109; x_wconf 89' lang='lat' dir='ltr'><strong>erit,</strong></span> <span class='ocrx_word' id='word_1_152' title='bbox 1198 2059 1256 2098; x_wconf 88' lang='grc' dir='ltr'><strong>ιιι</strong></span> <span class='ocrx_word' id='word_1_153' title='bbox 1291 2047 1509 2100; x_wconf 80' lang='lat' dir='ltr'><strong>habitus</strong></span> <span class='ocrx_word' id='word_1_154' title='bbox 1545 2049 1872 2116; x_wconf 77' lang='lat' dir='ltr'><strong>privatione.</strong></span> 
     </span>
    </p>
   </div>
   <div class='ocr_carea' id='block_1_22' title="bbox 288 2131 1870 2208">
    <p class='ocr_par' dir='ltr' id='par_1_22' title="bbox 288 2131 1870 2208">
     <span class='ocr_line' id='line_1_22' title="bbox 288 2131 1870 2208; baseline 0.008 -23"><span class='ocrx_word' id='word_1_155' title='bbox 288 2131 569 2202; x_wconf 79' lang='lat' dir='ltr'><strong>Filiusque</strong></span> <span class='ocrx_word' id='word_1_156' title='bbox 632 2135 698 2187; x_wconf 91' lang='lat' dir='ltr'><strong>de</strong></span> <span class='ocrx_word' id='word_1_157' title='bbox 754 2135 936 2188; x_wconf 89' lang='lat' dir='ltr'><strong>medio</strong></span> <span class='ocrx_word' id='word_1_158' title='bbox 988 2137 1254 2200; x_wconf 79' lang='lat' dir='ltr'><strong>tolletur,</strong></span> <span class='ocrx_word' id='word_1_159' title='bbox 1303 2147 1559 2205; x_wconf 89' lang='lat' dir='ltr'><strong>tanquam</strong></span> <span class='ocrx_word' id='word_1_160' title='bbox 1614 2141 1870 2208; x_wconf 75' lang='lat' dir='ltr'><strong>halitus,</strong></span> 
     </span>
    </p>
   </div>
   <div class='ocr_carea' id='block_1_23' title="bbox 285 2226 1871 2304">
    <p class='ocr_par' dir='ltr' id='par_1_23' title="bbox 285 2226 1871 2304">
     <span class='ocr_line' id='line_1_23' title="bbox 285 2226 1871 2304; baseline 0.007 -27"><span class='ocrx_word' id='word_1_161' title='bbox 285 2241 314 2277; x_wconf 88' lang='lat' dir='ltr'><strong>a</strong></span> <span class='ocrx_word' id='word_1_162' title='bbox 356 2226 538 2289; x_wconf 88' lang='lat' dir='ltr'><strong>Patre,</strong></span> <span class='ocrx_word' id='word_1_163' title='bbox 578 2237 835 2295; x_wconf 88' lang='lat' dir='ltr'><strong>tanquam</strong></span> <span class='ocrx_word' id='word_1_164' title='bbox 872 2228 1202 2295; x_wconf 81' lang='lat' dir='ltr'><strong>privatione.</strong></span> <span class='ocrx_word' id='word_1_165' title='bbox 1256 2230 1709 2302; x_wconf 85' lang='lat' dir='ltr'><strong>Quandoquidem</strong></span> <span class='ocrx_word' id='word_1_166' title='bbox 1762 2237 1871 2304; x_wconf 90' lang='lat' dir='ltr'><strong>pri-</strong></span> 
     </span>
    </p>
   </div>
   <div class='ocr_carea' id='block_1_24' title="bbox 286 2317 1871 2381">
    <p class='ocr_par' dir='ltr' id='par_1_24' title="bbox 286 2317 1871 2381">
     <span class='ocr_line' id='line_1_24' title="bbox 286 2317 1871 2381; baseline 0.009 -14"><span class='ocrx_word' id='word_1_167' title='bbox 286 2317 596 2371; x_wconf 86' lang='lat' dir='ltr'><strong>vationibus</strong></span> <span class='ocrx_word' id='word_1_168' title='bbox 666 2318 952 2372; x_wconf 86' lang='lat' dir='ltr'><strong>habituum</strong></span> <span class='ocrx_word' id='word_1_169' title='bbox 1013 2319 1080 2373; x_wconf 86' lang='lat' dir='ltr'><strong>de</strong></span> <span class='ocrx_word' id='word_1_170' title='bbox 1142 2322 1322 2375; x_wconf 77' lang='lat' dir='ltr'><strong>medio</strong></span> <span class='ocrx_word' id='word_1_171' title='bbox 1373 2325 1737 2378; x_wconf 83' lang='lat' dir='ltr'><strong>tollendorutn</strong></span> <span class='ocrx_word' id='word_1_172' title='bbox 1791 2329 1871 2381; x_wconf 82' lang='lat' dir='ltr'><strong>vis</strong></span> 
     </span>
    </p>
   </div>
   <div class='ocr_carea' id='block_1_25' title="bbox 285 2405 1870 2486">
    <p class='ocr_par' dir='ltr' id='par_1_25' title="bbox 285 2405 1870 2486">
     <span class='ocr_line' id='line_1_25' title="bbox 285 2405 1870 2486; baseline 0.008 -29"><span class='ocrx_word' id='word_1_173' title='bbox 285 2405 469 2469; x_wconf 88' lang='lat' dir='ltr'><strong>inest,</strong></span> <span class='ocrx_word' id='word_1_174' title='bbox 524 2417 584 2462; x_wconf 94' lang='lat' dir='ltr'><strong>ut</strong></span> <span class='ocrx_word' id='word_1_175' title='bbox 654 2410 870 2463; x_wconf 67' lang='lat' dir='ltr'><strong>caecitas</strong></span> <span class='ocrx_word' id='word_1_176' title='bbox 931 2412 1151 2478; x_wconf 88' lang='lat' dir='ltr'><strong>visum,</strong></span> <span class='ocrx_word' id='word_1_177' title='bbox 1205 2415 1555 2486; x_wconf 82' lang='lat' dir='ltr'><strong>surditasque</strong></span> <span class='ocrx_word' id='word_1_178' title='bbox 1619 2416 1870 2470; x_wconf 89' lang='lat' dir='ltr'><strong>auditum</strong></span> 
     </span>
    </p>
   </div>
   <div class='ocr_carea' id='block_1_26' title="bbox 283 2499 526 2566">
    <p class='ocr_par' dir='ltr' id='par_1_26' title="bbox 283 2499 526 2566">
     <span class='ocr_line' id='line_1_26' title="bbox 283 2499 526 2566; baseline 0.012 -18"><span class='ocrx_word' id='word_1_179' title='bbox 283 2499 526 2566; x_wconf 85' lang='lat' dir='ltr'><strong>perimit.</strong></span> 
     </span>
    </p>
   </div>
   <div class='ocr_carea' id='block_1_27' title="bbox 906 2640 1241 2698">
    <p class='ocr_par' dir='ltr' id='par_1_27' title="bbox 906 2640 1241 2698">
     <span class='ocr_line' id='line_1_27' title="bbox 906 2640 1241 2698; baseline 0.012 -4"><span class='ocrx_word' id='word_1_180' title='bbox 906 2640 1058 2695; x_wconf 76' lang='lat' dir='ltr'><strong>CAP.</strong></span> <span class='ocrx_word' id='word_1_181' title='bbox 1103 2642 1241 2698; x_wconf 87' lang='lat' dir='ltr'><strong>LIII.</strong></span> 
     </span>
    </p>
   </div>
   <div class='ocr_carea' id='block_1_28' title="bbox 284 2745 1867 2818">
    <p class='ocr_par' dir='ltr' id='par_1_28' title="bbox 284 2745 1867 2818">
     <span class='ocr_line' id='line_1_28' title="bbox 284 2745 1867 2818; baseline 0.015 -23"><span class='ocrx_word' id='word_1_182' title='bbox 284 2745 450 2796; x_wconf 81' lang='lat' dir='ltr'><strong>Plura</strong></span> <span class='ocrx_word' id='word_1_183' title='bbox 493 2747 729 2814; x_wconf 73' lang='lat' dir='ltr'><strong>ejusdem</strong></span> <span class='ocrx_word' id='word_1_184' title='bbox 773 2749 1084 2816; x_wconf 68' lang='lat' dir='ltr'><strong>Choniatc.</strong></span> <span class='ocrx_word' id='word_1_185' title='bbox 1156 2759 1408 2812; x_wconf 71' lang='lat' dir='ltr'><strong>adversus</strong></span> <span class='ocrx_word' id='word_1_186' title='bbox 1445 2762 1539 2813; x_wconf 82' lang='lat' dir='ltr'><strong>hoc</strong></span> <span class='ocrx_word' id='word_1_187' title='bbox 1588 2765 1867 2818; x_wconf 67' lang='grc' dir='ltr'><strong>ᾹΠΟΙΡΗΓΟ·</strong></span> 
     </span>
    </p>
   </div>
   <div class='ocr_carea' id='block_1_29' title="bbox 335 2820 1817 2900">
    <p class='ocr_par' dir='ltr' id='par_1_29' title="bbox 335 2820 1817 2900">
     <span class='ocr_line' id='line_1_29' title="bbox 335 2820 1817 2900; baseline 0.015 -34"><span class='ocrx_word' id='word_1_188' title='bbox 335 2832 453 2868; x_wconf 73' lang='lat' dir='ltr'><strong>rum</strong></span> <span class='ocrx_word' id='word_1_189' title='bbox 484 2820 757 2885; x_wconf 76' lang='lat' dir='ltr'><strong>problema</strong></span> <span class='ocrx_word' id='word_1_190' title='bbox 788 2838 806 2874; x_wconf 87' lang='lat'><strong><em>:</em></strong></span> <span class='ocrx_word' id='word_1_191' title='bbox 838 2820 966 2874; x_wconf 82' lang='lat' dir='ltr'><strong>Fuit</strong></span> <span class='ocrx_word' id='word_1_192' title='bbox 994 2835 1332 2896; x_wconf 63' lang='lat' dir='ltr'><strong>tempusque</strong></span> <span class='ocrx_word' id='word_1_193' title='bbox 1364 2847 1468 2883; x_wconf 82' lang='lat' dir='ltr'><strong>non</strong></span> <span class='ocrx_word' id='word_1_194' title='bbox 1499 2835 1598 2900; x_wconf 80' lang='lat' dir='ltr'><strong>fuit</strong></span> <span class='ocrx_word' id='word_1_195' title='bbox 1634 2835 1817 2888; x_wconf 75' lang='lat' dir='ltr'><strong>Pater.</strong></span> 
     </span>
    </p>
   </div>
   <div class='ocr_carea' id='block_1_30' title="bbox 350 2947 1863 3022">
    <p class='ocr_par' dir='ltr' id='par_1_30' title="bbox 350 2947 1863 3022">
     <span class='ocr_line' id='line_1_30' title="bbox 350 2947 1863 3022; baseline 0.017 -25"><span class='ocrx_word' id='word_1_196' title='bbox 350 2947 516 3002; x_wconf 77' lang='lat' dir='ltr'><strong>Arius</strong></span> <span class='ocrx_word' id='word_1_197' title='bbox 552 2951 798 3018; x_wconf 87' lang='lat' dir='ltr'><strong>quidem,</strong></span> <span class='ocrx_word' id='word_1_198' title='bbox 849 2955 1061 3019; x_wconf 79' lang='lat' dir='ltr'><strong>Aelius,</strong></span> <span class='ocrx_word' id='word_1_199' title='bbox 1101 2971 1158 3012; x_wconf 83' lang='lat' dir='ltr'><strong>ct</strong></span> <span class='ocrx_word' id='word_1_200' title='bbox 1186 2961 1488 3019; x_wconf 83' lang='lat' dir='ltr'><strong>Ettuontitts</strong></span> <span class='ocrx_word' id='word_1_201' title='bbox 1540 2968 1863 3022; x_wconf 79' lang='lat' dir='ltr'><strong>Trinitatem</strong></span> 
     </span>
    </p>
   </div>
   <div class='ocr_carea' id='block_1_31' title="bbox 283 3031 1865 3124">
    <p class='ocr_par' dir='ltr' id='par_1_31' title="bbox 283 3031 1865 3124">
     <span class='ocr_line' id='line_1_31' title="bbox 283 3031 1865 3124; baseline 0.018 -41"><span class='ocrx_word' id='word_1_202' title='bbox 283 3031 494 3088; x_wconf 71' lang='lat' dir='ltr'><strong>honore</strong></span> <span class='ocrx_word' id='word_1_203' title='bbox 543 3039 964 3110; x_wconf 80' lang='lat' dir='ltr'><strong>substantiaque</strong></span> <span class='ocrx_word' id='word_1_204' title='bbox 1019 3062 1332 3116; x_wconf 85' lang='lat' dir='ltr'><strong>comparem</strong></span> <span class='ocrx_word' id='word_1_205' title='bbox 1381 3062 1491 3106; x_wconf 85' lang='lat' dir='ltr'><strong>tres</strong></span> <span class='ocrx_word' id='word_1_206' title='bbox 1525 3055 1576 3107; x_wconf 94' lang='lat' dir='ltr'><strong>in</strong></span> <span class='ocrx_word' id='word_1_207' title='bbox 1605 3073 1865 3124; x_wconf 74' lang='lat' dir='ltr'><strong>personas</strong></span> 
     </span>
    </p>
   </div>
   <div class='ocr_carea' id='block_1_32' title="bbox 276 3125 1931 3238">
    <p class='ocr_par' dir='ltr' id='par_1_32' title="bbox 276 3125 1931 3238">
     <span class='ocr_line' id='line_1_32' title="bbox 276 3125 1931 3238; baseline 0.018 -63"><span class='ocrx_word' id='word_1_208' title='bbox 276 3125 525 3180; x_wconf 85' lang='lat' dir='ltr'><strong>diversas</strong></span> <span class='ocrx_word' id='word_1_209' title='bbox 574 3128 937 3198; x_wconf 73' lang='lat' dir='ltr'><strong>dividebant,</strong></span> <span class='ocrx_word' id='word_1_210' title='bbox 999 3137 1414 3210; x_wconf 67' lang='lat' dir='ltr'><strong>ingenuumque</strong></span> <span class='ocrx_word' id='word_1_211' title='bbox 1468 3156 1524 3198; x_wconf 88' lang='lat' dir='ltr'><strong>et</strong></span> <span class='ocrx_word' id='word_1_212' title='bbox 1581 3149 1856 3218; x_wconf 72' lang='grc' dir='ltr'><strong>ἄναρχον,</strong></span> <span class='ocrx_word' id='word_1_213' title='bbox 1888 3183 1931 3238; x_wconf 75' lang='lat' dir='ltr'>c</span> 
     </span>
    </p>
   </div>
   <div class='ocr_carea' id='block_1_33' title="bbox 277 3216 1861 3308">
    <p class='ocr_par' dir='ltr' id='par_1_33' title="bbox 277 3216 1861 3308">
     <span class='ocr_line' id='line_1_33' title="bbox 277 3216 1861 3308; baseline 0.021 -47"><span class='ocrx_word' id='word_1_214' title='bbox 277 3216 550 3284; x_wconf 81' lang='lat' dir='ltr'><strong>principio</strong></span> <span class='ocrx_word' id='word_1_215' title='bbox 579 3232 857 3276; x_wconf 91' lang='lat' dir='ltr'><strong>carentem</strong></span> <span class='ocrx_word' id='word_1_216' title='bbox 883 3267 895 3286; x_wconf 88' lang='lat'><strong>,</strong></span> <span class='ocrx_word' id='word_1_217' title='bbox 924 3228 1099 3280; x_wconf 90' lang='lat' dir='ltr'><strong>solum</strong></span> <span class='ocrx_word' id='word_1_218' title='bbox 1145 3229 1359 3286; x_wconf 81' lang='lat' dir='ltr'><strong>Patrem</strong></span> <span class='ocrx_word' id='word_1_219' title='bbox 1396 3239 1694 3301; x_wconf 83' lang='lat' dir='ltr'><strong>vocabant,</strong></span> <span class='ocrx_word' id='word_1_220' title='bbox 1740 3252 1861 3308; x_wconf 71' lang='lat' dir='ltr'><strong>post</strong></span> 
     </span>
    </p>
   </div>
   <div class='ocr_carea' id='block_1_34' title="bbox 275 3309 1856 3386">
    <p class='ocr_par' dir='ltr' id='par_1_34' title="bbox 275 3309 1856 3386">
     <span class='ocr_line' id='line_1_34' title="bbox 275 3309 1856 3386; baseline 0.021 -36"><span class='ocrx_word' id='word_1_221' title='bbox 275 3314 400 3352; x_wconf 79' lang='lat' dir='ltr'><strong>eum</strong></span> <span class='ocrx_word' id='word_1_222' title='bbox 429 3316 557 3355; x_wconf 86' lang='lat' dir='ltr'><strong>vero</strong></span> <span class='ocrx_word' id='word_1_223' title='bbox 586 3309 993 3374; x_wconf 75' lang='grc' dir='ltr'><strong>πρωτόκτιπον</strong></span> <span class='ocrx_word' id='word_1_224' title='bbox 1033 3317 1267 3386; x_wconf 75' lang='grc' dir='ltr'><strong>ποίημα,</strong></span> <span class='ocrx_word' id='word_1_225' title='bbox 1303 3322 1404 3375; x_wconf 91' lang='lat' dir='ltr'><strong>hoc</strong></span> <span class='ocrx_word' id='word_1_226' title='bbox 1426 3334 1510 3378; x_wconf 91' lang='lat' dir='ltr'><strong>est</strong></span> <span class='ocrx_word' id='word_1_227' title='bbox 1550 3341 1856 3383; x_wconf 88' lang='lat' dir='ltr'><strong>creaturam</strong></span> 
     </span>
    </p>
   </div>
   <div class='ocr_carea' id='block_1_35' title="bbox 277 3389 1924 3482">
    <p class='ocr_par' dir='ltr' id='par_1_35' title="bbox 277 3389 1924 3482">
     <span class='ocr_line' id='line_1_35' title="bbox 277 3389 1924 3482; baseline 0.024 -43"><span class='ocrx_word' id='word_1_228' title='bbox 277 3389 456 3458; x_wconf 87' lang='lat' dir='ltr'><strong>primo</strong></span> <span class='ocrx_word' id='word_1_229' title='bbox 485 3407 761 3462; x_wconf 89' lang='lat' dir='ltr'><strong>creatam,</strong></span> <span class='ocrx_word' id='word_1_230' title='bbox 805 3399 1044 3456; x_wconf 80' lang='lat' dir='ltr'><strong>Filium:</strong></span> <span class='ocrx_word' id='word_1_231' title='bbox 1078 3403 1280 3478; x_wconf 78' lang='lat' dir='ltr'><strong>quippe</strong></span> <span class='ocrx_word' id='word_1_232' title='bbox 1329 3416 1421 3482; x_wconf 89' lang='lat' dir='ltr'><strong>qui</strong></span> <span class='ocrx_word' id='word_1_233' title='bbox 1477 3417 1600 3471; x_wconf 87' lang='lat' dir='ltr'><strong>loco</strong></span> <span class='ocrx_word' id='word_1_234' title='bbox 1655 3422 1860 3476; x_wconf 88' lang='lat' dir='ltr'><strong>instru-</strong></span> <span class='ocrx_word' id='word_1_235' title='bbox 1919 3471 1924 3477; x_wconf 97' lang='lat'><strong>.</strong></span> 
     </span>
    </p>
   </div>
   <div class='ocr_carea' id='block_1_36' title="bbox 278 3482 1857 3568">
    <p class='ocr_par' dir='ltr' id='par_1_36' title="bbox 278 3482 1857 3568">
     <span class='ocr_line' id='line_1_36' title="bbox 278 3482 1857 3568; baseline 0.023 -35"><span class='ocrx_word' id='word_1_236' title='bbox 278 3482 447 3535; x_wconf 76' lang='lat' dir='ltr'><strong>menti</strong></span> <span class='ocrx_word' id='word_1_237' title='bbox 476 3485 544 3538; x_wconf 91' lang='lat' dir='ltr'><strong>ad</strong></span> <span class='ocrx_word' id='word_1_238' title='bbox 581 3501 764 3543; x_wconf 89' lang='lat' dir='ltr'><strong>rerum</strong></span> <span class='ocrx_word' id='word_1_239' title='bbox 796 3495 1039 3550; x_wconf 90' lang='lat' dir='ltr'><strong>omnium</strong></span> <span class='ocrx_word' id='word_1_240' title='bbox 1073 3502 1489 3566; x_wconf 86' lang='lat' dir='ltr'><strong>productionem</strong></span> <span class='ocrx_word' id='word_1_241' title='bbox 1519 3509 1662 3564; x_wconf 76' lang='lat' dir='ltr'><strong>Patri</strong></span> <span class='ocrx_word' id='word_1_242' title='bbox 1707 3514 1857 3568; x_wconf 78' lang='lat' dir='ltr'><strong>futu-</strong></span> 
     </span>
    </p>
   </div>
   <div class='ocr_carea' id='block_1_37' title="bbox 277 3581 1858 3664">
    <p class='ocr_par' dir='ltr' id='par_1_37' title="bbox 277 3581 1858 3664">
     <span class='ocr_line' id='line_1_37' title="bbox 277 3581 1858 3664; baseline 0.022 -38"><span class='ocrx_word' id='word_1_243' title='bbox 277 3589 374 3627; x_wconf 87' lang='lat' dir='ltr'><strong>rus</strong></span> <span class='ocrx_word' id='word_1_244' title='bbox 426 3588 592 3631; x_wconf 85' lang='lat' dir='ltr'><strong>esset.</strong></span> <span class='ocrx_word' id='word_1_245' title='bbox 649 3581 776 3636; x_wconf 84' lang='lat' dir='ltr'><strong>Post</strong></span> <span class='ocrx_word' id='word_1_246' title='bbox 823 3583 1019 3640; x_wconf 78' lang='lat' dir='ltr'><strong>Filium</strong></span> <span class='ocrx_word' id='word_1_247' title='bbox 1073 3606 1223 3654; x_wconf 85' lang='lat' dir='ltr'><strong>vero,</strong></span> <span class='ocrx_word' id='word_1_248' title='bbox 1285 3597 1550 3664; x_wconf 83' lang='lat' dir='ltr'><strong>Spiritum</strong></span> <span class='ocrx_word' id='word_1_249' title='bbox 1586 3605 1858 3660; x_wconf 83' lang='lat' dir='ltr'><strong>sanctum</strong></span> 
     </span>
    </p>
   </div>
   <div class='ocr_carea' id='block_1_38' title="bbox 273 3667 1856 3764">
    <p class='ocr_par' dir='ltr' id='par_1_38' title="bbox 273 3667 1856 3764">
     <span class='ocr_line' id='line_1_38' title="bbox 273 3667 1856 3764; baseline 0.021 -46"><span class='ocrx_word' id='word_1_250' title='bbox 273 3667 610 3721; x_wconf 78' lang='lat' dir='ltr'><strong>statuebant.</strong></span> <span class='ocrx_word' id='word_1_251' title='bbox 647 3670 806 3736; x_wconf 87' lang='lat' dir='ltr'><strong>Quod</strong></span> <span class='ocrx_word' id='word_1_252' title='bbox 847 3688 1030 3732; x_wconf 89' lang='lat' dir='ltr'><strong>autem</strong></span> <span class='ocrx_word' id='word_1_253' title='bbox 1079 3682 1374 3741; x_wconf 89' lang='lat' dir='ltr'><strong>adoramus</strong></span> <span class='ocrx_word' id='word_1_254' title='bbox 1427 3696 1695 3763; x_wconf 70' lang='grc' dir='ltr'><strong>μονκρχία</strong></span> <span class='ocrx_word' id='word_1_255' title='bbox 1733 3707 1856 3764; x_wconf 91' lang='lat' dir='ltr'><strong>est,</strong></span> 
     </span>
    </p>
   </div>
   <div class='ocr_carea' id='block_1_39' title="bbox 272 3758 1854 3852">
    <p class='ocr_par' dir='ltr' id='par_1_39' title="bbox 272 3758 1854 3852">
     <span class='ocr_line' id='line_1_39' title="bbox 272 3758 1854 3852; baseline 0.021 -41"><span class='ocrx_word' id='word_1_256' title='bbox 272 3758 661 3817; x_wconf 81' lang='lat' dir='ltr'><strong>seudivinitas</strong></span> <span class='ocrx_word' id='word_1_257' title='bbox 692 3780 822 3830; x_wconf 86' lang='lat' dir='ltr'><strong>una,</strong></span> <span class='ocrx_word' id='word_1_258' title='bbox 856 3784 965 3823; x_wconf 89' lang='lat' dir='ltr'><strong>non</strong></span> <span class='ocrx_word' id='word_1_259' title='bbox 1005 3789 1168 3826; x_wconf 85' lang='lat' dir='ltr'><strong>unam</strong></span> <span class='ocrx_word' id='word_1_260' title='bbox 1200 3779 1252 3830; x_wconf 88' lang='lat' dir='ltr'><strong>in</strong></span> <span class='ocrx_word' id='word_1_261' title='bbox 1299 3780 1613 3850; x_wconf 88' lang='lat' dir='ltr'><strong>hypostasin</strong></span> <span class='ocrx_word' id='word_1_262' title='bbox 1643 3800 1854 3852; x_wconf 85' lang='lat' dir='ltr'><strong>coacta,</strong></span> 
     </span>
    </p>
   </div>
   <div class='ocr_carea' id='block_1_40' title="bbox 269 3849 1853 3950">
    <p class='ocr_par' dir='ltr' id='par_1_40' title="bbox 269 3849 1853 3950">
     <span class='ocr_line' id='line_1_40' title="bbox 269 3849 1853 3950; baseline 0.024 -49"><span class='ocrx_word' id='word_1_263' title='bbox 269 3849 369 3903; x_wconf 86' lang='lat' dir='ltr'><strong>sed</strong></span> <span class='ocrx_word' id='word_1_264' title='bbox 418 3851 592 3907; x_wconf 89' lang='lat' dir='ltr'><strong>tribus</strong></span> <span class='ocrx_word' id='word_1_265' title='bbox 644 3856 904 3916; x_wconf 87' lang='lat' dir='ltr'><strong>distincta</strong></span> <span class='ocrx_word' id='word_1_266' title='bbox 953 3871 1242 3932; x_wconf 84' lang='lat' dir='ltr'><strong>personis,</strong></span> <span class='ocrx_word' id='word_1_267' title='bbox 1297 3883 1354 3926; x_wconf 93' lang='lat' dir='ltr'><strong>ct</strong></span> <span class='ocrx_word' id='word_1_268' title='bbox 1421 3877 1583 3932; x_wconf 90' lang='lat' dir='ltr'><strong>unius</strong></span> <span class='ocrx_word' id='word_1_269' title='bbox 1631 3884 1853 3950; x_wconf 87' lang='lat' dir='ltr'><strong>quidem</strong></span> 
     </span>
    </p>
   </div>
   <div class='ocr_carea' id='block_1_41' title="bbox 271 3945 1853 4042">
    <p class='ocr_par' dir='ltr' id='par_1_41' title="bbox 271 3945 1853 4042">
     <span class='ocr_line' id='line_1_41' title="bbox 271 3945 1853 4042; baseline 0.023 -49"><span class='ocrx_word' id='word_1_270' title='bbox 271 3945 636 4010; x_wconf 82' lang='lat' dir='ltr'><strong>appellatione</strong></span> <span class='ocrx_word' id='word_1_271' title='bbox 661 3949 942 4012; x_wconf 81' lang='lat' dir='ltr'><strong>divinitas.</strong></span> <span class='ocrx_word' id='word_1_272' title='bbox 969 3963 1229 4022; x_wconf 71' lang='lat' dir='ltr'><strong>essentia,</strong></span> <span class='ocrx_word' id='word_1_273' title='bbox 1259 3974 1475 4029; x_wconf 86' lang='lat' dir='ltr'><strong>natura,</strong></span> <span class='ocrx_word' id='word_1_274' title='bbox 1501 3973 1853 4042; x_wconf 87' lang='lat' dir='ltr'><strong>principium,</strong></span> 
     </span>
    </p>
   </div>
   <div class='ocr_carea' id='block_1_42' title="bbox 270 4032 1857 4128">
    <p class='ocr_par' dir='ltr' id='par_1_42' title="bbox 270 4032 1857 4128">
     <span class='ocr_line' id='line_1_42' title="bbox 270 4032 1857 4128; baseline 0.024 -45"><span class='ocrx_word' id='word_1_275' title='bbox 270 4041 328 4084; x_wconf 90' lang='lat' dir='ltr'><strong>et</strong></span> <span class='ocrx_word' id='word_1_276' title='bbox 371 4032 546 4089; x_wconf 79' lang='lat' dir='ltr'><strong>forma</strong></span> <span class='ocrx_word' id='word_1_277' title='bbox 584 4056 598 4091; x_wconf 89' lang='lat'><strong>:</strong></span> <span class='ocrx_word' id='word_1_278' title='bbox 633 4040 800 4094; x_wconf 88' lang='lat' dir='ltr'><strong>trium</strong></span> <span class='ocrx_word' id='word_1_279' title='bbox 846 4047 998 4106; x_wconf 77' lang='lat' dir='ltr'><strong>vero.</strong></span> <span class='ocrx_word' id='word_1_280' title='bbox 1056 4065 1324 4115; x_wconf 77' lang='lat' dir='ltr'><strong>personae.</strong></span> <span class='ocrx_word' id='word_1_281' title='bbox 1367 4059 1750 4128; x_wconf 82' lang='lat' dir='ltr'><strong>characteres;</strong></span> <span class='ocrx_word' id='word_1_282' title='bbox 1801 4077 1857 4121; x_wconf 83' lang='lat' dir='ltr'><strong>et</strong></span> 
     </span>
    </p>
   </div>
   <div class='ocr_carea' id='block_1_43' title="bbox 273 4122 1855 4226">
    <p class='ocr_par' dir='ltr' id='par_1_43' title="bbox 273 4122 1855 4226">
     <span class='ocr_line' id='line_1_43' title="bbox 273 4122 1855 4226; baseline 0.025 -52"><span class='ocrx_word' id='word_1_283' title='bbox 273 4122 556 4181; x_wconf 79' lang='lat' dir='ltr'><strong>individua</strong></span> <span class='ocrx_word' id='word_1_284' title='bbox 587 4130 988 4206; x_wconf 76' lang='lat' dir='ltr'><strong>intelliguntur.</strong></span> <span class='ocrx_word' id='word_1_285' title='bbox 1021 4139 1401 4211; x_wconf 74' lang='lat' dir='ltr'><strong>Proprietates</strong></span> <span class='ocrx_word' id='word_1_286' title='bbox 1426 4153 1573 4204; x_wconf 86' lang='lat' dir='ltr'><strong>enim</strong></span> <span class='ocrx_word' id='word_1_287' title='bbox 1603 4122 1855 4226; x_wconf 79' lang='lat' dir='ltr'><strong>hyposta-</strong></span> 
     </span>
    </p>
   </div>
   <div class='ocr_carea' id='block_1_44' title="bbox 267 4213 1856 4311">
    <p class='ocr_par' dir='ltr' id='par_1_44' title="bbox 267 4213 1856 4311">
     <span class='ocr_line' id='line_1_44' title="bbox 267 4213 1856 4311; baseline 0.025 -45"><span class='ocrx_word' id='word_1_288' title='bbox 267 4213 424 4270; x_wconf 82' lang='lat' dir='ltr'><strong>sibus</strong></span> <span class='ocrx_word' id='word_1_289' title='bbox 451 4219 664 4277; x_wconf 66' lang='lat' dir='ltr'><strong>atI‘ecta</strong></span> <span class='ocrx_word' id='word_1_290' title='bbox 703 4238 868 4291; x_wconf 84' lang='lat' dir='ltr'><strong>sunt,</strong></span> <span class='ocrx_word' id='word_1_291' title='bbox 917 4239 975 4296; x_wconf 82' lang='lat' dir='ltr'><strong>at</strong></span> <span class='ocrx_word' id='word_1_292' title='bbox 1025 4248 1133 4288; x_wconf 93' lang='lat' dir='ltr'><strong>non</strong></span> <span class='ocrx_word' id='word_1_293' title='bbox 1175 4250 1304 4292; x_wconf 88' lang='lat' dir='ltr'><strong>sunt</strong></span> <span class='ocrx_word' id='word_1_294' title='bbox 1351 4213 1691 4311; x_wconf 60' lang='lat' dir='ltr'><strong>Iiypostases:</strong></span> <span class='ocrx_word' id='word_1_295' title='bbox 1744 4247 1856 4305; x_wconf 88' lang='lat' dir='ltr'><strong>Hoc</strong></span> 
     </span>
    </p>
   </div>
   <div class='ocr_carea' id='block_1_45' title="bbox 268 4308 1849 4405">
    <p class='ocr_par' dir='ltr' id='par_1_45' title="bbox 268 4308 1849 4405">
     <span class='ocr_line' id='line_1_45' title="bbox 268 4308 1849 4405; baseline 0.024 -49"><span class='ocrx_word' id='word_1_296' title='bbox 268 4320 402 4360; x_wconf 89' lang='lat' dir='ltr'><strong>vero</strong></span> <span class='ocrx_word' id='word_1_297' title='bbox 435 4308 726 4370; x_wconf 84' lang='lat' dir='ltr'><strong>Trinitatis</strong></span> <span class='ocrx_word' id='word_1_298' title='bbox 759 4320 1114 4389; x_wconf 87' lang='lat' dir='ltr'><strong>principium,</strong></span> <span class='ocrx_word' id='word_1_299' title='bbox 1163 4329 1206 4380; x_wconf 90' lang='lat' dir='ltr'><strong>si</strong></span> <span class='ocrx_word' id='word_1_300' title='bbox 1247 4343 1519 4398; x_wconf 89' lang='lat' dir='ltr'><strong>quatenus</strong></span> <span class='ocrx_word' id='word_1_301' title='bbox 1555 4353 1720 4392; x_wconf 90' lang='lat' dir='ltr'><strong>unum</strong></span> <span class='ocrx_word' id='word_1_302' title='bbox 1745 4353 1849 4405; x_wconf 90' lang='lat' dir='ltr'><strong>est,</strong></span> 
     </span>
    </p>
   </div>
   <div class='ocr_carea' id='block_1_46' title="bbox 266 4401 1853 4496">
    <p class='ocr_par' dir='ltr' id='par_1_46' title="bbox 266 4401 1853 4496">
     <span class='ocr_line' id='line_1_46' title="bbox 266 4401 1853 4496; baseline 0.022 -44"><span class='ocrx_word' id='word_1_303' title='bbox 266 4401 672 4471; x_wconf 86' lang='lat' dir='ltr'><strong>consideretur,</strong></span> <span class='ocrx_word' id='word_1_304' title='bbox 724 4411 998 4481; x_wconf 77' lang='lat' dir='ltr'><strong>principio</strong></span> <span class='ocrx_word' id='word_1_305' title='bbox 1028 4427 1200 4483; x_wconf 89' lang='lat' dir='ltr'><strong>caret,</strong></span> <span class='ocrx_word' id='word_1_306' title='bbox 1232 4432 1610 4496; x_wconf 68' lang='lat' dir='ltr'><strong>ateruutnque</strong></span> <span class='ocrx_word' id='word_1_307' title='bbox 1643 4441 1727 4485; x_wconf 92' lang='lat' dir='ltr'><strong>est</strong></span> <span class='ocrx_word' id='word_1_308' title='bbox 1749 4471 1764 4495; x_wconf 90' lang='lat'><strong>,</strong></span> <span class='ocrx_word' id='word_1_309' title='bbox 1797 4447 1853 4487; x_wconf 89' lang='lat' dir='ltr'><strong>et</strong></span> 
     </span>
    </p>
   </div>
   <div class='ocr_carea' id='block_1_47' title="bbox 266 4494 1929 4590">
    <p class='ocr_par' dir='ltr' id='par_1_47' title="bbox 266 4494 1929 4590">
     <span class='ocr_line' id='line_1_47' title="bbox 266 4494 1929 4590; baseline 0.022 -48"><span class='ocrx_word' id='word_1_310' title='bbox 266 4494 495 4548; x_wconf 91' lang='lat' dir='ltr'><strong>omnino</strong></span> <span class='ocrx_word' id='word_1_311' title='bbox 522 4510 877 4568; x_wconf 88' lang='lat' dir='ltr'><strong>perpetuum.</strong></span> <span class='ocrx_word' id='word_1_312' title='bbox 927 4506 983 4561; x_wconf 89' lang='lat' dir='ltr'><strong>Si</strong></span> <span class='ocrx_word' id='word_1_313' title='bbox 1033 4524 1164 4564; x_wconf 85' lang='lat' dir='ltr'><strong>vero</strong></span> <span class='ocrx_word' id='word_1_314' title='bbox 1192 4524 1466 4581; x_wconf 88' lang='lat' dir='ltr'><strong>quatenus</strong></span> <span class='ocrx_word' id='word_1_315' title='bbox 1498 4494 1550 4572; x_wconf 85' lang='lat' dir='ltr'><strong>in</strong></span> <span class='ocrx_word' id='word_1_316' title='bbox 1592 4537 1854 4590; x_wconf 85' lang='lat' dir='ltr'><strong>personas</strong></span> <span class='ocrx_word' id='word_1_317' title='bbox 1887 4523 1929 4577; x_wconf 80' lang='grc' dir='ltr'><strong>ῐ)</strong></span> 
     </span>
    </p>
   </div>
   <div class='ocr_carea' id='block_1_48' title="bbox 265 4582 1852 4677">
    <p class='ocr_par' dir='ltr' id='par_1_48' title="bbox 265 4582 1852 4677">
     <span class='ocr_line' id='line_1_48' title="bbox 265 4582 1852 4677; baseline 0.023 -42"><span class='ocrx_word' id='word_1_318' title='bbox 265 4582 551 4651; x_wconf 81' lang='lat' dir='ltr'><strong>dividitur,</strong></span> <span class='ocrx_word' id='word_1_319' title='bbox 585 4601 690 4646; x_wconf 88' lang='lat' dir='ltr'><strong>una</strong></span> <span class='ocrx_word' id='word_1_320' title='bbox 741 4595 864 4664; x_wconf 82' lang='lat' dir='ltr'><strong>ejus</strong></span> <span class='ocrx_word' id='word_1_321' title='bbox 912 4614 1145 4667; x_wconf 85' lang='lat' dir='ltr'><strong>persona</strong></span> <span class='ocrx_word' id='word_1_322' title='bbox 1193 4607 1470 4677; x_wconf 87' lang='lat' dir='ltr'><strong>principio</strong></span> <span class='ocrx_word' id='word_1_323' title='bbox 1500 4582 1651 4668; x_wconf 79' lang='lat' dir='ltr'><strong>caret</strong></span> <span class='ocrx_word' id='word_1_324' title='bbox 1690 4617 1852 4672; x_wconf 80' lang='lat' dir='ltr'><strong>:alia:</strong></span> 
     </span>
    </p>
   </div>
   <div class='ocr_carea' id='block_1_49' title="bbox 265 4681 1846 4773">
    <p class='ocr_par' dir='ltr' id='par_1_49' title="bbox 265 4681 1846 4773">
     <span class='ocr_line' id='line_1_49' title="bbox 265 4681 1846 4773; baseline 0.026 -50"><span class='ocrx_word' id='word_1_325' title='bbox 265 4689 397 4728; x_wconf 85' lang='lat' dir='ltr'><strong>vero</strong></span> <span class='ocrx_word' id='word_1_326' title='bbox 425 4688 482 4731; x_wconf 89' lang='lat' dir='ltr'><strong>et</strong></span> <span class='ocrx_word' id='word_1_327' title='bbox 515 4681 634 4735; x_wconf 88' lang='lat' dir='ltr'><strong>sine</strong></span> <span class='ocrx_word' id='word_1_328' title='bbox 661 4685 935 4755; x_wconf 88' lang='lat' dir='ltr'><strong>principio</strong></span> <span class='ocrx_word' id='word_1_329' title='bbox 958 4731 974 4753; x_wconf 89' lang='lat'><strong>,</strong></span> <span class='ocrx_word' id='word_1_330' title='bbox 999 4703 1057 4746; x_wconf 87' lang='lat' dir='ltr'><strong>et</strong></span> <span class='ocrx_word' id='word_1_331' title='bbox 1085 4710 1194 4750; x_wconf 86' lang='lat' dir='ltr'><strong>non</strong></span> <span class='ocrx_word' id='word_1_332' title='bbox 1227 4699 1346 4752; x_wconf 88' lang='lat' dir='ltr'><strong>sine</strong></span> <span class='ocrx_word' id='word_1_333' title='bbox 1373 4701 1650 4773; x_wconf 89' lang='lat' dir='ltr'><strong>principio</strong></span> <span class='ocrx_word' id='word_1_334' title='bbox 1697 4693 1846 4765; x_wconf 86' lang='lat' dir='ltr'><strong>sunt.</strong></span> 
     </span>
    </p>
   </div>
   <div class='ocr_carea' id='block_1_50' title="bbox 263 4762 1851 4855">
    <p class='ocr_par' dir='ltr' id='par_1_50' title="bbox 263 4762 1851 4855">
     <span class='ocr_line' id='line_1_50' title="bbox 263 4762 1851 4855; baseline 0.024 -40"><span class='ocrx_word' id='word_1_335' title='bbox 263 4762 397 4818; x_wconf 64' lang='lat' dir='ltr'><strong>Nam</strong></span> <span class='ocrx_word' id='word_1_336' title='bbox 432 4768 476 4821; x_wconf 90' lang='lat' dir='ltr'><strong>si</strong></span> <span class='ocrx_word' id='word_1_337' title='bbox 511 4784 606 4824; x_wconf 88' lang='lat' dir='ltr'><strong>eas</strong></span> <span class='ocrx_word' id='word_1_338' title='bbox 638 4773 706 4826; x_wconf 84' lang='lat' dir='ltr'><strong>ad</strong></span> <span class='ocrx_word' id='word_1_339' title='bbox 734 4778 964 4844; x_wconf 87' lang='lat' dir='ltr'><strong>primam</strong></span> <span class='ocrx_word' id='word_1_340' title='bbox 1010 4797 1232 4840; x_wconf 84' lang='lat' dir='ltr'><strong>causam</strong></span> <span class='ocrx_word' id='word_1_341' title='bbox 1279 4791 1530 4855; x_wconf 86' lang='lat' dir='ltr'><strong>reducas,</strong></span> <span class='ocrx_word' id='word_1_342' title='bbox 1565 4811 1672 4849; x_wconf 89' lang='lat' dir='ltr'><strong>non</strong></span> <span class='ocrx_word' id='word_1_343' title='bbox 1723 4807 1851 4853; x_wconf 91' lang='lat' dir='ltr'><strong>sunt</strong></span> 
     </span>
    </p>
   </div>
   <div class='ocr_carea' id='block_1_51' title="bbox 259 4856 1847 4950">
    <p class='ocr_par' dir='ltr' id='par_1_51' title="bbox 259 4856 1847 4950">
     <span class='ocr_line' id='line_1_51' title="bbox 259 4856 1847 4950; baseline 0.025 -45"><span class='ocrx_word' id='word_1_344' title='bbox 259 4856 382 4908; x_wconf 79' lang='lat' dir='ltr'><strong>sine</strong></span> <span class='ocrx_word' id='word_1_345' title='bbox 435 4860 730 4933; x_wconf 89' lang='lat' dir='ltr'><strong>principio.</strong></span> <span class='ocrx_word' id='word_1_346' title='bbox 781 4865 856 4921; x_wconf 83' lang='lat' dir='ltr'><strong>Ex</strong></span> <span class='ocrx_word' id='word_1_347' title='bbox 909 4871 998 4924; x_wconf 93' lang='lat' dir='ltr'><strong>illa</strong></span> <span class='ocrx_word' id='word_1_348' title='bbox 1048 4875 1196 4939; x_wconf 71' lang='lat' dir='ltr'><strong>enim</strong></span> <span class='ocrx_word' id='word_1_349' title='bbox 1246 4882 1592 4950; x_wconf 86' lang='lat' dir='ltr'><strong>procedunt,</strong></span> <span class='ocrx_word' id='word_1_350' title='bbox 1636 4897 1690 4941; x_wconf 90' lang='lat' dir='ltr'><strong>at</strong></span> <span class='ocrx_word' id='word_1_351' title='bbox 1738 4904 1847 4943; x_wconf 92' lang='lat' dir='ltr'><strong>non</strong></span> 
     </span>
    </p>
   </div>
   <div class='ocr_carea' id='block_1_52' title="bbox 259 4951 1850 5040">
    <p class='ocr_par' dir='ltr' id='par_1_52' title="bbox 259 4951 1850 5040">
     <span class='ocr_line' id='line_1_52' title="bbox 259 4951 1850 5040; baseline 0.025 -42"><span class='ocrx_word' id='word_1_352' title='bbox 259 4959 385 5014; x_wconf 91' lang='lat' dir='ltr'><strong>post</strong></span> <span class='ocrx_word' id='word_1_353' title='bbox 442 4951 608 5007; x_wconf 89' lang='lat' dir='ltr'><strong>illam.</strong></span> <span class='ocrx_word' id='word_1_354' title='bbox 659 4956 756 5012; x_wconf 88' lang='lat' dir='ltr'><strong>Sin</strong></span> <span class='ocrx_word' id='word_1_355' title='bbox 806 4976 900 5016; x_wconf 90' lang='lat' dir='ltr'><strong>eas</strong></span> <span class='ocrx_word' id='word_1_356' title='bbox 949 4979 1074 5018; x_wconf 92' lang='lat' dir='ltr'><strong>eum</strong></span> <span class='ocrx_word' id='word_1_357' title='bbox 1125 4973 1465 5040; x_wconf 74' lang='lat' dir='ltr'><strong>ten-poribus</strong></span> <span class='ocrx_word' id='word_1_358' title='bbox 1519 4987 1575 5030; x_wconf 87' lang='lat' dir='ltr'><strong>et</strong></span> <span class='ocrx_word' id='word_1_359' title='bbox 1631 4983 1850 5037; x_wconf 56' lang='lat' dir='ltr'><strong>saculis</strong></span> 
     </span>
    </p>
   </div>
   <div class='ocr_carea' id='block_1_53' title="bbox 258 5039 1847 5137">
    <p class='ocr_par' dir='ltr' id='par_1_53' title="bbox 258 5039 1847 5137">
     <span class='ocr_line' id='line_1_53' title="bbox 258 5039 1847 5137; baseline 0.024 -49"><span class='ocrx_word' id='word_1_360' title='bbox 258 5039 468 5093; x_wconf 85' lang='lat' dir='ltr'><strong>nostris</strong></span> <span class='ocrx_word' id='word_1_361' title='bbox 493 5042 768 5111; x_wconf 81' lang='lat' dir='ltr'><strong>conferas,</strong></span> <span class='ocrx_word' id='word_1_362' title='bbox 809 5059 973 5120; x_wconf 90' lang='lat' dir='ltr'><strong>atque</strong></span> <span class='ocrx_word' id='word_1_363' title='bbox 995 5057 1134 5110; x_wconf 80' lang='lat' dir='ltr'><strong>adeo</strong></span> <span class='ocrx_word' id='word_1_364' title='bbox 1159 5039 1284 5114; x_wconf 87' lang='lat' dir='ltr'><strong>cum</strong></span> <span class='ocrx_word' id='word_1_365' title='bbox 1329 5065 1476 5117; x_wconf 91' lang='lat' dir='ltr'><strong>otnni</strong></span> <span class='ocrx_word' id='word_1_366' title='bbox 1510 5071 1847 5137; x_wconf 81' lang='lat' dir='ltr'><strong>proprietate</strong></span> 
     </span>
    </p>
   </div>
   <div class='ocr_carea' id='block_1_54' title="bbox 257 5125 1846 5231">
    <p class='ocr_par' dir='ltr' id='par_1_54' title="bbox 257 5125 1846 5231">
     <span class='ocr_line' id='line_1_54' title="bbox 257 5125 1846 5231; baseline 0.025 -52"><span class='ocrx_word' id='word_1_367' title='bbox 257 5125 643 5199; x_wconf 80' lang='lat' dir='ltr'><strong>intellectuali,</strong></span> <span class='ocrx_word' id='word_1_368' title='bbox 673 5138 792 5192; x_wconf 89' lang='lat' dir='ltr'><strong>sine</strong></span> <span class='ocrx_word' id='word_1_369' title='bbox 829 5142 1100 5213; x_wconf 90' lang='lat' dir='ltr'><strong>principio</strong></span> <span class='ocrx_word' id='word_1_370' title='bbox 1126 5158 1182 5203; x_wconf 92' lang='lat' dir='ltr'><strong>et</strong></span> <span class='ocrx_word' id='word_1_371' title='bbox 1206 5152 1447 5222; x_wconf 77' lang='lat' dir='ltr'><strong>ingenita</strong></span> <span class='ocrx_word' id='word_1_372' title='bbox 1478 5170 1626 5217; x_wconf 89' lang='lat' dir='ltr'><strong>sunt.</strong></span> <span class='ocrx_word' id='word_1_373' title='bbox 1658 5160 1846 5231; x_wconf 85' lang='lat' dir='ltr'><strong>Itaque</strong></span> 
     </span>
    </p>
   </div>
   <div class='ocr_carea' id='block_1_55' title="bbox 257 5220 1842 5324">
    <p class='ocr_par' dir='ltr' id='par_1_55' title="bbox 257 5220 1842 5324">
     <span class='ocr_line' id='line_1_55' title="bbox 257 5220 1842 5324; baseline 0.023 -53"><span class='ocrx_word' id='word_1_374' title='bbox 257 5220 428 5290; x_wconf 85' lang='lat' dir='ltr'><strong>trium</strong></span> <span class='ocrx_word' id='word_1_375' title='bbox 477 5226 670 5280; x_wconf 87' lang='lat' dir='ltr'><strong>harum</strong></span> <span class='ocrx_word' id='word_1_376' title='bbox 720 5231 1088 5301; x_wconf 82' lang='lat' dir='ltr'><strong>hypostaseon</strong></span> <span class='ocrx_word' id='word_1_377' title='bbox 1147 5220 1535 5303; x_wconf 42' lang='lat' dir='ltr'><strong>una—omnino</strong></span> <span class='ocrx_word' id='word_1_378' title='bbox 1583 5220 1842 5324; x_wconf 45' lang='grc' dir='ltr'><strong>ἄναρχᾉς,</strong></span> 
     </span>
    </p>
   </div>
   <div class='ocr_carea' id='block_1_56' title="bbox 254 5311 1847 5410">
    <p class='ocr_par' dir='ltr' id='par_1_56' title="bbox 254 5311 1847 5410">
     <span class='ocr_line' id='line_1_56' title="bbox 254 5311 1847 5410; baseline 0.026 -45"><span class='ocrx_word' id='word_1_379' title='bbox 254 5311 364 5368; x_wconf 89' lang='lat' dir='ltr'><strong>hoc</strong></span> <span class='ocrx_word' id='word_1_380' title='bbox 396 5325 481 5370; x_wconf 89' lang='lat' dir='ltr'><strong>est</strong></span> <span class='ocrx_word' id='word_1_381' title='bbox 510 5318 630 5374; x_wconf 86' lang='lat' dir='ltr'><strong>sine</strong></span> <span class='ocrx_word' id='word_1_382' title='bbox 656 5325 934 5396; x_wconf 91' lang='lat' dir='ltr'><strong>principio</strong></span> <span class='ocrx_word' id='word_1_383' title='bbox 984 5333 1206 5396; x_wconf 89' lang='lat' dir='ltr'><strong>dicitur.</strong></span> <span class='ocrx_word' id='word_1_384' title='bbox 1240 5341 1499 5397; x_wconf 88' lang='lat' dir='ltr'><strong>nimirum</strong></span> <span class='ocrx_word' id='word_1_385' title='bbox 1548 5344 1733 5410; x_wconf 84' lang='lat' dir='ltr'><strong>Pater,</strong></span> <span class='ocrx_word' id='word_1_386' title='bbox 1759 5367 1847 5407; x_wconf 84' lang='lat' dir='ltr'><strong>re.-</strong></span> 
     </span>
    </p>
   </div>
   <div class='ocr_carea' id='block_1_57' title="bbox 253 5404 1841 5506">
    <p class='ocr_par' dir='ltr' id='par_1_57' title="bbox 253 5404 1841 5506">
     <span class='ocr_line' id='line_1_57' title="bbox 253 5404 1841 5506; baseline 0.025 -51"><span class='ocrx_word' id='word_1_387' title='bbox 253 5404 531 5472; x_wconf 88' lang='lat' dir='ltr'><strong>liquarum</strong></span> <span class='ocrx_word' id='word_1_388' title='bbox 587 5411 822 5470; x_wconf 85' lang='lat' dir='ltr'><strong>duarum</strong></span> <span class='ocrx_word' id='word_1_389' title='bbox 879 5419 1051 5477; x_wconf 83' lang='lat' dir='ltr'><strong>altera</strong></span> <span class='ocrx_word' id='word_1_390' title='bbox 1106 5427 1302 5493; x_wconf 85' lang='lat' dir='ltr'><strong>Filius,</strong></span> <span class='ocrx_word' id='word_1_391' title='bbox 1352 5433 1522 5487; x_wconf 86' lang='lat' dir='ltr'><strong>altera</strong></span> <span class='ocrx_word' id='word_1_392' title='bbox 1569 5435 1841 5506; x_wconf 83' lang='lat' dir='ltr'><strong>Spiritus,</strong></span> 
     </span>
    </p>
   </div>
   <div class='ocr_carea' id='block_1_58' title="bbox 1986 589 3556 666">
    <p class='ocr_par' dir='ltr' id='par_1_58' title="bbox 1986 589 3556 666">
     <span class='ocr_line' id='line_1_58' title="bbox 1986 589 3556 666; baseline 0.013 -24"><span class='ocrx_word' id='word_1_393' title='bbox 1986 599 2045 642; x_wconf 90' lang='lat' dir='ltr'><strong>ut</strong></span> <span class='ocrx_word' id='word_1_394' title='bbox 2073 589 2218 643; x_wconf 87' lang='lat' dir='ltr'><strong>aliud</strong></span> <span class='ocrx_word' id='word_1_395' title='bbox 2256 592 2529 658; x_wconf 88' lang='lat' dir='ltr'><strong>primum.</strong></span> <span class='ocrx_word' id='word_1_396' title='bbox 2579 594 2728 648; x_wconf 83' lang='lat' dir='ltr'><strong>aliud</strong></span> <span class='ocrx_word' id='word_1_397' title='bbox 2759 601 3080 666; x_wconf 87' lang='lat' dir='ltr'><strong>secundum,</strong></span> <span class='ocrx_word' id='word_1_398' title='bbox 3130 605 3279 659; x_wconf 84' lang='lat' dir='ltr'><strong>aliud</strong></span> <span class='ocrx_word' id='word_1_399' title='bbox 3337 614 3556 664; x_wconf 89' lang='lat' dir='ltr'><strong>tertium</strong></span> 
     </span>
    </p>
   </div>
   <div class='ocr_carea' id='block_1_59' title="bbox 1982 683 3554 768">
    <p class='ocr_par' dir='ltr' id='par_1_59' title="bbox 1982 683 3554 768">
     <span class='ocr_line' id='line_1_59' title="bbox 1982 683 3554 768; baseline 0.014 -37"><span class='ocrx_word' id='word_1_400' title='bbox 1982 689 2302 736; x_wconf 75' lang='lat' dir='ltr'><strong>s‘.at&#39;uantus.</strong></span> <span class='ocrx_word' id='word_1_401' title='bbox 2359 683 2517 739; x_wconf 79' lang='lat' dir='ltr'><strong>Absit</strong></span> <span class='ocrx_word' id='word_1_402' title='bbox 2567 701 2596 738; x_wconf 85' lang='lat' dir='ltr'><strong>a</strong></span> <span class='ocrx_word' id='word_1_403' title='bbox 2645 689 2805 741; x_wconf 86' lang='lat' dir='ltr'><strong>nobis</strong></span> <span class='ocrx_word' id='word_1_404' title='bbox 2850 691 3160 760; x_wconf 70' lang='lat' dir='ltr'><strong>huiusmodi</strong></span> <span class='ocrx_word' id='word_1_405' title='bbox 3219 699 3554 768; x_wconf 82' lang='lat' dir='ltr'><strong>blasphemia</strong></span> 
     </span>
    </p>
   </div>
   <div class='ocr_carea' id='block_1_60' title="bbox 1980 771 3553 846">
    <p class='ocr_par' dir='ltr' id='par_1_60' title="bbox 1980 771 3553 846">
     <span class='ocr_line' id='line_1_60' title="bbox 1980 771 3553 846; baseline 0.016 -25"><span class='ocrx_word' id='word_1_406' title='bbox 1980 771 2217 825; x_wconf 82' lang='lat' dir='ltr'><strong>cthnica:</strong></span> <span class='ocrx_word' id='word_1_407' title='bbox 2265 774 2494 828; x_wconf 88' lang='lat' dir='ltr'><strong>deorum</strong></span> <span class='ocrx_word' id='word_1_408' title='bbox 2548 779 2935 834; x_wconf 84' lang='lat' dir='ltr'><strong>multitudinis.</strong></span> <span class='ocrx_word' id='word_1_409' title='bbox 2987 784 3234 841; x_wconf 67' lang='lat' dir='ltr'><strong>Ethnici:</strong></span> <span class='ocrx_word' id='word_1_410' title='bbox 3284 793 3430 844; x_wconf 92' lang='lat' dir='ltr'><strong>enim</strong></span> <span class='ocrx_word' id='word_1_411' title='bbox 3479 794 3553 846; x_wconf 78' lang='lat' dir='ltr'><strong>dii</strong></span> 
     </span>
    </p>
   </div>
   <div class='ocr_carea' id='block_1_61' title="bbox 1981 861 3554 943">
    <p class='ocr_par' dir='ltr' id='par_1_61' title="bbox 1981 861 3554 943">
     <span class='ocr_line' id='line_1_61' title="bbox 1981 861 3554 943; baseline 0.016 -31"><span class='ocrx_word' id='word_1_412' title='bbox 1981 871 2108 914; x_wconf 85' lang='lat' dir='ltr'><strong>sunt</strong></span> <span class='ocrx_word' id='word_1_413' title='bbox 2133 861 2344 916; x_wconf 62' lang='lat' dir='ltr'><strong>Caium</strong></span> <span class='ocrx_word' id='word_1_414' title='bbox 2383 875 2439 918; x_wconf 94' lang='lat' dir='ltr'><strong>et</strong></span> <span class='ocrx_word' id='word_1_415' title='bbox 2485 866 2774 929; x_wconf 78' lang='lat' dir='ltr'><strong>Saturnus.</strong></span> <span class='ocrx_word' id='word_1_416' title='bbox 2808 887 2836 923; x_wconf 89' lang='lat' dir='ltr'><strong>a</strong></span> <span class='ocrx_word' id='word_1_417' title='bbox 2869 872 3070 940; x_wconf 82' lang='lat' dir='ltr'><strong>quibus</strong></span> <span class='ocrx_word' id='word_1_418' title='bbox 3100 887 3301 943; x_wconf 88' lang='lat' dir='ltr'><strong>patres.</strong></span> <span class='ocrx_word' id='word_1_419' title='bbox 3341 882 3456 942; x_wconf 85' lang='lat' dir='ltr'><strong>lilii,</strong></span> <span class='ocrx_word' id='word_1_420' title='bbox 3501 895 3554 936; x_wconf 87' lang='lat' dir='ltr'><strong>et</strong></span> 
     </span>
    </p>
   </div>
   <div class='ocr_carea' id='block_1_62' title="bbox 1982 953 3552 1039">
    <p class='ocr_par' dir='ltr' id='par_1_62' title="bbox 1982 953 3552 1039">
     <span class='ocr_line' id='line_1_62' title="bbox 1982 953 3552 1039; baseline 0.016 -35"><span class='ocrx_word' id='word_1_421' title='bbox 1982 963 2230 1021; x_wconf 82' lang='lat' dir='ltr'><strong>nepotes.</strong></span> <span class='ocrx_word' id='word_1_422' title='bbox 2274 953 2450 1008; x_wconf 72' lang='lat' dir='ltr'><strong>L‘num</strong></span> <span class='ocrx_word' id='word_1_423' title='bbox 2476 963 2622 1012; x_wconf 88' lang='lat' dir='ltr'><strong>enim</strong></span> <span class='ocrx_word' id='word_1_424' title='bbox 2650 963 2795 1029; x_wconf 88' lang='lat' dir='ltr'><strong>apud</strong></span> <span class='ocrx_word' id='word_1_425' title='bbox 2827 979 2927 1019; x_wconf 90' lang='lat' dir='ltr'><strong>nos</strong></span> <span class='ocrx_word' id='word_1_426' title='bbox 2971 967 3258 1021; x_wconf 82' lang='lat' dir='ltr'><strong>ambarum</strong></span> <span class='ocrx_word' id='word_1_427' title='bbox 3303 989 3552 1039; x_wconf 75' lang='lat' dir='ltr'><strong>persona-</strong></span> 
     </span>
    </p>
   </div>
   <div class='ocr_carea' id='block_1_63' title="bbox 1985 1046 3554 1124">
    <p class='ocr_par' dir='ltr' id='par_1_63' title="bbox 1985 1046 3554 1124">
     <span class='ocr_line' id='line_1_63' title="bbox 1985 1046 3554 1124; baseline 0.015 -28"><span class='ocrx_word' id='word_1_428' title='bbox 1985 1061 2106 1097; x_wconf 92' lang='lat' dir='ltr'><strong>rum</strong></span> <span class='ocrx_word' id='word_1_429' title='bbox 2139 1046 2416 1099; x_wconf 89' lang='lat' dir='ltr'><strong>vinculum</strong></span> <span class='ocrx_word' id='word_1_430' title='bbox 2449 1059 2552 1111; x_wconf 91' lang='lat' dir='ltr'><strong>est,</strong></span> <span class='ocrx_word' id='word_1_431' title='bbox 2583 1049 2739 1105; x_wconf 87' lang='lat' dir='ltr'><strong>Pater</strong></span> <span class='ocrx_word' id='word_1_432' title='bbox 2770 1071 2780 1104; x_wconf 92' lang='lat'><strong>:</strong></span> <span class='ocrx_word' id='word_1_433' title='bbox 2817 1057 2882 1107; x_wconf 87' lang='lat' dir='ltr'><strong>ad</strong></span> <span class='ocrx_word' id='word_1_434' title='bbox 2919 1073 3078 1124; x_wconf 85' lang='lat' dir='ltr'><strong>quem</strong></span> <span class='ocrx_word' id='word_1_435' title='bbox 3123 1061 3464 1116; x_wconf 88' lang='lat' dir='ltr'><strong>reducuntur</strong></span> <span class='ocrx_word' id='word_1_436' title='bbox 3492 1082 3554 1119; x_wconf 86' lang='lat' dir='ltr'><strong>ea</strong></span> 
     </span>
    </p>
   </div>
   <div class='ocr_carea' id='block_1_64' title="bbox 1983 1137 3554 1214">
    <p class='ocr_par' dir='ltr' id='par_1_64' title="bbox 1983 1137 3554 1214">
     <span class='ocr_line' id='line_1_64' title="bbox 1983 1137 3554 1214; baseline 0.015 -26"><span class='ocrx_word' id='word_1_437' title='bbox 1983 1152 2102 1204; x_wconf 69' lang='lat' dir='ltr'><strong>qua:</strong></span> <span class='ocrx_word' id='word_1_438' title='bbox 2150 1137 2218 1190; x_wconf 88' lang='lat' dir='ltr'><strong>ab</strong></span> <span class='ocrx_word' id='word_1_439' title='bbox 2263 1139 2356 1192; x_wconf 88' lang='lat' dir='ltr'><strong>illo</strong></span> <span class='ocrx_word' id='word_1_440' title='bbox 2407 1142 2729 1210; x_wconf 85' lang='lat' dir='ltr'><strong>procedunt.</strong></span> <span class='ocrx_word' id='word_1_441' title='bbox 2785 1145 2850 1199; x_wconf 83' lang='lat' dir='ltr'><strong>Et</strong></span> <span class='ocrx_word' id='word_1_442' title='bbox 2901 1164 3001 1203; x_wconf 91' lang='lat' dir='ltr'><strong>nos</strong></span> <span class='ocrx_word' id='word_1_443' title='bbox 3053 1153 3125 1205; x_wconf 89' lang='lat' dir='ltr'><strong>ita</strong></span> <span class='ocrx_word' id='word_1_444' title='bbox 3177 1157 3456 1214; x_wconf 89' lang='lat' dir='ltr'><strong>credimus</strong></span> <span class='ocrx_word' id='word_1_445' title='bbox 3503 1173 3554 1213; x_wconf 78' lang='lat' dir='ltr'><strong>et</strong></span> 
     </span>
    </p>
   </div>
   <div class='ocr_carea' id='block_1_65' title="bbox 1981 1241 2267 1284">
    <p class='ocr_par' dir='ltr' id='par_1_65' title="bbox 1981 1241 2267 1284">
     <span class='ocr_line' id='line_1_65' title="bbox 1981 1241 2267 1284; baseline 0.01 -3"><span class='ocrx_word' id='word_1_446' title='bbox 1981 1241 2267 1284; x_wconf 75' lang='lat' dir='ltr'><strong>sentimus.</strong></span> 
     </span>
    </p>
   </div>
   <div class='ocr_carea' id='block_1_66' title="bbox 2601 1346 2936 1406">
    <p class='ocr_par' dir='ltr' id='par_1_66' title="bbox 2601 1346 2936 1406">
     <span class='ocr_line' id='line_1_66' title="bbox 2601 1346 2936 1406; baseline 0.015 -5"><span class='ocrx_word' id='word_1_447' title='bbox 2601 1346 2755 1403; x_wconf 79' lang='lat' dir='ltr'><strong>CAP.</strong></span> <span class='ocrx_word' id='word_1_448' title='bbox 2799 1349 2936 1406; x_wconf 79' lang='lat' dir='ltr'><strong>LIV.</strong></span> 
     </span>
    </p>
   </div>
   <div class='ocr_carea' id='block_1_67' title="bbox 1981 1456 3555 1534">
    <p class='ocr_par' dir='ltr' id='par_1_67' title="bbox 1981 1456 3555 1534">
     <span class='ocr_line' id='line_1_67' title="bbox 1981 1456 3555 1534; baseline 0.017 -26"><span class='ocrx_word' id='word_1_449' title='bbox 1981 1456 2304 1511; x_wconf 80' lang='lat' dir='ltr'><strong>Sanrtorum</strong></span> <span class='ocrx_word' id='word_1_450' title='bbox 2358 1457 2577 1512; x_wconf 80' lang='lat' dir='ltr'><strong>Patrum</strong></span> <span class='ocrx_word' id='word_1_451' title='bbox 2631 1469 2948 1520; x_wconf 78' lang='lat' dir='ltr'><strong>assertioucs</strong></span> <span class='ocrx_word' id='word_1_452' title='bbox 2996 1474 3246 1525; x_wconf 68' lang='lat' dir='ltr'><strong>adversus</strong></span> <span class='ocrx_word' id='word_1_453' title='bbox 3310 1477 3555 1534; x_wconf 69' lang='lat' dir='ltr'><strong>lfunomi:</strong></span> 
     </span>
    </p>
   </div>
   <div class='ocr_carea' id='block_1_68' title="bbox 2049 1529 3555 1616">
    <p class='ocr_par' dir='ltr' id='par_1_68' title="bbox 2049 1529 3555 1616">
     <span class='ocr_line' id='line_1_68' title="bbox 2049 1529 3555 1616; baseline 0.018 -38"><span class='ocrx_word' id='word_1_454' title='bbox 2049 1529 2292 1590; x_wconf 72' lang='lat' dir='ltr'><strong>ha&#39;resin,</strong></span> <span class='ocrx_word' id='word_1_455' title='bbox 2345 1546 2449 1596; x_wconf 85' lang='lat' dir='ltr'><strong>qua</strong></span> <span class='ocrx_word' id='word_1_456' title='bbox 2505 1530 2670 1583; x_wconf 73' lang='lat' dir='ltr'><strong>Deum</strong></span> <span class='ocrx_word' id='word_1_457' title='bbox 2726 1534 2941 1591; x_wconf 79' lang='lat' dir='ltr'><strong>Patrem</strong></span> <span class='ocrx_word' id='word_1_458' title='bbox 2996 1559 3098 1594; x_wconf 84' lang='lat' dir='ltr'><strong>nou</strong></span> <span class='ocrx_word' id='word_1_459' title='bbox 3147 1561 3352 1613; x_wconf 77' lang='lat' dir='ltr'><strong>semper</strong></span> <span class='ocrx_word' id='word_1_460' title='bbox 3396 1551 3555 1616; x_wconf 68' lang='lat' dir='ltr'><strong>fuisse</strong></span> 
     </span>
     <span class='ocr_line' id='line_1_69' title="bbox 2053 1597 2380 1616; baseline 0 0"><span class='ocrx_word' id='word_1_461' title='bbox 2053 1597 2262 1616; x_wconf 47' lang='grc' dir='ltr'><strong>..ιηημ</strong></span> <span class='ocrx_word' id='word_1_462' title='bbox 2364 1608 2380 1616; x_wconf 78' lang='grc'><strong>-</strong></span> 
     </span>
    </p>
   </div>
   <div class='ocr_carea' id='block_1_69' title="bbox 2047 1597 2400 1664">
    <p class='ocr_par' dir='ltr' id='par_1_69' title="bbox 2047 1597 2400 1664">
     <span class='ocr_line' id='line_1_70' title="bbox 2047 1597 2400 1664; baseline 0.006 -16"><span class='ocrx_word' id='word_1_463' title='bbox 2047 1597 2400 1664; x_wconf 75' lang='lat' dir='ltr'><strong>blasphemat.</strong></span> 
     </span>
    </p>
   </div>
   <div class='ocr_carea' id='block_1_70' title="bbox 2058 1710 3552 1793">
    <p class='ocr_par' dir='ltr' id='par_1_70' title="bbox 2058 1710 3552 1793">
     <span class='ocr_line' id='line_1_71' title="bbox 2058 1710 3552 1793; baseline 0.02 -32"><span class='ocrx_word' id='word_1_464' title='bbox 2058 1710 2378 1766; x_wconf 82' lang='lat' dir='ltr'><strong>Eunotuiani</strong></span> <span class='ocrx_word' id='word_1_465' title='bbox 2421 1730 2588 1782; x_wconf 92' lang='lat' dir='ltr'><strong>porro</strong></span> <span class='ocrx_word' id='word_1_466' title='bbox 2627 1718 2844 1772; x_wconf 56' lang='lat' dir='ltr'><strong>caeteris</strong></span> <span class='ocrx_word' id='word_1_467' title='bbox 2888 1721 3243 1790; x_wconf 73' lang='lat' dir='ltr'><strong>blasphemus</strong></span> <span class='ocrx_word' id='word_1_468' title='bbox 3271 1736 3385 1787; x_wconf 89' lang='lat' dir='ltr'><strong>suis</strong></span> <span class='ocrx_word' id='word_1_469' title='bbox 3415 1736 3552 1793; x_wconf 79' lang='lat' dir='ltr'><strong>hanc</strong></span> 
     </span>
    </p>
   </div>
   <div class='ocr_carea' id='block_1_71' title="bbox 1978 1807 3551 1898">
    <p class='ocr_par' dir='ltr' id='par_1_71' title="bbox 1978 1807 3551 1898">
     <span class='ocr_line' id='line_1_72' title="bbox 1978 1807 3551 1898; baseline 0.021 -46"><span class='ocrx_word' id='word_1_470' title='bbox 1978 1817 2197 1871; x_wconf 87' lang='lat' dir='ltr'><strong>quoque</strong></span> <span class='ocrx_word' id='word_1_471' title='bbox 2248 1807 2540 1870; x_wconf 88' lang='lat' dir='ltr'><strong>addebant.</strong></span> <span class='ocrx_word' id='word_1_472' title='bbox 2586 1810 2756 1864; x_wconf 86' lang='lat' dir='ltr'><strong>Deum</strong></span> <span class='ocrx_word' id='word_1_473' title='bbox 2808 1821 2861 1864; x_wconf 84' lang='lat' dir='ltr'><strong>et</strong></span> <span class='ocrx_word' id='word_1_474' title='bbox 2909 1813 3122 1871; x_wconf 81' lang='lat' dir='ltr'><strong>Patrem</strong></span> <span class='ocrx_word' id='word_1_475' title='bbox 3174 1838 3280 1877; x_wconf 91' lang='lat' dir='ltr'><strong>non</strong></span> <span class='ocrx_word' id='word_1_476' title='bbox 3342 1843 3551 1898; x_wconf 54' lang='lat' dir='ltr'><strong>sempr:</strong></span> 
     </span>
    </p>
   </div>
   <div class='ocr_carea' id='block_1_72' title="bbox 1978 1892 3552 1990">
    <p class='ocr_par' dir='ltr' id='par_1_72' title="bbox 1978 1892 3552 1990">
     <span class='ocr_line' id='line_1_73' title="bbox 1978 1892 3552 1990; baseline 0.018 -45"><span class='ocrx_word' id='word_1_477' title='bbox 1978 1892 2166 1958; x_wconf 83' lang='lat' dir='ltr'><strong>fuisse,</strong></span> <span class='ocrx_word' id='word_1_478' title='bbox 2214 1897 2308 1950; x_wconf 86' lang='lat' dir='ltr'><strong>sed</strong></span> <span class='ocrx_word' id='word_1_479' title='bbox 2346 1900 2601 1954; x_wconf 75' lang='lat' dir='ltr'><strong>essentia:</strong></span> <span class='ocrx_word' id='word_1_480' title='bbox 2628 1903 2956 1972; x_wconf 90' lang='lat' dir='ltr'><strong>principium</strong></span> <span class='ocrx_word' id='word_1_481' title='bbox 3005 1908 3301 1968; x_wconf 74' lang='lat' dir='ltr'><strong>habuisse:</strong></span> <span class='ocrx_word' id='word_1_482' title='bbox 3342 1927 3552 1990; x_wconf 83' lang='lat' dir='ltr'><strong>tempo-</strong></span> 
     </span>
    </p>
   </div>
   <div class='ocr_carea' id='block_1_73' title="bbox 1977 1984 3551 2074">
    <p class='ocr_par' dir='ltr' id='par_1_73' title="bbox 1977 1984 3551 2074">
     <span class='ocr_line' id='line_1_74' title="bbox 1977 1984 3551 2074; baseline 0.022 -39"><span class='ocrx_word' id='word_1_483' title='bbox 1977 1984 2143 2039; x_wconf 85' lang='lat' dir='ltr'><strong>ralem</strong></span> <span class='ocrx_word' id='word_1_484' title='bbox 2194 1987 2321 2040; x_wconf 87' lang='lat' dir='ltr'><strong>inde</strong></span> <span class='ocrx_word' id='word_1_485' title='bbox 2371 1988 2490 2042; x_wconf 81' lang='lat' dir='ltr'><strong>Filii</strong></span> <span class='ocrx_word' id='word_1_486' title='bbox 2537 1996 2947 2058; x_wconf 77' lang='lat' dir='ltr'><strong>generationem</strong></span> <span class='ocrx_word' id='word_1_487' title='bbox 3000 1999 3430 2074; x_wconf 89' lang='lat' dir='ltr'><strong>introducentes,</strong></span> <span class='ocrx_word' id='word_1_488' title='bbox 3476 2027 3551 2068; x_wconf 85' lang='lat' dir='ltr'><strong>ta-</strong></span> 
     </span>
    </p>
   </div>
   <div class='ocr_carea' id='block_1_74' title="bbox 1973 2076 3550 2160">
    <p class='ocr_par' dir='ltr' id='par_1_74' title="bbox 1973 2076 3550 2160">
     <span class='ocr_line' id='line_1_75' title="bbox 1973 2076 3550 2160; baseline 0.014 -32"><span class='ocrx_word' id='word_1_489' title='bbox 1973 2076 2190 2146; x_wconf 89' lang='lat' dir='ltr'><strong>lemque</strong></span> <span class='ocrx_word' id='word_1_490' title='bbox 2238 2080 2376 2133; x_wconf 87' lang='lat' dir='ltr'><strong>adeo</strong></span> <span class='ocrx_word' id='word_1_491' title='bbox 2404 2121 2416 2140; x_wconf 86' lang='lat'><em>.</em></span> <span class='ocrx_word' id='word_1_492' title='bbox 2461 2085 2678 2149; x_wconf 82' lang='lat' dir='ltr'><strong>qualem</strong></span> <span class='ocrx_word' id='word_1_493' title='bbox 2738 2087 2792 2139; x_wconf 91' lang='lat' dir='ltr'><strong>in</strong></span> <span class='ocrx_word' id='word_1_494' title='bbox 2845 2094 3111 2147; x_wconf 88' lang='lat' dir='ltr'><strong>creaturis</strong></span> <span class='ocrx_word' id='word_1_495' title='bbox 3156 2102 3550 2160; x_wconf 65' lang='lat' dir='ltr'><strong>animadv&#39;erlg-</strong></span> 
     </span>
    </p>
   </div>
   <div class='ocr_carea' id='block_1_75' title="bbox 1973 2185 2113 2222">
    <p class='ocr_par' dir='ltr' id='par_1_75' title="bbox 1973 2185 2113 2222">
     <span class='ocr_line' id='line_1_76' title="bbox 1973 2185 2113 2222; baseline 0.007 -1"><span class='ocrx_word' id='word_1_496' title='bbox 1973 2185 2113 2222; x_wconf 80' lang='lat' dir='ltr'><strong>IIIUS.</strong></span> 
     </span>
    </p>
   </div>
   <div class='ocr_carea' id='block_1_76' title="bbox 2045 2260 3548 2346">
    <p class='ocr_par' dir='ltr' id='par_1_76' title="bbox 2045 2260 3548 2346">
     <span class='ocr_line' id='line_1_77' title="bbox 2045 2260 3548 2346; baseline 0.023 -33"><span class='ocrx_word' id='word_1_497' title='bbox 2045 2260 2137 2314; x_wconf 81' lang='lat' dir='ltr'><strong>Eis</strong></span> <span class='ocrx_word' id='word_1_498' title='bbox 2171 2277 2337 2330; x_wconf 91' lang='lat' dir='ltr'><strong>porro</strong></span> <span class='ocrx_word' id='word_1_499' title='bbox 2365 2264 2512 2323; x_wconf 88' lang='lat' dir='ltr'><strong>hunc</strong></span> <span class='ocrx_word' id='word_1_500' title='bbox 2541 2269 2591 2322; x_wconf 93' lang='lat' dir='ltr'><strong>in</strong></span> <span class='ocrx_word' id='word_1_501' title='bbox 2634 2273 2856 2331; x_wconf 90' lang='lat' dir='ltr'><strong>modum</strong></span> <span class='ocrx_word' id='word_1_502' title='bbox 2892 2281 3080 2338; x_wconf 88' lang='lat' dir='ltr'><strong>Patres</strong></span> <span class='ocrx_word' id='word_1_503' title='bbox 3107 2284 3207 2341; x_wconf 88' lang='lat' dir='ltr'><strong>hac</strong></span> <span class='ocrx_word' id='word_1_504' title='bbox 3249 2288 3319 2342; x_wconf 89' lang='lat' dir='ltr'><strong>in-</strong></span> <span class='ocrx_word' id='word_1_505' title='bbox 3354 2307 3412 2346; x_wconf 90' lang='lat' dir='ltr'><strong>re</strong></span> <span class='ocrx_word' id='word_1_506' title='bbox 3456 2295 3548 2346; x_wconf 82' lang='lat' dir='ltr'><strong>ad-</strong></span> 
     </span>
    </p>
   </div>
   <div class='ocr_carea' id='block_1_77' title="bbox 1973 2367 2282 2410">
    <p class='ocr_par' dir='ltr' id='par_1_77' title="bbox 1973 2367 2282 2410">
     <span class='ocr_line' id='line_1_78' title="bbox 1973 2367 2282 2410; baseline 0.019 -7"><span class='ocrx_word' id='word_1_507' title='bbox 1973 2367 2282 2410; x_wconf 82' lang='lat' dir='ltr'><strong>versantur.</strong></span> 
     </span>
    </p>
   </div>
   <div class='ocr_carea' id='block_1_78' title="bbox 2007 2463 3515 2568">
    <p class='ocr_par' dir='ltr' id='par_1_78' title="bbox 2007 2463 3515 2568">
     <span class='ocr_line' id='line_1_79' title="bbox 2007 2463 3515 2568; baseline 0.023 -48"><span class='ocrx_word' id='word_1_508' title='bbox 2007 2463 2067 2522; x_wconf 91' lang='lat' dir='ltr'><strong>S.</strong></span> <span class='ocrx_word' id='word_1_509' title='bbox 2093 2465 2281 2524; x_wconf 77' lang='lat' dir='ltr'><strong>Basilii</strong></span> <span class='ocrx_word' id='word_1_510' title='bbox 2311 2473 2560 2531; x_wconf 75' lang='lat' dir='ltr'><strong>adversus</strong></span> <span class='ocrx_word' id='word_1_511' title='bbox 2587 2480 2875 2564; x_wconf 77' lang='lat' dir='ltr'><strong>hoc:me</strong></span> <span class='ocrx_word' id='word_1_512' title='bbox 2942 2489 3155 2548; x_wconf 86' lang='lat' dir='ltr'><strong>Patrem</strong></span> <span class='ocrx_word' id='word_1_513' title='bbox 3185 2515 3288 2551; x_wconf 84' lang='lat' dir='ltr'><strong>non</strong></span> <span class='ocrx_word' id='word_1_514' title='bbox 3313 2518 3515 2568; x_wconf 70' lang='lat' dir='ltr'><strong>sempr:-</strong></span> 
     </span>
    </p>
   </div>
   <div class='ocr_carea' id='block_1_79' title="bbox 2678 2562 2860 2620">
    <p class='ocr_par' dir='ltr' id='par_1_79' title="bbox 2678 2562 2860 2620">
     <span class='ocr_line' id='line_1_80' title="bbox 2678 2562 2860 2620; baseline 0.027 -14"><span class='ocrx_word' id='word_1_515' title='bbox 2678 2562 2860 2620; x_wconf 65' lang='lat' dir='ltr'><strong>fuisse.</strong></span> 
     </span>
    </p>
   </div>
   <div class='ocr_carea' id='block_1_80' title="bbox 2043 2652 3546 2741">
    <p class='ocr_par' dir='ltr' id='par_1_80' title="bbox 2043 2652 3546 2741">
     <span class='ocr_line' id='line_1_81' title="bbox 2043 2652 3546 2741; baseline 0.027 -40"><span class='ocrx_word' id='word_1_516' title='bbox 2043 2652 2089 2701; x_wconf 89' lang='lat' dir='ltr'><strong>I.</strong></span> <span class='ocrx_word' id='word_1_517' title='bbox 2137 2653 2190 2703; x_wconf 82' lang='lat' dir='ltr'><strong>Si</strong></span> <span class='ocrx_word' id='word_1_518' title='bbox 2227 2655 2318 2709; x_wconf 79' lang='lat' dir='ltr'><strong>Dei</strong></span> <span class='ocrx_word' id='word_1_519' title='bbox 2359 2659 2687 2716; x_wconf 80' lang='lat' dir='ltr'><strong>beatitudini</strong></span> <span class='ocrx_word' id='word_1_520' title='bbox 2720 2669 3006 2734; x_wconf 88' lang='lat' dir='ltr'><strong>pulchrum</strong></span> <span class='ocrx_word' id='word_1_521' title='bbox 3041 2679 3142 2733; x_wconf 91' lang='lat' dir='ltr'><strong>hoc</strong></span> <span class='ocrx_word' id='word_1_522' title='bbox 3187 2691 3242 2734; x_wconf 85' lang='lat' dir='ltr'><strong>et</strong></span> <span class='ocrx_word' id='word_1_523' title='bbox 3289 2684 3546 2741; x_wconf 88' lang='lat' dir='ltr'><strong>decorum</strong></span> 
     </span>
    </p>
   </div>
   <div class='ocr_carea' id='block_1_81' title="bbox 1969 2748 3548 2835">
    <p class='ocr_par' dir='ltr' id='par_1_81' title="bbox 1969 2748 3548 2835">
     <span class='ocr_line' id='line_1_82' title="bbox 1969 2748 3548 2835; baseline 0.027 -42"><span class='ocrx_word' id='word_1_524' title='bbox 1969 2754 2069 2800; x_wconf 71' lang='lat' dir='ltr'><strong>est.</strong></span> <span class='ocrx_word' id='word_1_525' title='bbox 2105 2758 2161 2797; x_wconf 90' lang='lat' dir='ltr'><strong>ut</strong></span> <span class='ocrx_word' id='word_1_526' title='bbox 2193 2748 2261 2798; x_wconf 72' lang='lat' dir='ltr'><strong>sit</strong></span> <span class='ocrx_word' id='word_1_527' title='bbox 2294 2749 2473 2812; x_wconf 86' lang='lat' dir='ltr'><strong>Pater,</strong></span> <span class='ocrx_word' id='word_1_528' title='bbox 2507 2755 2636 2822; x_wconf 90' lang='lat' dir='ltr'><strong>quid</strong></span> <span class='ocrx_word' id='word_1_529' title='bbox 2687 2759 2903 2815; x_wconf 90' lang='lat' dir='ltr'><strong>obstitit</strong></span> <span class='ocrx_word' id='word_1_530' title='bbox 2938 2771 3234 2833; x_wconf 85' lang='lat' dir='ltr'><strong>quominus</strong></span> <span class='ocrx_word' id='word_1_531' title='bbox 3285 2776 3352 2830; x_wconf 92' lang='lat' dir='ltr'><strong>ab</strong></span> <span class='ocrx_word' id='word_1_532' title='bbox 3394 2780 3548 2835; x_wconf 88' lang='lat' dir='ltr'><strong>initio</strong></span> 
     </span>
    </p>
   </div>
   <div class='ocr_carea' id='block_1_82' title="bbox 1970 2835 3545 2937">
    <p class='ocr_par' dir='ltr' id='par_1_82' title="bbox 1970 2835 3545 2937">
     <span class='ocr_line' id='line_1_83' title="bbox 1970 2835 3545 2937; baseline 0.025 -53"><span class='ocrx_word' id='word_1_533' title='bbox 1970 2835 2232 2889; x_wconf 67' lang='lat' dir='ltr'><strong>decorum</strong></span> <span class='ocrx_word' id='word_1_534' title='bbox 2277 2840 2326 2892; x_wconf 89' lang='lat' dir='ltr'><strong>ei</strong></span> <span class='ocrx_word' id='word_1_535' title='bbox 2368 2843 2651 2899; x_wconf 81' lang='lat' dir='ltr'><strong>adfuerit?</strong></span> <span class='ocrx_word' id='word_1_536' title='bbox 2687 2848 2818 2904; x_wconf 76' lang='lat' dir='ltr'><strong>Nam</strong></span> <span class='ocrx_word' id='word_1_537' title='bbox 2858 2857 2940 2909; x_wconf 91' lang='lat' dir='ltr'><strong>vel</strong></span> <span class='ocrx_word' id='word_1_538' title='bbox 2975 2859 3040 2911; x_wconf 83' lang='lat' dir='ltr'><strong>ad</strong></span> <span class='ocrx_word' id='word_1_539' title='bbox 3074 2863 3213 2930; x_wconf 85' lang='lat' dir='ltr'><strong>ejus,</strong></span> <span class='ocrx_word' id='word_1_540' title='bbox 3240 2874 3382 2932; x_wconf 91' lang='lat' dir='ltr'><strong>quod</strong></span> <span class='ocrx_word' id='word_1_541' title='bbox 3414 2887 3545 2937; x_wconf 68' lang='lat' dir='ltr'><strong>prte-</strong></span> 
     </span>
    </p>
   </div>
   <div class='ocr_carea' id='block_1_83' title="bbox 1972 2927 3549 3019">
    <p class='ocr_par' dir='ltr' id='par_1_83' title="bbox 1972 2927 3549 3019">
     <span class='ocr_line' id='line_1_84' title="bbox 1972 2927 3549 3019; baseline 0.025 -44"><span class='ocrx_word' id='word_1_542' title='bbox 1972 2927 2208 2979; x_wconf 84' lang='lat' dir='ltr'><strong>stantius</strong></span> <span class='ocrx_word' id='word_1_543' title='bbox 2245 2940 2347 2993; x_wconf 84' lang='lat' dir='ltr'><strong>est,</strong></span> <span class='ocrx_word' id='word_1_544' title='bbox 2379 2933 2768 3004; x_wconf 73' lang='lat' dir='ltr'><strong>ignorantiam,</strong></span> <span class='ocrx_word' id='word_1_545' title='bbox 2796 2945 2881 2997; x_wconf 89' lang='lat' dir='ltr'><strong>vel</strong></span> <span class='ocrx_word' id='word_1_546' title='bbox 2935 2949 3000 3000; x_wconf 91' lang='lat' dir='ltr'><strong>ad</strong></span> <span class='ocrx_word' id='word_1_547' title='bbox 3035 2951 3410 3019; x_wconf 76' lang='lat' dir='ltr'><strong>impotentiam</strong></span> <span class='ocrx_word' id='word_1_548' title='bbox 3453 2962 3549 3013; x_wconf 80' lang='lat' dir='ltr'><strong>dc-</strong></span> 
     </span>
    </p>
   </div>
   <div class='ocr_carea' id='block_1_84' title="bbox 1973 3021 3548 3119">
    <p class='ocr_par' dir='ltr' id='par_1_84' title="bbox 1973 3021 3548 3119">
     <span class='ocr_line' id='line_1_85' title="bbox 1973 3021 3548 3119; baseline 0.029 -53"><span class='ocrx_word' id='word_1_549' title='bbox 1973 3021 2174 3071; x_wconf 86' lang='lat' dir='ltr'><strong>iectum</strong></span> <span class='ocrx_word' id='word_1_550' title='bbox 2223 3023 2463 3078; x_wconf 83' lang='lat' dir='ltr'><strong>referunt</strong></span> <span class='ocrx_word' id='word_1_551' title='bbox 2502 3047 2514 3084; x_wconf 91' lang='lat'>:</span> <span class='ocrx_word' id='word_1_552' title='bbox 2548 3031 2911 3099; x_wconf 74' lang='lat' dir='ltr'><strong>ignorantiam</strong></span> <span class='ocrx_word' id='word_1_553' title='bbox 2960 3045 3213 3110; x_wconf 86' lang='lat' dir='ltr'><strong>quidem,</strong></span> <span class='ocrx_word' id='word_1_554' title='bbox 3270 3051 3312 3102; x_wconf 89' lang='lat' dir='ltr'><strong>si</strong></span> <span class='ocrx_word' id='word_1_555' title='bbox 3362 3065 3548 3119; x_wconf 78' lang='lat' dir='ltr'><strong>postea</strong></span> 
     </span>
    </p>
   </div>
   <div class='ocr_carea' id='block_1_85' title="bbox 1971 3110 3549 3210">
    <p class='ocr_par' dir='ltr' id='par_1_85' title="bbox 1971 3110 3549 3210">
     <span class='ocr_line' id='line_1_86' title="bbox 1971 3110 3549 3210; baseline 0.025 -53"><span class='ocrx_word' id='word_1_556' title='bbox 1971 3110 2114 3173; x_wconf 90' lang='lat' dir='ltr'><strong>quod</strong></span> <span class='ocrx_word' id='word_1_557' title='bbox 2165 3113 2360 3167; x_wconf 64' lang='lat' dir='ltr'><strong>melius</strong></span> <span class='ocrx_word' id='word_1_558' title='bbox 2394 3129 2480 3171; x_wconf 90' lang='lat' dir='ltr'><strong>est</strong></span> <span class='ocrx_word' id='word_1_559' title='bbox 2522 3121 2890 3194; x_wconf 88' lang='lat' dir='ltr'><strong>adinvcnerit;</strong></span> <span class='ocrx_word' id='word_1_560' title='bbox 2944 3133 3320 3202; x_wconf 84' lang='lat' dir='ltr'><strong>impotentiam</strong></span> <span class='ocrx_word' id='word_1_561' title='bbox 3377 3159 3506 3196; x_wconf 87' lang='lat' dir='ltr'><strong>vero</strong></span> <span class='ocrx_word' id='word_1_562' title='bbox 3534 3187 3549 3210; x_wconf 86' lang='lat'><strong>,</strong></span> 
     </span>
    </p>
   </div>
   <div class='ocr_carea' id='block_1_86' title="bbox 1965 3200 3547 3298">
    <p class='ocr_par' dir='ltr' id='par_1_86' title="bbox 1965 3200 3547 3298">
     <span class='ocr_line' id='line_1_87' title="bbox 1965 3200 3547 3298; baseline 0.023 -46"><span class='ocrx_word' id='word_1_563' title='bbox 1965 3200 2008 3252; x_wconf 86' lang='lat' dir='ltr'><strong>si</strong></span> <span class='ocrx_word' id='word_1_564' title='bbox 2041 3216 2166 3256; x_wconf 92' lang='lat' dir='ltr'><strong>cum</strong></span> <span class='ocrx_word' id='word_1_565' title='bbox 2213 3207 2400 3271; x_wconf 84' lang='lat' dir='ltr'><strong>sciret,</strong></span> <span class='ocrx_word' id='word_1_566' title='bbox 2442 3212 2586 3265; x_wconf 91' lang='lat' dir='ltr'><strong>ultro</strong></span> <span class='ocrx_word' id='word_1_567' title='bbox 2639 3224 2819 3271; x_wconf 87' lang='lat' dir='ltr'><strong>tamen</strong></span> <span class='ocrx_word' id='word_1_568' title='bbox 2857 3221 2925 3274; x_wconf 88' lang='lat' dir='ltr'><strong>ab</strong></span> <span class='ocrx_word' id='word_1_569' title='bbox 2961 3200 3197 3293; x_wconf 16' lang='lat' dir='ltr'><strong>eoiquod</strong></span> <span class='ocrx_word' id='word_1_570' title='bbox 3241 3233 3547 3298; x_wconf 78' lang='lat' dir='ltr'><strong>pulcherri-</strong></span> 
     </span>
    </p>
   </div>
   <div class='ocr_carea' id='block_1_87' title="bbox 1965 3298 3552 3386">
    <p class='ocr_par' dir='ltr' id='par_1_87' title="bbox 1965 3298 3552 3386">
     <span class='ocr_line' id='line_1_88' title="bbox 1965 3298 3552 3386; baseline 0.026 -44"><span class='ocrx_word' id='word_1_571' title='bbox 1965 3307 2113 3346; x_wconf 92' lang='lat' dir='ltr'><strong>mum</strong></span> <span class='ocrx_word' id='word_1_572' title='bbox 2169 3307 2251 3350; x_wconf 76' lang='lat' dir='ltr'><strong>est</strong></span> <span class='ocrx_word' id='word_1_573' title='bbox 2305 3298 2596 3357; x_wconf 78' lang='lat' dir='ltr'><strong>exciderit.</strong></span> <span class='ocrx_word' id='word_1_574' title='bbox 2636 3306 2792 3372; x_wconf 82' lang='lat' dir='ltr'><strong>Quod</strong></span> <span class='ocrx_word' id='word_1_575' title='bbox 2843 3313 2887 3366; x_wconf 88' lang='lat' dir='ltr'><strong>si</strong></span> <span class='ocrx_word' id='word_1_576' title='bbox 2916 3315 2964 3367; x_wconf 94' lang='lat' dir='ltr'><strong>ei</strong></span> <span class='ocrx_word' id='word_1_577' title='bbox 3002 3320 3290 3385; x_wconf 85' lang='lat' dir='ltr'><strong>pulchrum</strong></span> <span class='ocrx_word' id='word_1_578' title='bbox 3335 3344 3439 3381; x_wconf 90' lang='lat' dir='ltr'><strong>non</strong></span> <span class='ocrx_word' id='word_1_579' title='bbox 3483 3334 3552 3386; x_wconf 68' lang='lat' dir='ltr'><strong>sit</strong></span> 
     </span>
    </p>
   </div>
   <div class='ocr_carea' id='block_1_88' title="bbox 1963 3387 3499 3476">
    <p class='ocr_par' dir='ltr' id='par_1_88' title="bbox 1963 3387 3499 3476">
     <span class='ocr_line' id='line_1_89' title="bbox 1963 3387 3499 3476; baseline 0.025 -41"><span class='ocrx_word' id='word_1_580' title='bbox 1963 3399 2083 3439; x_wconf 82' lang='lat' dir='ltr'><strong>esse</strong></span> <span class='ocrx_word' id='word_1_581' title='bbox 2123 3387 2369 3454; x_wconf 88' lang='lat' dir='ltr'><strong>Patrem,</strong></span> <span class='ocrx_word' id='word_1_582' title='bbox 2403 3409 2637 3462; x_wconf 88' lang='lat' dir='ltr'><strong>quanam</strong></span> <span class='ocrx_word' id='word_1_583' title='bbox 2671 3403 2737 3453; x_wconf 91' lang='lat' dir='ltr'><strong>de</strong></span> <span class='ocrx_word' id='word_1_584' title='bbox 2765 3418 2929 3458; x_wconf 83' lang='lat' dir='ltr'><strong>causa</strong></span> <span class='ocrx_word' id='word_1_585' title='bbox 2980 3420 3105 3476; x_wconf 90' lang='lat' dir='ltr'><strong>post</strong></span> <span class='ocrx_word' id='word_1_586' title='bbox 3149 3419 3499 3474; x_wconf 86' lang='lat' dir='ltr'><strong>mutationem</strong></span> 
     </span>
    </p>
   </div>
   <div class='ocr_carea' id='block_1_89' title="bbox 1961 3476 2744 3548">
    <p class='ocr_par' dir='ltr' id='par_1_89' title="bbox 1961 3476 2744 3548">
     <span class='ocr_line' id='line_1_90' title="bbox 1961 3476 2744 3548; baseline 0.023 -21"><span class='ocrx_word' id='word_1_587' title='bbox 1961 3476 2127 3546; x_wconf 77' lang='lat' dir='ltr'><strong>elegit</strong></span> <span class='ocrx_word' id='word_1_588' title='bbox 2160 3481 2306 3548; x_wconf 79' lang='lat' dir='ltr'><strong>quod</strong></span> <span class='ocrx_word' id='word_1_589' title='bbox 2339 3483 2588 3541; x_wconf 88' lang='lat' dir='ltr'><strong>deterius</strong></span> <span class='ocrx_word' id='word_1_590' title='bbox 2623 3493 2744 3544; x_wconf 90' lang='lat' dir='ltr'><strong>est?</strong></span> 
     </span>
    </p>
   </div>
   <div class='ocr_carea' id='block_1_90' title="bbox 2335 3597 3144 3673">
    <p class='ocr_par' dir='ltr' id='par_1_90' title="bbox 2335 3597 3144 3673">
     <span class='ocr_line' id='line_1_91' title="bbox 2335 3597 3144 3673; baseline 0.03 -24"><span class='ocrx_word' id='word_1_591' title='bbox 2335 3597 2598 3669; x_wconf 74' lang='lat' dir='ltr'><strong>Tlieologi,</strong></span> <span class='ocrx_word' id='word_1_592' title='bbox 2630 3622 2695 3661; x_wconf 77' lang='lat' dir='ltr'><strong>ea:</strong></span> <span class='ocrx_word' id='word_1_593' title='bbox 2719 3609 2811 3666; x_wconf 86' lang='lat' dir='ltr'><strong>lib.</strong></span> <span class='ocrx_word' id='word_1_594' title='bbox 2847 3629 2860 3666; x_wconf 89' lang='grc' dir='ltr'><strong>ι</strong></span> <span class='ocrx_word' id='word_1_595' title='bbox 2891 3613 2964 3668; x_wconf 84' lang='lat' dir='ltr'><strong>De</strong></span> <span class='ocrx_word' id='word_1_596' title='bbox 2992 3617 3144 3673; x_wconf 87' lang='lat' dir='ltr'><strong>Filio.</strong></span> 
     </span>
    </p>
   </div>
   <div class='ocr_carea' id='block_1_91' title="bbox 2031 3707 3544 3796">
    <p class='ocr_par' dir='ltr' id='par_1_91' title="bbox 2031 3707 3544 3796">
     <span class='ocr_line' id='line_1_92' title="bbox 2031 3707 3544 3796; baseline 0.026 -38"><span class='ocrx_word' id='word_1_597' title='bbox 2031 3707 2087 3760; x_wconf 71' lang='lat'><strong>2.</strong></span> <span class='ocrx_word' id='word_1_598' title='bbox 2115 3708 2360 3773; x_wconf 85' lang='lat' dir='ltr'><strong>Quonam</strong></span> <span class='ocrx_word' id='word_1_599' title='bbox 2395 3725 2644 3785; x_wconf 86' lang='lat' dir='ltr'><strong>tempore</strong></span> <span class='ocrx_word' id='word_1_600' title='bbox 2679 3723 2841 3778; x_wconf 88' lang='lat' dir='ltr'><strong>Pater</strong></span> <span class='ocrx_word' id='word_1_601' title='bbox 2867 3743 2975 3782; x_wconf 91' lang='lat' dir='ltr'><strong>non</strong></span> <span class='ocrx_word' id='word_1_602' title='bbox 3000 3736 3252 3790; x_wconf 83' lang='lat' dir='ltr'><strong>erat?Eo</strong></span> <span class='ocrx_word' id='word_1_603' title='bbox 3286 3743 3544 3796; x_wconf 87' lang='lat' dir='ltr'><strong>nimirum</strong></span> 
     </span>
    </p>
   </div>
   <div class='ocr_carea' id='block_1_92' title="bbox 1960 3799 3544 3900">
    <p class='ocr_par' dir='ltr' id='par_1_92' title="bbox 1960 3799 3544 3900">
     <span class='ocr_line' id='line_1_93' title="bbox 1960 3799 3544 3900; baseline 0.027 -54"><span class='ocrx_word' id='word_1_604' title='bbox 1960 3811 2070 3862; x_wconf 89' lang='lat' dir='ltr'><strong>quo</strong></span> <span class='ocrx_word' id='word_1_605' title='bbox 2105 3799 2275 3854; x_wconf 84' lang='lat' dir='ltr'><strong>Filius</strong></span> <span class='ocrx_word' id='word_1_606' title='bbox 2307 3819 2414 3858; x_wconf 92' lang='lat' dir='ltr'><strong>non</strong></span> <span class='ocrx_word' id='word_1_607' title='bbox 2452 3820 2591 3863; x_wconf 90' lang='lat' dir='ltr'><strong>erat.</strong></span> <span class='ocrx_word' id='word_1_608' title='bbox 2627 3811 2770 3868; x_wconf 92' lang='lat' dir='ltr'><strong>Idem</strong></span> <span class='ocrx_word' id='word_1_609' title='bbox 2807 3830 2958 3874; x_wconf 88' lang='lat' dir='ltr'><strong>certe</strong></span> <span class='ocrx_word' id='word_1_610' title='bbox 2990 3824 3057 3877; x_wconf 89' lang='lat' dir='ltr'><strong>de</strong></span> <span class='ocrx_word' id='word_1_611' title='bbox 3087 3825 3222 3879; x_wconf 84' lang='lat' dir='ltr'><strong>Filio</strong></span> <span class='ocrx_word' id='word_1_612' title='bbox 3251 3841 3306 3881; x_wconf 85' lang='lat' dir='ltr'><strong>et</strong></span> <span class='ocrx_word' id='word_1_613' title='bbox 3341 3832 3544 3900; x_wconf 84' lang='lat' dir='ltr'><strong>Spiritu</strong></span> 
     </span>
    </p>
   </div>
   <div class='ocr_carea' id='block_1_93' title="bbox 1961 3893 3547 3995">
    <p class='ocr_par' dir='ltr' id='par_1_93' title="bbox 1961 3893 3547 3995">
     <span class='ocr_line' id='line_1_94' title="bbox 1961 3893 3547 3995; baseline 0.026 -55"><span class='ocrx_word' id='word_1_614' title='bbox 1961 3901 2153 3943; x_wconf 85' lang='lat' dir='ltr'><strong>sancto</strong></span> <span class='ocrx_word' id='word_1_615' title='bbox 2189 3893 2415 3950; x_wconf 82' lang='lat' dir='ltr'><strong>dixeris.</strong></span> <span class='ocrx_word' id='word_1_616' title='bbox 2454 3901 2654 3956; x_wconf 91' lang='lat' dir='ltr'><strong>lterum</strong></span> <span class='ocrx_word' id='word_1_617' title='bbox 2692 3906 3030 3981; x_wconf 77' lang='lat' dir='ltr'><strong>interrogato</strong></span> <span class='ocrx_word' id='word_1_618' title='bbox 3060 3934 3166 3982; x_wconf 89' lang='lat' dir='ltr'><strong>me,</strong></span> <span class='ocrx_word' id='word_1_619' title='bbox 3194 3921 3547 3995; x_wconf 73' lang='lat' dir='ltr'><strong>vicissimque</strong></span> 
     </span>
    </p>
   </div>
   <div class='ocr_carea' id='block_1_94' title="bbox 1963 3979 3548 4083">
    <p class='ocr_par' dir='ltr' id='par_1_94' title="bbox 1963 3979 3548 4083">
     <span class='ocr_line' id='line_1_95' title="bbox 1963 3979 3548 4083; baseline 0.025 -51"><span class='ocrx_word' id='word_1_620' title='bbox 1963 3979 2057 4032; x_wconf 92' lang='lat' dir='ltr'><strong>tihi</strong></span> <span class='ocrx_word' id='word_1_621' title='bbox 2112 3986 2479 4051; x_wconf 83' lang='lat' dir='ltr'><strong>respondebo.</strong></span> <span class='ocrx_word' id='word_1_622' title='bbox 2541 3990 2791 4056; x_wconf 89' lang='lat' dir='ltr'><strong>Quonam</strong></span> <span class='ocrx_word' id='word_1_623' title='bbox 2830 3979 3071 4070; x_wconf 81' lang='lat' dir='ltr'><strong>tempore</strong></span> <span class='ocrx_word' id='word_1_624' title='bbox 3131 3979 3300 4065; x_wconf 56' lang='lat' dir='ltr'><strong>liilius</strong></span> <span class='ocrx_word' id='word_1_625' title='bbox 3331 3979 3548 4083; x_wconf 54' lang='lat' dir='ltr'><strong>gcui&#39;tus</strong></span> 
     </span>
    </p>
   </div>
   <div class='ocr_carea' id='block_1_95' title="bbox 1959 4071 3548 4174">
    <p class='ocr_par' dir='ltr' id='par_1_95' title="bbox 1959 4071 3548 4174">
     <span class='ocr_line' id='line_1_96' title="bbox 1959 4071 3548 4174; baseline 0.025 -51"><span class='ocrx_word' id='word_1_626' title='bbox 1959 4071 2081 4124; x_wconf 89' lang='lat' dir='ltr'><strong>est?</strong></span> <span class='ocrx_word' id='word_1_627' title='bbox 2117 4071 2193 4126; x_wconf 79' lang='lat' dir='ltr'><strong>Eo</strong></span> <span class='ocrx_word' id='word_1_628' title='bbox 2223 4076 2482 4132; x_wconf 90' lang='lat' dir='ltr'><strong>nimirum</strong></span> <span class='ocrx_word' id='word_1_629' title='bbox 2522 4098 2631 4151; x_wconf 89' lang='lat' dir='ltr'><strong>quo</strong></span> <span class='ocrx_word' id='word_1_630' title='bbox 2672 4086 2833 4142; x_wconf 88' lang='lat' dir='ltr'><strong>Pater</strong></span> <span class='ocrx_word' id='word_1_631' title='bbox 2863 4097 3078 4159; x_wconf 77' lang='lat' dir='ltr'><strong>genitus</strong></span> <span class='ocrx_word' id='word_1_632' title='bbox 3136 4117 3244 4155; x_wconf 91' lang='lat' dir='ltr'><strong>non</strong></span> <span class='ocrx_word' id='word_1_633' title='bbox 3291 4119 3394 4159; x_wconf 86' lang='lat' dir='ltr'><strong>est.</strong></span> <span class='ocrx_word' id='word_1_634' title='bbox 3431 4109 3548 4174; x_wconf 85' lang='lat' dir='ltr'><strong>Quo</strong></span> 
     </span>
    </p>
   </div>
   <div class='ocr_carea' id='block_1_96' title="bbox 1960 4162 3544 4256">
    <p class='ocr_par' dir='ltr' id='par_1_96' title="bbox 1960 4162 3544 4256">
     <span class='ocr_line' id='line_1_97' title="bbox 1960 4162 3544 4256; baseline 0.027 -43"><span class='ocrx_word' id='word_1_635' title='bbox 1960 4162 2198 4234; x_wconf 88' lang='lat' dir='ltr'><strong>denique</strong></span> <span class='ocrx_word' id='word_1_636' title='bbox 2246 4177 2490 4239; x_wconf 90' lang='lat' dir='ltr'><strong>tempore</strong></span> <span class='ocrx_word' id='word_1_637' title='bbox 2537 4174 2778 4244; x_wconf 89' lang='lat' dir='ltr'><strong>Spiritus</strong></span> <span class='ocrx_word' id='word_1_638' title='bbox 2809 4193 3115 4250; x_wconf 84' lang='lat' dir='ltr'><strong>processit?</strong></span> <span class='ocrx_word' id='word_1_639' title='bbox 3158 4195 3233 4248; x_wconf 79' lang='lat' dir='ltr'><strong>Eo</strong></span> <span class='ocrx_word' id='word_1_640' title='bbox 3285 4198 3544 4256; x_wconf 90' lang='lat' dir='ltr'><strong>nimirmn</strong></span> 
     </span>
    </p>
   </div>
   <div class='ocr_carea' id='block_1_97' title="bbox 1959 4255 3545 4351">
    <p class='ocr_par' dir='ltr' id='par_1_97' title="bbox 1959 4255 3545 4351">
     <span class='ocr_line' id='line_1_98' title="bbox 1959 4255 3545 4351; baseline 0.03 -46"><span class='ocrx_word' id='word_1_641' title='bbox 1959 4269 2069 4321; x_wconf 86' lang='lat' dir='ltr'><strong>quo</strong></span> <span class='ocrx_word' id='word_1_642' title='bbox 2121 4255 2294 4314; x_wconf 78' lang='lat' dir='ltr'><strong>Filius</strong></span> <span class='ocrx_word' id='word_1_643' title='bbox 2342 4281 2450 4318; x_wconf 93' lang='lat' dir='ltr'><strong>non</strong></span> <span class='ocrx_word' id='word_1_644' title='bbox 2498 4273 2765 4336; x_wconf 89' lang='lat' dir='ltr'><strong>processit</strong></span> <span class='ocrx_word' id='word_1_645' title='bbox 2816 4294 2826 4327; x_wconf 94' lang='lat'>:</span> <span class='ocrx_word' id='word_1_646' title='bbox 2872 4280 2966 4332; x_wconf 80' lang='lat' dir='ltr'><strong>Sed</strong></span> <span class='ocrx_word' id='word_1_647' title='bbox 3027 4288 3245 4348; x_wconf 66' lang='lat' dir='ltr'><strong>genitus</strong></span> <span class='ocrx_word' id='word_1_648' title='bbox 3291 4302 3374 4344; x_wconf 88' lang='lat' dir='ltr'><strong>est</strong></span> <span class='ocrx_word' id='word_1_649' title='bbox 3426 4297 3545 4351; x_wconf 71' lang='lat' dir='ltr'><strong>sine</strong></span> 
     </span>
    </p>
   </div>
   <div class='ocr_carea' id='block_1_98' title="bbox 1961 4355 3546 4446">
    <p class='ocr_par' dir='ltr' id='par_1_98' title="bbox 1961 4355 3546 4446">
     <span class='ocr_line' id='line_1_99' title="bbox 1961 4355 3546 4446; baseline 0.026 -47"><span class='ocrx_word' id='word_1_650' title='bbox 1961 4355 2239 4415; x_wconf 87' lang='lat' dir='ltr'><strong>tempore,</strong></span> <span class='ocrx_word' id='word_1_651' title='bbox 2291 4364 2348 4407; x_wconf 89' lang='lat' dir='ltr'><strong>et</strong></span> <span class='ocrx_word' id='word_1_652' title='bbox 2404 4373 2569 4426; x_wconf 89' lang='lat' dir='ltr'><strong>supra</strong></span> <span class='ocrx_word' id='word_1_653' title='bbox 2630 4371 2867 4434; x_wconf 85' lang='lat' dir='ltr'><strong>tempus.</strong></span> <span class='ocrx_word' id='word_1_654' title='bbox 2934 4371 3045 4426; x_wconf 82' lang='lat' dir='ltr'><strong>Etsi</strong></span> <span class='ocrx_word' id='word_1_655' title='bbox 3102 4383 3394 4446; x_wconf 87' lang='lat' dir='ltr'><strong>nequimus</strong></span> <span class='ocrx_word' id='word_1_656' title='bbox 3443 4389 3546 4442; x_wconf 89' lang='lat' dir='ltr'><strong>hoc</strong></span> 
     </span>
    </p>
   </div>
   <div class='ocr_carea' id='block_1_99' title="bbox 1959 4439 3544 4532">
    <p class='ocr_par' dir='ltr' id='par_1_99' title="bbox 1959 4439 3544 4532">
     <span class='ocr_line' id='line_1_100' title="bbox 1959 4439 3544 4532; baseline 0.029 -46"><span class='ocrx_word' id='word_1_657' title='bbox 1959 4439 2136 4503; x_wconf 85' lang='lat' dir='ltr'><strong>verbi,</strong></span> <span class='ocrx_word' id='word_1_658' title='bbox 2160 4440 2336 4511; x_wconf 88' lang='lat' dir='ltr'><strong>Supra</strong></span> <span class='ocrx_word' id='word_1_659' title='bbox 2363 4455 2603 4518; x_wconf 82' lang='lat' dir='ltr'><strong>tempus,</strong></span> <span class='ocrx_word' id='word_1_660' title='bbox 2623 4457 2958 4524; x_wconf 80' lang='lat' dir='ltr'><strong>exprimere,</strong></span> <span class='ocrx_word' id='word_1_661' title='bbox 2981 4466 3386 4526; x_wconf 86' lang='lat' dir='ltr'><strong>volumusenim</strong></span> <span class='ocrx_word' id='word_1_662' title='bbox 3410 4487 3544 4532; x_wconf 89' lang='lat' dir='ltr'><strong>tem-</strong></span> 
     </span>
    </p>
   </div>
   <div class='ocr_carea' id='block_1_100' title="bbox 1961 4532 3539 4635">
    <p class='ocr_par' dir='ltr' id='par_1_100' title="bbox 1961 4532 3539 4635">
     <span class='ocr_line' id='line_1_101' title="bbox 1961 4532 3539 4635; baseline 0.03 -55"><span class='ocrx_word' id='word_1_663' title='bbox 1961 4532 2202 4597; x_wconf 88' lang='lat' dir='ltr'><strong>poraleut</strong></span> <span class='ocrx_word' id='word_1_664' title='bbox 2231 4538 2692 4606; x_wconf 77' lang='lat' dir='ltr'><strong>signiﬁcationem</strong></span> <span class='ocrx_word' id='word_1_665' title='bbox 2734 4551 2978 4621; x_wconf 74' lang='lat' dir='ltr'><strong>eﬂugere</strong></span> <span class='ocrx_word' id='word_1_666' title='bbox 3029 4567 3193 4626; x_wconf 84' lang='lat' dir='ltr'><strong>(nam</strong></span> <span class='ocrx_word' id='word_1_667' title='bbox 3229 4565 3500 4626; x_wconf 85' lang='lat' dir='ltr'><strong>dictiones</strong></span> <span class='ocrx_word' id='word_1_668' title='bbox 3525 4613 3539 4635; x_wconf 91' lang='lat'><strong>,</strong></span> 
     </span>
    </p>
   </div>
   <div class='ocr_carea' id='block_1_101' title="bbox 1954 4619 3544 4718">
    <p class='ocr_par' dir='ltr' id='par_1_101' title="bbox 1954 4619 3544 4718">
     <span class='ocr_line' id='line_1_102' title="bbox 1954 4619 3544 4718; baseline 0.03 -48"><span class='ocrx_word' id='word_1_669' title='bbox 1954 4619 2206 4687; x_wconf 86' lang='lat' dir='ltr'><strong>Quando,</strong></span> <span class='ocrx_word' id='word_1_670' title='bbox 2253 4629 2448 4696; x_wconf 84' lang='lat' dir='ltr'><strong>Antea,</strong></span> <span class='ocrx_word' id='word_1_671' title='bbox 2497 4634 2751 4705; x_wconf 85' lang='lat' dir='ltr'><strong>Posthac,</strong></span> <span class='ocrx_word' id='word_1_672' title='bbox 2792 4619 2874 4696; x_wconf 14' lang='lat' dir='ltr'><strong>eti</strong></span> <span class='ocrx_word' id='word_1_673' title='bbox 2899 4648 2978 4699; x_wconf 83' lang='lat' dir='ltr'><strong>Ah</strong></span> <span class='ocrx_word' id='word_1_674' title='bbox 3024 4650 3206 4715; x_wconf 85' lang='lat' dir='ltr'><strong>iuitm,</strong></span> <span class='ocrx_word' id='word_1_675' title='bbox 3260 4673 3367 4712; x_wconf 92' lang='lat' dir='ltr'><strong>non</strong></span> <span class='ocrx_word' id='word_1_676' title='bbox 3414 4674 3544 4718; x_wconf 91' lang='lat' dir='ltr'><strong>sunt</strong></span> 
     </span>
    </p>
   </div>
   <div class='ocr_carea' id='block_1_102' title="bbox 1954 4714 3542 4822">
    <p class='ocr_par' dir='ltr' id='par_1_102' title="bbox 1954 4714 3542 4822">
     <span class='ocr_line' id='line_1_103' title="bbox 1954 4714 3542 4822; baseline 0.029 -58"><span class='ocrx_word' id='word_1_677' title='bbox 1954 4714 2073 4766; x_wconf 78' lang='lat' dir='ltr'><strong>sine</strong></span> <span class='ocrx_word' id='word_1_678' title='bbox 2107 4727 2377 4787; x_wconf 86' lang='lat' dir='ltr'><strong>tempore,</strong></span> <span class='ocrx_word' id='word_1_679' title='bbox 2411 4731 2813 4792; x_wconf 89' lang='lat' dir='ltr'><strong>quautatnlibet</strong></span> <span class='ocrx_word' id='word_1_680' title='bbox 2845 4737 2954 4790; x_wconf 89' lang='lat' dir='ltr'><strong>vim</strong></span> <span class='ocrx_word' id='word_1_681' title='bbox 2991 4744 3176 4799; x_wconf 87' lang='lat' dir='ltr'><strong>verbis</strong></span> <span class='ocrx_word' id='word_1_682' title='bbox 3201 4749 3542 4822; x_wconf 72' lang='lat' dir='ltr'><strong>aderamus),</strong></span> 
     </span>
    </p>
   </div>
   <div class='ocr_carea' id='block_1_103' title="bbox 1955 4805 3542 4911">
    <p class='ocr_par' dir='ltr' id='par_1_103' title="bbox 1955 4805 3542 4911">
     <span class='ocr_line' id='line_1_104' title="bbox 1955 4805 3542 4911; baseline 0.03 -55"><span class='ocrx_word' id='word_1_683' title='bbox 1955 4805 2059 4859; x_wconf 91' lang='lat' dir='ltr'><strong>nisi</strong></span> <span class='ocrx_word' id='word_1_684' title='bbox 2093 4808 2342 4868; x_wconf 68' lang='lat' dir='ltr'><strong>dicamus</strong></span> <span class='ocrx_word' id='word_1_685' title='bbox 2365 4816 2384 4884; x_wconf 92' lang='lat'><strong>(</strong></span> <span class='ocrx_word' id='word_1_686' title='bbox 2409 4822 2452 4870; x_wconf 88' lang='lat' dir='ltr'><strong>si</strong></span> <span class='ocrx_word' id='word_1_687' title='bbox 2481 4819 2673 4875; x_wconf 87' lang='lat' dir='ltr'><strong>saltem</strong></span> <span class='ocrx_word' id='word_1_688' title='bbox 2707 4823 3060 4895; x_wconf 85' lang='lat' dir='ltr'><strong>intervallum</strong></span> <span class='ocrx_word' id='word_1_689' title='bbox 3096 4837 3252 4901; x_wconf 84' lang='lat' dir='ltr'><strong>illud,</strong></span> <span class='ocrx_word' id='word_1_690' title='bbox 3291 4847 3438 4911; x_wconf 86' lang='lat' dir='ltr'><strong>quod</strong></span> <span class='ocrx_word' id='word_1_691' title='bbox 3489 4848 3542 4904; x_wconf 92' lang='lat' dir='ltr'><strong>in</strong></span> 
     </span>
    </p>
   </div>
   <div class='ocr_carea' id='block_1_104' title="bbox 1953 4897 3540 5002">
    <p class='ocr_par' dir='ltr' id='par_1_104' title="bbox 1953 4897 3540 5002">
     <span class='ocr_line' id='line_1_105' title="bbox 1953 4897 3540 5002; baseline 0.032 -56"><span class='ocrx_word' id='word_1_692' title='bbox 1953 4897 2120 4952; x_wconf 88' lang='lat' dir='ltr'><strong>rebus</strong></span> <span class='ocrx_word' id='word_1_693' title='bbox 2153 4908 2499 4969; x_wconf 89' lang='lat' dir='ltr'><strong>protenditur</strong></span> <span class='ocrx_word' id='word_1_694' title='bbox 2529 4915 2775 4980; x_wconf 75' lang='lat' dir='ltr'><strong>teternis,</strong></span> <span class='ocrx_word' id='word_1_695' title='bbox 2817 4926 3077 4979; x_wconf 77' lang='lat' dir='ltr'><strong>saeculum</strong></span> <span class='ocrx_word' id='word_1_696' title='bbox 3115 4946 3379 4992; x_wconf 87' lang='lat' dir='ltr'><strong>vocemus</strong></span> <span class='ocrx_word' id='word_1_697' title='bbox 3403 4939 3441 5002; x_wconf 86' lang='lat'><strong>),</strong></span> <span class='ocrx_word' id='word_1_698' title='bbox 3490 4943 3540 4995; x_wconf 80' lang='lat' dir='ltr'><strong>it&#39;</strong></span> 
     </span>
    </p>
   </div>
   <div class='ocr_carea' id='block_1_105' title="bbox 1951 4991 3512 5087">
    <p class='ocr_par' dir='ltr' id='par_1_105' title="bbox 1951 4991 3512 5087">
     <span class='ocr_line' id='line_1_106' title="bbox 1951 4991 3512 5087; baseline 0.031 -48"><span class='ocrx_word' id='word_1_699' title='bbox 1951 4991 2096 5056; x_wconf 87' lang='lat' dir='ltr'><strong>quod</strong></span> <span class='ocrx_word' id='word_1_700' title='bbox 2141 5009 2318 5066; x_wconf 90' lang='lat' dir='ltr'><strong>neque</strong></span> <span class='ocrx_word' id='word_1_701' title='bbox 2364 5001 2474 5054; x_wconf 88' lang='lat' dir='ltr'><strong>ullo</strong></span> <span class='ocrx_word' id='word_1_702' title='bbox 2511 5019 2702 5072; x_wconf 88' lang='lat' dir='ltr'><strong>motu,</strong></span> <span class='ocrx_word' id='word_1_703' title='bbox 2754 5028 2933 5083; x_wconf 89' lang='lat' dir='ltr'><strong>neque</strong></span> <span class='ocrx_word' id='word_1_704' title='bbox 2976 5020 3107 5075; x_wconf 87' lang='lat' dir='ltr'><strong>solis</strong></span> <span class='ocrx_word' id='word_1_705' title='bbox 3137 5039 3303 5081; x_wconf 88' lang='lat' dir='ltr'><strong>cursu</strong></span> <span class='ocrx_word' id='word_1_706' title='bbox 3345 5032 3512 5087; x_wconf 80' lang='lat' dir='ltr'><strong>dividi</strong></span> 
     </span>
    </p>
   </div>
   <div class='ocr_carea' id='block_1_106' title="bbox 1952 5091 3255 5175">
    <p class='ocr_par' dir='ltr' id='par_1_106' title="bbox 1952 5091 3255 5175">
     <span class='ocr_line' id='line_1_107' title="bbox 1952 5091 3255 5175; baseline 0.031 -44"><span class='ocrx_word' id='word_1_707' title='bbox 1952 5096 2073 5134; x_wconf 91' lang='lat' dir='ltr'><strong>mus</strong></span> <span class='ocrx_word' id='word_1_708' title='bbox 2107 5095 2199 5137; x_wconf 91' lang='lat' dir='ltr'><strong>aut</strong></span> <span class='ocrx_word' id='word_1_709' title='bbox 2235 5091 2516 5161; x_wconf 87' lang='lat' dir='ltr'><strong>metimur,</strong></span> <span class='ocrx_word' id='word_1_710' title='bbox 2550 5101 2698 5168; x_wconf 89' lang='lat' dir='ltr'><strong>quod</strong></span> <span class='ocrx_word' id='word_1_711' title='bbox 2736 5117 2885 5160; x_wconf 86' lang='lat' dir='ltr'><strong>certe</strong></span> <span class='ocrx_word' id='word_1_712' title='bbox 2912 5121 3128 5175; x_wconf 86' lang='lat' dir='ltr'><strong>tempus</strong></span> <span class='ocrx_word' id='word_1_713' title='bbox 3153 5127 3255 5172; x_wconf 88' lang='lat' dir='ltr'><strong>est.</strong></span> 
     </span>
    </p>
   </div>
   <div class='ocr_carea' id='block_1_107' title="bbox 2022 5173 3538 5288">
    <p class='ocr_par' dir='ltr' id='par_1_107' title="bbox 2022 5173 3538 5288">
     <span class='ocr_line' id='line_1_108' title="bbox 2022 5173 3538 5288; baseline 0.032 -65"><span class='ocrx_word' id='word_1_714' title='bbox 2022 5173 2122 5240; x_wconf 87' lang='lat' dir='ltr'><strong>Qui</strong></span> <span class='ocrx_word' id='word_1_715' title='bbox 2159 5193 2291 5249; x_wconf 78' lang='lat' dir='ltr'><strong>ergo</strong></span> <span class='ocrx_word' id='word_1_716' title='bbox 2343 5181 2462 5239; x_wconf 87' lang='lat' dir='ltr'><strong>lieri</strong></span> <span class='ocrx_word' id='word_1_717' title='bbox 2516 5194 2714 5257; x_wconf 89' lang='lat' dir='ltr'><strong>possit,</strong></span> <span class='ocrx_word' id='word_1_718' title='bbox 2774 5207 2832 5250; x_wconf 89' lang='lat' dir='ltr'><strong>ut</strong></span> <span class='ocrx_word' id='word_1_719' title='bbox 2888 5198 3101 5271; x_wconf 85' lang='lat' dir='ltr'><strong>[Filius</strong></span> <span class='ocrx_word' id='word_1_720' title='bbox 3151 5219 3205 5261; x_wconf 91' lang='lat' dir='ltr'><strong>et</strong></span> <span class='ocrx_word' id='word_1_721' title='bbox 3255 5214 3538 5288; x_wconf 60' lang='lat' dir='ltr'><strong>Spiritus]</strong></span> 
     </span>
    </p>
   </div>
   <div class='ocr_carea' id='block_1_108' title="bbox 1952 5271 3537 5374">
    <p class='ocr_par' dir='ltr' id='par_1_108' title="bbox 1952 5271 3537 5374">
     <span class='ocr_line' id='line_1_109' title="bbox 1952 5271 3537 5374; baseline 0.03 -56"><span class='ocrx_word' id='word_1_722' title='bbox 1952 5271 2268 5342; x_wconf 72' lang='grc' dir='ltr'><strong>συνάναρχα</strong></span> <span class='ocrx_word' id='word_1_723' title='bbox 2300 5293 2408 5332; x_wconf 93' lang='lat' dir='ltr'><strong>non</strong></span> <span class='ocrx_word' id='word_1_724' title='bbox 2453 5283 2598 5346; x_wconf 78' lang='lat' dir='ltr'><strong>sint.</strong></span> <span class='ocrx_word' id='word_1_725' title='bbox 2647 5288 2752 5344; x_wconf 88' lang='lat' dir='ltr'><strong>hoc</strong></span> <span class='ocrx_word' id='word_1_726' title='bbox 2803 5305 2885 5347; x_wconf 86' lang='lat' dir='ltr'><strong>est</strong></span> <span class='ocrx_word' id='word_1_727' title='bbox 2928 5301 3202 5370; x_wconf 70' lang='lat' dir='ltr'><strong>principio</strong></span> <span class='ocrx_word' id='word_1_728' title='bbox 3248 5312 3493 5364; x_wconf 80' lang='lat' dir='ltr'><strong>carentia</strong></span> <span class='ocrx_word' id='word_1_729' title='bbox 3524 5355 3537 5374; x_wconf 87' lang='lat'><strong><em>.</em></strong></span> 
     </span>
    </p>
   </div>
   <div class='ocr_carea' id='block_1_109' title="bbox 1949 5361 3536 5466">
    <p class='ocr_par' dir='ltr' id='par_1_109' title="bbox 1949 5361 3536 5466">
     <span class='ocr_line' id='line_1_110' title="bbox 1949 5361 3536 5466; baseline 0.028 -53"><span class='ocrx_word' id='word_1_730' title='bbox 1949 5361 1994 5414; x_wconf 87' lang='lat' dir='ltr'><strong>si</strong></span> <span class='ocrx_word' id='word_1_731' title='bbox 2028 5375 2298 5423; x_wconf 65' lang='lat' dir='ltr'><strong>coaatcrna</strong></span> <span class='ocrx_word' id='word_1_732' title='bbox 2351 5379 2519 5429; x_wconf 81' lang='lat' dir='ltr'><strong>sunt?</strong></span> <span class='ocrx_word' id='word_1_733' title='bbox 2567 5379 2837 5446; x_wconf 89' lang='lat' dir='ltr'><strong>Quoniam</strong></span> <span class='ocrx_word' id='word_1_734' title='bbox 2886 5391 2955 5444; x_wconf 92' lang='lat' dir='ltr'><strong>ab</strong></span> <span class='ocrx_word' id='word_1_735' title='bbox 3027 5394 3120 5448; x_wconf 90' lang='lat' dir='ltr'><strong>illo</strong></span> <span class='ocrx_word' id='word_1_736' title='bbox 3188 5402 3536 5466; x_wconf 71' lang='grc' dir='ltr'>ιιι-ωριιιιιιιιι,</span> 
     </span>
    </p>
   </div>
   <div class='ocr_carea' id='block_1_110' title="bbox 249 5498 2050 5600">
    <p class='ocr_par' dir='ltr' id='par_1_110' title="bbox 249 5498 2050 5600">
     <span class='ocr_line' id='line_1_111' title="bbox 249 5498 2050 5600; baseline 0.026 -50"><span class='ocrx_word' id='word_1_737' title='bbox 249 5498 430 5555; x_wconf 78' lang='lat' dir='ltr'><strong>amba:</strong></span> <span class='ocrx_word' id='word_1_738' title='bbox 491 5517 521 5556; x_wconf 90' lang='lat' dir='ltr'><strong>a</strong></span> <span class='ocrx_word' id='word_1_739' title='bbox 574 5505 735 5564; x_wconf 89' lang='lat' dir='ltr'><strong>Patre</strong></span> <span class='ocrx_word' id='word_1_740' title='bbox 788 5514 1176 5586; x_wconf 84' lang='lat' dir='ltr'><strong>subsistentes,</strong></span> <span class='ocrx_word' id='word_1_741' title='bbox 1231 5539 1341 5579; x_wconf 91' lang='lat' dir='ltr'><strong>non</strong></span> <span class='ocrx_word' id='word_1_742' title='bbox 1390 5536 1570 5582; x_wconf 87' lang='lat' dir='ltr'><strong>tamen</strong></span> <span class='ocrx_word' id='word_1_743' title='bbox 1645 5534 1841 5590; x_wconf 88' lang='lat' dir='ltr'><strong>eodem</strong></span> <span class='ocrx_word' id='word_1_744' title='bbox 1918 5498 2050 5600; x_wconf 54' lang='lat' dir='ltr'><strong>,clini</strong></span> 
     </span>
    </p>
   </div>
   <div class='ocr_carea' id='block_1_111' title="bbox 252 5591 1840 5695">
    <p class='ocr_par' dir='ltr' id='par_1_111' title="bbox 252 5591 1840 5695">
     <span class='ocr_line' id='line_1_112' title="bbox 252 5591 1840 5695; baseline 0.028 -55"><span class='ocrx_word' id='word_1_745' title='bbox 252 5591 439 5645; x_wconf 85' lang='lat' dir='ltr'><strong>modo.</strong></span> <span class='ocrx_word' id='word_1_746' title='bbox 475 5593 645 5652; x_wconf 88' lang='lat' dir='ltr'><strong>Filius</strong></span> <span class='ocrx_word' id='word_1_747' title='bbox 678 5603 826 5659; x_wconf 89' lang='lat' dir='ltr'><strong>enim</strong></span> <span class='ocrx_word' id='word_1_748' title='bbox 854 5610 1074 5676; x_wconf 71' lang='lat' dir='ltr'><strong>genitus</strong></span> <span class='ocrx_word' id='word_1_749' title='bbox 1100 5622 1208 5679; x_wconf 87' lang='lat' dir='ltr'><strong>est,</strong></span> <span class='ocrx_word' id='word_1_750' title='bbox 1229 5615 1471 5686; x_wconf 90' lang='lat' dir='ltr'><strong>Spiritus</strong></span> <span class='ocrx_word' id='word_1_751' title='bbox 1497 5632 1680 5678; x_wconf 89' lang='lat' dir='ltr'><strong>autem</strong></span> <span class='ocrx_word' id='word_1_752' title='bbox 1715 5643 1840 5695; x_wconf 83' lang='lat' dir='ltr'><strong>pro.</strong></span> 
     </span>
    </p>
   </div>
   <div class='ocr_carea' id='block_1_112' title="bbox 248 5685 1623 5781">
    <p class='ocr_par' dir='ltr' id='par_1_112' title="bbox 248 5685 1623 5781">
     <span class='ocr_line' id='line_1_113' title="bbox 248 5685 1623 5781; baseline 0.025 -46"><span class='ocrx_word' id='word_1_753' title='bbox 248 5685 435 5744; x_wconf 78' lang='lat' dir='ltr'><strong>cessit,</strong></span> <span class='ocrx_word' id='word_1_754' title='bbox 464 5687 548 5741; x_wconf 84' lang='lat' dir='ltr'><strong>vel</strong></span> <span class='ocrx_word' id='word_1_755' title='bbox 579 5692 762 5759; x_wconf 89' lang='lat' dir='ltr'><strong>potius</strong></span> <span class='ocrx_word' id='word_1_756' title='bbox 798 5697 888 5754; x_wconf 91' lang='lat' dir='ltr'><strong>ille</strong></span> <span class='ocrx_word' id='word_1_757' title='bbox 925 5703 1188 5774; x_wconf 72' lang='lat' dir='ltr'><strong>gignitur.</strong></span> <span class='ocrx_word' id='word_1_758' title='bbox 1224 5685 1312 5764; x_wconf 77' lang='lat' dir='ltr'><strong>hic</strong></span> <span class='ocrx_word' id='word_1_759' title='bbox 1352 5715 1623 5781; x_wconf 81' lang='lat' dir='ltr'><strong>procedit.</strong></span> 
     </span>
    </p>
   </div>
   <div class='ocr_carea' id='block_1_113' title="bbox 318 5774 1832 5879">
    <p class='ocr_par' dir='ltr' id='par_1_113' title="bbox 318 5774 1832 5879">
     <span class='ocr_line' id='line_1_114' title="bbox 318 5774 1832 5879; baseline 0.024 -52"><span class='ocrx_word' id='word_1_760' title='bbox 318 5774 436 5830; x_wconf 71' lang='lat' dir='ltr'><strong>Non</strong></span> <span class='ocrx_word' id='word_1_761' title='bbox 468 5781 616 5835; x_wconf 84' lang='lat' dir='ltr'><strong>enim</strong></span> <span class='ocrx_word' id='word_1_762' title='bbox 648 5795 1108 5853; x_wconf 86' lang='lat' dir='ltr'><strong>quemadmodum</strong></span> <span class='ocrx_word' id='word_1_763' title='bbox 1137 5817 1164 5852; x_wconf 85' lang='lat' dir='ltr'><strong>a</strong></span> <span class='ocrx_word' id='word_1_764' title='bbox 1199 5800 1358 5855; x_wconf 83' lang='lat' dir='ltr'><strong>Patre</strong></span> <span class='ocrx_word' id='word_1_765' title='bbox 1391 5802 1559 5860; x_wconf 76' lang='lat' dir='ltr'><strong>Filius</strong></span> <span class='ocrx_word' id='word_1_766' title='bbox 1613 5827 1832 5879; x_wconf 74' lang='lat' dir='ltr'><strong>procos.</strong></span> 
     </span>
    </p>
   </div>
   <div class='ocr_carea' id='block_1_114' title="bbox 572 5881 1396 5961">
    <p class='ocr_par' dir='ltr' id='par_1_114' title="bbox 572 5881 1396 5961">
     <span class='ocr_line' id='line_1_115' title="bbox 572 5881 1396 5961; baseline 0.029 -22"><span class='ocrx_word' id='word_1_767' title='bbox 572 5881 846 5950; x_wconf 77' lang='lat' dir='ltr'><strong>PATROL.</strong></span> <span class='ocrx_word' id='word_1_768' title='bbox 895 5891 1011 5952; x_wconf 75' lang='lat' dir='ltr'><strong>Gn.</strong></span> <span class='ocrx_word' id='word_1_769' title='bbox 1057 5897 1396 5961; x_wconf 80' lang='lat' dir='ltr'><strong>CXXXIX.</strong></span> 
     </span>
    </p>
   </div>
   <div class='ocr_carea' id='block_1_115' title="bbox 1947 5657 3533 5740">
    <p class='ocr_par' dir='ltr' id='par_1_115' title="bbox 1947 5657 3533 5740">
     <span class='ocr_line' id='line_1_116' title="bbox 1947 5657 3533 5740; baseline 0.03 -48"><span class='ocrx_word' id='word_1_770' title='bbox 1947 5658 2076 5694; x_wconf 91' lang='lat' dir='ltr'><strong>num</strong></span> <span class='ocrx_word' id='word_1_771' title='bbox 2105 5657 2210 5708; x_wconf 81' lang='lat' dir='ltr'><strong>est,</strong></span> <span class='ocrx_word' id='word_1_772' title='bbox 2251 5665 2358 5704; x_wconf 90' lang='lat' dir='ltr'><strong>non</strong></span> <span class='ocrx_word' id='word_1_773' title='bbox 2392 5659 2615 5712; x_wconf 87' lang='lat' dir='ltr'><strong>onmino</strong></span> <span class='ocrx_word' id='word_1_774' title='bbox 2651 5666 2922 5737; x_wconf 88' lang='lat' dir='ltr'><strong>principio</strong></span> <span class='ocrx_word' id='word_1_775' title='bbox 2950 5685 3134 5738; x_wconf 72' lang='lat' dir='ltr'><strong>cant,</strong></span> <span class='ocrx_word' id='word_1_776' title='bbox 3165 5679 3208 5732; x_wconf 88' lang='lat' dir='ltr'><strong>si</strong></span> <span class='ocrx_word' id='word_1_777' title='bbox 3243 5682 3432 5736; x_wconf 80' lang='lat' dir='ltr'><strong>saitcm</strong></span> <span class='ocrx_word' id='word_1_778' title='bbox 3468 5685 3533 5740; x_wconf 88' lang='lat' dir='ltr'><strong>ad</strong></span> 
     </span>
    </p>
   </div>
   <div class='ocr_carea' id='block_1_116' title="bbox 1947 5737 3536 5845">
    <p class='ocr_par' dir='ltr' id='par_1_116' title="bbox 1947 5737 3536 5845">
     <span class='ocr_line' id='line_1_117' title="bbox 1947 5737 3536 5845; baseline 0.032 -61"><span class='ocrx_word' id='word_1_779' title='bbox 1947 5737 2307 5807; x_wconf 85' lang='lat' dir='ltr'><strong>principium,</strong></span> <span class='ocrx_word' id='word_1_780' title='bbox 2368 5747 2470 5803; x_wconf 85' lang='lat' dir='ltr'><strong>hoc</strong></span> <span class='ocrx_word' id='word_1_781' title='bbox 2530 5765 2612 5807; x_wconf 89' lang='lat' dir='ltr'><strong>est</strong></span> <span class='ocrx_word' id='word_1_782' title='bbox 2687 5758 2945 5828; x_wconf 85' lang='lat' dir='ltr'><strong>Patrem,</strong></span> <span class='ocrx_word' id='word_1_783' title='bbox 3004 5769 3291 5827; x_wconf 78' lang='lat' dir='ltr'><strong>referatur.</strong></span> <span class='ocrx_word' id='word_1_784' title='bbox 3349 5776 3536 5845; x_wconf 68' lang='lat' dir='ltr'><strong>Itaque</strong></span> 
     </span>
    </p>
   </div>
   <div class='ocr_carea' id='block_1_117' title="bbox 1946 5828 3531 5938">
    <p class='ocr_par' dir='ltr' id='par_1_117' title="bbox 1946 5828 3531 5938">
     <span class='ocr_line' id='line_1_118' title="bbox 1946 5828 3531 5938; baseline 0.036 -61"><span class='ocrx_word' id='word_1_785' title='bbox 1946 5828 2216 5901; x_wconf 77' lang='lat' dir='ltr'><strong>principio</strong></span> <span class='ocrx_word' id='word_1_786' title='bbox 2253 5853 2358 5892; x_wconf 88' lang='lat' dir='ltr'><strong>non</strong></span> <span class='ocrx_word' id='word_1_787' title='bbox 2393 5856 2584 5899; x_wconf 81' lang='lat' dir='ltr'><strong>carent</strong></span> <span class='ocrx_word' id='word_1_788' title='bbox 2621 5852 2833 5909; x_wconf 84' lang='lat' dir='ltr'><strong>ratione</strong></span> <span class='ocrx_word' id='word_1_789' title='bbox 2869 5872 3068 5916; x_wconf 72' lang='lat' dir='ltr'><strong>causze.</strong></span> <span class='ocrx_word' id='word_1_790' title='bbox 3112 5862 3332 5920; x_wconf 73' lang='lat' dir='ltr'><strong>Consm</strong></span> <span class='ocrx_word' id='word_1_791' title='bbox 3371 5887 3531 5938; x_wconf 70' lang='grc' dir='ltr'>ρει·ιο</span> 
     </span>
    </p>
   </div>
   <div class='ocr_carea' id='block_1_118' title="bbox 3129 5959 3204 6020">
    <p class='ocr_par' dir='ltr' id='par_1_118' title="bbox 3129 5959 3204 6020">
     <span class='ocr_line' id='line_1_119' title="bbox 3129 5959 3204 6020; baseline 0.04 -3"><span class='ocrx_word' id='word_1_792' title='bbox 3129 5959 3204 6020; x_wconf 64' lang='grc' dir='ltr'><strong>ἂ5</strong></span> 
     </span>
    </p>
   </div>
  </div>
