4288 6372
772 367 908 424 ι-ελυ

2008 361 2299 420 ΝΙΩΕΤΕ
2338 361 2737 423 CllONlATrE

3854 364 3994 430 1420

753 485 982 526 causam
1023 470 1090 524 iis
1117 469 1340 525 omnino
1369 471 1730 538 antiquiorem
1765 486 1873 524 non
1903 485 2022 526 esse
2043 511 2057 535 ,
2090 487 2325 542 quorum
2355 479 2398 534 Α
2427 474 2546 542 ejus
2576 472 2812 542 perfecta
2835 478 2939 526 est.
2982 471 3171 541 Itaque
3201 471 3305 526 hoc
3355 470 3430 526 illi
3473 487 3582 525 non
3636 471 3886 535 accessit,
3934 489 3991 526 ut

757 578 922 618 causa
952 575 1032 618 est
1070 579 1084 615 :
1118 577 1220 616 nec
1247 564 1393 616 enim
1434 566 1514 618 sol
1558 567 1679 620 luce
1720 565 1996 633 antiquior
2029 573 2132 618 est.
2180 565 2313 618 Item

759 653 1028 722 principio
1059 652 1466 720 quodammodo
1491 665 1714 717 carent,
1751 656 1961 707 ratione
2011 653 2273 723 temporis
2298 691 2314 718 ,

756 745 1058 812 quamlibet
1085 754 1139 796 tu
1165 745 1311 796 larva
1338 755 1427 798 tua
1442 757 1514 812 _et
1545 747 1987 801 terriculamento
2012 745 2313 814 simplicio-

755 834 910 888 ribus
941 834 1208 900 imponas.
1235 839 1345 892 Nec
1371 840 1513 893 enim
1552 838 1787 906 tempori
1829 836 2195 907 subjiciuntur
2226 852 2312 901 ea,

752 938 819 978 ex
852 927 1053 994 quibus
1086 928 1261 995 ipsum
1297 936 1508 995 tempus
1537 926 1732 979 oritur.

1004 1038 1256 1107 Ejusdem
1283 1038 1472 1093 Basilii
1500 1055 1564 1092 ea:
1592 1040 1771 1094 eadem
1806 1039 2062 1092 oratione.

823 1154 875 1207 3.
916 1152 1200 1208 Habentnc
1229 1152 1562 1224 [Anommi]
1597 1161 1856 1222 praeterea
1898 1153 2163 1206 rationem
2211 1154 2314 1206 ali-

750 1261 914 1314 quam
949 1260 1014 1297 ex
1049 1246 1116 1298 iis
1144 1261 1281 1314 quas
1307 1255 1499 1314 putant
1527 1243 2010 1312 inexpugnabiles?
2039 1244 2116 1296 Ad
2165 1244 2310 1298 illam

750 1335 926 1400 forte,
958 1346 1216 1402 tanquam
1271 1335 1338 1387 ad
1392 1344 1694 1386 extremum
1743 1333 2075 1400 praesidium,
2115 1333 2310 1388 coniu-

749 1427 922 1496 gient,
958 1438 1019 1480 ut
1043 1427 1228 1480 dicant
1255 1440 1268 1475 :
1299 1425 1350 1478 Si
1385 1440 1491 1478 non
1523 1424 1684 1476 desiit
1711 1438 1972 1493 generare
2018 1424 2178 1488 Deus,
2212 1425 2314 1475 im-

751 1519 994 1583 perfecta
1049 1525 1133 1570 est
1208 1516 1540 1584 generatio,
1612 1526 1670 1569 et
1733 1516 2025 1583 aliquando
2098 1514 2311 1568 desinet

747 1623 1007 1678 generare
1037 1608 1157 1662 :sin
1183 1606 1366 1668 desiit,
1394 1607 1637 1676 proiecto
1657 1608 1820 1661 etiam
1855 1608 2040 1674 caepit.
2071 1607 2307 1660 Rursum

749 1699 998 1753 homines
1025 1699 1243 1767 corpori
1277 1698 1486 1762 dediti,
1520 1713 1639 1767 quae
1670 1712 1933 1766 corporea
1977 1707 2123 1763 sunt,
2159 1713 2223 1752 ea
2255 1700 2307 1752 in

2424 561 2705 631 gigneret,
2731 575 2910 629 neque
2940 560 3158 629 gignere
3186 560 3371 629 carpit.

2946 671 3200 741 Ejusdem
3250 671 3374 742 Cyri
3382 671 3462 726 Ni.

2498 784 2548 842 7.
2588 788 2744 855 Quod
2783 787 3029 857 pariendi
3061 786 3170 838 vim
3206 796 3398 840 natura
3431 784 3644 838 insitam
3687 781 3850 836 habet
3879 826 3893 846 ,
3922 800 3992 836 ex

2421 895 2488 934 eo
2531 882 2649 948 ipso
2679 879 2823 947 quod
2855 894 2964 932 non
3004 879 3165 948 parit,
3207 893 3316 930 non
3347 893 3414 931 eo
3445 876 3687 946 procedit
3717 875 3939 926 omnino
3974 916 3991 936 ,

2423 981 2483 1026 ut
2517 974 2693 1040 pariat
2739 985 2964 1040 :neque
3015 970 3140 1039 quia
3193 982 3387 1038 parere
3438 971 3607 1032 novit,
3660 966 3810 1020 novit
3851 976 3907 1017 et
3959 965 3996 1017 ὲ

2422 1063 2687 1133 pariendo
2735 1077 2973 1116 cessare.
3010 1061 3154 1131 ignis
3185 1059 3330 1115 enim
3362 1076 3393 1113 a
3423 1061 3604 1128 seipso
3633 1059 3992 1116 caliditatem,

2423 1169 2542 1224 qum
2568 1153 2669 1206 sibi
2701 1160 2899 1206 natura
2931 1153 3094 1217 inest,
3126 1163 3183 1206 ct
3213 1151 3558 1220 splendorem
3591 1161 3810 1218 generat
3840 1165 3852 1200 :
3891 1163 3994 1200 ne-

2421 1260 2529 1314 que
2562 1259 2692 1297 vero
2720 1257 2784 1295 eo
2817 1243 3116 1312 processit,
3150 1257 3213 1294 ex
3239 1257 3304 1295 eo
3333 1240 3478 1310 quod
3507 1239 3714 1313 calidus
3753 1254 3862 1290 non
3898 1239 3994 1300 sit,

2421 1349 2599 1403 neque
2634 1332 2869 1387 cessabit
2900 1347 3159 1401 generare
3186 1333 3237 1385 id
3271 1333 3416 1402 quod
3451 1331 3554 1385 sibi
3592 1338 3787 1384 natura
3824 1329 3992 1380 inest.

2421 1424 2526 1479 Sed
2565 1424 2727 1478 simul
2768 1434 2930 1492 atque
2962 1423 3065 1476 fuit
3089 1422 3260 1493 ignis,
3287 1425 3338 1476 ei
3367 1437 3587 1491 quoque
3635 1422 3810 1475 insita:
3855 1436 3993 1488 pro-

2420 1517 2679 1583 prietates
2713 1515 2818 1569 illa:
2851 1515 3091 1568 fuerunt.
3139 1512 3196 1567 Si
3230 1527 3359 1582 ergo
3385 1513 3470 1566 vel
3511 1514 3564 1566 in
3619 1513 3782 1566 rebus
3814 1527 3841 1564 a
3879 1510 3936 1563 Di
3958 1525 3994 1562 0

2420 1606 2622 1661 creatis
2675 1608 2989 1677 hujusmodi
3040 1605 3336 1675 generandi
3387 1605 3526 1657 ratio
3573 1602 3845 1669 videatur,
3894 1605 3993 1669 qui

2424 1697 2536 1759 tiat,
2567 1706 2627 1750 ut
2661 1697 2888 1765 impium
2924 1712 3030 1750 non
3063 1698 3154 1759 sit,
3197 1696 3242 1750 si
3284 1694 3489 1764 majora
3539 1692 3589 1746 ei
3643 1707 3749 1744 non
3787 1705 3990 1744 conce-

746 1790 983 1844 medium
1023 1789 1325 1858 proferunt.
1358 1789 1427 1841 At
1468 1804 1568 1856 ego
1616 1798 1798 1840 utrum
1844 1787 1948 1841 hoc
1994 1788 2134 1842 Filio
2183 1805 2312 1858 pro-
2346 1822 2386 1880 Β
2418 1788 2637 1852 dantur,
2668 1788 2919 1857 quamvis
2959 1802 3112 1840 mens
3140 1787 3375 1840 humana
3405 1793 3614 1837 naturae
3641 1782 3757 1851 ejus
3780 1784 3993 1848 magni-

745 1883 928 1951 prium
989 1883 1080 1945 sit,
1142 1890 1202 1934 ut
1256 1889 1520 1949 perpetuo
1591 1890 1926 1948 generetur,
1983 1895 2088 1933 non
2157 1883 2311 1948 prius

743 1973 1128 2042 explicandum
1189 1972 1320 2024 mihi
1371 1985 1495 2024 esse
1545 1979 1701 2039 puto,
1755 1984 1917 2040 quam
1962 1971 2127 2024 verba
2169 1971 2306 2025 illa:

741 2067 876 2120 Ante
901 2081 1077 2118 omnes
1129 2063 1286 2117 colles
1320 2080 1412 2133 ego
1460 2063 1795 2132 parturiebar
1825 2064 1892 2125 ⁸⁵,
1940 2063 2177 2131 penitius
2222 2079 2310 2116 ac-

743 2159 1094 2226 curatiusque
1128 2156 1462 2211 discussero.
1499 2154 1609 2210 Nec
1644 2164 1819 2208 tamen
1855 2155 2014 2208 video
2048 2156 2178 2223 quid
2219 2171 2313 2209 ne-

743 2251 982 2304 cessario
1016 2248 1374 2303 concludatur
1424 2247 1524 2299 hac
1554 2247 2046 2314 argumentatione.
2083 2247 2216 2298 Nam
2242 2249 2308 2310 si,

745 2352 805 2394 ut
837 2341 926 2394 isti
979 2341 1191 2403 volunt,
1247 2339 1297 2391 id
1351 2337 1538 2406 carpit,
1587 2337 1732 2405 quod
1791 2336 1952 2390 linem
2018 2339 2311 2406 aliquando

747 2433 1061 2486 habiturum
1107 2440 1213 2495 est,
1265 2430 1319 2484 id
1375 2440 1522 2484 certe
1571 2428 1716 2498 quod
1772 2429 1934 2483 ﬁnem
1991 2429 2308 2483 habiturum

747 2539 854 2578 non
887 2531 990 2586 est,
1023 2524 1173 2577 nullo
1205 2537 1442 2590 unquam
1474 2531 1718 2590 tempore
1761 2522 1948 2589 cmpit.
1995 2521 2136 2587 Quid
2181 2538 2310 2587 ergo

745 2615 813 2667 de
846 2613 1048 2673 anima.
1077 2613 1386 2682 angelicave
1419 2621 1609 2666 natura
1641 2612 1956 2680 responsuri
1979 2613 2153 2665 sunt?
2198 2613 2305 2675 Au,

747 2703 961 2756 tametsi
1009 2716 1128 2755 esse
1175 2704 1482 2770 cmperint,
1535 2702 1811 2756 desituras
1869 2702 2031 2756 etiam
2087 2702 2312 2756 dicent?

747 2794 856 2850 Aut
889 2793 934 2847 si
959 2808 1066 2846 non
1098 2792 1371 2855 desinant,
1402 2808 1469 2846 ne
1497 2794 1606 2846 ullo
1638 2792 1859 2861 quidem
1893 2808 2131 2861 unquam
2179 2805 2315 2847 tem-

747 2900 879 2953 pore
910 2885 1184 2954 cmpisse?
1233 2884 1393 2953 Atqui
1452 2894 1504 2939 et
1559 2893 1844 2953 cmperunt
1891 2900 2032 2949 esse,
2073 2895 2127 2939 et
2172 2902 2314 2939 nun-

746 2990 906 3043 quam
957 2974 1119 3028 tinem
1176 2973 1441 3028 habitura:
1487 2986 1634 3029 sunt.
1680 2974 1872 3029 Utrum
1939 2991 2071 3045 ergo
2122 2992 2310 3030 verum

747 3063 851 3115 hoc
875 3071 974 3125 est,
1003 3063 1148 3131 quod
1185 3063 1269 3115 isti
1303 3064 1456 3117 aiunt
1489 3081 1502 3115 :
1536 3065 1810 3133 Quidquid
1844 3064 2058 3118 initium
2099 3065 2310 3130 habuit,

2415 1879 2659 1933 tudinem
2690 1878 3158 1947 comprehendere
3190 1893 3297 1930 non
3327 1878 3502 1946 possit
3528 1877 3550 1928 ?

2414 1993 2741 2045 Assertiones
2771 1990 3017 2044 adversus
3048 1989 3212 2042 aliam
3257 1988 3507 2042 Eunomii
3554 1989 3776 2040 Iueresin
3817 2003 3833 2038 :
3869 1985 3984 2038 Non

2869 2076 3074 2116 semper
3122 2061 3280 2128 fuisse
3327 2059 3521 2124 lilium.

3037 2191 3192 2246 CAP.
3233 2191 3342 2245 LV.

2477 2305 2658 2376 Magni
2686 2306 2966 2361 Athanasii
2997 2307 3245 2425 adticis?
3277 2307 3407 2358 hoc:
3438 2304 3555 2359 Non
3582 2320 3782 2356 semuer
3819 2304 3920 2370 [ml

3173 2393 3188 2425 ι
3214 2392 3313 2425 ius.

3173 2392 3313 2428 mus.

2481 2511 2534 2563 8.
2578 2510 2634 2565 Si
2679 2511 2850 2565 Filius
2900 2512 3192 2581 aliquando
3241 2526 3351 2564 non
3402 2511 3538 2575 iuit,
3598 2524 3749 2565 certe
3796 2527 3984 2564 saneta

2412 2599 2652 2656 Trinitas
2684 2602 2980 2685 aliquando
3012 2603 3251 2658 Trinitas
3275 2618 3383 2656 non
3416 2603 3518 2657 l'uit
3552 2621 3565 2658 :
3597 2605 3691 2658 sed
3727 2603 3795 2657 ab
3829 2603 3988 2656 ἰιιιιίιι

2412 2689 2634 2758 quidem
2666 2689 2771 2744 fuit
2803 2691 3000 2755 unitas,
3029 2701 3216 2759 postea
3253 2707 3382 2745 vero
3409 2693 3613 2746 adnato
3643 2691 3799 2752 Filio.
3848 2691 3989 2744 dua-

2414 2781 2538 2834 litas
2575 2798 2587 2832 :
2625 2780 2843 2833 tandem
2897 2781 3132 2849 denique
3186 2782 3444 2850 adjuncto
3479 2781 3689 2850 Spiritu
3750 2793 3939 2836 sancto
3968 2820 3985 2841 ,

2411 2865 2733 2918 conﬁrmata
2757 2876 2812 2918 et
2840 2865 3078 2934 perfecta
3109 2876 3212 2920 est.
3245 2867 3352 2931 Qui
3381 2866 3444 2920 fit
3475 2875 3681 2928 autem,
3720 2875 3780 2919 ut
3809 2877 3990 2934 poste-

2415 2955 2529 3008 rius
2555 2955 2724 3021 edita,
2756 2965 2811 3008 et
2836 2958 3178 3010 extrinsecus
3213 2956 3466 3027 adjuncta
3503 2957 3674 3019 Patri,
3701 2959 3794 3025 qui
3827 2959 3988 3026 prin-

2413 3048 2558 3116 cipio
2606 3056 2779 3111 caret,
2836 3058 3264 3112 accenseantur,
3315 3064 3532 3119 unaque
3584 3064 3781 3102 novam
3829 3065 3988 3101 crea-

745 3151 800 3205 id
836 3151 998 3206 ﬁnem
1027 3166 1245 3221 quoque
1275 3153 1588 3206 habiturum
1633 3153 1788 3207 esse?
1836 3154 1975 3208 Ecce
2021 3169 2152 3210 vero
2202 3157 2318 3223 ipsa
2344 3154 2387 3212 C
2425 3149 2438 3191 ¹

2293 3171 2318 3210 a
2344 3154 2387 3212 ο
2425 3149 2603 3193 turam
2642 3140 2915 3193 condant?
2942 3154 3038 3192 eos
3062 3140 3322 3193 nimirum
3348 3141 3442 3208 qui
3473 3155 3629 3193 sacro
3659 3140 3986 3209 baptismate

747 3257 964 3311 quoque
1015 3243 1108 3296 Dei
1157 3244 1222 3296 de
1279 3259 1336 3296 re
1396 3243 1651 3312 quapiam
1701 3244 1955 3312 privatio,
2000 3260 2120 3313 quae
2163 3247 2311 3312 prin-

747 3334 893 3403 cipio
927 3344 1074 3388 caret
1103 3333 1244 3402 apud
1284 3335 1471 3400 Deum,
1513 3334 1674 3389 ﬁnem
1705 3334 1889 3398 habet,
1916 3349 2040 3388 cum
2069 3335 2306 3405 primum

747 3438 835 3479 res
861 3424 974 3494 ipsa
1007 3425 1169 3479 ﬁnem
1199 3441 1357 3479 suum
1395 3427 1584 3480 sortita
1616 3427 1801 3481 fuerit.

1311 3535 1492 3590 Sancti
1541 3536 1744 3606 Cyriili.

820 3644 875 3698 4.
941 3645 998 3699 Si
1054 3655 1294 3715 paternae
1339 3647 1689 3717 hyposlaseos
1737 3646 2012 3716 specimen
2064 3647 2177 3717 ipsa
2225 3658 2310 3701 est

747 3737 1029 3806 genitura,
1059 3752 1154 3790 seu
1188 3735 1281 3790 Dei
1315 3737 1591 3805 generatio
1613 3778 1627 3801 ,
1661 3737 2018 3804 consequitur
2063 3737 2304 3799 omnino,

751 3837 808 3880 ut
841 3827 1101 3880 naturalis
1128 3827 1198 3880 sit
1222 3829 1340 3897 ejus
1366 3829 1673 3895 proprietas
1697 3867 1710 3890 ,
1757 3841 1934 3895 neque
1981 3835 2165 3894 postea
2200 3841 2299 3879 ea}

747 3917 912 3985 perit.
950 3917 1086 3971 Nam
1127 3931 1194 3970 ex
1229 3918 1567 3971 naturalibus
1611 3926 1666 3970 et
1713 3915 1914 3968 divinis
1961 3916 2308 3984 proprietati-

749 4011 854 4066 bus
880 4012 1028 4066 nulla
1058 4022 1164 4073 est,
1197 4028 1316 4081 qua:
1345 4011 1416 4065 sit
1445 4011 1787 4064 extrinsecus
1815 4009 2004 4062 ast-ita.

1274 4125 1526 4195 Ejusdem
1567 4122 1774 4192 Cyrilli.

823 4241 877 4294 5.
919 4238 975 4294 Si
1012 4238 1230 4308 quidem
1260 4238 1420 4292 Pater
1456 4237 1719 4305 coeperit,
1762 4245 1817 4291 et
1854 4236 2062 4291 destitit
2112 4236 2307 4290 Filium

747 4346 1028 4401 generare,
1062 4343 1119 4384 ut
1148 4330 1349 4384 Christi
1378 4331 1560 4382 hostes
1585 4330 1899 4399 opinantur,
1931 4338 2080 4382 certe
2110 4330 2308 4381 altera-

751 4423 884 4476 tioni
917 4433 968 4478 et
1018 4423 1302 4477 mutationi
1354 4423 1623 4476 obnoxius
1659 4432 1761 4476 est.
1806 4423 1959 4486 Quod
2008 4423 2150 4472 enim
2200 4434 2306 4472 non

2419 3230 2844 3297 regenerantur?
2883 3239 3044 3297 atque
3072 3245 3175 3283 una
3197 3231 3360 3282 etiam
3395 3244 3520 3283 cum
3555 3231 3649 3282 illo
3683 3232 3988 3281 adorantur

2416 3327 2473 3372 et
2499 3317 2912 3387 gloriﬁcantur?
2942 3319 3031 3371 Ait
3083 3319 3225 3371 enim
3263 3318 3602 3385 Scriptura:
3648 3315 3986 3382 Baptizames

2415 3425 2500 3463 eos
2527 3411 2580 3462 in
2613 3412 2828 3465 nomine
2861 3409 3036 3464 Patris
3061 3420 3114 3463 et
3154 3407 3279 3463 Fiiii
3309 3419 3355 3462 et
3385 3408 3614 3478 Spiritus
3647 3410 3815 3462 sancti
3851 3409 3919 3460 “.

2854 3501 3104 3590 Ejusdem
3136 3519 3200 3573 B.
3234 3521 3512 3572 Athanasii

2484 3634 2538 3687 9.
2574 3634 2629 3687 Si
2658 3633 2830 3688 Filius
2856 3673 2871 3694 ,
2897 3643 2953 3687 ut
2977 3633 3270 3702 Apostolus
3301 3632 3396 3693 ait,
3421 3631 3669 3699 splendor
3698 3631 3882 3698 gloria:
3911 3630 3979 3691 ",

2415 3725 2530 3777 sive
2566 3725 2658 3778 Dei
2690 3736 2743 3778 et
2773 3725 2949 3778 Patris
2973 3733 3077 3781 est.
3111 3733 3273 3792 atque
3303 3724 3440 3774 adeo
3489 3723 3773 3775 character
3804 3722 3984 3790 hypo-

2415 3826 2621 3867 staseos
2648 3815 2786 3882 ejus,
2821 3817 3175 3883 consequitur
3210 3822 3267 3866 ut
3295 3813 3536 3881 separari
3583 3827 3612 3864 a
3662 3812 3820 3865 Patre
3868 3828 3980 3865 non

2415 3909 2624 3973 possit;
2665 3906 2918 3974 splendor
2967 3908 3110 3958 enim
3144 3906 3212 3958 ab
3238 3921 3326 3968 eo,
3376 3907 3533 3974 cujus
3583 3904 3838 3972 Splendor
3871 3917 3979 3965 est.

2415 3999 2652 4067 separari
2702 3997 2912 4064 nequit,
2945 4006 2999 4049 at
3037 4012 3158 4049 cum
3193 4011 3259 4049 eo
3287 4011 3503 4064 semper
3532 4006 3651 4058 est,
3689 3996 3848 4062 idque
3879 4010 3982 4046 na—

2417 4099 2565 4153 tura,
2618 4103 2727 4141 non
2776 4089 3117 4141 extrinsecus
3172 4089 3398 4140 ascitus.
3447 4087 3764 4156 llujusmodi
3810 4103 3982 4156 porro

2415 4193 2499 4234 εει
2528 4179 2886 4248 hypestaseos
2917 4193 3132 4246 quoque
3158 4178 3460 4231 character.

2979 4290 3164 4343 Basilii
3193 4290 3395 4360 Magni.

2489 4404 2575 4457 l0.
2635 4403 2968 4469 Principium
3000 4402 3222 4468 quidem
3259 4403 3434 4454 l'atris
3485 4403 3691 4456 nullum
3728 4422 3741 4455 :
3775 4405 3984 4472 princi-

747 4523 866 4567 erat
893 4523 1180 4580 antequam
1215 4515 1480 4584 gigneret,
1512 4513 1565 4567 id
1591 4527 1712 4566 esse
1741 4514 1928 4578 C(Bpil,
1955 4521 2306 4578 posteaquam
2343 4512 2384 4566 D
2413 4493 2558 4584 Pin!“
2604 4507 2734 4544 νθτο
2766 4493 3123 4584 ίδηιθίιλΡξιθτ·
3159 4491 3358 4544 “Orum
3396 4508 3557 4560 Ροπο
3588 4493 3980 4584 “fierit”?de

749 4603 952 4672 genuit.
988 4602 1142 4667 Quod
1199 4605 1241 4656 si
1291 4603 1639 4672 praestantior
1693 4610 1777 4655 est
1824 4601 2099 4661 divinitas,
2151 4615 2313 4668 quam

751 4702 809 4746 ut
857 4693 951 4746 ulli
1006 4694 1077 4746 sit
1132 4693 1419 4766 mutationi
1467 4692 1727 4754 obnoxia,
1783 4689 1926 4742 haud
1986 4690 2151 4742 dubie
2215 4702 2315 4740 nec

751 4786 918 4854 coepit
948 4800 1049 4840 nec
1087 4784 1250 4838 desiit
1298 4783 1494 4837 Filium
1540 4786 1783 4854 gignere,
1831 4781 1924 4834 sed
1975 4781 2166 4842 Filius,
2220 4795 2315 4848 per

748 4893 913 4945 quem
943 4879 1136 4932 sa'cula
1166 4878 1307 4932 facta
1339 4888 1466 4932 sunt
1510 4887 1566 4931 et
1611 4886 1855 4945 tempora
1876 4916 1890 4940 ,
1927 4876 1980 4926 in
2012 4874 2168 4926 Patre
2197 4873 2314 4926 sine

751 4978 993 5037 tempore
1024 4977 1164 5021 erat.

1291 5077 1540 5147 Ejusdem
1572 5075 1692 5146 Cyri
1699 5075 1776 5129 lli.

823 5194 874 5247 6.
919 5191 972 5248 Si
1004 5193 1162 5246 Pater
1201 5192 1395 5245 Filium
1427 5191 1648 5262 gignere
1680 5191 1927 5258 cmperit,
1967 5189 2066 5242 hoc
2091 5190 2310 5258 quidem

750 5293 899 5337 certe
948 5285 1026 5336 illi
1075 5293 1327 5345 accessu,
1372 5292 1426 5335 et
1461 5286 1731 5350 posterius
1785 5281 1836 5333 id
1891 5283 2118 5348 accepit,
2169 5281 2312 5348 quod

753 5373 911 5426 initio
943 5373 1122 5426 minus
1152 5371 1404 5425 habebat.
1439 5371 1534 5426 Cui
1565 5388 1724 5440 porro
1753 5372 1929 5438 aliqua
1962 5373 2020 5424 lit
2047 5364 2309 5432 accessio,

751 5461 804 5514 id
845 5461 1245 5530 imperfectum,
1281 5478 1387 5513 non
1417 5468 1596 5513 autem
1617 5461 1916 5529 perfectum
1966 5468 2101 5511 erat.
2156 5459 2310 5522 Quod

750 5552 971 5618 quidem
1011 5551 1077 5605 de
1117 5552 1271 5606 Patre
1307 5551 1545 5620 cogitare
1576 5550 1726 5603 nefas
1754 5559 1855 5603 est.
1890 5547 2134 5601 Essentia
2165 5549 2310 5601 enim

828 5753 1056 5806 "Prov.
1113 5765 1226 5812 wn,
1280 5749 1366 5802 ‘25.
1469 5748 1513 5780 ⁸⁸
1537 5745 1727 5800 Matth.
1771 5761 1954 5809 vxvui,
1988 5746 2066 5798 lt}.

2415 4583 2621 4636 nullum
2679 4591 2783 4634 est.
2835 4581 2937 4644 Qui
2979 4581 3097 4632 ﬁeri
3132 4595 3259 4646 ergo
3294 4589 3492 4647 potest,
3529 4591 3585 4631 ut
3627 4581 3672 4631 is
3715 4595 3822 4631 non
3873 4582 3976 4640 sit,

2414 4674 2505 4740 qui
2543 4671 2676 4724 nihil
2737 4671 2953 4731 habeat,
2986 4671 3130 4736 quod
3158 4670 3261 4722 sibi
3313 4671 3411 4736 ipsi
3461 4680 3644 4736 postea
3681 4670 3856 4722 inesse
3897 4672 3980 4720 in-

2414 4764 2708 4831 telligatur,
2757 4761 2859 4813 nisi
2912 4775 3038 4813 eum
3091 4775 3122 4813 a
3175 4775 3288 4827 quo
3342 4761 3520 4827 ipsum
3575 4773 3693 4812 esse
3746 4761 3977 4827 accepit,

2411 4869 2536 4907 eum
2566 4892 2580 4915 ,
2626 4853 2881 4920 inquam,
2929 4851 3021 4917 qui
3077 4850 3227 4902 nullo
3275 4850 3589 4917 praeminet
3655 4849 3976 4911 intervallo,

2412 4946 2506 5000 sed
2538 4945 2653 5000 sola
2688 4958 2862 4997 causa:
2891 4940 3097 4994 ratione
3127 4942 3488 5009 praeponitur?

2953 5054 3204 5124 Ejusdem
3234 5055 3438 5108 Basilii.

2489 5172 2575 5226 Η.
2621 5173 2678 5225 Si
2709 5173 2908 5226 ommia
2937 5188 3034 5241 per
3073 5171 3269 5224 Filium
3313 5168 3451 5221 facta
3478 5174 3640 5226 sunt,
3678 5180 3842 5217 unum
3879 5179 3972 5216 au-

2420 5273 2525 5317 tem
2556 5280 2620 5318 ex
2670 5265 2923 5318 omnibus
2969 5275 3182 5330 tempus
3230 5269 3348 5326 est;
3394 5260 3579 5312 adlnec
3626 5259 3669 5309 si
3711 5273 3805 5325 per
3852 5273 3972 5310 eum

2418 5359 2578 5411 Pater
2612 5358 2740 5409 fecit
2770 5365 2825 5409 et
2871 5355 3066 5408 secula
3093 5395 3106 5417 ,
3136 5362 3281 5407 certe
3307 5362 3432 5404 ante
3463 5365 3587 5403 eum
3623 5365 3798 5416 neque
3847 5359 3970 5401 tem-

2420 5452 2569 5518 poris
2597 5463 2772 5516 neque
2813 5447 2996 5501 saeculi
3047 5447 3150 5499 fuit
3193 5445 3534 5499 intervallum
3569 5461 3581 5494 ε
3620 5451 3678 5493 ut
3723 5437 3848 5492 huic
3899 5443 3950 5492 in

2422 5547 2580 5598 nixus
2633 5543 2784 5597 dicas
2830 5547 2955 5597 eum
3011 5539 3305 5611 aliquando
3385 5553 3493 5591 non
3543 5535 3726 5589 fuisse.
3801 5534 3980 5598 Qum“.

2156 5746 2198 5776 ⁸⁷
2224 5745 2382 5800 llebr.
2427 5761 2462 5810 l,
2497 5745 2548 5798 5.
