4288 6372
274 432 409 502 ιιει

274 629 532 709 [Filius]
569 646 679 684 non
712 629 838 681 fuit.

809 737 1064 807 Ejusdem
1105 733 1314 789 Basilii.

344 859 430 914 ιε.
475 857 568 912 Isti
597 853 822 925 quidem
863 852 1021 906 aiunt
1054 867 1067 902 :
1101 847 1158 902 Si
1183 856 1325 909 erat.
1353 847 1571 917 genitus
1612 859 1720 896 non
1749 851 1849 894 est.

273 950 381 1007 Nos
411 962 594 1004 autem
629 948 868 1000 dicimus
899 942 1048 1013 quod
1085 951 1201 994 erat
1234 952 1289 995 et
1319 942 1538 1008 genitus
1576 946 1679 988 est.
1733 935 1854 987 Il.ec

272 1045 417 1098 enim
447 1041 635 1103 verba,
669 1038 751 1093 Ea:
787 1048 934 1092 utero
982 1046 1105 1088 ante
1155 1034 1456 1102 Luciferum
1493 1033 1649 1100 genui
1710 1042 1757 1081 te
1789 1027 1856 1090 ",

274 1150 330 1192 et
370 1137 515 1198 haec,
550 1136 683 1186 Ante
730 1147 908 1185 omnes
947 1127 1103 1182 colles
1136 1127 1312 1198 gannit
1347 1141 1428 1177 me
1450 1125 1519 1180 ".
1568 1134 1624 1177 et
1663 1133 1858 1174 cetera

278 1228 331 1283 id
361 1242 554 1297 genus,
588 1225 782 1280 Filium
810 1223 1049 1291 genitum
1075 1260 1088 1280 ,
1115 1231 1168 1271 et
1201 1218 1368 1270 alium
1398 1231 1426 1269 a
1462 1215 1644 1274 Patre,
1683 1228 1860 1281 quan-

280 1329 395 1372 tum
428 1318 494 1372 ad
527 1314 867 1386 hypostasin.
901 1326 1022 1366 esse
1055 1312 1457 1363 demonstrant.
1492 1305 1618 1359 llaic
1659 1312 1862 1362 autem,

279 1411 342 1465 In
398 1410 655 1480 principio
707 1415 820 1458 erat
874 1404 1114 1464 Verbum,
1167 1409 1215 1454 ct
1270 1398 1488 1452 Verbum
1547 1405 1663 1449 erat
1725 1395 1865 1460 apud

282 1503 452 1556 Deum
507 1511 555 1552 et
601 1498 736 1551 Deus
779 1505 894 1549 erat
952 1495 1191 1548 Verbum.
1255 1493 1432 1546 Item:
1492 1489 1601 1541 Hoc
1643 1499 1756 1540 erat
1813 1488 1863 1538 in

287 1593 544 1662 principio
599 1589 740 1655 apud
797 1585 982 1636 Deum.
1029 1585 1256 1653 Insuper
1306 1579 1452 1650 quod
1488 1577 1656 1630 semel
1707 1584 1867 1643 atque

293 1688 488 1738 iterum
519 1683 750 1734 verbum
781 1686 895 1729 erat
947 1679 1000 1730 in
1047 1675 1408 1744 sequentibus
1442 1670 1736 1743 adjicitur,
1775 1683 1868 1720 ar-

289 1783 553 1845 gumento
609 1781 695 1824 est
756 1769 954 1822 Filium
1011 1767 1079 1820 ab
1131 1774 1341 1819 aeterno
1414 1777 1556 1823 esse,
1613 1760 1870 1826 Patrique

284 1877 504 1931 semper
548 1862 828 1914 adhaerere
886 1870 1188 1924 :,quorum
1249 1851 1595 1907 contirmatio
1650 1850 1735 1902 his
1804 1861 1870 1900 ex
1904 1861 1948 1921 Β

284 1955 470 2011 verbis
531 1952 640 2024 peti
702 1947 1040 2014 debetzQui
1096 1956 1184 2001 est
1243 1947 1299 2000 in
1353 1945 1477 1998 sinu
1530 1941 1728 2001 Patris,
1778 1941 1872 2009 qui

286 2061 508 2117 semper
539 2054 646 2107 est,
679 2056 782 2096 nec
816 2040 885 2095 ab
909 2055 976 2096 eo
1001 2047 1291 2109 separatur
1323 2035 1586 2105 unquam.

358 2158 428 2214 Β.
461 2155 687 2226 Cregor.
731 2152 980 2276 Ni;an
996 2152 1345 2276 caprili-otiose
1375 2151 1446 2203 ad
1473 2143 1808 2215 Simplicium

983 2241 1010 2276 e
1097 2241 1112 2276 ι
1138 2237 1209 2274 ιο.

983 2241 1010 2277 ε
1047 2237 1082 2276 I'
1097 2237 1209 2276 ιιιο.

365 2345 454 2402 ﬂ.
486 2344 630 2402 Deus
657 2357 756 2414 per
786 2340 1120 2412 Prophetam
1159 2345 1311 2391 vetat
1340 2333 1411 2398 “,
1466 2345 1537 2387 ne
1575 2329 1748 2386 Deum
1787 2343 1878 2383 re-

290 2446 540 2501 centem,
600 2433 772 2490 Deum
819 2445 944 2487 esse
1018 2437 1383 2500 reputemus,
1436 2437 1577 2478 neve
1638 2423 1882 2476 alienum

294 2529 466 2584 Deum
521 2528 765 2582 colamus
803 2531 899 2576 aut
927 2523 1244 2576 adoremus.
1297 2515 1456 2573 Unde
1495 2523 1711 2570 constat
1756 2525 1884 2566 eum

295 2629 575 2676 recentem
616 2616 751 2679 dici,
781 2616 875 2684 qui
931 2613 1001 2666 ab
1053 2621 1263 2666 aeterno
1310 2624 1422 2664 non
1472 2617 1601 2670 est,
1654 2607 1886 2675 viceque

295 2726 456 2765 versa
484 2720 755 2762 aeternum
790 2704 1077 2774 appellari,
1116 2704 1209 2771 qui
1254 2717 1450 2756 recens
1481 2716 1590 2754 non
1617 2700 1708 2752 sit.
1744 2699 1890 2765 Quo-

246 2849 248 2851 .
296 2808 446 2860 circa
493 2803 747 2873 quisquis
802 2799 1155 2870 Unigenitum
1210 2795 1280 2851 ab
1332 2805 1540 2850 aeterno
1590 2793 1760 2847 Deum
1823 2806 1886 2845 ex

297 2898 460 2951 I’atre
508 2911 632 2951 esse
669 2909 779 2948 non
819 2892 1039 2954 credit,
1073 2892 1118 2944 is
1142 2904 1270 2943 eum
1307 2896 1586 2942 recentem
1613 2899 1734 2939 esse
1781 2898 1891 2938 non

299 2991 598 3046 inticiatur.
654 2986 940 3055 Siquidem
985 2984 1134 3050 quod
1184 2995 1293 3034 non
1347 2987 1433 3032 est
1476 2986 1787 3042 aeternum,
1838 2974 1892 3028 id

301 3083 530 3136 omnino
558 3092 754 3133 recens
783 3086 888 3132 est.
922 3074 1223 3137 Caeterum,
1254 3071 1528 3141 quidquid
1561 3085 1754 3123 recens
1786 3077 1892 3131 est,

275 3168 449 3226 Deus
499 3186 610 3224 non
660 3175 750 3222 est
787 3185 800 3221 :
832 3176 996 3236 prout
1041 3172 1337 3218 attestatur
1388 3161 1707 3230 Scriptura,
1768 3174 1894 3213 cum

301 3265 382 3318 ait
419 3281 431 3316 :
464 3261 583 3316 Non
604 3261 708 3313 erit
741 3260 796 3311 in
829 3267 880 3310 te
908 3257 1047 3310 Deus
1077 3271 1280 3309 recens.
1311 3253 1574 3323 Quisquis
1612 3266 1746 3321 ergo
1773 3265 1900 3304 cum

303 3354 600 3424 aliquando
633 3368 739 3405 non
769 3350 939 3403 fuisse
969 3349 1067 3410 ait,
1100 3346 1147 3400 is
1175 3347 1295 3415 ejus
1333 3345 1682 3398 divinitatem
1719 3354 1898 3412 negat.

305 3447 511 3503 Adha-c
545 3446 640 3513 qui
687 3442 765 3495 ait
798 3459 813 3496 :
841 3439 960 3494 Non
1013 3439 1261 3491 adorabis
1289 3435 1457 3489 Deum
1491 3436 1728 3487 alienum
1753 3435 1822 3498 ⁸⁸,
1858 3435 1904 3487 is

307 3540 477 3594 Deum
525 3538 765 3589 alienum
819 3532 1054 3585 adorare
1093 3538 1262 3582 vetat.
1310 3527 1540 3582 Alienus
1579 3542 1746 3597 porro
1796 3537 1901 3591 est,

307 3632 461 3701 quia
493 3627 719 3698 proprio
765 3627 874 3678 Deo
910 3632 1103 3676 nostro
1153 3622 1442 3691 sejunctas
1491 3620 1902 3675 consideratur.

306 3727 428 3782 .lam
461 3721 723 3791 proprius
769 3717 916 3771 Deus
947 3722 1135 3768 noster
1159 3754 1174 3778 ,
1207 3713 1336 3782 quis
1366 3710 1496 3766 est?
1525 3711 1702 3766 Verus
1748 3712 1910 3765 nimi-

312 3834 437 3874 rum
470 3817 634 3872 Deus.
669 3813 806 3882 Quis
833 3825 1004 3882 porro
1034 3807 1290 3865 alienus?
1320 3806 1371 3862 Is
1400 3822 1598 3878 nempe
1624 3845 1638 3869 ,
1686 3805 1782 3875 qui
1823 3804 1910 3858 di-

311 3925 526 3968 versam
574 3924 606 3963 a
649 3920 784 3961 vero
839 3901 951 3958 Deo
1011 3910 1266 3956 naturam
1318 3899 1508 3954 habet.
1555 3898 1738 3965 Quare
1783 3912 1907 3951 cum

313 4003 571 4074 proprius
607 4009 795 4055 noster
828 3998 923 4052 sit-
951 4010 1120 4050 verus
1153 3994 1321 4060 Deus,
1354 3992 1481 4046 inde
1509 3991 1571 4046 tit
1605 4001 1665 4045 ut
1717 3993 1911 4061 unige-

315 4094 466 4149 nitus
496 4092 664 4156 Deus,
697 4091 741 4144 si
768 4088 880 4144 veri
910 4087 1002 4141 Dei
1045 4095 1320 4148 naturam,
1357 4096 1413 4138 ut
1435 4082 1631 4137 volunt
1646 4082 1911 4146 ᾔει-αἰεί,

317 4202 430 4241 non
465 4176 696 4246 habeat,
729 4181 947 4237 alienus
975 4179 1120 4234 Deus
1161 4178 1273 4239 sit.
1323 4191 1432 4232 non
1463 4187 1652 4230 autem
1701 4186 1912 4229 noster.

317 4277 611 4339 Caeterum,
645 4290 787 4338 oves,
831 4283 890 4327 ut
920 4262 974 4326 in
1008 4269 1306 4340 Evangelia
1337 4268 1545 4338 legitur
1571 4268 1642 4332 “,
1676 4267 1915 4320 alienum

320 4385 426 4423 non
466 4368 713 4421 audiunt.
785 4425 788 4428 ,

391 4461 496 4528 Qui
532 4471 780 4515 creatum
810 4460 992 4527 ipsum
1022 4471 1143 4512 esse
1176 4455 1276 4519 ait,
1309 4453 1357 4507 is
1383 4468 1413 4506 a
1445 4462 1644 4506 natura
1673 4451 1788 4505 veri
1820 4451 1915 4504 Dei

320 4555 562 4611 alienum
623 4553 837 4609 statuit.
894 4551 1014 4607 Jam
1064 4549 1197 4620 quid
1257 4554 1430 4618 agunt
1484 4543 1622 4617 [qui
1667 4555 1911 4599 creatum
1951 4554 2038 4609 θ’

324 4642 719 4717 proﬁtentur]?
781 4643 1087 4697 adorantue
1157 4640 1334 4705 illum,
1389 4637 1634 4692 annon?
1692 4635 1752 4689 Si
1806 4652 1914 4689 non

324 4740 579 4801 adorant.
631 4735 856 4792 Iudaeos
900 4735 1194 4789 imitantur
1230 4731 1327 4802 qui
1368 4729 1652 4784 Christum
1685 4729 1919 4783 adoran-

325 4831 457 4888 dum
494 4845 618 4886 esse
656 4837 876 4901 negant.
906 4828 977 4882 At
1009 4826 1054 4881 si
1087 4825 1359 4889 adorant,
1415 4823 1720 4877 idololatrae
1764 4831 1916 4887 sunt,

324 4928 422 4998 qui
461 4927 702 4982 alienum
738 4941 769 4980 a
797 4939 930 4978 Vero
982 4902 1095 4977 Deo
1134 4920 1389 4975 adorent.
1442 4920 1562 4971 Jam
1614 4929 1768 4984 aeque
1817 4916 1920 4966 im-

329 5023 481 5091 pium
525 5029 646 5084 est,
685 5028 742 5074 et
789 5033 984 5071 verum
1034 5014 1203 5068 Deum
1253 5029 1362 5066 non
1401 5009 1654 5067 adorare.
1700 5017 1756 5060 et
1789 5006 1925 5059 alic-

332 5130 460 5168 num
521 5129 550 5167 a
604 5126 732 5164 vero
799 5111 908 5163 Deo
969 5109 1223 5161 adorare.
1277 5102 1514 5158 Proinde
1576 5115 1741 5154 serus
1805 5097 1918 5150 νυνὶ

332 5207 511 5270 Patris
573 5205 745 5261 Filius
802 5203 949 5256 Deus
1013 5203 1174 5255 nobis
1227 5197 1498 5253 dicendus
1541 5205 1620 5249 cst
1687 5203 1744 5247 ut
1795 5207 1919 5246 eum

333 5303 629 5355 adoremus
696 5311 880 5368 neque
944 5294 1422 5354 condemnemur,
1475 5299 1531 5343 ut
1604 5287 1765 5342 alieni
1828 5286 1922 5339 Dei

333 5397 681 5452 adoratores.

395 5507 648 5574 Ejusdem
683 5504 906 5575 Nysseni
933 5501 1266 5626 indoratione
1298 5497 1362 5550 de
1398 5496 1520 5551 Filii
1545 5505 1593 5548 et
1636 5492 1870 5562 Spiritus

1025 5576 1264 5626 ivinitute

1025 5576 1264 5627 ivinitute

416 5692 502 5747 Η.
540 5691 742 5748 Dicunt
788 5689 1114 5745 Eunomiani
1146 5727 1160 5751 ,
1212 5685 1408 5740 Filium
1463 5683 1757 5753 aliquando
1816 5697 1927 5734 non

453 5878 500 5913 ”
539 5876 681 5934 Psal.
732 5881 842 5944 Cu,
873 5875 923 5930 3.
996 5875 1040 5907 "
1073 5872 1236 5928 Prov.
1273 5871 1506 5938 vm,‘.’;‘i.

1534 410 1932 475 TllESAURl
1980 410 2126 470 LIB.
2171 409 2232 466 Υ.

269 554 472 600 vanum
506 550 562 594 et
589 537 744 592 futile
769 543 852 589 est
877 528 1024 602 quod
1046 519 1236 584 'dicitis
1267 543 1280 580 :
1318 523 1442 580 Fuit
1473 533 1710 593 tempus,
1745 533 1854 591 quo
1881 525 1929 583 Α
1959 519 2144 572 fuisse.
2198 518 2265 565 At

1955 611 2182 666 omnino
2217 604 2334 656 luit.
2366 602 2420 654 Si
2458 595 2718 666 splendor
2758 610 2862 647 non
2893 589 3055 642 fuerit
3080 629 3092 648 ,
3131 604 3195 638 uc
3231 587 3322 653 qui
3355 584 3534 650 Splt‘lt-

1955 703 2113 755 deret
2161 696 2382 764 quidem
2438 691 2562 744 fuit.
2611 688 2664 739 Si
2721 685 3002 736 cliaraezcr
3048 695 3141 728 «eu
3199 679 3369 740 ligura
3431 690 3535 722 non

1958 794 2158 850 fuerit,
2194 805 2258 840 ne
2295 780 2601 854 lzypostasis
2639 777 2858 847 quidem
2899 774 3016 824 iuit.
3058 772 3111 821 Si
3147 767 3386 836 petentia
3432 779 3537 812 nou

1960 885 2150 944 fuerit,
2204 883 2246 933 si
2284 879 2560 946 .‘iipientia
2614 890 2718 925 non
2770 868 2932 922 fuerit
2985 867 3160 915 (citra
3212 875 3347 928 quas
3398 857 3542 908 lic-us

1603 5870 1645 5900 ‘°
1677 5868 1816 5924 l'sal.
1848 5880 2007 5930 mu,
2037 5863 2092 5920 9.

3393 383 3524 442 14?.‘3

2313 510 2355 564 si
2388 508 2562 562 Filius
2612 519 2718 558 non
2750 501 2946 560 fuerit,
2999 511 3064 548 ne
3108 496 3265 548 Pater
3311 493 3529 559 quidem

1964 994 2073 1030 non
2103 985 2187 1029 est
2216 991 2246 1035 ι,
2289 991 2350 1023 ne
2384 971 2525 1021 heus
2565 968 2782 1033 quidem
2817 963 2936 1013 l'uit.
2966 958 3072 1009 Nec
3105 955 3248 1006 enim
3295 953 3408 1002 lieri
3445 965 3540 1016 po-

1965 1079 2091 1124 test.
2130 1079 2188 1120 ut
2237 1064 2463 1132 gloriam
2513 1061 2628 1112 sive
2685 1059 2867 1109 lumen
2916 1052 3031 1102 sine
3084 1045 3403 1116 Splendore,
3463 1041 3540 1090 ενι

1967 1162 2192 1232 ﬁguram
2227 1163 2344 1212 sine
2378 1152 2679 1224 ltypostasi.
2724 1149 2807 1201 \‘el
2841 1146 3141 1213 sapientem
3178 1141 3294 1191 sine
3328 1137 3542 1203 sapien-

1967 1257 2062 1316 tia,
2094 1255 2175 1306 \el
2230 1259 2509 1319 potentem
2560 1245 2677 1295 sine
2728 1238 3003 1308 potentia,
3052 1235 3133 1283 vel
3176 1232 3391 1283 Patrem
3431 1240 3547 1276 sine

1968 1351 2107 1404 Filio
2164 1348 2485 1413 cogitemus.
2537 1340 2723 1406 Itaque
2764 1344 2908 1404 patet
2949 1349 3012 1384 ex
3050 1328 3378 1397 supradicus
3425 1341 3548 1375 eum

1968 1443 2060 1508 qui
2110 1439 2303 1491 Filium
2367 1435 2544 1492 tollit,
2599 1446 2703 1482 una
2757 1439 2812 1481 et
2862 1426 3053 1479 eadem
3121 1436 3286 1488 opera
3339 1416 3551 1468 l'atrem

1969 1544 2190 1601 quoque
2237 1528 2447 1579 tollere.
2491 1524 2606 1577 Jum
2646 1523 2735 1572 ubi
2774 1535 2947 1585 Imque.
2988 1516 3154 1568 Filius
3194 1513 3553 1579 gloritiealur,

1974 1637 2152 1690 neque
2201 1620 2363 1672 Pater
2411 1631 2532 1668 esse
2596 1611 2865 1669 creditur,
2913 1609 3174 1660 (llVlllltﬂS
3213 1615 3437 1670 prorsus
3489 1599 3555 1648 de

1974 1714 2160 1768 medio
2194 1712 2426 1769 tollitur,
2456 1706 2804 1759 Divinitatcm
2843 1716 3002 1768 porro
3031 1699 3097 1748 de
3132 1697 3309 1746 medio
3347 1694 3453 1741 toll-
3480 1707 3556 1746 re,

1977 1805 2185 1858 nullius
2242 1812 2366 1863 est,
2419 1808 2784 1867 prati-rquam
2853 1791 3092 1859 Iipicuri.
3147 1788 3373 1838 Constat
3431 1797 3561 1848 ergo

1981 1904 2088 1948 tam
2133 1893 2313 1961 impi..-.
2370 1893 2640 1942 haereseos
2685 1894 2988 1938 assertores
3036 1878 3257 1947 Epicuri
3303 1875 3368 1926 de
3400 1887 3562 1942 (ξι-ωε

1978 2002 2171 2058 porcos
2236 1997 2378 2039 esse.
2445 1977 2744 2035 Sciendum
2791 1986 2973 2028 autem
3050 1981 3133 2024 est
3195 1969 3420 2021 vocibus
3482 1967 3564 2016 liis

1979 2079 2293 2150 splendore,
2345 2073 2696 2132 charactere,
2747 2067 2994 2136 potentia
3050 2074 3105 2117 et
3169 2060 3431 2131 sapientia
3479 2057 3562 2109 in-

1979 2185 2302 2227 concussam
2331 2165 2624 2234 quamdam
2657 2159 3109 2216 constitutionem
3142 2165 3199 2210 et
3230 2151 3572 2221 conjunctio-

1983 2278 2109 2319 uem
2151 2276 2248 2316 seu
2289 2254 2821 2328 conglutinationem
2871 2250 3216 2318 potissimum
3267 2239 3566 2311 designari.

2555 2395 2740 2452 Sancti
2789 2387 3000 2461 Cyrilli.

2059 2516 2148 2570 15.
2189 2514 2360 2570 Filius
2394 2521 2475 2567 est
2506 2525 2568 2565 ex
2602 2510 2760 2564 Patre
2792 2516 2849 2560 et
2885 2507 2939 2558 in
2971 2504 3133 2558 Patre
3165 2519 3178 2553 :
3211 2497 3576 2569 quemadmo-

1989 2609 2120 2663 dum
2160 2623 2226 2661 ει
2267 2605 2380 2660 sole
2430 2600 2690 2671 splendor
2740 2600 2858 2666 ejus
2908 2613 2921 2647 :
2971 2593 3057 2646 vel
3111 2585 3578 2658 quemadmodum

1988 2715 2055 2754 ex
2111 2699 2236 2767 igne.
2291 2694 2496 2764 ignitus
2553 2690 2674 2758 ejus
2712 2688 2881 2740 calor.
2934 2686 2991 2735 ln
3051 2677 3361 2750 bojusmodi
3430 2674 3582 2727 enim

1990 2790 2260 2859 exemplis
2290 2803 2460 2841 unum
2505 2784 2727 2853 quidem
2757 2795 2822 2832 ex
2856 2794 2964 2831 uno
2993 2786 3180 2829 natum
3238 2771 3425 2823 videre
3473 2775 3581 2826 est,

1993 2882 2046 2936 ei
2105 2858 2286 2932 tamen
2348 2890 2563 2944 semper
2619 2873 2896 2925 inhaerens
2954 2881 3055 2919 nec
3119 2875 3360 2930 Unquam
3405 2858 3472 2910 ab
3517 2870 3585 2909 eo

1995 2972 2340 3040 sejunctum,
2378 2968 2452 3021 ita
2485 2977 2545 3019 ut
2583 2967 2702 3020 sine
2733 2965 2908 3018 altero
2969 2976 3066 3028 per
3096 2974 3152 3011 se
3183 2958 3415 3009 alterum
3464 2965 3586 3004 esse

1998 3079 2108 3118 non
2146 3064 2337 3130 possit,
2373 3075 2554 3130 neque
2592 3073 2775 3112 veram
2806 3055 3045 3126 propriae
3103 3061 3311 3104 natura:
3362 3059 3590 3099 conser-

2001 3170 2134 3211 vare
2168 3156 2462 3208 rationem.

2539 3265 2796 3337 Ejusdem
2825 3261 3039 3333 Cyrilli.

2080 3379 2167 3434 16.
2203 3379 2258 3434 Si
2300 3380 2474 3434 Filius
2516 3393 2626 3430 nou
2677 3375 2841 3428 fuerit
2888 3389 3011 3426 cum
3047 3372 3227 3426 Patre.
3273 3367 3582 3431 praesertim

2008 3488 2134 3526 cum
2166 3489 2234 3525 ex
2279 3487 2346 3525 eo
2383 3471 2708 3522 naturaliter
2750 3464 3011 3535 procedat
3064 3463 3229 3529 eique
3281 3471 3591 3512 eoa-tertius

2009 3566 2104 3627 sit,
2141 3564 2374 3632 contigit
2405 3562 2550 3614 haud
2578 3559 2746 3613 dubie
2774 3560 2822 3612 ei
2851 3571 3072 3625 quoque
3099 3555 3190 3622 qui
3224 3568 3350 3605 eum
3383 3551 3596 3619 genuit.

2012 3668 2073 3710 ut
2107 3656 2268 3710 Pater
2303 3654 2538 3708 evaserit
2574 3669 2586 3706 :
2619 3661 2782 3720 atque
2822 3652 2960 3703 adeo
2991 3646 3280 3700 mutationi
3313 3656 3367 3696 et
3399 3644 3598 3694 altera-

2015 3748 2153 3805 tioni
2193 3748 2434 3816 cuipiam
2493 3744 2769 3797 obnoxius
2821 3755 2943 3795 esse
2992 3739 3264 3792 videatur.
3314 3737 3598 3804 Siquidem

2013 3843 2159 3913 quod
2193 3857 2302 3894 non
2337 3849 2479 3902 erat,
2515 3847 2576 3891 ut
2603 3837 2797 3899 vultis,
2832 3835 2884 3888 id
2919 3833 3271 3904 postmodum
3300 3839 3496 3883 cvas.t.
3535 3833 3600 3879 .\t

2014 3949 2148 3990 vero
2181 3943 2379 3986 natura
2411 3930 2598 3984 divina
2633 3928 2958 3983 mutationis
3000 3924 3182 3978 omnis
3226 3933 3280 3976 et
3321 3923 3604 3975 alteratio-

2017 4030 2104 4083 nis
2135 4041 2337 4097 expers
2369 4035 2475 4079 est.
2513 4023 2631 4078 Non
2664 4038 2796 4091 ergo
2824 4020 2936 4074 Deo
2963 4020 3179 4072 Patrem
3207 4016 3323 4070 ﬁeri
3355 4026 3606 4083 Contigit.

2006 4120 2114 4175 sed
2145 4119 2387 4172 Verbum
2419 4115 2566 4186 quod
2604 4114 2672 4167 ab
2702 4113 2823 4181 ipso
2852 4112 3146 4180 processit.
3179 4118 3515 4161 eoa-ternum
3560 4107 3609 4158 tl

2018 4220 2159 4271 erat,
2185 4205 2656 4278 quemadmodum
2687 4205 2742 4257 in
2770 4203 2893 4270 igne
2926 4201 3075 4254 calor
3101 4199 3194 4266 qui
3225 4201 3294 4250 ab
3334 4199 3450 4266 ipso
3489 4213 3588 4262 ιιτει

2018 4304 2186 4363 cedit.
2220 4313 2550 4369 semperque
2579 4312 2704 4350 cum
2736 4296 2854 4363 ipso
2887 4304 2973 4347 est
3010 4303 3064 4345 et
3088 4307 3153 4344 ex
3187 4293 3395 4343 lunune
3428 4303 3603 4357 spten-

2019 4398 2121 4452 dor
2153 4393 2499 4449 extrinsecus
2526 4389 2868 4443 elucescens.

2487 4525 2552 4582 Β.
2585 4523 2749 4579 Joan.
2809 4522 3152 4576 Damasceni.

2100 4646 2190 4700 Π.
2227 4639 2916 4711 Quemadmodum,simul
2949 4649 3113 4706 atque
3141 4636 3284 4706 ignis
3306 4645 3412 4697 est,
3450 4638 3615 4688 simul

2027 4739 2213 4792 lumen
2240 4749 2463 4805 quoque
2497 4731 2746 4802 procedit
2790 4745 2854 4784 ex
2889 4744 2979 4791 eo,
3036 4743 3138 4781 nec
3185 4728 3424 4796 primum
3482 4728 3620 4795 ὶςιιες

2027 4842 2132 4892 est,
2191 4838 2308 4883 tum
2363 4842 2494 4881 vero
2547 4833 2672 4895 post
2719 4838 2848 4876 eum
2904 4823 3114 4880 lumen.
3165 4824 3258 4873 sed
3308 4822 3471 4872 simul
3517 4837 3621 4870 tttzu

2032 4937 2159 4980 sunt
2193 4941 2206 4976 :
2240 4924 2314 4977 ita
2347 4923 2514 4978 etiam
2549 4921 2712 4975 Pater
2732 4930 2789 4972 et
2823 4917 2995 4971 Filius
3025 4916 3187 4968 simul
3223 4929 3330 4966 una
3369 4923 3535 4975 sunt;
3571 4929 3620 4966 et

2032 5015 2500 5087 quemadmodum
2537 5013 2723 5067 lumen
2755 5013 2900 5080 quod
2935 5023 3003 5062 ex
3045 5007 3168 5076 igne
3220 5022 3441 5076 semper
3495 5024 3625 5059 cna-

2030 5113 2225 5173 scitur,
2285 5123 2505 5177 semper
2552 5107 2606 5160 in
2643 5122 2709 5158 eo
2755 5116 2860 5166 est,
2908 5102 3171 5168 nulloque
3198 5118 3422 5170 prorsus
3461 5107 3626 5153 modo

2033 5205 2101 5260 ab
2159 5203 2253 5258 illo
2305 5202 2648 5273 sejuugitur,
2707 5201 2778 5252 ita
2843 5207 2901 5252 et
2942 5197 3111 5251 Filius
3162 5211 3228 5249 ex
3295 5195 3452 5249 l‘a:re
3526 5212 3626 5250 ltu-

2038 5299 2230 5360 Sl'ilUl',
2261 5312 2362 5351 nec
2405 5298 2517 5350 ullo
2571 5309 2796 5364 prorsus
2844 5293 3009 5346 modo
3054 5295 3123 5345 ab
3174 5308 3242 5346 eo
3286 5306 3628 5362 segregatur,

2039 5393 2132 5446 scd
2169 5393 2217 5445 ci
2256 5407 2476 5460 semper
2511 5391 2668 5471 inest.
2702 5390 2770 5443 At
2806 5404 2936 5441 vero
2982 5371 3167 5442 lumen
3219 5388 3444 5455 quidem
3483 5389 3629 5456 quod

2037 5503 2102 5540 ex
2166 5486 2288 5552 igne
2340 5486 2413 5538 ita
2453 5484 2695 5554 procedit
2752 5495 2810 5536 ut
2868 5484 2937 5536 ab
2985 5482 3076 5535 illo
3120 5495 3226 5534 non
3279 5481 3519 5541 recedat.
3581 5492 3633 5534 et

2041 5583 2095 5635 in
2153 5594 2221 5632 eo
2283 5594 2502 5646 semper
2574 5586 2814 5640 iiianeat,
2870 5576 3149 5646 propriam
3199 5576 3515 5647 hypostasin
3566 5589 3635 5630 ab

2045 5677 2280 5744 igneque
2329 5674 2633 5742 sejunctam
2661 5687 2769 5726 non
2805 5671 2993 5733 habet,
3022 5672 3293 5725 naturalis
3322 5646 3469 5726 enim
3502 5689 3638 5741 qna-

2165 5865 2206 5898 “
2245 5861 2418 5916 Exod.
2479 5875 2570 5926 xx,
2605 5858 2661 5915 ξ’..
2726 5861 2771 5892 ⁸⁸
2814 5859 2969 5916 Joan.
3001 5871 3052 5919 κ,
