4288 6372
772 339 908 401 Ξ423
2024 346 2315 406 ΝΗΣΕΤᾸΞ
2350 350 2463 409 Clit
2482 350 2750 412 iNMTE
3866 363 4009 428 Ηὲί

767 454 894 509 litas
930 462 1013 511 εει
1039 452 1209 523 ipsius
1244 452 1401 521 ignis.
1435 450 1759 522 Unigcnitus
1786 462 1966 509 autem
2004 455 2098 510 Dei
2137 457 2327 521 Filius.
2361 466 2404 523 Α
2432 480 2527 517 sua
2559 466 2624 519 εν.
2653 464 2921 518 Cancrum
2959 479 3115 534 opera
3149 482 3398 520 mmmam
3428 468 3538 538 ejus
3570 473 3759 526 veritas
3784 486 3831 528 et
3854 478 4014 546 judi-

760 545 855 613 qui
883 561 945 598 ex
972 544 1129 598 Patre
1164 544 1234 595 ita
1265 542 1481 609 genitus
1509 551 1613 608 cst,
1650 554 1707 597 ut
1734 545 1801 599 ab
1831 559 1896 597 eo
1934 546 2175 613 separari
2205 547 2337 599 divi—
2440 554 2633 606 dicium
2659 555 2738 615 ";
2773 555 2982 623 quibus
3013 556 3080 609 de
3115 558 3297 611 causis
3322 557 3609 613 divinitate
3645 542 3962 622 unctus'cst
3991 586 4005 621 :

760 630 923 699 dique
955 646 1058 681 non
1096 629 1363 697 possit.et
1394 634 1448 682 In
1474 644 1539 682 eo
1571 646 1786 699 semper
1814 641 2015 698 manet,
2052 635 2331 703 propriam

2440 644 2557 699 haec
2584 646 2729 699 enim
2764 646 2952 700 unctio
2988 647 3348 703 humanitatis
3376 658 3479 704 est.
3510 650 3754 713 Atillud.
3786 668 4008 724 generat

759 733 814 772 et
844 734 871 772 a
910 720 1063 772 l’atre
1091 721 1396 784 seiunctam
1433 719 1751 790 hypostasin
1786 721 1969 776 habet.

2439 748 2549 799 me,
2584 748 2747 787 causa
2776 743 2926 787 caret
2955 751 2968 785 :
3005 736 3090 789 vel
3121 736 3164 788 si
3195 751 3299 804 qua
3333 736 3410 790 illi
3444 738 3699 808 adjuncta
3741 719 3834 805 sit,
3879 760 4005 798 eam

754 831 889 884 Aliae
919 830 1245 900 asset-tiones
1284 831 1529 883 mluersus
1566 833 1698 883 hunc
1731 834 2045 886 Arianorum
2086 837 2326 900 lia'resin,

1040 900 1175 967 quod
1206 897 1444 954 Christus
1476 919 1505 953 a
1534 901 1692 953 Patre
1718 912 1920 955 creatus
1960 907 2048 956 sit.

1381 1010 1535 1065 CAP.
1575 1011 1713 1066 LVI.

792 1102 974 1172 Magni
998 1100 1210 1165 Basilii,
1241 1098 1390 1179 Quod
1425 1100 1596 1156 Filius
1627 1120 1790 1179 neque
1814 1117 2095 1170 creatura,
2131 1123 2296 1179 neque

1326 1171 1633 1241 ﬁgmentum
1665 1171 1753 1227 sit.

833 1284 917 1337 l8.
944 1284 997 1339 Si
1027 1284 1199 1339 Filius
1228 1295 1483 1339 creatura
1511 1286 1601 1344 sit.
1633 1302 1763 1356 ergo
1794 1299 1849 1342 ct
1885 1304 2095 1343 servus.
2135 1288 2329 1343 Omnia

753 1376 922 1439 enim,
955 1376 1033 1430 ait
1064 1376 1175 1440 ille,
1224 1376 1321 1429 tibi
1366 1377 1608 1445 subjecta
1659 1388 1806 1433 sunt.
1854 1379 1971 1433 Jam
2023 1379 2067 1433 si
2112 1396 2324 1447 servus,

756 1477 1011 1536 tanquam
1065 1478 1319 1522 creatura
1349 1467 1441 1532 sit,
1473 1469 1747 1536 quomodo
1777 1470 1922 1523 servi
1966 1470 2195 1525 formam
2232 1486 2322 1525 ac-

753 1559 936 1626 cepit?
1004 1559 1272 1612 Dominus
1329 1572 1460 1628 ergo
1519 1573 1642 1612 cum
1694 1570 1839 1613 esset
1878 1575 1996 1614 eam
2037 1544 2245 1630 accepii
2306 1578 2321 1614 :

751 1664 860 1702 non
914 1658 1098 1705 autem
1161 1663 1356 1704 servus
1383 1688 1399 1714 ,
1435 1665 1614 1719 neque
1649 1661 1923 1715 creatura,
1957 1651 2053 1705 sed
2098 1656 2323 1707 omnino

752 1740 920 1794 Deus.

1279 1829 1528 1900 Ejusdem
1586 1829 1795 1886 Basilii.

828 1943 915 1997 19.
961 1944 1017 1999 Si
1046 1952 1232 2000 nostra
1271 1945 1325 1999 in
1358 1946 1556 2000 Filium
1590 1946 1726 2001 ﬁdes
1760 1962 1897 2016 opus
1929 1946 2024 2003 Dei
2088 1958 2194 2011 est,
2246 1950 2322 2003 ait

750 2036 893 2089 enim
938 2037 1074 2090 ille:
1112 2037 1221 2090 Hoc
1269 2046 1343 2090 est
1387 2054 1513 2107 opus
1564 2036 1680 2102 Dei,
1727 2047 1781 2091 ut
1822 2038 2046 2091 credatis
2083 2040 2134 2089 in
2180 2054 2319 2102 eum,

749 2145 901 2196 quem
940 2128 1031 2182 ille
1081 2131 1220 2183 misit
1273 2130 1359 2194 ⁶³;
1411 2129 1583 2184 Filius
1627 2144 1748 2185 esse
1802 2145 1910 2183 non
1967 2140 2147 2200 potest
2183 2145 2320 2199 opus

750 2220 1030 2274 Dci.Nam
1080 2219 1217 2275 ﬁdes
1304 2220 1358 2274 in
1417 2220 1614 2275 Filiqu
1680 2233 1737 2276 et
1784 2220 1954 2275 Filius
2009 2226 2121 2289 ipse
2176 2222 2316 2276 idem

752 2327 862 2364 non
896 2320 1045 2366 sunt.

1020 2439 1259 2510 Tlteologi
1311 2455 1371 2493 e1:
1416 2443 1650 2493 oratione
1692 2440 1745 2503 2,
1781 2444 1844 2494 de
1888 2439 2039 2494 Filio.

817 2554 905 2607 9.0.
953 2552 1110 2607 lllutn
1139 2568 1357 2622 quoque
1389 2553 1686 2622 Scriptura:
1720 2554 1898 2607 locum
1935 2554 2091 2609 valde
2136 2569 2317 2623 prom-

746 2652 900 2711 ptum
931 2654 985 2696 et
1015 2643 1330 2710 expeditum
1378 2642 1578 2695 habent
1628 2658 1642 2695 :
1696 2642 1949 2695 Dominus
1997 2642 2190 2693 crearit
2236 2655 2317 2693 nte

742 2734 952 2787 initium
970 2734 1175 2786 viarum
1199 2748 1415 2785 suarum
1435 2731 1505 2783 ad
1520 2747 1678 2801 opera
1706 2747 1801 2784 sua
1822 2731 1888 2783 “.
1912 2730 1991 2784 Ad
2017 2745 2178 2799 quem
2199 2731 2317 2798 qui-

745 2826 869 2877 dem
900 2823 1077 2875 locum
1103 2835 1366 2889 quonam,
1390 2835 1595 2887 quaeso.
1622 2820 1784 2872 modo
1821 2818 2317 2887 respondebimus?

745 2914 828 2970 An
861 2930 994 2966 vero
1031 2913 1377 2966 Salomonem
1410 2911 1829 2965 accusabimus?
1860 2911 2154 2980 prioraque
2195 2913 2317 2982 ejus

744 3001 971 3069 scripta,
1021 3007 1244 3068 propter
1300 2998 1516 3068 lapsum
1574 2999 1665 3067 qui
1715 2998 2044 3051 subsecutus
2076 3007 2178 3060 est.
2213 2999 2313 3050 im-

747 3092 1140 3162 probabimus?
1172 3092 1492 3145 Dicemnsne
1524 3104 1827 3143 sermonem
1858 3089 2003 3143 hunc
2035 3090 2313 3159 sapientia:

744 3159 992 3247 attribui,
1048 3200 1169 3252 qur.
1219 3182 1357 3235 nihil
1404 3182 1554 3235 aliud
1610 3182 1703 3245 sit,
1756 3195 1919 3249 quam
1979 3181 2213 3234 scientia
2255 3190 2311 3233 et
2343 3159 2387 3217 (ἶ

745 3274 1043 3329 artificiosa
1080 3272 1349 3340 quaepiam
1404 3271 1564 3327 ratio.
1622 3286 1728 3338 qua
1789 3279 1983 3323 cuncta
2022 3268 2317 3322 constituta

746 3364 900 3420 sunt?
932 3362 1216 3430 Siquidem
1245 3360 1529 3427 Scriptura
1558 3374 1654 3428 per
1683 3357 2121 3427 prosopopmiam
2151 3358 2318 3409 mutis

750 3454 917 3506 etiam
957 3451 1122 3504 rebus
1154 3449 1494 3516 loquentium
1519 3462 1906 3516 personasnon
1951 3461 2074 3499 raro
2101 3460 2315 3498 accom-

744 3543 963 3597 modare
996 3541 1156 3601 solet,
1194 3548 1275 3602 ut,
1310 3538 1464 3590 verbi
1498 3537 1670 3606 gratia
1713 3553 1726 3587 :
1765 3536 1909 3589 Mare
1939 3536 2076 3589 dixit
2103 3536 2218 3589 haec
2263 3544 2319 3589 et

747 3635 898 3696 haec;
947 3641 1004 3685 et
1054 3632 1284 3699 abyssus
1336 3628 1475 3680 dixit
1530 3645 1542 3680 :
1594 3627 1658 3679 In
1687 3642 1766 3678 me
1792 3642 1894 3678 non
1921 3636 1994 3680 est
2025 3629 2090 3679 “.
2124 3626 2256 3679 item
2300 3642 2315 3677 :

750 3726 879 3778 Cazli
933 3730 1190 3777 enarrant
1242 3719 1464 3790 gloriam
1496 3718 1590 3770 Dei
1636 3719 1703 3771 “.
1752 3718 1886 3770 Item
1938 3716 2045 3769 alio
2082 3717 2316 3785 quodam

750 3817 868 3868 loco
894 3814 1110 3866 framea:
1131 3812 1317 3866 nescio
1337 3810 1467 3878 quid
1502 3809 1803 3878 iujungitur
1824 3808 1889 3861 ⁸⁷.
1917 3808 2073 3869 Item,
2105 3816 2319 3859 montes

744 3916 798 3960 et
820 3904 986 3958 colles
1011 3905 1440 3970 interrogantur,
1473 3899 1562 3952 cui
1590 3898 1984 3952 exsultaverint
2013 3897 2077 3948 ⁸⁸.
2109 3896 2315 3949 llorum

748 4012 913 4067 porro
949 3995 1086 4047 nihil
1138 3993 1190 4046 in
1243 3991 1484 4045 medium
1521 3989 1901 4058 producimus,
1949 3986 2257 4057 quamlibet
2286 4001 2317 4039 a

752 4087 1016 4154 majorum
1051 4092 1363 4135 nostrorum
1400 4079 1698 4140 nonnullis,
1736 4088 1991 4145 tanquam
2026 4078 2181 4131 llrma
2226 4091 2317 4130 ar-

751 4183 1014 4240 gumenta
1043 4173 1317 4241 proposita
1353 4171 1485 4223 sint.
1523 4170 1604 4223 Sit
1651 4185 1781 4239 ergo
1832 4183 1961 4223 sane
2008 4167 2320 4223 Servatoris

753 4268 946 4335 ipsius,
982 4264 1076 4331 qui
1117 4275 1244 4314 vera
1302 4260 1567 4329 sapientia
1615 4267 1718 4323 est,
1764 4258 1962 4312 oratio.
2018 4258 2319 4326 Parumper

752 4368 931 4409 :amen
967 4350 1342 4420 dispiciamus.
1367 4350 1624 4414 Quantam
1657 4364 1747 4403 res
1772 4360 1876 4412 est,
1907 4348 1996 4402 cui
2028 4350 2173 4401 nulla
2191 4348 2317 4401 sub-

749 4447 820 4498 sit
848 4442 1043 4496 causa?
1076 4440 1366 4494 Divinitas.
1418 4440 1612 4493 Nullus
1646 4439 1793 4493 enim
1826 4447 1931 4495 est.
1968 4439 2060 4506 qui
2094 4452 2313 4491 causam

749 4544 947 4593 aﬂ'crre
975 4543 1161 4605 queat,
1198 4549 1297 4587 cur
1337 4535 1409 4586 sit
1442 4533 1585 4587 Deus
1624 4547 1635 4583 :
1669 4542 1762 4585 aut
1797 4531 1839 4583 si
1892 4532 2053 4584 ullam
2097 4528 2313 4593 aderat,

748 4649 811 4684 ra
831 4631 942 4684 Deo
965 4628 1241 4693 antiquior
1268 4627 1337 4679 sit
1363 4634 1602 4695 Oportet.
1632 4624 1701 4678 At
1734 4621 2113 4683 humanitatis,
2152 4635 2311 4688 quam

751 4733 1037 4789 propterea
1068 4720 1361 4789 assumpsit
1394 4720 1537 4771 Deus
1573 4732 1734 4771 causa
1766 4729 2017 4785 quasnam
2052 4711 2191 4765 fuit?
2238 4712 2314 4765 Ea

750 4828 991 4885 prorsus,
1049 4822 1108 4866 ut
1158 4827 1257 4865 nos
1309 4820 1559 4865 servaret
1616 4825 1631 4860 :
1680 4823 1804 4861 nam
1843 4822 1966 4875 qum
2001 4805 2175 4873 possit
2207 4803 2314 4857 alia

749 4905 1027 4976 proferri?
1070 4906 1203 4969 Quia
1236 4919 1365 4972 ergo
1410 4902 1514 4955 hoc
1553 4900 1607 4953 in
1640 4899 1942 4968 Scripturae
1987 4898 2110 4951 loco
2145 4897 2313 4950 verba

750 4999 944 5051 creavit
971 5005 1020 5049 et
1060 5004 1275 5066 generat
1304 5011 1379 5046 me
1403 4994 1686 5063 perspicua
1710 4992 2039 5050 invenimus,
2082 4992 2311 5058 simplex

754 5091 890 5142 ratio
932 5098 1035 5141 est.
1073 5085 1349 5154 Quidquid
1384 5100 1603 5137 causam
1637 5084 1839 5136 habere
1875 5081 2317 5149 deprehenderi-

753 5196 895 5242 nzus,
926 5180 976 5233 id
1006 5194 1137 5231 vero
1164 5180 1230 5230 ad
1258 5177 1649 5229 humanitatem
1674 5188 1993 5228 revocemus
2015 5192 2025 5224 :
2050 5173 2320 5243 quidquid

755 5281 936 5323 autem
968 5269 1197 5337 simplex
1229 5282 1503 5334 causaque
1538 5281 1751 5329 carens,
1776 5264 2048 5318 divinitati
2084 5266 2324 5318 ascriba-

756 5377 896 5415 mus.
931 5360 1118 5429 Itaque
1150 5359 1319 5412 verbo
1351 5358 1543 5411 creavit
1594 5373 1690 5410 sua
1722 5357 1864 5410 inest
1915 5372 2098 5410 causa.
2141 5357 2325 5426 lnquit

748 5454 896 5507 enim
935 5472 947 5505 :
977 5452 1182 5507 Crearit
1211 5465 1288 5501 me
1315 5451 1519 5502 initium
1548 5450 1752 5502 viarum
1797 5466 2015 5502 suarum
2067 5452 2135 5502 ad
2163 5468 2323 5507 onera

1364 5652 1405 5679 “"
1435 5652 1589 5704 Prov.
1618 5670 1736 5713 vm,
1770 5655 1867 5708 '32.“

1676 5727 1718 5752 ⁷⁸³
1777 5726 1912 5778 Pani.
1958 5744 2041 5788 (Χ,
2088 5730 2137 5781 7.

833 5659 873 5687 ‘3
898 5656 1050 5709 .ioan.
1081 5670 1154 5714 vi,
1179 5654 1269 5707 29.

752 5742 904 5784 cmi,
940 5726 992 5778 4.
1073 5728 1116 5754 εν
1145 5724 1305 5777 Prov.
1352 5738 1467 5782 vnl,
1500 5728 1589 5776 2U.

1948 5657 1989 5686 "5
2028 5656 2128 5709 Joh
2156 5674 2345 5717 xxvne.
2385 5661 2469 5715 Η.

2437 826 2697 880 ostendas
2726 826 3064 881 mihivelim.
3097 828 3352 893 Quaenam
3386 830 3555 901 igitur
3579 834 3817 891 obstabit
3837 842 4000 899 ratio.

2436 916 2742 983 quominus
2790 917 3086 987 sapientia,
3121 922 3206 973 vel
3248 923 3483 976 humana
3536 927 3814 995 generatio
3845 943 4002 983 crea-

2436 1015 2555 1059 tura
2596 1010 2847 1062 vocetur?
2873 1020 2927 1062 et
2972 1009 3249 1077 genitura,
3289 1010 3334 1065 si
3390 1012 3580 1081 prima:
3615 1017 3764 1071 illius
3800 1020 4003 1073 multo-

2431 1113 2548 1168 que.
2572 1100 2746 1167 magis
2768 1100 3249 1170 incomprehensre
3294 1106 3662 1173 generationis
3710 1111 3853 1165 ratio
3896 1111 4003 1164 ha-

2433 1187 2672 1241 beatur?
2722 1188 2930 1242 Eodem
2981 1190 3330 1245 referendum
3362 1204 3468 1259 est,
3505 1196 3651 1265 quod
3683 1198 3776 1252 ille
3805 1216 4002 1255 servus

2429 1277 2639 1340 audiat,
2676 1278 2876 1348 quippe
2904 1281 2998 1349 qui
3033 1283 3220 1337 multis
3253 1283 3391 1338 bene
3425 1288 3648 1342 serviat.
3682 1289 3818 1343 Item
3846 1294 4000 1361 quod

2428 1372 2501 1421 sit
2555 1386 2799 1439 magnus.
2831 1372 2978 1439 quod
3014 1373 3187 1428 Filius
3214 1374 3310 1428 Dei
3344 1386 3595 1432 vocetur.
3624 1380 3757 1434 Nam
3797 1385 3999 1451 procul

2427 1456 2597 1511 dubio
2627 1474 2792 1514 carne
2828 1472 3107 1529 assumpta
3133 1472 3190 1516 et
3219 1464 3505 1519 nativitate
3543 1469 3735 1521 serviit
3773 1486 3786 1521 :
3829 1479 4001 1538 atque

2425 1548 2721 1605 all‘ectibus
2750 1552 2916 1606 etiam
2974 1554 3200 1617 nostris,
3231 1564 3290 1607 ut
3314 1569 3418 1609 nos
3447 1556 3503 1609 in
3534 1556 3843 1613 libertatem
3872 1563 4001 1615 vin-

2425 1641 2639 1696 dicaret
2671 1658 2685 1695 :
2720 1651 2776 1695 et
2802 1643 3017 1697 caeteris
3043 1643 3332 1710 omnibus,
3360 1661 3601 1715 quorum
3658 1650 3998 1704 interniedio

2423 1748 2521 1785 eos
2555 1731 2648 1800 qui
2680 1740 2906 1800 peccato
2952 1740 3111 1786 erant
3160 1733 3383 1789 obnoxii
3414 1735 3691 1794 liberavit.
3721 1739 4000 1797 Caeterum

2359 1813 2398 1866 Β
2428 1822 2563 1889 quid
2598 1822 2834 1875 hominis
2862 1824 3057 1877 vilitati
3104 1823 3277 1893 majus
3301 1826 3555 1881 accidere
3586 1832 3785 1897 potuit.
3826 1846 3998 1899 quam

2433 1925 2491 1969 ut
2522 1916 2633 1968 Deo
2670 1916 3119 1984 conjungeretur.
3146 1928 3201 1971 et
3229 1932 3294 1971 ea
3323 1933 3391 1971 ex
3419 1921 3811 1985 conjunctione
3849 1922 4001 1978 Deus

2428 2006 2710 2064 evaderet.
2740 2018 2903 2075 atque
2937 2008 3003 2059 ab
3034 2006 3255 2062 Oriente
3284 2010 3393 2061 alto
3436 2009 3509 2062 ita
3557 2012 3900 2074 visitaretur,
3937 2023 3999 2065 ut

2427 2097 2573 2165 quod
2611 2108 2929 2150 nasceretur
2974 2108 3245 2159 sanctum,
3289 2098 3549 2153 Altissimi
3582 2101 3751 2155 Filius
3789 2102 4001 2156 dicere-

2429 2197 2566 2240 tur:
2605 2189 2791 2256 illique
2849 2204 3045 2241 nomen
3119 2188 3435 2255 inderetur,
3486 2192 3631 2258 quod
3683 2202 3767 2245 est
3826 2209 3998 2260 super

2425 2291 2586 2327 omne
2617 2292 2839 2339 nomen,
2888 2286 3030 2345 quod
3056 2280 3275 2347 quidem
3301 2278 3603 2334 aliudnihil
3631 2292 3736 2342 est,
3765 2292 3999 2350 praeter-

2424 2382 2587 2435 quam
2645 2366 2828 2427 Dcus,
2892 2367 3077 2435 illique
3135 2369 3270 2423 adeo
3321 2385 3420 2439 pro
3476 2371 3630 2425 nobis
3687 2370 3993 2431 exinanito,

2424 2460 2624 2526 quippe
2659 2460 2749 2524 qui
2787 2458 3028 2511 divinam
3078 2460 3368 2528 imaginem
3399 2477 3521 2514 cum
3569 2463 3755 2516 servili
3813 2460 3995 2516 forma

2423 2550 2822 2618 conjunxisset,
2882 2566 3045 2603 omne
3097 2566 3238 2621 genu
3310 2551 3669 2617 ﬂecteretur,
3729 2558 3994 2624 omnique

2424 2642 2612 2695 domui
2678 2643 2918 2707 lsraelis,
2959 2659 3085 2698 eum
3146 2659 3177 2697 a
3228 2644 3338 2698 Deo
3391 2644 3681 2699 Dominum
3717 2656 3774 2700 et
3820 2649 3996 2701 Deum

2423 2735 2624 2787 luctum
2661 2749 2780 2787 esse
2829 2736 3253 2789 innotesceret?
3311 2733 3597 2805 Siquidem
3655 2738 3771 2793 haac
3804 2739 3995 2791 omnia

2427 2838 2538 2881 tum
2583 2824 2753 2895 geniti
2790 2840 2978 2895 opera,
3009 2837 3121 2879 tum
3155 2826 3418 2895 genitoris
3446 2828 3723 2883 voluntate
3751 2827 3994 2898 perfecta

2424 2926 2567 2969 sunt.

2985 3004 3169 3059 Sancti
3222 3006 3427 3078 Cyrilii.

2487 3119 2577 3171 2|.
2633 3119 2726 3173 llis
2761 3134 2925 3189 porro
2966 3121 3153 3175 verbis
3213 3138 3227 3174 :
3285 3122 3352 3174 Et
3409 3120 3697 3174 Dominum
3752 3136 3877 3175 eum
3932 3132 3992 3175 et

2421 3210 2697 3266 Christum
2753 3214 2897 3268 Deus
2955 3213 3104 3278 fecit,
3172 3212 3477 3267 dominatio
3542 3213 3596 3264 in
3661 3212 3848 3265 omnia
3904 3227 3997 3263 re—

2419 3320 2698 3373 gnumquc
2733 3307 3069 3373 designatur;
3136 3304 3279 3373 quod
3335 3304 3559 3371 quidem
3621 3303 3783 3355 Pater
3852 3302 3993 3356 Filio

2419 3404 2679 3462 tanquam
2728 3396 2939 3447 homini
2970 3395 3247 3449 commisit
3303 3403 3411 3447 :at
3477 3407 3585 3446 non
3640 3393 3765 3461 ejus
3819 3394 3997 3461 ipsius

2418 3495 2627 3540 natura:
2661 3485 2851 3540 factio.
2880 3503 2885 3508 '

2950 3575 3207 3645 Ejusdem
3253 3574 3460 3644 Cyrilli.

2485 3686 2577 3740 22.
2628 3686 2684 3739 Si
2730 3694 2989 3755 tanquam
3026 3688 3172 3740 Deus
3202 3687 3429 3741 dixisset
3460 3703 3477 3741 :
3506 3686 3761 3739 Dominus
3796 3688 3994 3739 crmz'it

2419 3792 2523 3839 me,
2558 3776 2745 3844 potius
2780 3775 3011 3829 dixisset
3043 3792 3056 3828 :
3092 3776 3256 3829 Pater
3284 3768 3495 3829 creavit
3543 3790 3649 3827 me.
3704 3773 3991 3842 Nusquam

2416 3867 2563 3921 enim
2591 3881 2715 3921 eum
2742 3865 3033 3921 Dominum
3070 3881 3255 3926 suum.
3294 3866 3389 3920 sed
3422 3867 3639 3920 l’atrem
3677 3876 3855 3921 vocat.

2954 3975 3208 4045 Ejusdem
3244 3974 3454 4044 Cyrilli.

2486 4088 2575 4141 25.
2628 4087 2682 4141 Si
2711 4088 2838 4156 quia
2872 4091 3269 4157 primogenitus
3305 4097 3572 4141 creatura:
3597 4087 3783 4141 dictus
3810 4103 3888 4140 es;
3914 4090 3986 4150 ",

2420 4177 2546 4231 inde
2578 4176 2946 4245 colligendum
2979 4177 3073 4238 sit.
3110 4176 3345 4236 primum
3380 4190 3506 4229 eum
3539 4184 3785 4228 creatum
3836 4193 3987 4235 esse.

2417 4268 2513 4335 qui
2540 4268 2739 4321 factum
2758 4275 2843 4320 est
2871 4276 2931 4319 ut
2953 4282 3059 4320 non
3077 4267 3273 4320 dixerit
3304 4267 3596 4335 Apostolus
3622 4281 3748 4321 eum
3780 4268 3989 4320 factum

2417 4371 2540 4410 esse
2573 4366 2699 4410 ante
2739 4357 2945 4417 omnia.
2976 4356 3072 4410 sed
3106 4358 3285 4424 potius
3315 4370 3439 4410 esse
3480 4367 3606 4409 ante
3652 4357 3878 4409 omnia?
3908 4358 3992 4411 Eo

2415 4449 2563 4502 enim
2589 4448 2733 4516 quod
2764 4461 2886 4499 esse
2920 4447 3080 4501 dixit.
3123 4447 3271 4498 hunc
3310 4445 3532 4513 quidem
3582 4461 3797 4514 semper
3843 4462 3988 4507 esse.

2417 4546 2728 4592 creaturam
2760 4551 2891 4590 vero
2916 4538 3113 4590 tactam
3140 4550 3260 4589 esse
3284 4535 3546 4593 ostendit.
3567 4535 3754 4604 Itaque
3785 4538 3991 4603 primo-

2419 4629 2642 4698 genitus
2682 4627 2862 4680 omnis
2917 4636 3182 4680 creaturae
3232 4625 3409 4680 dictus
3437 4636 3541 4689 est,
3592 4639 3686 4679 seu
3736 4627 3990 4694 primitiae

2421 4734 2574 4773 novae
2670 4728 2988 4778 creaturae,
3098 4719 3309 4771 ratione
3419 4717 3774 4771 humanitatis
3866 4718 3991 4782 ejus

2421 4812 2628 4872 habiti,
2684 4810 2887 4879 quippe
2930 4808 3024 4878 qui
3059 4810 3131 4864 sit
3166 4809 3413 4878 corporis
3460 4808 3715 4863 Ecclesia:
3746 4806 3989 4861 fidelium

2417 4910 2600 4969 caput.

2970 4990 3217 5058 Ejusdem
3253 4989 3456 5061 Cyrilh'.

2486 5100 2576 5155 24.
2615 5101 2784 5154 Filius
2810 5100 3208 5168 primogenitus
3233 5101 3410 5153 omnis
3439 5101 3705 5170 genitura:
3738 5111 3987 5159 vocatur,

2420 5204 2529 5242 non
2573 5200 2831 5259 tanquam
2869 5190 3080 5258 primus
3128 5191 3209 5244 cis
3260 5204 3498 5258 tempore
3554 5190 3757 5252 fuerit,
3808 5206 3988 5258 neque

2421 5281 2567 5348 quod
2602 5284 2792 5332 eatlem
2828 5266 2951 5334 eum
2990 5281 3259 5335 creaturis
3294 5281 3598 5334 substantia
3636 5282 3989 5343 eonstet,sed

2421 5373 2549 5438 quia
2575 5388 2632 5424 se
2663 5371 2728 5423 ad
2760 5380 3039 5424 creaturas
3073 5369 3359 5423 demiserit
3397 5412 3410 5430 .
3443 5370 3792 5438 similemque
3828 5369 3990 5422 nobis

2422 5477 2480 5515 se
2515 5462 2727 5518 fecerit.
2764 5462 2896 5516 lllud
2935 5473 3113 5515 tamen
3167 5463 3547 5517 observatione
3601 5460 3826 5529 dignum
3876 5469 3985 5519 est.

3765 5661 3807 5691 ⁸⁸
3836 5660 3986 5712 Paul.

2554 5663 2601 5695 “
2627 5664 2943 5723 Parthum.
2970 5666 3023 5719 9...
3100 5666 3141 5695 ⁶⁷
3171 5663 3403 5720 Zachar.
3443 5678 3558 5727 sui,
3625 5663 3675 5716 ἶ.

2229 5732 2269 5760 ⁷¹
2304 5732 2509 5784 Coluss.
2547 5750 2580 5797 ι,
2621 5736 2703 5786 15.
