4288 6372
346 384 482 452 1425

1597 384 1991 447 TIIESAURI
2035 386 2184 449 LIB.
2226 389 2297 449 V.

3444 387 3581 450 “‘26

339 521 465 562 eum
513 503 851 573 unigenitum
886 512 943 559 et
978 503 1406 573 primogenitum
1445 505 1649 557 vocari.
1679 502 1907 569 Quoties
1937 507 1981 562 Λ
2008 500 2225 568 Quanto
2284 501 2431 557 enim
2512 503 2780 558 creaturis
2859 503 3214 558 excellentior
3263 513 3346 558 est
3402 505 3583 560 Deus.

339 610 470 666 ergo
504 596 821 664 unigenitus
874 604 1121 658 vocatur,
1155 596 1306 649 nulla
1360 596 1413 649 ei
1476 610 1690 650 annexa
1744 608 1909 649 causa

339 702 447 755 qua
477 687 549 740 sit
585 686 916 756 unigenitus,
951 695 1315 755 prmterquam
1346 685 1493 756 quod
1538 686 1787 740 absolute
1814 685 1911 738 di-

337 778 483 831 citur
507 776 649 831 Deus
682 779 1013 847 unigenitns,
1048 778 1142 848 qui
1172 787 1257 831 est
1294 778 1348 831 in
1376 777 1500 831 sinu
1537 777 1733 830 Patris.
1760 775 1910 841 Quo-

338 866 444 920 ties
468 882 599 921 vero
626 869 876 921 eumdem
908 884 1075 923 sacra:
1123 862 1425 938 Scriptura.-
1474 866 1907 938 primogenitum

337 965 559 1017 vocant,
596 957 778 1009 statim
831 972 1051 1026 quoque
1103 958 1351 1012 inferunt
1407 973 1779 1028 quorumnam
1838 956 1909 1011 sit

338 1046 762 1114 prituogenitus.
797 1064 1125 1118 causamque
1162 1048 1422 1109 aderunt,
1474 1058 1703 1118 propter
1742 1063 1908 1117 quam

340 1137 445 1189 hoc
496 1153 717 1206 quoque
753 1140 1076 1207 cegnomine
1131 1140 1386 1194 donetur.
1424 1140 1686 1210 Inquittnt
1732 1140 1905 1202 enim,

335 1226 722 1297 Primogenitus
759 1231 812 1281 in
847 1234 1023 1282 multis
1054 1231 1303 1298 fratribus
1334 1231 1400 1295 ",
1440 1240 1489 1283 et
1536 1232 1908 1301 primogenitus

334 1333 399 1371 ea:
432 1322 650 1372 mortuis
684 1322 748 1372 ⁷³.
782 1322 947 1389 Atqui
978 1321 1390 1391 pritnogenitus
1422 1321 1647 1389 quidem
1681 1323 1735 1375 in
1768 1324 1907 1376 mul-

336 1410 406 1463 tis
435 1411 699 1465 fratribus
733 1428 986 1475 vocatur,
1019 1422 1293 1481 quatenus
1327 1414 1487 1468 nobis
1530 1414 1729 1469 sitnllis
1770 1414 1905 1469 eﬁ'c-

334 1513 459 1555 ctus
480 1513 563 1555 est
587 1502 809 1572 dempto
838 1513 1085 1572 peccato,
1120 1514 1507 1573 assumptaque
1527 1520 1691 1558 carne
1718 1515 1905 1560 nostra

333 1593 557 1647 fratrem
590 1610 649 1649 se
692 1606 942 1649 nostrum
971 1596 1123 1650 fecit.
1158 1597 1565 1665 Primogenitus
1603 1606 1785 1650 autem
1840 1611 1907 1650 ex

337 1685 595 1749 mortuis,
623 1687 751 1754 quia
782 1687 992 1754 primus
1021 1687 1135 1756 ipse
1162 1702 1381 1741 carnem
1414 1702 1567 1741 suam
1596 1688 1905 1741 exsuscita-

333 1776 413 1828 vit
440 1775 506 1828 ad
541 1776 1028 1843 incorruptionem,
1064 1778 1421 1845 eamdemque
1455 1778 1665 1847 primus
1701 1780 1753 1831 in
1787 1793 1898 1831 cte-

336 1867 418 1921 los
448 1866 681 1922 induxit.
712 1869 865 1924 Unde
902 1870 996 1933 ait,
1030 1869 1143 1937 Ego
1186 1887 1303 1922 sum
1335 1871 1418 1924 uia
1449 1870 1510 1924 ⁷³.
1566 1871 1696 1924 Itetu
1722 1912 1735 1934 ,
1794 1870 1904 1940 Ego

334 1976 451 2011 sum
506 1962 698 2013 ostium
750 1962 818 2015 ⁷³.
854 1962 957 2016 Per
1014 1979 1140 2017 eum
1198 1964 1344 2017 enim
1408 1973 1601 2017 natura
1665 1964 1904 2018 humana

334 2068 531 2106 novam
586 2057 1007 2109 resurrectionis
1058 2057 1315 2110 insistere
1367 2058 1508 2110 viam
1557 2057 1806 2121 docetur,
1850 2068 1905 2112 et

336 2146 797 2210 quemadmodum
831 2161 929 2215 per
962 2147 1165 2201 ostium
1196 2148 1473 2217 quoddam
1503 2149 1557 2203 in
1589 2148 1765 2218 ipsum
1793 2164 1901 2203 cu:-

336 2238 447 2291 lum
488 2238 817 2308 ingreditur.

876 2356 1128 2426 Ejusdem
1162 2356 1372 2427 Cyrilli.

408 2468 495 2520 ‘25.
523 2467 759 2523 Verbum
778 2468 1045 2534 γίνεσθαι,
1072 2469 1177 2524 hoc
1190 2479 1271 2523 est
1292 2469 1407 2523 ﬁeri
1440 2470 1522 2524 vel
1546 2468 1769 2532 csse,de
1796 2468 1906 2521 Deo

335 2560 500 2612 etiam
531 2560 690 2615 Patre
734 2561 938 2615 dictum
977 2563 1308 2624 invenimus,
1341 2572 1398 2615 ut
1425 2562 1565 2631 apud
1593 2562 1853 2615 Davidcm
1886 2576 1901 2613 :

338 2650 468 2703 Esto
504 2652 627 2730 mihi
685 2653 737 2704 in
791 2652 959 2706 Deum
1006 2662 1348 2721 protectorem
1378 2654 1445 2705 ".
1476 2652 1609 2708 Item
1655 2671 1668 2705 :
1708 2649 1904 2702 Factus

337 2756 388 2791 es
416 2742 541 2794 mihi
590 2742 647 2793 in
692 2741 918 2795 salutem
947 2743 1019 2795 ⁷⁷.
1056 2743 1209 2810 Apud
1259 2743 1576 2809 Apostolnm
1624 2757 1775 2803 vero,
1820 2739 1903 2793 Sit

339 2850 495 2899 porro
526 2832 661 2887 Deus
694 2850 851 2888 verax
878 2834 946 2900 ⁷⁸,
982 2839 1148 2889 onmis
1186 2846 1361 2888 autent
1390 2837 1539 2889 homo
1581 2836 1806 2887 mendax
1834 2836 1902 2887 ⁷³.

337 2923 394 2976 Si
426 2939 555 2993 ergo
588 2925 767 2989 Pater,
787 2926 1037 2994 quamvis
1059 2936 1333 2995 protector
1354 2926 1445 2980 ﬁat
1466 2935 1522 2980 et
1548 2940 1730 2993 verax,
1752 2939 1903 2978 crea-

340 3025 462 3067 tura
500 3026 680 3069 tamen
711 3031 819 3070 non
854 3027 957 3080 est,
981 3030 1130 3072 certe
1166 3034 1344 3087 neque
1375 3020 1568 3082 Filius,
1603 3022 1902 3088 quamvisa

338 3105 497 3160 Patre
554 3108 712 3162 nobis
754 3109 1043 3177 sapientia,
1077 3110 1434 3166 sanctiﬁcatio
1503 3122 1560 3166 et
1600 3112 1903 3182 redemptio

338 3196 516 3253 factus
551 3200 645 3264 sit,
679 3208 931 3254 creatura
958 3202 1088 3254 erit.

863 3330 1116 3399 Ejusdem
1165 3332 1371 3403 Cyrilli.

406 3443 497 3498 9.6.
533 3444 669 3497 Cum
707 3445 919 3498 Patrem
954 3446 1093 3500 Filio
1126 3450 1379 3503 essentia:
1426 3465 1645 3503 causam
1698 3452 1899 3506 factum

338 3547 459 3586 esse
484 3534 686 3594 dicitis,
720 3550 952 3601 quanam
1005 3551 1167 3589 causa
1225 3538 1276 3589 id
1333 3538 1561 3592 dicitis?
1620 3557 1684 3592 an
1739 3558 1902 3595 causa

339 3626 863 3695 ereationis?Atqui
898 3629 1055 3681 Pater
1091 3629 1203 3697 ipse
1231 3630 1430 3684 dixitei
1460 3650 1471 3683 ;
1508 3632 1586 3683 Ex
1611 3644 1755 3685 utero
1783 3645 1903 3687 ante

339 3717 633 3785 Luciferum
658 3721 813 3788 genui
856 3728 904 3770 te
926 3720 969 3751 '°
996 3736 1011 3783 ;
1058 3733 1304 3789 superest
1334 3738 1462 3790 ergo
1503 3731 1560 3774 ut
1607 3740 1765 3777 causa
1797 3742 1901 3792 qua

340 3808 502 3861 Pater
548 3820 633 3862 est
680 3810 733 3862 id
782 3811 997 3863 dicatis.
1037 3811 1191 3866 Unde
1241 3813 1491 3879 sequitur
1540 3813 1738 3867 Filium
1786 3832 1897 3869 non

338 3909 672 3964 creaturam,
701 3900 797 3953 sed
833 3902 1134 3954 naturalem
1165 3902 1360 3955 Filium
1392 3919 1534 3958 esse.

396 4029 644 4101 Theologi
691 4047 754 4085 ex
784 4034 1023 4085 oratione
1048 4050 1226 4087 coram
1254 4034 1339 4088 CL
1366 4037 1611 4106 episcopis
1646 4039 1845 4094 habita.

405 4140 496 4195 27.
532 4140 796 4196 Creatttra
834 4141 1058 4209 quidem
1101 4141 1192 4195 Dei
1221 4142 1457 4204 dicatur,
1486 4143 1754 4211 siquidem
1789 4159 1903 4197 ma-

339 4245 505 4300 gnum
536 4231 699 4283 nobis
728 4240 783 4284 et
814 4232 917 4283 hoc
945 4239 1048 4284 est.
1094 4230 1235 4283 Deus
1278 4242 1461 4285 autent
1496 4233 1647 4286 nullo
1688 4232 1850 4286 modo
1888 4248 1901 4286 :

337 4333 489 4375 certe
521 4335 651 4377 tunc
694 4322 977 4375 admittam
1012 4333 1319 4375 creaturam
1357 4337 1485 4377 esse
1532 4322 1722 4387 Deum,
1778 4339 1902 4377 cum

335 4428 438 4481 ego
477 4428 699 4481 quoque
756 4414 978 4481 proprie
1030 4414 1185 4467 luero
1217 4415 1378 4469 Deus.
1413 4416 1504 4469 Sic
1544 4417 1690 4469 enim
1723 4431 1780 4469 se
1816 4432 1901 4468 res

337 4503 522 4557 habet.
552 4503 607 4556 Si
644 4503 863 4571 quidem
899 4504 1039 4557 Deus
1093 4514 1199 4564 est.
1236 4514 1482 4559 creatura
1536 4522 1643 4559 non
1675 4518 1777 4564 est.
1805 4524 1901 4560 no-
1932 4521 1976 4577 ι)

336 4595 548 4648 biscutu
582 4594 752 4657 enim,
775 4595 867 4662 qui
886 4596 959 4648 dii
988 4611 1098 4649 non
1133 4606 1594 4657 sumns,creatura
1622 4598 1896 4663 est.Quud

335 4686 381 4739 si
412 4698 662 4739 creatura
695 4697 800 4745 est.
833 4685 976 4739 Deus
1014 4702 1124 4739 non
1154 4695 1256 4741 est.
1285 4686 1465 4755 prit
1499 4689 1644 4740 enim
1676 4688 1728 4741 in
1760 4698 1898 4741 tem-

336 4793 467 4846 {ore
504 4795 518 4831 :
554 4778 699 4845 quod
752 4794 917 4845 porro
962 4780 1149 4846 coepit,
1199 4790 1284 4831 est
1337 4779 1557 4846 quando
1616 4795 1724 4832 non
1771 4780 1895 4833 luit.

336 4872 615 4925 Caeterum
648 4870 701 4924 id
731 4886 840 4939 quo
864 4870 995 4924 illttd
1024 4886 1133 4923 non
1167 4870 1289 4931 fuit.
1325 4870 1606 4937 antiquius
1636 4880 1739 4930 est.
1773 4888 1898 4925 cum

336 4962 556 5031 proprie
586 4978 693 5015 non
727 4964 817 5026 sit,
854 4964 944 5030 qui
977 4963 1090 5015 ﬁeri
1119 4971 1298 5031 potest
1338 4970 1399 5015 ut
1428 4963 1499 5015 sit
1521 4962 1689 5016 Deus?
1711 4962 1898 5016 Trium

334 5068 468 5121 ergo
490 5050 712 5122 [sanctas
744 5053 1042 5107 Triuinatis
1066 5051 1448 5123 personarum]
1479 5053 1628 5107 nulla
1650 5065 1901 5108 creatura

337 5154 446 5203 est,
484 5157 661 5212 neque
690 5143 837 5210 quod
866 5159 933 5196 eo
964 5144 1208 5198 deterius
1239 5152 1343 5206 est,
1372 5154 1597 5212 propter
1624 5160 1707 5198 me
1739 5145 1904 5209 facta,

339 5249 407 5286 ne
441 5236 617 5286 solum
650 5244 898 5287 creatura
950 5234 1042 5296 sit,
1092 5250 1283 5287 verum
1340 5238 1505 5287 etiam
1548 5234 1706 5287 nobis
1754 5236 1905 5303 abje-

338 5326 502 5377 ctior.
539 5325 671 5378 Nam
709 5325 753 5377 si
784 5341 883 5393 ego
916 5326 971 5378 in
1001 5326 1260 5379 honorem
1298 5327 1391 5379 Dei
1420 5327 1594 5379 factus
1633 5342 1775 5391 sunt,
1813 5328 1899 5380 illa

336 5430 472 5468 vero
500 5425 723 5481 pr0pter
758 5430 864 5474 me.
901 5422 1050 5467 certe
1075 5415 1252 5467 orbita
1294 5425 1515 5483 propter
1556 5430 1804 5476 currum,
1847 5424 1903 5467 et

338 5522 462 5562 sera
542 5516 765 5574 propter
833 5507 1033 5560 ostium
1116 5507 1258 5563 facta
1345 5518 1450 5561 est.
1506 5508 1675 5563 Vinco
1714 5524 1897 5562 causa.

466 5660 511 5691 "
536 5659 694 5713 Rom.
737 5674 854 5719 vnt,
881 5626 973 5713 29.
1119 5663 1165 5693 "
1193 5660 1406 5717 Coloss.
1443 5678 1479 5719 l.
1512 5662 1596 5715 I8.

340 5745 510 5792 cvm,
552 5729 638 5781 14.
772 5728 817 5758 ⁷³
870 5729 1027 5786 Ilotu.
1068 5747 1153 5794 ttt,
1201 5735 1254 5786 4.
1393 5734 1437 5764 ’³
1465 5733 1606 5787 Psal.
1647 5748 1768 5784 (ιν.
1805 5733 1887 5784 ll.

340 5800 388 5831 ⁸³
416 5798 555 5854 Gen.
583 5812 621 5855 t.
668 5795 759 5851 26.

1679 5662 1725 5693 ⁷⁵
1747 5662 1904 5717 Joatt.
1946 5677 2054 5717 xw,
2080 5660 2132 5714 6.

2015 607 2168 650 tanto
2216 596 2268 648 id
2331 612 2417 649 me
2472 596 2612 665 ipso,
2662 599 2755 665 qui
2804 607 3029 665 prepter
3080 596 3251 650 Deum
3320 597 3583 657 subsisto.

2011 686 2305 757 ignobilius
2359 687 2429 741 sit
2484 695 2721 756 oportet,
2766 687 2913 757 quod
2960 697 3183 755 preptcr
3238 702 3323 742 me
3380 694 3584 743 tactunt

2010 790 2114 832 ρει.

2643 892 2954 945 Dtmtasreni
2964 932 2975 945 .

2084 1004 2173 1057 98.
2202 1002 2671 1069 Quemadmodum
2704 1004 2883 1074 ignem
2913 1005 3121 1060 lumine
3163 1008 3309 1074 quod
3344 1009 3413 1062 ab
3465 1010 3584 1077 ipso

2012 1093 2260 1161 procedit
2290 1095 2475 1147 lucere
2509 1094 2764 1154 dicimus.
2821 1110 2921 1147 nec
2971 1095 3157 1150 lumen
3191 1097 3259 1151 ab
3294 1097 3417 1166 igne
3453 1115 3584 1166 pro-

2010 1185 2211 1238 cedens
2245 1185 2669 1239 instrumentum
2707 1200 2826 1239 esse
2860 1187 3155 1241 statuimus
3178 1191 3321 1255 quod
3351 1191 3461 1259 igni
3488 1193 3584 1244 de-

2008 1280 2235 1336 serviat,
2270 1276 2364 1330 sed
2392 1278 2575 1345 potius
2603 1276 2906 1330 naturalem
2942 1292 3064 1332 esse
3101 1278 3414 1332 facultatem
3449 1296 3581 1348 pro-

2010 1363 2253 1425 ﬁtemur,
2306 1364 2380 1417 ita
2416 1375 2469 1418 et
2505 1365 2723 1419 Patrem
2776 1380 3118 1435 quaecunque
3174 1371 3305 1436 agit,
3364 1384 3429 1422 ea
3485 1386 3582 1437 per

2010 1453 2353 1522 unigenitum
2384 1455 2581 1509 Filium
2626 1471 2786 1510 suum
2828 1472 2988 1526 agere
3034 1458 3291 1522 dicimus,
3325 1477 3431 1513 non
3464 1470 3583 1513 latt-

2008 1559 2169 1609 qnam
2208 1544 2397 1614 organi
2433 1546 2791 1610 adminiculo,
2856 1547 2948 1600 sed
3003 1551 3239 1603 naturali
3276 1561 3333 1605 et
3376 1568 3474 1619 per
3524 1567 3583 1605 se

2010 1637 2343 1691 subsistente
2369 1641 2633 1707 potentia.
2666 1640 2731 1693 Et
2762 1641 3221 1709 quemadmodum
3266 1644 3443 1713 ignem
3494 1645 3582 1698 lu-

2013 1741 2137 1779 (ιρι-ο
2174 1728 2430 1789 dicimus.
2486 1731 2713 1798 viceque
2759 1746 2914 1784 versa
2966 1715 3153 1787 lumen
3209 1734 3350 1805 ignis
3392 1731 3581 1789 lucere

1943 1833 1981 1886 Β
2008 1818 2326 1880 astruimus.
2356 1820 2428 1873 ita
2458 1821 2621 1875 etiam
2663 1837 3004 1891 qua-cunque
3037 1823 3198 1879 Pater
3228 1828 3338 1896 agit
3384 1828 3577 1882 eadem

2010 1909 2177 1965 Filius
2208 1928 2425 1981 qttoqtte
2452 1915 2583 1984 agit.

2007 2046 2332 2127 Assertioncs
2374 2050 2787 2127 aliremlversus
2857 2059 3310 2112 liunomimtorunt
3360 2061 3580 2127 ὁμοιού-

2078 2134 2212 2173 σιον,
2248 2119 2341 2169 hoc
2372 2130 2445 2196 est
2475 2122 2901 2196 dictimaenngua
2940 2128 3107 2182 Filius
3128 2130 3315 2181 similis
3347 2119 3575 2196 quidem.

2078 2196 2145 2307 (ιιι
2189 2204 2292 2241 nou
2344 2190 2580 2261 ejusdem
2612 2211 2729 2246 cum
2770 2190 2931 2250 Patre
2992 2202 3302 2253 substanliw
3345 2190 3454 2253 esse
3501 2202 3581 2253 di-

2078 2273 2121 2307 c.
2153 2274 2235 2307 ur.

2078 2273 2235 2309 αιιιν.

2604 2400 2756 2454 CAP.
2828 2401 2983 2457 LVII.

2096 2485 2277 2559 Magni
2306 2487 2589 2546 Athanasii
2611 2494 2860 2565 adversus
2891 2512 2997 2559 eos,
3031 2499 3117 2565 qui
3143 2499 3481 2551 Itommusiunt

2603 2564 2966 2619 introducunt.

2076 2668 2165 2724 20.
2202 2671 2413 2726 Similia
2440 2688 2549 2726 non
2583 2673 2649 2726 de
2678 2676 3020 2743 substantiis,
3056 2688 3109 2733 at
3144 2680 3333 2749 ﬁguris
3358 2692 3413 2735 et
3440 2696 3569 2750 qua-

2004 2762 2249 2816 litatibus
2292 2763 2574 2819 dicuntur.
2609 2764 2782 2821 llomo
2827 2769 3012 2838 itaque
3081 2772 3293 2826 homini
3359 2775 3572 2829 ratione

2004 2851 2224 2917 quidem
2244 2856 2494 2907 essentire
2518 2855 2805 2922 ὀμοούσιος
2836 2858 3039 2912 dicitur
3071 2878 3083 2912 :
3126 2863 3340 2915 ratione
3386 2874 3569 2917 autem

2007 2940 2192 3011 ﬁgurae
2216 2944 2485 3007 autidese,
2522 2948 2726 3013 ὅμοιος,
2762 2948 2814 3001 id
2858 2960 2940 3003 est
2987 2952 3201 3008 siutilfs.
3244 2955 3365 3009 Idea
3409 2972 3573 3023 porro

2005 3034 2237 3100 qualitas
2269 3038 2535 3105 qumpiam
2560 3048 2663 3091 est.
2697 3038 2828 3093 Item
2860 3040 3021 3095 homo
3053 3042 3200 3103 bovi.
3235 3044 3278 3098 si
3310 3047 3565 3099 essentne

2008 3125 2148 3178 ratio
2178 3126 2464 3191 habeatur,
2497 3144 2603 3181 non
2640 3130 2896 3198 ἀνόμοιος
2938 3147 3032 3185 seu
3066 3134 3356 3188 dissimilis
3389 3146 3495 3201 est,
3517 3146 3574 3190 at

1932 3187 1974 3243 θ
2008 3216 2367 3285 ἑτεροούσιος,
2401 3220 2501 3271 hoc
2550 3229 2633 3272 est
2684 3222 2923 3275 essentia
2971 3223 3189 3278 diversa
3244 3227 3509 3294 praeditus
3556 3242 3571 3281 :

2010 3308 2218 3362 ratione
2271 3326 2397 3361 vero
2450 3310 2585 3365 ideae
2636 3327 2957 3381 corporeae,
2988 3315 3240 3384 ἀνόμοιος
3296 3333 3393 3372 seu
3456 3319 3574 3375 dis-

2005 3399 2218 3451 similis.
2273 3400 2357 3452 Fit
2416 3414 2597 3453 autem
2652 3402 2763 3456 Deo
2809 3405 3079 3474 quispiam
3147 3408 3388 3473 similis,
3465 3428 3574 3466 non

2004 3494 2238 3545 essentia
2263 3531 2277 3555 ,
2308 3494 2401 3547 sed
2440 3495 2757 3561 virtutibus,
2803 3512 2925 3565 qua:
2952 3497 3310 3565 qualitatibus
3372 3514 3573 3554 accen-

2010 3591 2223 3635 SCIIIUI‘.

2569 3694 2758 3747 Basilii
2809 3694 3009 3761 Magni.

2072 3804 2162 3858 δυ.
2208 3805 2507 3873 Splendore
2536 3808 2757 3874 quidem
2793 3808 3265 3878 coniunctionem,
3311 3810 3570 3878 ltyposta-

2004 3910 2129 3949 sees
2166 3911 2294 3950 vero
2343 3898 2663 3953 charactere
2710 3915 2807 3953 seu
2859 3900 3029 3969 ﬁgura
3062 3899 3405 3962 substantia.
3446 3904 3576 3971 ὀμο-

2003 3988 2205 4052 o-erv,
2237 3989 2339 4043 hoc
2367 4000 2451 4044 est
2475 3990 2815 4045 identitatent
2836 3992 3157 4047 substantias
3183 3992 3469 4046 docemur.

2570 4081 2754 4138 Sancti
2786 4084 2998 4153 Cyrilli.

2070 4196 2157 4247 5|.
2194 4196 2478 4251 Uudcnam
2520 4197 2693 4252 Filius
2736 4197 2882 4251 Patri
2928 4196 3425 4251 consubstantialis
3451 4210 3572 4250 esse

2002 4287 2182 4340 dictus
2214 4288 2306 4349 sit,
2336 4288 2629 4355 Apostolus
2677 4288 2825 4341 dicat
2861 4288 2945 4341 bis
2979 4287 3203 4341 verbis:
3235 4286 3334 4351 Qui
3365 4302 3481 4339 cum
3514 4289 3571 4339 in

2002 4380 2171 4448 forma
2205 4378 2297 4432 Dei
2320 4390 2469 4439 esset,
2500 4396 2601 4432 non
2629 4382 2872 4448 rapinam
2902 4380 3191 4432 arbitratus
3232 4389 3330 4440 est,
3362 4394 3470 4430 esse
3513 4393 3569 4431 se

2004 4472 2257 4541 a’qualem
2290 4472 2394 4524 Deo
2417 4472 2481 4523 ⁸¹.
2506 4472 2690 4540 Itaque
2716 4487 2837 4524 cum
2861 4487 2958 4541 per
2985 4472 3079 4526 Dei
3112 4471 3344 4524 formam
3376 4480 3570 4524 natura

2008 4564 2357 4629 intelligat-ur.
2384 4562 2819 4633 adjungaturque
2872 4562 3180 4631 aequalitas,
3211 4561 3406 4615 merito
3435 4576 3570 4613 con-

1996 4654 2373 4707 substantialis
2426 4654 2608 4707 dictus
2654 4654 2882 4719 est.Qui
2934 4657 3082 4709 enim
3130 4655 3391 4723 aequalem
3444 4670 3567 4707 cum

1997 4748 2156 4801 Patre
2184 4755 2433 4799 naturam
2477 4746 2666 4806 habet,
2706 4747 2974 4814 aequalem
3007 4756 3157 4800 certe
3207 4746 3569 4799 subatantiaut

1995 4852 2214 4903 quoque
2269 4836 2451 4889 habet.
2512 4834 2653 4900 Quin
2714 4838 2829 4904 ipse
2884 4852 3101 4905 quoque
3147 4835 3399 4889 Christus
3439 4849 3569 4889 cum“

1998 4926 2075 4979 ait
2115 4947 2125 4978 :
2167 4925 2275 4994 Ego
2308 4934 2355 4977 et
2387 4924 2547 4979 Pater
2574 4942 2736 4979 unum
2764 4943 2944 4979 sumus
2966 4928 3032 4990 ⁸⁸,
3064 4935 3275 4980 naturae
3311 4926 3430 4979 sive
3474 4941 3566 4979 es-

1996 5018 2182 5070 sentiae
2202 5016 2544 5072 identitntem
2575 5018 2934 5072 demonstrat.

2529 5127 2778 5196 Ejusdem
2828 5126 3037 5196 Cyrilli.

2072 5241 2162 5293 '52.
2229 5240 2471 5304 Quorum
2522 5241 2769 5293 actiones
2813 5240 3038 5299 eaedem.
3087 5254 3278 5293 eorum
3326 5240 3565 5292 essentia

2001 5348 2215 5400 quoque
2253 5346 2358 5382 uua
2398 5341 2502 5384 est.
2555 5332 2713 5384 Actio
2761 5346 2925 5397 porro
2978 5329 3150 5383 l’atris
3190 5341 3243 5383 et
3278 5331 3398 5385 Filii
3458 5345 3562 5381 una

1999 5430 2103 5480 est,
2130 5430 2187 5473 ut
2218 5421 2346 5472 hinc
2376 5429 2523 5488 patet
2557 5437 2571 5473 :
2608 5418 2892 5472 Faciamus
2910 5421 3168 5473 hominem
3191 5421 3260 5472 ad
3284 5420 3566 5486 imaginem

1999 5516 2231 5560 nostram
2247 5508 2312 5558 ⁸³.
2339 5507 2473 5560 Item
2514 5530 2523 5560 :
2554 5506 2887 5575 Quaecunque
2913 5508 3076 5562 Pater
3103 5510 3253 5578 agit,
3286 5507 3470 5560 eadem
3515 5521 3565 5557 ει

3350 5663 3391 5693 ⁷⁷
3420 5662 3561 5717 Psal.

3129 5733 3173 5764 "
3206 5733 3359 5789 ἔρξω.
3388 5748 3438 5796 x,
3474 5735 3563 5789 50.

2253 5661 2472 5715 "Joan.
2510 5676 2561 5716 at.
2602 5661 2655 5713 9.
2775 5661 2821 5693 "
2847 5660 2992 5716 Psal.
3030 5677 3152 5725 ιιι.
3184 5661 3238 5717 3.

1992 5732 2035 5762 ⁸ο
2060 5730 2201 5786 l'sal.
2235 5746 2345 5795 etx,
2377 5730 2428 5784 5.
2553 5728 2932 5801 "Pltilipp,tt,
2967 5733 3021 5787 6.
