4288 6372
725 331 860 389 1427

717 549 775 586 ἰε
801 536 1023 588 credatis
1052 537 1174 590 mihi
1200 537 1268 589 ⁸⁵.

1222 648 1475 718 Ejusdem
1520 651 1725 722 Cyrilli.

781 753 865 804 55.
906 753 1372 817 Quemadmodum
1417 760 1593 814 bonus
1625 763 1762 815 odor
1791 763 1900 829 ille,
1928 769 2021 837 qui
2050 781 2274 825 natura-

710 839 832 891 liter
875 851 927 893 et
982 847 1348 901 essetttialiter
1381 864 1410 902 e
1445 849 1578 904 ﬂore
1630 856 1916 920 procedit,
1969 858 2122 913 ﬂoris
2150 861 2270 932 ejus

712 945 747 996 τις
771 933 940 985 eciem
982 936 1203 997 indicat.
1239 953 1265 990 a
1299 955 1407 1006 quo
1431 952 1684 1009 tanquam
1715 957 1937 1013 parente
1973 960 2132 1006 natus
2162 963 2266 1014 est,

708 1021 772 1071 ita
796 1035 850 1075 et
874 1025 1033 1087 ﬁlius,
1066 1029 1156 1094 qui
1181 1029 1326 1082 velut
1346 1031 1481 1084 odor
1509 1044 1740 1102 paterna:
1771 1039 2088 1095 substantia:
2107 1044 2265 1111 quis-

708 1114 842 1180 piam
895 1126 1010 1179 est,
1052 1120 1352 1184 genitorem
1411 1139 1568 1177 suum
1624 1127 1888 1182 declarat.
1919 1129 2011 1184 Ait
2049 1134 2194 1187 enim
2249 1153 2263 1189 :

707 1203 804 1268 Qui
835 1206 967 1258 videt
997 1224 1094 1273 me,
1127 1211 1259 1263 videt
1288 1225 1334 1265 et
1366 1213 1577 1270 Patrem
1597 1218 1683 1271 ".'

735 1335 792 1388 S.
821 1336 1008 1406 δεμ-ἰΗί
1039 1342 1261 1412 objectio
1292 1359 1474 1404 contra
1501 1351 1748 1419 Arianae,
1777 1357 1991 1427 ejusque
2011 1360 2224 1417 solutio.

770 1467 857 1519 δι.
913 1469 1003 1525 Sic
1050 1474 1248 1527 alicubi
1303 1476 1562 1534 Servator
1611 1483 1688 1536 ait
1743 1489 1983 1554 seipsum
2038 1492 2261 1559 quidem

699 1558 754 1612 in
787 1561 939 1616 Patre
972 1581 1114 1630 sese,
1141 1567 1352 1622 Patrem
1387 1583 1571 1627 autem
1596 1578 1958 1634 consimiliter
1982 1584 2035 1634 in
2058 1558 2260 1651 seipso.

695 1651 812 1704 Jam
847 1656 1020 1710 cuivis
1053 1660 1404 1727 perspicuum
1431 1675 1536 1724 est.
1585 1683 1693 1721 non
1732 1670 1803 1722 ita
1848 1671 2258 1741 intelligendum

699 1743 802 1797 hoc
828 1762 969 1806 esse.
1021 1760 1078 1802 ut
1122 1756 1582 1819 quemadmodum
1635 1774 1833 1828 corpus
1880 1777 2129 1831 corpore,
2165 1773 2260 1818 aut
2293 1773 2331 1826 Β
2360 1744 2431 1837 δέ
2457 1783 2496 1836 ς

695 1840 982 1891 vasculum
1017 1844 1239 1896 vasculo
1271 1849 1780 1914 comprehenditur,
1839 1852 1910 1906 ita
1955 1854 2120 1907 etiam
2152 1856 2255 1910 Pa-

696 1942 831 1983 trem
860 1947 888 1984 a
922 1932 1079 1995 Filio,
1109 1937 1192 1988 vel
1222 1952 1252 1990 e
1285 1937 1504 1992 diverso
1529 1941 1725 1995 Filiqu
1760 1960 1786 1996 a
1818 1946 1975 1999 Patre
2011 1962 2257 2016 compre-

697 2023 862 2074 hendi
890 2025 1297 2091 quodammodo
1330 2030 1597 2087 dicamus.
1635 2034 1902 2088 Cancrum
1934 2036 2023 2090 hic
2055 2038 2106 2089 in
2136 2039 2252 2103 illo,

695 2115 897 2185 illeque
931 2119 982 2171 in
1020 2120 1122 2173 hoc
1147 2122 1281 2175 citra
1310 2125 1668 2179 mutationem
1702 2142 1821 2179 esse
1863 2128 2101 2193 videtur,
2133 2142 2255 2185 tau-

697 2224 857 2276 quam
888 2210 937 2262 in
973 2213 1226 2266 essentia:
1277 2214 1584 2278 identitate,
1631 2218 1976 2286 naturalique
2021 2221 2256 2288 conjun-

694 2301 874 2352 ctione
903 2311 1068 2370 atque
1103 2305 1484 2361 similitudine.
1544 2309 2008 2374 Quemadmodum
2054 2312 2096 2364 si
2135 2313 2256 2380 quis

696 2390 749 2442 in
802 2393 1034 2460 imagine
1085 2411 1239 2449 suam
1270 2400 1565 2466 genuinam
1608 2402 1953 2469 conSpicatus
1997 2401 2254 2467 formam,

692 2499 824 2537 vere
860 2487 1187 2555 quibusdam
1242 2491 1410 2551 dicat.
1459 2491 1875 2546 similitudinem
1919 2502 2026 2547 tam
2061 2506 2254 2548 exacte

693 2591 1004 2651 expressam
1029 2579 1328 2636 demiratus
1358 2604 1369 2636 :
1409 2584 1519 2652 Ego
1553 2585 1604 2637 in
1637 2585 1740 2638 hac
1771 2584 2006 2653 pictura,
2055 2596 2112 2640 et
2169 2586 2253 2654 pi-

693 2677 842 2720 ctura
874 2669 985 2723 haac
1010 2675 1059 2722 in
1086 2676 1289 2726 me.Vcl
1313 2667 1770 2742 quemadmodum
1796 2676 1838 2730 si
1869 2676 2113 2732 caliditas
2139 2693 2258 2745 qua:

693 2758 1019 2813 naturaliter
1047 2760 1114 2814 ab
1146 2762 1266 2831 igne
1302 2765 1569 2832 procedit,
1592 2765 1740 2831 loqui
1775 2777 1982 2834 posset,
2022 2767 2259 2820 diceret-

697 2864 803 2915 que
838 2850 984 2917 :Ego
1017 2853 1068 2905 in
1106 2854 1246 2922 igne.
1275 2870 1323 2909 et
1368 2859 1506 2926 ignis
1531 2859 1583 2910 in
1614 2874 1719 2912 me.
1752 2859 1882 2913 Nam
1915 2859 2258 2927 supradicto-

699 2953 818 2991 I'lIItl
851 2944 1286 3009 unumquodque
1317 2947 1642 3016 c0gttatione
1662 2947 1884 3014 quidem
1922 2947 2091 3000 dividi
2121 2963 2258 3014 quo-

693 3031 984 3089 dammodo
1017 3043 1194 3101 potest
1222 3054 1234 3098 ;
1276 3047 1331 3089 at
1382 3047 1580 3092 natura
1620 3053 1786 3091 unum
1819 3049 1942 3103 est,
1975 3053 2255 3107 unumque

691 3138 757 3179 ex
822 3139 929 3178 uno
981 3125 1262 3181 individua
1321 3129 1553 3196 quadam
1618 3131 1970 3201 processione
2035 3115 2324 3196 θήκη-,(³

693 3217 1157 3284 quemadmodum
1192 3221 1398 3288 sejuugi
1442 3236 1661 3289 quoque
1708 3221 1927 3277 videtur
1957 3221 2026 3275 ab
2067 3237 2134 3275 eo
2163 3222 2252 3276 cui

690 3309 910 3376 quidem
945 3310 1106 3369 inest.
1134 3309 1624 3364 V'erumcuimvero
1663 3313 1879 3370 tametsi
1918 3313 2000 3368 vis
2026 3322 2080 3367 et
2100 3327 2256 3366 ener-

691 3402 778 3469 gla
809 3418 1000 3457 eorum
1035 3420 1154 3472 qua:
1186 3405 1250 3457 de
1287 3406 1416 3472 ipsis
1444 3407 1757 3471 cogitantur
1791 3406 1894 3458 hoc
1924 3406 2090 3462 veluti
2117 3422 2256 3474 quo-

691 3492 812 3544 tlutn
847 3503 970 3560 tvpo
997 3494 1299 3559 elucescat,
1333 3495 1384 3545 in
1430 3495 1597 3545 altero
1653 3504 1829 3546 tamen
1864 3494 2103 3557 videtur,
2140 3510 2254 3548 am-

690 3584 872 3648 hoque
927 3583 1071 3636 idem
1124 3594 1281 3645 sunt,
1313 3583 1356 3636 si
1409 3584 1729 3637 substantia:
1772 3584 1908 3636 ratio
1965 3583 2252 3637 habeatur.

691 3675 886 3743 Itaque
916 3675 960 3728 si
995 3677 1250 3730 essentia:
1271 3678 1503 3740 ratione,
1539 3693 1660 3745 qum
1686 3677 1881 3729 mutari
1904 3691 2012 3730 non
2049 3685 2250 3746 potest,

687 3776 853 3833 atque
878 3769 1213 3820 eharacteris
1234 3783 1327 3819 seu
1355 3767 1559 3835 ﬁgura,
1579 3784 1700 3834 qua:
1724 3784 1947 3837 prorsus
1973 3769 2253 3836 corrumpi

688 3860 1052 3911 adulterarive
1077 3860 1285 3925 nequit,
1323 3858 1481 3911 Pater
1513 3860 1566 3912 iu
1592 3860 1728 3913 Filio
1755 3872 1860 3920 est.
1892 3863 1986 3930 qui
2019 3861 2132 3913 ﬁeri
2159 3877 2255 3928 po-

690 3953 837 4012 terit,
879 3963 936 4003 ut
969 3953 1141 4019 major
1172 3952 1224 4004 in
1257 3952 1547 4013 minorem,
1593 3954 1672 4005 sic
1713 3953 1857 4004 enim
1913 3953 1998 4006 isti
2055 3953 2250 4005 Filium

688 4053 939 4106 Ct‘lISPIII,
975 4053 1230 4107 transeat,
1249 4054 1304 4096 et
1328 4044 1380 4096 in
1403 4058 1469 4096 eo
1487 4043 1760 4096 videatur?
1778 4045 1912 4109 Quia
1940 4059 2067 4096 vero
2093 4060 2249 4112 pror-

688 4152 780 4188 sus
813 4139 863 4188 in
891 4151 958 4188 eo
986 4146 1089 4200 est,
1119 4137 1491 4203 consequitur,
1516 4145 1574 4188 ut
1602 4135 1771 4189 Filius
1811 4136 2034 4189 omnino
2078 4137 2253 4204 perfe—

689 4242 811 4282 Otus
844 4229 914 4281 sit
948 4237 1004 4281 et
1047 4243 1077 4280 a
1126 4225 1366 4295 perfecto
1398 4227 1674 4296 procedat,
1710 4227 1886 4296 magni
1919 4227 2096 4281 Patris
2119 4227 2250 4281 cha-

692 4330 871 4395 racter
899 4329 953 4376 et
979 4322 1172 4387 ﬁgura.

1982 340 2277 400 NICETzE
2317 345 2720 409 CllthlAT/E

721 437 885 493 Vitia:
919 447 1024 510 agit
1057 442 1121 495 ⁸⁵.
1153 443 1285 497 item
1321 461 1334 498 :
1369 444 1428 498 Si
1458 462 1614 516 apera
1650 446 1958 520 Patrievmei
1981 465 2087 503 non
2114 451 2272 518 facio,
2304 458 2353 513 Α

3807 348 3944 412 i-i'ZB

2915 460 3165 529 Ejusdem
3204 459 3413 514 Basilii.

2445 574 2533 626 57.
2580 572 3026 642 Comparationes
3079 573 3299 643 proprie
3349 573 3492 626 inter
3519 571 3611 625 illa
3643 570 3799 632 ﬁunt,
3828 584 3952 638 qua:

2375 672 2503 716 sunt
2553 663 2797 732 ejusdem
2850 665 3084 733 generis.
3155 666 3346 718 Nullus
3404 665 3547 717 enim
3606 663 3774 716 Deum
3823 676 3948 713 cum

2373 754 2585 816 angelo,
2631 761 2723 806 aut
2771 755 3020 823 angelum
3072 770 3193 808 cum
3252 756 3490 814 homine.
3528 761 3622 807 aut
3669 751 3946 804 hominem

2373 859 2495 894 eo...
2545 840 2705 895 bruto
2757 842 3004 906 confert;
3040 843 3132 897 sed
3179 844 3322 896 Deus
3364 843 3580 910 quidem
3618 855 3742 894 cum
3797 837 3949 892 nullo

2371 933 2606 987 conferri
2653 942 2854 1002 potest.
2905 945 3099 989 caetera
3145 949 3277 987 vero
3317 949 3441 988 cum
3471 933 3535 985 iis
3561 930 3947 989 conferuntur,

2371 1039 2491 1092 qua:
2523 1034 2650 1078 sunt
2678 1025 2894 1095 generis
2920 1026 3162 1094 ejusdem
3186 1044 3200 1080 ;
3232 1039 3339 1079 non
3368 1033 3548 1077 autem
3586 1037 3708 1076 cum
3735 1021 3799 1074 iis
3824 1033 3949 1088 qua

2367 1115 2594 1172 diversi.

2441 1205 2551 1259 Nec
2594 1206 2741 1260 enim
2792 1208 3016 1276 angelus
3059 1224 3181 1262 cum
3215 1209 3455 1270 homine,
3495 1222 3594 1262 nec
3627 1207 3790 1260 homo
3822 1221 3946 1260 cum

2368 1293 2532 1349 bruto
2577 1310 2680 1349 nec
2712 1296 2919 1366 lignum
2974 1311 3097 1350 cum
3152 1297 3331 1366 lapide
3379 1297 3681 1360 confertur,
3717 1295 3836 1360 Quo
3867 1296 3946 1355 ﬁt.

2366 1393 2428 1438 ut
2458 1385 2511 1437 in
2547 1385 2614 1438 iis
2639 1401 2759 1454 qua:
2782 1396 2911 1440 sunt
2932 1388 3173 1456 ejusdem
3221 1389 3461 1457 generis.
3505 1388 3700 1440 melius
3731 1401 3839 1438 non
3868 1386 3950 1438 di—

2365 1486 2538 1539 catur,
2586 1478 2678 1530 sed
2723 1478 2913 1547 magis,
2957 1481 3101 1547 plus,
3145 1487 3199 1533 et
3237 1482 3436 1546 majus.
3494 1479 3681 1546 Itaque
3713 1479 3757 1532 si
3787 1477 3951 1531 Pater

2362 1568 2503 1622 Filio
2543 1569 2757 1623 ratione
2807 1578 3017 1624 natura
3061 1570 3176 1623 sive
3249 1569 3567 1623 substantia:
3609 1569 3782 1638 major
3841 1575 3947 1632 est,

2361 1663 2471 1714 erit
2506 1660 2678 1715 Filius
2702 1660 2947 1732 ejusdem
2989 1676 3114 1715 cum
3145 1661 3304 1717 Patre
3329 1661 3674 1716 substantiae.

2500 1783 2647 1853 νήιιὶ
2698 1785 2947 1840 adversus
2992 1805 3075 1842 eos
3104 1790 3194 1851 qui
3227 1791 3481 1843 minorem
3533 1789 3730 1845 Filium
3770 1794 3948 1847 intro-

2425 1853 2642 1929 ducunt.
2700 1870 2757 1906 eo
2808 1857 3232 1929 quodrChristus
3278 1863 3332 1911 in
3387 1860 3688 1929 Evangelii:
3738 1864 3882 1916 dicat
3925 1881 3947 1918 :

2440 1942 2457 1974 ι
2492 1923 2654 1976 Pater
2693 1940 2838 1978 meus
2869 1928 3043 1995 major
3071 1945 3159 1981 me
3189 1939 3286 1982 est.
3318 1949 3338 1982 ι

2425 2063 2515 2116 58.
2555 2061 2658 2128 Qui
2699 2078 2830 2117 vero
2881 2066 2995 2120 ﬁeri
3037 2077 3214 2137 potest
3270 2080 3330 2123 ut
3370 2070 3536 2124 FIIIUS
3589 2073 3769 2124 minor
3799 2071 3947 2125 dica-

2359 2162 2470 2215 tur,
2504 2155 2597 2222 qui
2641 2161 2933 2227 perSpicue
2988 2158 3134 2212 dicat
3162 2183 3170 2212 :
3201 2159 3390 2214 Omnia
3442 2178 3760 2231 quwcuuque
3791 2161 3943 2214 habet

2358 2245 2544 2312 Pater,
2580 2264 2694 2301 mea
2747 2259 2869 2303 sunt
2890 2250 2958 2303 ⁸³.
2992 2249 3055 2305 Et
3085 2251 3215 2304 alibi
3259 2252 3368 2306 Deo
3392 2261 3446 2306 et
3475 2253 3614 2306 Patri
3667 2253 3832 2307 verba
3862 2254 3942 2307 fa-

2356 2340 2508 2395 ciens
2542 2359 2555 2397 :
2601 2341 2812 2407 Omnia,
2859 2341 3056 2411 inquit.
3085 2359 3199 2396 mea
3233 2352 3324 2396 tua
3353 2353 3494 2406 sunt,
3526 2354 3573 2396 et
3605 2354 3696 2396 tua
3729 2361 3842 2398 mea
3870 2345 3936 2406 ⁸⁸,

2358 2431 2411 2484 in
2445 2432 2656 2486 Patrem
2707 2447 2926 2502 quoque
2956 2433 3113 2488 cadet
3140 2444 3197 2487 ut
3221 2435 3402 2486 minor
3447 2434 3686 2494 dicatur,
3720 2435 3943 2488 itidem-

2357 2535 2464 2588 que
2507 2520 2561 2574 in
2593 2519 2816 2585 Filium,
2845 2529 2904 2574 ut
2928 2521 3119 2591 major,
3165 2522 3467 2590 praesertim
3521 2535 3645 2574 cum
3675 2520 3729 2573 in
3756 2534 3938 2573 rerum

2358 2612 2552 2664 ordine
2601 2612 2811 2666 nullum
2872 2613 2943 2666 sit
3001 2609 3317 2675 discrimen,
3361 2611 3629 2680 siquidem
3658 2625 3780 2678 qua:
3806 2608 3942 2664 utri-

2357 2717 2466 2769 que
2516 2702 2706 2758 insunt
2734 2705 2788 2757 in
2831 2715 3067 2773 utroque
3111 2714 3427 2765 cernantur,
3462 2704 3536 2757 ita
3569 2710 3628 2755 ut
3671 2700 3940 2770 quidquid

2358 2791 2534 2845 Patris
2557 2802 2660 2853 est.
2695 2794 2747 2847 id
2778 2794 2899 2848 Filii
2952 2811 3173 2864 quoque
3205 2795 3296 2855 sit.
3329 2803 3386 2848 et
3415 2808 3571 2847 versa
3607 2795 3751 2853 vice.
3782 2792 3941 2860 quid-

2358 2883 2486 2952 quid
2535 2884 2653 2937 Filii
2695 2886 2973 2954 propriurn
3009 2901 3130 2939 esse
3168 2886 3405 2947 videtur,
3441 2884 3494 2938 id
3528 2883 3677 2937 Patri
3717 2899 3938 2951 quoque

2358 2980 2634 3031 convenit.
2692 2980 2879 3048 Itaque
2914 2979 3052 3031 nihil
3087 2977 3348 3040 obstabit,
3397 2975 3694 3044 quominus
3722 2975 3936 3028 Patrem

2360 3066 2496 3119 Filio
2527 3068 2816 3131 minorem,
2849 3076 2904 3120 et
2930 3067 3127 3121 Filium
3161 3068 3317 3120 Patre
3347 3065 3607 3133 majorem
3645 3066 3932 3117 dicamus:

2358 3157 2450 3211 sed
2482 3158 2792 3226 hujusmodi
2825 3159 3105 3227 quidpiam
3136 3157 3216 3211 vel
3244 3158 3483 3226 cogitare
3526 3155 3934 3235 perabsurdum

2356 3260 2457 3302 est.
2506 3249 2847 3318 Quapropter
2884 3250 3109 3318 aequalis
3146 3257 3231 3303 est
3261 3248 3433 3311 Patri,
3477 3263 3584 3303 non
3634 3248 3794 3302 Patre
3837 3248 3940 3300 mi-

2357 3358 2477 3402 nor,
2520 3341 2612 3410 qui
2656 3357 2974 3396 communes
3027 3342 3190 3397 habet
3231 3356 3356 3396 cum
3408 3341 3568 3395 Patre
3618 3339 3936 3394 substantia

2356 3433 2673 3500 dignitates.

2356 3569 2479 3624 Alia
2539 3567 2755 3636 objectio
2806 3568 3179 3622 Anoma'orum
3218 3584 3237 3622 :
3277 3570 3356 3622 An
3403 3567 3579 3620 volens
3629 3563 3812 3626 Pater,
3860 3579 3932 3616 an

2763 3637 2943 3690 nolens
2995 3637 3194 3691 Filium
3241 3638 3528 3708 genuerit?

2951 3771 3104 3826 CAP.
3147 3770 3330 3826 LVIII.

2355 3905 2539 3978 Magni
2583 3905 2822 3976 Gregorii
2875 3905 3224 3978 Theoloqifa:
3270 3907 3508 3958 oratione
3544 3905 3607 3956 de
3638 3906 3912 3973 incompre-

2694 3977 2932 4032 hensibili
2964 3975 3087 4030 Filii
3114 3975 3210 4029 Dei
3242 3978 3600 4044 generatione.

2423 4112 2512 4165 59.
2534 4109 2848 4179 Cujusmodi
2873 4123 3032 4177 porro
3052 4118 3153 4171 est,
3195 4108 3336 4176 quod
3365 4107 3608 4160 Auomoei
3639 4106 3930 4173 objiciunt,

2352 4216 2513 4270 quam
2568 4203 2805 4254 rixosum
2831 4209 2884 4253 et
2933 4199 3258 4267 impudens?
3308 4198 3597 4260 Volensue,
3646 4199 3926 4266 inquiunt,

2353 4295 2549 4349 Filium
2573 4294 2780 4361 genuit,
2815 4307 2882 4345 an
2911 4292 3140 4345 nolens?
3169 4291 3366 4344 deinde
3413 4291 3590 4353 nodis,
3617 4300 3675 4343 ut
3704 4290 3800 4358 ipsi
3836 4306 3926 4341 ar-

2353 4385 2670 4445 bitrantur,
2729 4384 2986 4451 utrinque
3040 4398 3139 4436 nos
3193 4383 3510 4449 implicant,
3562 4397 3668 4434 non
3708 4380 3924 4442 validis,

689 4456 870 4526 Μηθηί
924 4455 1127 4541 Βζιδίίῗίο
1186 4457 1321 4523 (Ιαοά
1376 4454 1834 4541 Ρατεζῆίτκείβο
1879 4457 2052 4541 ηιαὶον
2084 4473 2244 4510 cum“
2276 4462 2441 4531 “sed
2493 4474 2786 4528 admodum
2834 4473 3056 4541 putidis.
3109 4472 3164 4527 Si
3214 4473 3421 4532 nolens,
3467 4471 3741 4539 inquiunt,
3792 4485 3925 4537 ergo

898 4537 1142 4594 paterna,
1173 4543 1274 4579 non
1305 4537 1481 4579 autem
1507 4527 1791 4580 divinitatis
1819 4537 2032 4579 natura.

759 4659 846 4710 '53.
882 4658 934 4712 Si
963 4659 1256 4712 essentiam
1287 4659 1524 4713 essentia
1554 4661 1816 4729 majorem
1859 4669 1952 4715 aut
1978 4660 2249 4715 minorem

691 4768 796 4806 non
815 4750 1081 4812 dicemus,
1100 4752 1262 4804 verba
1279 4752 1388 4812 illa,
1409 4751 1562 4803 Pater
1577 4752 1747 4818 major
1767 4769 1846 4804 me
1864 4762 1937 4804 est
1954 4753 2020 4812 ⁸⁷,
2043 4753 2252 4806 ratione

689 4843 1008 4897 substantia:
1031 4845 1170 4896 dicta
1204 4861 1307 4896 non
1332 4853 1491 4906 sunt;
1519 4845 1612 4896 sed
1641 4844 1764 4913 quia
1796 4845 1913 4914 ejus
1945 4844 2123 4907 Pater,
2150 4845 2253 4899 hoc

687 4944 795 4999 cst,
824 4949 984 4988 causa
1013 4945 1067 4988 ct
1098 4936 1430 5003 principium
1466 4946 1568 4988 est.

1217 5068 1467 5134 Ejusdem
1514 5069 1722 5122 Basilii.

757 5203 849 5256 56.
880 5203 935 5256 Si
963 5218 1125 5257 causa
1157 5206 1331 5271 major
1359 5213 1443 5257 est
1473 5218 1538 5256 eo
1569 5204 1726 5272 cujus
1767 5211 2061 5255 estcausa.
2090 5207 2144 5253 et
2176 5198 2243 5250 ab

692 5298 810 5360 ipso
851 5296 1100 5347 essentia:
1134 5294 1344 5347 ratione
1395 5292 1598 5346 didert.
1667 5291 1858 5345 Omnis
1888 5298 2064 5342 autem
2098 5298 2252 5354 pater

688 5402 850 5438 causa
885 5397 990 5443 est.
1021 5385 1305 5451 omnisque
1341 5384 1484 5438 ﬁlius
1506 5385 1550 5436 is
1579 5383 1736 5452 cujus
1772 5390 1938 5450 .pater
1958 5394 2121 5432 causa
2144 5386 2248 5438 est.

690 5487 838 5533 certe
871 5479 1106 5546 majores
1137 5476 1263 5529 ﬁliis
1306 5486 1488 5545 patres
1532 5476 1846 5542 diversique
1880 5481 2008 5527 sunt
2039 5471 2108 5524 ab
2142 5471 2249 5524 illis

689 5567 941 5624 essentia:
968 5569 1201 5624 ratione.
1232 5566 1344 5620 Hoc
1376 5581 1562 5619 verum
1589 5581 1693 5618 non
1722 5573 1825 5618 est.

723 5743 768 5780 ³⁵
807 5741 965 5801 Joan.
996 5757 1046 5803 v,
1085 5741 1167 5801 19,
1247 5741 1290 5771 ⁸⁵
1318 5741 1474 5796 Joau.
1511 5758 1560 5799 χ.
1591 5741 1676 5793 57.
1747 5740 1790 5771 ⁸⁶
1817 5740 1971 5794 Joau.
1999 5755 2105 5801 xlv,
2132 5738 2180 5792 9.

2260 5739 2302 5768 ⁸⁷
2337 5737 2467 5791 Ibid.
2491 5739 2577 5792 ‘23.

2357 4565 2637 4636 tyrannice
2684 4572 2904 4617 Coactus
2929 4581 2942 4614 :
2970 4565 3092 4632 quis
3114 4573 3296 4617 autem
3335 4563 3501 4615 Deum
3543 4576 3755 4628 cogere.
3791 4577 3930 4626 quo-

2353 4668 2588 4721 namque
2617 4653 2702 4706 ille
2730 4653 2891 4706 modo
2919 4655 3036 4721 cogi
3077 4652 3281 4721 possit?
3305 4651 3456 4717 Quod
3494 4652 3537 4704 si
3576 4651 3785 4711 volens,
3822 4667 3922 4701 vo-

2351 4748 2578 4801 luntatis
2624 4746 2792 4799 Filius
2816 4755 2898 4800 est
2937 4745 3094 4798 Deus.
3141 4743 3426 4809 Quomodo
3475 4759 3606 4811 ergo
3634 4759 3699 4795 ex
3729 4741 3928 4794 Patre?

2354 4841 2426 4893 ita
2472 4850 2533 4893 ut
2574 4855 2768 4892 novam
2818 4837 3108 4905 quamdam
3164 4846 3390 4887 matrem
3433 4836 3767 4887 voluntatem
3803 4833 3926 4886 loco

2354 4930 2529 4985 Patris
2575 4929 2904 4995 conﬁngant.
2939 4927 3110 4982 Unum
3161 4937 3337 4979 tamen
3375 4925 3476 4978 hoc
3519 4926 3569 4977 in
3603 4925 3709 4978 illis
3751 4939 3922 4976 venu-

2356 5033 2504 5076 stum
2538 5033 2642 5080 est,
2675 5020 2718 5074 si
2755 5020 2838 5071 bis
2881 5018 3064 5071 verbis
3094 5017 3342 5076 iunoaut.
3373 5031 3431 5069 se
3451 5018 3517 5068 ah
3539 5015 3826 5067 adeeuibus
3854 5016 3921 5067 ad

2355 5111 2686 5164 voluntatem
2747 5108 3033 5165 defecisse.
3071 5106 3181 5160 Nec
3224 5108 3369 5160 enim
3410 5106 3660 5159 voluntas
3703 5107 3822 5159 atte.
3848 5107 3924 5163 tio

2354 5211 2458 5256 εει.

2426 5294 2735 5348 Secundum
2779 5308 2941 5362 porro
2971 5308 3161 5346 eorum
3201 5307 3362 5361 quam
3405 5289 3639 5343 validum
3668 5288 3732 5339 sit
3763 5302 3908 5354 argu-

2354 5396 2595 5438 mentum
2645 5385 2943 5438 videamus.
2990 5383 3309 5438 Praastiterit
3358 5391 3533 5435 tamen
3561 5380 3602 5433 si
3629 5389 3754 5432 ante
3794 5393 3918 5430 eum

2355 5477 2462 5530 illis
2491 5491 2704 5528 manum
2739 5475 2963 5542 propius
2996 5488 3369 5530 conseramus.
3397 5472 3505 5540 Age
3537 5486 3665 5524 vero
3696 5481 3750 5523 tu
3777 5471 3918 5537 ipse,

2353 5565 2446 5633 qui
2482 5564 2640 5618 facile
2672 5562 2810 5616 dicis
2839 5563 3106 5631 quidquid
3155 5562 3286 5618 libet
3335 5563 3417 5620 Ex
3452 5562 3735 5614 volentene
3769 5570 3922 5628 patre

2667 5739 2709 5768 ⁸⁸
2739 5738 2890 5790 Joau.
2941 5754 3048 5798 ut.
3093 5737 3170 5790 l5.
3254 5736 3298 5768 "
3328 5741 3483 5792 Joau.
3528 5751 3656 5796 uti.
3689 5735 3771 5794 ιο.
