4288 6372
705 302 837 368 1431

702 419 897 484 Patris,
957 421 1065 487 ipse
1124 423 1389 475 enarravit
1426 424 1492 476 ".
1562 423 1676 489 Via,
1738 425 1972 488 Veritas,

705 507 817 562 Lux
843 510 910 573 “,
946 509 1220 578 Sapientia
1243 552 1255 573 ,
1308 512 1531 568 Virtus:
1560 516 1815 583 Christus,
1851 520 1941 571 Dei
1995 519 2182 583 Virtus,
2215 531 2263 572 et

705 601 802 653 Dei
831 602 1084 663 sapientia
1111 603 1180 656 ³⁸.

774 694 1058 761 Splendor,
1103 694 1399 751 Character
1438 714 1534 754 seu
1591 701 1810 767 Figura,
1855 704 2053 773 Imago,
2105 706 2266 772 Sigil-

703 785 813 838 lum
841 802 852 836 ;
886 785 985 848 Qui
1013 802 1129 838 cum
1163 789 1228 839 sit
1254 788 1498 856 splendor
1535 794 1715 860 gloria:
1743 803 1790 845 et
1814 793 1988 863 ﬁgura
2029 799 2266 850 substan-

703 876 788 925 tia:
835 876 946 942 ejus
964 877 1029 929 ".
1071 877 1135 930 Et
1167 896 1179 931 :
1208 879 1389 946 Imago
1435 881 1677 936 bonitatis
1723 885 1833 952 ejus
1863 887 1925 940 ⁸⁷.
1970 887 2036 940 Et
2072 904 2083 938 :
2117 887 2267 941 Hunc

702 968 838 1017 enim
871 969 1093 1034 signavit
1128 969 1261 1022 Deus
1285 971 1349 1023 ’3.

775 1063 1053 1124 Dominus,
1096 1065 1230 1123 Rex,
1262 1067 1361 1131 Qui
1392 1077 1472 1121 est
1500 1072 1840 1138 omnipotens
1867 1089 1879 1124 :
1915 1071 2053 1126 Pluit
2092 1074 2267 1126 Domi-

701 1173 797 1208 nus
828 1159 995 1226 ignem
1031 1177 1060 1209 η
1097 1158 1317 1213 Domino
1336 1164 1398 1214 99.
1437 1162 1536 1217 Et:
1574 1164 1734 1231 Virga
1765 1167 2081 1228 dircctionis,
2116 1169 2262 1235 virga

700 1248 847 1313 regni
899 1250 972 1299 tui
998 1251 1033 1300 '.
1079 1250 1143 1304 Et
1173 1270 1182 1303 :
1222 1250 1322 1314 Qui
1357 1262 1470 1315 est,
1507 1257 1595 1321 qui
1638 1265 1770 1315 erat,
1803 1264 1851 1308 et
1887 1259 1975 1322 qui
2020 1267 2265 1311 venturus

699 1338 836 1398 est”,
873 1347 928 1390 et
959 1341 1336 1408 omnipotens,
1387 1346 1673 1411 perspicue
1720 1347 1787 1398 de
1836 1347 1972 1400 Filio
2016 1347 2180 1407 dicta.
2209 1355 2267 1400 et

698 1436 890 1478 caetera
936 1444 1055 1496 qucc
1099 1440 1225 1482 sunt
1266 1432 1508 1499 ejusdem
1545 1434 1954 1502 signiﬁcationis
1989 1455 2001 1489 :
2031 1450 2264 1504 quorum

699 1517 905 1568 nullum
952 1520 1246 1571 ascititium
1273 1531 1378 1580 est,
1421 1538 1596 1590 neque
1641 1528 1912 1592 posterius
1949 1525 2262 1594 adjunctum

698 1605 835 1658 Filio
884 1619 976 1662 aut
1025 1611 1276 1678 Spiritui,
1312 1621 1368 1665 ut
1413 1629 1512 1667 nec
1564 1615 1668 1682 ipsi
1709 1617 1872 1670 Patri.
1921 1617 2073 1681 Quod
2118 1618 2262 1670 enim

695 1696 996 1764 perfectum
1043 1711 1167 1762 est,
1224 1702 1275 1754 id
1328 1705 1634 1759 accessione
1684 1721 1789 1758 non
1831 1715 2063 1760 constat.
2110 1706 2263 1759 Nun-

1940 314 1984 372 Ν
1998 316 2012 373 I
2025 315 2230 372 CET.’E
2267 317 2664 378 ΟΗΟΝΙΑΤᾹΞ

2046 429 2159 482 Vita
2199 431 2266 492 ⁸³,
2301 435 2346 491 Α

3074 389 3079 398 ,
3146 333 3152 340 -
3791 314 3939 380 1432

2984 434 3134 488 CAP.
3184 433 3317 490 LXI.

2374 545 2670 607 Empliratio
2721 547 2874 615 hujus
2923 546 3208 613 Scriptum
3261 547 3399 600 loci:
3439 565 3457 598 ι
3491 546 3940 615 Quemadmodum

2443 615 2603 668 Pater
2646 614 2806 670 vitam
2848 617 2998 670 habet
3029 618 3083 670 in
3108 620 3293 686 seipse.
3328 619 3402 670 ita
3436 618 3576 670 dedit
3605 628 3651 671 et
3685 614 3822 686 Filio
3869 617 3942 686 vi-

2441 695 2549 757 tam
2598 686 2788 738 habere
2827 689 2880 739 in
2925 689 3091 740 seiuso
3114 687 3152 742 '.
3186 685 3204 738 β
3243 685 3486 757 Theologi
3516 703 3579 740 ex
3607 685 3828 740 secunda
3879 685 3942 735 de

2442 753 2582 806 Filio
2613 757 2868 808 oratione.

2439 887 2530 942 42.
2567 887 2830 953 Quintum
2870 887 3106 951 dicatur,
3137 889 3282 959 quod
3325 890 3441 958 ipse
3479 890 3645 944 vitam
3675 896 3765 942 aut
3793 886 3940 954 judi-

2369 980 2513 1033 cium
2567 981 2819 1048 accipiat,
2855 980 2935 1034 vel
2978 981 3345 1034 haareditatem
3404 983 3668 1050 gentium,
3705 981 3788 1032 vel
3837 996 3936 1047 po-

2371 1080 2617 1125 tcstatem
2653 1071 2832 1125 omnis
2863 1072 3063 1131 carnis,
3103 1072 3185 1125 vel
3220 1071 3472 1141 gloriam,
3500 1072 3583 1124 vel
3619 1071 3934 1136 discipuios,

2370 1162 2452 1213 vel
2515 1176 2850 1229 quaecunque
2903 1162 3181 1224 dicuntur,
3239 1178 3412 1231 eaque
3460 1161 3529 1216 de
3577 1161 3935 1214 humanitate.

2369 1255 2525 1318 Quod
2555 1255 2598 1308 si
2629 1255 2694 1308 de
2722 1256 2833 1308 Deo
2871 1269 3088 1324 quoque
3140 1253 3283 1308 dicta
3326 1268 3445 1308 esse
3483 1252 3768 1312 concedas,
3801 1251 3937 1302 nihil

2367 1346 2726 1400 absurditatis
2773 1346 2934 1400 inest.
2984 1345 3171 1414 Neque
3216 1345 3362 1398 enim
3419 1353 3670 1412 tanquam
3708 1343 3938 1395 ascititia

2367 1435 2654 1496 concedes,
2702 1436 2796 1490 sed
2829 1445 3086 1505 tanquam
3133 1451 3196 1490 ea
3226 1451 3347 1504 quae
3373 1435 3440 1488 ab
3472 1435 3628 1487 initio
3675 1435 3938 1493 inessent,

2367 1533 2529 1593 atque
2558 1525 2694 1578 adeo
2725 1533 2952 1586 naturae,
2986 1540 3094 1578 non
3125 1533 3307 1578 autem
3340 1525 3525 1592 gratia:
3559 1523 3790 1577 ratione.

2941 1656 3126 1710 Sancti
3164 1655 3374 1727 Cyrilli.

696 1807 858 1858 ‘luam
913 1793 1059 1846 enim
1109 1795 1211 1849 fuit
1261 1799 1376 1850 sine
1422 1798 1635 1864 Verbo,
1683 1815 1960 1867 nunquam
2005 1815 2113 1853 non
2163 1799 2266 1853 fuit
2299 1769 2337 1820 η
2437 1773 2524 1828 ‘5-
2570 1772 2743 1827 verba
2780 1773 2870 1825 ί¹¹³
2898 1790 2908 1824 ε
2938 1772 3050 1841 Ε9υ
3083 1772 3194 1825 υἱυο
3220 1779 3430 1840 propter
3461 1769 3673 1823 Patrem
3698 1769 3737 1828 ‘,
3767 1767 3942 1820 haud-

694 1880 873 1947 Pater,
907 1900 1180 1953 nunquam
1201 1903 1308 1942 non
1335 1905 1515 1951 verus,
1538 1906 1642 1943 non
1663 1893 1899 1959 sapiens,
1918 1899 2024 1944 non
2046 1902 2260 1961 potens,

696 1986 976 2040 nunquam
1031 1977 1161 2038 vita,
1193 1988 1289 2030 aut
1333 1981 1619 2046 splendore
1650 1991 1744 2034 aut
1792 1982 2031 2036 bonitate
2074 1997 2260 2051 egens.

763 2062 880 2115 Jam
915 2080 1045 2119 vero
1073 2076 1124 2120 tu
1163 2069 1292 2121 mihi
1324 2070 1588 2132 vicissim,
1627 2073 1788 2125 verba
1839 2072 2121 2142 imperitiae
2157 2082 2261 2126 tuae

696 2165 998 2221 recenseto,
1036 2175 1246 2228 nempe,
1299 2162 1436 2214 Deus
1472 2180 1636 2225 meus,
1665 2175 1711 2216 et
1744 2164 1878 2216 Deus
1927 2173 2111 2224 vester,
2141 2163 2263 2216 Ma-

687 2245 796 2315 jor,
848 2246 1079 2314 Creavit,
1115 2250 1280 2313 Fecit,
1333 2253 1710 2320 Sancti/ienuit.
1747 2257 1918 2321 Adde,
1954 2257 1998 2310 si
2028 2256 2182 2321 velis,
2209 2265 2265 2309 et

698 2339 811 2389 hrcc
840 2357 849 2387 :
882 2335 1091 2403 Servus,
1146 2342 1440 2411 Subjectus,
1487 2345 1657 2408 Dedit,
1697 2346 1902 2406 Didicit.
1947 2346 2263 2401 Mandatum

696 2431 912 2494 accepit,
940 2429 1122 2484 Missus
1154 2447 1245 2486 est.
1277 2434 1430 2498 Quod
1464 2437 1627 2489 etiam
1659 2437 1788 2490 nihil
1817 2456 1846 2490 α
1876 2440 2042 2504 seipse
2069 2440 2262 2506 facere,

695 2530 786 2570 aut
822 2520 1006 2582 dicere,
1048 2533 1138 2575 aut
1165 2526 1433 2589 judicare,
1467 2535 1557 2579 aut
1593 2529 1813 2589 donare,
1856 2538 1945 2581 aut
1972 2526 2104 2581 velle
2144 2544 2266 2595 pos-

690 2612 779 2665 sit.
820 2611 1030 2677 Quibus
1059 2625 1112 2668 et
1144 2615 1257 2668 haec
1292 2617 1464 2686 adjice
1493 2635 1506 2669 :
1541 2617 1928 2687 Ignorantiam,
1976 2618 2265 2686 Subjectio-

696 2717 834 2763 nem,
907 2702 1315 2767 Precationem,
1384 2707 1877 2775 Intcrrogationem,
1942 2706 2268 2775 Profectum,

694 2790 1090 2856 Perfectionem.
1143 2795 1255 2847 Imo
1284 2810 1415 2848 vero
1443 2797 1487 2850 si
1533 2798 1727 2865 placet,
1756 2799 1824 2850 iis
1857 2813 2075 2866 quoque
2119 2799 2269 2867 abje-

693 2881 865 2931 ctiora
895 2895 1118 2934 ace-use
1147 2900 1158 2933 :
1193 2883 1448 2944 Dormire,
1475 2885 1708 2944 Esurire,
1741 2885 2052 2955 Defutigari,
2082 2883 2260 2951 Flere,

693 2969 848 3038 Angi,
901 2969 1256 3026 Sucrumbere.
1295 2973 1564 3028 Fortassis
1607 2975 1833 3042 objicics
1858 2985 1912 3029 et
1942 2991 2162 3028 crucem
2211 2984 2268 3030 et

695 3073 945 3116 mortem.
991 3064 1121 3117 Nam
1159 3067 1614 3118 resurrectionem
1646 3075 1702 3117 et
1745 3081 2030 3119 ascensum
2070 3067 2124 3117 in
2159 3080 2269 3118 coe-

695 3155 780 3206 los
837 3156 1304 3222 prtetermissurus
1350 3157 1483 3209 mihi
1533 3157 1768 3217 videris;
1825 3155 2264 3223 quandoquidem

698 3245 945 3298 nonnihil
984 3245 1035 3298 in
1074 3247 1138 3298 iis
1176 3247 1466 3314 reperitur,
1521 3249 1664 3315 quod
1707 3248 1862 3300 nobis
1915 3247 2262 3315 suffragetur.

697 3337 857 3388 Plura
928 3335 1014 3389 his
1073 3337 1240 3390 etiam
1304 3337 1706 3401 deblaterabis,
1769 3337 1812 3389 si
1876 3337 2262 3406 homonymum

696 3427 867 3479 Deum
915 3436 1068 3480 tuum
1109 3430 1554 3496 ctascriptitium
1593 3429 1927 3482 constituere
1968 3429 2123 3490 velis,
2171 3427 2262 3495 qui

697 3518 857 3570 nobis
891 3528 944 3570 et
973 3533 1137 3572 verus
1161 3527 1217 3572 et
1244 3520 1485 3588 ejusdem
1522 3534 1644 3573 cum
1680 3519 1836 3572 Patre
1862 3519 2138 3588 dignitatis
2167 3519 2266 3571 ha-

701 3610 881 3660 betur.

771 3699 975 3754 Horum
1007 3700 1152 3754 enim
1185 3701 1614 3770 unumquodque
1654 3701 1809 3756 facile
1845 3702 1942 3755 tibi
1987 3700 2152 3754 fuerit
2182 3715 2268 3753 re-

699 3795 934 3860 petendo
968 3790 1035 3844 ad
1088 3792 1305 3861 pietatis
1357 3793 1597 3862 regulam
1650 3793 1986 3856 examinare,
2040 3807 2270 3860 scrupu-

698 3880 924 3947 Iumque
982 3879 1194 3942 tollere,
1225 3880 1266 3933 si
1300 3895 1460 3949 quem
1514 3881 1612 3936 tibi
1664 3883 1825 3938 verba
1879 3883 2180 3951 injecerint,
2225 3881 2267 3935 si

701 3969 892 4022 saltem
928 3985 1118 4024 revera
1167 3971 1476 4042 impegeris,
1506 3987 1608 4027 nec
1640 3973 1782 4028 ultro
1813 3974 1866 4028 id
1904 3973 2093 4044 ﬂagitii
2125 3988 2271 4027 com-

705 4075 941 4116 mISCI'IS.

776 4177 847 4232 Ut
874 4185 1054 4233 autem
1083 4193 1198 4233 rem
1229 4180 1416 4248 paucis
1439 4179 1779 4245 concludam,
1804 4195 1926 4250 qua:
1953 4179 2271 4234 sublimiora

705 4278 851 4332 sunt,
887 4285 950 4322 ea
993 4269 1061 4322 ad
1095 4269 1435 4325 divinitatem
1490 4271 1668 4336 refer,
1721 4286 1952 4339 eamque
1994 4278 2271 4328 naturam,

705 4378 828 4431 qua:
860 4363 928 4416 ab
958 4363 1212 4419 omnibus
1237 4366 1514 4434 corporeis
1539 4364 2051 4435 perturbationibus
2079 4364 2274 4416 immu-

705 4455 794 4514 nis
839 4462 944 4509 est.
999 4455 1128 4520 Quae
1177 4472 1307 4510 vero
1340 4465 1467 4511 sunt
1513 4457 1827 4522 humiliora,
1871 4470 1935 4510 ea
1973 4453 2274 4522 composito

704 4546 938 4609 ascribe,
987 4546 1146 4616 eique
1185 4549 1276 4617 qui
1325 4559 1546 4619 propter
1579 4559 1629 4602 te
1656 4549 1966 4603 exinanitus
2010 4554 2115 4610 est,
2155 4560 2276 4600 car-

703 4653 941 4704 nemque
985 4641 1296 4708 assumpsit,
1328 4652 1403 4708 et,
1449 4657 1517 4695 ne
1560 4641 1692 4711 quid
1745 4640 2012 4710 abiectius
2058 4639 2271 4694 dicam.

705 4729 868 4781 homo
902 4729 1074 4786 factus
1101 4739 1202 4786 est.
1233 4732 1438 4787 Deinde
1485 4748 1615 4788 vero
1653 4734 1923 4787 exaltatus
1969 4732 2133 4787 etiam
2168 4740 2272 4792 est,

706 4827 767 4870 ut
799 4819 1108 4875 carnalibus
1152 4821 1271 4876 istis
1323 4823 1586 4892 humique
1646 4824 1963 4892 repentibus
2004 4821 2274 4891 dogmatis

708 4907 818 4961 tuis
889 4907 1110 4977 longum
1175 4911 1506 4976 valedicens,
1562 4913 1846 4968 sublimior
1898 4927 2020 4967 esse
2069 4913 2268 4975 discas,

705 5007 868 5066 atque
899 4997 966 5072 ad
1011 4999 1350 5056 divinitatem
1387 5003 1705 5067 ascendere,
1740 5019 1850 5058 non
1895 5011 2074 5057 autem
2107 5003 2270 5058 rebus

707 5086 776 5139 iis
811 5102 930 5155 qua:
961 5090 1060 5143 sub
1093 5100 1369 5157 aspectum
1419 5095 1620 5149 cadunt
1668 5095 1994 5155 immoreris,
2023 5093 2115 5148 sed
2158 5108 2266 5148 una

707 5193 830 5230 cum
861 5179 927 5233 iis
951 5197 1070 5250 qua:
1096 5193 1277 5238 mente
1301 5185 1678 5254 percipiuntur
1697 5186 2033 5246 ,subveharis
2061 5202 2074 5239 :
2101 5193 2265 5254 atque

706 5270 844 5323 adeo
880 5289 1196 5343 cognoscas,
1244 5293 1490 5346 quasnam
1518 5279 1605 5333 lex
1634 5287 1861 5344 natura,
1896 5293 2123 5348 qumque
2149 5293 2267 5331 car-

707 5362 793 5416 nis
817 5378 847 5417 a
876 5363 1094 5420 Christo
1119 5381 1410 5439 assumpta:
1436 5371 1578 5424 ratio
1603 5371 1696 5424 sit.

784 5536 1010 5609 "Joan.
1066 5559 1122 5602 t,
1171 5543 1256 5598 18.
1351 5545 1584 5602 “toan.
1625 5564 1748 5609 xlv,
1797 5549 1848 5602 6.

713 5607 931 5730 31.336.
1008 5614 1051 5642 "
1082 5614 1240 5670 Joan.
1265 5631 1340 5683 η,
1368 5615 1458 5670 ‘27.
1537 5619 1582 5651 ”
1610 5607 1745 5673 Gen.
1783 5634 1890 5682 six,
1922 5621 2011 5672 “ll.

773 5715 785 5740 ⁸
821 5710 904 5730 ιΙυ.

2297 4423 2351 4483 D

1937 5549 1982 5580 "’
2023 5548 2179 5604 Joan.
2237 5562 2362 5610 vut,
2412 5545 2497 5599 12.

2126 5623 2138 5650 ⁸
2173 5619 2312 5672 Psal.
2337 5632 2480 5678 λων,
2519 5614 2566 5667 ’7.

2363 1880 2633 1935 quaquam
2686 1865 2918 1919 diversa:
2966 1862 3284 1917 substantia:
3333 1861 3528 1914 Filium
3578 1861 3937 1920 constituunt,

2362 1959 2456 2011 sed
2489 1957 2668 2025 potius
2699 1953 3239 2010 consubstantialem.
3282 1951 3757 2017 Quemadmodum
3790 1950 3935 2002 enim

2364 2050 2407 2103 si
2459 2049 2585 2119 quis
2639 2047 2784 2103 ﬁlius
2835 2046 3072 2100 hominis
3104 2045 3246 2100 dicat
3277 2062 3290 2099 :
3321 2045 3451 2099 Sum
3501 2044 3725 2096 rationis
3777 2043 3946 2112 parti.

2364 2155 2493 2209 ceps
2524 2148 2748 2208 propter
2779 2149 3009 2207 patrem,
3058 2137 3170 2190 sive
3203 2136 3331 2203 quia
3361 2145 3516 2204 pater
3549 2149 3703 2188 meus
3733 2135 3941 2187 ratione

2364 2232 2626 2302 praeditus
2663 2239 2766 2294 est,
2807 2232 2878 2284 ita
2927 2231 3088 2283 etiam
3143 2229 3312 2282 Filius
3343 2235 3399 2281 et
3428 2227 3570 2280 Deus
3599 2245 3611 2278 :
3644 2226 3799 2288 Vivo,
3853 2225 3940 2277 in-

2365 2323 2508 2392 quit,
2547 2337 2668 2391 ego,
2712 2319 2840 2390 quia
2890 2321 3025 2372 vivit
3074 2320 3251 2373 Pater.
3307 2317 3572 2372 Cancrum
3629 2315 3938 2384 huiusmodi

2365 2413 2614 2468 oratione
2663 2421 2946 2480 paternam
2997 2425 3212 2464 causam
3244 2407 3416 2462 Filius
3445 2417 3500 2461 et
3528 2408 3764 2462 Verbum
3813 2422 3939 2475 per-

2365 2504 2610 2573 spicuam
2669 2502 2819 2565 fecit,
2869 2509 3032 2570 atque
3067 2502 3304 2568 ipsarum
3357 2499 3521 2553 etiam
3574 2499 3936 2567 hypostaseon

2365 2596 2656 2650 discrimen
2687 2610 2700 2646 :
2733 2609 2802 2647 ne
2835 2594 2958 2662 quis
3008 2593 3219 2645 ratione
3263 2599 3465 2645 mutua:
3497 2591 3711 2644 illorum
3742 2591 3794 2642 in
3822 2605 3939 2641 ou-

2367 2685 2528 2740 nibus
2573 2683 2904 2752 aequalitatis
2942 2694 2996 2736 et
3038 2681 3342 2736 identitatis
3399 2697 3559 2734 unam
3602 2695 3722 2734 esse
3754 2695 3940 2748 perso-

2369 2791 2492 2830 nam
2524 2774 2820 2829 existimet.

2817 2887 2876 2942 S.
2943 2888 3128 2941 cannis
3155 2886 3490 2940 Damascent.

2441 3002 2530 3055 44.
2565 3002 2914 3070 Quaecunque
2943 3000 3110 3055 Filius
3133 3009 3189 3054 et
3213 2999 3450 3068 Spiritus
3472 2998 3693 3057 habent,
3722 3012 3748 3050 a
3780 2997 3940 3050 Patre

2295 3105 2335 3158 (ς
2369 3094 2590 3152 habent.
2623 3102 2786 3161 atque
2815 3092 2991 3161 ipsum
3041 3091 3204 3146 etiam
3245 3090 3390 3158 quod
3423 3099 3571 3142 sunt.
3602 3089 3736 3142 Nam
3774 3090 3818 3142 si
3851 3089 3943 3141 ni-

2369 3185 2444 3238 hil
2463 3184 2758 3255 quidquam
2782 3185 2939 3237 Pater
2974 3183 3189 3244 haheat,
3221 3197 3322 3236 nec
3349 3180 3517 3235 Filius
3538 3183 3755 3250 quidem
3781 3179 3939 3249 quid-

2367 3291 2528 3343 quam
2587 3273 2792 3335 habet,
2835 3288 2937 3327 nec
2994 3274 3230 3338 Spiritus
3284 3282 3557 3336 sanctus;
3610 3282 3661 3325 et
3718 3282 3943 3339 propter

2366 3365 2606 3427 Patrem,
2640 3365 2690 3418 id
2725 3375 2828 3425 est,
2862 3364 2987 3433 quia
3042 3365 3199 3417 Pater
3227 3373 3328 3422 est.
3361 3362 3532 3415 Filius
3566 3377 3785 3431 quoque
3821 3362 3943 3430 Spi-

2367 3459 2614 3526 ritusqne
2651 3452 2872 3511 sanctus
2920 3465 3081 3517 sunt;
3113 3456 3262 3523 juxta
3315 3454 3445 3507 illud
3480 3471 3494 3506 :
3537 3453 3665 3506 Vivo
3697 3470 3788 3521 ego
3816 3470 3941 3520 pro-

2368 3557 2482 3617 pter
2521 3547 2756 3607 Patrem,
2789 3549 2906 3601 sive
2937 3548 3064 3616 quia
3098 3548 3232 3599 vivit
3280 3547 3462 3604 Pater,
3492 3556 3546 3599 et
3581 3555 3804 3614 propter
3836 3547 3941 3598 Pa-

2369 3651 2506 3694 trem
2534 3641 2702 3692 Filius
2733 3648 2784 3692 et
2816 3639 3053 3706 Spiritus
3094 3648 3314 3691 sanctus
3345 3638 3579 3700 habent;
3618 3637 3670 3690 id
3698 3648 3782 3690 est
3813 3638 3902 3705 qui

2370 3735 2459 3789 illa
2489 3751 2609 3804 qua:
2641 3736 2800 3788 Pater
2830 3733 2992 3787 habet
3025 3749 3141 3785 mea
3182 3741 3328 3796 sunt,
3361 3743 3557 3801 prteter
3593 3732 3909 3785 characteri:

2373 3827 2506 3880 ticas
2534 3842 2628 3879 seu
2661 3825 2973 3895 ﬁgurativas
2998 3827 3376 3893 proprietates.
3405 3825 3588 3892 Itaque
3620 3824 3778 3876 Pater
3805 3823 3921 3876 Fili:

2371 3917 2459 3969 dat
2492 3916 2700 3968 ratione
2732 3929 2909 3968 causae
2967 3922 3224 3982 paternm.
3259 3914 3519 3982 Accipere
3556 3923 3738 3966 autem
3771 3911 3926 3965 Filiu:

2373 4017 2426 4061 et
2451 4006 2685 4073 Spiritus
2714 4013 2935 4058 sanctus
2992 4004 3268 4067 dicuntur,
3303 4014 3523 4072 propter
3550 4013 3758 4056 naturae
3787 4003 3940 4058 iden-

2377 4107 2607 4151 ntalem.

2983 4227 3134 4280 CAP.
3173 4226 3331 4282 LXII.

2515 4337 2955 4408 Magni-Gregorii
2992 4336 3238 4416 Theologi
3265 4353 3281 4389 :
3314 4335 3388 4387 De
3422 4332 3546 4388 Filii
3579 4351 3611 4387 a
3645 4331 3808 4386 Patre

3026 4420 3285 4459 τηιεδιοηε.

2445 4547 2533 4601 45.
2575 4545 2771 4600 Missus
2827 4542 3048 4613 quidem
3103 4551 3222 4604 est,
3277 4552 3334 4594 at
3384 4548 3443 4595 ut
3494 4541 3677 4594 homo.
3732 4539 3942 4606 Duplex

2374 4641 2519 4693 enim
2566 4645 2722 4691 erat:
2755 4633 3199 4704 quandoquidem
3259 4631 3507 4686 defessus
3553 4629 3676 4693 fuit,
3723 4630 3942 4692 esuriit,

2375 4728 2532 4792 sitiit,
2585 4728 2781 4781 anxius
2831 4725 2953 4787 fuit,
3013 4723 3160 4778 ﬂevit
3214 4723 3328 4792 lege
3379 4721 3660 4789 corporis;
3711 4720 3855 4788 quod
3896 4719 3940 4772 si

2373 4822 2536 4875 etiam
2585 4829 2649 4873 ut
2691 4820 2853 4883 Deus,
2907 4815 3039 4886 quid
3086 4815 3230 4869 hoc?
3283 4814 3689 4883 Beneplacitum
3739 4812 3939 4878 Patris,

2375 4913 2690 4967 missionem
2723 4924 2844 4964 esse
2891 4917 3082 4977 reputa
3109 4923 3124 4960 :
3151 4907 3216 4961 ad
3252 4921 3414 4976 quem
3463 4921 3558 4959 sua
3591 4905 3762 4973 ipsius
3789 4919 3944 4957 acce-

2371 5013 2462 5075 pta
2495 5004 2679 5065 refert,
2729 5011 2843 5055 tum
2878 5010 2938 5054 ut
2981 5000 3249 5070 principio
3302 4998 3449 5068 quod
3501 4998 3654 5050 nullo
3697 5007 3945 5063 tempore

2372 5097 2539 5165 cmpit
2576 5095 2838 5148 honorem
2891 5093 3121 5155 deierat,
3167 5100 3277 5144 tum
3311 5106 3377 5144 ne
3409 5091 3519 5144 Deo
3561 5089 3834 5143 adversari
3866 5088 3946 5140 vi-

2370 5189 2593 5249 deatur,
2649 5185 3090 5254 quandoquidem
3147 5182 3396 5250 proditus
3445 5196 3663 5250 quoque
3718 5180 3940 5239 dicitur,

2375 5279 2484 5331 imo
2513 5290 2642 5329 vero
2682 5275 2919 5342 seipsum
2972 5272 3233 5340 prodidit,
3279 5281 3336 5325 ut
3366 5272 3629 5339 scriptura
3661 5278 3779 5334 est;
3812 5272 3938 5323 itezn

2377 5384 2407 5420 a
2435 5368 2592 5420 Patre
2629 5366 2924 5419 suscitatus
2946 5374 3001 5418 et
3028 5371 3341 5429 assumptus
3384 5370 3501 5423 est;
3545 5362 3653 5415 imo
3699 5363 3937 5430 seipsum

2599 5543 2694 5597 "I
2735 5543 2858 5598 Cor.
2907 5558 2962 5602 ι.
3008 5542 3096 5595 54.

2684 5617 2702 5644 ²
2739 5620 2906 5682 Apoc.
2968 5629 3002 5672 I,
3037 5612 3086 5663 8.

3175 5543 3219 5574 “
3266 5541 3429 5596 Hebr.
3481 5557 3530 5604 t,
3580 5541 3632 5594 3.

3204 5613 3222 5643 ³
3247 5611 3402 5666 Joan.
3466 5627 3516 5677 v,
3563 5611 3651 5664 ‘26.

3715 5543 3760 5584 ε’
3811 5540 3940 5608 Sap.

3741 5610 3938 5665 ‘Joau.
