4288 6372
283 358 418 424 1133

1536 357 1839 419 THESAU
1857 356 1927 415 R1
1977 358 2121 419 LIB.
2167 361 2232 421 ν.

3392 355 3522 421 1431

280 482 500 540 quoque
546 464 829 520 suscitavit
860 473 915 519 et
944 464 1261 533 assumpsit.
1295 464 1388 518 Illa
1428 475 1557 518 sunt
1606 465 1861 533 benepla-
1892 468 1933 522 Α
1963 482 2180 537 quoque
2217 464 2610 536 subjectionem
2664 461 3039 532 compleverit,
3108 477 3196 518 me
3247 476 3522 520 servatum

280 561 413 619 t-iti:
446 559 562 613 haec
620 556 900 626 potentiae.
932 555 1013 610 Tu
1044 571 1207 626 porro
1235 571 1299 611 ea
1326 556 1547 626 quidem
1608 570 1858 609 recenses

280 665 401 718 qnze
436 649 700 701 minorem
742 646 971 706 faciunt.
1020 661 1141 715 qua:
1172 660 1303 700 vero
1357 646 1754 707 sublimiorem,
1794 662 1855 699 ea

284 739 661 806 praetermittis
708 755 721 790 :
775 752 1011 805 eumque
1068 752 1287 805 passum
1346 751 1465 790 esse
1521 736 1855 796 consideras,

282 829 429 899 quod
463 840 645 883 autem
683 839 876 898 sponte
912 844 1108 898 passus
1130 830 1201 881 sit
1228 843 1336 881 non
1364 827 1575 896 adjicis.

360 945 608 1013 Ejusdem
641 946 693 997 in
722 943 873 996 illum
905 943 1141 1007 Apostoli
1169 943 1358 1004 locum,
1391 960 1492 1009 quo
1518 945 1593 995 ait
1616 960 1634 997 :
1666 941 1859 1013 «Opor-

281 1025 352 1067 ιρι
402 1012 541 1065 enim
590 1030 706 1065 cum
763 1028 987 1079 regnare
1040 1030 1200 1081 usque
1254 1013 1324 1065 ad
1378 1023 1631 1081 tempora.
1692 1032 1708 1061 ι
1780 1012 1859 1065 Ex

284 1086 527 1137 oratione
553 1084 587 1136 2
618 1084 681 1134 de
714 1082 867 1135 Filio.

353 1195 443 1247 ιδ.
481 1194 635 1259 Quod
664 1194 903 1247 secundo
925 1194 1042 1247 loco
1077 1194 1234 1246 nobis
1256 1192 1518 1261 objiciunt
1543 1190 1857 1254 adversarii,

284 1286 337 1339 id
374 1302 507 1338 vero
552 1284 803 1337 maximis
830 1294 884 1337 et
916 1284 1131 1337 invictis
1177 1284 1514 1351 argumentis
1550 1293 1857 1341 at‘ceuscnt,

284 1377 539 1428 nimirum
594 1391 606 1424 :
666 1374 878 1441 Oportet
935 1376 1073 1426 enim
1131 1377 1300 1442 ipsum
1347 1390 1568 1440 regnare
1616 1374 1635 1404 '
1688 1387 1860 1439 usque

284 1468 464 1519 adhuc
496 1484 509 1519 :
541 1477 596 1518 et
625 1483 655 1517 a
685 1465 812 1517 coelo
853 1466 1047 1527 suscipi
1095 1481 1255 1531 usque
1282 1466 1349 1516 ad
1383 1475 1672 1533 temporum
1714 1467 1860 1516 reui-

283 1557 537 1607 lutionem
563 1556 605 1619 ',
652 1564 705 1607 et
736 1556 934 1607 habere
963 1553 1157 1607 solium
1185 1569 1212 1604 a
1254 1553 1463 1605 dextris
1503 1554 1592 1605 itei
1623 1591 1638 1613 ,
1685 1552 1862 1606 donec

286 1648 539 1698 inimicos
586 1648 841 1714 Superet.
894 1644 1034 1709 Quid
1084 1654 1195 1697 tum
1268 1645 1490 1712 postea?
1544 1645 1860 1711 Regnttzztne

284 1737 521 1797 deseret.
551 1745 645 1789 aut
677 1737 834 1789 emlis
882 1735 1169 1804 ejicietur?
1193 1736 1325 1799 Quis
1360 1750 1483 1787 eum
1531 1736 1727 1801 Coget?
1766 1747 1859 1789 aut

282 1842 389 1892 qua
418 1825 484 1878 de
514 1827 725 1879 causa?
776 1825 946 1889 Quam
993 1822 1252 1876 audacem
1304 1823 1657 1891 interpretem
1713 1824 1859 1891 agis!

283 1928 555 1980 quantque
585 1929 613 1965 a
643 1927 809 1982 regno
853 1927 947 1965 seu
986 1912 1326 1980 subiectione
1378 1912 1649 1963 aiienum!
1700 1910 1862 1979 Atqui

281 2002 673 2072 autlts:Regni
724 2004 835 2072 ejus
900 2020 999 2055 non
1056 2008 1155 2055 erit
1193 1999 1334 2068 ﬁnis.
1391 2003 1864 2055 Verumeuimvero

285 2097 343 2149 in
376 2112 503 2149 eum
534 2111 778 2149 errorem
815 2095 1109 2163 impegisti,
1146 2095 1289 2164 quod
1328 2096 1410 2149 his
1443 2096 1665 2146 Vocibus
1690 2095 1864 2147 donec

281 2201 331 2239 et
362 2203 534 2257 usque
593 2187 929 2254 praeteritum
961 2186 1200 2239 afuturo
1250 2203 1356 2239 non
1411 2186 1579 2239 dividi
1638 2201 1865 2254 prorsus

287 2280 509 2348 ignores
548 2297 559 2332 :
597 2279 707 2331 imo
755 2278 1020 2330 hactenus
1075 2277 1393 2345 significari,
1452 2279 1595 2329 nulla
1655 2277 1863 2330 ratione

288 2370 474 2425 habita
510 2372 629 2440 ejus
679 2370 823 2439 quod
874 2369 1282 2438 subsequatur:
1317 2370 1516 2436 alioqui
1550 2384 1658 2436 quo
1701 2384 1860 2421 sensu

285 2463 547 2530 accipias.
582 2476 649 2514 ne
683 2471 878 2515 extera
917 2460 1115 2524 dicam,
1173 2463 1349 2514 locum
1416 2460 1562 2512 illum
1598 2475 1612 2512 :
1648 2458 1749 2511 [ira
1780 2476 1864 2511 ro-

284 2555 481 2607 bisrum
506 2568 667 2621 usque
688 2551 758 2603 ad
778 2552 1279 2604 consummationem
1294 2549 1472 2604 θανουιί
1493 2551 1549 2602 7?
1574 2551 1652 2602 An
1681 2560 1861 2617 postea

283 2643 529 2697 futurum
582 2658 688 2694 non
721 2657 844 2695 esse
893 2641 1080 2696 dices?
1112 2643 1179 2695 At
1206 2657 1487 2710 quanam.
1517 2642 1676 2707 hujus
1725 2640 1863 2692 ratio

286 2734 496 2789 fuerit?
528 2735 638 2788 Nec
669 2747 799 2787 vero
826 2748 889 2787 ea
920 2742 1125 2787 tantum
1160 2734 1229 2786 de
1256 2748 1421 2787 causa
1452 2734 1633 2797 lapsus
1655 2749 1734 2789 es.
1765 2733 1859 2785 sed

286 2828 451 2879 etiam
508 2828 636 2894 quia
689 2824 993 2879 dictionum
1050 2826 1350 2895 significata
1394 2841 1501 2879 non
1547 2825 1857 2892 distinguis.

288 2912 571 2978 Siquidem
623 2925 849 2980 regnare
902 2911 1105 2965 dicitur
1133 2928 1240 2966 uno
1268 2913 1488 2980 quidem
1531 2913 1859 2979 signiﬁcatu,

288 3013 549 3071 tanquam
589 3002 856 3068 omnium,
893 3002 1085 3066 velint,
1115 3003 1309 3065 nolint,
1345 3003 1457 3056 Rex
1481 3004 1858 3072 omnipotens;

1961 565 2074 609 tum
2112 552 2406 606 adducens.
2444 551 2568 605 llaec
2603 549 2749 603 enim
2780 558 2894 614 est,
2922 558 2982 604 ut
3015 551 3277 615 arbitror,
3318 552 3524 609 Christi

1959 646 2249 715 snbjeetio,
2274 643 2528 696 nimirum
2556 650 2798 711 paternae
2850 641 3149 695 voluntatis
3180 642 3525 711 adimpletio.

1960 737 2263 801 S-tbjicitur
2304 748 2464 801 porro
2503 740 2557 785 et
2608 730 2777 784 Filius
2813 730 2988 793 Patri,
3018 740 3074 782 et
3126 730 3287 785 Pater
3340 732 3522 788 Filio:

1961 830 2051 882 ille
2080 826 2299 896 quidem
2328 838 2512 892 agens.
2545 821 2635 875 hic
2664 836 2794 874 vero
2812 822 3154 887 approbans;
3186 824 3330 886 quod
3363 834 3524 879 antea

1960 933 2175 987 quoque
2206 917 2461 968 diximus.
2487 917 2663 979 Atque
2699 912 2773 966 ita
2810 913 2905 980 qui
2940 912 3175 980 subjecit
3214 915 3358 981 quod
3393 918 3525 974 sub-

1954 1012 2158 1079 jectum
2191 1018 2291 1066 est.
2321 1006 2431 1058 Deo
2465 1004 2709 1065 exhibet,
2768 1004 2873 1057 sibi
2929 1004 3073 1072 quod
3143 1016 3522 1062 nostrum-est

1961 1101 2401 1156 accommodans.

2036 1192 2237 1245 Eodem
2274 1208 2437 1245 sensu
2483 1192 2615 1243 mihi
2664 1189 3021 1257 accipiendns
3078 1189 3231 1240 locus
3264 1193 3355 1246 itte
3388 1206 3531 1265 quo-

1961 1300 2064 1352 que
2092 1284 2340 1336 videtur:
2376 1283 2529 1343 Deus,
2555 1283 2690 1335 Deus
2722 1298 2865 1334 ruens
2888 1322 2901 1341 ,
2930 1282 3140 1335 intende
3174 1285 3316 1339 mi'n‘,
3366 1297 3532 1357 quare

1964 1393 2041 1429 me
2074 1374 2396 1436 dereliquisti
2428 1376 2489 1427 '1’
2534 1374 2645 1427 Nec
2699 1373 2845 1427 enim
2906 1373 3020 1441 ipse
3064 1372 3361 1423 derelictus
3422 1385 3525 1435 est,

1962 1482 2135 1533 neque
2163 1483 2191 1519 a
2226 1467 2355 1527 Deo,
2390 1481 2565 1533 neque
2600 1481 2626 1517 a
2656 1480 2752 1518 sua
2785 1465 2958 1531 ipsius
3012 1464 3325 1527 divinitate,
3377 1465 3524 1533 quod

1962 1556 2289 1625 quibusdam
2324 1556 2542 1609 videtur
2593 1565 2850 1623 tanquam
2910 1555 3137 1609 timente
3193 1555 3528 1623 passionem,

1962 1656 2014 1699 et
2045 1646 2247 1699 idcirco
2289 1653 2568 1698 contracta
2606 1661 2634 1697 a
2666 1646 2930 1711 patiente.
2964 1644 3098 1710 Quis
3132 1661 3257 1698 eum
3287 1646 3372 1699 vel
3415 1646 3532 1713 pri-

1966 1739 2133 1793 mitus
2177 1738 2280 1791 hoc
2312 1738 2365 1790 in
2400 1736 2605 1789 mundo
2634 1738 2805 1793 nasci.
2850 1737 2934 1789 vel
2968 1740 3022 1789 in
3078 1751 3298 1789 eruCem
3334 1741 3531 1789 ascen-

1967 1831 2095 1883 dere
2137 1827 2637 1896 coegit?C:eterum
2673 1827 2724 1879 in
2758 1827 2960 1895 seipse,
2998 1826 3186 1895 utjam
3223 1826 3358 1890 dixi,
3382 1825 3527 1895 quod

1966 1928 2213 1970 nostrum
2242 1924 2347 1975 est.
2376 1915 2654 1982 exprimit.
2708 1914 2817 1968 Nos
2860 1916 3008 1968 enim
3067 1914 3311 1967 tlerelicti
3368 1926 3529 1969 antea

1963 2021 2018 2063 et
2050 2010 2343 2077 contempti
2374 2023 2623 2062 eramus:
2664 2021 2807 2059 nunc
2831 2021 2959 2057 vero
3012 2006 3276 2072 assumpti
3316 2015 3372 2058 et
3408 2019 3530 2059 ser-

1966 2101 2073 2153 vati
2114 2098 2459 2167 passionihus
2510 2099 2629 2165 ejus
2664 2098 2755 2163 qui
2786 2095 3019 2164 passioui
3066 2096 3386 2163 neutiquam
3430 2097 3533 2149 ob-r

1964 2192 2159 2245 noxius
2182 2200 2285 2245 est.
2317 2189 2787 2255 Quemadmodum
2840 2196 3080 2240 nostram
3128 2202 3356 2254 quoque
3396 2188 3533 2239 insi-

1965 2281 2225 2349 pientiam
2257 2293 2568 2338 assumens.
2612 2287 2666 2332 et
2716 2286 3005 2344 peccatum
3054 2291 3361 2337 assumens,
3412 2291 3533 2343 quas

1965 2373 2377 2441 subsequuntur
2428 2385 2495 2423 eo
2547 2369 2600 2423 in
2658 2368 2867 2438 psalmo
2930 2370 3038 2429 ait;
3084 2367 3529 2435 quandoquidem

1964 2465 2258 2517 vicesimus
2298 2462 2507 2530 primus
2537 2460 2629 2515 ille
2685 2461 2930 2529 psalmus
2969 2459 3033 2512 ad
3065 2456 3347 2512 Christum
3386 2458 3531 2511 haud

1963 2554 2132 2607 dubie
2165 2553 2422 2605 refertur.

2038 2642 2290 2712 Ejusdem
2339 2657 2556 2711 quoque
2611 2640 3073 2697 considerationis
3123 2651 3179 2695 et
3232 2641 3321 2695 illa
3380 2648 3531 2703 sunt,

1964 2735 2111 2805 quod
2154 2736 2243 2788 ille
2291 2734 2659 2786 obedientiam
2696 2749 2763 2786 ex
2792 2733 2857 2785 iis
2896 2749 3015 2801 qua:
3048 2748 3238 2800 passus
3277 2742 3363 2786 est
3390 2732 3533 2785 didi-

1963 2829 2136 2890 cerit;
2172 2828 2298 2880 item
2325 2825 2547 2886 clamor,
2581 2825 2851 2894 lacryma‘,
2896 2823 3215 2892 supplicare,
3270 2824 3529 2884 exattdiri,

1965 2919 2253 2972 reverentia
2280 2933 2297 2970 :
2330 2932 2450 2985 quae
2483 2916 2570 2969 ille
2597 2931 2693 2985 pro
2727 2916 2888 2969 nobis
2936 2916 3133 2967 mirum
3192 2914 3246 2967 in
3304 2914 3527 2967 modum

1965 3021 2223 3076 tauquam
2303 3009 2357 3061 in
2429 3007 2717 3077 proseenio
2794 3014 3172 3075 reprzesentat.
3253 3005 3533 3072 Quatenus

284 3098 388 3147 alia
416 3105 622 3158 autem,
654 3102 908 3163 tanquam
937 3093 982 3147 is
1004 3094 1098 3163 qui
1136 3109 1236 3147 nos
1259 3095 1453 3148 ditioni
1504 3112 1616 3148 suae
1683 3097 1863 3164 subje—
1887 3112 1932 3170 α
1965 3101 2109 3154 enim
2173 3099 2406 3154 Verbum
2464 3113 2641 3167 neque
2684 3097 2951 3151 obediens
2988 3106 3130 3159 erat,
3200 3112 3379 3166 neque
3422 3108 3531 3149 non

284 3188 445 3245 (crit,
497 3200 708 3253 suoque
760 3186 930 3253 ipsius
989 3200 1157 3253 regno
1204 3186 1278 3238 ita
1328 3187 1760 3252 mancipavcrit,
1800 3197 1859 3239 ιιι

284 3277 523 3329 libenter
586 3277 707 3344 ejus
743 3277 931 3344 jugum
984 3275 1364 3345 suscipiamus.
1412 3274 1579 3346 Regni
1629 3294 1757 3348 ergo
1792 3293 1859 3332 eo

284 3385 448 3422 sensu
482 3368 689 3434 accepti
717 3383 825 3420 non
850 3369 958 3421 erit
988 3368 1132 3422 linis.
1179 3369 1411 3422 Secundi
1446 3379 1627 3423 autent
1662 3387 1859 3439 munus

283 3459 561 3527 quodnam
612 3460 735 3513 est?
779 3460 1033 3512 nimirum
1067 3468 1124 3513 ut
1168 3475 1267 3514 nos
1314 3476 1476 3513 manu
1529 3445 1776 3531 protegat
1803 3472 1858 3516 et

285 3550 465 3603 s::tvos
500 3548 681 3603 faciat.
724 3549 835 3603 Nec
873 3550 1021 3603 enim
1050 3558 1133 3603 est
1161 3550 1305 3618 quod
1337 3566 1431 3603 eos
1461 3551 1731 3620 subjiciat,
1760 3553 1853 3619 qui

281 3641 391 3709 jam
428 3639 657 3707 subjecti
689 3647 837 3691 sunt.
863 3639 1057 3692 Postea
1089 3641 1237 3691 enim
1272 3648 1561 3708 consurget
1584 3641 1857 3709 judicatu-

287 3743 383 3782 rus
426 3738 646 3790 terram,
684 3737 740 3781 ut
783 3728 963 3783 salvos
993 3745 1022 3783 a
1054 3730 1282 3799 perditis
1332 3738 1594 3799 segreget.
1642 3731 1853 3793 Postea,

285 3817 532 3886 inquam,
562 3828 749 3885 surget
793 3817 937 3872 Deus
967 3818 1018 3870 in
1052 3818 1232 3873 medio
1279 3816 1527 3881 deorum,
1559 3820 1854 3883 Salvorutu,

284 3906 689 3972 dijudicaturus
722 3917 778 3961 et
817 3908 1181 3962 distincturus
1223 3924 1333 3977 quo
1365 3909 1595 3977 quisque
1636 3911 1855 3977 praemio

282 4009 335 4051 et
372 4001 652 4052 mansione
708 3999 905 4067 dignus
954 4000 1045 4053 sit.
1078 3997 1191 4052 Hoc
1230 4013 1390 4052 sensu
1447 4000 1677 4067 accipito
1734 4015 1853 4054 eam

282 4096 504 4157 quoque
556 4088 977 4158 subjectionem,
1027 4105 1131 4159 qua
1177 4090 1372 4143 Filium
1414 4089 1559 4142 Patri
1608 4092 1852 4160 suitjicis.

354 4176 497 4241 Quid
530 4178 653 4231 ais?
684 4180 840 4247 quasi
874 4195 1019 4233 nunc
1049 4180 1100 4233 ei
1161 4180 1440 4248 subjectus
1471 4196 1576 4233 non
1618 4182 1725 4234 sit?
1773 4182 1853 4235 An

286 4283 419 4320 vero
448 4268 560 4321 Deo
575 4269 954 4336 subjiciendus
981 4280 1064 4324 est
1083 4272 1326 4330 omnino,
1348 4272 1441 4340 qui
1470 4273 1610 4326 Deus
1634 4289 1853 4342 quoque

286 4361 394 4414 sit?
427 4370 576 4415 certe
608 4372 665 4415 tu
691 4362 758 4414 de
790 4363 1006 4416 latrone
1041 4374 1134 4415 aut
1180 4362 1337 4426 hoste
1391 4364 1646 4433 quopiam
1687 4367 1852 4419 verba

285 4452 418 4505 mihi
448 4454 629 4506 facere
656 4452 881 4507 videris.

359 4544 503 4608 Quin
533 4544 715 4611 potius
739 4559 853 4597 rem
888 4546 1057 4613 ipsam
1094 4544 1167 4598 ita
1232 4545 1546 4614 expendite.
1583 4546 1856 4613 Quemad-

285 4635 509 4687 modum
544 4636 849 4687 exsecratio
874 4636 1054 4690 dictus
1078 4645 1162 4690 est
1196 4638 1308 4701 ille,
1342 4638 1435 4706 qui
1477 4654 1652 4692 meam
1714 4640 1861 4693 solu-

286 4734 442 4777 turus
497 4724 932 4778 exsecrationem
989 4727 1189 4780 venit:
1237 4728 1366 4781 item
1430 4710 1487 4781 et
1546 4740 1857 4797 peccatum,

280 4812 375 4879 qui
402 4813 591 4865 mundi
630 4824 913 4882 peccatum
950 4817 1112 4879 tollit,
1146 4816 1384 4886 denique
1410 4836 1587 4873 novus
1614 4820 1857 4875 Adamtts

282 4920 381 4972 pro
415 4914 599 4959 vetere
627 4904 705 4969 ﬁt,
746 4907 819 4960 ita
854 4916 910 4961 et
961 4908 1392 4962 inobedientiam
1462 4926 1638 4965 meam
1700 4928 1853 4965 suam

281 4992 433 5055 facit,
467 4994 671 5062 quippe
733 4996 826 5065 qui
886 4998 1053 5051 totius
1106 4998 1351 5067 corporis
1400 5008 1563 5067 caput
1602 5002 1853 5055 exsistat.

281 5082 473 5150 Itaque
506 5084 755 5152 quandiu
813 5086 1035 5141 rebellis
1082 5103 1183 5157 ego
1240 5089 1647 5159 seditiososque
1709 5106 1853 5154 sum,

283 5173 416 5225 dum
442 5170 650 5227 Christi
679 5174 871 5244 iugum
902 5191 1125 5246 respuo,
1176 5178 1571 5250 atfectihusque
1604 5181 1739 5235 meis
1774 5182 1858 5241 in-

281 5265 484 5325 servio,
508 5263 763 5319 Cbristtts
788 5280 1005 5334 quoque
1032 5281 1141 5319 non
1190 5268 1470 5338 subjectus
1519 5269 1702 5323 habita
1742 5270 1849 5325 mei

283 5354 498 5407 ratione
531 5352 755 5406 dicitur.

350 5444 646 5512 Postquam
702 5458 835 5496 vero
873 5452 1073 5498 cuncta
1125 5446 1229 5500 sibi
1280 5447 1609 5516 subjecerit,
1671 5450 1845 5519 subji-

284 5537 391 5591 ciet
413 5547 594 5590 autem
651 5536 963 5605 cognitione
993 5545 1048 5589 et
1081 5539 1531 5602 commutatione,
1564 5549 1693 5593 tunc
1735 5541 1849 5609 ipse

362 5726 381 5754 ⁸
410 5724 424 5775 1
449 5721 571 5776 Cor.
619 5738 707 5775 xv.
737 5720 843 5781 ‘25;
880 5717 1019 5773 Psal.
1044 5719 1223 5783 c.x,2.
1280 5721 1432 5773 “Ast.
1470 5736 1544 5778 tu.
1576 5722 1659 5772 ἐξ.

1751 5726 1767 5743 ⁹
1796 5723 1983 5777 Matth.
2019 5738 2207 5779 xxviii.
2242 5721 2326 5772 (Ξῖ).

1968 3194 2269 3249 obediens:
2304 3192 2575 3259 siquidem
2612 3191 2726 3244 haec
2756 3191 2821 3243 ad
2844 3194 2938 3244 eos
2965 3200 3233 3259 spectant,
3269 3189 3366 3259 qui
3395 3188 3531 3242 sub-

1961 3284 2091 3354 jecti
2122 3284 2389 3352 quasique
2423 3281 2732 3335 secundarii
2764 3288 2917 3343 sunt,
2946 3280 3082 3334 illud
3111 3279 3335 3349 quidem
3378 3287 3531 3333 certe

1965 3383 2175 3443 spectat
2228 3372 2293 3425 ad
2362 3374 2510 3425 viros
2564 3373 2756 3435 bonos,
2819 3372 3063 3439 rectique
3118 3378 3385 3433 amantes,
3427 3369 3533 3423 hoc

1964 3479 2095 3515 vero
2123 3462 2188 3514 ad
2256 3462 2518 3528 reprobos
2552 3459 2933 3528 supplicioque
2970 3459 3207 3526 dignos:
3258 3468 3533 3527 quatenus

1964 3564 2143 3607 autem
2192 3552 2330 3605 servi
2374 3552 2545 3603 forma
2583 3565 2640 3604 se
2680 3549 2960 3604 conservis
2993 3548 3369 3603 accommodat
3395 3548 3531 3601 alie-

1966 3657 2197 3709 namque
2260 3641 2489 3693 lormam
2574 3639 2779 3700 induit,
2834 3654 2920 3692 me
2976 3647 3151 3691 totum
3210 3653 3439 3706 meaque
3476 3638 3531 3691 in

1961 3735 2142 3800 seipse
2173 3731 2374 3792 ferens,
2412 3738 2471 3783 ιιι
2520 3745 2615 3782 sua
2663 3729 2837 3797 ipsius
2875 3728 2926 3780 vi
2962 3727 3108 3796 quod
3156 3727 3401 3781 deterius
3445 3736 3531 3781 est

1962 3834 2270 3883 consumat,
2316 3838 2420 3875 non
2452 3837 2613 3876 secus
2644 3831 2806 3890 atque
2841 3836 3023 3875 ceram
3084 3820 3249 3887 ignis,
3302 3826 3397 3872 aut
3448 3819 3530 3877 sol

1964 3931 2218 3982 vaporem
2271 3924 2429 3968 terra:
2479 3934 2490 3967 :
2546 3912 2858 3984 atque‘ego
2903 3912 3301 3966 commistionis
3368 3911 3533 3980 hujus

1962 4005 2127 4072 gratia
2168 4019 2356 4057 eorum
2413 4018 2533 4071 qua:
2565 4003 2731 4056 habet
2763 4003 2854 4057 ille
2884 4001 3154 4071 particeps
3192 3999 3422 4054 etlicisr.
3450 3999 3526 4053 Ea

1962 4094 2029 4145 de
2050 4108 2209 4146 causa
2240 4092 2604 4146 obedientiam
2638 4091 2816 4159 reipsa
2870 4100 3111 4159 praestat,
3150 4089 3388 4157 ejusque
3428 4104 3527 4154 pe-

1962 4184 2187 4237 riculum
2218 4183 2485 4250 passionis
2516 4183 2668 4235 facit.
2707 4181 2987 4251 Siquidem
3025 4180 3246 4233 aﬂ‘ectio
3283 4194 3380 4233 seu
3410 4187 3527 4234 anl-

1963 4276 2030 4324 mi
2060 4272 2343 4340 dispositio
2394 4286 2498 4324 neu
2548 4270 2767 4335 suflicit,
2817 4271 3281 4339 quemadmodum
3346 4285 3531 4339 neque

1961 4363 2134 4421 nobis,
2162 4362 2263 4414 nisi
2288 4364 2453 4414 rebus
2498 4376 2717 4429 quoque
2747 4362 2881 4428 ipsis
2929 4362 3094 4414 animi
3140 4377 3301 4415 sensa
3333 4362 3525 4415 decla-

1892 4449 1931 4502 D
1961 4470 2163 4507 remus.
2196 4453 2343 4522 Opus
2380 4453 2522 4506 enim
2558 4453 2902 4505 affectionem
2945 4454 3112 4506 animi
3163 4454 3377 4521 probat.
3406 4453 3527 4507 Neo

1964 4548 2144 4599 minus
2195 4546 2335 4597 torte
2380 4544 2693 4613 probandus
2752 4544 2840 4597 ille
2886 4560 3107 4612 quoque
3158 4559 3351 4597 sensus
3407 4553 3525 4608 est,

1965 4637 2108 4707 quod
2179 4635 2548 4688 obedientiam
2594 4642 2837 4685 nostram
2900 4636 3169 4701 explorat,
3231 4634 3527 4701 omniaque

1962 4728 2077 4781 suis
2110 4725 2454 4794 passiouibus
2491 4724 2714 4775 metitur
2740 4734 2855 4773 arte
2881 4720 3255 4780 humanitatis,
3300 4730 3359 4772 ut
3408 4720 3525 4773 suis

1965 4826 2149 4871 nostra
2181 4829 2513 4884 cognoscere
2555 4814 2746 4880 possit,
2773 4822 3151 4879 quantumque
3184 4812 3252 4863 sit
3280 4809 3523 4869 amabis

1962 4908 2329 4976 exigendum,
2396 4914 2773 4973 quantumque
2837 4902 2993 4955 nobis
3060 4900 3515 4964 concedendum,

1960 4998 2145 5051 hibita
2177 4996 2566 5050 imbecillitatis
2616 5011 2720 5047 una
2780 5009 2903 5048 cum
2968 4993 3242 5061 passionis
3275 4992 3515 5046 ratione.

1961 5092 2093 5143 Nam
2136 5090 2180 5143 si
2206 5090 2318 5151 lux,
2358 5101 2577 5158 proltter
2600 5088 2948 5141 emissionem
2981 5101 3099 5155 quae
3153 5088 3206 5139 in
3259 5085 3518 5149 tenebris,

1968 5183 2071 5235 hoc
2096 5194 2179 5235 est
2202 5182 2371 5235 haece
2399 5182 2530 5240 vita,
2571 5180 2843 5248 apparuit,
2879 5178 3311 5247 persecutionem
3361 5191 3515 5245 passa

1959 5282 2045 5327 cst
2082 5289 2112 5326 a
2143 5273 2407 5335 tenebris,
2452 5288 2480 5324 a
2515 5272 2677 5334 malo,
2736 5271 2976 5338 inquam,
3011 5277 3067 5323 et
3102 5276 3391 5330 tentatore,
3438 5276 3517 5319 te-

1958 5368 2143 5416 nebrae
2160 5372 2375 5430 quanta:
2395 5377 2667 5431 quamque
2685 5362 2889 5415 debiles
2904 5359 3154 5413 fuerunt?
3171 5358 3308 5424 Quid
3334 5367 3515 5411 autem

1958 5454 2178 5510 mirum.
2206 5452 2251 5505 si
2292 5452 2728 5505 coalescentibus
2752 5452 2859 5504 illis
2889 5451 3133 5509 omnino.
3166 5464 3268 5503 nos
3292 5460 3512 5517 quoque

1957 5538 2363 5607 quodammodo
2384 5539 2649 5607 assumpti
2683 5539 2985 5593 fuerimus?
3008 5539 3176 5609 itiajus
3229 5537 3374 5592 enim
3430 5535 3510 5595 illi

2404 5720 2422 5749 ⁸
2458 5721 2596 5775 l’sal.
2632 5735 2740 5781 ut,
