4288 6372
778 358 857 386 N12

769 386 870 418 απυδ

1983 371 2021 427 .\
2042 371 2156 426 itii
2309 371 2708 430 CIIONIATJ‘I

3835 369 3972 437 1436

732 467 1171 534 persecutionem
1232 470 1340 537 pati
1403 471 1501 524 fuit
1535 514 1547 533 ,
1622 491 1782 539 quam
1847 478 2005 530 nobis
2066 479 2295 537 assmni,
2333 484 2369 535 Α
2406 480 2759 542 eurabantnr,
2786 494 2836 535 et
2877 484 3045 536 virtus
3069 487 3189 555 ejus
3218 486 3311 554 qui
3368 486 3617 548 curabat,
3662 486 3836 541 altero
3874 487 3975 541 de-

732 572 924 610 eorum
968 560 1157 613 saltem
1220 560 1444 629 judicio,
1495 564 1587 628 qui
1632 564 1746 617 haec
1804 566 1904 619 rite
1963 570 2296 636 expendunt.

733 648 1016 702 Pnedietis
1057 667 1215 717 porro
1252 652 1517 720 adjiciam
1578 656 1721 723 quod
1764 658 1896 710 mihi
1950 660 2001 712 in
2061 672 2298 713 mentem

734 738 898 789 venit.
934 739 989 790 In
1035 754 1143 807 quo
1179 742 1325 793 enim
1357 758 1542 805 passus
1579 757 1661 796 est
1693 746 1829 813 ipse,
1889 764 2013 801 eum
2062 758 2303 804 tentatus

732 837 834 883 est.
864 837 1044 891 lmtest
1074 830 1138 882 iis
1185 833 1278 899 qni
1341 844 1622 887 tentantur
1682 838 2002 903 opitulari’,
2035 841 2177 907 quod
2234 843 2299 893 ad

733 918 990 970 eumdem
1017 923 1305 989 perspicue
1334 940 1493 977 sensu
1507 941 1554 977 m
1575 929 1774 980 refero.

1328 1036 1477 1090 CAP.
1533 1038 1717 1095 LXIII.

738 1139 818 1191 Iz'J.‘
840 1144 1187 1226 callentnbealti
1226 1147 1458 1226 Creqorii
1486 1156 1747 1213 oratione,
1802 1157 1957 1225 hujus
1994 1157 2302 1226 Scriptura-

805 1228 920 1263 rum
946 1215 1044 1265 loci
1066 1216 1239 1268 :«lz'rit
1262 1217 1397 1271 Deus
1413 1224 1587 1273 omnia
1611 1226 1658 1275 in
1679 1215 1967 1290 omnibus,o
1998 1215 2298 1298 explicatio.

805 1321 893 1374 47.
930 1323 1196 1379 Caeterum
1230 1329 1648 1388 instaurationis
1698 1344 1940 1403 tempore
1970 1378 1984 1399 ,
2039 1338 2177 1393 Deus
2205 1343 2303 1393 erit

733 1414 987 1467 omniain
1020 1419 1257 1471 omnibus
1310 1419 1373 1482 ",
1414 1436 1520 1475 non
1555 1422 1737 1485 Pater,
1800 1426 1938 1478 Filio
1981 1443 2208 1495 prorsus
2249 1432 2301 1485 in

738 1519 864 1556 cum
909 1506 981 1560 ita
1009 1511 1267 1572 resoluto,
1303 1522 1359 1564 ut
1391 1514 1431 1565 si
1460 1517 1592 1566 ta‘da
1624 1518 1674 1569 iu
1708 1531 1960 1586 magnum
1994 1537 2205 1589 rogum.
2236 1539 2302 1577 ex

732 1607 843 1659 quo
882 1608 1130 1663 exempta
1157 1598 1319 1651 fuerit
1349 1600 1414 1652 ad
1458 1605 1914 1671 tempus,iternm
1953 1610 2300 1678 conjiciatur,

735 1699 801 1736 ne
836 1686 980 1738 enim
1009 1685 1231 1741 Sabellii
1267 1690 1370 1745 hoc
1391 1693 1538 1746 dicto
1559 1710 2005 1765 eorrumpamnr,
2067 1702 2162 1755 sed
2218 1712 2300 1757 to-

2407 569 2643 630 Iiciente,
2675 572 2829 624 alteri
2865 573 3018 628 locus
3055 590 3345 644 superesse
3386 592 3495 629 non
3527 586 3757 646 poterat.
3797 578 3978 661 (_I;i-te—

2407 673 2526 710 rum
2558 675 2623 711 an
2673 661 2777 714 hoc
2805 665 2852 714 ei
2880 678 3098 731 quique
3140 667 3417 719 aceenseri
3455 667 3647 733 possit,
3694 670 3839 735 quod
3886 686 3977 720 ra-

2406 748 2537 801 tioni
2571 762 2998 804 consentaneum
3028 762 3130 817 est,
3164 757 3373 822 ignoro.
3419 756 3637 808 Rationi
3668 758 3813 809 enim
3834 776 3972 810 r-on-

2404 850 2723 893 sc-ntaneum
2758 859 2864 895 non
2895 856 3033 902 erat,
3065 855 3123 899 ut
3146 846 3177 898 ii
3212 858 3560 909 curarentur,
3588 849 3682 915 qui
3716 848 3981 903 incredu-

2324 924 2335 934 “
2406 931 2576 983 litatis
2606 933 2800 987 morbo
2848 935 3191 990 laborabant.

2479 1023 2679 1076 Eadem
2709 1036 2794 1078 est
2826 1025 3137 1094 hujnsmodi
3168 1047 3389 1103 quoque
3410 1037 3514 1091 loci
3538 1038 3675 1090 ratio
3700 1055 3713 1091 :
3739 1036 3851 1089 Non
3880 1054 3978 1103 po-

2407 1119 2504 1163 test
2543 1115 2766 1165 mundus
2800 1133 2901 1167 non
2926 1118 3094 1171 odisse
3124 1138 3210 1174 vos
3244 1125 3323 1188 ";
3361 1136 3417 1179 ct
3459 1127 3622 1197 hujus
3651 1147 3663 1181 :
3699 1128 3977 1194 Quomodo

2406 1206 2617 1271 potestis
2648 1206 2784 1258 bona
2819 1207 2981 1276 loqui,
3012 1227 3128 1264 cum
3161 1217 3274 1267 sitis
3295 1217 3423 1271 mali
3446 1218 3509 1272 “.
3532 1218 3776 1284 Quanam
3826 1223 3975 1273 enim

2405 1295 2506 1348 alia
2534 1296 2602 1350 de
2629 1312 2791 1353 causa
2825 1300 2941 1353 haec
2977 1303 3089 1357 fieri
3122 1318 3425 1374 nequeunt,
3474 1310 3577 1363 nisi
3614 1311 3740 1379 quia
3777 1313 3977 1366 volun-

2408 1397 2489 1442 tas
2517 1391 2657 1446 desit
2688 1394 2710 1444 ?

2478 1482 2572 1535 Est
2609 1500 2773 1552 porro
2818 1487 3132 1554 huiusmodi
3179 1501 3405 1562 quoque
3444 1496 3725 1565 quidpiam
3786 1499 3838 1551 in
3907 1498 3978 1551 iis

2407 1584 2527 1636 qua
2558 1571 2823 1627 dicuntur
2867 1592 2879 1627 :
2915 1576 3071 1641 Quod
3103 1592 3296 1634 natura
3341 1584 3564 1650 quidem
3608 1586 3725 1669 fieri
3761 1588 3976 1654 nequit,

2408 1660 2458 1712 id
2494 1661 2607 1715 fieri
2648 1664 2773 1718 hinc
2796 1668 3028 1721 demum
3078 1681 3277 1735 potest.
3316 1675 3360 1728 si
3414 1676 3525 1729 Deo
3574 1660 3883 1745 placuerit:
3917 1690 3978 1732 ut

1026 1795 1038 1827 :
1072 1796 1180 1827 mm
1229 1783 1450 1827 ηιιίιιρπ.
1506 1795 1749 1827 unum“.
1790 1753 1912 1827 ἰιηη
1973 1753 2298 1827 .'......;I..'.'..
2338 1810 2375 1827 η
2404 1753 2661 1807 eumdem
2697 1772 2806 1811 “0"
2857 1775 3017 1827 Posse
3051 1761 3133 1816 bis
3168 1766 3315 1818 nasci
3353 1766 3415 1825 ".
3448 1782 3502 1821 et
3543 1767 3788 1822 foramen
3843 1785 3981 1823 acus

736 1784 822 1827 tus
850 1776 992 1830 Deus
1026 1795 1038 1838 ;
1072 1796 1180 1848 quo
1229 1783 1450 1850 quidem
1506 1795 1749 1853 tempore
1804 1805 1913 1842 non
1971 1793 2205 1861 amplius
2245 1804 2302 1847 ut
2338 1810 2375 1863 Β

736 1865 899 1921 hodie
938 1871 1205 1925 multasin
1257 1886 1439 1943 partes
1478 1881 1719 1933 motibus
1765 1882 1931 1935 animi
1984 1896 2147 1952 atque
2180 1903 2303 1955 per—

735 1959 1144 2017 turbationibus
1183 1965 1589 2033 distrahemur,
1652 1972 1746 2025 Dei
1805 1975 1937 2028 nihil
1998 1978 2299 2047 quidquam

732 2051 816 2103 vel
893 2057 1253 2123 perpusillum
1327 2062 1380 2113 in
1444 2064 1603 2119 nobis
1678 2068 1808 2135 ipsis
1868 2069 2149 2128 ferentes:
2202 2075 2297 2127 se‘l

736 2142 845 2197 Deo
892 2146 1050 2214 plane
1098 2150 1328 2215 similes,
1388 2154 1593 2224 Deique
1645 2160 1815 2213 solius
1871 2176 2122 2230 capaces.
2180 2166 2303 2222 Iliee

732 2237 881 2288 enim
935 2250 1017 2292 cst
1049 2242 1314 2307 perl'ectio
1354 2245 1418 2297 ad
1466 2263 1627 2316 quam
1686 2265 2087 2319 pr0peramus:
2145 2260 2304 2323 cujus

734 2328 957 2392 quidem
996 2333 1228 2387 maximo
1260 2348 1586 2405 argumento
1638 2353 1721 2396 est
1776 2344 1969 2399 beatus
2015 2349 2127 2415 ipse
2164 2351 2303 2403 Pau-

735 2418 838 2470 lus.
879 2420 1033 2485 Quod
1062 2424 1209 2477 enim
1250 2426 1353 2481 hoc
1388 2430 1587 2485 inloco
1634 2432 1701 2486 de
1732 2435 1844 2488 Deo
1871 2437 2155 2493 indeﬁnite
2202 2443 2301 2501 ait,

736 2509 863 2562 alibi
900 2524 1087 2579 aperte
1116 2515 1180 2569 de
1198 2515 1418 2572 Christo
1447 2521 1698 2587 allirmat,
1729 2527 2061 2593 quibusnam
2089 2532 2306 2586 verbis?

741 2596 833 2651 Ubi
862 2616 964 2653 non
992 2611 1068 2655 est
1115 2607 1327 2673 gentilis
1360 2620 1407 2661 et
1444 2609 1681 2677 Judtrus,
1712 2617 2037 2672 circumcisio
2084 2630 2133 2674 et
2172 2640 2306 2685 pra:-

736 2689 956 2754 putium,
988 2693 1261 2750 Barbarus
1294 2708 1340 2750 et
1395 2698 1610 2769 Scytha,
1672 2721 1853 2761 servus
1909 2719 1957 2762 et
2011 2709 2162 2775 liber,
2214 2714 2306 2766 sed

737 2784 914 2835 omnia
947 2784 1001 2835 iu
1040 2789 1279 2842 omnibus
1311 2790 1545 2847 Christus
1578 2797 1642 2849 “.

1338 2906 1487 2960 CAP.
1516 2909 1701 2964 LXIV.

742 3006 816 3059 De
845 3025 921 3068 eo,
955 3015 1221 3093 quodlion
1251 3021 1408 3093 possit
1437 3020 1670 3093 Filiusia
1705 3026 1876 3093 seipso
1930 3030 2102 3090 facere
2151 3035 2305 3093 qa'l-

877 3098 1060 3146 quam.
1098 3087 1176 3138 Ex
1210 3091 1390 3143 eadem
1437 3092 1573 3146 beati
1604 3087 1843 3164 Gregorii
1894 3087 2155 3155 oratione.

812 3193 898 3245 48.
937 3195 1159 3251 Sextum
1193 3214 1519 3270 apponatur,
1554 3209 1698 3274 quod
1734 3210 1847 3263 Non
1890 3216 2049 3276 possit
2076 3216 2237 3270 Filius
2269 3236 2300 3271 a

735 3285 900 3350 seipso
938 3290 1224 3355 quidquam
1252 3293 1445 3358 facere,
1474 3298 1573 3347 nisi
1615 3298 1827 3351 Patrem
1858 3302 2133 3369 facientem
2162 3310 2302 3361 vide-

738 3380 804 3430 rit
851 3380 920 3432 ⁴¹.
960 3381 1069 3434 Iloe
1098 3399 1226 3435 vero
1261 3387 1333 3438 ita
1357 3403 1413 3439 se
1443 3388 1623 3441 habet.
1661 3392 1823 3447 Posse
1859 3398 1940 3449 vel
1995 3415 2100 3452 non
2140 3418 2299 3469 posse

743 3486 1091 3539 nequaquam
1128 3490 1318 3529 eorum
1350 3487 1453 3538 est,
1481 3496 1602 3547 quae
1636 3499 1741 3536 uno
1779 3486 1961 3544 modo.
1991 3490 2083 3543 sed
2108 3508 2298 3548 eorum

736 3577 857 3627 qua:
916 3564 1167 3629 pluribus
1226 3567 1554 3623 eIIeruntur.
1608 3573 1827 3643 Aliquid
1890 3580 2035 3633 enim
2096 3584 2299 3639 dicitur

738 3651 849 3703 lieri
883 3668 988 3705 non
1028 3670 1208 3720 posse,
1245 3660 1437 3724 partim
1493 3661 1713 3728 quidem
1755 3666 1837 3717 vel
1872 3668 2130 3732 potentie
2188 3673 2289 3725 de-

737 3742 904 3808 fectu,
966 3747 1046 3798 vel
1108 3748 1318 3801 ratione
1353 3752 1635 3820 temporis,
1697 3755 1780 3807 vel
1836 3758 2114 3813 relative:
2168 3764 2301 3816 utsi

738 3850 966 3902 puerum
1016 3849 1248 3901 certare,
1314 3852 1407 3894 aut
1457 3844 1699 3898 catulum
1762 3846 1970 3910 videre,
2005 3862 2096 3905 aut
2158 3854 2303 3910 hunc

743 3926 897 3979 illum
970 3944 1285 3999 inpugnare
1349 3949 1506 4001 posse
1576 3952 1761 4005 neges.
1828 3937 2099 3997 Fortassis
2156 3947 2303 3999 enim

738 4020 978 4073 certabit
1041 4023 1337 4090 aliquando
1395 4040 1572 4093 puer,
1627 4039 1681 4081 et
1728 4029 1933 4085 videbit
1982 4036 2134 4089 eanis
2168 4078 2181 4096 .
2252 4050 2308 4092 et

739 4110 825 4163 hic.
860 4110 1009 4163 illum
1068 4116 1423 4183 expugnabit,
1461 4120 1760 4185 quamlibet
1814 4122 1941 4175 olim
1991 4128 2301 4196 quempiam

737 4216 1046 4267 evpugnare
1115 4217 1385 4272 nequeat;
1442 4212 1638 4277 partim
1704 4223 1885 4267 autem
1935 4214 2161 4284 [dicitur
2203 4221 2304 4273 ali-

737 4294 894 4363 quid]
934 4306 989 4348 ut
1019 4296 1337 4365 plurimum,
1382 4312 1439 4353 ut
1490 4320 1591 4354 non
1640 4312 1805 4370 potest
1848 4309 2032 4361 civitas
2076 4311 2303 4365 abscon—

738 4389 788 4438 di
820 4404 981 4455 supra
1028 4403 1255 4442 montem
1310 4394 1478 4457 posita
1516 4395 1578 4445 ¹³.
1642 4395 1908 4449 Fortassis
1961 4401 2108 4452 enim
2158 4419 2306 4470 quae-

738 4480 880 4546 piam
952 4481 1211 4535 abscondi
1266 4495 1447 4550 potest
1501 4487 1726 4555 majoris
1784 4490 2013 4560 alicujus
2058 4497 2305 4562 corporis

736 4572 952 4639 (.ttjectn
981 4590 993 4622 :
1030 4575 1227 4639 partim
1269 4575 1455 4636 etiam,
1491 4582 1617 4645 quia
1642 4580 1840 4633 rationi
1872 4595 2303 4640 consentaneum

739 4679 845 4712 non
900 4663 992 4723 sit,
1042 4672 1153 4715 ut:
1215 4662 1339 4717 Non
1371 4678 1587 4733 possunt
1647 4670 1745 4734 ﬁlii
1790 4674 1969 4738 sponsi
2035 4673 2304 4742 iejunare,

737 4755 970 4819 quandiu
1031 4771 1251 4821 sponsus
1292 4757 1438 4808 adest
1486 4758 1550 4820 “,
1610 4760 1723 4814 sive
1781 4765 2059 4829 corporeis
2124 4767 2302 4821 oculis

738 4847 987 4899 videatur
1045 4850 1168 4914 (nec
1216 4848 1361 4900 enim
1402 4852 1855 4919 peregrinationis
1911 4856 2029 4921 ejus
2080 4865 2297 4926 tempus

740 4941 992 4991 nmroris
1021 4951 1157 5001 erat,
1190 4940 1284 4995 sed
1318 4941 1563 5006 lmtitne),
1598 4945 1711 4998 sive
1744 4956 2016 5013 quatenus
2062 4949 2298 5005 Verbum

736 5041 821 5083 est
846 5030 1044 5083 mentis
1070 5033 1245 5084 oculis
1265 5033 1669 5087 consideretur.
1697 5035 1840 5099 Quid
1868 5038 2015 5090 enim
2047 5042 2301 5109 estquod

739 5123 771 5173 lt
804 5122 1315 5191 corporejejuuent,
1362 5124 1563 5191 quibus
1618 5127 1835 5181 animus
1886 5129 2065 5183 Verbo
2104 5147 2305 5201 expur-

738 5213 932 5276 gatur?
962 5213 1156 5280 partim
1205 5230 1423 5283 quoque
1444 5218 1572 5284 quia
1612 5218 1663 5270 id
1699 5220 1857 5278 nolit,
1886 5228 1943 5272 ut
1988 5237 2096 5274 non
2145 5240 2303 5290 posse

740 5304 852 5356 illic
881 5304 1033 5374 signa
1074 5304 1275 5367 facere,
1309 5320 1535 5374 propter
1601 5310 1986 5377 accipientium
2047 5315 2303 5369 incredu-

740 5394 968 5446 litatem.
1040 5394 1175 5459 Quia
1245 5396 1392 5448 enim
1454 5396 1520 5449 ad
1593 5398 1906 5452 morborum
1988 5404 2305 5458 curationes

742 5498 1035 5554 utrumque
1070 5489 1438 5539 necessarium
1487 5500 1624 5542 erat.
1661 5499 1716 5544 ct
1773 5492 1907 5545 fides
1958 5510 2148 5546 eorum
2212 5496 2301 5564 qui

2406 1846 2782 1915 camelieapax
2847 1866 2955 1904 non
3010 1869 3133 1907 esse
3170 1856 3231 1908 ".
3258 1856 3390 1911 Nam
3442 1859 3573 1925 quid
3623 1859 3806 1913 obstet
3837 1878 3980 1932 quo-

2408 1935 2593 1991 minus
2632 1938 2747 1994 haec
2779 1939 2930 2003 fiant,
2972 1946 3014 1999 si
3064 1947 3206 2001 Deus
3228 1950 3398 2004 velit?
3427 1951 3630 2005 Praeter
3662 1968 3857 2007 omnes
3876 1955 3983 2011 bos

2407 2027 2596 2082 modos
2624 2033 2877 2099 estquod
2927 2036 3039 2090 fieri
3098 2040 3248 2094 nullo
3303 2056 3529 2109 prorsus
3587 2046 3748 2099 modo
3787 2058 3977 2115 queat,

2408 2132 2507 2169 nec
2545 2120 2650 2173 ulla
2708 2122 2949 2178 admittit
3014 2129 3174 2191 ratio,
3232 2139 3293 2182 ut
3338 2146 3404 2183 eo
3447 2132 3611 2186 modo
3654 2134 3763 2197 fiat,
3806 2152 3975 2205 quem

2408 2222 2554 2262 nunc
2615 2214 2932 2278 qmerimus.
2989 2217 3459 2282 Quemadmodum
3506 2222 3657 2276 enim
3699 2224 3813 2278 ﬁeri
3860 2242 3971 2279 non

2408 2313 2566 2365 posse
2598 2301 2851 2366 dicimus,
2888 2314 2946 2359 ut
2972 2308 3148 2362 malus
3184 2309 3255 2362 sit
3286 2309 3449 2373 Deus,
3469 2320 3563 2366 aut
3593 2329 3700 2367 non
3733 2314 3801 2368 sit
3854 2331 3978 2368 on-

2406 2391 2537 2444 nino
2589 2390 2714 2460 (hoc
2762 2396 2907 2448 enim
2944 2397 3012 2450 ad
3061 2398 3439 2467 impotentiam
3481 2406 3664 2472 potius
3688 2422 3849 2473 quam
3882 2424 3983 2477 po-

2409 2482 2634 2536 tentiam
2666 2484 2757 2539 Dei
2794 2487 3088 2553 referatur,
3113 2507 3278 2560 quam
3316 2495 3359 2548 si
3391 2496 3537 2563 quod
3574 2513 3685 2551 non
3730 2510 3816 2553 est
3852 2516 3979 2555 esse

2406 2571 2643 2638 dicatur,
2690 2585 2785 2629 aut
2818 2578 2904 2632 bis
2931 2580 3042 2633 duo
3070 2593 3128 2636 et
3154 2589 3390 2651 quatuor
3419 2596 3476 2641 et
3518 2587 3711 2643 decem
3745 2604 3865 2643 esse
3898 2591 3978 2643 af-

2410 2662 2718 2735 firmentur)
2748 2686 2761 2721 :
2800 2672 2871 2723 ita
2928 2672 3263 2739 impossibile
3294 2691 3519 2744 prorsus
3556 2688 3660 2739 est.
3706 2695 3809 2734 nec
3838 2682 3979 2734 ratio

2410 2753 2463 2806 id
2498 2755 2604 2809 ulla
2639 2758 2903 2825 admittit,
2938 2770 2993 2814 ut
3028 2762 3202 2817 Filius
3248 2781 3444 2821 eorum
3494 2768 3778 2837 quidpiam
3827 2783 3975 2837 agat.

2408 2861 2529 2912 quae
2564 2846 2726 2901 Pater
2751 2865 2860 2905 non
2893 2853 3022 2921 agit.
3057 2854 3248 2908 Omnia
3273 2857 3418 2910 enim
3449 2874 3791 2926 quacunque
3811 2861 3983 2915 habet

2408 2934 2590 2997 Pater.
2620 2940 2736 2993 Filii
2766 2953 2915 3000 sunt.
2943 2954 3001 2997 ut
3034 2945 3152 2999 vice
3185 2961 3342 3000 versa
3369 2963 3491 3016 quae
3510 2958 3637 3003 sunt
3676 2951 3819 3013 Filii,
3848 2962 3983 3005 sunt

2410 3036 2467 3083 et
2492 3030 2669 3085 Patris
2692 3034 2835 3088 ¹’·¹⁰.
2867 3034 3017 3088 Nihil
3040 3052 3169 3105 ergo
3197 3039 3466 3106 privatum
3492 3052 3576 3095 est
3605 3052 3661 3095 et
3681 3043 3980 3109 peculiare,

2332 3132 2372 3188 ο
2407 3124 2666 3190 quoniam
2730 3128 3040 3180 communia
3115 3141 3243 3183 sunt
3296 3133 3376 3184 eis
3421 3134 3625 3185 omnia.
3692 3134 3975 3202 Siquidem

2406 3212 2520 3281 ipsa
2547 3215 2710 3266 etiam
2743 3219 2982 3270 essentia
3015 3221 3328 3273 communis
3367 3231 3422 3274 et
3456 3223 3681 3290 :equalis
3739 3226 3821 3277 eis
3868 3237 3974 3290 est,

2404 3319 2716 3373 quanquam
2746 3306 2919 3361 Filius
2984 3309 3035 3362 id
3090 3327 3117 3362 a
3174 3311 3332 3366 Patre
3380 3312 3599 3366 habeat.
3636 3315 3793 3369 Unde
3839 3317 3973 3370 illud

2404 3409 2624 3463 quoque
2668 3398 2902 3453 dicitur:
2934 3403 3041 3468 Ego
3082 3404 3197 3455 sivo
3234 3417 3449 3471 propter
3501 3404 3715 3459 Putrem
3761 3411 3827 3469 ",
3864 3426 3971 3462 non

2404 3487 2548 3552 quod
2599 3487 2725 3540 inde
2768 3491 2954 3544 sit'illi
3011 3494 3135 3547 vita:
3188 3504 3242 3547 et
3282 3496 3536 3549 essentiae
3578 3497 3752 3564 origo,
3795 3501 3975 3565 qualis

2406 3573 2691 3628 hominum
2732 3594 2852 3631 esse
2909 3580 3079 3633 solet:
3120 3582 3212 3635 sed
3258 3583 3385 3651 quia
3445 3584 3569 3638 inde
3602 3586 3738 3638 citra
3800 3588 3970 3641 ultum

2407 3671 2623 3731 tempus
2648 3677 2704 3720 et
2730 3683 2951 3721 causam
2987 3670 3271 3725 subsistat.

2502 3758 2769 3814 Cteterum
2802 3764 3017 3817 Patrem
3063 3767 3521 3833 quemadmodum
3585 3769 3729 3821 videt
3771 3770 3977 3824 facien-

2405 3859 2538 3909 tem.
2564 3853 2634 3905 ita
2666 3864 2719 3907 et
2747 3854 2967 3907 demum
2995 3854 3145 3909 facit.
3185 3857 3268 3909 An
3303 3874 3434 3911 vero
3464 3868 3521 3911 ut
3552 3860 3644 3928 qui
3686 3861 3889 3912 formas
3923 3872 3977 3915 et

2406 3942 2617 3996 litteras
2652 3944 2975 4011 depingunt,
3028 3947 3156 4014 quia
3180 3962 3288 4000 non
3343 3958 3413 4001 snt
3446 3948 3511 4001 ad
3573 3949 3647 4000 rei
3690 3952 3976 4003 veritatem

2406 4036 2843 4103 consequendam
2869 4038 2971 4089 alia
3007 4038 3115 4099 via,
3151 4040 3253 4092 nisi
3289 4040 3480 4093 oeulos
3508 4039 3572 4091 ad
3612 4042 3896 4108 exemplar
3922 4053 3977 4094 et

2405 4128 2759 4198 archetypum
2792 4129 3025 4182 subinde
3064 4130 3370 4193 intendant,
3409 4146 3740 4199 manumque
3770 4131 3835 4184 ad
3858 4134 3977 4202 ejus

2412 4217 2771 4271 imitationem
2805 4218 3080 4287 dirigant?
3109 4219 3213 4285 Qui
3251 4235 3381 4272 vero
3403 4220 3517 4272 fieri
3550 4230 3748 4289 potest,
3782 4230 3841 4273 ut
3891 4236 3977 4273 sa-

2408 4309 2609 4377 pientia
2650 4310 2873 4363 doctore
2900 4310 3175 4380 indigeat?
3208 4311 3414 4364 nihilne
3451 4310 3657 4365 factura
3706 4322 3810 4371 est,
3863 4313 3969 4365 nisi

2410 4400 2716 4453 doceatur?
2756 4399 3043 4465 Quomodo
3077 4411 3257 4454 autem
3306 4403 3466 4455 Pater
3498 4404 3629 4470 agit.
3681 4414 3775 4455 aut
3824 4404 3980 4470 egit?

2342 4465 2380 4517 θ
2409 4492 2662 4545 Aliumne
2682 4501 2840 4544 antea
2868 4491 3119 4545 condidit
3180 4493 3445 4546 mundum
3481 4495 3601 4547 loco
3647 4497 3980 4563 prtesentisi

2407 4582 2708 4650 quamlibet
2736 4582 2981 4636 futurum
3008 4584 3361 4637 constituerit
3385 4586 3409 4638 ἲ
3433 4601 3614 4654 eoque
3664 4589 3970 4653 restiiciens

2408 4673 2581 4727 Filius
2618 4673 2848 4726 alterum
2882 4673 3101 4742 quidem
3157 4676 3464 4737 constituit,
3523 4678 3755 4730 alterum
3792 4690 3974 4731 autem

2409 4765 2808 4818 constituturus
2836 4773 2919 4817 est
2940 4765 2965 4816 .’
2992 4764 3237 4829 Quatuor
3257 4781 3388 4835 ergo
3407 4766 3593 4819 mundi
3635 4769 3733 4820 hac
3768 4767 3978 4819 ratione

2408 4856 2691 4909 constituti
2728 4855 2951 4917 fuerint,
2987 4870 3223 4923 quormn
3253 4856 3391 4909 alios
3414 4858 3594 4917 Pater,
3631 4857 3776 4910 alios
3806 4857 3977 4910 Filius

2403 4945 2610 5001 fecerit.
2644 4946 2961 5014 Oineptias!
3002 4946 3155 5011 Quod
3176 4963 3307 5015 ergo
3340 4965 3369 5000 ιι
3396 4948 3544 5015 ῑρρτίι
3589 4958 3645 5001 et
3688 4949 3955 5001 demoni-

2404 5036 2507 5089 bus
2553 5047 2767 5105 purgat,
2818 5037 3039 5090 morbos
3086 5046 3280 5099 curat,
3345 5048 3595 5092 mortuos
3648 5039 3973 5100 exsuscitat,

2402 5143 2563 5196 super
2619 5145 2769 5181 mare
2821 5129 3091 5189 ambulat,
3129 5136 3441 5198 ceteraque
3492 5131 3599 5184 alia
3625 5129 3778 5190 facit,
3837 5145 3961 5197 quae

2403 5220 2623 5291 quidem
2657 5219 2803 5281 fecit,
2846 5235 3079 5287 quanam
3136 5220 3191 5274 in
3249 5236 3309 5274 re
3347 5229 3442 5274 aut
3492 5220 3716 5290 quando
3747 5220 3965 5275 Patrem

2410 5314 2591 5364 omnia
2618 5312 2767 5376 prius
2798 5310 3082 5363 facientem
3118 5310 3359 5364 imitatus
3404 5312 3532 5365 est?
3576 5316 3655 5364 An
3707 5312 3965 5366 videlicrt

2413 5402 2573 5455 Pater
2606 5416 2787 5453 rerum
2831 5399 3139 5469 hnjusmodi
3169 5400 3431 5454 formulas
3461 5403 3819 5470 praescripsit,
3838 5404 3976 5456 Ver-

2415 5496 2541 5547 bum
2577 5504 2757 5545 autem
2784 5506 2890 5544 non
2920 5492 3193 5545 serviliter
3222 5503 3317 5545 aut
3361 5492 3635 5561 imperite,
3665 5492 3760 5546 sed
3794 5494 3972 5562 perite

802 5632 823 5660 '
850 5630 1005 5683 |l»l:r.
1041 5647 1149 5693 xw,
1196 5630 1259 5682 Ii
1294 5631 1376 5683 Iti.
1440 5632 1482 5662 '°
1508 5633 1523 5685 l
1549 5634 1674 5687 Car.
1705 5650 1791 5696 xv,
1816 5635 1885 5687 9.3
1959 5637 1995 5665 ¹¹
2024 5636 2235 5689 (ἶιιῖνιςς.
2293 5654 2370 5691 ιιι.

2337 5654 2370 5691 ι.
2413 5637 2490 5689 II.
2546 5639 2588 5668 "
2618 5638 2775 5689 Joau.
2811 5653 2863 5696 v,
2898 5634 2980 5688 I9.
3047 5636 3089 5667 ¹³
3127 5635 3316 5689 Matth.
3351 5651 3404 5694 ν,
3436 5636 3518 5691 Η.
3580 5637 3623 5667 ⁸⁸
3648 5636 3859 5690 Μιιιιιὶι.
3893 5652 3973 5699 tx,

750 5699 833 5755 Ιῗί.
892 5701 931 5729 ⁸⁵
959 5702 1111 5753 Joan.
1142 5718 1234 5769 vn,
1266 5702 1314 5750 7.

748 5771 835 5830 11).
907 5771 1138 5824 “Junii.
1173 5787 1245 5833 \t,
1282 5770 1367 5824 38.

1387 5702 1427 5731 ¹⁶
1460 5704 1645 5756 Matth.
1686 5720 1775 5768 Ml,
1803 5706 1888 5758 5i.
1954 5707 1994 5736 ”
2031 5707 2181 5759 ,Ιιιςιιι⁸
2219 5724 2299 5767 ιιι,
2337 5707 2389 5771 ι,
2415 5708 2463 5759 ξι.

2542 5710 2580 5737 ¹⁴
2610 5708 2773 5761 λιίιιιιι
2830 5723 2934 5763 six,
2971 5705 3154 5759 “li-‘36.
3215 5707 3331 5737 ""°
3375 5706 3528 5759 .loan.
3557 5723 3663 5771 λιί,
3701 5710 3761 5762 15
3795 5724 3809 5769 ;
3840 5723 3969 5763 χιιι.
