4288 6372
295 394 424 455 HT!

1550 393 1748 450 Tllb'b
1772 386 1937 446 \UIII
1987 390 2128 448 LtB.
2177 389 2236 446 Υ.

3398 393 3532 455 H33

289 517 342 558 et
371 503 684 572 imperiose,
712 502 794 558 vel
824 512 882 556 ut
903 500 1074 572 magis
1105 503 1326 572 proprie
1367 501 1580 570 loquar,
1629 511 1857 570 paterue
1890 504 1932 554 Α
1965 499 2064 551 hoc
2092 499 2316 552 credat?
2353 501 2655 569 praesertim
2683 515 2806 556 cum
2833 499 3030 556 horum
3061 513 3284 571 quoque
3328 500 3532 554 verbo-

288 593 546 662 perlicit?
574 592 651 646 Eo
673 593 819 646 enim
847 607 1009 645 sensu
1047 591 1229 643 locum
1267 590 1417 643 illum
1467 590 1698 657 accipio,
1745 602 1855 656 quo

286 703 405 751 qu;e
429 700 458 736 a
501 685 658 738 Patre
696 683 854 747 ﬁunt,
885 698 949 736 ea
984 683 1239 737 similiter
1277 697 1305 735 a
1337 681 1472 735 Filio
1507 680 1622 733 ﬁeri
1661 680 1857 731 dicun-

288 787 413 836 tur,
466 776 537 829 ita
604 787 662 829 ut
727 791 836 828 non
878 789 1070 828 eorum
1123 789 1245 842 qua:
1306 773 1442 826 liunt
1515 771 1851 833 similitudo,

286 866 379 920 sed
411 868 600 920 eadem
633 875 874 936 potestas
924 875 980 920 et
1031 865 1268 934 dignitas
1321 863 1681 933 signiﬁcetur.
1735 861 1856 927 Quo

286 974 449 1010 sensu
486 959 650 1012 etiam
673 969 726 1013 et
769 959 871 1010 hoc
893 956 1276 1024 accipiendum
1303 966 1406 1017 est,
1449 954 1514 1008 ad
1549 956 1651 1008 hoc
1683 969 1856 1023 usque

289 1060 506 1115 tempus
527 1060 582 1102 et
614 1052 827 1103 Patrem
863 1059 918 1103 et
959 1049 1154 1103 Filium
1189 1049 1410 1115 operari
1439 1064 1453 1100 :
1489 1062 1589 1100 nec
1621 1048 1725 1100 hoc
1765 1062 1858 1098 so-

289 1134 426 1194 lum,
455 1136 550 1188 sed
573 1151 768 1189 eorum
793 1136 959 1190 etiam
982 1151 1102 1204 quae
1129 1136 1378 1190 fecerunt
1425 1136 1857 1189 moderationem

287 1240 341 1284 et
363 1228 861 1287 conservationem,
922 1235 981 1279 ut
1037 1227 1224 1280 verbis
1257 1227 1364 1279 illis
1401 1226 1710 1280 indicatur;
1757 1225 1859 1279 Fa-

287 1336 406 1373 cere
437 1317 649 1387 angelos
683 1334 801 1370 suos
835 1319 1053 1386 spiritus
1083 1321 1148 1372 ".
1189 1319 1344 1381 Item,
1381 1320 1610 1386 fundare
1658 1329 1858 1370 terram

287 1430 447 1480 super
465 1411 808 1463 stabilitatem
834 1411 946 1478 ejus
979 1411 1045 1474 ”,
1069 1425 1194 1464 cum
1239 1411 1408 1464 semel
1453 1420 1509 1464 et
1566 1411 1679 1463 h:ec
1737 1409 1860 1462 fun-

286 1503 432 1560 data,
465 1510 519 1552 ct
547 1499 619 1552 illi
667 1499 792 1552 facti
822 1501 953 1551 sint.
987 1499 1119 1553 Item
1144 1517 1158 1554 :
1187 1498 1430 1552 Formari
1491 1503 1770 1561 tonitrum,
1813 1509 1860 1552 et

286 1596 458 1646 creari
479 1591 733 1660 Spiritum
753 1593 796 1622 “
822 1607 1088 1661 ;quorum
1116 1593 1255 1647 ratio
1281 1608 1406 1646 cum
1440 1593 1607 1646 semel
1632 1591 1859 1646 exstite-

298 1685 393 1747 rit,
431 1685 696 1737 continua
751 1692 929 1737 tamen
962 1684 1265 1738 etiamnum
1299 1685 1552 1754 operatio
1583 1692 1788 1738 manet.

873 1796 1023 1852 CAP.
1077 1797 1237 1852 ωιγ.

291 1887 352 1944 In
384 1890 556 1943 illud:
597 1906 614 1938 ι
640 1889 887 1942 Descendi
919 1905 944 1941 ε
989 1888 1136 1950 calo,
1197 1906 1300 1942 non
1349 1899 1406 1941 ut
1445 1890 1640 1957 faciam
1672 1889 1857 1941 volun-

359 1970 519 2040 tatem
542 1975 712 2012 meum
741 1960 810 2011 ".
861 1979 878 2009 ι
931 1957 1011 2011 Ex
1039 1962 1220 2012 eadem
1247 1962 1420 2013 sancti
1454 1957 1694 2028 Gregorii
1735 1974 1858 2011 ora-

362 2037 523 2081 tione.

362 2122 452 2174 49.
494 2120 801 2190 Septimum
841 2131 1214 2190 proponatur:
1247 2121 1604 2175 Descendisse
1628 2122 1695 2174 de
1718 2121 1857 2174 caelo

294 2211 486 2265 Filium
520 2229 628 2266 non
661 2222 718 2265 ut
748 2214 1084 2268 voluntatem
1123 2229 1276 2266 suam
1312 2213 1497 2272 faciat.
1528 2229 1718 2267 verum
1739 2214 1860 2279 cjus

290 2299 986 2367 aquo-missusest.Certe
1029 2299 1134 2353 nisi
1191 2300 1304 2353 haec
1357 2299 1740 2368 proferrentur
1789 2297 1859 2350 ab

289 2408 358 2447 eo
386 2395 477 2461 qui
511 2392 826 2454 descendit,
853 2391 1038 2444 dicere
1067 2405 1353 2459 possemus
1375 2405 1686 2443 sermonem
1712 2389 1860 2442 hunc

199 2491 202 2494 '
289 2484 514 2535 formari
551 2493 806 2552 tanquam
829 2481 897 2534 ab
917 2482 1159 2544 homine,
1197 2496 1304 2534 non
1345 2497 1412 2534 eo
1451 2481 1544 2548 qui
1598 2479 1861 2532 Servator

297 2563 662 2643 intelligatur,
689 2574 848 2642 cujus
873 2573 1127 2626 voluntas
1166 2573 1279 2627 Deo
1340 2573 1664 2640 neutiquam
1722 2586 1860 2625 con-

289 2665 454 2718 traria
483 2665 573 2726 sit,
616 2665 818 2732 quippe
844 2679 972 2732 quae
1000 2673 1111 2717 tota
1135 2662 1320 2717 divina
1348 2663 1616 2731 evaserit,
1641 2662 1736 2716 sed
1789 2677 1856 2715 eo

289 2757 384 2825 qui
423 2755 581 2810 nobis
612 2755 806 2810 similis
836 2755 941 2818 sit;
968 2755 1173 2823 quippe
1202 2767 1327 2807 cum
1387 2754 1626 2807 humana
1661 2753 1859 2806 volun-

293 2858 376 2902 tas
402 2864 510 2902 non
542 2847 770 2900 omnino
797 2847 908 2901 Deo
948 2846 1281 2908 subserviat,
1314 2845 1406 2899 sed
1437 2860 1678 2915 persiepe
1699 2859 1862 2912 repu-

293 2948 445 3008 gnet,
507 2947 672 3007 atque
730 2938 786 2991 in
838 2937 1180 2992 contrarium
1240 2936 1469 2990 nitatur.
1545 2936 1657 2988 lloc
1707 2935 1855 2987 enim

290 3043 454 3081 sensu
486 3027 665 3081 locum
703 3028 856 3081 illum
905 3029 1260 3097 accepimus:
1299 3025 1484 3086 Pater,
1523 3025 1707 3090 siﬁeri
1766 3043 1861 3094 po-

1961 603 2434 650 rum,sermonem
2457 589 2545 657 qui
2603 590 2855 651 auditur,
2915 607 3022 645 non
3057 606 3179 646 esse
3233 589 3383 654 Filii,
3439 591 3532 642 sed

1961 679 2154 740 Patris,
2189 679 2329 732 idem
2355 680 2427 732 sit
2459 695 2670 733 sensus.
2701 679 2809 745 Qui
2837 681 2926 732 liat
2949 681 3116 743 enim,
3147 689 3204 734 ut
3227 681 3372 748 quod
3391 695 3540 732 com-

1961 785 2123 822 mune
2153 779 2253 826 est.
2287 770 2450 822 ullius
2482 770 2722 822 soliusve
2761 770 3036 836 peculiare
3095 772 3182 823 sit.
3247 771 3360 823 Iloc
3422 771 3535 838 plc-

1962 878 2194 930 rumque
2229 862 2587 914 considerans
2624 863 2932 931 intelligere
2962 877 3069 914 non
3128 877 3383 928 possum,
3434 877 3534 913 nec

1961 956 2123 1015 alius,
2157 969 2276 1006 mea
2310 954 2530 1022 quidem
2565 957 2856 1012 sententia.
2911 952 3216 1020 intelligere
3239 962 3422 1019 queat.
3477 952 3531 1004 Si

1962 1044 2066 1097 hoc
2097 1061 2260 1098 sensu
2286 1046 2620 1098 voluntatem
2664 1045 2956 1112 intelligas,
3012 1056 3158 1096 recte
3211 1044 3507 1096 admodum

1961 1153 2067 1205 que
2099 1136 2184 1204 pie
2217 1136 2488 1206 intelliges
2528 1153 2540 1188 :
2585 1143 2751 1204 prout
2794 1151 2934 1198 mea,
2962 1145 3016 1189 et
3047 1137 3312 1206 cujusque
3353 1135 3529 1187 ortho-

1962 1228 2109 1282 doxi.
2145 1229 2414 1282 sententia
2450 1229 2576 1283 fert.
3329 1210 3344 1224 ’

2556 1367 2708 1422 CAP.
2748 1363 2935 1419 LXVI.

1965 1479 2046 1533 Ea:
2074 1480 2253 1533 eadem
2291 1481 2433 1533 beati
2456 1480 2783 1534 Nazianzeni
2822 1483 3080 1538 oratione.
3110 1481 3163 1532 in
3195 1478 3329 1532 illud
3352 1493 3370 1530 :
3413 1491 3431 1524 ι
3475 1477 3537 1530 Ut

2205 1559 2526 1619 cognoscant
2560 1561 2607 1602 te
2636 1551 2806 1604 solum
2851 1567 3031 1605 verum
3062 1549 3248 1602 Deum.
3279 1567 3297 1599 ι

2039 1659 2124 1712 50.
2159 1657 2420 1712 Octavum
2459 1660 2562 1713 hoc
2587 1661 2694 1714 illis
2724 1672 2838 1714 est:
2885 1662 2948 1715 Ut
2986 1671 3298 1730 cognoscant
3357 1670 3406 1712 te
3450 1676 3540 1712 so-

1969 1751 2074 1803 lum
2105 1766 2283 1802 verum
2315 1749 2503 1811 Deum,
2538 1761 2586 1803 et
2604 1768 2754 1820 quem
2771 1753 2955 1806 misisti
2982 1752 3163 1805 Iesum
3179 1751 3444 1804 Christum
3470 1750 3536 1814 ",

1899 1831 1932 1883 Β
1966 1855 2021 1896 et
2051 1843 2177 1902 hoc,
2210 1842 2372 1896 Nemo
2403 1843 2566 1896 bonus
2600 1844 2701 1896 nisi
2745 1861 2878 1896 unus
2911 1843 3048 1896 Deus
3080 1843 3147 1895 ”.
3186 1842 3357 1909 Hujus
3397 1856 3539 1909 quo-

1961 1954 2065 2006 que
2101 1937 2344 2004 scrupuli
2371 1935 2627 1988 facillima
2657 1937 2792 1988 milii
2846 1936 3046 1990 solutio
3108 1935 3348 1987 videtur.
3401 1934 3536 1986 Nam

1960 2030 2002 2080 si
2034 2028 2207 2080 solum
2241 2040 2428 2079 verum
2463 2025 2530 2078 dc
2553 2023 2708 2078 Patre
2735 2025 3024 2094 intelligas,
3049 2023 3294 2083 ubinam,
3323 2036 3534 2089 qua‘so,

1961 2121 2252 2173 Veritatem
2283 2119 2453 2186 ipsam
2475 2115 2810 2170 collocabis?
2835 2116 2966 2169 Nam
2985 2115 3028 2168 si
3056 2117 3156 2167 hoc
3175 2128 3339 2168 sensu
3373 2113 3539 2166 verba

1961 2212 2109 2265 haec:
2135 2209 2244 2263 Soli
2273 2210 2500 2276 sapienti
2523 2209 2626 2260 Deo
2649 2209 2714 2271 ³ο,
2743 2206 2852 2262 Soli
2868 2207 3157 2260 immortali
3183 2207 3250 2267 ³¹,
3275 2216 3322 2258 et
3367 2205 3538 2257 lucem

1963 2305 2284 2356 inaccessam
2303 2299 2565 2351 habitanti
2599 2300 2664 2362 ",
2689 2307 2782 2350 aut
2807 2297 2933 2366 Regi
2953 2296 3269 2349 sicculorum
3295 2296 3536 2347 incorru-

1962 2394 2150 2464 ptibili,
2209 2391 2478 2452 invisibili,
2527 2389 2628 2442 soli
2671 2388 2907 2456 sapienti
2968 2387 3073 2440 Deo
3125 2388 3170 2418 ³³
3219 2386 3535 2454 lntelligas,

1963 2486 2135 2540 Filius
2163 2485 2256 2553 qui
2297 2490 2474 2535 morte
2523 2481 2789 2534 multatus
2839 2488 2923 2532 est
2965 2480 3062 2532 tibi
3099 2478 3308 2541 efﬂuet,
3364 2480 3435 2530 ita
3472 2487 3533 2530 ut

1961 2577 2047 2630 vel
2081 2576 2254 2642 caligo
2277 2574 2368 2634 sit,
2406 2573 2488 2625 vel
2529 2589 2636 2625 non
2667 2572 2908 2639 sapiens,
2941 2586 3119 2638 neque
3173 2570 3310 2628 Rex,
3355 2583 3537 2636 neque

1963 2666 2279 2730 invisibilis,
2317 2679 2495 2732 neque
2527 2665 2754 2717 omnino
2808 2662 2975 2726 Deus,
3033 2660 3179 2730 quod
3231 2661 3539 2715 antedicto-

1962 2776 2083 2814 rum
2116 2768 2399 2830 caputest.
2443 2758 2549 2824 Qui
2601 2773 2732 2809 vero
2767 2758 2877 2817 lict,
2916 2765 2975 2808 ut
3005 2769 3129 2808 cum
3171 2753 3386 2807 caeteris
3433 2751 3538 2805 bo-

1964 2853 2192 2907 nitatem
2243 2865 2468 2918 quoque
2504 2849 2740 2902 maxime
2810 2848 2907 2901 soli
2945 2848 3056 2900 Deo
3096 2845 3370 2913 propriam
3425 2858 3536 2897 non

1964 2945 2221 2998 amittat?
2253 2942 2740 2997 \‘erumvnimveru
2764 2941 2931 2994 verlm
2971 2941 3084 3004 illa,
3126 2939 3187 2992 Ut
3218 2944 3536 3006 cognoscant

1967 3048 2013 3090 te
2041 3039 2212 3092 solum
2243 3053 2420 3089 verum
2449 3034 2638 3098 Deum,
2698 3033 2777 3086 sic
2832 3034 2978 3085 dicta
3034 3031 3314 3092 existimo,
3372 3037 3432 3082 ut
3465 3027 3534 3082 ad

291 3127 412 3180 τευ,
439 3127 672 3172 "dum"
699 3137 730 3170 (ι
752 3135 830 3172 me
864 3120 1004 3172 δαῖέ-τ
1036 3121 1164 3183 me.“
1214 3126 1577 3172 verumtamen
1604 3135 1704 3170 non
1725 3118 1863 3187 quod
1890 3157 1932 3215 ε
1967 3141 2154 3179 corum
2192 3125 2283 3194 qui
2321 3124 2394 3176 dii
2431 3138 2535 3175 non
2566 3132 2693 3175 sunt
2727 3122 3034 3190 quamlibet
3078 3121 3334 3174 dicantur
3363 3121 3536 3173 inter-

294 3225 390 3279 ego
418 3210 555 3272 uolo,
587 3212 678 3263 sed
715 3219 809 3264 tua
841 3210 1085 3265 uoluntas
1117 3211 1407 3279 pra'valcat
1450 3211 1515 3264 ".
1543 3211 1655 3264 Nec
1715 3210 1859 3262 enim

291 3311 723 3354 consentaneum
755 3311 858 3362 est,
891 3310 950 3353 ut
979 3301 1245 3370 ignorarit
1270 3301 1359 3353 ille
1407 3314 1473 3352 an
1509 3300 1558 3352 id
1590 3299 1704 3354 ﬁeri
1739 3315 1865 3367 pos-

295 3399 379 3443 set
432 3406 626 3451 necne,
669 3406 768 3444 nec
822 3391 1160 3443 voluntatem
1203 3391 1470 3442 voluntati
1519 3393 1859 3456 Opposuerit.

296 3483 432 3546 Quia
469 3498 594 3535 vero
623 3497 685 3533 ea
733 3483 898 3532 verba
932 3482 1050 3548 ejus
1081 3490 1233 3541 sunt,
1273 3480 1365 3548 qui
1394 3496 1614 3534 carnem
1641 3497 1856 3534 assum-

296 3572 425 3639 psit,
451 3570 595 3638 quod
634 3571 779 3622 enim
807 3568 1092 3623 descendit
1132 3583 1260 3620 curo
1285 3578 1564 3636 assumpta
1605 3585 1711 3621 non
1739 3580 1857 3623 est:

292 3663 366 3716 ita
400 3661 690 3729 quaestioni
725 3662 1206 3715 occurremushuc
1263 3661 1683 3728 intelligendum
1715 3677 1857 3724 esse,

295 3769 405 3807 non
444 3765 699 3822 tanquam
737 3752 953 3821 propria
983 3752 1120 3805 Filio
1157 3753 1410 3804 voluntas
1441 3753 1658 3819 aliaque
1692 3768 1720 3805 a
1757 3753 1848 3806 Pa-

293 3846 392 3899 tris
421 3844 698 3897 voluntate
729 3844 817 3902 sit.
845 3843 939 3896 sed
975 3852 1228 3911 tanquam
1253 3859 1358 3895 non
1389 3844 1476 3904 sit,
1508 3852 1564 3895 ut
1597 3844 1709 3897 haec
1736 3843 1860 3897 inde

290 3947 701 4006 consequantur
736 3953 746 3986 :
787 3935 904 3989 Non
945 3945 1004 3987 ut
1037 3935 1230 3987 iaciam
1262 3935 1599 3988 voluntatem
1660 3952 1858 3997 meam,

293 4045 412 4082 mea
440 4032 585 4083 enim
628 4046 654 4079 a
691 4038 782 4080 tua
810 4028 1058 4096 sejuncta
1116 4041 1223 4078 non
1254 4035 1367 4081 est:
1430 4027 1522 4079 sed
1556 4043 1674 4079 eam
1742 4045 1862 4096 qua:

293 4120 391 4171 tibi
417 4129 471 4172 et
507 4119 638 4171 mihi
670 4117 980 4171 communis
1012 4126 1118 4181 est,
1146 4131 1378 4184 quorum
1411 4125 1468 4168 ut
1503 4133 1608 4168 una
1636 4129 1717 4171 cst
1771 4119 1859 4171 di-

289 4211 513 4271 vinitas,
543 4215 614 4263 ita
653 4220 707 4262 et
737 4209 1011 4261 voluntas.

362 4302 644 4370 Siquidem
683 4301 942 4368 pleraque
965 4299 1331 4352 communiter
1381 4297 1483 4350 hoc
1537 4307 1696 4366 pacto
1765 4298 1859 4352 di-

289 4404 529 4456 cuntur,
596 4408 701 4444 non
752 4391 1092 4452 aﬂirmative,
1134 4397 1188 4440 at
1239 4390 1510 4456 negative,
1564 4399 1620 4440 ut
1680 4390 1858 4442 illud:

287 4485 405 4538 Non
439 4487 571 4536 enim
611 4482 679 4533 ad
727 4497 1027 4533 mensuram
1073 4479 1208 4531 Deus
1239 4479 1492 4545 Spiritum
1517 4481 1604 4531 dat
1639 4481 1708 4541 ",

288 4576 435 4628 enim
467 4576 579 4634 dat,
621 4588 719 4625 nec
752 4572 816 4623 ad
851 4586 1189 4624 mensuram.
1217 4571 1348 4622 Nam
1386 4571 1551 4623 Deum
1586 4571 1727 4624 Deus
1753 4589 1859 4624 non

289 4667 536 4720 metitur.
576 4665 706 4717 Item
740 4663 907 4715 illud:
941 4663 1128 4730 Neque
1163 4672 1445 4729 peccatum
1512 4679 1715 4724 meum,
1761 4680 1856 4715 ne-

288 4771 394 4824 que
422 4755 684 4822 iniquitas
711 4767 848 4815 mea,
883 4751 960 4804 sic
989 4753 1133 4804 enim
1161 4751 1602 4818 intelligendum.
1629 4767 1759 4811 non,
1798 4759 1855 4802 ut

291 4846 441 4906 insit,
467 4843 561 4897 sed
591 4853 776 4896 utnon
803 4842 952 4894 insit.
991 4844 1119 4894 Item
1142 4860 1158 4895 :
1180 4842 1297 4895 Non
1333 4853 1560 4908 propter
1612 4842 1857 4910 justitias

289 4945 526 4996 nostras,
561 4948 699 5003 quas
728 4933 993 4994 iecimus;
1026 4948 1125 4985 nec
1169 4934 1316 4986 enim
1378 4933 1626 4986 fecimus.
1679 4934 1849 4986 Porro

291 5026 641 5094 perspicuum
679 5025 779 5076 hoc
821 5033 993 5076 estex
1049 5025 1429 5091 sequentibus.
1487 5026 1657 5088 Quam
1705 5026 1851 5078 enim

289 5131 411 5168 esse
452 5116 629 5180 inquit
664 5115 1000 5168 voluntatem
1034 5114 1250 5166 Patris?
1301 5113 1367 5167 Ut
1404 5115 1581 5168 omnis
1609 5116 1700 5182 qui
1735 5131 1855 5168 cre-

291 5205 372 5257 dit
425 5206 476 5256 in
499 5203 692 5257 Filium
745 5203 1419 5272 servetur,particep5que
1465 5204 1555 5256 fmt
1596 5217 1857 5258 extremze

293 5295 732 5354 resurrectionis,
758 5295 870 5347 sive
891 5295 1273 5348 restitutionis.
1299 5297 1381 5347 An
1400 5311 1536 5362 ergo
1553 5297 1666 5348 haec
1687 5297 1859 5348 Patris

291 5395 376 5438 est
409 5385 683 5446 voluntas,
714 5384 832 5437 Filii
861 5400 990 5438 vero
1016 5400 1124 5438 non
1155 5385 1322 5438 item?
1355 5394 1663 5452 autprzeter
1689 5386 1857 5438 animi

291 5477 626 5530 voluntatem
656 5478 1017 5529 annuntiatur
1053 5486 1108 5530 et
1160 5477 1451 5531 creditur?
1483 5478 1615 5542 Quis
1671 5487 1852 5531 autent

1969 3219 2278 3273 necioncm.
2352 3216 2644 3284 Nunquam
2713 3217 2859 3268 enim
2929 3215 3063 3268 alias
3124 3213 3442 3269 addidisset.
3477 3221 3532 3266 et

1965 3327 2114 3379 quem
2139 3310 2326 3361 misisti
2355 3308 2532 3360 Jcsum
2559 3307 2847 3368 Christum,
2880 3307 2923 3359 si
2958 3306 3024 3358 ad
3047 3307 3197 3359 illum
3222 3307 3384 3360 verba
3414 3306 3529 3359 hare

1959 3401 2128 3454 solun:
2155 3417 2333 3452 verum
2391 3399 2690 3456 retulisset.
2741 3411 2797 3451 at
2856 3415 2964 3450 non
3014 3400 3082 3453 de
3137 3399 3424 3452 divinitate
3475 3398 3530 3450 in

1961 3506 2250 3544 commune
2292 3490 2506 3542 locutus
2534 3497 2698 3542 esset.
2733 3489 3004 3542 C.eterum
3032 3488 3196 3542 verba
3251 3490 3377 3542 illa:
3414 3487 3520 3540 Nec

1963 3598 2046 3633 mo
2081 3582 2267 3640 bonus,
2295 3583 2715 3648 occupationem
2743 3581 3048 3638 continent.
3075 3596 3181 3648 qua
3221 3581 3533 3649 legisperito

1962 3671 2179 3723 cuidam
2212 3670 2443 3722 tentauti
2478 3685 2534 3722 se
2576 3668 2831 3721 Christus
2864 3670 3128 3730 occurrit,
3150 3668 3368 3736 sibique
3392 3683 3532 3734 qua-

1964 3775 2122 3816 tenus
2159 3762 2324 3814 hotno
2379 3771 2525 3814 esset
2588 3760 2886 3814 bonitatem
2941 3760 3201 3814 tribuenti
3243 3775 3256 3811 :
3309 3757 3532 3812 Summe

1964 3854 2190 3913 bonum,
2227 3852 2424 3918 inquit,
2451 3850 2624 3902 solius
2651 3850 2743 3904 Dei
2773 3861 2878 3911 est,
2910 3851 3160 3918 quamvis
3188 3849 3290 3900 hoc
3314 3859 3536 3916 quoque

1965 3942 2184 3994 nomine
2219 3951 2508 3993 censeatur
2542 3941 2744 4002 homo;
2785 3941 2930 3992 unde
2960 3940 3094 3992 illud
3123 3955 3137 3993 :
3162 3939 3340 3991 Bonus
3380 3939 3532 3991 homo

1964 4051 2026 4087 ea:
2055 4035 2186 4086 bono
2208 4035 2452 4084 thesauro
2481 4033 2678 4099 profert
2725 4033 2918 4083 bonum
2951 4032 3014 4084 ³⁸.
3049 4030 3182 4084 Item
3214 4047 3226 4081 :
3267 4027 3415 4080 Dabo
3447 4043 3532 4079 re-

1961 4141 2122 4193 gnum
2153 4124 2284 4174 bono
2313 4137 2472 4188 super
2512 4128 2558 4171 te
2589 4121 2659 4173 ³⁵.
2696 4121 2868 4172 Verba
2897 4120 2987 4171 Dei
3035 4128 3164 4172 sunt
3197 4117 3261 4170 ad
3305 4117 3526 4170 Saulenl

1962 4215 2030 4266 de
2065 4213 2284 4265 Davidc.
2318 4212 2452 4263 Item
2483 4211 2654 4264 illud:
2690 4209 2939 4278 Beuefac,
2995 4209 3234 4272 Domine,
3271 4209 3417 4261 bonis
3461 4208 3531 4271 ",

1960 4315 2015 4358 et
2046 4315 2237 4357 Caetera
2272 4304 2321 4355 id
2347 4320 2521 4371 genus
2544 4318 2891 4371 quacunque
2932 4303 3190 4356 dicuntur
3217 4302 3284 4353 de
3318 4301 3384 4353 iis
3435 4299 3530 4366 qui

1962 4397 2105 4449 inter
2137 4413 2237 4448 nos
2259 4396 2514 4447 laudibus
2546 4395 2882 4456 etieruutur,
2919 4394 2972 4446 in
3014 4409 3152 4461 quos
3179 4393 3341 4460 primi
3401 4391 3528 4442 boni

1757 4497 1855 4534 nec
1890 4495 1931 4547 D
1960 4488 2220 4549 delluxio,
2257 4489 2338 4539 vel
2369 4491 2609 4540 secunda
2651 4487 2889 4548 ratione,
2924 4484 3214 4538 derivavit.
3266 4485 3452 4550 Itaque
3485 4485 3528 4534 si

1966 4579 2209 4650 persuasi
2240 4594 2455 4638 sumus,
2511 4579 2780 4646 optimum
2835 4587 2952 4630 est:
3007 4577 3091 4630 sin
3142 4576 3341 4632 minus.
3399 4573 3528 4640 quid

1965 4667 2323 4736 respondebis
2357 4668 2420 4720 iis
2455 4668 2545 4735 qui
2574 4677 2894 4734 argumenta
2949 4677 3038 4718 tua
3071 4663 3268 4727 secuti,
3328 4663 3526 4716 Filium

1965 4760 2138 4811 solum
2174 4758 2342 4810 Deum
2392 4757 2600 4810 dictum
2659 4772 2784 4810 esse
2841 4756 3126 4809 astrueut?
3197 4756 3526 4822 quibusnam

1965 4847 2181 4900 verbis?
2218 4848 2310 4900 His
2335 4865 2345 4899 :
2385 4848 2476 4898 Hic
2503 4855 2577 4898 est
2609 4847 2741 4899 Deus
2763 4856 2954 4907 uoster,
2976 4857 3024 4898 et
3055 4848 3101 4898 ei
3122 4863 3222 4898 non
3247 4861 3520 4914 compara-

1961 4942 2099 4992 bitur
2131 4940 2268 4992 atius
2289 4938 2350 4989 ³⁷.
2385 4939 2444 4988 Et
2472 4942 2631 5006 pauio
2664 4949 2787 5006 post
2820 4954 2834 4990 :
2885 4938 3004 4990 Post
3033 4947 3126 4989 hoc
3175 4939 3228 4988 in
3259 4938 3413 4988 terris
3448 4936 3526 4986 vi-

1959 5046 2047 5082 sus
2071 5037 2166 5089 est,
2189 5038 2238 5079 et
2266 5045 2383 5079 cum
2411 5031 2705 5080 hominibus
2733 5039 2972 5082 uersatus
3003 5030 3066 5080 ³⁸.
3103 5028 3182 5080 1ὺὶ
3228 5029 3372 5080 enim
3415 5042 3524 5079 non

1953 5119 2019 5170 de.
2047 5118 2206 5170 Patre
2239 5117 2332 5168 sed
2368 5117 2505 5170 Filio
2531 5119 2696 5170 verba
2732 5118 2869 5179 lieri,
2901 5134 2966 5171 ex
3015 5133 3082 5172 eo
3111 5116 3259 5186 quod
3299 5115 3523 5169 additur

1953 5210 2302 5278 perspicuum
2327 5219 2430 5261 est.
2460 5209 2506 5261 Is
2536 5211 2680 5261 enim
2711 5219 2794 5262 est
2824 5210 2915 5278 qui
2950 5225 3184 5276 corpore
3229 5209 3519 5261 nobiscum

1952 5308 2201 5353 versatus
2230 5309 2315 5351 est
2342 5299 2518 5366 iisque
2553 5302 2816 5363 convixit,
2849 5303 2941 5369 qui
2976 5303 3182 5369 degunt
3216 5301 3269 5352 in
3330 5301 3518 5354 terris.

1953 5391 2107 5457 Quod
2141 5391 2184 5442 si
2211 5391 2440 5443 evicerit
2473 5391 2576 5444 hoc
2608 5392 2675 5444 de
2707 5394 2866 5446 Patre
2898 5393 3031 5453 dici,
3070 5407 3179 5445 non
3217 5393 3281 5446 iis
3319 5391 3410 5460 qui
3444 5390 3521 5443 (lii

1954 5487 2274 5538 censentur,
2317 5475 2531 5528 Patrem
2566 5479 2851 5533 amisimus
2877 5479 2968 5549 [iis
3000 5479 3135 5547 ipsis
3194 5477 3393 5546 quibus
3429 5475 3520 5529 Fi-

440 5585 584 5638 Psal.
623 5600 736 5648 cut,
774 5588 826 5640 ι.
891 5589 956 5640 ,³³
1012 5587 1147 5640 Ibid.
1181 5587 1232 5642 5.
1393 5591 1439 5620 ⁸⁸
1467 5590 1601 5642 Ibid.
1628 5591 1718 5655 (ἐῢ,
1755 5591 1843 5644 '50.
1971 5591 2016 5622 “
2043 5590 2202 5643 .loan.
2228 5604 2300 5645 vr.
2360 5589 2446 5642 38.
2583 5593 2629 5624 "
2676 5593 2865 5646 Matth.
2910 5610 3052 5654 xxvi,
3087 5594 3174 5647 32.
3289 5593 3333 5624 "
3361 5592 3516 5645 Joan.

294 5671 375 5715 ιιι,
573 5655 623 5729 1'
645 5656 811 5729 _.|o_an.
845 5673 974 5729 xvu.
1005 5659 1057 5710 5.
1125 5657 1333 5729 ᾼ²⁹ῌ1ιιιε
1386 5674 1536 5721 xvm,
1576 5661 1657 5712 19.
1797 5663 1840 5692 ³¹⁹

1829 5668 1840 5688 ⁹
1893 5661 2048 5714 Rom.
2115 5658 2384 5729 “1.27.
2437 5728 2448 5729 ί
2524 5661 2564 5692 ³³
2616 5662 2633 5714 1
2697 5664 2838 5714 Τὶιη.
2903 5680 2939 5729 l,
3027 5666 3110 5715 17.
3213 5663 3256 5692 ³⁹
3315 5662 3515 5716 ITim.

293 5723 490 5798 χιι-16)
645 5725 661 5778 1
694 5727 832 5780 Titii.
871 5744 906 5790 ι,
942 5726 1025 5779 17.
1121 5727 1165 5758 ³⁵
1190 5726 1399 5780 Matttlt.
1465 5746 1555 5793 xu,
1600 5730 1685 5782 55.
1785 5730 1861 5784 ³⁸1

1853 5731 1869 5784 1
1908 5731 2040 5798 lleg.
2078 5746 2165 5793 xv,
2192 5727 2282 5780 28.
2361 5729 2404 5758 ³⁸
2430 5728 2567 5786 Psal.
2596 5747 2770 5794 cum,
2801 5734 2848 5786 4.
2927 5723 3002 5764 ’³⁷
3045 5731 3251 5786 Baruch
3301 5747 3378 5796 tu,
3403 5731 3494 5793 36.

297 5793 476 5841 ³⁸11ιὶιί

537 5793 626 5845 38.
