4288 6372
766 375 788 436 1
805 376 906 437 5.39

1990 372 2283 432 NlCET/E
2323 374 2726 433 CHONIATE

3852 369 3985 430 Ηιιι

758 495 894 548 lium
954 493 1121 548 tutari
1166 490 1598 563 contendimus].
1647 491 1789 557 Quid
1845 500 2030 547 autem
2089 489 2323 546 victoria
2357 495 2399 550 Α
2429 490 2656 545 alterius
2685 492 2993 561 cujus-piam
3040 506 3168 546 caro
3196 502 3333 554 erat,
3373 489 3467 543 sed
3503 490 3677 559 ipsius
3702 487 3892 544 Verbi.
3932 490 3993 541 L't

757 584 1069 656 hujusmodt
1108 584 1362 639 miserius
1398 593 1493 637 aut
1516 583 1841 637 damnosius
1862 597 1981 637 esse
2012 582 2217 652 queat?

1336 715 1487 770 CAP.
1518 711 1727 768 LXVII.

759 809 826 863 In
871 810 1003 862 illud
1054 824 1071 860 :
1130 825 1148 857 ‹
1185 806 1401 874 Semper
1454 808 1627 874 vivens
1653 807 1721 857 ad
1751 803 2190 869 interpellandum
2232 818 2325 873 pro

897 880 1062 931 nobis.
1104 896 1121 926 ι
1169 876 1249 929 Ex
1277 873 1456 928 eadem
1481 874 1536 929 S.
1574 873 2181 928 Nazianzenioratione.

826 992 916 1044 51.
958 990 1168 1042 Nouum
1222 991 1323 1042 hoc
1369 989 1611 1058 ohjicere
1661 976 1917 1056 poterunt
1952 1005 1964 1041 :
2002 986 2220 1057 Semper
2251 987 2329 1040 vi-

760 1097 881 1135 rens
911 1081 1438 1145 adintcrpellumlum
1468 1097 1559 1149 pro
1585 1081 1729 1132 nobis
1749 1079 1813 1134 ”.
1844 1079 2012 1132 Recte
2048 1094 2201 1138 sane,
2227 1091 2328 1130 nec

755 1172 877 1223 sine
936 1184 1131 1235 magno
1184 1168 1445 1237 mysterio
1480 1176 1643 1235 atque
1682 1167 2041 1219 humanitate.
2086 1165 2325 1221 Verbum

753 1263 904 1313 enim
940 1260 1281 1327 interpellare
1319 1275 1423 1311 non
1457 1269 1540 1312 est
1586 1260 1728 1327 quod
1765 1259 2011 1326 plerique
2042 1258 2223 1311 solent
2258 1256 2325 1309 ad

752 1350 1081 1416 supplicium
1110 1350 1442 1418 deposcere;
1478 1350 1580 1401 hoc
1613 1350 1756 1400 enim
1784 1349 1864 1400 vel
1893 1348 2325 1415 abjeclissimum

753 1448 839 1491 est
867 1455 879 1507 ;
915 1440 1010 1491 sed
1044 1439 1386 1491 intercedere
1425 1453 1522 1505 pro
1569 1438 1726 1489 nobis
1766 1452 1864 1504 pro
1894 1438 2182 1506 legationis
2211 1454 2329 1491 mu-

757 1542 911 1588 nere,
971 1539 1029 1581 ut
1082 1528 1321 1595 Spiritus
1364 1542 1583 1595 quoque
1619 1542 1716 1595 pro
1765 1527 1925 1581 nobis
1978 1528 2328 1595 interpellare

758 1617 963 1669 dicitur
997 1633 1009 1669 :
1045 1617 1183 1669 L'uus
1209 1618 1348 1669 enim
1392 1617 1552 1678 Deus,
1581 1634 1711 1669 unus
1764 1627 1812 1669 et
1857 1618 2118 1669 mediator
2154 1617 2250 1671 Dei
2280 1627 2329 1670 et

759 1710 1047 1769 hominum,
1098 1711 1249 1761 homo
1292 1708 1444 1762 Iesus
1488 1709 1722 1763 Christus
1740 1709 1807 1761 ³⁸.
1857 1707 2153 1762 lntercedit
2182 1708 2328 1761 enim

2426 583 2891 649 quemadmodum
2943 598 3070 636 eum
3127 597 3292 636 carne
3338 596 3561 650 passum
3592 595 3713 635 esse
3740 580 3996 641 dicimus,

2427 673 2677 740 quamvis
2706 673 2819 726 sola
2854 688 2983 727 caro
3031 689 3185 743 passa
3238 678 3328 733 sit.
3387 672 3835 742 quandoquidem
3867 671 3995 724 licet

2427 777 2536 814 non
2572 777 2763 831 passus
2801 764 2871 816 sit
2910 776 3183 832 quatenus
3217 764 3363 817 Deus
3402 772 3543 827 erat,
3572 777 3774 829 corpus
3812 770 3997 815 tamen

2428 853 2548 923 ejus
2575 856 2853 923 proprium
2884 870 3102 924 passum
3135 865 3219 909 est
3248 872 3262 909 :
3303 856 3374 909 ita
3404 857 3569 909 etiam
3615 853 3883 922 proﬁcere
3915 853 3999 905 di-

2428 956 2611 1007 catur.
2648 947 2855 1000 nullum
2890 961 3163 1015 quatenus
3190 949 3335 1001 Deus
3360 947 3668 1016 percipiens
3689 946 3991 999 incremen-

2431 1046 2567 1100 tum,
2602 1037 2935 1091 hocidcirco
2973 1040 3199 1104 dicitur,
3236 1039 3364 1107 quia
3391 1039 3447 1092 in
3480 1042 3599 1107 ipso
3625 1036 3844 1107 propria
3881 1037 4002 1103 ejus

2431 1143 2561 1181 caro
2588 1127 2931 1197 proﬁciebat.

2860 1240 2915 1295 S.
2952 1240 3175 1295 Joannis
3216 1241 3553 1294 Damasretti.

2505 1353 2598 1407 55.
2637 1354 2939 1421 Sapientia.
2992 1363 3048 1407 et
3100 1364 3281 1415 aetate,
3323 1364 3373 1405 ct
3405 1354 3575 1422 gratia
3618 1351 3883 1420 prolicere
3916 1358 3999 1400 tlt-

2429 1446 2615 1498 citur:
2671 1453 2827 1498 :etatc
2876 1445 3096 1513 quidem
3148 1460 3429 1501 crescens.
3468 1444 3758 1510 mutisque
3809 1444 4003 1493 tuere--

2430 1543 2615 1587 mento
2636 1535 2963 1602 sapientiam
2989 1536 3091 1588 sibi
3118 1536 3334 1588 insitam
3364 1536 3415 1586 in
3440 1546 3690 1601 apertum
3713 1546 3998 1587 exercens.

2429 1624 2618 1677 adhaac
2649 1624 2930 1676 hominum
2967 1623 3021 1676 in
3052 1623 3319 1692 sapientia
3344 1632 3399 1677 et
3427 1623 3601 1691 gratia
3628 1635 3998 1690 progressum,

2430 1725 2782 1782 paternzeque
2808 1713 3218 1781 approbationis
3260 1712 3677 1780 perfectionem.
3730 1714 3845 1765 sive
3902 1711 4002 1763 ho-

764 1800 1066 1851 etiamnum
1124 1810 1181 1851 ut
1234 1799 1396 1853 homo
1450 1816 1549 1867 pro
1578 1814 1694 1852 mea
1725 1800 1939 1864 salute;
1969 1814 2095 1851 nam
2130 1814 2330 1868 corpus
2364 1824 2403 1877 Β
2435 1804 2643 1855 miuum
2694 1802 2761 1855 de
2798 1801 2964 1855 rebus
3012 1801 3216 1854 divinis
3255 1801 3621 1868 cognitionem
3654 1809 3709 1851 et
3745 1798 4001 1857 salutem,

761 1891 968 1953 habet,
1016 1893 1159 1960 quod
1214 1894 1532 1960 assumpsit,
1581 1893 1758 1946 donec
1801 1902 2097 1961 assumpta:
2141 1892 2325 1946 carnis

762 1984 1002 2051 potentia
1050 1985 1217 2037 Deum
1269 2000 1353 2037 me
1400 1986 1564 2039 faciat
1602 2003 1614 2038 :
1662 1986 1913 2054 quamvis
1946 2000 2058 2040 nou
2094 1985 2329 2054 amplius

759 2075 1059 2127 secundum
1088 2091 1307 2128 carnem
1345 2086 1727 2145 cognoscatur,
1767 2075 2043 2137 carnales,
2077 2076 2323 2145 inquam,

761 2166 1099 2226 aﬂ'cctiones,
1146 2176 1201 2220 ct
1242 2183 1305 2220 ea
1342 2168 1545 2236 quibus
1573 2168 1794 2221 obnoxii
1838 2182 2055 2231 sumus,
2099 2166 2324 2238 dempto

762 2268 1008 2326 peccato.
1051 2258 1140 2312 Sic
1169 2258 1354 2311 Jesum
1386 2274 1603 2326 quoque
1652 2258 2017 2319 Paraclctum,
2068 2259 2174 2311 hoc
2220 2267 2325 2322 est,

763 2350 1111 2411 advocatum,
1142 2349 1410 2403 habemus
1457 2364 1565 2401 non
1602 2351 1747 2416 quod
1777 2364 1878 2417 pro
1932 2348 2089 2403 nobis
2137 2350 2326 2403 servili

766 2457 913 2494 more
937 2441 1003 2493 ad
1044 2440 1218 2495 Patris
1254 2441 1419 2509 pedes
1449 2442 1793 2501 advolvatur,
1828 2450 1885 2495 et
1913 2442 1966 2495 in
1999 2457 2175 2511 genua
2205 2458 2328 2511 pro-

765 2530 1002 2584 cumbat.
1040 2530 1195 2582 Absit
1248 2531 1362 2582 hate
1401 2545 1527 2582 vere
1586 2528 1818 2590 servilis,
1882 2526 2199 2596 Spirituque
2246 2528 2332 2581 in-

765 2620 926 2687 digna
958 2619 1231 2687 Cogitatio.
1258 2619 1367 2673 Nec
1396 2620 1541 2673 enim
1577 2618 1751 2671 l'atris
1782 2627 1866 2671 est
1896 2618 2001 2670 hoc
2030 2617 2328 2686 postulare,

768 2728 866 2763 l‘t‘t'
894 2710 1011 2763 Filii
1046 2722 1325 2778 priestare,
1381 2727 1480 2764 nec
1513 2710 1821 2779 quempiam
1858 2709 1910 2762 id
1947 2710 2015 2763 de
2046 2710 2156 2763 Deo
2182 2710 2331 2777 cogi-

771 2812 883 2855 tare
939 2818 1032 2869 par
1088 2813 1192 2854 est.
1236 2802 1306 2855 lis
1342 2816 1470 2855 vero
1519 2817 1639 2870 quze
1696 2817 1795 2870 pro
1847 2801 2008 2855 nobis
2055 2810 2114 2855 ut
2165 2802 2329 2854 homo

770 2906 963 2961 passus
1008 2901 1111 2952 cst,
1162 2907 1263 2944 nos
1311 2892 1634 2944 cohortatur
1676 2901 1931 2959 tanquam
1988 2890 2223 2945 Verbqu
2274 2902 2331 2944 ct

768 2987 1101 3047 admonitor,
1150 2997 1209 3039 ut
1262 2986 1386 3039 torti
1444 2986 1625 3039 animo
1678 2987 1868 3039 simus.
1913 2985 2114 3039 Eodem
2166 3001 2329 3039 sensu

771 3080 904 3131 mihi
939 3078 1107 3131 dictio
1141 3079 1454 3147 paraclesis,
1503 3078 1605 3131 hoc
1646 3088 1751 3140 est,
1800 3077 2133 3141 exhortatio,
2180 3078 2329 3132 acci-

770 3168 971 3238 picuda
1002 3169 1237 3223 videtur.

1338 3298 1489 3353 CAP.
1523 3298 1756 3355 LXVIII.

768 3392 852 3445 Ex
879 3390 936 3445 S.
977 3392 1164 3461 Cyrilli
1215 3394 1419 3462 scriptis
1464 3394 1526 3452 de
1570 3408 1845 3462 progressu
1889 3408 1983 3446 seu
2014 3394 2333 3446 incremento

1449 3462 1666 3518 Christi.

842 3576 928 3628 52.
962 3575 1113 3641 Quod
1147 3578 1199 3630 in
1236 3576 1420 3646 aliquo
1458 3578 1696 3646 proﬁcit,
1731 3577 2010 3633 diversum
2044 3576 2112 3630 ab
2140 3577 2226 3630 co‘
2252 3583 2337 3629 est

783 3667 835 3719 in
869 3682 978 3734 quo
1006 3670 1270 3735 prolicere
1305 3670 1528 3722 dicitur.
1566 3669 1621 3723 Si
1656 3684 1787 3739 ergo
1815 3670 1868 3722 in
1912 3667 2178 3737 sapientia
2211 3680 2339 3735 pro-

775 3763 939 3814 ticcre
973 3760 1153 3813 dictus
1178 3772 1261 3813 est
1295 3761 1545 3815 Christus
1561 3760 1630 3822 “,
1662 3777 1769 3814 non
1801 3760 2069 3829 sapientia
2098 3767 2184 3812 est
2217 3772 2338 3826 qua:

773 3851 1121 3919 proﬁciebat.
1172 3850 1265 3904 sed
1318 3852 1553 3904 humana
1611 3867 1772 3919 quam
1827 3849 2201 3918 praetendebat
2252 3847 2339 3900 ille

724 3954 736 3969 ‘
773 3953 990 3995 statura.
1023 3941 1156 3995 Cutn
1185 3944 1327 3994 enim
1362 3943 1622 3995 divinitas
1656 3943 1708 3995 in
1739 3957 1806 3996 eo
1836 3941 2087 4011 quotidie
2119 3940 2337 3993 revela-

776 4046 928 4087 :ctur
970 4045 1021 4087 et
1062 4036 1421 4096 clttcesceret,
1462 4050 1677 4103 semper
1723 4034 2082 4087 admiratione
2123 4032 2342 4100 dignior

771 4124 1147 4181 succtantibus
1169 4125 1453 4179 evadebat.
1485 4125 1660 4191 Atque
1694 4125 1783 4177 hic
1810 4139 2006 4177 sensus
2034 4132 2118 4177 est
2143 4123 2339 4177 horutn

772 4215 1092 4279 verborum,
1115 4216 1442 4269 l’roﬁciebat
1472 4216 1524 4268 in
1563 4214 1850 4283 sapientia.

1271 4328 1525 4395 Ejusdem
1553 4327 1611 4381 S.
1640 4326 1833 4396 Cyrilli

846 4439 933 4491 55.
979 4438 1299 4491 Humanitas
1343 4439 1446 4492 hoc
1481 4441 1642 4492 modo
1683 4439 1737 4491 in
1776 4436 2048 4505 sapientia
2085 4435 2337 4505 proﬁcie-

774 4529 888 4582 bat.
916 4529 1050 4581 Cum
1081 4529 1379 4597 Sapientia,
1419 4530 1521 4582 hoc
1548 4538 1631 4583 est
1662 4528 1755 4582 Dci
1788 4529 2046 4587 Verbum.
2080 4538 2330 4581 naturam

771 4622 1045 4674 induisset
1074 4621 1389 4678 humanam.
1425 4621 1578 4673 factis
1609 4630 1663 4673 et
1691 4619 2029 4673 admirandis
2069 4619 2333 4687 operibus

776 4712 1036 4779 templum
1074 4728 1103 4764 a
1139 4729 1195 4765 se
1242 4721 1579 4780 assumptum
1617 4710 1791 4762 oculis
1824 4707 2156 4761 intuentium
2192 4706 2335 4759 divi-

776 4818 907 4855 num
965 4804 1255 4864 exhibens,
1304 4804 1477 4870 ipsum
1532 4799 1797 4869 proiicere
1851 4798 2107 4851 faciebat.
2162 4798 2339 4866 Atque

776 4894 883 4947 hoc
910 4902 1068 4962 pacto
1101 4894 1415 4945 humanitas
1447 4892 1500 4945 in
1542 4890 1809 4959 sapientia
1838 4888 2182 4958 proficiebat,
2216 4904 2339 4942 cum

776 5001 875 5054 per
902 5000 1021 5039 eam
1048 4984 1231 5037 divina
1262 4985 1438 5039 ticret.

1273 5096 1523 5164 Ejusdem
1549 5095 1607 5151 S.
1641 5094 1845 5166 Cyrilli.

848 5209 935 5261 54.
986 5206 1444 5277 Quandoquidem
1496 5207 1762 5275 proiicere
1822 5204 2107 5273 proprium
2154 5205 2344 5259 carnis

774 5310 885 5361 cst,
936 5298 1190 5353 Christus
1258 5302 1524 5369 prolicere
1575 5300 1799 5357 dicitur,
1857 5307 1918 5350 ut
1979 5312 2043 5351 ea
2099 5297 2346 5362 indutus,

776 5392 1009 5461 ejusque
1037 5391 1358 5445 atl‘eetiones
1391 5390 1497 5443 sibi
1530 5389 1968 5444 accommodans.
2033 5386 2143 5441 Nec
2199 5389 2341 5441 cnim

835 5532 876 5561 ³⁵
903 5531 1067 5587 Hebr.
1105 5548 1198 5596 vn,
1230 5533 1318 5587 25.
1398 5533 1443 5563 ‘°
1476 5532 1660 5586 lTim.
1694 5548 1754 5596 tt,
1791 5530 1842 5584 5.
1920 5529 1962 5560 ⁸¹
1991 5529 2089 5583 Lm
2111 5567 2124 5581 .
2163 5545 2225 5592 tt,
2254 5529 2341 5581 δί.

2433 1894 2713 1963 proprium
2774 1896 3077 1961 profectum
3133 1892 3377 1953 faciens,
3438 1890 3652 1957 sibique
3704 1890 3849 1955 quod
3905 1904 4005 1941 no-

2433 1994 2607 2038 strum
2655 1991 2737 2037 est
2784 1984 2943 2052 plane
2983 1982 3422 2036 accmntuodaus.
3470 1980 3739 2033 Cancrum
3768 1980 3859 2048 qui
3917 1994 4007 2031 sa-

2435 2077 2638 2145 pientia
2684 2088 2738 2130 et
2784 2080 2957 2144 gratia
2998 2077 3175 2144 ipsqu
3215 2075 3291 2127 ita
3352 2073 3650 2141 profecisse
3689 2073 3899 2131 dicunt.
3942 2083 3999 2124 ut

2436 2167 2541 2220 hoc
2573 2168 2722 2221 velut
2760 2168 3063 2220 auetarium
3096 2164 3393 2233 acceperit,
3437 2164 3469 2216 ii
3504 2179 3764 2216 vesanum
3829 2162 4003 2215 secuti

2436 2259 2751 2313 Nestorium
2779 2260 3074 2313 scheticam
3104 2274 3200 2311 seu
3227 2256 3507 2309 relativum
3531 2255 4002 2323 conjunctionem,

2435 2350 2748 2419 nudamque
2778 2348 3227 2403 inhabitationcm
3267 2345 3783 2405 comminiscuntur,
3815 2358 3914 2397 nec
3942 2357 4005 2395 ca

2434 2460 2558 2512 qua:
2608 2443 2800 2497 dicunt
2835 2450 3220 2508 agnoscentes,
3256 2455 3359 2493 nec
3389 2452 3450 2491 ea
3484 2453 3605 2504 qum
3656 2443 3995 2488 asseverant.

2438 2536 2494 2588 Si
2524 2537 2669 2589 enim
2699 2549 2828 2588 caro
2861 2533 3037 2587 Verbo
3067 2546 3195 2584 vere
3232 2533 3523 2600 conjuncta
3575 2538 3679 2585 est.
3716 2543 3840 2581 cum
3884 2525 4001 2594 pri-

2437 2642 2584 2682 mum
2617 2641 2737 2680 esse
2763 2626 2928 2694 cmpit
2960 2624 3041 2676 νει
3074 2623 3252 2691 potius
3284 2622 3338 2674 in
3374 2621 3490 2687 ipso
3520 2618 3793 2680 substitit,
3827 2618 4004 2685 hypo-

2436 2720 2794 2787 staticamque
2825 2733 2919 2771 seu
2958 2714 3294 2784 personalem
3334 2727 3458 2767 cum
3490 2711 3611 2779 ipso
3648 2708 4004 2763 idcntitatem

2435 2811 2626 2876 subiit,
2674 2810 2807 2878 quid
2857 2808 3037 2861 obstat
3075 2806 3369 2869 quominus
3422 2803 3641 2858 cunctis
3690 2801 3997 2870 sapientim.

2437 2904 2734 2974 gratiaeque
2762 2899 3036 2954 thesauris
3058 2908 3319 2952 exornata
3353 2896 3515 2952 fuerit
3542 2897 3563 2949 ?

3022 3034 3172 3088 CAP.
3212 3031 3401 3087 LXIX.

2355 3171 2398 3228 ο
2438 3151 2506 3206 Et
2532 3153 2657 3209 ha'e.
2697 3146 3045 3228 superioribus
3084 3147 3149 3228 .in
3185 3147 3565 3228 Ignonueo'rum
3596 3144 4004 3224 confutationem

2504 3213 2825 3273 adnectendo
2872 3226 3033 3270 sunt:
3063 3216 3144 3268 An
3176 3213 3373 3267 Filium
3423 3214 3589 3267 Pater
3643 3217 3999 3273 exsistentem,

2506 3306 2667 3343 necne
2687 3290 2949 3358 genuerit.

2503 3400 2845 3470 Ohjicicbant
2887 3398 3140 3453 Anomcei
3190 3399 3615 3467 sophisticarum
3666 3397 4002 3463 argutiarum

2438 3493 2625 3562 potius
2651 3508 2811 3559 quam
2852 3491 3138 3559 theologia:
3177 3491 3336 3559 periti
3369 3509 3381 3543 :
3418 3491 3853 3543 Exsistentemne
3902 3488 4003 3540 Pa—

2437 3593 2519 3637 ter
2544 3583 2737 3637 Filium
2763 3623 2777 3646 ,
2839 3598 3020 3635 annon
3052 3585 3404 3637 cxsistentem
3451 3581 3678 3651 genuit?
3712 3597 3911 3651 easque
3951 3584 4003 3634 in

2438 3675 2719 3741 angustias
2753 3673 2902 3742 pium
2938 3687 3210 3741 quemque
3233 3674 3408 3726 virum
3442 3674 3765 3742 conjiciunt.
3791 3682 3848 3725 ut
3873 3672 4004 3739 quid

2443 3781 2812 3835 responsurus
2838 3766 2934 3828 sit,
2975 3767 3209 3834 ignoret.
3252 3765 3385 3819 Nam
3434 3766 3477 3819 si
3520 3766 3870 3820 exsistentem
3909 3780 4003 3833 ge-

2440 3859 2624 3912 nuisse
2681 3860 3027 3926 respondeat,
3078 3858 3155 3910 illi
3205 3858 3309 3911 hoc
3367 3872 3690 3925 responsum
3734 3857 4008 3909 cachinno

2440 3950 2715 4017 excipient
2741 3958 2795 4003 ct
2828 3949 3170 4018 replicabunt
3197 3964 3211 4003 :
3249 3948 3357 4013 Qui
3388 3964 3517 4001 vero
3552 3947 3669 4000 ﬁeri
3712 3956 3907 4015 potest.
3949 3957 4008 3997 ut

2443 4041 2489 4093 is
2538 4050 2819 4103 nascatur,
2880 4039 2974 4107 qui
3027 4040 3149 4093 est?
3205 4038 3308 4093 hoc
3354 4039 3499 4092 enim
3550 4038 3848 4091 absurdum
3900 4048 4005 4090 est.

2440 4129 2592 4195 Quod
2626 4130 2669 4183 si
2705 4130 3054 4183 cxsistentem
3086 4130 3433 4197 negaverint,
3470 4129 3788 4197 subjicient.
3821 4129 4007 4195 itaque

2444 4221 2702 4281 iul‘erent.
2775 4234 3063 4286 superesse
3111 4228 3171 4272 ut
3217 4220 3381 4273 fuerit
3408 4228 3648 4285 tempus,
3693 4233 3803 4287 quo
3836 4214 4008 4271 Filius

2444 4326 2553 4363 non
2600 4309 2787 4363 fuerit.
2821 4312 2993 4374 Quam
3052 4308 3272 4377 quidem
3324 4309 3615 4379 syllogismi
3650 4319 4005 4377 argumenta-

2448 4399 2681 4453 tionisve
2714 4398 3005 4453 formulam
3034 4415 3142 4453 non
3171 4414 3356 4451 veram
3403 4412 3522 4452 esse
3572 4410 4013 4453 commonstrans

2365 4494 2416 4553 D
2443 4504 2671 4557 magnus
2703 4490 2791 4542 ille
2826 4490 2991 4543 rebus
3036 4491 3090 4543 in
3121 4490 3444 4558 theologicis
3472 4489 3771 4559 Gregorius
3811 4492 4011 4544 simiiia

2445 4580 2714 4633 similibus
2738 4579 2986 4634 confutat
3020 4580 3123 4634 hoc
3151 4581 3336 4636 modo.

2520 4670 2684 4724 Estne
2708 4680 2921 4739 tempus
2944 4673 2996 4724 in
3021 4682 3288 4738 tempore,
3312 4673 3519 4726 necne?
3540 4672 3709 4725 Porro
3728 4671 4008 4725 sciendum

2448 4773 2528 4816 est
2564 4762 2708 4830 quod
2734 4764 2799 4816 de
2827 4774 3069 4825 tempore
3092 4764 3447 4831 interrogare.
3472 4773 3653 4816 tttrnm
3685 4765 3736 4815 in
3768 4772 4011 4828 tempore

2449 4852 2539 4920 sit,
2569 4868 2635 4905 an
2670 4869 2799 4913 non,
2848 4869 3035 4906 eorum
3061 4870 3166 4905 non
3197 4864 3277 4906 est
3302 4868 3423 4921 quze
3459 4853 3574 4905 tteri
3598 4863 3845 4921 possunt.
3874 4866 3977 4903 tem
4005 4882 4012 4887 -

2452 4958 2553 5009 ptts
2574 4944 2719 4996 enim
2743 4942 2810 4996 iis
2826 4958 2946 5011 quae
2962 4952 3089 4996 sunt
3106 4943 3528 5011 haudquaquam
3554 4954 3894 4999 accensetur.
3916 4942 4011 4993 sed

2446 5029 2518 5084 iis
2566 5047 2688 5100 quae
2734 5032 3011 5085 accidunt.
3048 5032 3519 5097 Quemadmodum
3571 5034 3715 5085 enim
3752 5033 4010 5083 nzotusin

2450 5122 2771 5189 corporibus
2799 5122 3022 5185 dicitur,
3048 5124 3126 5176 sic
3175 5133 3386 5191 tempus
3419 5139 3671 5175 mensura
3706 5133 3884 5174 motus
3904 5132 4009 5175 est.

2453 5212 2587 5265 Nam
2628 5213 2707 5265 sol
2734 5228 2935 5281 corpus
2961 5222 3045 5266 est
3074 5214 3219 5282 quod
3247 5224 3497 5266 movetur
3525 5233 3536 5266 :
3582 5224 3795 5280 tempus
3826 5222 4006 5265 autem

2457 5316 2707 5354 mensura
2732 5314 2911 5356 motus
2940 5304 3078 5372 ejus.
3109 5303 3293 5372 Itaque
3320 5314 3534 5371 tempus
3571 5316 3758 5355 eorum
3791 5317 3899 5355 non
3925 5312 4009 5355 est

2451 5406 2573 5460 qua:
2620 5393 2945 5457 subsistunt,
2998 5396 3090 5447 sed
3127 5409 3247 5463 qtne
3288 5394 3700 5463 subsequuntur
3727 5393 3863 5461 (7|).

855 5674 967 5748 (τι)
1003 5676 1161 5731 Hunc
1198 5674 1401 5731 nodum
1454 5677 1681 5745 pulchre
1728 5676 1979 5730 dissolvit
2048 5672 2384 5727 Tlicmistins
2425 5674 2617 5731 l‘lctho
2677 5675 2801 5731 libri
2872 5679 3240 5748 posteriorum
3308 5677 3553 5733 Platonis
3628 5676 4007 5734 defensionum

782 5745 967 5815 [‘ritni.
995 5764 1041 5799 ιτ.
1066 5748 1115 5799 1.
