  <div class='ocr_page' id='page_1' title='image "/cluster/home/n/w/nwhite01/storage/ocr_20150623/139/nnc1.0046979840/738.png"; bbox 0 0 4288 6372; ppageno 0'>
   <div class='ocr_carea' id='block_1_1' title="bbox 274 408 407 476">
    <p class='ocr_par' dir='ltr' id='par_1_1' title="bbox 274 408 407 476">
     <span class='ocr_line' id='line_1_1' title="bbox 274 408 407 476; baseline -0.03 0"><span class='ocrx_word' id='word_1_1' title='bbox 274 408 407 476; x_wconf 62' lang='lat' dir='ltr'><strong>illi</strong></span> 
     </span>
    </p>
   </div>
   <div class='ocr_carea' id='block_1_2' title="bbox 1535 379 2218 443">
    <p class='ocr_par' dir='ltr' id='par_1_2' title="bbox 1535 379 2218 443">
     <span class='ocr_line' id='line_1_2' title="bbox 1535 379 2218 443; baseline -0.015 1"><span class='ocrx_word' id='word_1_2' title='bbox 1535 379 1931 443; x_wconf 64' lang='lat' dir='ltr'><strong>TllESAU-Rl</strong></span> <span class='ocrx_word' id='word_1_3' title='bbox 1966 379 2116 437; x_wconf 69' lang='grc' dir='ltr'><strong>ΜΒ.</strong></span> <span class='ocrx_word' id='word_1_4' title='bbox 2158 380 2218 435; x_wconf 66' lang='lat' dir='ltr'><strong>t&#39;.</strong></span> 
     </span>
    </p>
   </div>
   <div class='ocr_carea' id='block_1_3' title="bbox 3374 360 3513 423">
    <p class='ocr_par' dir='ltr' id='par_1_3' title="bbox 3374 360 3513 423">
     <span class='ocr_line' id='line_1_3' title="bbox 3374 360 3513 423; baseline 0 -1"><span class='ocrx_word' id='word_1_5' title='bbox 3374 360 3513 423; x_wconf 69' lang='grc'>1442</span> 
     </span>
    </p>
   </div>
   <div class='ocr_carea' id='block_1_4' title="bbox 345 471 3515 577">
    <p class='ocr_par' dir='ltr' id='par_1_4' title="bbox 345 471 3515 577">
     <span class='ocr_line' id='line_1_4' title="bbox 345 471 3515 577; baseline -0.016 -5"><span class='ocrx_word' id='word_1_6' title='bbox 345 523 617 577; x_wconf 62' lang='lat' dir='ltr'><strong>(laterum</strong></span> <span class='ocrx_word' id='word_1_7' title='bbox 663 506 1017 566; x_wconf 86' lang='lat' dir='ltr'><strong>admirandus</strong></span> <span class='ocrx_word' id='word_1_8' title='bbox 1047 497 1373 559; x_wconf 83' lang='lat' dir='ltr'><strong>Aristoteles</strong></span> <span class='ocrx_word' id='word_1_9' title='bbox 1400 498 1604 549; x_wconf 88' lang='lat' dir='ltr'><strong>veteris</strong></span> <span class='ocrx_word' id='word_1_10' title='bbox 1643 494 1840 547; x_wconf 83' lang='lat' dir='ltr'><strong>adver-</strong></span> <span class='ocrx_word' id='word_1_11' title='bbox 1872 499 1914 549; x_wconf 74' lang='grc' dir='ltr'>Α</span> <span class='ocrx_word' id='word_1_12' title='bbox 1949 487 2179 541; x_wconf 79' lang='lat' dir='ltr'><strong>Mentior</strong></span> <span class='ocrx_word' id='word_1_13' title='bbox 2205 483 2446 546; x_wconf 73' lang='lat' dir='ltr'><strong>dixerit;</strong></span> <span class='ocrx_word' id='word_1_14' title='bbox 2484 482 2599 535; x_wconf 74' lang='lat' dir='ltr'><strong>lucc</strong></span> <span class='ocrx_word' id='word_1_15' title='bbox 2649 490 2730 532; x_wconf 78' lang='lat' dir='ltr'><strong>cst</strong></span> <span class='ocrx_word' id='word_1_16' title='bbox 2786 474 3130 531; x_wconf 70' lang='lat' dir='ltr'><strong>aftizmativa.</strong></span> <span class='ocrx_word' id='word_1_17' title='bbox 3191 471 3359 538; x_wconf 72' lang='lat' dir='ltr'><strong>Atqui</strong></span> <span class='ocrx_word' id='word_1_18' title='bbox 3415 486 3515 524; x_wconf 88' lang='lat' dir='ltr'><strong>nec</strong></span> 
     </span>
    </p>
   </div>
   <div class='ocr_carea' id='block_1_5' title="bbox 270 583 1837 671">
    <p class='ocr_par' dir='ltr' id='par_1_5' title="bbox 270 583 1837 671">
     <span class='ocr_line' id='line_1_5' title="bbox 270 583 1837 671; baseline -0.027 -2"><span class='ocrx_word' id='word_1_19' title='bbox 270 612 453 671; x_wconf 82' lang='lat' dir='ltr'><strong>sarius</strong></span> <span class='ocrx_word' id='word_1_20' title='bbox 470 602 798 662; x_wconf 61' lang='lat' dir='ltr'><strong>Academiae,</strong></span> <span class='ocrx_word' id='word_1_21' title='bbox 823 593 1255 666; x_wconf 73' lang='lat' dir='ltr'><strong>prmceptorique</strong></span> <span class='ocrx_word' id='word_1_22' title='bbox 1272 586 1483 641; x_wconf 88' lang='lat' dir='ltr'><strong>Platoni</strong></span> <span class='ocrx_word' id='word_1_23' title='bbox 1505 583 1837 643; x_wconf 69' lang='lat' dir='ltr'><strong>contrarius,</strong></span> 
     </span>
    </p>
   </div>
   <div class='ocr_carea' id='block_1_6' title="bbox 274 673 1839 759">
    <p class='ocr_par' dir='ltr' id='par_1_6' title="bbox 274 673 1839 759">
     <span class='ocr_line' id='line_1_6' title="bbox 274 673 1839 759; baseline -0.022 -1"><span class='ocrx_word' id='word_1_24' title='bbox 274 703 473 759; x_wconf 68' lang='lat' dir='ltr'><strong>coelum</strong></span> <span class='ocrx_word' id='word_1_25' title='bbox 532 699 733 751; x_wconf 87' lang='lat' dir='ltr'><strong>tactum</strong></span> <span class='ocrx_word' id='word_1_26' title='bbox 783 704 927 751; x_wconf 88' lang='lat' dir='ltr'><strong>esse,</strong></span> <span class='ocrx_word' id='word_1_27' title='bbox 986 696 1150 754; x_wconf 90' lang='lat' dir='ltr'><strong>atque</strong></span> <span class='ocrx_word' id='word_1_28' title='bbox 1200 697 1231 735; x_wconf 91' lang='lat' dir='ltr'><strong>a</strong></span> <span class='ocrx_word' id='word_1_29' title='bbox 1278 678 1517 749; x_wconf 91' lang='lat' dir='ltr'><strong>quodam</strong></span> <span class='ocrx_word' id='word_1_30' title='bbox 1554 673 1839 743; x_wconf 87' lang='lat' dir='ltr'><strong>temporali</strong></span> 
     </span>
    </p>
   </div>
   <div class='ocr_carea' id='block_1_7' title="bbox 274 770 1841 863">
    <p class='ocr_par' dir='ltr' id='par_1_7' title="bbox 274 770 1841 863">
     <span class='ocr_line' id='line_1_7' title="bbox 274 770 1841 863; baseline -0.022 -14"><span class='ocrx_word' id='word_1_31' title='bbox 274 798 430 863; x_wconf 88' lang='lat' dir='ltr'><strong>signo</strong></span> <span class='ocrx_word' id='word_1_32' title='bbox 456 785 874 846; x_wconf 84' lang='lat' dir='ltr'><strong>conversionem</strong></span> <span class='ocrx_word' id='word_1_33' title='bbox 912 776 1278 834; x_wconf 83' lang='lat' dir='ltr'><strong>orbicularem</strong></span> <span class='ocrx_word' id='word_1_34' title='bbox 1310 770 1566 838; x_wconf 79' lang='lat' dir='ltr'><strong>coepisse,</strong></span> <span class='ocrx_word' id='word_1_35' title='bbox 1616 776 1672 819; x_wconf 88' lang='lat' dir='ltr'><strong>at</strong></span> <span class='ocrx_word' id='word_1_36' title='bbox 1718 780 1841 816; x_wconf 73' lang='lat' dir='ltr'><strong>rum</strong></span> 
     </span>
    </p>
   </div>
   <div class='ocr_carea' id='block_1_8' title="bbox 278 854 1844 955">
    <p class='ocr_par' dir='ltr' id='par_1_8' title="bbox 278 854 1844 955">
     <span class='ocr_line' id='line_1_8' title="bbox 278 854 1844 955; baseline -0.019 -21"><span class='ocrx_word' id='word_1_37' title='bbox 278 854 398 955; x_wconf 65' lang='lat' dir='ltr'><strong>ipso</strong></span> <span class='ocrx_word' id='word_1_38' title='bbox 429 893 643 949; x_wconf 88' lang='lat' dir='ltr'><strong>tempus</strong></span> <span class='ocrx_word' id='word_1_39' title='bbox 669 887 891 944; x_wconf 91' lang='lat' dir='ltr'><strong>quoque</strong></span> <span class='ocrx_word' id='word_1_40' title='bbox 941 884 1047 923; x_wconf 89' lang='lat' dir='ltr'><strong>una</strong></span> <span class='ocrx_word' id='word_1_41' title='bbox 1095 863 1405 919; x_wconf 87' lang='lat' dir='ltr'><strong>substitisse</strong></span> <span class='ocrx_word' id='word_1_42' title='bbox 1448 859 1676 920; x_wconf 87' lang='lat' dir='ltr'><strong>dicenti,</strong></span> <span class='ocrx_word' id='word_1_43' title='bbox 1728 854 1844 923; x_wconf 86' lang='lat' dir='ltr'><strong>ipse</strong></span> 
     </span>
    </p>
   </div>
   <div class='ocr_carea' id='block_1_9' title="bbox 282 948 1842 1038">
    <p class='ocr_par' dir='ltr' id='par_1_9' title="bbox 282 948 1842 1038">
     <span class='ocr_line' id='line_1_9' title="bbox 282 948 1842 1038; baseline -0.017 -15"><span class='ocrx_word' id='word_1_44' title='bbox 282 948 498 1038; x_wconf 79' lang='lat' dir='ltr'><strong>tempus</strong></span> <span class='ocrx_word' id='word_1_45' title='bbox 529 948 793 1020; x_wconf 64' lang='lat' dir='ltr'><strong>arternum</strong></span> <span class='ocrx_word' id='word_1_46' title='bbox 827 958 1152 1017; x_wconf 90' lang='lat' dir='ltr'><strong>introducit,</strong></span> <span class='ocrx_word' id='word_1_47' title='bbox 1190 963 1247 1009; x_wconf 92' lang='lat' dir='ltr'><strong>et</strong></span> <span class='ocrx_word' id='word_1_48' title='bbox 1280 952 1480 1007; x_wconf 72' lang='lat' dir='ltr'><strong>cmlum</strong></span> <span class='ocrx_word' id='word_1_49' title='bbox 1517 948 1842 1018; x_wconf 88' lang='lat' dir='ltr'><strong>ingenitum.</strong></span> 
     </span>
    </p>
   </div>
   <div class='ocr_carea' id='block_1_10' title="bbox 281 1036 1845 1121">
    <p class='ocr_par' dir='ltr' id='par_1_10' title="bbox 281 1036 1845 1121">
     <span class='ocr_line' id='line_1_10' title="bbox 281 1036 1845 1121; baseline -0.02 -3"><span class='ocrx_word' id='word_1_50' title='bbox 281 1069 346 1118; x_wconf 72' lang='lat' dir='ltr'><strong>At</strong></span> <span class='ocrx_word' id='word_1_51' title='bbox 379 1036 539 1115; x_wconf 82' lang='lat' dir='ltr'><strong>Pater</strong></span> <span class='ocrx_word' id='word_1_52' title='bbox 574 1058 662 1111; x_wconf 89' lang='lat' dir='ltr'><strong>hic</strong></span> <span class='ocrx_word' id='word_1_53' title='bbox 691 1051 988 1121; x_wconf 77' lang='lat' dir='ltr'><strong>Gregorius</strong></span> <span class='ocrx_word' id='word_1_54' title='bbox 1017 1064 1031 1101; x_wconf 91' lang='lat'><strong>:</strong></span> <span class='ocrx_word' id='word_1_55' title='bbox 1067 1047 1232 1101; x_wconf 87' lang='lat' dir='ltr'><strong>Estne</strong></span> <span class='ocrx_word' id='word_1_56' title='bbox 1266 1056 1501 1110; x_wconf 82' lang='lat' dir='ltr'><strong>tempus,</strong></span> <span class='ocrx_word' id='word_1_57' title='bbox 1538 1040 1736 1107; x_wconf 87' lang='lat' dir='ltr'><strong>inquit,</strong></span> <span class='ocrx_word' id='word_1_58' title='bbox 1792 1036 1845 1087; x_wconf 92' lang='lat' dir='ltr'><strong>in</strong></span> 
     </span>
    </p>
   </div>
   <div class='ocr_carea' id='block_1_11' title="bbox 282 1133 1850 1222">
    <p class='ocr_par' dir='ltr' id='par_1_11' title="bbox 282 1133 1850 1222">
     <span class='ocr_line' id='line_1_11' title="bbox 282 1133 1850 1222; baseline -0.019 -14"><span class='ocrx_word' id='word_1_59' title='bbox 282 1165 549 1222; x_wconf 85' lang='lat' dir='ltr'><strong>tempore,</strong></span> <span class='ocrx_word' id='word_1_60' title='bbox 610 1145 821 1201; x_wconf 82' lang='lat' dir='ltr'><strong>necne?</strong></span> <span class='ocrx_word' id='word_1_61' title='bbox 856 1142 960 1195; x_wconf 90' lang='lat' dir='ltr'><strong>hoc</strong></span> <span class='ocrx_word' id='word_1_62' title='bbox 1010 1148 1094 1194; x_wconf 91' lang='lat' dir='ltr'><strong>est</strong></span> <span class='ocrx_word' id='word_1_63' title='bbox 1143 1152 1211 1191; x_wconf 90' lang='lat' dir='ltr'><strong>an</strong></span> <span class='ocrx_word' id='word_1_64' title='bbox 1261 1133 1580 1188; x_wconf 86' lang='lat' dir='ltr'><strong>universum</strong></span> <span class='ocrx_word' id='word_1_65' title='bbox 1634 1138 1850 1194; x_wconf 82' lang='lat' dir='ltr'><strong>tempus</strong></span> 
     </span>
    </p>
   </div>
   <div class='ocr_carea' id='block_1_12' title="bbox 284 1221 1850 1313">
    <p class='ocr_par' dir='ltr' id='par_1_12' title="bbox 284 1221 1850 1313">
     <span class='ocr_line' id='line_1_12' title="bbox 284 1221 1850 1313; baseline -0.02 -14"><span class='ocrx_word' id='word_1_66' title='bbox 284 1221 532 1313; x_wconf 88' lang='lat' dir='ltr'><strong>tempore</strong></span> <span class='ocrx_word' id='word_1_67' title='bbox 566 1240 747 1292; x_wconf 89' lang='lat' dir='ltr'><strong>locum</strong></span> <span class='ocrx_word' id='word_1_68' title='bbox 789 1235 933 1287; x_wconf 89' lang='lat' dir='ltr'><strong>inter</strong></span> <span class='ocrx_word' id='word_1_69' title='bbox 966 1245 1055 1285; x_wconf 90' lang='lat' dir='ltr'><strong>res</strong></span> <span class='ocrx_word' id='word_1_70' title='bbox 1104 1235 1314 1283; x_wconf 88' lang='lat' dir='ltr'><strong>creatas</strong></span> <span class='ocrx_word' id='word_1_71' title='bbox 1360 1221 1576 1285; x_wconf 82' lang='lat' dir='ltr'><strong>habuit,</strong></span> <span class='ocrx_word' id='word_1_72' title='bbox 1615 1235 1682 1272; x_wconf 89' lang='lat' dir='ltr'><strong>an</strong></span> <span class='ocrx_word' id='word_1_73' title='bbox 1720 1230 1850 1269; x_wconf 86' lang='lat' dir='ltr'><strong>vero</strong></span> 
     </span>
    </p>
   </div>
   <div class='ocr_carea' id='block_1_13' title="bbox 286 1308 1847 1390">
    <p class='ocr_par' dir='ltr' id='par_1_13' title="bbox 286 1308 1847 1390">
     <span class='ocr_line' id='line_1_13' title="bbox 286 1308 1847 1390; baseline -0.02 0"><span class='ocrx_word' id='word_1_74' title='bbox 286 1351 394 1390; x_wconf 88' lang='lat' dir='ltr'><strong>una</strong></span> <span class='ocrx_word' id='word_1_75' title='bbox 429 1349 555 1388; x_wconf 87' lang='lat' dir='ltr'><strong>cum</strong></span> <span class='ocrx_word' id='word_1_76' title='bbox 605 1343 791 1384; x_wconf 90' lang='lat' dir='ltr'><strong>rerum</strong></span> <span class='ocrx_word' id='word_1_77' title='bbox 834 1321 1196 1379; x_wconf 81' lang='lat' dir='ltr'><strong>universitate</strong></span> <span class='ocrx_word' id='word_1_78' title='bbox 1248 1319 1368 1372; x_wconf 91' lang='lat' dir='ltr'><strong>sine</strong></span> <span class='ocrx_word' id='word_1_79' title='bbox 1421 1324 1670 1382; x_wconf 90' lang='lat' dir='ltr'><strong>tempore</strong></span> <span class='ocrx_word' id='word_1_80' title='bbox 1717 1308 1847 1360; x_wconf 80' lang='lat' dir='ltr'><strong>sub-</strong></span> 
     </span>
    </p>
   </div>
   <div class='ocr_carea' id='block_1_14' title="bbox 286 1400 1852 1486">
    <p class='ocr_par' dir='ltr' id='par_1_14' title="bbox 286 1400 1852 1486">
     <span class='ocr_line' id='line_1_14' title="bbox 286 1400 1852 1486; baseline -0.019 -6"><span class='ocrx_word' id='word_1_81' title='bbox 286 1426 466 1483; x_wconf 74' lang='lat' dir='ltr'><strong>stitit?</strong></span> <span class='ocrx_word' id='word_1_82' title='bbox 492 1423 626 1477; x_wconf 69' lang='lat' dir='ltr'><strong>Nam</strong></span> <span class='ocrx_word' id='word_1_83' title='bbox 665 1422 709 1474; x_wconf 90' lang='lat' dir='ltr'><strong>si</strong></span> <span class='ocrx_word' id='word_1_84' title='bbox 759 1428 1003 1486; x_wconf 89' lang='lat' dir='ltr'><strong>tempore</strong></span> <span class='ocrx_word' id='word_1_85' title='bbox 1054 1422 1296 1467; x_wconf 90' lang='lat' dir='ltr'><strong>creatum</strong></span> <span class='ocrx_word' id='word_1_86' title='bbox 1331 1416 1434 1474; x_wconf 91' lang='lat' dir='ltr'><strong>est,</strong></span> <span class='ocrx_word' id='word_1_87' title='bbox 1474 1404 1687 1473; x_wconf 51' lang='lat' dir='ltr'><strong>,inquit,</strong></span> <span class='ocrx_word' id='word_1_88' title='bbox 1732 1400 1852 1454; x_wconf 88' lang='lat' dir='ltr'><strong>uui-</strong></span> 
     </span>
    </p>
   </div>
   <div class='ocr_carea' id='block_1_15' title="bbox 290 1493 1849 1571">
    <p class='ocr_par' dir='ltr' id='par_1_15' title="bbox 290 1493 1849 1571">
     <span class='ocr_line' id='line_1_15' title="bbox 290 1493 1849 1571; baseline -0.013 -6"><span class='ocrx_word' id='word_1_89' title='bbox 290 1529 505 1569; x_wconf 83' lang='lat' dir='ltr'><strong>versum</strong></span> <span class='ocrx_word' id='word_1_90' title='bbox 537 1526 643 1565; x_wconf 91' lang='lat' dir='ltr'><strong>non</strong></span> <span class='ocrx_word' id='word_1_91' title='bbox 677 1519 781 1571; x_wconf 88' lang='lat' dir='ltr'><strong>cst,</strong></span> <span class='ocrx_word' id='word_1_92' title='bbox 808 1520 932 1561; x_wconf 90' lang='lat' dir='ltr'><strong>cum</strong></span> <span class='ocrx_word' id='word_1_93' title='bbox 954 1501 1102 1557; x_wconf 82' lang='lat' dir='ltr'><strong>aliud</strong></span> <span class='ocrx_word' id='word_1_94' title='bbox 1134 1511 1351 1569; x_wconf 84' lang='lat' dir='ltr'><strong>tempus</strong></span> <span class='ocrx_word' id='word_1_95' title='bbox 1366 1493 1809 1566; x_wconf 84' lang='lat' dir='ltr'><strong>deprehendatur</strong></span> <span class='ocrx_word' id='word_1_96' title='bbox 1835 1507 1849 1545; x_wconf 90' lang='lat'><strong>:</strong></span> 
     </span>
    </p>
   </div>
   <div class='ocr_carea' id='block_1_16' title="bbox 289 1586 1850 1675">
    <p class='ocr_par' dir='ltr' id='par_1_16' title="bbox 289 1586 1850 1675">
     <span class='ocr_line' id='line_1_16' title="bbox 289 1586 1850 1675; baseline -0.016 -14"><span class='ocrx_word' id='word_1_97' title='bbox 289 1606 448 1675; x_wconf 84' lang='lat' dir='ltr'><strong>cujus</strong></span> <span class='ocrx_word' id='word_1_98' title='bbox 500 1602 725 1671; x_wconf 87' lang='lat' dir='ltr'><strong>quidem</strong></span> <span class='ocrx_word' id='word_1_99' title='bbox 775 1593 1102 1651; x_wconf 90' lang='lat' dir='ltr'><strong>intermedio</strong></span> <span class='ocrx_word' id='word_1_100' title='bbox 1138 1604 1355 1660; x_wconf 85' lang='lat' dir='ltr'><strong>tempus</strong></span> <span class='ocrx_word' id='word_1_101' title='bbox 1386 1586 1566 1642; x_wconf 84' lang='lat' dir='ltr'><strong>evasit</strong></span> <span class='ocrx_word' id='word_1_102' title='bbox 1616 1592 1850 1652; x_wconf 80' lang='lat' dir='ltr'><strong>tempus.</strong></span> 
     </span>
    </p>
   </div>
   <div class='ocr_carea' id='block_1_17' title="bbox 291 1673 1849 1754">
    <p class='ocr_par' dir='ltr' id='par_1_17' title="bbox 291 1673 1849 1754">
     <span class='ocr_line' id='line_1_17' title="bbox 291 1673 1849 1754; baseline -0.016 -6"><span class='ocrx_word' id='word_1_103' title='bbox 291 1673 388 1748; x_wconf 82' lang='lat' dir='ltr'><strong>Sin</strong></span> <span class='ocrx_word' id='word_1_104' title='bbox 445 1692 629 1747; x_wconf 89' lang='lat' dir='ltr'><strong>minus</strong></span> <span class='ocrx_word' id='word_1_105' title='bbox 681 1698 927 1754; x_wconf 89' lang='lat' dir='ltr'><strong>tempore</strong></span> <span class='ocrx_word' id='word_1_106' title='bbox 989 1694 1182 1737; x_wconf 81' lang='lat' dir='ltr'><strong>carens</strong></span> <span class='ocrx_word' id='word_1_107' title='bbox 1240 1690 1459 1746; x_wconf 87' lang='lat' dir='ltr'><strong>tempus</strong></span> <span class='ocrx_word' id='word_1_108' title='bbox 1524 1673 1849 1728; x_wconf 83' lang='lat' dir='ltr'><strong>introducit.</strong></span> 
     </span>
    </p>
   </div>
   <div class='ocr_carea' id='block_1_18' title="bbox 292 1763 1857 1854">
    <p class='ocr_par' dir='ltr' id='par_1_18' title="bbox 292 1763 1857 1854">
     <span class='ocr_line' id='line_1_18' title="bbox 292 1763 1857 1854; baseline -0.017 -12"><span class='ocrx_word' id='word_1_109' title='bbox 292 1785 447 1854; x_wconf 87' lang='lat' dir='ltr'><strong>Quod</strong></span> <span class='ocrx_word' id='word_1_110' title='bbox 484 1784 527 1837; x_wconf 91' lang='lat' dir='ltr'><strong>si</strong></span> <span class='ocrx_word' id='word_1_111' title='bbox 555 1782 625 1835; x_wconf 86' lang='lat' dir='ltr'><strong>sit</strong></span> <span class='ocrx_word' id='word_1_112' title='bbox 661 1788 878 1847; x_wconf 85' lang='lat' dir='ltr'><strong>tempus</strong></span> <span class='ocrx_word' id='word_1_113' title='bbox 905 1774 1022 1828; x_wconf 84' lang='lat' dir='ltr'><strong>sine</strong></span> <span class='ocrx_word' id='word_1_114' title='bbox 1058 1783 1326 1840; x_wconf 87' lang='lat' dir='ltr'><strong>tempore,</strong></span> <span class='ocrx_word' id='word_1_115' title='bbox 1362 1768 1453 1820; x_wconf 80' lang='lat' dir='ltr'><strong>vix</strong></span> <span class='ocrx_word' id='word_1_116' title='bbox 1493 1765 1642 1819; x_wconf 87' lang='lat' dir='ltr'><strong>aliud</strong></span> <span class='ocrx_word' id='word_1_117' title='bbox 1696 1763 1857 1832; x_wconf 89' lang='lat' dir='ltr'><strong>quid-</strong></span> 
     </span>
    </p>
   </div>
   <div class='ocr_carea' id='block_1_19' title="bbox 1946 566 3515 642">
    <p class='ocr_par' dir='ltr' id='par_1_19' title="bbox 1946 566 3515 642">
     <span class='ocr_line' id='line_1_19' title="bbox 1946 566 3515 642; baseline -0.012 -13"><span class='ocrx_word' id='word_1_118' title='bbox 1946 578 2233 631; x_wconf 84' lang='lat' dir='ltr'><strong>meutitur.</strong></span> <span class='ocrx_word' id='word_1_119' title='bbox 2267 573 2522 642; x_wconf 79' lang='lat' dir='ltr'><strong>quamvis</strong></span> <span class='ocrx_word' id='word_1_120' title='bbox 2558 571 2675 623; x_wconf 78' lang='lat' dir='ltr'><strong>Men</strong></span> <span class='ocrx_word' id='word_1_121' title='bbox 2708 570 2789 621; x_wconf 85' lang='lat' dir='ltr'><strong>ior</strong></span> <span class='ocrx_word' id='word_1_122' title='bbox 2817 567 3039 627; x_wconf 73' lang='lat' dir='ltr'><strong>dixerit,</strong></span> <span class='ocrx_word' id='word_1_123' title='bbox 3085 566 3197 616; x_wconf 65' lang='lat' dir='ltr'><strong>haec</strong></span> <span class='ocrx_word' id='word_1_124' title='bbox 3231 572 3315 615; x_wconf 78' lang='lat' dir='ltr'><strong>est</strong></span> <span class='ocrx_word' id='word_1_125' title='bbox 3353 575 3515 628; x_wconf 78' lang='lat' dir='ltr'><strong>nega-</strong></span> 
     </span>
    </p>
   </div>
   <div class='ocr_carea' id='block_1_20' title="bbox 1948 649 3520 730">
    <p class='ocr_par' dir='ltr' id='par_1_20' title="bbox 1948 649 3520 730">
     <span class='ocr_line' id='line_1_20' title="bbox 1948 649 3520 730; baseline -0.011 -9"><span class='ocrx_word' id='word_1_126' title='bbox 1948 671 2083 730; x_wconf 81' lang='lat' dir='ltr'><strong>tiva;</strong></span> <span class='ocrx_word' id='word_1_127' title='bbox 2112 667 2256 720; x_wconf 85' lang='lat' dir='ltr'><strong>unde</strong></span> <span class='ocrx_word' id='word_1_128' title='bbox 2295 661 2575 717; x_wconf 85' lang='lat' dir='ltr'><strong>concludit</strong></span> <span class='ocrx_word' id='word_1_129' title='bbox 2606 680 2618 712; x_wconf 88' lang='lat'><strong>:</strong></span> <span class='ocrx_word' id='word_1_130' title='bbox 2651 658 2789 723; x_wconf 83' lang='lat' dir='ltr'><strong>Quid</strong></span> <span class='ocrx_word' id='word_1_131' title='bbox 2821 673 2951 724; x_wconf 79' lang='lat' dir='ltr'><strong>ergo</strong></span> <span class='ocrx_word' id='word_1_132' title='bbox 2984 657 3206 712; x_wconf 88' lang='lat' dir='ltr'><strong>mirum,</strong></span> <span class='ocrx_word' id='word_1_133' title='bbox 3237 653 3281 705; x_wconf 91' lang='lat' dir='ltr'><strong>si</strong></span> <span class='ocrx_word' id='word_1_134' title='bbox 3321 662 3378 703; x_wconf 93' lang='lat' dir='ltr'><strong>ut</strong></span> <span class='ocrx_word' id='word_1_135' title='bbox 3418 649 3520 703; x_wconf 67' lang='lat' dir='ltr'><strong>hoc</strong></span> 
     </span>
    </p>
   </div>
   <div class='ocr_carea' id='block_1_21' title="bbox 1947 751 3520 816">
    <p class='ocr_par' dir='ltr' id='par_1_21' title="bbox 1947 751 3520 816">
     <span class='ocr_line' id='line_1_21' title="bbox 1947 751 3520 816; baseline -0.013 -1"><span class='ocrx_word' id='word_1_136' title='bbox 1947 763 2001 816; x_wconf 89' lang='lat' dir='ltr'><strong>in</strong></span> <span class='ocrx_word' id='word_1_137' title='bbox 2049 762 2362 814; x_wconf 87' lang='lat' dir='ltr'><strong>dilemmate</strong></span> <span class='ocrx_word' id='word_1_138' title='bbox 2398 753 2678 808; x_wconf 78' lang='lat' dir='ltr'><strong>contraria</strong></span> <span class='ocrx_word' id='word_1_139' title='bbox 2707 758 3064 809; x_wconf 71' lang='lat' dir='ltr'><strong>concurrunt,</strong></span> <span class='ocrx_word' id='word_1_140' title='bbox 3103 751 3171 799; x_wconf 86' lang='lat' dir='ltr'><strong>ita</strong></span> <span class='ocrx_word' id='word_1_141' title='bbox 3200 757 3258 799; x_wconf 90' lang='lat' dir='ltr'><strong>ut</strong></span> <span class='ocrx_word' id='word_1_142' title='bbox 3289 755 3520 812; x_wconf 88' lang='lat' dir='ltr'><strong>utraque</strong></span> 
     </span>
    </p>
   </div>
   <div class='ocr_carea' id='block_1_22' title="bbox 1949 837 3519 923">
    <p class='ocr_par' dir='ltr' id='par_1_22' title="bbox 1949 837 3519 923">
     <span class='ocr_line' id='line_1_22' title="bbox 1949 837 3519 923; baseline -0.015 -15"><span class='ocrx_word' id='word_1_143' title='bbox 1949 854 2249 923; x_wconf 81' lang='lat' dir='ltr'><strong>propositio</strong></span> <span class='ocrx_word' id='word_1_144' title='bbox 2272 852 2467 921; x_wconf 86' lang='lat' dir='ltr'><strong>partim</strong></span> <span class='ocrx_word' id='word_1_145' title='bbox 2489 848 2644 907; x_wconf 81' lang='lat' dir='ltr'><strong>falsa,</strong></span> <span class='ocrx_word' id='word_1_146' title='bbox 2676 843 2872 914; x_wconf 90' lang='lat' dir='ltr'><strong>partim</strong></span> <span class='ocrx_word' id='word_1_147' title='bbox 2909 856 3031 894; x_wconf 86' lang='lat' dir='ltr'><strong>vera</strong></span> <span class='ocrx_word' id='word_1_148' title='bbox 3054 837 3519 908; x_wconf 81' lang='lat' dir='ltr'><strong>deprehendatur.</strong></span> 
     </span>
    </p>
   </div>
   <div class='ocr_carea' id='block_1_23' title="bbox 1950 929 3521 1006">
    <p class='ocr_par' dir='ltr' id='par_1_23' title="bbox 1950 929 3521 1006">
     <span class='ocr_line' id='line_1_23' title="bbox 1950 929 3521 1006; baseline -0.013 -6"><span class='ocrx_word' id='word_1_149' title='bbox 1950 948 2022 1001; x_wconf 89' lang='lat' dir='ltr'><strong>ita</strong></span> <span class='ocrx_word' id='word_1_150' title='bbox 2052 946 2215 999; x_wconf 89' lang='lat' dir='ltr'><strong>etiam</strong></span> <span class='ocrx_word' id='word_1_151' title='bbox 2257 944 2310 997; x_wconf 89' lang='lat' dir='ltr'><strong>in</strong></span> <span class='ocrx_word' id='word_1_152' title='bbox 2372 951 2461 994; x_wconf 88' lang='lat' dir='ltr'><strong>tua</strong></span> <span class='ocrx_word' id='word_1_153' title='bbox 2512 937 2822 1006; x_wconf 81' lang='lat' dir='ltr'><strong>ohjectioue</strong></span> <span class='ocrx_word' id='word_1_154' title='bbox 2861 933 3036 986; x_wconf 74' lang='lat' dir='ltr'><strong>ambae</strong></span> <span class='ocrx_word' id='word_1_155' title='bbox 3093 929 3521 1001; x_wconf 81' lang='lat' dir='ltr'><strong>propositiones,</strong></span> 
     </span>
    </p>
   </div>
   <div class='ocr_carea' id='block_1_24' title="bbox 1950 1027 2936 1110">
    <p class='ocr_par' dir='ltr' id='par_1_24' title="bbox 1950 1027 2936 1110">
     <span class='ocr_line' id='line_1_24' title="bbox 1950 1027 2936 1110; baseline -0.017 -16"><span class='ocrx_word' id='word_1_156' title='bbox 1950 1039 2153 1110; x_wconf 88' lang='lat' dir='ltr'><strong>quibus</strong></span> <span class='ocrx_word' id='word_1_157' title='bbox 2194 1038 2371 1106; x_wconf 92' lang='lat' dir='ltr'><strong>ipsum</strong></span> <span class='ocrx_word' id='word_1_158' title='bbox 2410 1031 2619 1085; x_wconf 80' lang='lat' dir='ltr'><strong>mentiri</strong></span> <span class='ocrx_word' id='word_1_159' title='bbox 2650 1027 2936 1081; x_wconf 81' lang='lat' dir='ltr'><strong>dividitur.</strong></span> 
     </span>
    </p>
   </div>
   <div class='ocr_carea' id='block_1_25' title="bbox 2021 1115 3521 1198">
    <p class='ocr_par' dir='ltr' id='par_1_25' title="bbox 2021 1115 3521 1198">
     <span class='ocr_line' id='line_1_25' title="bbox 2021 1115 3521 1198; baseline -0.015 -13"><span class='ocrx_word' id='word_1_160' title='bbox 2021 1128 2373 1198; x_wconf 83' lang='lat' dir='ltr'><strong>lnterrogasti</strong></span> <span class='ocrx_word' id='word_1_161' title='bbox 2398 1142 2467 1179; x_wconf 89' lang='lat' dir='ltr'><strong>an</strong></span> <span class='ocrx_word' id='word_1_162' title='bbox 2492 1123 2846 1178; x_wconf 76' lang='lat' dir='ltr'><strong>cxsistentem</strong></span> <span class='ocrx_word' id='word_1_163' title='bbox 2902 1119 3063 1171; x_wconf 88' lang='lat' dir='ltr'><strong>Pater</strong></span> <span class='ocrx_word' id='word_1_164' title='bbox 3087 1115 3308 1174; x_wconf 84' lang='lat' dir='ltr'><strong>Filium,</strong></span> <span class='ocrx_word' id='word_1_165' title='bbox 3341 1126 3521 1164; x_wconf 75' lang='lat' dir='ltr'><strong>arinen</strong></span> 
     </span>
    </p>
   </div>
   <div class='ocr_carea' id='block_1_26' title="bbox 1951 1204 3525 1288">
    <p class='ocr_par' dir='ltr' id='par_1_26' title="bbox 1951 1204 3525 1288">
     <span class='ocr_line' id='line_1_26' title="bbox 1951 1204 3525 1288; baseline -0.014 -11"><span class='ocrx_word' id='word_1_166' title='bbox 1951 1224 2305 1278; x_wconf 79' lang='lat' dir='ltr'><strong>exsistentem</strong></span> <span class='ocrx_word' id='word_1_167' title='bbox 2333 1215 2627 1288; x_wconf 80' lang='lat' dir='ltr'><strong>genuerit?</strong></span> <span class='ocrx_word' id='word_1_168' title='bbox 2657 1215 2769 1283; x_wconf 89' lang='lat' dir='ltr'><strong>Ego</strong></span> <span class='ocrx_word' id='word_1_169' title='bbox 2803 1220 2984 1265; x_wconf 86' lang='lat' dir='ltr'><strong>autem</strong></span> <span class='ocrx_word' id='word_1_170' title='bbox 3023 1208 3117 1262; x_wconf 91' lang='lat' dir='ltr'><strong>tibi</strong></span> <span class='ocrx_word' id='word_1_171' title='bbox 3144 1204 3484 1275; x_wconf 74' lang='lat' dir='ltr'><strong>respondebo</strong></span> <span class='ocrx_word' id='word_1_172' title='bbox 3511 1217 3525 1256; x_wconf 84' lang='lat'><strong>;</strong></span> 
     </span>
    </p>
   </div>
   <div class='ocr_carea' id='block_1_27' title="bbox 1950 1296 3528 1379">
    <p class='ocr_par' dir='ltr' id='par_1_27' title="bbox 1950 1296 3528 1379">
     <span class='ocr_line' id='line_1_27' title="bbox 1950 1296 3528 1379; baseline -0.015 -10"><span class='ocrx_word' id='word_1_173' title='bbox 1950 1314 2063 1369; x_wconf 86' lang='lat' dir='ltr'><strong>Nec</strong></span> <span class='ocrx_word' id='word_1_174' title='bbox 2096 1314 2451 1366; x_wconf 67' lang='lat' dir='ltr'><strong>ersistentem</strong></span> <span class='ocrx_word' id='word_1_175' title='bbox 2487 1307 2705 1379; x_wconf 80' lang='lat' dir='ltr'><strong>genuit,</strong></span> <span class='ocrx_word' id='word_1_176' title='bbox 2734 1320 2837 1359; x_wconf 89' lang='lat' dir='ltr'><strong>nec</strong></span> <span class='ocrx_word' id='word_1_177' title='bbox 2880 1318 2991 1357; x_wconf 92' lang='lat' dir='ltr'><strong>non</strong></span> <span class='ocrx_word' id='word_1_178' title='bbox 3036 1300 3411 1355; x_wconf 77' lang='lat' dir='ltr'><strong>exsistentem.</strong></span> <span class='ocrx_word' id='word_1_179' title='bbox 3444 1296 3528 1348; x_wconf 82' lang='lat' dir='ltr'><strong>Tu</strong></span> 
     </span>
    </p>
   </div>
   <div class='ocr_carea' id='block_1_28' title="bbox 1952 1388 3527 1473">
    <p class='ocr_par' dir='ltr' id='par_1_28' title="bbox 1952 1388 3527 1473">
     <span class='ocr_line' id='line_1_28' title="bbox 1952 1388 3527 1473; baseline -0.012 -14"><span class='ocrx_word' id='word_1_180' title='bbox 1952 1420 2104 1469; x_wconf 85' lang='lat' dir='ltr'><strong>vero,</strong></span> <span class='ocrx_word' id='word_1_181' title='bbox 2134 1405 2266 1473; x_wconf 88' lang='lat' dir='ltr'><strong>quia</strong></span> <span class='ocrx_word' id='word_1_182' title='bbox 2322 1418 2430 1455; x_wconf 87' lang='lat' dir='ltr'><strong>non</strong></span> <span class='ocrx_word' id='word_1_183' title='bbox 2486 1400 2840 1454; x_wconf 79' lang='lat' dir='ltr'><strong>exsistentem</strong></span> <span class='ocrx_word' id='word_1_184' title='bbox 2887 1394 3143 1466; x_wconf 79' lang='lat' dir='ltr'><strong>genuisse</strong></span> <span class='ocrx_word' id='word_1_185' title='bbox 3176 1391 3310 1453; x_wconf 81' lang='lat' dir='ltr'><strong>dixi,</strong></span> <span class='ocrx_word' id='word_1_186' title='bbox 3343 1404 3412 1442; x_wconf 88' lang='lat' dir='ltr'><strong>ne</strong></span> <span class='ocrx_word' id='word_1_187' title='bbox 3455 1388 3527 1441; x_wconf 77' lang='lat' dir='ltr'><strong>ita</strong></span> 
     </span>
    </p>
   </div>
   <div class='ocr_carea' id='block_1_29' title="bbox 1954 1480 3530 1564">
    <p class='ocr_par' dir='ltr' id='par_1_29' title="bbox 1954 1480 3530 1564">
     <span class='ocr_line' id='line_1_29' title="bbox 1954 1480 3530 1564; baseline -0.011 -15"><span class='ocrx_word' id='word_1_188' title='bbox 1954 1495 2212 1564; x_wconf 85' lang='lat' dir='ltr'><strong>accipito,</strong></span> <span class='ocrx_word' id='word_1_189' title='bbox 2232 1492 2388 1561; x_wconf 90' lang='lat' dir='ltr'><strong>quasi</strong></span> <span class='ocrx_word' id='word_1_190' title='bbox 2415 1491 2767 1544; x_wconf 74' lang='lat' dir='ltr'><strong>exsistentem</strong></span> <span class='ocrx_word' id='word_1_191' title='bbox 2792 1486 3049 1557; x_wconf 88' lang='lat' dir='ltr'><strong>genuisse</strong></span> <span class='ocrx_word' id='word_1_192' title='bbox 3078 1482 3364 1538; x_wconf 83' lang='lat' dir='ltr'><strong>confessus</strong></span> <span class='ocrx_word' id='word_1_193' title='bbox 3401 1480 3530 1535; x_wconf 91' lang='lat' dir='ltr'><strong>sim.</strong></span> 
     </span>
    </p>
   </div>
   <div class='ocr_carea' id='block_1_30' title="bbox 1959 1574 3535 1653">
    <p class='ocr_par' dir='ltr' id='par_1_30' title="bbox 1959 1574 3535 1653">
     <span class='ocr_line' id='line_1_30' title="bbox 1959 1574 3535 1653; baseline -0.011 -12"><span class='ocrx_word' id='word_1_194' title='bbox 1959 1587 2265 1653; x_wconf 87' lang='lat' dir='ltr'><strong>Utramque</strong></span> <span class='ocrx_word' id='word_1_195' title='bbox 2295 1583 2440 1636; x_wconf 91' lang='lat' dir='ltr'><strong>enim</strong></span> <span class='ocrx_word' id='word_1_196' title='bbox 2482 1579 2874 1650; x_wconf 86' lang='lat' dir='ltr'><strong>propositionis</strong></span> <span class='ocrx_word' id='word_1_197' title='bbox 2906 1586 3116 1647; x_wconf 88' lang='lat' dir='ltr'><strong>partem</strong></span> <span class='ocrx_word' id='word_1_198' title='bbox 3148 1585 3206 1630; x_wconf 92' lang='lat' dir='ltr'><strong>ut</strong></span> <span class='ocrx_word' id='word_1_199' title='bbox 3234 1574 3285 1628; x_wconf 92' lang='lat' dir='ltr'><strong>iu</strong></span> <span class='ocrx_word' id='word_1_200' title='bbox 3323 1588 3535 1643; x_wconf 60' lang='lat' dir='ltr'><strong>prtecev</strong></span> 
     </span>
    </p>
   </div>
   <div class='ocr_carea' id='block_1_31' title="bbox 1958 1662 3529 1734">
    <p class='ocr_par' dir='ltr' id='par_1_31' title="bbox 1958 1662 3529 1734">
     <span class='ocr_line' id='line_1_31' title="bbox 1958 1662 3529 1734; baseline -0.011 -2"><span class='ocrx_word' id='word_1_201' title='bbox 1958 1676 2221 1732; x_wconf 90' lang='lat' dir='ltr'><strong>dentibus</strong></span> <span class='ocrx_word' id='word_1_202' title='bbox 2251 1672 2584 1728; x_wconf 88' lang='lat' dir='ltr'><strong>dilemmatis</strong></span> <span class='ocrx_word' id='word_1_203' title='bbox 2636 1683 2822 1723; x_wconf 85' lang='lat' dir='ltr'><strong>veram</strong></span> <span class='ocrx_word' id='word_1_204' title='bbox 2869 1683 2989 1721; x_wconf 91' lang='lat' dir='ltr'><strong>esse</strong></span> <span class='ocrx_word' id='word_1_205' title='bbox 3038 1664 3329 1734; x_wconf 90' lang='lat' dir='ltr'><strong>contingit.</strong></span> <span class='ocrx_word' id='word_1_206' title='bbox 3361 1662 3529 1731; x_wconf 82' lang='lat' dir='ltr'><strong>Atqui</strong></span> 
     </span>
    </p>
   </div>
   <div class='ocr_carea' id='block_1_32' title="bbox 1966 1752 3534 1837">
    <p class='ocr_par' dir='ltr' id='par_1_32' title="bbox 1966 1752 3534 1837">
     <span class='ocr_line' id='line_1_32' title="bbox 1966 1752 3534 1837; baseline -0.01 -14"><span class='ocrx_word' id='word_1_207' title='bbox 1966 1768 2276 1837; x_wconf 80' lang='lat' dir='ltr'><strong>Theologus</strong></span> <span class='ocrx_word' id='word_1_208' title='bbox 2312 1768 2414 1819; x_wconf 91' lang='lat' dir='ltr'><strong>hoc</strong></span> <span class='ocrx_word' id='word_1_209' title='bbox 2453 1772 2613 1833; x_wconf 86' lang='lat' dir='ltr'><strong>pacto</strong></span> <span class='ocrx_word' id='word_1_210' title='bbox 2645 1759 2966 1830; x_wconf 65' lang='lat' dir='ltr'><strong>quaestionis</strong></span> <span class='ocrx_word' id='word_1_211' title='bbox 2996 1752 3389 1813; x_wconf 86' lang='lat' dir='ltr'><strong>absurditatem</strong></span> <span class='ocrx_word' id='word_1_212' title='bbox 3417 1755 3534 1808; x_wconf 85' lang='lat' dir='ltr'><strong>dis-</strong></span> 
     </span>
    </p>
   </div>
   <div class='ocr_carea' id='block_1_33' title="bbox 294 1832 3534 1951">
    <p class='ocr_par' dir='ltr' id='par_1_33' title="bbox 294 1832 3534 1951">
     <span class='ocr_line' id='line_1_33' title="bbox 294 1832 3534 1951; baseline -0.011 -18"><span class='ocrx_word' id='word_1_213' title='bbox 294 1832 439 1951; x_wconf 65' lang='lat' dir='ltr'><strong>;iam</strong></span> <span class='ocrx_word' id='word_1_214' title='bbox 471 1872 702 1943; x_wconf 84' lang='lat' dir='ltr'><strong>tempori</strong></span> <span class='ocrx_word' id='word_1_215' title='bbox 737 1832 1087 1938; x_wconf 56' lang='lat' dir='ltr'><strong>subjiCieNf-</strong></span> <span class='ocrx_word' id='word_1_216' title='bbox 1114 1861 1273 1926; x_wconf 69' lang='grc' dir='ltr'><strong>Ωιιοά</strong></span> <span class='ocrx_word' id='word_1_217' title='bbox 1308 1860 1354 1915; x_wconf 75' lang='grc' dir='ltr'><strong>εί</strong></span> <span class='ocrx_word' id='word_1_218' title='bbox 1396 1867 1585 1913; x_wconf 73' lang='lat' dir='ltr'><strong>CODlI‘a</strong></span> <span class='ocrx_word' id='word_1_219' title='bbox 1628 1857 1683 1909; x_wconf 74' lang='lat' dir='ltr'><strong>in</strong></span> <span class='ocrx_word' id='word_1_220' title='bbox 1724 1865 1859 1908; x_wconf 76' lang='grc' dir='ltr'><strong>ῑεηὶ-</strong></span> <span class='ocrx_word' id='word_1_221' title='bbox 1892 1832 1932 1887; x_wconf 73' lang='grc' dir='ltr'><strong><em>Β</em></strong></span> <span class='ocrx_word' id='word_1_222' title='bbox 1963 1859 2144 1913; x_wconf 81' lang='lat' dir='ltr'><strong>solvit.</strong></span> <span class='ocrx_word' id='word_1_223' title='bbox 2180 1832 2314 1910; x_wconf 28' lang='grc' dir='ltr'><strong>τι)ἱεὶ</strong></span> <span class='ocrx_word' id='word_1_224' title='bbox 2370 1832 2553 1908; x_wconf 79' lang='lat' dir='ltr'><strong>autem</strong></span> <span class='ocrx_word' id='word_1_225' title='bbox 2614 1860 2797 1921; x_wconf 88' lang='lat' dir='ltr'><strong>potest</strong></span> <span class='ocrx_word' id='word_1_226' title='bbox 2836 1850 3193 1904; x_wconf 79' lang='lat' dir='ltr'><strong>exsistentem</strong></span> <span class='ocrx_word' id='word_1_227' title='bbox 3245 1848 3443 1901; x_wconf 89' lang='lat' dir='ltr'><strong>Filium</strong></span> <span class='ocrx_word' id='word_1_228' title='bbox 3501 1860 3534 1897; x_wconf 89' lang='lat' dir='ltr'><strong>a</strong></span> 
     </span>
    </p>
   </div>
   <div class='ocr_carea' id='block_1_34' title="bbox 294 1944 1861 2039">
    <p class='ocr_par' dir='ltr' id='par_1_34' title="bbox 294 1944 1861 2039">
     <span class='ocr_line' id='line_1_34' title="bbox 294 1944 1861 2039; baseline -0.018 -15"><span class='ocrx_word' id='word_1_229' title='bbox 294 1944 429 2039; x_wconf 80' lang='lat' dir='ltr'><strong>pore</strong></span> <span class='ocrx_word' id='word_1_230' title='bbox 468 1966 638 2027; x_wconf 85' lang='lat' dir='ltr'><strong>dicas,</strong></span> <span class='ocrx_word' id='word_1_231' title='bbox 694 1960 761 2015; x_wconf 90' lang='lat' dir='ltr'><strong>de</strong></span> <span class='ocrx_word' id='word_1_232' title='bbox 794 1960 887 2013; x_wconf 92' lang='lat' dir='ltr'><strong>illo</strong></span> <span class='ocrx_word' id='word_1_233' title='bbox 940 1969 1133 2009; x_wconf 87' lang='lat' dir='ltr'><strong>rursus</strong></span> <span class='ocrx_word' id='word_1_234' title='bbox 1181 1953 1263 2007; x_wconf 84' lang='lat' dir='ltr'><strong>sic</strong></span> <span class='ocrx_word' id='word_1_235' title='bbox 1306 1947 1668 2019; x_wconf 82' lang='lat' dir='ltr'><strong>interrogabit</strong></span> <span class='ocrx_word' id='word_1_236' title='bbox 1711 1944 1861 2013; x_wconf 88' lang='lat' dir='ltr'><strong>quis-</strong></span> 
     </span>
    </p>
   </div>
   <div class='ocr_carea' id='block_1_35' title="bbox 297 2038 1861 2128">
    <p class='ocr_par' dir='ltr' id='par_1_35' title="bbox 297 2038 1861 2128">
     <span class='ocr_line' id='line_1_35' title="bbox 297 2038 1861 2128; baseline -0.017 -14"><span class='ocrx_word' id='word_1_237' title='bbox 297 2038 463 2128; x_wconf 65' lang='lat' dir='ltr'><strong>piam,</strong></span> <span class='ocrx_word' id='word_1_238' title='bbox 496 2074 563 2110; x_wconf 92' lang='lat' dir='ltr'><strong>an</strong></span> <span class='ocrx_word' id='word_1_239' title='bbox 618 2052 749 2107; x_wconf 89' lang='lat' dir='ltr'><strong>illud</strong></span> <span class='ocrx_word' id='word_1_240' title='bbox 782 2062 1002 2119; x_wconf 89' lang='lat' dir='ltr'><strong>quoque</strong></span> <span class='ocrx_word' id='word_1_241' title='bbox 1037 2045 1092 2099; x_wconf 91' lang='lat' dir='ltr'><strong>in</strong></span> <span class='ocrx_word' id='word_1_242' title='bbox 1122 2054 1389 2113; x_wconf 88' lang='lat' dir='ltr'><strong>tempore,</strong></span> <span class='ocrx_word' id='word_1_243' title='bbox 1437 2055 1505 2094; x_wconf 91' lang='lat' dir='ltr'><strong>an</strong></span> <span class='ocrx_word' id='word_1_244' title='bbox 1556 2038 1675 2093; x_wconf 86' lang='lat' dir='ltr'><strong>sine</strong></span> <span class='ocrx_word' id='word_1_245' title='bbox 1720 2050 1861 2090; x_wconf 82' lang='lat' dir='ltr'><strong>tem-</strong></span> 
     </span>
    </p>
   </div>
   <div class='ocr_carea' id='block_1_36' title="bbox 299 2150 555 2219">
    <p class='ocr_par' dir='ltr' id='par_1_36' title="bbox 299 2150 555 2219">
     <span class='ocr_line' id='line_1_36' title="bbox 299 2150 555 2219; baseline -0.012 -16"><span class='ocrx_word' id='word_1_246' title='bbox 299 2166 430 2219; x_wconf 82' lang='lat' dir='ltr'><strong>pore</strong></span> <span class='ocrx_word' id='word_1_247' title='bbox 465 2150 555 2203; x_wconf 89' lang='lat' dir='ltr'><strong>sit.</strong></span> 
     </span>
    </p>
   </div>
   <div class='ocr_carea' id='block_1_37' title="bbox 371 2218 1861 2309">
    <p class='ocr_par' dir='ltr' id='par_1_37' title="bbox 371 2218 1861 2309">
     <span class='ocr_line' id='line_1_37' title="bbox 371 2218 1861 2309; baseline -0.015 -15"><span class='ocrx_word' id='word_1_248' title='bbox 371 2240 558 2309; x_wconf 83' lang='lat' dir='ltr'><strong>Itaque</strong></span> <span class='ocrx_word' id='word_1_249' title='bbox 591 2235 745 2289; x_wconf 82' lang='lat' dir='ltr'><strong>l&#39;ater</strong></span> <span class='ocrx_word' id='word_1_250' title='bbox 774 2229 1072 2302; x_wconf 79' lang='lat' dir='ltr'><strong>Gregorius</strong></span> <span class='ocrx_word' id='word_1_251' title='bbox 1097 2226 1378 2296; x_wconf 86' lang='lat' dir='ltr'><strong>plerisque</strong></span> <span class='ocrx_word' id='word_1_252' title='bbox 1407 2220 1628 2277; x_wconf 89' lang='lat' dir='ltr'><strong>omissis</strong></span> <span class='ocrx_word' id='word_1_253' title='bbox 1655 2236 1772 2288; x_wconf 62' lang='lat' dir='ltr'><strong>quie</strong></span> <span class='ocrx_word' id='word_1_254' title='bbox 1795 2218 1861 2271; x_wconf 90' lang='lat' dir='ltr'><strong>de</strong></span> 
     </span>
    </p>
   </div>
   <div class='ocr_carea' id='block_1_38' title="bbox 300 2310 1864 2399">
    <p class='ocr_par' dir='ltr' id='par_1_38' title="bbox 300 2310 1864 2399">
     <span class='ocr_line' id='line_1_38' title="bbox 300 2310 1864 2399; baseline -0.012 -16"><span class='ocrx_word' id='word_1_255' title='bbox 300 2340 544 2399; x_wconf 83' lang='lat' dir='ltr'><strong>tempore</strong></span> <span class='ocrx_word' id='word_1_256' title='bbox 577 2328 775 2381; x_wconf 80' lang='lat' dir='ltr'><strong>frustra</strong></span> <span class='ocrx_word' id='word_1_257' title='bbox 819 2322 907 2375; x_wconf 87' lang='lat' dir='ltr'><strong>hic</strong></span> <span class='ocrx_word' id='word_1_258' title='bbox 935 2326 1367 2388; x_wconf 81' lang='lat' dir='ltr'><strong>exponerentur,</strong></span> <span class='ocrx_word' id='word_1_259' title='bbox 1413 2321 1623 2368; x_wconf 89' lang='lat' dir='ltr'><strong>tantum</strong></span> <span class='ocrx_word' id='word_1_260' title='bbox 1660 2312 1726 2365; x_wconf 91' lang='lat' dir='ltr'><strong>de</strong></span> <span class='ocrx_word' id='word_1_261' title='bbox 1767 2310 1864 2364; x_wconf 92' lang='lat' dir='ltr'><strong>illo</strong></span> 
     </span>
    </p>
   </div>
   <div class='ocr_carea' id='block_1_39' title="bbox 300 2403 1863 2492">
    <p class='ocr_par' dir='ltr' id='par_1_39' title="bbox 300 2403 1863 2492">
     <span class='ocr_line' id='line_1_39' title="bbox 300 2403 1863 2492; baseline -0.013 -16"><span class='ocrx_word' id='word_1_262' title='bbox 300 2420 603 2492; x_wconf 84' lang='lat' dir='ltr'><strong>pr0posuit.</strong></span> <span class='ocrx_word' id='word_1_263' title='bbox 635 2424 900 2486; x_wconf 86' lang='lat' dir='ltr'><strong>quantum</strong></span> <span class='ocrx_word' id='word_1_264' title='bbox 948 2410 1052 2465; x_wconf 85' lang='lat' dir='ltr'><strong>sibi</strong></span> <span class='ocrx_word' id='word_1_265' title='bbox 1092 2408 1159 2465; x_wconf 87' lang='lat' dir='ltr'><strong>ad</strong></span> <span class='ocrx_word' id='word_1_266' title='bbox 1214 2406 1567 2477; x_wconf 59' lang='lat' dir='ltr'><strong>quastionem</strong></span> <span class='ocrx_word' id='word_1_267' title='bbox 1616 2403 1863 2490; x_wconf 77' lang='lat' dir='ltr'><strong>proposi-</strong></span> 
     </span>
    </p>
   </div>
   <div class='ocr_carea' id='block_1_40' title="bbox 304 2480 1866 2566">
    <p class='ocr_par' dir='ltr' id='par_1_40' title="bbox 304 2480 1866 2566">
     <span class='ocr_line' id='line_1_40' title="bbox 304 2480 1866 2566; baseline -0.013 -1"><span class='ocrx_word' id='word_1_268' title='bbox 304 2525 411 2565; x_wconf 87' lang='lat' dir='ltr'><strong>tam</strong></span> <span class='ocrx_word' id='word_1_269' title='bbox 467 2513 715 2566; x_wconf 89' lang='lat' dir='ltr'><strong>sutlicere</strong></span> <span class='ocrx_word' id='word_1_270' title='bbox 761 2506 941 2560; x_wconf 89' lang='lat' dir='ltr'><strong>visum</strong></span> <span class='ocrx_word' id='word_1_271' title='bbox 971 2512 1074 2558; x_wconf 90' lang='lat' dir='ltr'><strong>est.</strong></span> <span class='ocrx_word' id='word_1_272' title='bbox 1110 2498 1372 2565; x_wconf 82' lang='lat' dir='ltr'><strong>Quamvis</strong></span> <span class='ocrx_word' id='word_1_273' title='bbox 1423 2497 1571 2551; x_wconf 92' lang='lat' dir='ltr'><strong>enim</strong></span> <span class='ocrx_word' id='word_1_274' title='bbox 1601 2480 1768 2547; x_wconf 79' lang='lat' dir='ltr'><strong>dubia</strong></span> <span class='ocrx_word' id='word_1_275' title='bbox 1810 2494 1866 2547; x_wconf 88' lang='lat' dir='ltr'><strong>in</strong></span> 
     </span>
    </p>
   </div>
   <div class='ocr_carea' id='block_1_41' title="bbox 306 2586 1867 2664">
    <p class='ocr_par' dir='ltr' id='par_1_41' title="bbox 306 2586 1867 2664">
     <span class='ocr_line' id='line_1_41' title="bbox 306 2586 1867 2664; baseline -0.011 -15"><span class='ocrx_word' id='word_1_276' title='bbox 306 2609 590 2664; x_wconf 85' lang='lat' dir='ltr'><strong>utramque</strong></span> <span class='ocrx_word' id='word_1_277' title='bbox 617 2603 828 2664; x_wconf 88' lang='lat' dir='ltr'><strong>partem</strong></span> <span class='ocrx_word' id='word_1_278' title='bbox 854 2590 1083 2660; x_wconf 64' lang='lat' dir='ltr'><strong>qumstio</strong></span> <span class='ocrx_word' id='word_1_279' title='bbox 1122 2602 1243 2641; x_wconf 91' lang='lat' dir='ltr'><strong>esse</strong></span> <span class='ocrx_word' id='word_1_280' title='bbox 1293 2586 1566 2645; x_wconf 87' lang='lat' dir='ltr'><strong>videatur,</strong></span> <span class='ocrx_word' id='word_1_281' title='bbox 1600 2598 1663 2636; x_wconf 90' lang='lat' dir='ltr'><strong>ea</strong></span> <span class='ocrx_word' id='word_1_282' title='bbox 1688 2593 1867 2634; x_wconf 91' lang='lat' dir='ltr'><strong>tamen</strong></span> 
     </span>
    </p>
   </div>
   <div class='ocr_carea' id='block_1_42' title="bbox 306 2670 1868 2753">
    <p class='ocr_par' dir='ltr' id='par_1_42' title="bbox 306 2670 1868 2753">
     <span class='ocr_line' id='line_1_42' title="bbox 306 2670 1868 2753; baseline -0.01 -13"><span class='ocrx_word' id='word_1_283' title='bbox 306 2704 417 2741; x_wconf 87' lang='lat' dir='ltr'><strong>non</strong></span> <span class='ocrx_word' id='word_1_284' title='bbox 441 2697 545 2745; x_wconf 83' lang='lat' dir='ltr'><strong>est.</strong></span> <span class='ocrx_word' id='word_1_285' title='bbox 577 2700 682 2753; x_wconf 87' lang='lat' dir='ltr'><strong>qua</strong></span> <span class='ocrx_word' id='word_1_286' title='bbox 720 2686 946 2737; x_wconf 88' lang='lat' dir='ltr'><strong>omnino</strong></span> <span class='ocrx_word' id='word_1_287' title='bbox 980 2680 1147 2734; x_wconf 88' lang='lat' dir='ltr'><strong>dubia</strong></span> <span class='ocrx_word' id='word_1_288' title='bbox 1191 2679 1283 2732; x_wconf 91' lang='lat' dir='ltr'><strong>sit.</strong></span> <span class='ocrx_word' id='word_1_289' title='bbox 1335 2675 1448 2729; x_wconf 84' lang='lat' dir='ltr'><strong>Nec</strong></span> <span class='ocrx_word' id='word_1_290' title='bbox 1481 2674 1628 2729; x_wconf 88' lang='lat' dir='ltr'><strong>enim</strong></span> <span class='ocrx_word' id='word_1_291' title='bbox 1659 2672 1704 2727; x_wconf 90' lang='lat' dir='ltr'><strong>si</strong></span> <span class='ocrx_word' id='word_1_292' title='bbox 1736 2670 1868 2741; x_wconf 88' lang='lat' dir='ltr'><strong>quid</strong></span> 
     </span>
    </p>
   </div>
   <div class='ocr_carea' id='block_1_43' title="bbox 307 2765 1868 2843">
    <p class='ocr_par' dir='ltr' id='par_1_43' title="bbox 307 2765 1868 2843">
     <span class='ocr_line' id='line_1_43' title="bbox 307 2765 1868 2843; baseline -0.01 -12"><span class='ocrx_word' id='word_1_293' title='bbox 307 2781 490 2832; x_wconf 91' lang='lat' dir='ltr'><strong>minus</strong></span> <span class='ocrx_word' id='word_1_294' title='bbox 540 2778 593 2829; x_wconf 92' lang='lat' dir='ltr'><strong>in</strong></span> <span class='ocrx_word' id='word_1_295' title='bbox 644 2773 906 2843; x_wconf 87' lang='lat' dir='ltr'><strong>temporis</strong></span> <span class='ocrx_word' id='word_1_296' title='bbox 952 2770 1308 2840; x_wconf 85' lang='lat' dir='ltr'><strong>protensione</strong></span> <span class='ocrx_word' id='word_1_297' title='bbox 1367 2768 1557 2830; x_wconf 84' lang='lat' dir='ltr'><strong>fuerit,</strong></span> <span class='ocrx_word' id='word_1_298' title='bbox 1609 2766 1711 2818; x_wconf 91' lang='lat' dir='ltr'><strong>hoc</strong></span> <span class='ocrx_word' id='word_1_299' title='bbox 1756 2765 1868 2834; x_wconf 86' lang='lat' dir='ltr'><strong>jam</strong></span> 
     </span>
    </p>
   </div>
   <div class='ocr_carea' id='block_1_44' title="bbox 308 2858 1869 2936">
    <p class='ocr_par' dir='ltr' id='par_1_44' title="bbox 308 2858 1869 2936">
     <span class='ocr_line' id='line_1_44' title="bbox 308 2858 1869 2936; baseline -0.011 -13"><span class='ocrx_word' id='word_1_300' title='bbox 308 2873 426 2923; x_wconf 88' lang='lat' dir='ltr'><strong>sine</strong></span> <span class='ocrx_word' id='word_1_301' title='bbox 476 2879 719 2936; x_wconf 84' lang='lat' dir='ltr'><strong>tempore</strong></span> <span class='ocrx_word' id='word_1_302' title='bbox 769 2875 872 2917; x_wconf 90' lang='lat' dir='ltr'><strong>est.</strong></span> <span class='ocrx_word' id='word_1_303' title='bbox 910 2862 1180 2917; x_wconf 75' lang='lat' dir='ltr'><strong>Czeterum</strong></span> <span class='ocrx_word' id='word_1_304' title='bbox 1213 2871 1427 2929; x_wconf 87' lang='lat' dir='ltr'><strong>tempus</strong></span> <span class='ocrx_word' id='word_1_305' title='bbox 1460 2858 1581 2911; x_wconf 87' lang='lat' dir='ltr'><strong>sine</strong></span> <span class='ocrx_word' id='word_1_306' title='bbox 1624 2864 1869 2924; x_wconf 88' lang='lat' dir='ltr'><strong>tempore</strong></span> 
     </span>
    </p>
   </div>
   <div class='ocr_carea' id='block_1_45' title="bbox 308 2947 1867 3023">
    <p class='ocr_par' dir='ltr' id='par_1_45' title="bbox 308 2947 1867 3023">
     <span class='ocr_line' id='line_1_45' title="bbox 308 2947 1867 3023; baseline -0.008 -13"><span class='ocrx_word' id='word_1_307' title='bbox 308 2973 415 3011; x_wconf 90' lang='lat' dir='ltr'><strong>non</strong></span> <span class='ocrx_word' id='word_1_308' title='bbox 448 2970 552 3018; x_wconf 90' lang='lat' dir='ltr'><strong>est,</strong></span> <span class='ocrx_word' id='word_1_309' title='bbox 588 2955 730 3023; x_wconf 89' lang='lat' dir='ltr'><strong>quod</strong></span> <span class='ocrx_word' id='word_1_310' title='bbox 762 2968 885 3007; x_wconf 88' lang='lat' dir='ltr'><strong>cum</strong></span> <span class='ocrx_word' id='word_1_311' title='bbox 920 2962 1076 3005; x_wconf 83' lang='lat' dir='ltr'><strong>antea</strong></span> <span class='ocrx_word' id='word_1_312' title='bbox 1104 2967 1212 3004; x_wconf 91' lang='lat' dir='ltr'><strong>non</strong></span> <span class='ocrx_word' id='word_1_313' title='bbox 1251 2957 1417 3009; x_wconf 87' lang='lat' dir='ltr'><strong>esset,</strong></span> <span class='ocrx_word' id='word_1_314' title='bbox 1444 2958 1631 3016; x_wconf 88' lang='lat' dir='ltr'><strong>postea</strong></span> <span class='ocrx_word' id='word_1_315' title='bbox 1666 2947 1867 3001; x_wconf 79' lang='lat' dir='ltr'><strong>factum</strong></span> 
     </span>
    </p>
   </div>
   <div class='ocr_carea' id='block_1_46' title="bbox 307 3039 1871 3115">
    <p class='ocr_par' dir='ltr' id='par_1_46' title="bbox 307 3039 1871 3115">
     <span class='ocr_line' id='line_1_46' title="bbox 307 3039 1871 3115; baseline -0.008 -14"><span class='ocrx_word' id='word_1_316' title='bbox 307 3057 412 3108; x_wconf 81' lang='lat' dir='ltr'><strong>est,</strong></span> <span class='ocrx_word' id='word_1_317' title='bbox 447 3048 651 3115; x_wconf 82' lang='lat' dir='ltr'><strong>quippe</strong></span> <span class='ocrx_word' id='word_1_318' title='bbox 711 3043 857 3111; x_wconf 88' lang='lat' dir='ltr'><strong>quod</strong></span> <span class='ocrx_word' id='word_1_319' title='bbox 921 3041 999 3096; x_wconf 93' lang='lat' dir='ltr'><strong>sol</strong></span> <span class='ocrx_word' id='word_1_320' title='bbox 1038 3050 1095 3095; x_wconf 89' lang='lat' dir='ltr'><strong>et</strong></span> <span class='ocrx_word' id='word_1_321' title='bbox 1145 3042 1274 3093; x_wconf 87' lang='lat' dir='ltr'><strong>luna</strong></span> <span class='ocrx_word' id='word_1_322' title='bbox 1324 3039 1699 3101; x_wconf 90' lang='lat' dir='ltr'><strong>dimetiantur,</strong></span> <span class='ocrx_word' id='word_1_323' title='bbox 1750 3051 1871 3105; x_wconf 68' lang='lat' dir='ltr'><strong>quas</strong></span> 
     </span>
    </p>
   </div>
   <div class='ocr_carea' id='block_1_47' title="bbox 309 3129 1866 3191">
    <p class='ocr_par' dir='ltr' id='par_1_47' title="bbox 309 3129 1866 3191">
     <span class='ocr_line' id='line_1_47' title="bbox 309 3129 1866 3191; baseline -0.007 0"><span class='ocrx_word' id='word_1_324' title='bbox 309 3138 429 3191; x_wconf 86' lang='lat' dir='ltr'><strong>solo</strong></span> <span class='ocrx_word' id='word_1_325' title='bbox 459 3134 738 3188; x_wconf 78' lang='lat' dir='ltr'><strong>Creatoris</strong></span> <span class='ocrx_word' id='word_1_326' title='bbox 768 3132 936 3186; x_wconf 90' lang='lat' dir='ltr'><strong>verbo</strong></span> <span class='ocrx_word' id='word_1_327' title='bbox 981 3131 1143 3185; x_wconf 86' lang='lat' dir='ltr'><strong>simul</strong></span> <span class='ocrx_word' id='word_1_328' title='bbox 1199 3140 1253 3183; x_wconf 90' lang='lat' dir='ltr'><strong>et</strong></span> <span class='ocrx_word' id='word_1_329' title='bbox 1276 3129 1445 3185; x_wconf 90' lang='lat' dir='ltr'><strong>semel</strong></span> <span class='ocrx_word' id='word_1_330' title='bbox 1491 3142 1671 3182; x_wconf 81' lang='lat' dir='ltr'><strong>creata</strong></span> <span class='ocrx_word' id='word_1_331' title='bbox 1719 3138 1866 3182; x_wconf 89' lang='lat' dir='ltr'><strong>sunt.</strong></span> 
     </span>
    </p>
   </div>
   <div class='ocr_carea' id='block_1_48' title="bbox 382 3222 1874 3293">
    <p class='ocr_par' dir='ltr' id='par_1_48' title="bbox 382 3222 1874 3293">
     <span class='ocr_line' id='line_1_48' title="bbox 382 3222 1874 3293; baseline -0.007 -12"><span class='ocrx_word' id='word_1_332' title='bbox 382 3226 599 3293; x_wconf 86' lang='lat' dir='ltr'><strong>Quibus</strong></span> <span class='ocrx_word' id='word_1_333' title='bbox 639 3223 970 3278; x_wconf 80' lang='lat' dir='ltr'><strong>dilemmatis</strong></span> <span class='ocrx_word' id='word_1_334' title='bbox 1017 3232 1073 3276; x_wconf 89' lang='lat' dir='ltr'><strong>et</strong></span> <span class='ocrx_word' id='word_1_335' title='bbox 1120 3223 1224 3275; x_wconf 90' lang='lat' dir='ltr'><strong>hoc</strong></span> <span class='ocrx_word' id='word_1_336' title='bbox 1258 3231 1512 3275; x_wconf 88' lang='lat' dir='ltr'><strong>accenset</strong></span> <span class='ocrx_word' id='word_1_337' title='bbox 1544 3239 1556 3275; x_wconf 94' lang='lat'><strong>:</strong></span> <span class='ocrx_word' id='word_1_338' title='bbox 1588 3222 1745 3275; x_wconf 85' lang='lat' dir='ltr'><strong>Nunc</strong></span> <span class='ocrx_word' id='word_1_339' title='bbox 1774 3236 1874 3288; x_wconf 82' lang='lat' dir='ltr'><strong>ego</strong></span> 
     </span>
    </p>
   </div>
   <div class='ocr_carea' id='block_1_49' title="bbox 312 3310 1871 3380">
    <p class='ocr_par' dir='ltr' id='par_1_49' title="bbox 312 3310 1871 3380">
     <span class='ocr_line' id='line_1_49' title="bbox 312 3310 1871 3380; baseline -0.004 -13"><span class='ocrx_word' id='word_1_340' title='bbox 312 3317 569 3377; x_wconf 89' lang='lat' dir='ltr'><strong>mentior,</strong></span> <span class='ocrx_word' id='word_1_341' title='bbox 609 3314 658 3365; x_wconf 88' lang='lat' dir='ltr'><strong>ei</strong></span> <span class='ocrx_word' id='word_1_342' title='bbox 692 3313 866 3366; x_wconf 90' lang='lat' dir='ltr'><strong>simile</strong></span> <span class='ocrx_word' id='word_1_343' title='bbox 891 3311 1035 3380; x_wconf 90' lang='lat' dir='ltr'><strong>quod</strong></span> <span class='ocrx_word' id='word_1_344' title='bbox 1070 3312 1135 3364; x_wconf 92' lang='lat' dir='ltr'><strong>de</strong></span> <span class='ocrx_word' id='word_1_345' title='bbox 1178 3321 1420 3379; x_wconf 89' lang='lat' dir='ltr'><strong>tempore</strong></span> <span class='ocrx_word' id='word_1_346' title='bbox 1451 3310 1726 3376; x_wconf 64' lang='lat' dir='ltr'><strong>praecedit.</strong></span> <span class='ocrx_word' id='word_1_347' title='bbox 1758 3312 1871 3361; x_wconf 80' lang='lat' dir='ltr'><strong>Hoc</strong></span> 
     </span>
    </p>
   </div>
   <div class='ocr_carea' id='block_1_50' title="bbox 312 3398 1873 3475">
    <p class='ocr_par' dir='ltr' id='par_1_50' title="bbox 312 3398 1873 3475">
     <span class='ocr_line' id='line_1_50' title="bbox 312 3398 1873 3475; baseline -0.008 -15"><span class='ocrx_word' id='word_1_348' title='bbox 312 3408 495 3475; x_wconf 90' lang='lat' dir='ltr'><strong>itaque</strong></span> <span class='ocrx_word' id='word_1_349' title='bbox 520 3405 779 3458; x_wconf 91' lang='lat' dir='ltr'><strong>dilemma</strong></span> <span class='ocrx_word' id='word_1_350' title='bbox 808 3421 820 3455; x_wconf 94' lang='lat'><strong>:</strong></span> <span class='ocrx_word' id='word_1_351' title='bbox 852 3403 1010 3456; x_wconf 74' lang='lat' dir='ltr'><strong>Nunc</strong></span> <span class='ocrx_word' id='word_1_352' title='bbox 1051 3416 1152 3472; x_wconf 92' lang='lat' dir='ltr'><strong>ego</strong></span> <span class='ocrx_word' id='word_1_353' title='bbox 1202 3401 1460 3460; x_wconf 87' lang='lat' dir='ltr'><strong>mentior,</strong></span> <span class='ocrx_word' id='word_1_354' title='bbox 1501 3415 1624 3451; x_wconf 80' lang='lat' dir='ltr'><strong>vera</strong></span> <span class='ocrx_word' id='word_1_355' title='bbox 1650 3398 1873 3466; x_wconf 81' lang='lat' dir='ltr'><strong>quidem</strong></span> 
     </span>
    </p>
   </div>
   <div class='ocr_carea' id='block_1_51' title="bbox 312 3490 1876 3564">
    <p class='ocr_par' dir='ltr' id='par_1_51' title="bbox 312 3490 1876 3564">
     <span class='ocr_line' id='line_1_51' title="bbox 312 3490 1876 3564; baseline -0.006 -11"><span class='ocrx_word' id='word_1_356' title='bbox 312 3499 445 3553; x_wconf 88' lang='lat' dir='ltr'><strong>dicit</strong></span> <span class='ocrx_word' id='word_1_357' title='bbox 482 3498 534 3549; x_wconf 88' lang='lat' dir='ltr'><strong>in</strong></span> <span class='ocrx_word' id='word_1_358' title='bbox 573 3499 641 3550; x_wconf 86' lang='lat' dir='ltr'><strong>iis</strong></span> <span class='ocrx_word' id='word_1_359' title='bbox 683 3510 805 3564; x_wconf 64' lang='lat' dir='ltr'><strong>quae</strong></span> <span class='ocrx_word' id='word_1_360' title='bbox 850 3494 1151 3549; x_wconf 86' lang='lat' dir='ltr'><strong>mentitur:</strong></span> <span class='ocrx_word' id='word_1_361' title='bbox 1201 3493 1464 3545; x_wconf 90' lang='lat' dir='ltr'><strong>mentitur</strong></span> <span class='ocrx_word' id='word_1_362' title='bbox 1500 3501 1683 3545; x_wconf 87' lang='lat' dir='ltr'><strong>autem</strong></span> <span class='ocrx_word' id='word_1_363' title='bbox 1726 3491 1779 3543; x_wconf 94' lang='lat' dir='ltr'><strong>in</strong></span> <span class='ocrx_word' id='word_1_364' title='bbox 1810 3490 1876 3544; x_wconf 91' lang='lat' dir='ltr'><strong>iis</strong></span> 
     </span>
    </p>
   </div>
   <div class='ocr_carea' id='block_1_52' title="bbox 313 3580 1877 3655">
    <p class='ocr_par' dir='ltr' id='par_1_52' title="bbox 313 3580 1877 3655">
     <span class='ocr_line' id='line_1_52' title="bbox 313 3580 1877 3655; baseline -0.006 -16"><span class='ocrx_word' id='word_1_365' title='bbox 313 3602 435 3655; x_wconf 78' lang='lat' dir='ltr'><strong>qua:</strong></span> <span class='ocrx_word' id='word_1_366' title='bbox 464 3602 590 3639; x_wconf 87' lang='lat' dir='ltr'><strong>vera</strong></span> <span class='ocrx_word' id='word_1_367' title='bbox 617 3585 801 3637; x_wconf 91' lang='lat' dir='ltr'><strong>dicere</strong></span> <span class='ocrx_word' id='word_1_368' title='bbox 824 3592 1009 3651; x_wconf 86' lang='lat' dir='ltr'><strong>putes.</strong></span> <span class='ocrx_word' id='word_1_369' title='bbox 1041 3581 1310 3635; x_wconf 67' lang='lat' dir='ltr'><strong>Caeterum</strong></span> <span class='ocrx_word' id='word_1_370' title='bbox 1348 3582 1450 3634; x_wconf 88' lang='lat' dir='ltr'><strong>hac</strong></span> <span class='ocrx_word' id='word_1_371' title='bbox 1482 3581 1535 3632; x_wconf 93' lang='lat' dir='ltr'><strong>in</strong></span> <span class='ocrx_word' id='word_1_372' title='bbox 1575 3580 1877 3648; x_wconf 67' lang='lat' dir='ltr'><strong>quaestione</strong></span> 
     </span>
    </p>
   </div>
   <div class='ocr_carea' id='block_1_53' title="bbox 317 3670 1881 3744">
    <p class='ocr_par' dir='ltr' id='par_1_53' title="bbox 317 3670 1881 3744">
     <span class='ocr_line' id='line_1_53' title="bbox 317 3670 1881 3744; baseline -0.003 -17"><span class='ocrx_word' id='word_1_373' title='bbox 317 3673 670 3744; x_wconf 89' lang='lat' dir='ltr'><strong>proponenda</strong></span> <span class='ocrx_word' id='word_1_374' title='bbox 700 3671 1008 3741; x_wconf 89' lang='lat' dir='ltr'><strong>Theologus</strong></span> <span class='ocrx_word' id='word_1_375' title='bbox 1056 3670 1205 3724; x_wconf 86' lang='lat' dir='ltr'><strong>hisce</strong></span> <span class='ocrx_word' id='word_1_376' title='bbox 1242 3670 1423 3723; x_wconf 83' lang='lat' dir='ltr'><strong>verbis</strong></span> <span class='ocrx_word' id='word_1_377' title='bbox 1464 3670 1672 3723; x_wconf 90' lang='lat' dir='ltr'><strong>utitur:</strong></span> <span class='ocrx_word' id='word_1_378' title='bbox 1710 3671 1881 3739; x_wconf 75' lang='lat' dir='ltr'><strong>llujus</strong></span> 
     </span>
    </p>
   </div>
   <div class='ocr_carea' id='block_1_54' title="bbox 318 3763 1879 3833">
    <p class='ocr_par' dir='ltr' id='par_1_54' title="bbox 318 3763 1879 3833">
     <span class='ocr_line' id='line_1_54' title="bbox 318 3763 1879 3833; baseline -0.005 -13"><span class='ocrx_word' id='word_1_379' title='bbox 318 3766 696 3820; x_wconf 90' lang='lat' dir='ltr'><strong>dilemmatis:</strong></span> <span class='ocrx_word' id='word_1_380' title='bbox 752 3764 905 3818; x_wconf 78' lang='lat' dir='ltr'><strong>Nunc</strong></span> <span class='ocrx_word' id='word_1_381' title='bbox 934 3779 1035 3833; x_wconf 89' lang='lat' dir='ltr'><strong>ego</strong></span> <span class='ocrx_word' id='word_1_382' title='bbox 1085 3764 1340 3825; x_wconf 89' lang='lat' dir='ltr'><strong>mentior,</strong></span> <span class='ocrx_word' id='word_1_383' title='bbox 1392 3763 1618 3815; x_wconf 85' lang='lat' dir='ltr'><strong>alteram</strong></span> <span class='ocrx_word' id='word_1_384' title='bbox 1673 3772 1879 3830; x_wconf 88' lang='lat' dir='ltr'><strong>partem</strong></span> 
     </span>
    </p>
   </div>
   <div class='ocr_carea' id='block_1_55' title="bbox 318 3849 1879 3915">
    <p class='ocr_par' dir='ltr' id='par_1_55' title="bbox 318 3849 1879 3915">
     <span class='ocr_line' id='line_1_55' title="bbox 318 3849 1879 3915; baseline -0.004 -6"><span class='ocrx_word' id='word_1_385' title='bbox 318 3856 580 3915; x_wconf 83' lang='lat' dir='ltr'><strong>concede.</strong></span> <span class='ocrx_word' id='word_1_386' title='bbox 616 3855 699 3908; x_wconf 81' lang='lat' dir='ltr'><strong>vel</strong></span> <span class='ocrx_word' id='word_1_387' title='bbox 731 3870 860 3908; x_wconf 89' lang='lat' dir='ltr'><strong>vera</strong></span> <span class='ocrx_word' id='word_1_388' title='bbox 890 3854 1075 3907; x_wconf 88' lang='lat' dir='ltr'><strong>dicere</strong></span> <span class='ocrx_word' id='word_1_389' title='bbox 1106 3864 1340 3914; x_wconf 86' lang='lat' dir='ltr'><strong>tantum,</strong></span> <span class='ocrx_word' id='word_1_390' title='bbox 1376 3854 1462 3905; x_wconf 89' lang='lat' dir='ltr'><strong>vel</strong></span> <span class='ocrx_word' id='word_1_391' title='bbox 1491 3853 1732 3905; x_wconf 89' lang='lat' dir='ltr'><strong>mentiri.</strong></span> <span class='ocrx_word' id='word_1_392' title='bbox 1763 3849 1879 3903; x_wconf 67' lang='lat' dir='ltr'><strong>Non</strong></span> 
     </span>
    </p>
   </div>
   <div class='ocr_carea' id='block_1_56' title="bbox 319 3943 1883 4012">
    <p class='ocr_par' dir='ltr' id='par_1_56' title="bbox 319 3943 1883 4012">
     <span class='ocr_line' id='line_1_56' title="bbox 319 3943 1883 4012; baseline -0.003 -14"><span class='ocrx_word' id='word_1_393' title='bbox 319 3945 467 3998; x_wconf 90' lang='lat' dir='ltr'><strong>enim</strong></span> <span class='ocrx_word' id='word_1_394' title='bbox 496 3955 787 4012; x_wconf 90' lang='lat' dir='ltr'><strong>utramque</strong></span> <span class='ocrx_word' id='word_1_395' title='bbox 835 3946 1220 3997; x_wconf 89' lang='lat' dir='ltr'><strong>concedemus.</strong></span> <span class='ocrx_word' id='word_1_396' title='bbox 1270 3944 1406 4008; x_wconf 85' lang='lat' dir='ltr'><strong>Quia</strong></span> <span class='ocrx_word' id='word_1_397' title='bbox 1457 3947 1605 3996; x_wconf 83' lang='lat' dir='ltr'><strong>enim</strong></span> <span class='ocrx_word' id='word_1_398' title='bbox 1657 3943 1883 4012; x_wconf 87' lang='lat' dir='ltr'><strong>putabat</strong></span> 
     </span>
    </p>
   </div>
   <div class='ocr_carea' id='block_1_57' title="bbox 319 4034 1883 4102">
    <p class='ocr_par' dir='ltr' id='par_1_57' title="bbox 319 4034 1883 4102">
     <span class='ocr_line' id='line_1_57' title="bbox 319 4034 1883 4102; baseline -0.002 -13"><span class='ocrx_word' id='word_1_399' title='bbox 319 4034 669 4089; x_wconf 79' lang='lat' dir='ltr'><strong>adversarius</strong></span> <span class='ocrx_word' id='word_1_400' title='bbox 716 4034 1048 4087; x_wconf 90' lang='lat' dir='ltr'><strong>omnibusin</strong></span> <span class='ocrx_word' id='word_1_401' title='bbox 1090 4035 1487 4102; x_wconf 64' lang='lat' dir='ltr'><strong>qua&#39;stionibus</strong></span> <span class='ocrx_word' id='word_1_402' title='bbox 1535 4048 1717 4086; x_wconf 89' lang='lat' dir='ltr'><strong>veram</strong></span> <span class='ocrx_word' id='word_1_403' title='bbox 1762 4049 1883 4088; x_wconf 86' lang='lat' dir='ltr'><strong>esse</strong></span> 
     </span>
    </p>
   </div>
   <div class='ocr_carea' id='block_1_58' title="bbox 321 4124 1885 4194">
    <p class='ocr_par' dir='ltr' id='par_1_58' title="bbox 321 4124 1885 4194">
     <span class='ocr_line' id='line_1_58' title="bbox 321 4124 1885 4194; baseline -0.001 -17"><span class='ocrx_word' id='word_1_404' title='bbox 321 4124 665 4194; x_wconf 80' lang='lat' dir='ltr'><strong>negationem</strong></span> <span class='ocrx_word' id='word_1_405' title='bbox 720 4124 805 4177; x_wconf 87' lang='lat' dir='ltr'><strong>vel</strong></span> <span class='ocrx_word' id='word_1_406' title='bbox 869 4124 1299 4186; x_wconf 84' lang='lat' dir='ltr'><strong>aﬂirmationem,</strong></span> <span class='ocrx_word' id='word_1_407' title='bbox 1357 4124 1560 4177; x_wconf 87' lang='lat' dir='ltr'><strong>idcirco</strong></span> <span class='ocrx_word' id='word_1_408' title='bbox 1618 4124 1773 4177; x_wconf 79' lang='lat' dir='ltr'><strong>l’ater</strong></span> <span class='ocrx_word' id='word_1_409' title='bbox 1823 4138 1885 4176; x_wconf 83' lang='lat' dir='ltr'><strong>ea</strong></span> 
     </span>
    </p>
   </div>
   <div class='ocr_carea' id='block_1_59' title="bbox 325 4216 1883 4283">
    <p class='ocr_par' dir='ltr' id='par_1_59' title="bbox 325 4216 1883 4283">
     <span class='ocr_line' id='line_1_59' title="bbox 325 4216 1883 4283; baseline -0.003 -13"><span class='ocrx_word' id='word_1_410' title='bbox 325 4218 402 4270; x_wconf 87' lang='lat' dir='ltr'><strong>illi</strong></span> <span class='ocrx_word' id='word_1_411' title='bbox 458 4217 710 4270; x_wconf 90' lang='lat' dir='ltr'><strong>obtrudit</strong></span> <span class='ocrx_word' id='word_1_412' title='bbox 757 4217 811 4268; x_wconf 93' lang='lat' dir='ltr'><strong>in</strong></span> <span class='ocrx_word' id='word_1_413' title='bbox 843 4216 1054 4283; x_wconf 85' lang='lat' dir='ltr'><strong>quibus</strong></span> <span class='ocrx_word' id='word_1_414' title='bbox 1111 4217 1382 4269; x_wconf 87' lang='lat' dir='ltr'><strong>contraria</strong></span> <span class='ocrx_word' id='word_1_415' title='bbox 1430 4229 1757 4269; x_wconf 88' lang='lat' dir='ltr'><strong>concurrere</strong></span> <span class='ocrx_word' id='word_1_416' title='bbox 1810 4218 1883 4266; x_wconf 86' lang='lat' dir='ltr'><strong>vi-</strong></span> 
     </span>
    </p>
   </div>
   <div class='ocr_carea' id='block_1_60' title="bbox 322 4303 1888 4376">
    <p class='ocr_par' dir='ltr' id='par_1_60' title="bbox 322 4303 1888 4376">
     <span class='ocr_line' id='line_1_60' title="bbox 322 4303 1888 4376; baseline 0.002 -18"><span class='ocrx_word' id='word_1_417' title='bbox 322 4307 524 4359; x_wconf 87' lang='lat' dir='ltr'><strong>dentur</strong></span> <span class='ocrx_word' id='word_1_418' title='bbox 556 4322 569 4354; x_wconf 91' lang='lat'><strong>:</strong></span> <span class='ocrx_word' id='word_1_419' title='bbox 606 4320 707 4359; x_wconf 90' lang='lat' dir='ltr'><strong>nec</strong></span> <span class='ocrx_word' id='word_1_420' title='bbox 753 4303 867 4357; x_wconf 85' lang='lat' dir='ltr'><strong>ﬁeri</strong></span> <span class='ocrx_word' id='word_1_421' title='bbox 897 4314 1073 4373; x_wconf 89' lang='lat' dir='ltr'><strong>potest</strong></span> <span class='ocrx_word' id='word_1_422' title='bbox 1115 4316 1173 4359; x_wconf 93' lang='lat' dir='ltr'><strong>ut</strong></span> <span class='ocrx_word' id='word_1_423' title='bbox 1211 4308 1380 4358; x_wconf 89' lang='lat' dir='ltr'><strong>altera</strong></span> <span class='ocrx_word' id='word_1_424' title='bbox 1414 4307 1634 4375; x_wconf 67' lang='lat' dir='ltr'><strong>quidem</strong></span> <span class='ocrx_word' id='word_1_425' title='bbox 1684 4323 1888 4376; x_wconf 81' lang='lat' dir='ltr'><strong>propo-</strong></span> 
     </span>
    </p>
   </div>
   <div class='ocr_carea' id='block_1_61' title="bbox 323 4396 1887 4456">
    <p class='ocr_par' dir='ltr' id='par_1_61' title="bbox 323 4396 1887 4456">
     <span class='ocr_line' id='line_1_61' title="bbox 323 4396 1887 4456; baseline 0.001 -5"><span class='ocrx_word' id='word_1_426' title='bbox 323 4398 449 4452; x_wconf 87' lang='lat' dir='ltr'><strong>sitio</strong></span> <span class='ocrx_word' id='word_1_427' title='bbox 475 4411 604 4450; x_wconf 87' lang='lat' dir='ltr'><strong>vera</strong></span> <span class='ocrx_word' id='word_1_428' title='bbox 635 4398 725 4456; x_wconf 89' lang='lat' dir='ltr'><strong>sit,</strong></span> <span class='ocrx_word' id='word_1_429' title='bbox 761 4396 929 4448; x_wconf 87' lang='lat' dir='ltr'><strong>altera</strong></span> <span class='ocrx_word' id='word_1_430' title='bbox 965 4412 1095 4450; x_wconf 91' lang='lat' dir='ltr'><strong>vero</strong></span> <span class='ocrx_word' id='word_1_431' title='bbox 1135 4398 1264 4450; x_wconf 87' lang='lat' dir='ltr'><strong>l‘alsa</strong></span> <span class='ocrx_word' id='word_1_432' title='bbox 1292 4414 1305 4448; x_wconf 85' lang='lat'><strong>:</strong></span> <span class='ocrx_word' id='word_1_433' title='bbox 1337 4398 1431 4451; x_wconf 88' lang='lat' dir='ltr'><strong>sed</strong></span> <span class='ocrx_word' id='word_1_434' title='bbox 1467 4409 1523 4452; x_wconf 90' lang='lat' dir='ltr'><strong>et</strong></span> <span class='ocrx_word' id='word_1_435' title='bbox 1560 4400 1645 4452; x_wconf 88' lang='lat' dir='ltr'><strong>illa</strong></span> <span class='ocrx_word' id='word_1_436' title='bbox 1670 4409 1726 4452; x_wconf 88' lang='lat' dir='ltr'><strong>et</strong></span> <span class='ocrx_word' id='word_1_437' title='bbox 1772 4405 1887 4453; x_wconf 74' lang='lat' dir='ltr'><strong>hzec</strong></span> 
     </span>
    </p>
   </div>
   <div class='ocr_carea' id='block_1_62' title="bbox 1962 1939 3537 2020">
    <p class='ocr_par' dir='ltr' id='par_1_62' title="bbox 1962 1939 3537 2020">
     <span class='ocr_line' id='line_1_62' title="bbox 1962 1939 3537 2020; baseline -0.011 -15"><span class='ocrx_word' id='word_1_438' title='bbox 1962 1950 2120 2006; x_wconf 86' lang='lat' dir='ltr'><strong>Patre</strong></span> <span class='ocrx_word' id='word_1_439' title='bbox 2158 1948 2403 2020; x_wconf 87' lang='lat' dir='ltr'><strong>genitqu</strong></span> <span class='ocrx_word' id='word_1_440' title='bbox 2429 1960 2549 2000; x_wconf 90' lang='lat' dir='ltr'><strong>esse</strong></span> <span class='ocrx_word' id='word_1_441' title='bbox 2576 1961 2590 2009; x_wconf 92' lang='lat'><strong>;</strong></span> <span class='ocrx_word' id='word_1_442' title='bbox 2620 1957 2782 2012; x_wconf 89' lang='lat' dir='ltr'><strong>atque</strong></span> <span class='ocrx_word' id='word_1_443' title='bbox 2816 1942 2889 1996; x_wconf 86' lang='lat' dir='ltr'><strong>ita</strong></span> <span class='ocrx_word' id='word_1_444' title='bbox 2920 1942 3115 1995; x_wconf 85' lang='lat' dir='ltr'><strong>vicisse</strong></span> <span class='ocrx_word' id='word_1_445' title='bbox 3136 1939 3537 1995; x_wconf 74' lang='lat' dir='ltr'><strong>adversarium.</strong></span> 
     </span>
    </p>
   </div>
   <div class='ocr_carea' id='block_1_63' title="bbox 1962 2031 3529 2109">
    <p class='ocr_par' dir='ltr' id='par_1_63' title="bbox 1962 2031 3529 2109">
     <span class='ocr_line' id='line_1_63' title="bbox 1962 2031 3529 2109; baseline -0.009 -13"><span class='ocrx_word' id='word_1_446' title='bbox 1962 2041 2117 2109; x_wconf 88' lang='lat' dir='ltr'><strong>Quod</strong></span> <span class='ocrx_word' id='word_1_447' title='bbox 2145 2039 2377 2094; x_wconf 84' lang='lat' dir='ltr'><strong>naturali</strong></span> <span class='ocrx_word' id='word_1_448' title='bbox 2417 2039 2496 2092; x_wconf 89' lang='lat' dir='ltr'><strong>sic</strong></span> <span class='ocrx_word' id='word_1_449' title='bbox 2534 2035 2778 2105; x_wconf 86' lang='lat' dir='ltr'><strong>probabo</strong></span> <span class='ocrx_word' id='word_1_450' title='bbox 2820 2034 3072 2100; x_wconf 74' lang='lat' dir='ltr'><strong>exemplo</strong></span> <span class='ocrx_word' id='word_1_451' title='bbox 3110 2048 3124 2085; x_wconf 89' lang='lat'><strong>:</strong></span> <span class='ocrx_word' id='word_1_452' title='bbox 3185 2032 3267 2085; x_wconf 89' lang='lat' dir='ltr'><strong>sol</strong></span> <span class='ocrx_word' id='word_1_453' title='bbox 3316 2031 3529 2083; x_wconf 88' lang='lat' dir='ltr'><strong>radium</strong></span> 
     </span>
    </p>
   </div>
   <div class='ocr_carea' id='block_1_64' title="bbox 1961 2122 3532 2205">
    <p class='ocr_par' dir='ltr' id='par_1_64' title="bbox 1961 2122 3532 2205">
     <span class='ocr_line' id='line_1_64' title="bbox 1961 2122 3532 2205; baseline -0.008 -17"><span class='ocrx_word' id='word_1_454' title='bbox 1961 2135 2157 2205; x_wconf 83' lang='lat' dir='ltr'><strong>gignit,</strong></span> <span class='ocrx_word' id='word_1_455' title='bbox 2205 2143 2261 2187; x_wconf 91' lang='lat' dir='ltr'><strong>et</strong></span> <span class='ocrx_word' id='word_1_456' title='bbox 2321 2130 2507 2184; x_wconf 79' lang='lat' dir='ltr'><strong>radius</strong></span> <span class='ocrx_word' id='word_1_457' title='bbox 2530 2130 2710 2199; x_wconf 85' lang='lat' dir='ltr'><strong>jubar.</strong></span> <span class='ocrx_word' id='word_1_458' title='bbox 2762 2127 2844 2179; x_wconf 79' lang='lat' dir='ltr'><strong>An</strong></span> <span class='ocrx_word' id='word_1_459' title='bbox 2876 2139 3005 2193; x_wconf 89' lang='lat' dir='ltr'><strong>ergo</strong></span> <span class='ocrx_word' id='word_1_460' title='bbox 3049 2124 3128 2176; x_wconf 87' lang='lat' dir='ltr'><strong>sol</strong></span> <span class='ocrx_word' id='word_1_461' title='bbox 3162 2122 3375 2177; x_wconf 80' lang='lat' dir='ltr'><strong>radiant</strong></span> <span class='ocrx_word' id='word_1_462' title='bbox 3422 2138 3532 2176; x_wconf 91' lang='lat' dir='ltr'><strong>non</strong></span> 
     </span>
    </p>
   </div>
   <div class='ocr_carea' id='block_1_65' title="bbox 1962 2216 3521 2291">
    <p class='ocr_par' dir='ltr' id='par_1_65' title="bbox 1962 2216 3521 2291">
     <span class='ocr_line' id='line_1_65' title="bbox 1962 2216 3521 2291; baseline -0.008 -12"><span class='ocrx_word' id='word_1_463' title='bbox 1962 2225 2320 2279; x_wconf 77' lang='lat' dir='ltr'><strong>exsistentem</strong></span> <span class='ocrx_word' id='word_1_464' title='bbox 2352 2221 2546 2291; x_wconf 85' lang='lat' dir='ltr'><strong>gignit,</strong></span> <span class='ocrx_word' id='word_1_465' title='bbox 2603 2228 2695 2271; x_wconf 93' lang='lat' dir='ltr'><strong>aut</strong></span> <span class='ocrx_word' id='word_1_466' title='bbox 2741 2217 2927 2271; x_wconf 91' lang='lat' dir='ltr'><strong>radius</strong></span> <span class='ocrx_word' id='word_1_467' title='bbox 2954 2216 3148 2285; x_wconf 68' lang='lat' dir='ltr'><strong>iubar?</strong></span> <span class='ocrx_word' id='word_1_468' title='bbox 3178 2216 3311 2281; x_wconf 84' lang='lat' dir='ltr'><strong>Quis</strong></span> <span class='ocrx_word' id='word_1_469' title='bbox 3337 2224 3521 2268; x_wconf 89' lang='lat' dir='ltr'><strong>autem</strong></span> 
     </span>
    </p>
   </div>
   <div class='ocr_carea' id='block_1_66' title="bbox 1965 2306 3533 2385">
    <p class='ocr_par' dir='ltr' id='par_1_66' title="bbox 1965 2306 3533 2385">
     <span class='ocr_line' id='line_1_66' title="bbox 1965 2306 3533 2385; baseline -0.008 -15"><span class='ocrx_word' id='word_1_470' title='bbox 1965 2323 2237 2385; x_wconf 90' lang='lat' dir='ltr'><strong>quotquot</strong></span> <span class='ocrx_word' id='word_1_471' title='bbox 2268 2326 2508 2380; x_wconf 79' lang='lat' dir='ltr'><strong>unquam</strong></span> <span class='ocrx_word' id='word_1_472' title='bbox 2541 2310 2801 2363; x_wconf 79' lang='lat' dir='ltr'><strong>vixerunt</strong></span> <span class='ocrx_word' id='word_1_473' title='bbox 2849 2307 3157 2372; x_wconf 87' lang='lat' dir='ltr'><strong>hominum,</strong></span> <span class='ocrx_word' id='word_1_474' title='bbox 3207 2306 3377 2360; x_wconf 86' lang='lat' dir='ltr'><strong>solem</strong></span> <span class='ocrx_word' id='word_1_475' title='bbox 3414 2307 3533 2358; x_wconf 89' lang='lat' dir='ltr'><strong>sine</strong></span> 
     </span>
    </p>
   </div>
   <div class='ocr_carea' id='block_1_67' title="bbox 1966 2397 3537 2469">
    <p class='ocr_par' dir='ltr' id='par_1_67' title="bbox 1966 2397 3537 2469">
     <span class='ocr_line' id='line_1_67' title="bbox 1966 2397 3537 2469; baseline -0.009 -7"><span class='ocrx_word' id='word_1_476' title='bbox 1966 2408 2139 2462; x_wconf 87' lang='lat' dir='ltr'><strong>radiis</strong></span> <span class='ocrx_word' id='word_1_477' title='bbox 2162 2405 2342 2460; x_wconf 86' lang='lat' dir='ltr'><strong>vidit?</strong></span> <span class='ocrx_word' id='word_1_478' title='bbox 2376 2413 2473 2456; x_wconf 91' lang='lat' dir='ltr'><strong>aut</strong></span> <span class='ocrx_word' id='word_1_479' title='bbox 2498 2402 2713 2455; x_wconf 86' lang='lat' dir='ltr'><strong>radium</strong></span> <span class='ocrx_word' id='word_1_480' title='bbox 2740 2398 2858 2453; x_wconf 89' lang='lat' dir='ltr'><strong>sine</strong></span> <span class='ocrx_word' id='word_1_481' title='bbox 2887 2397 3223 2469; x_wconf 87' lang='lat' dir='ltr'><strong>splendore?</strong></span> <span class='ocrx_word' id='word_1_482' title='bbox 3255 2397 3439 2463; x_wconf 91' lang='lat' dir='ltr'><strong>Itaque</strong></span> <span class='ocrx_word' id='word_1_483' title='bbox 3479 2403 3537 2448; x_wconf 91' lang='lat' dir='ltr'><strong>et</strong></span> 
     </span>
    </p>
   </div>
   <div class='ocr_carea' id='block_1_68' title="bbox 1966 2486 3539 2573">
    <p class='ocr_par' dir='ltr' id='par_1_68' title="bbox 1966 2486 3539 2573">
     <span class='ocr_line' id='line_1_68' title="bbox 1966 2486 3539 2573; baseline -0.011 -18"><span class='ocrx_word' id='word_1_484' title='bbox 1966 2506 2255 2573; x_wconf 82' lang='lat' dir='ltr'><strong>generant,</strong></span> <span class='ocrx_word' id='word_1_485' title='bbox 2289 2507 2345 2551; x_wconf 90' lang='lat' dir='ltr'><strong>et</strong></span> <span class='ocrx_word' id='word_1_486' title='bbox 2371 2493 2691 2549; x_wconf 75' lang='lat' dir='ltr'><strong>exsistentia</strong></span> <span class='ocrx_word' id='word_1_487' title='bbox 2738 2500 3021 2561; x_wconf 86' lang='lat' dir='ltr'><strong>generant.</strong></span> <span class='ocrx_word' id='word_1_488' title='bbox 3072 2488 3192 2543; x_wconf 86' lang='lat' dir='ltr'><strong>Non</strong></span> <span class='ocrx_word' id='word_1_489' title='bbox 3257 2486 3405 2541; x_wconf 89' lang='lat' dir='ltr'><strong>enim</strong></span> <span class='ocrx_word' id='word_1_490' title='bbox 3449 2486 3539 2539; x_wconf 90' lang='lat' dir='ltr'><strong>di-</strong></span> 
     </span>
    </p>
   </div>
   <div class='ocr_carea' id='block_1_69' title="bbox 1971 2581 3537 2652">
    <p class='ocr_par' dir='ltr' id='par_1_69' title="bbox 1971 2581 3537 2652">
     <span class='ocr_line' id='line_1_69' title="bbox 1971 2581 3537 2652; baseline -0.009 -8"><span class='ocrx_word' id='word_1_491' title='bbox 1971 2594 2098 2647; x_wconf 87' lang='lat' dir='ltr'><strong>vina</strong></span> <span class='ocrx_word' id='word_1_492' title='bbox 2130 2607 2188 2646; x_wconf 87' lang='lat' dir='ltr'><strong>se</strong></span> <span class='ocrx_word' id='word_1_493' title='bbox 2224 2589 2450 2651; x_wconf 89' lang='lat' dir='ltr'><strong>habent,</strong></span> <span class='ocrx_word' id='word_1_494' title='bbox 2482 2594 2544 2639; x_wconf 91' lang='lat' dir='ltr'><strong>ut</strong></span> <span class='ocrx_word' id='word_1_495' title='bbox 2590 2597 2877 2652; x_wconf 90' lang='lat' dir='ltr'><strong>corporea.</strong></span> <span class='ocrx_word' id='word_1_496' title='bbox 2927 2581 3066 2646; x_wconf 86' lang='lat' dir='ltr'><strong>Quia</strong></span> <span class='ocrx_word' id='word_1_497' title='bbox 3120 2595 3220 2633; x_wconf 91' lang='lat' dir='ltr'><strong>nos</strong></span> <span class='ocrx_word' id='word_1_498' title='bbox 3266 2594 3391 2633; x_wconf 90' lang='lat' dir='ltr'><strong>cum</strong></span> <span class='ocrx_word' id='word_1_499' title='bbox 3434 2594 3537 2632; x_wconf 80' lang='lat' dir='ltr'><strong>uoa</strong></span> 
     </span>
    </p>
   </div>
   <div class='ocr_carea' id='block_1_70' title="bbox 1970 2672 3543 2751">
    <p class='ocr_par' dir='ltr' id='par_1_70' title="bbox 1970 2672 3543 2751">
     <span class='ocr_line' id='line_1_70' title="bbox 1970 2672 3543 2751; baseline -0.011 -9"><span class='ocrx_word' id='word_1_500' title='bbox 1970 2699 2245 2745; x_wconf 88' lang='lat' dir='ltr'><strong>essemus,</strong></span> <span class='ocrx_word' id='word_1_501' title='bbox 2310 2691 2499 2751; x_wconf 89' lang='lat' dir='ltr'><strong>postea</strong></span> <span class='ocrx_word' id='word_1_502' title='bbox 2557 2677 2669 2730; x_wconf 91' lang='lat' dir='ltr'><strong>nati</strong></span> <span class='ocrx_word' id='word_1_503' title='bbox 2728 2690 2939 2729; x_wconf 87' lang='lat' dir='ltr'><strong>sumus.</strong></span> <span class='ocrx_word' id='word_1_504' title='bbox 2990 2674 3060 2727; x_wconf 83' lang='lat' dir='ltr'><strong>At</strong></span> <span class='ocrx_word' id='word_1_505' title='bbox 3104 2672 3157 2726; x_wconf 92' lang='lat' dir='ltr'><strong>in</strong></span> <span class='ocrx_word' id='word_1_506' title='bbox 3213 2672 3381 2725; x_wconf 89' lang='lat' dir='ltr'><strong>rebus</strong></span> <span class='ocrx_word' id='word_1_507' title='bbox 3420 2687 3543 2740; x_wconf 78' lang='lat' dir='ltr'><strong>qua:</strong></span> 
     </span>
    </p>
   </div>
   <div class='ocr_carea' id='block_1_71' title="bbox 1970 2766 3542 2848">
    <p class='ocr_par' dir='ltr' id='par_1_71' title="bbox 1970 2766 3542 2848">
     <span class='ocr_line' id='line_1_71' title="bbox 1970 2766 3542 2848; baseline -0.008 -19"><span class='ocrx_word' id='word_1_508' title='bbox 1970 2776 2223 2848; x_wconf 84' lang='lat' dir='ltr'><strong>quamvis</strong></span> <span class='ocrx_word' id='word_1_509' title='bbox 2246 2786 2474 2839; x_wconf 91' lang='lat' dir='ltr'><strong>corpore</strong></span> <span class='ocrx_word' id='word_1_510' title='bbox 2497 2778 2771 2827; x_wconf 88' lang='lat' dir='ltr'><strong>constent,</strong></span> <span class='ocrx_word' id='word_1_511' title='bbox 2800 2766 2985 2819; x_wconf 84' lang='lat' dir='ltr'><strong>divina</strong></span> <span class='ocrx_word' id='word_1_512' title='bbox 3009 2775 3189 2818; x_wconf 90' lang='lat' dir='ltr'><strong>tamen</strong></span> <span class='ocrx_word' id='word_1_513' title='bbox 3212 2775 3362 2825; x_wconf 89' lang='lat' dir='ltr'><strong>sunt,</strong></span> <span class='ocrx_word' id='word_1_514' title='bbox 3382 2779 3542 2818; x_wconf 89' lang='lat' dir='ltr'><strong>secus</strong></span> 
     </span>
    </p>
   </div>
   <div class='ocr_carea' id='block_1_72' title="bbox 1970 2858 3543 2929">
    <p class='ocr_par' dir='ltr' id='par_1_72' title="bbox 1970 2858 3543 2929">
     <span class='ocr_line' id='line_1_72' title="bbox 1970 2858 3543 2929; baseline -0.01 -4"><span class='ocrx_word' id='word_1_515' title='bbox 1970 2886 2029 2925; x_wconf 88' lang='lat' dir='ltr'><strong>se</strong></span> <span class='ocrx_word' id='word_1_516' title='bbox 2066 2884 2154 2923; x_wconf 89' lang='lat' dir='ltr'><strong>res</strong></span> <span class='ocrx_word' id='word_1_517' title='bbox 2201 2866 2385 2920; x_wconf 81' lang='lat' dir='ltr'><strong>habet.</strong></span> <span class='ocrx_word' id='word_1_518' title='bbox 2420 2863 2575 2929; x_wconf 91' lang='lat' dir='ltr'><strong>Quod</strong></span> <span class='ocrx_word' id='word_1_519' title='bbox 2606 2863 2650 2917; x_wconf 90' lang='lat' dir='ltr'><strong>si</strong></span> <span class='ocrx_word' id='word_1_520' title='bbox 2680 2863 2794 2915; x_wconf 85' lang='lat' dir='ltr'><strong>haec</strong></span> <span class='ocrx_word' id='word_1_521' title='bbox 2825 2861 2896 2914; x_wconf 91' lang='lat' dir='ltr'><strong>ita</strong></span> <span class='ocrx_word' id='word_1_522' title='bbox 2938 2876 2996 2915; x_wconf 90' lang='lat' dir='ltr'><strong>se</strong></span> <span class='ocrx_word' id='word_1_523' title='bbox 3038 2858 3291 2919; x_wconf 88' lang='lat' dir='ltr'><strong>habeant,</strong></span> <span class='ocrx_word' id='word_1_524' title='bbox 3339 2868 3543 2928; x_wconf 90' lang='lat' dir='ltr'><strong>quanto</strong></span> 
     </span>
    </p>
   </div>
   <div class='ocr_carea' id='block_1_73' title="bbox 1973 2950 3545 3031">
    <p class='ocr_par' dir='ltr' id='par_1_73' title="bbox 1973 2950 3545 3031">
     <span class='ocr_line' id='line_1_73' title="bbox 1973 2950 3545 3031; baseline -0.008 -16"><span class='ocrx_word' id='word_1_525' title='bbox 1973 2963 2145 3031; x_wconf 89' lang='lat' dir='ltr'><strong>magis</strong></span> <span class='ocrx_word' id='word_1_526' title='bbox 2168 2961 2513 3025; x_wconf 88' lang='lat' dir='ltr'><strong>incorporea,</strong></span> <span class='ocrx_word' id='word_1_527' title='bbox 2539 2958 2591 3008; x_wconf 90' lang='lat' dir='ltr'><strong>in</strong></span> <span class='ocrx_word' id='word_1_528' title='bbox 2622 2954 2825 3023; x_wconf 90' lang='lat' dir='ltr'><strong>quibus</strong></span> <span class='ocrx_word' id='word_1_529' title='bbox 2873 2952 3105 3006; x_wconf 84' lang='lat' dir='ltr'><strong>elIectus</strong></span> <span class='ocrx_word' id='word_1_530' title='bbox 3142 2965 3169 3003; x_wconf 92' lang='lat' dir='ltr'><strong>a</strong></span> <span class='ocrx_word' id='word_1_531' title='bbox 3203 2950 3385 3003; x_wconf 88' lang='lat' dir='ltr'><strong>causis</strong></span> <span class='ocrx_word' id='word_1_532' title='bbox 3415 2964 3545 3018; x_wconf 92' lang='lat' dir='ltr'><strong>pro-</strong></span> 
     </span>
    </p>
   </div>
   <div class='ocr_carea' id='block_1_74' title="bbox 1976 3037 3441 3117">
    <p class='ocr_par' dir='ltr' id='par_1_74' title="bbox 1976 3037 3441 3117">
     <span class='ocr_line' id='line_1_74' title="bbox 1976 3037 3441 3117; baseline -0.012 -11"><span class='ocrx_word' id='word_1_533' title='bbox 1976 3050 2204 3115; x_wconf 89' lang='lat' dir='ltr'><strong>cedunt,</strong></span> <span class='ocrx_word' id='word_1_534' title='bbox 2238 3050 2415 3117; x_wconf 84' lang='lat' dir='ltr'><strong>iisque</strong></span> <span class='ocrx_word' id='word_1_535' title='bbox 2458 3049 2641 3099; x_wconf 80' lang='lat' dir='ltr'><strong>insunt</strong></span> <span class='ocrx_word' id='word_1_536' title='bbox 2670 3053 2725 3097; x_wconf 87' lang='lat' dir='ltr'><strong>et</strong></span> <span class='ocrx_word' id='word_1_537' title='bbox 2774 3042 2840 3095; x_wconf 87' lang='lat' dir='ltr'><strong>ad</strong></span> <span class='ocrx_word' id='word_1_538' title='bbox 2881 3056 2974 3096; x_wconf 89' lang='lat' dir='ltr'><strong>eas</strong></span> <span class='ocrx_word' id='word_1_539' title='bbox 3001 3037 3441 3094; x_wconf 84' lang='lat' dir='ltr'><strong>convertuntur?</strong></span> 
     </span>
    </p>
   </div>
   <div class='ocr_carea' id='block_1_75' title="bbox 2467 3132 2936 3208">
    <p class='ocr_par' dir='ltr' id='par_1_75' title="bbox 2467 3132 2936 3208">
     <span class='ocr_line' id='line_1_75' title="bbox 2467 3132 2936 3208; baseline -0.009 -17"><span class='ocrx_word' id='word_1_540' title='bbox 2467 3204 2471 3208; x_wconf 18' lang='grc' dir='ltr'>ι</span> <span class='ocrx_word' id='word_1_541' title='bbox 2587 3132 2936 3189; x_wconf 73' lang='lat' dir='ltr'><strong>CAP.LXX.</strong></span> 
     </span>
    </p>
   </div>
   <div class='ocr_carea' id='block_1_76' title="bbox 2083 3222 3436 3301">
    <p class='ocr_par' dir='ltr' id='par_1_76' title="bbox 2083 3222 3436 3301">
     <span class='ocr_line' id='line_1_76' title="bbox 2083 3222 3436 3301; baseline -0.01 -16"><span class='ocrx_word' id='word_1_542' title='bbox 2083 3230 2333 3301; x_wconf 79' lang='lat' dir='ltr'><strong>Epilogus</strong></span> <span class='ocrx_word' id='word_1_543' title='bbox 2362 3230 2517 3282; x_wconf 82' lang='lat' dir='ltr'><strong>totius</strong></span> <span class='ocrx_word' id='word_1_544' title='bbox 2548 3228 2870 3301; x_wconf 75' lang='lat' dir='ltr'><strong>Arianorum</strong></span> <span class='ocrx_word' id='word_1_545' title='bbox 2898 3233 2945 3275; x_wconf 84' lang='lat' dir='ltr'><strong>et</strong></span> <span class='ocrx_word' id='word_1_546' title='bbox 2978 3222 3436 3277; x_wconf 83' lang='lat' dir='ltr'><strong>Eunomianorum</strong></span> 
     </span>
    </p>
   </div>
   <div class='ocr_carea' id='block_1_77' title="bbox 2625 3297 2897 3348">
    <p class='ocr_par' dir='ltr' id='par_1_77' title="bbox 2625 3297 2897 3348">
     <span class='ocr_line' id='line_1_77' title="bbox 2625 3297 2897 3348; baseline 0.011 -3"><span class='ocrx_word' id='word_1_547' title='bbox 2625 3297 2897 3348; x_wconf 73' lang='lat' dir='ltr'><strong>Ita&#39;reseos.</strong></span> 
     </span>
    </p>
   </div>
   <div class='ocr_carea' id='block_1_78' title="bbox 2048 3404 3541 3468">
    <p class='ocr_par' dir='ltr' id='par_1_78' title="bbox 2048 3404 3541 3468">
     <span class='ocr_line' id='line_1_78' title="bbox 2048 3404 3541 3468; baseline -0.005 -4"><span class='ocrx_word' id='word_1_548' title='bbox 2048 3412 2121 3464; x_wconf 87' lang='lat' dir='ltr'><strong>Ea</strong></span> <span class='ocrx_word' id='word_1_549' title='bbox 2156 3419 2275 3463; x_wconf 89' lang='lat' dir='ltr'><strong>erat</strong></span> <span class='ocrx_word' id='word_1_550' title='bbox 2308 3406 2562 3462; x_wconf 87' lang='lat' dir='ltr'><strong>Eunomii</strong></span> <span class='ocrx_word' id='word_1_551' title='bbox 2615 3414 2671 3459; x_wconf 87' lang='lat' dir='ltr'><strong>et</strong></span> <span class='ocrx_word' id='word_1_552' title='bbox 2715 3404 2986 3458; x_wconf 69' lang='lat' dir='ltr'><strong>haareseos</strong></span> <span class='ocrx_word' id='word_1_553' title='bbox 3046 3416 3163 3468; x_wconf 65' lang='lat' dir='ltr'><strong>eius</strong></span> <span class='ocrx_word' id='word_1_554' title='bbox 3208 3416 3541 3457; x_wconf 80' lang='lat' dir='ltr'><strong>sectatorum</strong></span> 
     </span>
    </p>
   </div>
   <div class='ocr_carea' id='block_1_79' title="bbox 1980 3493 3549 3566">
    <p class='ocr_par' dir='ltr' id='par_1_79' title="bbox 1980 3493 3549 3566">
     <span class='ocr_line' id='line_1_79' title="bbox 1980 3493 3549 3566; baseline -0.007 -9"><span class='ocrx_word' id='word_1_555' title='bbox 1980 3512 2474 3566; x_wconf 86' lang='lat' dir='ltr'><strong>successorumque</strong></span> <span class='ocrx_word' id='word_1_556' title='bbox 2506 3495 2798 3558; x_wconf 87' lang='lat' dir='ltr'><strong>sententia,</strong></span> <span class='ocrx_word' id='word_1_557' title='bbox 2848 3503 2908 3547; x_wconf 93' lang='lat' dir='ltr'><strong>ut</strong></span> <span class='ocrx_word' id='word_1_558' title='bbox 2946 3494 3160 3547; x_wconf 83' lang='lat' dir='ltr'><strong>Patrem</strong></span> <span class='ocrx_word' id='word_1_559' title='bbox 3213 3493 3440 3561; x_wconf 89' lang='lat' dir='ltr'><strong>primam</strong></span> <span class='ocrx_word' id='word_1_560' title='bbox 3491 3500 3549 3546; x_wconf 89' lang='lat' dir='ltr'><strong>et</strong></span> 
     </span>
    </p>
   </div>
   <div class='ocr_carea' id='block_1_80' title="bbox 1980 3583 3534 3662">
    <p class='ocr_par' dir='ltr' id='par_1_80' title="bbox 1980 3583 3534 3662">
     <span class='ocr_line' id='line_1_80' title="bbox 1980 3583 3534 3662; baseline -0.008 -16"><span class='ocrx_word' id='word_1_561' title='bbox 1980 3593 2250 3662; x_wconf 73' lang='lat' dir='ltr'><strong>proliriam</strong></span> <span class='ocrx_word' id='word_1_562' title='bbox 2281 3587 2576 3642; x_wconf 84' lang='lat' dir='ltr'><strong>essentiam</strong></span> <span class='ocrx_word' id='word_1_563' title='bbox 2602 3603 2615 3649; x_wconf 91' lang='lat'><strong>;</strong></span> <span class='ocrx_word' id='word_1_564' title='bbox 2649 3583 2844 3637; x_wconf 91' lang='lat' dir='ltr'><strong>deinde</strong></span> <span class='ocrx_word' id='word_1_565' title='bbox 2874 3584 3091 3644; x_wconf 85' lang='lat' dir='ltr'><strong>Filium,</strong></span> <span class='ocrx_word' id='word_1_566' title='bbox 3116 3583 3205 3651; x_wconf 90' lang='lat' dir='ltr'><strong>qui</strong></span> <span class='ocrx_word' id='word_1_567' title='bbox 3234 3584 3350 3651; x_wconf 91' lang='lat' dir='ltr'><strong>ejus</strong></span> <span class='ocrx_word' id='word_1_568' title='bbox 3378 3583 3534 3636; x_wconf 90' lang='lat' dir='ltr'><strong>inter-</strong></span> 
     </span>
    </p>
   </div>
   <div class='ocr_carea' id='block_1_81' title="bbox 1985 3674 3542 3749">
    <p class='ocr_par' dir='ltr' id='par_1_81' title="bbox 1985 3674 3542 3749">
     <span class='ocr_line' id='line_1_81' title="bbox 1985 3674 3542 3749; baseline -0.008 -13"><span class='ocrx_word' id='word_1_569' title='bbox 1985 3683 2162 3738; x_wconf 90' lang='lat' dir='ltr'><strong>medio</strong></span> <span class='ocrx_word' id='word_1_570' title='bbox 2206 3680 2502 3749; x_wconf 87' lang='lat' dir='ltr'><strong>productus</strong></span> <span class='ocrx_word' id='word_1_571' title='bbox 2542 3685 2728 3731; x_wconf 89' lang='lat' dir='ltr'><strong>esset:</strong></span> <span class='ocrx_word' id='word_1_572' title='bbox 2772 3685 3044 3743; x_wconf 63' lang='lat' dir='ltr'><strong>postremo</strong></span> <span class='ocrx_word' id='word_1_573' title='bbox 3098 3674 3358 3742; x_wconf 89' lang='lat' dir='ltr'><strong>Spiritum</strong></span> <span class='ocrx_word' id='word_1_574' title='bbox 3419 3689 3542 3726; x_wconf 90' lang='lat' dir='ltr'><strong>san-</strong></span> 
     </span>
    </p>
   </div>
   <div class='ocr_carea' id='block_1_82' title="bbox 1984 3767 3543 3840">
    <p class='ocr_par' dir='ltr' id='par_1_82' title="bbox 1984 3767 3543 3840">
     <span class='ocr_line' id='line_1_82' title="bbox 1984 3767 3543 3840; baseline -0.01 -10"><span class='ocrx_word' id='word_1_575' title='bbox 1984 3788 2153 3838; x_wconf 86' lang='lat' dir='ltr'><strong>ctum,</strong></span> <span class='ocrx_word' id='word_1_576' title='bbox 2187 3789 2305 3827; x_wconf 90' lang='lat' dir='ltr'><strong>eam</strong></span> <span class='ocrx_word' id='word_1_577' title='bbox 2331 3787 2452 3840; x_wconf 76' lang='lat' dir='ltr'><strong>qua:</strong></span> <span class='ocrx_word' id='word_1_578' title='bbox 2482 3767 2903 3837; x_wconf 67' lang='lat' dir='ltr'><strong>praecedentium</strong></span> <span class='ocrx_word' id='word_1_579' title='bbox 2939 3768 3115 3820; x_wconf 87' lang='lat' dir='ltr'><strong>neutri</strong></span> <span class='ocrx_word' id='word_1_580' title='bbox 3145 3775 3543 3820; x_wconf 88' lang='lat' dir='ltr'><strong>accenseretur.</strong></span> 
     </span>
    </p>
   </div>
   <div class='ocr_carea' id='block_1_83' title="bbox 1983 3860 3548 3934">
    <p class='ocr_par' dir='ltr' id='par_1_83' title="bbox 1983 3860 3548 3934">
     <span class='ocr_line' id='line_1_83' title="bbox 1983 3860 3548 3934; baseline -0.008 -14"><span class='ocrx_word' id='word_1_581' title='bbox 1983 3868 2242 3933; x_wconf 81' lang='lat' dir='ltr'><strong>Quamvis</strong></span> <span class='ocrx_word' id='word_1_582' title='bbox 2272 3874 2452 3919; x_wconf 85' lang='lat' dir='ltr'><strong>autem</strong></span> <span class='ocrx_word' id='word_1_583' title='bbox 2482 3864 2676 3934; x_wconf 82' lang='lat' dir='ltr'><strong>Filiu_m</strong></span> <span class='ocrx_word' id='word_1_584' title='bbox 2715 3877 2744 3914; x_wconf 91' lang='lat' dir='ltr'><strong>a</strong></span> <span class='ocrx_word' id='word_1_585' title='bbox 2788 3861 2964 3914; x_wconf 87' lang='lat' dir='ltr'><strong>Patris</strong></span> <span class='ocrx_word' id='word_1_586' title='bbox 3008 3860 3243 3912; x_wconf 90' lang='lat' dir='ltr'><strong>essentia</strong></span> <span class='ocrx_word' id='word_1_587' title='bbox 3297 3860 3548 3927; x_wconf 85' lang='lat' dir='ltr'><strong>sejunge-</strong></span> 
     </span>
    </p>
   </div>
   <div class='ocr_carea' id='block_1_84' title="bbox 1988 3949 3547 4019">
    <p class='ocr_par' dir='ltr' id='par_1_84' title="bbox 1988 3949 3547 4019">
     <span class='ocr_line' id='line_1_84' title="bbox 1988 3949 3547 4019; baseline -0.006 -9"><span class='ocrx_word' id='word_1_588' title='bbox 1988 3965 2134 4019; x_wconf 87' lang='lat' dir='ltr'><strong>rent,</strong></span> <span class='ocrx_word' id='word_1_589' title='bbox 2166 3965 2343 4010; x_wconf 91' lang='lat' dir='ltr'><strong>tamen</strong></span> <span class='ocrx_word' id='word_1_590' title='bbox 2372 3970 2518 4008; x_wconf 90' lang='lat' dir='ltr'><strong>nunc</strong></span> <span class='ocrx_word' id='word_1_591' title='bbox 2544 3953 2735 4007; x_wconf 89' lang='lat' dir='ltr'><strong>eodem</strong></span> <span class='ocrx_word' id='word_1_592' title='bbox 2763 3961 2819 4005; x_wconf 89' lang='lat' dir='ltr'><strong>et</strong></span> <span class='ocrx_word' id='word_1_593' title='bbox 2841 3950 3116 4003; x_wconf 86' lang='lat' dir='ltr'><strong>communi</strong></span> <span class='ocrx_word' id='word_1_594' title='bbox 3146 3950 3350 4002; x_wconf 91' lang='lat' dir='ltr'><strong>honore</strong></span> <span class='ocrx_word' id='word_1_595' title='bbox 3379 3949 3547 4001; x_wconf 77' lang='lat' dir='ltr'><strong>Deum</strong></span> 
     </span>
    </p>
   </div>
   <div class='ocr_carea' id='block_1_85' title="bbox 1988 4037 3548 4114">
    <p class='ocr_par' dir='ltr' id='par_1_85' title="bbox 1988 4037 3548 4114">
     <span class='ocr_line' id='line_1_85' title="bbox 1988 4037 3548 4114; baseline -0.006 -14"><span class='ocrx_word' id='word_1_596' title='bbox 1988 4047 2162 4114; x_wconf 89' lang='lat' dir='ltr'><strong>ipsum</strong></span> <span class='ocrx_word' id='word_1_597' title='bbox 2196 4043 2577 4113; x_wconf 75' lang='lat' dir='ltr'><strong>appellabant:</strong></span> <span class='ocrx_word' id='word_1_598' title='bbox 2614 4055 2757 4093; x_wconf 88' lang='lat' dir='ltr'><strong>nunc</strong></span> <span class='ocrx_word' id='word_1_599' title='bbox 2783 4041 2974 4093; x_wconf 91' lang='lat' dir='ltr'><strong>eodem</strong></span> <span class='ocrx_word' id='word_1_600' title='bbox 3010 4040 3247 4092; x_wconf 83' lang='lat' dir='ltr'><strong>neruine.</strong></span> <span class='ocrx_word' id='word_1_601' title='bbox 3278 4037 3548 4092; x_wconf 81' lang='lat' dir='ltr'><strong>Caeterum</strong></span> 
     </span>
    </p>
   </div>
   <div class='ocr_carea' id='block_1_86' title="bbox 1988 4127 3554 4203">
    <p class='ocr_par' dir='ltr' id='par_1_86' title="bbox 1988 4127 3554 4203">
     <span class='ocr_line' id='line_1_86' title="bbox 1988 4127 3554 4203; baseline -0.005 -15"><span class='ocrx_word' id='word_1_602' title='bbox 1988 4133 2308 4203; x_wconf 89' lang='lat' dir='ltr'><strong>reprehensi</strong></span> <span class='ocrx_word' id='word_1_603' title='bbox 2343 4133 2410 4185; x_wconf 92' lang='lat' dir='ltr'><strong>ab</strong></span> <span class='ocrx_word' id='word_1_604' title='bbox 2440 4130 2777 4195; x_wconf 81' lang='lat' dir='ltr'><strong>orthodoxis,</strong></span> <span class='ocrx_word' id='word_1_605' title='bbox 2806 4131 2949 4198; x_wconf 78' lang='lat' dir='ltr'><strong>quod</strong></span> <span class='ocrx_word' id='word_1_606' title='bbox 2990 4127 3108 4181; x_wconf 84' lang='lat' dir='ltr'><strong>ﬁeri</strong></span> <span class='ocrx_word' id='word_1_607' title='bbox 3138 4143 3245 4181; x_wconf 88' lang='lat' dir='ltr'><strong>non</strong></span> <span class='ocrx_word' id='word_1_608' title='bbox 3274 4130 3465 4197; x_wconf 87' lang='lat' dir='ltr'><strong>possit.</strong></span> <span class='ocrx_word' id='word_1_609' title='bbox 3493 4136 3554 4180; x_wconf 94' lang='lat' dir='ltr'><strong>ut</strong></span> 
     </span>
    </p>
   </div>
   <div class='ocr_carea' id='block_1_87' title="bbox 1989 4219 3548 4292">
    <p class='ocr_par' dir='ltr' id='par_1_87' title="bbox 1989 4219 3548 4292">
     <span class='ocr_line' id='line_1_87' title="bbox 1989 4219 3548 4292; baseline -0.006 -13"><span class='ocrx_word' id='word_1_610' title='bbox 1989 4226 2157 4279; x_wconf 76' lang='lat' dir='ltr'><strong>Filius</strong></span> <span class='ocrx_word' id='word_1_611' title='bbox 2185 4226 2375 4278; x_wconf 86' lang='lat' dir='ltr'><strong>eodem</strong></span> <span class='ocrx_word' id='word_1_612' title='bbox 2408 4235 2464 4278; x_wconf 90' lang='lat' dir='ltr'><strong>et</strong></span> <span class='ocrx_word' id='word_1_613' title='bbox 2493 4222 2715 4292; x_wconf 84' lang='lat' dir='ltr'><strong>preprio</strong></span> <span class='ocrx_word' id='word_1_614' title='bbox 2765 4220 2985 4274; x_wconf 90' lang='lat' dir='ltr'><strong>nomine</strong></span> <span class='ocrx_word' id='word_1_615' title='bbox 3042 4219 3185 4273; x_wconf 88' lang='lat' dir='ltr'><strong>Deus</strong></span> <span class='ocrx_word' id='word_1_616' title='bbox 3228 4220 3548 4288; x_wconf 83' lang='lat' dir='ltr'><strong>appelletur,</strong></span> 
     </span>
    </p>
   </div>
   <div class='ocr_carea' id='block_1_88' title="bbox 1992 4314 3551 4385">
    <p class='ocr_par' dir='ltr' id='par_1_88' title="bbox 1992 4314 3551 4385">
     <span class='ocr_line' id='line_1_88' title="bbox 1992 4314 3551 4385; baseline -0.006 -16"><span class='ocrx_word' id='word_1_617' title='bbox 1992 4316 2400 4385; x_wconf 87' lang='lat' dir='ltr'><strong>respondebant</strong></span> <span class='ocrx_word' id='word_1_618' title='bbox 2427 4314 2879 4382; x_wconf 85' lang='lat' dir='ltr'><strong>homonymorum</strong></span> <span class='ocrx_word' id='word_1_619' title='bbox 2909 4326 3015 4363; x_wconf 91' lang='lat' dir='ltr'><strong>non</strong></span> <span class='ocrx_word' id='word_1_620' title='bbox 3041 4325 3205 4362; x_wconf 91' lang='lat' dir='ltr'><strong>unum</strong></span> <span class='ocrx_word' id='word_1_621' title='bbox 3230 4324 3349 4363; x_wconf 83' lang='lat' dir='ltr'><strong>esse</strong></span> <span class='ocrx_word' id='word_1_622' title='bbox 3374 4325 3551 4370; x_wconf 90' lang='lat' dir='ltr'><strong>usum,</strong></span> 
     </span>
    </p>
   </div>
   <div class='ocr_carea' id='block_1_89' title="bbox 1992 4400 3558 4472">
    <p class='ocr_par' dir='ltr' id='par_1_89' title="bbox 1992 4400 3558 4472">
     <span class='ocr_line' id='line_1_89' title="bbox 1992 4400 3558 4472; baseline -0.006 -10"><span class='ocrx_word' id='word_1_623' title='bbox 1992 4408 2086 4462; x_wconf 88' lang='lat' dir='ltr'><strong>sed</strong></span> <span class='ocrx_word' id='word_1_624' title='bbox 2128 4408 2291 4460; x_wconf 86' lang='lat' dir='ltr'><strong>etiam</strong></span> <span class='ocrx_word' id='word_1_625' title='bbox 2328 4405 2650 4466; x_wconf 90' lang='lat' dir='ltr'><strong>secundum,</strong></span> <span class='ocrx_word' id='word_1_626' title='bbox 2681 4418 2790 4472; x_wconf 91' lang='lat' dir='ltr'><strong>quo</strong></span> <span class='ocrx_word' id='word_1_627' title='bbox 2840 4402 3059 4471; x_wconf 90' lang='lat' dir='ltr'><strong>quidem</strong></span> <span class='ocrx_word' id='word_1_628' title='bbox 3098 4402 3421 4470; x_wconf 77' lang='lat' dir='ltr'><strong>homonyma</strong></span> <span class='ocrx_word' id='word_1_629' title='bbox 3472 4400 3558 4452; x_wconf 81' lang='lat' dir='ltr'><strong>di-</strong></span> 
     </span>
    </p>
   </div>
   <div class='ocr_carea' id='block_1_90' title="bbox 324 4485 2017 4565">
    <p class='ocr_par' dir='ltr' id='par_1_90' title="bbox 324 4485 2017 4557">
     <span class='ocr_line' id='line_1_90' title="bbox 324 4485 2017 4557; baseline 0.005 -22"><span class='ocrx_word' id='word_1_630' title='bbox 324 4501 453 4540; x_wconf 86' lang='lat' dir='ltr'><strong>vera</strong></span> <span class='ocrx_word' id='word_1_631' title='bbox 489 4486 649 4539; x_wconf 90' lang='lat' dir='ltr'><strong>simul</strong></span> <span class='ocrx_word' id='word_1_632' title='bbox 681 4493 735 4539; x_wconf 90' lang='lat' dir='ltr'><strong>et</strong></span> <span class='ocrx_word' id='word_1_633' title='bbox 760 4485 894 4539; x_wconf 79' lang='lat' dir='ltr'><strong>falsa</strong></span> <span class='ocrx_word' id='word_1_634' title='bbox 925 4496 1027 4540; x_wconf 89' lang='lat' dir='ltr'><strong>est.</strong></span> <span class='ocrx_word' id='word_1_635' title='bbox 1064 4486 1141 4539; x_wconf 89' lang='lat' dir='ltr'><strong>lta</strong></span> <span class='ocrx_word' id='word_1_636' title='bbox 1179 4503 1341 4554; x_wconf 91' lang='lat' dir='ltr'><strong>porro</strong></span> <span class='ocrx_word' id='word_1_637' title='bbox 1367 4503 1424 4542; x_wconf 89' lang='lat' dir='ltr'><strong>se</strong></span> <span class='ocrx_word' id='word_1_638' title='bbox 1468 4489 1631 4543; x_wconf 91' lang='lat' dir='ltr'><strong>habet</strong></span> <span class='ocrx_word' id='word_1_639' title='bbox 1672 4491 1776 4545; x_wconf 89' lang='lat' dir='ltr'><strong>hoc</strong></span> <span class='ocrx_word' id='word_1_640' title='bbox 1806 4490 1891 4543; x_wconf 90' lang='lat' dir='ltr'><strong>di-</strong></span> <span class='ocrx_word' id='word_1_641' title='bbox 1920 4502 1966 4557; x_wconf 75' lang='grc' dir='ltr'><strong><em>υ</em></strong></span> <span class='ocrx_word' id='word_1_642' title='bbox 1997 4517 2017 4551; x_wconf 62' lang='grc' dir='ltr'><strong>ι</strong></span> 
     </span>
    </p>
   </div>
   <div class='ocr_carea' id='block_1_91' title="bbox 1861 4485 3554 4565">
    <p class='ocr_par' dir='ltr' id='par_1_91' title="bbox 1866 4493 3554 4565">
     <span class='ocr_line' id='line_1_91' title="bbox 1866 4493 3554 4565; baseline -0.007 -10"><span class='ocrx_word' id='word_1_643' title='bbox 1866 4521 1891 4531; x_wconf 91' lang='grc'><strong>·</strong></span> <span class='ocrx_word' id='word_1_644' title='bbox 1920 4502 1966 4557; x_wconf 87' lang='lat' dir='ltr'><strong>D</strong></span> <span class='ocrx_word' id='word_1_645' title='bbox 1997 4500 2136 4552; x_wconf 80' lang='lat' dir='ltr'><strong>versi</strong></span> <span class='ocrx_word' id='word_1_646' title='bbox 2168 4507 2295 4551; x_wconf 90' lang='lat' dir='ltr'><strong>sunt</strong></span> <span class='ocrx_word' id='word_1_647' title='bbox 2338 4496 2553 4565; x_wconf 90' lang='lat' dir='ltr'><strong>generis</strong></span> <span class='ocrx_word' id='word_1_648' title='bbox 2594 4504 2649 4547; x_wconf 89' lang='lat' dir='ltr'><strong>et</strong></span> <span class='ocrx_word' id='word_1_649' title='bbox 2704 4504 2932 4562; x_wconf 90' lang='lat' dir='ltr'><strong>utraque</strong></span> <span class='ocrx_word' id='word_1_650' title='bbox 2977 4493 3238 4563; x_wconf 79' lang='lat' dir='ltr'><strong>propria:</strong></span> <span class='ocrx_word' id='word_1_651' title='bbox 3287 4505 3554 4558; x_wconf 80' lang='lat' dir='ltr'><strong>canesque</strong></span> 
     </span>
    </p>
   </div>
   <div class='ocr_carea' id='block_1_92' title="bbox 325 4576 1885 4649">
    <p class='ocr_par' dir='ltr' id='par_1_92' title="bbox 325 4576 1885 4649">
     <span class='ocr_line' id='line_1_92' title="bbox 325 4576 1885 4649; baseline 0.003 -18"><span class='ocrx_word' id='word_1_652' title='bbox 325 4579 520 4631; x_wconf 86' lang='lat' dir='ltr'><strong>lemma</strong></span> <span class='ocrx_word' id='word_1_653' title='bbox 548 4594 561 4629; x_wconf 90' lang='lat'><strong>:</strong></span> <span class='ocrx_word' id='word_1_654' title='bbox 593 4576 751 4630; x_wconf 89' lang='lat' dir='ltr'><strong>Nunc</strong></span> <span class='ocrx_word' id='word_1_655' title='bbox 776 4592 876 4645; x_wconf 88' lang='lat' dir='ltr'><strong>ego</strong></span> <span class='ocrx_word' id='word_1_656' title='bbox 901 4579 1155 4631; x_wconf 87' lang='lat' dir='ltr'><strong>mentior.</strong></span> <span class='ocrx_word' id='word_1_657' title='bbox 1188 4578 1460 4632; x_wconf 89' lang='lat' dir='ltr'><strong>Ponamus</strong></span> <span class='ocrx_word' id='word_1_658' title='bbox 1478 4581 1785 4649; x_wconf 85' lang='lat' dir='ltr'><strong>quempiam</strong></span> <span class='ocrx_word' id='word_1_659' title='bbox 1812 4582 1885 4635; x_wconf 89' lang='lat' dir='ltr'><strong>ita</strong></span> 
     </span>
    </p>
   </div>
   <div class='ocr_carea' id='block_1_93' title="bbox 324 4665 1887 4740">
    <p class='ocr_par' dir='ltr' id='par_1_93' title="bbox 324 4665 1887 4740">
     <span class='ocr_line' id='line_1_93' title="bbox 324 4665 1887 4740; baseline 0.005 -22"><span class='ocrx_word' id='word_1_660' title='bbox 324 4665 533 4719; x_wconf 79' lang='lat' dir='ltr'><strong>dixisse</strong></span> <span class='ocrx_word' id='word_1_661' title='bbox 568 4685 581 4720; x_wconf 94' lang='lat'><strong>:</strong></span> <span class='ocrx_word' id='word_1_662' title='bbox 618 4667 731 4735; x_wconf 82' lang='lat' dir='ltr'><strong>Ego</strong></span> <span class='ocrx_word' id='word_1_663' title='bbox 764 4683 912 4721; x_wconf 89' lang='lat' dir='ltr'><strong>nunc</strong></span> <span class='ocrx_word' id='word_1_664' title='bbox 958 4668 1214 4728; x_wconf 85' lang='lat' dir='ltr'><strong>mentior,</strong></span> <span class='ocrx_word' id='word_1_665' title='bbox 1252 4684 1354 4722; x_wconf 90' lang='lat' dir='ltr'><strong>nec</strong></span> <span class='ocrx_word' id='word_1_666' title='bbox 1396 4670 1502 4724; x_wconf 89' lang='lat' dir='ltr'><strong>alio</strong></span> <span class='ocrx_word' id='word_1_667' title='bbox 1549 4673 1887 4740; x_wconf 67' lang='lat' dir='ltr'><strong>praecedente</strong></span> 
     </span>
    </p>
   </div>
   <div class='ocr_carea' id='block_1_94' title="bbox 326 4756 1889 4829">
    <p class='ocr_par' dir='ltr' id='par_1_94' title="bbox 326 4756 1889 4829">
     <span class='ocr_line' id='line_1_94' title="bbox 326 4756 1889 4829; baseline 0.003 -17"><span class='ocrx_word' id='word_1_668' title='bbox 326 4771 584 4812; x_wconf 89' lang='lat' dir='ltr'><strong>sermone</strong></span> <span class='ocrx_word' id='word_1_669' title='bbox 624 4756 894 4815; x_wconf 87' lang='lat' dir='ltr'><strong>intulisse,</strong></span> <span class='ocrx_word' id='word_1_670' title='bbox 938 4757 1031 4809; x_wconf 87' lang='lat' dir='ltr'><strong>sed</strong></span> <span class='ocrx_word' id='word_1_671' title='bbox 1068 4759 1302 4824; x_wconf 88' lang='lat' dir='ltr'><strong>primum</strong></span> <span class='ocrx_word' id='word_1_672' title='bbox 1333 4760 1534 4813; x_wconf 82' lang='lat' dir='ltr'><strong>dixisse</strong></span> <span class='ocrx_word' id='word_1_673' title='bbox 1564 4778 1577 4813; x_wconf 90' lang='lat'><strong>:</strong></span> <span class='ocrx_word' id='word_1_674' title='bbox 1604 4762 1761 4816; x_wconf 87' lang='lat' dir='ltr'><strong>Nunc</strong></span> <span class='ocrx_word' id='word_1_675' title='bbox 1788 4780 1889 4829; x_wconf 76' lang='lat' dir='ltr'><strong>ego</strong></span> 
     </span>
    </p>
   </div>
   <div class='ocr_carea' id='block_1_95' title="bbox 325 4846 1893 4916">
    <p class='ocr_par' dir='ltr' id='par_1_95' title="bbox 325 4846 1893 4916">
     <span class='ocr_line' id='line_1_95' title="bbox 325 4846 1893 4916; baseline 0.004 -15"><span class='ocrx_word' id='word_1_676' title='bbox 325 4848 592 4910; x_wconf 88' lang='lat' dir='ltr'><strong>mentior;</strong></span> <span class='ocrx_word' id='word_1_677' title='bbox 627 4846 1094 4916; x_wconf 84' lang='lat' dir='ltr'><strong>dispiciamusque</strong></span> <span class='ocrx_word' id='word_1_678' title='bbox 1121 4864 1185 4900; x_wconf 89' lang='lat' dir='ltr'><strong>an</strong></span> <span class='ocrx_word' id='word_1_679' title='bbox 1224 4851 1402 4902; x_wconf 90' lang='lat' dir='ltr'><strong>locum</strong></span> <span class='ocrx_word' id='word_1_680' title='bbox 1454 4850 1543 4904; x_wconf 91' lang='lat' dir='ltr'><strong>hic</strong></span> <span class='ocrx_word' id='word_1_681' title='bbox 1579 4852 1777 4907; x_wconf 88' lang='lat' dir='ltr'><strong>habeat</strong></span> <span class='ocrx_word' id='word_1_682' title='bbox 1802 4870 1893 4908; x_wconf 91' lang='lat' dir='ltr'><strong>ne-</strong></span> 
     </span>
    </p>
   </div>
   <div class='ocr_carea' id='block_1_96' title="bbox 326 4939 1887 5012">
    <p class='ocr_par' dir='ltr' id='par_1_96' title="bbox 326 4939 1887 5012">
     <span class='ocr_line' id='line_1_96' title="bbox 326 4939 1887 5012; baseline 0.003 -21"><span class='ocrx_word' id='word_1_683' title='bbox 326 4940 508 5007; x_wconf 86' lang='lat' dir='ltr'><strong>gativa</strong></span> <span class='ocrx_word' id='word_1_684' title='bbox 542 4939 868 5007; x_wconf 90' lang='lat' dir='ltr'><strong>propositio,</strong></span> <span class='ocrx_word' id='word_1_685' title='bbox 907 4954 976 4991; x_wconf 90' lang='lat' dir='ltr'><strong>an</strong></span> <span class='ocrx_word' id='word_1_686' title='bbox 1032 4940 1219 5007; x_wconf 88' lang='lat' dir='ltr'><strong>utique</strong></span> <span class='ocrx_word' id='word_1_687' title='bbox 1256 4942 1429 4993; x_wconf 85' lang='lat' dir='ltr'><strong>solum</strong></span> <span class='ocrx_word' id='word_1_688' title='bbox 1484 4958 1611 4995; x_wconf 83' lang='lat' dir='ltr'><strong>vera</strong></span> <span class='ocrx_word' id='word_1_689' title='bbox 1661 4945 1887 5012; x_wconf 77' lang='lat' dir='ltr'><strong>dixerit,</strong></span> 
     </span>
    </p>
   </div>
   <div class='ocr_carea' id='block_1_97' title="bbox 328 5031 1893 5091">
    <p class='ocr_par' dir='ltr' id='par_1_97' title="bbox 328 5031 1893 5091">
     <span class='ocr_line' id='line_1_97' title="bbox 328 5031 1893 5091; baseline 0.006 -10"><span class='ocrx_word' id='word_1_690' title='bbox 328 5046 396 5081; x_wconf 85' lang='lat' dir='ltr'><strong>an</strong></span> <span class='ocrx_word' id='word_1_691' title='bbox 425 5045 555 5082; x_wconf 82' lang='lat' dir='ltr'><strong>vero</strong></span> <span class='ocrx_word' id='word_1_692' title='bbox 588 5032 850 5083; x_wconf 88' lang='lat' dir='ltr'><strong>mentitus</strong></span> <span class='ocrx_word' id='word_1_693' title='bbox 900 5031 991 5083; x_wconf 92' lang='lat' dir='ltr'><strong>sit.</strong></span> <span class='ocrx_word' id='word_1_694' title='bbox 1045 5031 1161 5083; x_wconf 81' lang='lat' dir='ltr'><strong>.lam</strong></span> <span class='ocrx_word' id='word_1_695' title='bbox 1216 5036 1257 5085; x_wconf 82' lang='lat' dir='ltr'><strong>si</strong></span> <span class='ocrx_word' id='word_1_696' title='bbox 1307 5033 1459 5085; x_wconf 79' lang='lat' dir='ltr'><strong>dicas</strong></span> <span class='ocrx_word' id='word_1_697' title='bbox 1499 5050 1623 5087; x_wconf 89' lang='lat' dir='ltr'><strong>eum</strong></span> <span class='ocrx_word' id='word_1_698' title='bbox 1650 5052 1772 5089; x_wconf 74' lang='lat' dir='ltr'><strong>vera</strong></span> <span class='ocrx_word' id='word_1_699' title='bbox 1808 5039 1893 5091; x_wconf 89' lang='lat' dir='ltr'><strong>di-</strong></span> 
     </span>
    </p>
   </div>
   <div class='ocr_carea' id='block_1_98' title="bbox 330 5122 1893 5197">
    <p class='ocr_par' dir='ltr' id='par_1_98' title="bbox 330 5122 1893 5197">
     <span class='ocr_line' id='line_1_98' title="bbox 330 5122 1893 5197; baseline 0.007 -24"><span class='ocrx_word' id='word_1_700' title='bbox 330 5125 493 5186; x_wconf 79' lang='lat' dir='ltr'><strong>xisse,</strong></span> <span class='ocrx_word' id='word_1_701' title='bbox 556 5122 914 5189; x_wconf 79' lang='lat' dir='ltr'><strong>consequitur</strong></span> <span class='ocrx_word' id='word_1_702' title='bbox 963 5139 1180 5191; x_wconf 77' lang='lat' dir='ltr'><strong>quoque</strong></span> <span class='ocrx_word' id='word_1_703' title='bbox 1239 5135 1295 5175; x_wconf 80' lang='lat' dir='ltr'><strong>ut</strong></span> <span class='ocrx_word' id='word_1_704' title='bbox 1342 5128 1602 5178; x_wconf 77' lang='lat' dir='ltr'><strong>mentitus</strong></span> <span class='ocrx_word' id='word_1_705' title='bbox 1651 5129 1739 5190; x_wconf 80' lang='lat' dir='ltr'><strong>sit,</strong></span> <span class='ocrx_word' id='word_1_706' title='bbox 1778 5130 1893 5197; x_wconf 79' lang='lat' dir='ltr'><strong>ipse</strong></span> 
     </span>
    </p>
   </div>
   <div class='ocr_carea' id='block_1_99' title="bbox 329 5213 1891 5282">
    <p class='ocr_par' dir='ltr' id='par_1_99' title="bbox 329 5213 1891 5282">
     <span class='ocr_line' id='line_1_99' title="bbox 329 5213 1891 5282; baseline 0.006 -15"><span class='ocrx_word' id='word_1_707' title='bbox 329 5215 475 5267; x_wconf 90' lang='lat' dir='ltr'><strong>enim</strong></span> <span class='ocrx_word' id='word_1_708' title='bbox 507 5213 582 5267; x_wconf 90' lang='lat' dir='ltr'><strong>de</strong></span> <span class='ocrx_word' id='word_1_709' title='bbox 614 5214 794 5282; x_wconf 84' lang='lat' dir='ltr'><strong>seipso</strong></span> <span class='ocrx_word' id='word_1_710' title='bbox 827 5220 1105 5281; x_wconf 72' lang='lat' dir='ltr'><strong>proponit.</strong></span> <span class='ocrx_word' id='word_1_711' title='bbox 1144 5220 1298 5279; x_wconf 52' lang='lat' dir='ltr'><strong>Qun}</strong></span> <span class='ocrx_word' id='word_1_712' title='bbox 1352 5219 1401 5271; x_wconf 89' lang='lat' dir='ltr'><strong>si</strong></span> <span class='ocrx_word' id='word_1_713' title='bbox 1454 5221 1738 5273; x_wconf 70' lang='lat' dir='ltr'><strong>uit-utitum</strong></span> <span class='ocrx_word' id='word_1_714' title='bbox 1776 5237 1891 5277; x_wconf 80' lang='lat' dir='ltr'><strong>esse</strong></span> 
     </span>
    </p>
   </div>
   <div class='ocr_carea' id='block_1_100' title="bbox 332 5305 1891 5372">
    <p class='ocr_par' dir='ltr' id='par_1_100' title="bbox 332 5305 1891 5372">
     <span class='ocr_line' id='line_1_100' title="bbox 332 5305 1891 5372; baseline 0.004 -16"><span class='ocrx_word' id='word_1_715' title='bbox 332 5305 502 5366; x_wconf 84' lang='lat' dir='ltr'><strong>dicas,</strong></span> <span class='ocrx_word' id='word_1_716' title='bbox 542 5312 693 5356; x_wconf 81' lang='lat' dir='ltr'><strong>certe</strong></span> <span class='ocrx_word' id='word_1_717' title='bbox 723 5318 849 5356; x_wconf 85' lang='lat' dir='ltr'><strong>vera</strong></span> <span class='ocrx_word' id='word_1_718' title='bbox 880 5320 1097 5372; x_wconf 84' lang='lat' dir='ltr'><strong>quoque</strong></span> <span class='ocrx_word' id='word_1_719' title='bbox 1134 5311 1315 5360; x_wconf 63' lang='lat' dir='ltr'><strong>duxere</strong></span> <span class='ocrx_word' id='word_1_720' title='bbox 1346 5308 1579 5362; x_wconf 80' lang='lat' dir='ltr'><strong>videtur.</strong></span> <span class='ocrx_word' id='word_1_721' title='bbox 1629 5312 1705 5365; x_wconf 78' lang='lat' dir='ltr'><strong>Eo</strong></span> <span class='ocrx_word' id='word_1_722' title='bbox 1744 5314 1891 5365; x_wconf 68' lang='lat' dir='ltr'><strong>cuius</strong></span> 
     </span>
    </p>
   </div>
   <div class='ocr_carea' id='block_1_101' title="bbox 332 5396 1892 5473">
    <p class='ocr_par' dir='ltr' id='par_1_101' title="bbox 332 5396 1892 5473">
     <span class='ocr_line' id='line_1_101' title="bbox 332 5396 1892 5473; baseline 0.006 -24"><span class='ocrx_word' id='word_1_723' title='bbox 332 5399 451 5467; x_wconf 88' lang='lat' dir='ltr'><strong>ipso</strong></span> <span class='ocrx_word' id='word_1_724' title='bbox 470 5411 594 5448; x_wconf 86' lang='lat' dir='ltr'><strong>vera</strong></span> <span class='ocrx_word' id='word_1_725' title='bbox 624 5396 776 5456; x_wconf 90' lang='lat' dir='ltr'><strong>dicit,</strong></span> <span class='ocrx_word' id='word_1_726' title='bbox 804 5399 949 5464; x_wconf 84' lang='lat' dir='ltr'><strong>quod</strong></span> <span class='ocrx_word' id='word_1_727' title='bbox 975 5398 1193 5449; x_wconf 77' lang='lat' dir='ltr'><strong>mentiri</strong></span> <span class='ocrx_word' id='word_1_728' title='bbox 1215 5416 1270 5452; x_wconf 79' lang='lat' dir='ltr'><strong>se</strong></span> <span class='ocrx_word' id='word_1_729' title='bbox 1297 5404 1528 5467; x_wconf 85' lang='lat' dir='ltr'><strong>l&#39;atetur;</strong></span> <span class='ocrx_word' id='word_1_730' title='bbox 1557 5405 1892 5473; x_wconf 88' lang='lat' dir='ltr'><strong>omninoque</strong></span> 
     </span>
    </p>
   </div>
   <div class='ocr_carea' id='block_1_102' title="bbox 334 5487 1892 5549">
    <p class='ocr_par' dir='ltr' id='par_1_102' title="bbox 334 5487 1892 5549">
     <span class='ocr_line' id='line_1_102' title="bbox 334 5487 1892 5549; baseline 0.006 -9"><span class='ocrx_word' id='word_1_731' title='bbox 334 5500 556 5540; x_wconf 89' lang='lat' dir='ltr'><strong>necesse</strong></span> <span class='ocrx_word' id='word_1_732' title='bbox 596 5496 679 5539; x_wconf 91' lang='lat' dir='ltr'><strong>est</strong></span> <span class='ocrx_word' id='word_1_733' title='bbox 721 5494 779 5537; x_wconf 92' lang='lat' dir='ltr'><strong>ut</strong></span> <span class='ocrx_word' id='word_1_734' title='bbox 833 5487 1173 5541; x_wconf 88' lang='lat' dir='ltr'><strong>mendacium</strong></span> <span class='ocrx_word' id='word_1_735' title='bbox 1246 5493 1449 5545; x_wconf 71' lang='lat' dir='ltr'><strong>veritas</strong></span> <span class='ocrx_word' id='word_1_736' title='bbox 1495 5505 1550 5547; x_wconf 89' lang='lat' dir='ltr'><strong>et</strong></span> <span class='ocrx_word' id='word_1_737' title='bbox 1608 5506 1892 5549; x_wconf 80' lang='lat' dir='ltr'><strong>veritatem</strong></span> 
     </span>
    </p>
   </div>
   <div class='ocr_carea' id='block_1_103' title="bbox 335 5578 1897 5646">
    <p class='ocr_par' dir='ltr' id='par_1_103' title="bbox 335 5578 1897 5646">
     <span class='ocr_line' id='line_1_103' title="bbox 335 5578 1897 5646; baseline 0.006 -15"><span class='ocrx_word' id='word_1_738' title='bbox 335 5578 682 5632; x_wconf 88' lang='lat' dir='ltr'><strong>mendacium</strong></span> <span class='ocrx_word' id='word_1_739' title='bbox 718 5579 1084 5646; x_wconf 82' lang='lat' dir='ltr'><strong>subsequatur</strong></span> <span class='ocrx_word' id='word_1_740' title='bbox 1118 5600 1129 5633; x_wconf 91' lang='lat'><strong>:</strong></span> <span class='ocrx_word' id='word_1_741' title='bbox 1186 5584 1454 5637; x_wconf 81' lang='lat' dir='ltr'><strong>utramvis</strong></span> <span class='ocrx_word' id='word_1_742' title='bbox 1486 5586 1631 5639; x_wconf 87' lang='lat' dir='ltr'><strong>enim</strong></span> <span class='ocrx_word' id='word_1_743' title='bbox 1680 5598 1897 5640; x_wconf 84' lang='lat' dir='ltr'><strong>eontra-</strong></span> 
     </span>
    </p>
   </div>
   <div class='ocr_carea' id='block_1_104' title="bbox 332 5669 1893 5746">
    <p class='ocr_par' dir='ltr' id='par_1_104' title="bbox 332 5669 1893 5746">
     <span class='ocr_line' id='line_1_104' title="bbox 332 5669 1893 5746; baseline 0.005 -23"><span class='ocrx_word' id='word_1_744' title='bbox 332 5669 589 5724; x_wconf 85' lang='lat' dir='ltr'><strong>dictionis</strong></span> <span class='ocrx_word' id='word_1_745' title='bbox 617 5678 824 5738; x_wconf 90' lang='lat' dir='ltr'><strong>partem</strong></span> <span class='ocrx_word' id='word_1_746' title='bbox 853 5674 1212 5733; x_wconf 84' lang='lat' dir='ltr'><strong>concesseris,</strong></span> <span class='ocrx_word' id='word_1_747' title='bbox 1244 5674 1433 5727; x_wconf 85' lang='lat' dir='ltr'><strong>eadem</strong></span> <span class='ocrx_word' id='word_1_748' title='bbox 1467 5692 1633 5746; x_wconf 89' lang='lat' dir='ltr'><strong>opera</strong></span> <span class='ocrx_word' id='word_1_749' title='bbox 1667 5679 1893 5734; x_wconf 88' lang='lat' dir='ltr'><strong>alteram</strong></span> 
     </span>
    </p>
   </div>
   <div class='ocr_carea' id='block_1_105' title="bbox 332 5761 1891 5838">
    <p class='ocr_par' dir='ltr' id='par_1_105' title="bbox 332 5761 1891 5838">
     <span class='ocr_line' id='line_1_105' title="bbox 332 5761 1891 5838; baseline 0.007 -25"><span class='ocrx_word' id='word_1_750' title='bbox 332 5774 553 5830; x_wconf 80' lang='lat' dir='ltr'><strong>quoque</strong></span> <span class='ocrx_word' id='word_1_751' title='bbox 607 5761 971 5830; x_wconf 84' lang='lat' dir='ltr'><strong>assumpsisti.</strong></span> <span class='ocrx_word' id='word_1_752' title='bbox 1032 5763 1099 5814; x_wconf 85' lang='lat' dir='ltr'><strong>At</strong></span> <span class='ocrx_word' id='word_1_753' title='bbox 1155 5766 1437 5831; x_wconf 88' lang='lat' dir='ltr'><strong>mentitur,</strong></span> <span class='ocrx_word' id='word_1_754' title='bbox 1515 5770 1709 5838; x_wconf 75' lang='lat' dir='ltr'><strong>inquit,</strong></span> <span class='ocrx_word' id='word_1_755' title='bbox 1770 5787 1891 5825; x_wconf 78' lang='lat' dir='ltr'><strong>cuni</strong></span> 
     </span>
    </p>
   </div>
   <div class='ocr_carea' id='block_1_106' title="bbox 1999 4582 3557 4652">
    <p class='ocr_par' dir='ltr' id='par_1_106' title="bbox 1999 4582 3557 4652">
     <span class='ocr_line' id='line_1_106' title="bbox 1999 4582 3557 4652; baseline -0.006 -11"><span class='ocrx_word' id='word_1_756' title='bbox 1999 4599 2315 4642; x_wconf 88' lang='lat' dir='ltr'><strong>terrestrem</strong></span> <span class='ocrx_word' id='word_1_757' title='bbox 2350 4596 2404 4640; x_wconf 81' lang='lat' dir='ltr'><strong>et</strong></span> <span class='ocrx_word' id='word_1_758' title='bbox 2456 4586 2749 4647; x_wconf 89' lang='lat' dir='ltr'><strong>marinum,</strong></span> <span class='ocrx_word' id='word_1_759' title='bbox 2809 4585 2902 4651; x_wconf 92' lang='lat' dir='ltr'><strong>qui</strong></span> <span class='ocrx_word' id='word_1_760' title='bbox 2961 4582 3270 4652; x_wconf 83' lang='lat' dir='ltr'><strong>homonymi</strong></span> <span class='ocrx_word' id='word_1_761' title='bbox 3325 4590 3450 4632; x_wconf 86' lang='lat' dir='ltr'><strong>sunt</strong></span> <span class='ocrx_word' id='word_1_762' title='bbox 3499 4588 3557 4631; x_wconf 88' lang='lat' dir='ltr'><strong>et</strong></span> 
     </span>
    </p>
   </div>
   <div class='ocr_carea' id='block_1_107' title="bbox 2000 4670 3557 4748">
    <p class='ocr_par' dir='ltr' id='par_1_107' title="bbox 2000 4670 3557 4748">
     <span class='ocr_line' id='line_1_107' title="bbox 2000 4670 3557 4748; baseline -0.008 -16"><span class='ocrx_word' id='word_1_763' title='bbox 2000 4681 2223 4748; x_wconf 83' lang='lat' dir='ltr'><strong>pmprie</strong></span> <span class='ocrx_word' id='word_1_764' title='bbox 2250 4680 2531 4731; x_wconf 84' lang='lat' dir='ltr'><strong>dicuntur.</strong></span> <span class='ocrx_word' id='word_1_765' title='bbox 2565 4676 2677 4729; x_wconf 86' lang='lat' dir='ltr'><strong>Nec</strong></span> <span class='ocrx_word' id='word_1_766' title='bbox 2699 4676 2845 4729; x_wconf 87' lang='lat' dir='ltr'><strong>enim</strong></span> <span class='ocrx_word' id='word_1_767' title='bbox 2873 4674 3011 4727; x_wconf 87' lang='lat' dir='ltr'><strong>alter</strong></span> <span class='ocrx_word' id='word_1_768' title='bbox 3039 4673 3256 4742; x_wconf 90' lang='lat' dir='ltr'><strong>proprie</strong></span> <span class='ocrx_word' id='word_1_769' title='bbox 3284 4671 3418 4724; x_wconf 89' lang='lat' dir='ltr'><strong>alter</strong></span> <span class='ocrx_word' id='word_1_770' title='bbox 3457 4670 3557 4721; x_wconf 92' lang='lat' dir='ltr'><strong>im-</strong></span> 
     </span>
    </p>
   </div>
   <div class='ocr_carea' id='block_1_108' title="bbox 2000 4758 3555 4835">
    <p class='ocr_par' dir='ltr' id='par_1_108' title="bbox 2000 4758 3555 4835">
     <span class='ocr_line' id='line_1_108' title="bbox 2000 4758 3555 4835; baseline -0.005 -16"><span class='ocrx_word' id='word_1_771' title='bbox 2000 4768 2219 4835; x_wconf 82' lang='lat' dir='ltr'><strong>proprie</strong></span> <span class='ocrx_word' id='word_1_772' title='bbox 2257 4769 2427 4826; x_wconf 87' lang='lat' dir='ltr'><strong>canis,</strong></span> <span class='ocrx_word' id='word_1_773' title='bbox 2465 4767 2557 4818; x_wconf 86' lang='lat' dir='ltr'><strong>sed</strong></span> <span class='ocrx_word' id='word_1_774' title='bbox 2619 4774 2851 4832; x_wconf 84' lang='lat' dir='ltr'><strong>uterque</strong></span> <span class='ocrx_word' id='word_1_775' title='bbox 2903 4763 3140 4832; x_wconf 87' lang='lat' dir='ltr'><strong>proprie,</strong></span> <span class='ocrx_word' id='word_1_776' title='bbox 3175 4762 3226 4815; x_wconf 90' lang='lat' dir='ltr'><strong>id</strong></span> <span class='ocrx_word' id='word_1_777' title='bbox 3271 4769 3371 4823; x_wconf 90' lang='lat' dir='ltr'><strong>est,</strong></span> <span class='ocrx_word' id='word_1_778' title='bbox 3409 4758 3555 4827; x_wconf 88' lang='lat' dir='ltr'><strong>quod</strong></span> 
     </span>
    </p>
   </div>
   <div class='ocr_carea' id='block_1_109' title="bbox 1998 4850 3557 4924">
    <p class='ocr_par' dir='ltr' id='par_1_109' title="bbox 1998 4850 3557 4924">
     <span class='ocr_line' id='line_1_109' title="bbox 1998 4850 3557 4924; baseline -0.007 -14"><span class='ocrx_word' id='word_1_779' title='bbox 1998 4862 2217 4912; x_wconf 76' lang='lat' dir='ltr'><strong>dicitur.</strong></span> <span class='ocrx_word' id='word_1_780' title='bbox 2255 4858 2428 4924; x_wconf 84' lang='lat' dir='ltr'><strong>Atque</strong></span> <span class='ocrx_word' id='word_1_781' title='bbox 2457 4857 2583 4909; x_wconf 89' lang='lat' dir='ltr'><strong>inde</strong></span> <span class='ocrx_word' id='word_1_782' title='bbox 2619 4855 2752 4917; x_wconf 91' lang='lat' dir='ltr'><strong>orsi,</strong></span> <span class='ocrx_word' id='word_1_783' title='bbox 2780 4854 2913 4907; x_wconf 90' lang='lat' dir='ltr'><strong>nihil</strong></span> <span class='ocrx_word' id='word_1_784' title='bbox 2946 4855 3158 4907; x_wconf 86' lang='lat' dir='ltr'><strong>obstare</strong></span> <span class='ocrx_word' id='word_1_785' title='bbox 3184 4850 3557 4911; x_wconf 81' lang='lat' dir='ltr'><strong>aﬂirmabaut,</strong></span> 
     </span>
    </p>
   </div>
   <div class='ocr_carea' id='block_1_110' title="bbox 1999 4942 3558 5020">
    <p class='ocr_par' dir='ltr' id='par_1_110' title="bbox 1999 4942 3558 5020">
     <span class='ocr_line' id='line_1_110' title="bbox 1999 4942 3558 5020; baseline -0.007 -14"><span class='ocrx_word' id='word_1_786' title='bbox 1999 4969 2288 5020; x_wconf 66' lang='lat' dir='ltr'><strong>qimxmnm</strong></span> <span class='ocrx_word' id='word_1_787' title='bbox 2308 4962 2360 4999; x_wconf 74' lang='lat' dir='ltr'><strong>ot</strong></span> <span class='ocrx_word' id='word_1_788' title='bbox 2391 4950 2544 5001; x_wconf 70' lang='lat' dir='ltr'><strong>Pater</strong></span> <span class='ocrx_word' id='word_1_789' title='bbox 2564 4959 2618 5002; x_wconf 91' lang='lat' dir='ltr'><strong>et</strong></span> <span class='ocrx_word' id='word_1_790' title='bbox 2638 4949 2808 5002; x_wconf 87' lang='lat' dir='ltr'><strong>Filius</strong></span> <span class='ocrx_word' id='word_1_791' title='bbox 2821 4947 3011 5002; x_wconf 87' lang='lat' dir='ltr'><strong>eodem</strong></span> <span class='ocrx_word' id='word_1_792' title='bbox 3025 4957 3080 5000; x_wconf 90' lang='lat' dir='ltr'><strong>et</strong></span> <span class='ocrx_word' id='word_1_793' title='bbox 3104 4944 3320 5014; x_wconf 87' lang='lat' dir='ltr'><strong>proprio</strong></span> <span class='ocrx_word' id='word_1_794' title='bbox 3338 4942 3558 4997; x_wconf 83' lang='lat' dir='ltr'><strong>nomine</strong></span> 
     </span>
    </p>
   </div>
   <div class='ocr_carea' id='block_1_111' title="bbox 2005 5043 2486 5111">
    <p class='ocr_par' dir='ltr' id='par_1_111' title="bbox 2005 5043 2486 5111">
     <span class='ocr_line' id='line_1_111' title="bbox 2005 5043 2486 5111; baseline -0.012 -14"><span class='ocrx_word' id='word_1_795' title='bbox 2005 5050 2138 5097; x_wconf 61' lang='grc' dir='ltr'><strong>ἰιι-ιιμ</strong></span> <span class='ocrx_word' id='word_1_796' title='bbox 2174 5043 2486 5111; x_wconf 79' lang='lat' dir='ltr'><strong>appelletur.</strong></span> 
     </span>
    </p>
   </div>
   <div class='ocr_carea' id='block_1_112' title="bbox 2074 5126 3560 5199">
    <p class='ocr_par' dir='ltr' id='par_1_112' title="bbox 2074 5126 3560 5199">
     <span class='ocr_line' id='line_1_112' title="bbox 2074 5126 3560 5199; baseline -0.007 -13"><span class='ocrx_word' id='word_1_797' title='bbox 2074 5142 2340 5187; x_wconf 56' lang='lat' dir='ltr'><strong>Laterum</strong></span> <span class='ocrx_word' id='word_1_798' title='bbox 2378 5135 2497 5185; x_wconf 82' lang='lat' dir='ltr'><strong>illos</strong></span> <span class='ocrx_word' id='word_1_799' title='bbox 2530 5145 2758 5199; x_wconf 82' lang='lat' dir='ltr'><strong>magnus</strong></span> <span class='ocrx_word' id='word_1_800' title='bbox 2790 5129 2879 5181; x_wconf 91' lang='lat' dir='ltr'><strong>ille</strong></span> <span class='ocrx_word' id='word_1_801' title='bbox 2922 5129 3078 5181; x_wconf 88' lang='lat' dir='ltr'><strong>Pater</strong></span> <span class='ocrx_word' id='word_1_802' title='bbox 3105 5126 3395 5195; x_wconf 85' lang='lat' dir='ltr'><strong>Gregorius</strong></span> <span class='ocrx_word' id='word_1_803' title='bbox 3442 5135 3560 5178; x_wconf 89' lang='lat' dir='ltr'><strong>tan-</strong></span> 
     </span>
    </p>
   </div>
   <div class='ocr_carea' id='block_1_113' title="bbox 2006 5218 3557 5287">
    <p class='ocr_par' dir='ltr' id='par_1_113' title="bbox 2006 5218 3557 5287">
     <span class='ocr_line' id='line_1_113' title="bbox 2006 5218 3557 5287; baseline -0.004 -12"><span class='ocrx_word' id='word_1_804' title='bbox 2006 5246 2162 5278; x_wconf 64' lang='lat' dir='ltr'><strong>».i.u..</strong></span> <span class='ocrx_word' id='word_1_805' title='bbox 2205 5232 2405 5276; x_wconf 59' lang='lat' dir='ltr'><strong>:itmima</strong></span> <span class='ocrx_word' id='word_1_806' title='bbox 2456 5223 2701 5274; x_wconf 68' lang='lat' dir='ltr'><strong>:lircntes</strong></span> <span class='ocrx_word' id='word_1_807' title='bbox 2751 5219 3045 5287; x_wconf 80' lang='lat' dir='ltr'><strong>redarguit.</strong></span> <span class='ocrx_word' id='word_1_808' title='bbox 3085 5218 3380 5270; x_wconf 81' lang='lat' dir='ltr'><strong>Terrestris</strong></span> <span class='ocrx_word' id='word_1_809' title='bbox 3413 5220 3557 5269; x_wconf 90' lang='lat' dir='ltr'><strong>enim</strong></span> 
     </span>
    </p>
   </div>
   <div class='ocr_carea' id='block_1_114' title="bbox 2012 5307 3556 5383">
    <p class='ocr_par' dir='ltr' id='par_1_114' title="bbox 2012 5307 3556 5383">
     <span class='ocr_line' id='line_1_114' title="bbox 2012 5307 3556 5383; baseline -0.007 -14"><span class='ocrx_word' id='word_1_810' title='bbox 2012 5337 2165 5369; x_wconf 35' lang='grc' dir='ltr'><strong>μνςιιη.</strong></span> <span class='ocrx_word' id='word_1_811' title='bbox 2217 5320 2495 5383; x_wconf 64' lang='grc' dir='ltr'><strong>ξιιςιιιίι,ει</strong></span> <span class='ocrx_word' id='word_1_812' title='bbox 2544 5314 2786 5366; x_wconf 88' lang='lat' dir='ltr'><strong>marinus</strong></span> <span class='ocrx_word' id='word_1_813' title='bbox 2843 5325 2999 5380; x_wconf 84' lang='lat' dir='ltr'><strong>pares</strong></span> <span class='ocrx_word' id='word_1_814' title='bbox 3054 5318 3181 5363; x_wconf 91' lang='lat' dir='ltr'><strong>sunt</strong></span> <span class='ocrx_word' id='word_1_815' title='bbox 3234 5307 3556 5371; x_wconf 88' lang='lat' dir='ltr'><strong>substantia,</strong></span> 
     </span>
    </p>
   </div>
   <div class='ocr_carea' id='block_1_115' title="bbox 2005 5400 3560 5474">
    <p class='ocr_par' dir='ltr' id='par_1_115' title="bbox 2005 5400 3560 5474">
     <span class='ocr_line' id='line_1_115' title="bbox 2005 5400 3560 5474; baseline -0.003 -17"><span class='ocrx_word' id='word_1_816' title='bbox 2005 5407 2265 5474; x_wconf 69' lang='lat' dir='ltr'><strong>&#39;tlttl~i-t[tl~&quot;</strong></span> <span class='ocrx_word' id='word_1_817' title='bbox 2308 5405 2548 5474; x_wconf 54' lang='lat' dir='ltr'><strong>ejusdem</strong></span> <span class='ocrx_word' id='word_1_818' title='bbox 2580 5406 2841 5473; x_wconf 87' lang='lat' dir='ltr'><strong>temporis</strong></span> <span class='ocrx_word' id='word_1_819' title='bbox 2862 5413 2917 5457; x_wconf 90' lang='lat' dir='ltr'><strong>et</strong></span> <span class='ocrx_word' id='word_1_820' title='bbox 2943 5402 3222 5469; x_wconf 87' lang='lat' dir='ltr'><strong>dignitatis</strong></span> <span class='ocrx_word' id='word_1_821' title='bbox 3268 5400 3560 5468; x_wconf 81' lang='lat' dir='ltr'><strong>participes</strong></span> 
     </span>
    </p>
   </div>
   <div class='ocr_carea' id='block_1_116' title="bbox 2010 5492 3559 5562">
    <p class='ocr_par' dir='ltr' id='par_1_116' title="bbox 2010 5492 3559 5562">
     <span class='ocr_line' id='line_1_116' title="bbox 2010 5492 3559 5562; baseline -0.005 -15"><span class='ocrx_word' id='word_1_822' title='bbox 2010 5497 2344 5549; x_wconf 70' lang='lat' dir='ltr'><strong>t&#39;illt‘lltnlllr.</strong></span> <span class='ocrx_word' id='word_1_823' title='bbox 2383 5495 2495 5548; x_wconf 79' lang='lat' dir='ltr'><strong>t\ec</strong></span> <span class='ocrx_word' id='word_1_824' title='bbox 2522 5502 2605 5547; x_wconf 90' lang='lat' dir='ltr'><strong>est</strong></span> <span class='ocrx_word' id='word_1_825' title='bbox 2633 5493 2774 5562; x_wconf 90' lang='lat' dir='ltr'><strong>quod</strong></span> <span class='ocrx_word' id='word_1_826' title='bbox 2804 5493 2952 5547; x_wconf 90' lang='lat' dir='ltr'><strong>dicas</strong></span> <span class='ocrx_word' id='word_1_827' title='bbox 3004 5494 3149 5547; x_wconf 89' lang='lat' dir='ltr'><strong>hunc</strong></span> <span class='ocrx_word' id='word_1_828' title='bbox 3184 5492 3399 5559; x_wconf 87' lang='lat' dir='ltr'><strong>quidem</strong></span> <span class='ocrx_word' id='word_1_829' title='bbox 3446 5504 3559 5541; x_wconf 89' lang='lat' dir='ltr'><strong>rua-</strong></span> 
     </span>
    </p>
   </div>
   <div class='ocr_carea' id='block_1_117' title="bbox 2003 5582 3559 5654">
    <p class='ocr_par' dir='ltr' id='par_1_117' title="bbox 2003 5582 3559 5654">
     <span class='ocr_line' id='line_1_117' title="bbox 2003 5582 3559 5654; baseline -0.004 -16"><span class='ocrx_word' id='word_1_830' title='bbox 2003 5588 2082 5654; x_wconf 79' lang='lat' dir='ltr'><strong>gis</strong></span> <span class='ocrx_word' id='word_1_831' title='bbox 2122 5602 2237 5638; x_wconf 57' lang='grc' dir='ltr'><strong>ρκμε</strong></span> <span class='ocrx_word' id='word_1_832' title='bbox 2295 5584 2680 5642; x_wconf 83' lang='lat' dir='ltr'><strong>substantiam,</strong></span> <span class='ocrx_word' id='word_1_833' title='bbox 2724 5583 2875 5635; x_wconf 91' lang='lat' dir='ltr'><strong>illum</strong></span> <span class='ocrx_word' id='word_1_834' title='bbox 2920 5599 3051 5637; x_wconf 89' lang='lat' dir='ltr'><strong>vero</strong></span> <span class='ocrx_word' id='word_1_835' title='bbox 3116 5582 3335 5636; x_wconf 88' lang='lat' dir='ltr'><strong>minus?</strong></span> <span class='ocrx_word' id='word_1_836' title='bbox 3382 5594 3559 5647; x_wconf 87' lang='lat' dir='ltr'><strong>neque</strong></span> 
     </span>
    </p>
   </div>
   <div class='ocr_carea' id='block_1_118' title="bbox 2007 5673 3563 5746">
    <p class='ocr_par' dir='ltr' id='par_1_118' title="bbox 2007 5673 3563 5746">
     <span class='ocr_line' id='line_1_118' title="bbox 2007 5673 3563 5746; baseline -0.003 -14"><span class='ocrx_word' id='word_1_837' title='bbox 2007 5681 2152 5733; x_wconf 81' lang='lat' dir='ltr'><strong>ltuut:</strong></span> <span class='ocrx_word' id='word_1_838' title='bbox 2190 5680 2364 5746; x_wconf 83' lang='lat' dir='ltr'><strong>prius,</strong></span> <span class='ocrx_word' id='word_1_839' title='bbox 2399 5677 2551 5729; x_wconf 84' lang='lat' dir='ltr'><strong>illum</strong></span> <span class='ocrx_word' id='word_1_840' title='bbox 2583 5676 2854 5744; x_wconf 90' lang='lat' dir='ltr'><strong>posterius</strong></span> <span class='ocrx_word' id='word_1_841' title='bbox 2888 5676 3071 5730; x_wconf 82' lang='lat' dir='ltr'><strong>luisse.</strong></span> <span class='ocrx_word' id='word_1_842' title='bbox 3101 5676 3301 5743; x_wconf 85' lang='lat' dir='ltr'><strong>Estque</strong></span> <span class='ocrx_word' id='word_1_843' title='bbox 3330 5675 3464 5727; x_wconf 86' lang='lat' dir='ltr'><strong>adeo</strong></span> <span class='ocrx_word' id='word_1_844' title='bbox 3503 5673 3563 5728; x_wconf 84' lang='lat' dir='ltr'><strong>in</strong></span> 
     </span>
    </p>
   </div>
   <div class='ocr_carea' id='block_1_119' title="bbox 2004 5764 3563 5838">
    <p class='ocr_par' dir='ltr' id='par_1_119' title="bbox 2004 5764 3563 5838">
     <span class='ocr_line' id='line_1_119' title="bbox 2004 5764 3563 5838; baseline -0.004 -14"><span class='ocrx_word' id='word_1_845' title='bbox 2004 5786 2198 5825; x_wconf 62' lang='lat' dir='ltr'><strong>canum</strong></span> <span class='ocrx_word' id='word_1_846' title='bbox 2240 5768 2489 5838; x_wconf 80' lang='lat' dir='ltr'><strong>exemplo</strong></span> <span class='ocrx_word' id='word_1_847' title='bbox 2520 5769 2672 5836; x_wconf 89' lang='lat' dir='ltr'><strong>quasi</strong></span> <span class='ocrx_word' id='word_1_848' title='bbox 2730 5769 2974 5837; x_wconf 60' lang='lat' dir='ltr'><strong>qua‘dam</strong></span> <span class='ocrx_word' id='word_1_849' title='bbox 3020 5766 3250 5822; x_wconf 77' lang='lat' dir='ltr'><strong>diversis</strong></span> <span class='ocrx_word' id='word_1_850' title='bbox 3293 5766 3346 5820; x_wconf 90' lang='lat' dir='ltr'><strong>in</strong></span> <span class='ocrx_word' id='word_1_851' title='bbox 3400 5764 3563 5819; x_wconf 79' lang='lat' dir='ltr'><strong>rebus</strong></span> 
     </span>
    </p>
   </div>
  </div>
