4018 6170
427 426 486 480 ﬂ
1511 422 1871 479 BENEDICTI
1909 423 1967 480 S.
1994 423 2297 479 ANDREE
2327 426 2639 482 MONACHI
3673 439 3739 497 12

418 560 526 617 per
554 545 813 603 medium
843 546 1037 619 pontis
1060 546 1353 620 lapideum
1382 547 1443 602 in
1475 548 1713 603 ﬂuvium
1743 565 1876 603 cum
1908 566 2024 604 uno
2047 554 2103 613 Α
2127 552 2484 620 catecuinba,
2518 553 2612 607 ubi
2632 554 2940 623 jacuerunt
2968 571 3208 627 corporr
3230 562 3567 614 sanctorum
3600 578 3743 633 apo-

421 636 683 705 puerulo,
709 635 805 707 qui
826 635 1092 690 manibus
1118 635 1231 690 suis
1248 636 1492 690 traebat.
1518 637 1585 689 Et
1602 652 1719 691 non
1742 640 1871 707 post
1886 638 2031 691 mul-

424 723 513 777 tos
525 723 631 777 hoc
645 727 907 796 tempore
919 723 1574 794 interea(8)irruentibus
1586 724 1737 779 intra
1751 724 2029 797 Galeas(9)

422 808 703 878 barbaris,
734 811 990 866 Julianus
1044 811 1419 882 impiissimus
1478 829 1636 866 cesar
1686 817 1875 866 cetum
1917 813 2029 883 (10)

424 896 483 951 in
508 915 690 953 unum
712 900 1024 953 exercitum
1047 899 1200 970 apud
1220 900 1587 970 Vangionum
1601 900 1909 967 civitatem,
1929 899 2031 954 do-

423 986 680 1041 nativum
708 988 877 1058 coepit
903 1004 1146 1058 erogare
1181 987 1481 1042 militibus.
1512 990 1585 1042 Ut
1610 992 1694 1043 cst
1724 992 2034 1043 consuetu-

423 1074 591 1144 dinis,
614 1076 848 1147 singulis
879 1075 1289 1144 recitabantur,
1324 1078 1507 1131 donec
1556 1095 1588 1132 a
1637 1077 1912 1137 Martinus
1940 1077 2030 1131 in-

421 1167 623 1219 ventus
652 1167 762 1230 (11)
789 1169 903 1233 est;
938 1181 1112 1236 quem
1145 1166 1470 1237 presentari
1496 1166 1601 1221 sibi
1628 1166 1816 1239 jussit.
1846 1167 2031 1231 Quem

421 1252 709 1324 aloquitur
734 1253 966 1308 dicens:
1007 1275 1035 1303 «
1062 1253 1357 1325 Numquid
1388 1257 1444 1309 et
1471 1258 1637 1325 pater
1669 1259 1798 1309 tuus
1847 1258 1905 1309 et
1932 1272 2032 1311 vos

419 1339 861 1411 inscriptionem
880 1342 1033 1395 inter
1046 1342 1291 1396 scolares
1304 1343 1461 1397 aulas
1480 1344 1584 1398 sub
1603 1360 1740 1415 rege
1758 1344 2034 1415 Constan-

419 1428 500 1483 tio
533 1429 834 1483 militasti?
864 1448 893 1477 »
928 1428 1030 1483 Cui
1053 1429 1138 1483 vir
1164 1431 1398 1489 Domini
1430 1431 1703 1487 Martinus
1734 1431 2034 1503 respondit

421 1516 617 1589 dicens
648 1534 661 1572 :
696 1539 724 1567 «
752 1516 957 1571 Christi
988 1518 1146 1572 enim
1172 1535 1302 1573 sum
1334 1520 1533 1588 miles;
1579 1520 1723 1574 mihi
1770 1536 2031 1591 pugnare

419 1622 539 1660 non
552 1605 707 1661 licet.
725 1623 758 1657 »
780 1605 865 1659 Ab
882 1606 990 1659 hac
1005 1622 1203 1661 vocem
1216 1606 1480 1661 tirannus
1496 1607 2027 1662 infremuitdicens:

420 1715 449 1744 «
472 1694 597 1748 Non
617 1693 914 1765 religionis
931 1697 1119 1765 gratia
1133 1696 1456 1750 detractare
1478 1695 1711 1751 militia!
1742 1718 1770 1744 »
1796 1697 2032 1752 Retrudi

419 1798 558 1854 ergo
586 1799 721 1837 eum
752 1783 811 1837 in
842 1783 1099 1838 custodia
1120 1784 1379 1855 jubetur.
1411 1786 1568 1839 Tunc
1595 1785 1940 1857 consignans
1968 1803 2028 1840 se

2132 644 2410 696 stolorum
2431 643 2581 696 Petri
2597 646 2653 696 et
2665 643 2844 710 Pauli;
2865 643 2923 696 in
2938 660 3051 714 quo
3069 645 3192 699 loco
3216 647 3537 717 platomam
3553 659 3575 691 ι
3595 650 3739 722 ipsa,

2133 730 2230 785 ubi
2243 732 2552 801 jacuerunt
2572 748 2815 802 corpora
2846 737 3060 800 sancta,
3093 735 3345 789 versibus
3369 737 3734 793 adhornavit.

2133 820 2350 874 Eodem
2373 838 2505 875 vero
2525 838 2676 875 anno
2701 824 2828 891 post
2843 824 3059 877 Axente
3084 828 3270 877 morte
3286 826 3588 881 Mediolani
3607 829 3739 881 Am-

2133 908 2324 962 brosio
2355 909 2623 979 episcopo
2655 910 2985 975 constituto,
3016 911 3206 965 omnis
3238 929 3271 965 a
3300 912 3475 967 ﬁdem
3514 920 3736 971 rectam

2134 996 2293 1050 Italia
2349 998 2722 1051 convertitur.
2756 998 2973 1052 Illarius
3004 998 3107 1069 (18)
3142 1000 3444 1071 episcopus
3496 1003 3739 1058 Pictavis

2133 1086 2408 1153 moritur;
2438 1087 2707 1139 Martinus
2724 1086 3019 1158 cpiscopus
3040 1088 3324 1142 successit.
3348 1091 3429 1143 De
3463 1108 3576 1161 quo
3605 1109 3739 1164 apo-

2133 1176 2307 1230 stolus
2338 1174 2530 1229 dicens
2564 1192 2576 1228 :
2609 1197 2637 1224 «
2669 1176 2817 1229 Deus
2844 1178 2966 1229 erat
2994 1176 3052 1229 in
3073 1176 3295 1231 Christo
3329 1180 3616 1235 mundum
3647 1200 3737 1236 re-

2132 1262 2441 1318 concilians
2457 1263 2563 1317 sibi
2580 1262 2660 1337 (ΙΙ
2676 1262 2805 1318 Cor.
2826 1281 2877 1331 v,
2915 1265 3036 1335 l9);
3070 1286 3097 1313 »
3134 1264 3205 1318 de
3233 1282 3344 1336 quo
3382 1283 3518 1321 voce
3552 1269 3736 1324 domi-

2098 1410 2105 1419 .
2131 1352 2525 1424 nicaloquitur
2547 1370 2560 1407 :
2586 1376 2612 1401 «
2640 1354 2756 1425 Ego
2774 1353 2819 1407 si
2832 1355 3109 1407 exaltatus
3124 1354 3309 1421 fuero,
3330 1356 3526 1411 omnia
3547 1361 3735 1413 traam

2131 1457 2166 1495 a
2194 1458 2289 1495 me
2315 1441 2501 1511 ipsum
2535 1442 2714 1511 (Joau.
2748 1458 2848 1509 xu,
2878 1443 2983 1502 32).
3022 1463 3049 1489 »
3094 1444 3371 1497 Damasus
3414 1462 3563 1516 papa
3595 1463 3731 1502 con-

2132 1529 2335 1583 struxit
2364 1530 2616 1585 zecclesia
2646 1530 2824 1585 sancti
2881 1530 3135 1584 Silvestri
3168 1532 3225 1585 in
3257 1535 3455 1587 monte
3509 1534 3733 1605 Serapti

2132 1634 2262 1672 cum
2281 1618 2439 1672 omni
2458 1619 2667 1684 studio,
2684 1621 2739 1672 et
2764 1618 3045 1691 quidquid
3075 1620 3244 1673 rebus
3268 1621 3586 1691 acjacentia
3612 1623 3733 1693 ejus

2131 1706 2417 1761 abstracta
2442 1708 2648 1773 fuerat,
2687 1724 2790 1778 per
2825 1707 3197 1779 perceptione
3231 1709 3547 1764 constituit.
3576 1711 3734 1765 Hanc

2131 1799 2333 1849 orante
2356 1796 2414 1849 in
2434 1795 2661 1849 basilica
2685 1796 3130 1850 consecrationis
3154 1797 3464 1852 beatissimi
3481 1798 3734 1853 Silvestri

415 1871 690 1927 Martinus
711 1872 841 1927 etin
858 1872 1098 1927 nomine
1115 1874 1349 1928 Domini
1361 1875 1491 1928 Jesu
1505 1874 1671 1945 signo
1690 1874 1889 1953 crucis,
1910 1892 2029 1928 non
2050 1877 2101 1934 B
2130 1883 2402 1953 episcopi,
2421 1888 2477 1937 et
2495 1884 2709 1955 gratias
2744 1885 2953 1954 agebat
2981 1885 3255 1952 Domino,
3279 1886 3470 1940 dicens
3505 1904 3516 1941 :

418 1960 643 2033 clippeo
669 1964 965 2031 protectus
991 1978 1024 2015 a
1048 1962 1157 2031 (l2)
1185 1963 1374 2032 galea,
1404 1962 1614 2015 ostium
1647 1978 1828 2015 cuneo
1856 1977 2030 2031 pene-

417 2049 582 2103 trabo
612 2047 726 2121 (13)
746 2065 1001 2119 securus.
1026 2050 1265 2103 Postera
1288 2052 1483 2102 autem
1508 2048 1629 2102 dies
1651 2049 1842 2102 hostes
1872 2050 2031 2120 lega-

416 2138 506 2190 tos
526 2136 598 2189 de
614 2152 816 2207 pacem
850 2136 1132 2190 miserunt
1148 2153 1250 2190 sua
1272 2136 1471 2191 omnia
1500 2136 1629 2206 (14).
1654 2136 1775 2199 Quo
1802 2136 1888 2190 vir
1904 2137 2028 2190 'Do-

416 2223 561 2278 mini
588 2223 659 2277 de
686 2224 1083 2295 persecutione
1116 2224 1333 2278 tiranni
1365 2224 1649 2277 liberavit.
1680 2223 1802 2287 Quo
1830 2225 2029 2280 Romae

414 2327 675 2366 reversus
723 2314 808 2365 est
839 2315 1135 2382 angustus.
1179 2312 1365 2367 Tanta
1389 2320 1406 2354 ι
1441 2310 1694 2384 denique
1753 2314 2028 2385 nequitiae

414 2400 777 2472 temporibus
797 2399 911 2454 suis
937 2399 1144 2466 extitit,
1175 2402 1459 2470 quantum
1492 2416 1730 2454 narrare
1760 2416 1879 2455 non
1902 2417 2031 2471 pos-
2078 2425 2087 2432 -

417 2507 567 2546 sum.
588 2488 771 2561 Coepit
789 2488 1058 2543 (ecclesiae
1081 2492 1415 2543 sanctorum
1433 2488 1720 2556 claudere,
1736 2491 1795 2543 et
1811 2490 2030 2559 templa

415 2578 707 2634 idolorum
738 2578 1085 2649 patefacere,
1107 2579 1165 2631 et
1188 2577 1360 2631 rebus
1390 2576 1778 2631 aecclesiarum
1809 2576 1869 2631 in
1891 2576 2027 2632 ﬁsco

418 2667 671 2723 daretur.
692 2668 772 2722 De
802 2682 917 2738 qua
934 2683 997 2720 re
1011 2664 1248 2720 consilio
1272 2664 1423 2719 facto
1449 2681 1582 2719 cum
1605 2664 2028 2736 apparitoribus

416 2756 549 2824 suis,
567 2756 637 2811 de
658 2754 913 2810 aacclesia
932 2753 1111 2808 sancti
1144 2752 1401 2808 Silvestri
1421 2752 1480 2807 in
1499 2756 1699 2808 monte
1718 2752 1931 2823 Sirapti
1968 2756 2028 2807 et

417 2844 489 2900 de
519 2842 876 2916 appendiciis
908 2842 1044 2909 suis,
1083 2842 1238 2914 quod
1292 2842 1539 2895 extruxit
1570 2858 1604 2895 a
1633 2841 2027 2895 fundamentis

416 2932 684 2988 ascclesiaa
715 2932 903 3003 hujus,
920 2934 978 2986 et
996 2948 1087 2986 res
1108 2930 1283 3002 ipsius
1314 2930 1582 2985 mcclesiae
1606 2930 1665 2983 in
1697 2929 1831 2984 fisco
1860 2929 2026 2984 dare-

414 3024 529 3089 tur,
564 3024 623 3075 et
652 3021 815 3093 quasi
854 3036 957 3092 per
985 3019 1226 3075 hodium
1257 3018 1616 3073 Constantini
1648 3018 1891 3091 principi
1924 3036 2023 3092 pa-

414 3111 569 3165 trata
585 3109 1007 3164 dextrueretur.
1030 3108 1253 3162 Eodem
1270 3124 1407 3161 vero
1424 3111 1688 3177 tempore
1703 3110 1910 3161 nutum
1925 3106 2026 3162 Dei

416 3196 804 3268 omnipotenti
821 3195 1067 3250 surrexit
1078 3196 1296 3249 bellum
1316 3197 1622 3248 Persarum
1637 3196 1907 3249 adversus
1921 3195 2027 3249 im—
2046 3192 2094 3252 C

415 3287 701 3359 piissimus
718 3286 1039 3356 imperator
1049 3282 1324 3349 Julianus;
1350 3282 1669 3335 ambulavit
1686 3283 1745 3335 in
1769 3284 2021 3337 Persida.

418 3376 527 3440 Qui
557 3391 689 3430 cum
714 3373 1084 3438 ambulasset,
1109 3374 1327 3443 quanta
1358 3370 1579 3424 malitia
1618 3370 1891 3424 insercuit
1912 3370 2023 3440 (15)

414 3464 476 3519 in
488 3464 659 3519 beato
673 3459 871 3516 Basilis
889 3459 1279 3531 archiepiscOp
1289 3476 1372 3526 us,
1388 3458 1563 3513 modo
1582 3460 1895 3513 taceamus.
1918 3458 2024 3522 Qui

414 3568 548 3608 cum
571 3550 919 3607 ambulasset
938 3564 1116 3619 usque
1135 3547 1355 3602 ibidem
1372 3547 1745 3621 pervenisset,
1766 3562 2024 3619 pugnam

416 3640 685 3697 conﬂicta
706 3637 951 3693 Romani
976 3653 1109 3692 cum
1128 3636 1385 3704 Persida,
1404 3636 1583 3691 victus
1609 3635 2024 3690 teneturJuIia-

415 3748 525 3787 nus
548 3726 1272 3801 impiissimusimperator,
1304 3728 1364 3780 et
1393 3724 1569 3779 nimis
1595 3724 1817 3779 aﬂictus
1843 3726 2023 3779 aPer-

417 3822 524 3891 sis;
557 3820 760 3893 quibus
780 3818 899 3891 ipse
924 3816 1179 3871 Julianus
1211 3815 1519 3870 decoratus
1548 3818 1633 3868 est
1663 3815 1734 3868 ab
1766 3817 2024 3868 extremo

417 3909 630 3966 vertice
659 3923 839 3980 usque
868 3906 942 3961 ad
990 3904 1236 3976 ungulas
1266 3902 1504 3974 pedum.
1538 3903 1608 3956 Et
1654 3902 1876 3957 corium
1902 3901 2028 3971 ejus

418 3999 602 4054 dictus
622 3996 920 4053 coccinum
941 3994 1161 4048 ibidem
1181 3991 1342 4047 omni
1370 3996 1633 4062 tempore
1658 3990 1809 4062 regis
1828 3992 2026 4044 Persa-

417 4104 549 4143 rum
563 4087 703 4142 dum
717 4100 918 4158 pacem
931 4082 1174 4137 haberet
1184 4097 1356 4153 super
1369 4080 1589 4135 corium
1603 4078 1811 4134 Iuliani
1830 4079 2028 4133 seden-

417 4180 539 4232 tem
570 4179 627 4231 et
647 4172 1221 4246 congratulabantur.
1253 4168 1535 4240 Regnavit
1551 4172 1747 4224 autem
1771 4167 2027 4222 Julianus

420 4263 559 4321 anni
590 4268 623 4320 2
652 4266 710 4317 et
739 4278 939 4316 mense
976 4262 1027 4314 8.

490 4357 545 4409 2.
599 4350 874 4406 Jobianus
938 4349 1088 4402 facto
1160 4345 1631 4401 christianissimo
1685 4344 2022 4415 imperator,

2129 2007 2325 2061 Grates
2354 2007 2459 2061 tibi
2489 2008 2697 2062 reﬂ'ero
2726 2025 2854 2078 spes
2886 2009 2999 2063 vita
3028 2011 3341 2078 bonorum,

2130 2095 2237 2159 Qui
2268 2095 2410 2150 mihi
2443 2096 2611 2149 ritcm
2643 2096 2869 2149 donasti
2900 2112 3136 2150 noscere
3161 2103 3359 2152 sancta

2130 2183 2314 2247 Quem
2343 2183 2553 2254 impius
2575 2186 2899 2254 apostatam
2928 2184 3185 2238 Julianus
3217 2184 3496 2239 destruxit

2126 2272 2206 2325 Ac
2226 2288 2495 2342 superare
2524 2272 2707 2326 malos
2737 2270 2899 2341 regni
2927 2271 3165 2326 caelestis
3191 2288 3413 2327 amore.

2128 2361 2235 2416 Fac
2261 2378 2402 2432 rogo
2431 2378 2630 2433 queso,
2662 2361 2831 2426 Deus,
2850 2359 2972 2413 sine
2996 2376 3091 2414 me
3116 2362 3407 2431 complere
3431 2362 3622 2429 beata,

2129 2451 2196 2504 Et
2225 2454 2322 2505 tua
2352 2467 2461 2521 que
2484 2449 2650 2519 cupio
2682 2448 2772 2502 fac
2802 2448 3015 2518 gaudia
3045 2465 3282 2503 cernere
3313 2453 3531 2517 sancta,

2130 2538 2505 2611 Omnipoiens
2535 2537 2831 2603 Dominus,
2856 2537 2949 2608 qui
2965 2540 3189 2592 constat
3207 2538 3479 2593 machina
3500 2538 3729 2606 mundi,

2128 2626 2235 2691 Qui
2260 2628 2462 2681 caelum
2485 2629 2815 2696 terramque
2848 2626 3018 2696 regis,
3052 2626 3295 2680 fulmina
3322 2625 3522 2693 mittis,

2128 2714 2232 2779 Qui
2263 2714 2383 2769 sine
2412 2716 2568 2768 nulla
2597 2714 2793 2785 vigent
2823 2716 3025 2768 caelum
3058 2717 3274 2768 terram
3303 2718 3514 2782 creata,

2123 2803 2198 2857 Te
2231 2804 2434 2857 caelum
2466 2804 2651 2868 tellus,
2676 2802 2870 2855 laudet
2900 2805 2955 2855 te
2986 2806 3192 2871 potens
3224 2802 3282 2855 in
3307 2818 3443 2871 evo;

2127 2891 2325 2947 Omnis
2342 2896 2397 2946 te
2419 2890 2722 2946 benedicat
2749 2891 2949 2957 homo,
2964 2890 3179 2956 laudet,
3206 2893 3463 2944 versetur
3482 2891 3724 2945 honore.

2125 2981 2384 3051 Namque
2414 2979 2524 3033 tuis
2561 2979 2800 3051 pedibus
2828 2978 2972 3050 lapis
3004 2980 3088 3032 est
3121 2980 3274 3032 lacus
3300 2979 3395 3032 ille
3430 2979 3724 3049 probatus,

2124 3070 2309 3140 Atque
2332 3069 2530 3122 Petrus
2545 3070 2642 3122 tua
2658 3067 2892 3121 dextera
2907 3068 3103 3121 levans
3122 3066 3320 3122 statuit
3333 3083 3502 3139 super
3524 3067 3723 3122 undas.

2125 3158 2193 3210 Et
2212 3156 2503 3211 Israhelitc
2530 3156 2848 3226 quondam,
2872 3158 2929 3208 te
2960 3155 3153 3222 duces,
3182 3171 3432 3226 superno

2125 3245 2372 3315 Vestigio
2402 3244 2547 3298 sicco
2580 3246 2931 3315 paragerunt
2962 3259 3260 3297 marmora
3302 3244 3411 3314 (19)
3441 3244 3654 3299 Rubra.

2126 3332 2212 3386 Sit
2236 3333 2336 3387 tibi
2364 3348 2495 3386 cum
2524 3333 2753 3386 Patrem
2796 3330 2965 3385 simul
2997 3333 3055 3384 et
3086 3347 3218 3384 cum
3248 3330 3504 3386 Flamine
3528 3333 3727 3387 sancto

2125 3420 2332 3487 Gloria,
2360 3424 2669 3490 magestas,
2694 3419 2873 3472 virtus
2905 3435 3009 3489 per
3024 3420 3175 3472 secla
3206 3434 3443 3488 conpar.

2126 3535 2248 3609 Quo
2269 3560 2458 3599 versos
2486 3542 2810 3615 composuit
2836 3542 2894 3595 in
2924 3541 3116 3611 lapide
3160 3557 3194 3595 a
3223 3557 3465 3612 corpore
3498 3546 3717 3597 sancto.

2125 3633 2432 3704 Coeperunt
2444 3631 2609 3686 multi
2631 3630 2850 3685 nobiles
2874 3627 3118 3683 Romani
3134 3628 3384 3681 mundus
3398 3628 3729 3701 relinquere

2126 3723 2197 3777 ad
2225 3722 2475 3777 eundem
2498 3720 2721 3790 prefata
2747 3716 3003 3773 ecclesia
3029 3717 3190 3787 quasi
3216 3716 3445 3770 cebium
3465 3720 3582 3782 (20)
3601 3734 3730 3773 san-

2126 3815 2230 3865 cta:
2251 3808 2698 3865 conversationis
2721 3807 2893 3860 vitam
2915 3808 3149 3858 ducere.
3163 3805 3389 3858 Interea
3411 3821 3597 3875 neque
3618 3806 3729 3860 hoc

2124 3897 2326 3952 sileam
2353 3897 2428 3960 de
2460 3895 2628 3965 hujus
2657 3891 2972 3965 apostolica
2999 3891 3185 3962 gloria
3217 3892 3728 3962 pretermittenda.

2127 3985 2411 4050 Quoniam
2442 3982 2677 4055 quidem
2708 3997 3045 4054 quanquam
3086 3997 3290 4035 omnes
3322 3980 3565 4051 apostoli
3593 3984 3730 4036 ante

2126 4074 2277 4128 secla
2296 4072 2458 4126 electi
2481 4089 2514 4125 a
2538 4069 2784 4125 Domino
2814 4085 2933 4123 esse
2959 4069 3290 4136 credantur,
3311 4069 3554 4124 docente
3583 4069 3731 4139 Apo—
3766 4094 3775 4103 -

2127 4163 2271 4217 stolo
2297 4178 2309 4215 :
2348 4182 2375 4210 «
2401 4158 2697 4229 Quielegit
2718 4174 2823 4211 nos
2843 4160 2979 4211 ante
3002 4156 3207 4211 mundi
3230 4157 3733 4224 constitutione,ut

2127 4266 2377 4306 essemus
2389 4248 2631 4303 sanctiet
2642 4246 2721 4300 im
2729 4246 2998 4300 maculati
3010 4246 3068 4299 in
3083 4249 3394 4317 conspectu
3408 4245 3455 4315 ej
3467 4244 3732 4315 us(Ephes

2124 4355 2165 4407 1,
2188 4341 2261 4405 4);
2280 4358 2308 4389 ι)
2340 4337 2676 4405 redemptor
2705 4337 2763 4388 et
2787 4335 3035 4387 salvator
3062 4336 3258 4388 noster
3285 4331 3557 4387 dominus
3575 4333 3731 4386 Jesus

417 4444 616 4516 aperte
647 4442 782 4495 sunt
834 4436 1125 4505 ecclesias,
1180 4437 1238 4489 et
1279 4434 1450 4507 coepit
1480 4434 1682 4505 religio
1714 4433 2084 4516 christiana_
2126 4427 2377 4482 Christus
2400 4422 2795 4495 antequamde
2811 4422 3076 4476 interitus
3114 4422 3324 4516 Satanc
3344 4421 3727 4516 triumphans,

413 4509 687 4605 gaudere.
730 4526 1013 4599 Regnavit
1050 4524 1169 4595 ipse
1216 4522 1492 4578 Jobianus
1542 4539 1769 4577 menses
1823 4525 1875 4577 8.
1910 4509 2095 4575 Da-D
2125 4510 3734 4605 victorexultaus,penetraretregnapolorum-,sanctahuf

414 4597 616 4677 inanis
647 4617 757 4690 (l6)
798 4597 981 4670 Rome
1034 4612 1339 4686 episcopus
1385 4611 1522 4668 fecit
1558 4611 1873 4684 basylicam
1919 4611 2022 4681 jux
2116 4597 3733 4690 juszccclesia,quampretiososuosauguineshacquisi—vit

411 4687 708 4767 theatrum
730 4687 842 4777 (17)
868 4705 1066 4759 sancto
1098 4700 1429 4769 Laurentio,
1462 4703 1520 4755 et
1558 4700 1672 4756 alia
1690 4700 1930 4756 basilica
1957 4699 2018 4754 in
2120 4714 2225 4770 per
2253 4697 2454 4751 beatos
2481 4691 2792 4764 apostolos,
2825 4693 2883 4745 et
2912 4688 3257 4762 apostolicos
3287 4688 3435 4743 viros
3467 4687 3731 4743 Silvester

1725 4820 1973 4876 VARLE
2003 4817 2293 4875 LECTION
2300 4814 2378 4871 ES
2396 4853 2409 4869 .

476 4969 495 5005 ι
526 4958 796 5031 angustus
817 4954 982 5010 tanta
1008 4967 1058 5009 ε.
1116 4959 1139 4993 ³
1168 4947 1489 5024 platoniam
1516 4945 1677 5004 Gesta
1698 4954 1855 5021 pont.
1884 4947 2044 5008 Rom.

1957 5067 2159 5125 NOTAE
2172 5112 2185 5125 .

418 5202 850 5332 i“(18)clrgerea...
879 5217 977 5254 sua
1017 5198 1201 5254 omnia
1239 5213 1307 5252 ex
1355 5193 1588 5267 Sulpicii
1615 5193 1744 5250 Vita
1766 5192 1824 5247 S.
1859 5193 2009 5248 Mar-
2322 5186 3081 5326 fgitisqeteiasefcqtﬁidedentes.

457 5318 539 5405 (ὅ)
570 5320 633 5402 Id
658 5317 743 5400 est
772 5342 1003 5398 Gallias.
2207 5334 2291 5399 16)
2312 5332 2422 5405 ΑΕχ
2472 5330 2646 5399 Bedo,
2680 5329 2778 5402 qui
2821 5332 3047 5402 partem

390 5277 517 5344 tini,
545 5293 595 5334 c.
629 5277 679 5331 3.

457 5342 539 5421 (9)
570 5346 641 5421 Id
658 5347 743 5400 est
772 5342 1003 5421 Gallias.

456 5415 567 5496 ('10)
586 5416 791 5496 Ωοαεὲο
823 5415 982 5496 3.1112-
1038 5486 1071 5496 ..

450 5483 529 5558 (ll
586 5489 649 5544 Id
679 5490 765 5543 est
794 5487 864 5541 ad
892 5483 1199 5540 Martinam
1222 5486 1462 5537 ventum.

450 5492 563 5631 [12?
588 5560 652 5615 Id
683 5563 770 5614 est
799 5565 918 5613 aut.
1040 5628 1053 5631 _
1181 5628 1188 5631 Α
1308 5624 1324 5631 _
1359 5623 1388 5631 _
1438 5624 1449 5631 _

2212 5261 2296 5332 15)
2322 5261 2382 5315 Id
2413 5262 2518 5326 est,
2551 5261 2799 5332 exercuit.
3320 5320 3351 5332 η
3548 5319 3582 5332 η
3660 5319 3695 5332 _,

2207 5319 2292 5399 16)
2346 5332 2422 5385 Ex
2472 5319 2646 5399 Dedo,
2680 5329 2778 5402 qui
2821 5332 3047 5402 partem
3114 5320 3361 5394 sumpsit
3417 5335 3485 5375 ex
3543 5319 3729 5379 Gestis

2113 5403 2277 5477 pont.
2310 5403 2476 5477 Rom.

2213 5477 2292 5543 17)
2324 5475 2386 5529 Id
2410 5478 2513 5541 est,
2534 5475 2700 5544 juxta
2729 5473 3015 5527 theatrum.

473 5546 559 5627 12)
588 5560 652 5615 Id
683 5563 770 5614 est
799 5565 918 5613 aut.
1309 5624 1322 5627 Α
1362 5623 1387 5627 _
1438 5624 1449 5627 _
1501 5621 1511 5627 Δ
1553 5621 1562 5627 _
1702 5620 1715 5627 _
1890 5619 1900 5627 ι
2188 5546 2299 5627 (lg
2329 5546 2621 5627 llilaricus.
2674 5617 2684 5627 .

473 5562 556 5631 12)
588 5562 652 5615 Id
683 5563 770 5614 est
799 5565 918 5613 aut.
1501 5621 1511 5632 .
1553 5621 1562 5632 _
1890 5619 1900 5631 ⁸
2184 5562 2299 5689 (ιδ)
2329 5562 2621 5600 uuaricus.
2674 5617 2684 5627 O

440 5562 490 5707 (1
502 5635 550 5715 6)
571 5634 656 5686 Ita
665 5646 783 5758 (piro
806 5628 1141 5701 penetrabat.
1163 5624 1331 5699 Apud
1357 5623 1673 5696 Sulpicium
1702 5620 1792 5678 has
1823 5637 1855 5677 c
1885 5635 2010 5693 ipse
2328 5617 2398 5671 Jd
2428 5619 2514 5671 est
2541 5632 2736 5699 maria.

440 5706 643 5762 Lrtmus
727 5703 829 5757 cit.
2187 5691 2278 5763 (20
2327 5688 2391 5745 Id
2412 5692 2498 5745 est
2519 5686 2719 5744 studio.

368 5686 643 5763 Militibus
665 5686 829 5758 dicit‘.
1214 5686 1231 5699 ‘
1459 5686 1477 5696 ‘
1908 5686 1929 5693 '
2187 5686 2298 5763 (20)
2327 5688 2391 5745 Id
2412 5692 2498 5745 est
2519 5686 2719 5744 studio.

3622 5913 3855 6141 de?”
