3986 6170
389 288 454 344 19
1477 274 1845 334 BENEDICTI
1876 275 1933 332 S.
1966 273 2272 333 ANDREIE
2300 273 2610 332 MONACHI
3631 282 3706 341 20

391 410 549 488 riosa
578 405 719 464 hubi
747 403 907 478 prius
920 402 1287 477 Langobardi
1308 403 1383 459 ad
1408 402 1641 458 arbores
1658 400 2000 468 adorabant,
2019 403 2075 464 Α,
2113 398 2410 472 migravit.
2440 398 2855 488 Begnaverunt
2885 399 2988 454 filii
3018 400 3141 473 ejus
3162 417 3269 474 pro
3302 418 3393 472 eo,
3447 404 3603 461 Arud
3649 409 3712 463 et

393 490 457 557 in
491 501 687 554 onore‘
706 494 888 551 sancti
918 493 1146 561 Felicis;
1196 497 1255 548 et
1298 492 1561 548 hibidem
1614 506 1822 562 corpus
1850 489 2005 545 beati

402 586 606 644 Felicis
639 582 922 656 deposuit,
951 585 1007 636 et
1037 581 1131 637 alii
1163 582 1344 637 sancti
1376 582 1586 652 plures,
1617 582 1674 633 et
1696 578 2005 650 depincxit,

399 679 458 732 et
493 673 808 741 deauravit,
825 671 983 742 cujus
1014 669 1300 725 memoria
1324 684 1501 741 usque
1521 667 1651 723 odie
1672 669 1779 721 est.
1802 667 2010 721 Genuit

403 767 601 822 autem
631 763 819 818 isdem
851 760 1137 816 Romuald
1185 759 1331 814 ﬁlios
1362 758 1432 812 de
1461 756 1841 812 Theuderada
1870 760 2007 826 tres,

405 868 653 927 quarum
713 850 935 922 primus
981 847 1261 903 vocitatur
1304 844 1579 911 Aroaldo,
1627 844 1877 900 secundo
1905 846 2015 900 Ma-

406 941 631 1008 roaldo,
650 938 856 993 tertius
889 936 1171 1009 Sycardus
1190 951 1203 1002 ;
1225 933 1298 988 ad
1314 932 1548 988 ultimus
1562 932 2013 989 Sikinolfus.Res

408 1032 572 1103 gesta
598 1045 709 1101 que
733 1042 929 1093 narro,
953 1022 1312 1094 temporibus
1340 1022 1652 1089 Romuald,
1686 1039 1799 1094 quo
1826 1024 2012 1077 trans-

408 1121 640 1192 portato
668 1133 875 1188 corpus
900 1112 1140 1185 apostoli
1154 1112 1334 1167 sancti
1351 1111 1738 1166 Bartholomei
1768 1111 1840 1165 dc
1855 1111 2018 1166 India

412 1207 706 1281 superiore
745 1221 779 1259 a
814 1201 1092 1273 Limparis
1116 1201 1226 1272 (40)
1272 1200 1459 1256 insula
1492 1200 1771 1272 pervenit.
1820 1200 2017 1273 lbique

415 1296 747 1368 aliquantos
777 1307 961 1346 annos
990 1290 1328 1362 permansit.
1361 1288 1468 1353 Qui
1487 1292 1631 1344 nutu
1662 1289 1761 1345 Dei
1784 1287 2019 1343 veniens

412 1386 818 1455 Agarenorum
833 1388 878 1421 1⁵
890 1396 999 1451 gen
1009 1381 1183 1446 s,tota
1203 1378 1391 1432 insula
1408 1377 1542 1449 igne
1559 1377 1866 1450 gladioque
1889 1392 2022 1431 con-

414 1474 647 1544 sumpta
672 1487 706 1524 a
724 1468 1120 1523 fundamentis
1146 1484 1448 1522 murorum
1471 1468 1592 1538 ejus
1614 1464 2022 1536 diruta,sicque

413 1558 680 1633 pervenit
706 1558 779 1613 ad
812 1557 1045 1612 lucellos
1089 1565 1133 1598 ισ
1172 1555 1312 1611 hubi
1342 1554 1704 1611 beatissimus
1734 1554 2024 1628 apostolus

415 1650 625 1706 inerat.
660 1647 782 1712 Quo
814 1646 1139 1701 confractus
1166 1645 1422 1711 lucellos,
1459 1661 1586 1699 ossa
1604 1643 1864 1714 ejusdem
1882 1658 2020 1713 apo-

2108 488 2400 544 Maroaldo
2428 487 2701 543 fratribus
2723 488 2854 559 (41),
2882 490 3180 561 prudentis
3209 491 3511 564 principis;
3544 512 3711 567 sepa-

2109 577 2219 633 rati
2250 594 2285 632 a
2314 576 2511 631 fratris
2538 576 2645 644 sui,
2674 575 2733 631 in
2757 576 3011 633 civitates
3040 579 3383 635 Novecertus
3409 582 3523 654 (42)
3546 584 3712 639 habi-

2115 666 2300 724 bitare
2353 669 2674 737 cmperunt,
2722 666 3005 739 Sycardus
3033 670 3090 722 et
3129 668 3457 741 Sykinolfus
3480 687 3624 742 puer
3652 673 3713 728 in

2112 756 2364 810 hurbem
2404 754 2716 810 Beneventi
2756 756 3119 827 reliquerunt
3158 756 3291 829 (43),
3338 761 3395 813 et
3421 760 3602 816 factus
3632 764 3720 816 est

2110 844 2291 899 robor
2321 859 2525 899 eorum
2551 843 2612 897 in
2641 845 2764 898 tota
2791 844 2996 915 Apulie
3027 844 3256 901 finibus.
3290 847 3719 922 Radelgisi,pa-

2112 933 2324 988 trueles
2355 949 2580 996 eorum,
2602 932 2905 988 consilium
2915 934 3268 1006 perpetravit
3285 953 3417 992 cum
3434 937 3723 993 habitato-

2114 1021 2273 1077 ribus
2298 1021 2523 1077 civitate
2553 1022 2916 1089 Novecertus,
2944 1023 3095 1077 clam
3148 1025 3555 1096 operabantur.
3612 1027 3719 1082 Ve-

2117 1111 2315 1167 niente
2328 1111 2421 1167 die
2434 1111 2672 1185 pascalis
2693 1111 3356 1184 epyphaniorum,noctu
3373 1115 3432 1169 in
3449 1116 3721 1172 aacclesiaa

2116 1201 2288 1271 hujus
2316 1199 2557 1255 civitatis
2585 1199 3014 1255 trucidaverunt
3041 1201 3314 1273 principis
3349 1203 3583 1259 summi.
3619 1205 3725 1277 Sy-

2119 1290 2324 1345 cardus
2352 1290 2637 1362 princeps,
2665 1289 2862 1346 audita
2883 1292 3072 1346 morte
3098 1290 3260 1346 fratri
3278 1292 3727 1355 sui,recordatus

2121 1378 2332 1434 virtute
2363 1380 2597 1450 patrum
2627 1393 2888 1446 suorum,
2920 1380 2979 1433 et
2995 1379 3510 1450 Langobardorum
3531 1380 3726 1453 gentis

2123 1483 2246 1531 sue,
2284 1465 2524 1521 ostiliter
2569 1469 2970 1538 congregatus.
3024 1484 3057 1522 a
3109 1467 3452 1523 Novecertus
3497 1468 3725 1523 civitate

2123 1553 2408 1626 pervenit.
2445 1554 2653 1609 Civitas
2678 1554 3025 1608 Novecertus
3054 1570 3271 1625 magna
3293 1560 3353 1609 et
3383 1555 3727 1610 fortitudine

2126 1642 2325 1711 nimis;
2340 1646 2638 1713 coeperunt
2650 1641 3012 1712 Langobardi
3030 1642 3290 1698 obsidere
3311 1642 3729 1714 civitates,igne

416 1737 567 1806 stoli,
602 1739 663 1791 ut
690 1734 968 1806 scriptum
995 1737 1112 1788 est:
1156 1753 1187 1787 ‹‹
1234 1732 1513 1788 Dominus
1543 1731 1788 1787 custodit
1826 1729 2095 1789 omniaB
2124 1733 2318 1804 gladio
2342 1732 2699 1787 devastantes
2715 1732 2928 1802 oppida
2946 1734 3426 1798 eorum,etcastre
3441 1732 3731 1788 destructo

422 1844 548 1882 ossa
599 1841 801 1880 eorum
831 1841 844 1891 ;
880 1840 1027 1877 unus
1061 1841 1128 1878 ex
1175 1822 1254 1877 eis
1301 1838 1419 1877 non
1470 1824 1799 1875 conteretur
1845 1818 2021 1890 (Psal.

417 1931 605 1981 χχχιιι,
639 1913 747 1984 2t).
778 1934 806 1961 »
831 1911 1110 1967 Dominus
1131 1913 1325 1965 autem
1347 1909 1545 1979 mipsa
1563 1912 1731 1963 nocte
1763 1904 2029 1978 apparuit

419 2004 682 2061 custodes
697 2002 961 2073 ejusdem
978 1999 1462 2072 apostoli,dicens:
1473 1995 1890 2066 «Vade,collige
1902 2011 2031 2049 ossa

421 2091 687 2167 apostoli.
723 2112 751 2139 ››
779 2090 884 2154 Qui
907 2088 1135 2145 duriose
1156 2088 1521 2143 turbulenter
1541 2084 1681 2140 dixit
1710 2102 1722 2139 :
1754 2104 1785 2136 «
1810 2083 1891 2138 Eu
1910 2081 2025 2138 me!

421 2182 669 2255 quantos
697 2194 882 2232 annos
910 2178 971 2231 in
1007 2176 1236 2231 servitio
1288 2177 1410 2247 ejus
1460 2172 2032 2248 perduravit,quanta

422 2267 742 2326 accidentia
756 2266 902 2321 mihi
927 2265 1306 2320 evenit.Modo
1330 2264 1521 2319 diruta
1544 2266 1677 2318 sunt
1689 2261 1886 2318 omnia
1906 2277 2034 2317 ossa

423 2359 566 2430 ejus,
598 2373 733 2412 cum
772 2354 894 2410 aliis
925 2354 1142 2410 ossibus
1168 2353 1437 2408 miscuis:
1476 2352 1770 2424 quomodo
1798 2365 2034 2423 possum

423 2447 570 2502 meis
614 2444 835 2500 ossibus
881 2442 1237 2516 agnoscere?
1284 2465 1312 2493 »
1350 2441 1471 2505 Que
1502 2441 1644 2497 dixit
1672 2440 1787 2495 eis:
1837 2437 2033 2492 «Vide

425 2535 644 2593 ossibus
673 2533 951 2587 ﬂammeo
985 2532 1275 2587 radiantes
1302 2531 1456 2586 inter
1482 2530 1605 2585 aliis
1633 2547 1647 2597 ;
1677 2529 1799 2600 ipse
1828 2527 2033 2598 collige

427 2623 757 2696 diligenter.
789 2643 816 2669 ››
839 2622 908 2675 Et
932 2637 1046 2693 quo
1080 2621 1159 2676 ita
1178 2620 1397 2675 factum
1427 2622 1540 2687 est;
1575 2619 1812 2673 collecta
1841 2618 1926 2672 est
1941 2632 2032 2670 re-

426 2712 601 2785 liquie
632 2710 875 2783 apostoli
902 2709 961 2764 in
992 2709 1236 2764 sindone
1252 2709 1489 2764 munda.
1521 2706 1874 2780 Agareniest
1895 2721 2032 2760 con-

428 2800 667 2857 suetudo
714 2798 920 2870 Apulie
979 2798 1360 2870 depopulare;
1413 2814 1523 2870 que
1550 2796 1709 2850 fama
1739 2794 1894 2862 exiit,
1923 2794 2035 2848 Ro-

425 2889 626 2946 muald
655 2888 934 2944 exercitus
973 2887 1195 2954 direxit,
1238 2890 1299 2941 ut
1334 2885 1647 2941 custodiret
1692 2887 1930 2956 portora
1978 2885 2036 2937 et

429 2978 607 3033 maris
658 2976 881 3033 limitis.
926 2976 1133 3048 Sicque
1182 2979 1571 3048 pervenerunt
1612 2972 1977 3045 Langobardi
2004 2989 2038 3027 a

430 3070 744 3141 Lympares
773 3066 959 3120 insula
984 3066 1329 3133 dosolatam,
1353 3068 1411 3118 et
1442 3065 1708 3119 viderunt
1733 3062 2037 3118 hominem
2058 3049 2105 3109 Ο

430 3157 555 3226 Dei,
587 3158 645 3211 et
677 3155 979 3210 dixerunt:
1012 3176 1038 3203 ‹‹
1084 3153 1253 3224 cuius
1293 3153 1501 3207 merita
1525 3152 1619 3207 hic
1645 3151 1976 3207 veneratis?
2008 3174 2036 3201 ››

438 3247 508 3300 Et
540 3244 680 3301 dixit
704 3244 823 3298 eis:
859 3265 887 3292 «
932 3243 1152 3314 Corpus
1174 3241 1491 3296 beatissimi
1539 3241 1781 3313 apostoli
1802 3241 2040 3296 Bartho-

438 3335 617 3390 lomei
650 3332 721 3387 ab
750 3332 1029 3403 Agarenis
1055 3330 1358 3386 distractus
1378 3348 1393 3398 ;
1417 3329 1593 3384 modo
1620 3332 1735 3385 Deo
1769 3330 1916 3384 mire
1935 3331 2046 3385 col-

436 3423 616 3479 lectus
641 3421 713 3476 ab
745 3436 834 3475 eo.
859 3422 1074 3476 Iterum
1104 3422 1340 3476 veniunt
1354 3418 1645 3492 Aggareni
1668 3418 1888 3487 ;nescio
1907 3418 2046 3490 quid

436 3512 647 3569 faciam
675 3509 689 3564 ι
743 3530 772 3560 n
807 3511 879 3565 Ut
909 3510 1239 3576 audierunt,
1272 3511 1521 3564 letantes
1547 3507 1728 3562 nimia
1756 3523 2042 3579 appreen-

438 3601 651 3657 derunt
683 3607 727 3641 1⁷
777 3599 1131 3671 Largobardi
1164 3598 1463 3653 hominem
1497 3614 1629 3653 cum
1653 3595 2043 3652 venerabilem

438 3707 646 3763 corpus
670 3688 913 3761 apostoli
943 3687 1002 3743 in
1019 3704 1163 3743 nave
1186 3689 1470 3759 suscepta,
1494 3687 1722 3759 navigio
1743 3690 2041 3760 ceperunt.

439 3781 508 3835 Et
536 3794 666 3835 ecce
696 3778 900 3833 classes
929 3776 1222 3848 navigium
1244 3776 1494 3831 nimium
1514 3779 1913 3847 Agarenorum
1945 3793 2045 3848 ap-

439 3867 804 3943 proximavit.
825 3866 1096 3921 Videntes
1114 3866 1511 3939 Langobardis
1531 3882 1658 3938 spes
1679 3882 1883 3921 eorum
1900 3869 2049 3921 esset

441 3958 654 4024 ablata,
688 3956 859 4029 proni
883 3955 1090 4010 devota
1121 3956 1255 4010 ante
1287 3971 1492 4027 corpus
1510 3956 1756 4027 apostoli
1782 3956 2045 4029 projece-

440 4050 579 4102 runt
599 4063 658 4101 se
681 4061 814 4101 cum
830 4044 1121 4116 lacrymis,
1149 4048 1209 4100 et
1228 4044 1521 4099 dixerunt:
1551 4046 1791 4100 «Sancte
1815 4046 2050 4101 Bartho~

442 4137 633 4190 lomee
666 4136 947 4207 apostole,
980 4133 1024 4188 si
1058 4135 1129 4188 de
1160 4133 1425 4206 periculis
1466 4133 1589 4189 istis
1619 4134 1846 4189 liberati
1868 4135 2044 4191 fueri-

442 4240 571 4277 mus
606 4222 752 4277 etin
786 4239 923 4299 pace
956 4223 1184 4290 reversi,
1220 4222 1278 4276 in
1304 4226 1402 4277 tuo
1449 4224 1684 4279 nomine
1725 4226 1904 4279 altare
1947 4242 2045 4279 au-

443 4328 611 4367 reum
638 4311 696 4365 et
726 4313 1092 4382 argenteum,
1121 4310 1275 4366 infra
1317 4313 1574 4368 mcclcsia
1600 4316 1796 4369 sancte
1824 4313 1923 4368 Dei
1955 4330 2050 4385 ge-

445 4399 663 4454 nitricis
687 4398 858 4454 Marie
887 4402 1204 4468 patremus.
1241 4422 1267 4448 »
1292 4400 1369 4454 Ex
1398 4418 1510 4473 quo
1539 4403 1690 4457 dicto
1713 4402 1771 4456 in
1789 4402 2050 4458 oratione

444 4491 721 4555 levantes,
756 4489 946 4541 tantos
977 4504 1140 4541 error
1176 4488 1485 4543 tenebrosa
1531 4491 1735 4559 incest,
1768 4493 1832 4546 ut
1873 4508 2048 4547 nemo

444 4578 596 4632 inter
620 4574 1028 4645 Langobardos
1041 4577 1401 4647 etAgarcnos
1418 4594 1651 4633 cernere
1666 4598 1782 4635 non
1801 4583 2047 4652 poterat.

446 4667 652 4739 Sicque
695 4665 1012 4737 gaudentes
1054 4666 1112 4719 in
1162 4666 1471 4721 Beneventi
1517 4669 1760 4724 hurbem
1809 4670 2053 4743 ingressi

445 4758 610 4824 sunt;
645 4755 716 4810 de
746 4754 1015 4810 thesauro
1040 4771 1150 4826 que
1168 4760 1463 4827 coeperunt
1478 4756 1761 4813 Romuald
1780 4761 2053 4835 principis

446 4845 738 4901 deferunt.
774 4843 945 4915 Cujus
975 4845 1186 4899 merita
1224 4844 1399 4916 ipsius
1440 4848 1684 4917 apostoli
1721 4865 1961 4919 corpore
1994 4856 2053 4905 et

443 4935 618 5007 signis
656 4950 835 5006 usque
852 4932 908 4987 in
930 4934 1107 4988 ﬁnem
1128 4934 1305 4989 secuti
1328 4933 1585 4991 hibidem
1615 4941 1940 5009 permanet.

516 5025 600 5079 14.
616 5024 927 5079 Transacto
944 5039 1195 5095 namque
1219 5025 1510 5094 tempore,
1516 5025 1768 5095 glorioso
1784 5027 2051 5100 princeps

2127 1823 2281 1875 sunt.
2312 1819 2640 1875 Munierunt
2670 1818 2923 1874 civitates
2948 1837 3088 1892 gyro
3132 1838 3237 1893 per
3275 1821 3534 1888 circuitu,
3563 1820 3642 1874 ita
3666 1822 3735 1875 ut

2129 1926 2249 1965 non
2263 1907 2729 1981 possithabitator
2739 1909 3318 1967 civitatesNovecertis
3327 1928 3430 1983 pre
3444 1910 3731 1983 impetum

2129 2000 2440 2053 bellatores
2466 2014 2673 2052 manus
2704 1998 2948 2069 erigere.
2990 1999 3056 2054 Et
3082 2004 3490 2072 pugnaverunt
3514 2000 3738 2072 Lango-

2130 2085 2299 2141 bardi
2326 2085 2596 2140 adversus
2619 2103 2715 2141 eos
2754 2086 2953 2142 multis
2980 2088 3199 2144 diebus.
3232 2090 3302 2143 Et
3331 2088 3592 2144 fecerunt
3612 2105 3735 2143 ma-

2132 2174 2367 2241 chinas;
2399 2177 2456 2228 et
2485 2173 2642 2228 misit
2670 2175 2954 2246 Sycardus
2983 2191 3250 2248 princeps
3271 2178 3493 2249 legatos
3513 2177 3586 2232 ad
3602 2178 3737 2232 hur-

2130 2263 2267 2317 bem
2297 2263 2605 2317 Beneventi
2628 2262 2701 2317 ad
2726 2264 3053 2335 Sykinolfus
3067 2282 3231 2338 puer,
3246 2282 3525 2338 germano
3542 2266 3739 2336 suo,ut

2132 2350 2358 2405 veniret
2390 2350 2463 2405 ad
2516 2367 2596 2406 se.
2630 2351 2697 2405 Et
2738 2352 2911 2407 exivit
2952 2353 3284 2425 Sykinolfus
3309 2354 3576 2427 princeps
3602 2370 3740 2409 cum

2136 2438 2532 2502 multitudine,
2578 2443 2636 2494 et
2687 2440 2965 2511 percussit
2994 2442 3250 2497 civitates
3274 2443 3645 2510 Novecertus;
3678 2444 3745 2496 et

2136 2527 2445 2584 trucidavit
2473 2529 2705 2584 multos.
2722 2530 2789 2583 Et
2811 2532 3379 2604 comprehenderunt
3402 2531 3745 2597 civitates,et

2136 2618 2531 2674 conbuserunt
2556 2634 2652 2673 eas
2676 2619 2813 2690 igne
2844 2635 2976 2674 cum
3007 2621 3250 2692 populos
3271 2623 3329 2675 et
3344 2620 3652 2687 mulieres;
3683 2622 3746 2674 et

2138 2724 2255 2762 non
2287 2710 2694 2761 remanserunt
2738 2725 2805 2762 ex
2837 2724 2932 2763 eas
2967 2726 3145 2782 usque
3171 2726 3335 2765 unus.
3372 2711 3440 2764 Et
3464 2708 3746 2764 subvertit

2137 2812 2356 2863 muros,
2379 2798 2437 2850 et
2472 2796 2700 2851 moenia),
2728 2795 2973 2853 civitatis
2999 2798 3293 2870 dissipavit
3317 2816 3350 2854 a
3376 2800 3496 2853 solo
3538 2798 3748 2853 funda-

2137 2885 2369 2944 mentis.
2400 2885 2682 2958 Sycardus
2705 2903 2964 2942 reversus
2996 2891 3081 2942 est
3105 2887 3165 2942 in
3188 2888 3442 2944 civitates
3461 2887 3741 2943 Lavellus.

2145 2974 2467 3048 Sycinolfus
2497 2975 2785 3046 ingressus
2811 2980 2896 3030 est
2944 2977 3002 3030 in
3032 2976 3279 3032 hurbem
3325 2975 3655 3043 Beneventi,
3684 2976 3747 3029 et

2143 3068 2440 3136 coeperunt
2473 3064 2739 3135 judicare
2774 3066 3021 3136 populo;
3073 3069 3130 3120 ct
3160 3066 3473 3121 trucidaret
3510 3064 3745 3138 impios.

2141 3156 2277 3210 Erat
2297 3154 2457 3209 enim
2477 3154 2776 3209 consilium
2791 3155 3091 3228 Radelgysi
3108 3172 3320 3210 vanum
3337 3158 3394 3210 et
3402 3154 3747 3227 pessimum,

2146 3245 2203 3297 et
2230 3242 2386 3297 misit
2414 3243 2635 3314 legatos
2664 3243 2738 3297 ad
2758 3244 3007 3299 hurbem
3049 3244 3353 3299 Salernam
3389 3244 3464 3299 ad
3486 3243 3598 3298 Leo
3618 3243 3748 3315 epi-

2147 3348 2372 3405 sc0pus,
2404 3334 2468 3385 ut
2491 3331 2792 3387 intimaret
2821 3349 2855 3386 a
2889 3333 3139 3404 Sycardo
3169 3333 3452 3406 principe,
3483 3335 3546 3387 ut
3574 3332 3748 3405 Syki-

2149 3421 2343 3477 nolfus
2370 3438 2515 3494 puer
2547 3420 2935 3477 transmittere
2961 3439 2995 3477 a
3015 3422 3254 3477 Salerna
3283 3422 3500 3490 civitas,
3520 3424 3582 3476 ut
3606 3421 3751 3477 artis

2145 3513 2474 3568 litterarum
2505 3510 2902 3566 instrueretur.
2939 3511 3016 3566 Ex
3059 3529 3173 3585 quo
3206 3512 3287 3567 ita
3311 3513 3609 3583 peractum
3637 3514 3749 3578 est,

2144 3601 2335 3673 sicque
2360 3599 2561 3673 petitio
2592 3616 2795 3655 eorum
2816 3599 3194 3673 adimpletum
3225 3605 3329 3656 est.
3354 3599 3753 3673 Regnavitﬁi)

2145 3690 2305 3745 idem
2332 3688 2646 3744 Sikinolfus
2672 3690 2730 3744 in
2754 3689 2998 3743 hurbem
3022 3689 3343 3744 Salernem.
3362 3689 3755 3745 Beneventani

2148 3778 2478 3835 unianimes
2524 3781 2777 3834 tractans
2827 3778 2897 3833 de
2939 3778 3177 3833 interitu
3207 3778 3444 3851 Sycardi
3477 3777 3752 3851 principi,

2147 3869 2429 3924 miserunt
2457 3866 2691 3922 nuntius
2720 3867 2794 3922 ad
2815 3867 2927 3922 Leo
2949 3868 3248 3940 episcopus
3269 3867 3756 3934 Salernitanos,ut

2150 3956 2472 4030 Sycinolfus
2501 3957 2694 4012 oculos
2725 3957 2846 4027 ejus
2873 3973 3074 4011 eruere
3096 3960 3189 4024 ;ut
3209 3956 3563 4030 principatus
3575 3956 3756 4011 Bene-

2152 4047 2328 4115 venti,
2361 4046 2421 4101 in
2443 4063 2502 4100 se
2532 4045 2666 4118 ipsis
2705 4045 2931 4101 exibere
2977 4045 3267 4113 virtutem,
3296 4045 3596 4101 Salernam
3619 4045 3759 4100 hur-

2149 4138 2286 4192 bem
2312 4136 2371 4191 in
2402 4153 2503 4190 sua
2523 4134 2823 4207 potestatis
2849 4135 3164 4207 percipere.
3182 4135 3304 4200 Quo
3328 4136 3439 4190 Leo
3454 4134 3758 4207 episcopus

2150 4245 2270 4282 non
2307 4225 2632 4298 hacquievit
2683 4225 2921 4280 consilio
2975 4241 3202 4280 eorum.
3230 4226 3387 4280 Tunc
3426 4224 3758 4279 unianimes

2151 4314 2539 4370 Beneventani
2561 4315 2940 4385 perrexerunt
2971 4330 3005 4366 a
3036 4313 3296 4367 Labellus
3341 4311 3571 4380 civitas;
3602 4311 3759 4384 paci-

2150 4404 2255 4458 ﬁce
2285 4404 2459 4458 verba
2482 4402 2717 4475 Sycardi
2746 4401 2994 4473 principi
3022 4418 3263 4457 narrare
3286 4404 3602 4472 coeperunt.
3628 4400 3755 4464 Quo

2150 4491 2415 4564 princeps
2444 4489 2696 4562 benigne
2724 4490 2968 4560 suscepit
2991 4506 3192 4544 eorum
3224 4489 3415 4556 verba,
3434 4488 3756 4544 honoriﬁce

2153 4579 2498 4652 composuit.
2528 4580 2686 4634 Tunc
2717 4596 2863 4634 unus
2903 4597 2967 4634 ex
3011 4579 3147 4650 ipsis
3188 4577 3449 4649 gladium
3487 4576 3755 4648 arripuit,

2152 4686 2533 4745 percussoque
2577 4668 2857 4740 principe,
2930 4671 3121 4723 totum
3163 4684 3369 4739 corpus
3424 4667 3547 4738 ejus
3597 4666 3755 4721 ferro

2152 4765 2375 4817 vastare
2408 4761 2724 4831 coeperunt.
2760 4757 3073 4812 Combusta
3102 4757 3349 4812 hurbem
3405 4756 3688 4817 Labellus,
3723 4772 3760 4810 a

2154 4852 2560 4906 Beneventana
2589 4847 2836 4901 hurbem
2868 4845 3109 4917 regressi
3140 4849 3292 4900 sunt.
3327 4845 3396 4898 Et
3412 4845 3760 4916 juraverunt

2152 4941 2305 4994 inter
2336 4956 2416 5010 se,
2438 4943 2504 4993 ut
2534 4937 2684 4991 ultra
2715 4952 2831 4989 non
2859 4934 3291 5006 acquiescerent
3308 4933 3584 5007 principis
3597 4932 3759 5005 Syki-

2154 5029 2367 5084 nolfus.
2411 5029 2480 5082 Et
2518 5023 2763 5082 surrexis
2816 5024 3148 5096 Sykinolfus
3183 5023 3467 5097 princeps,
3506 5025 3564 5077 et
3585 5022 3757 5078 huni-

1763 5151 1991 5208 VARLE
2022 5152 2424 5210 LECTIONES.

507 5271 553 5307 ιι
585 5278 897 5337 agarorum
925 5279 972 5318 c.
1026 5271 1070 5306 ιο
1099 5264 1136 5319 ι’.
1159 5281 1205 5324 e.
1235 5265 1491 5322 locellos.
1553 5275 1597 5309 ιτ
1629 5257 2268 5342 nimiappreenderunt.

1983 5386 2118 5443 NOT
2119 5387 2203 5442 1E.

501 5481 619 5552 (40)
647 5478 730 5552 Id
750 5480 836 5533 est
865 5479 936 5534 ad
959 5479 1221 5552 Lipan'm.

495 5550 611 5696 (4t;
640 5550 1195 5608 Grimoaldus'ﬁlius
1220 5553 1537 5609 Romoaldo
1570 5555 1853 5610 successit.

498 5624 588 5694 (42
636 5622 892 5679 Nocera?

498 5622 606 5694 (42)
636 5622 892 5679 Nocera?

2209 5484 2318 5557 (43)
2352 5483 2602 5557 Fabule
2633 5481 2717 5536 Cf.
2749 5480 3246 5557 Erchempertum.

2212 5553 2324 5629 (44)
2352 5556 2417 5611 ld
2441 5556 2526 5610 est
2555 5555 2701 5609 Dum
2729 5553 2991 5622 regnavit.
