3986 6170
236 318 289 371 ξ,
1718 279 2175 358 οΗΒοΝιαοΝ.
2270 288 2273 293 ’
3536 302 3607 359 22

232 433 407 492 versis
446 430 548 506 qui
585 448 648 487 se
673 426 1096 500 conjuncxerat
1114 422 1399 515 fratribus
1418 421 1550 492 suis,
1577 425 1638 477 et
1668 420 1958 515 pretia-1L
1988 439 2159 496 ribus
2210 439 2334 510 ejus
2374 443 2504 497 orta
2534 445 2638 511 est,
2675 443 2891 514 quanta
2927 457 3228 515 nunquam
3286 441 3457 495 antea
3508 439 3608 492 aut

237 529 451 582 bantur
477 522 678 594 pretia
709 534 955 589 magna,
983 519 1041 569 et
1072 513 1328 569 dilatavit
1353 513 1627 567 virtutem
1660 512 1879 584 populo

1999 531 2196 602 postea
2224 528 2462 584 naribus
2488 532 2609 603 ejus
2638 512 2895 586 adhibita
2914 548 3033 585 non
3066 512 3173 584 t‘uit
3197 547 3211 597 ;
3239 545 3355 583 non
3372 527 3601 580 tantum

239 632 336 671 suo
359 609 788 685 Langobardo,
814 609 875 661 et
905 601 1098 658 induit
1116 619 1174 655 se
1198 601 1433 655 loricam
1462 603 1622 655 velut
1648 598 1874 671 gigans,

237 709 290 760 et
320 700 648 775 precincxit
680 716 743 753 se
780 712 953 751 arma
989 691 1214 757 bellica,
1258 694 1316 744 et
1342 688 1687 762 praaparavit
1709 704 1766 741 se
1798 688 1873 742 ad

241 796 477 850 bellum.
502 792 575 844 Et
594 788 844 844 veniens
864 804 899 839 a
926 780 1239 838 Beneventi
1261 781 1541 845 hurbem;
1566 784 1705 834 tunc
1731 776 1877 832 infe-

237 885 364 939 lices
384 877 793 936 Beneventani
815 873 1107 931 miserunt
1129 870 1368 924 nuntius
1397 888 1430 925 a
1456 867 1770 943 Sycinolfus
1793 867 1877 922 di-

239 976 430 1029 centes
463 989 477 1025 :
513 990 549 1021 ε
580 968 672 1022 Hii
706 965 806 1039 qui
832 967 969 1020 sunt
988 959 1338 1021 homicides,
1355 961 1621 1015 manibus
1644 956 1748 1011 tuis
1770 957 1873 1011 da-

242 1080 409 1130 mus;
441 1063 667 1115 terram
700 1055 863 1110 enim
895 1048 1174 1126 potestati
1205 1050 1305 1125 tue
1339 1049 1431 1104 est
1463 1071 1495 1103 »
1526 1046 1873 1120 Sykinolfus,

1982 618 2226 688 regibus
2258 620 2315 670 et
2344 619 2568 689 regina,
2600 620 2699 673 sed
2718 618 2892 673 etiam
2914 636 2947 672 a
2966 618 3180 673 cunctis
3204 614 3600 685 Langobardis

1981 705 2368 776 sequentibus
2387 723 2466 760 se.
2504 710 2788 762 lntrantes
2830 708 2890 761 in
2920 708 3172 762 aacclesia
3195 706 3362 776 juxta
3390 718 3599 774 corpus

1980 793 2333 849 sanctissimi
2349 796 2786 866 Nonnosi,cujus
2799 796 3059 866 superius
3071 792 3421 849 memoriam
3439 791 3597 859 fecit,

1982 899 2105 938 non
2128 883 2301 954 longe
2324 900 2356 937 a
2379 900 2586 956 corpus
2609 883 2761 937 beati
2783 882 3055 951 Silvestri,
3085 885 3210 938 erat
3230 897 3377 935 unus
3409 897 3478 935 ex
3505 898 3605 952 pa-

1984 971 2258 1026 rasitibus
2284 971 2398 1026 suis
2429 971 2841 1042 Langobardis,
2875 972 2947 1025 de
2985 969 3332 1043 genealogia
3376 969 3604 1042 Lango-

1978 1060 2166 1116 bardo
2194 1060 2265 1114 de
2292 1060 2603 1115 Beneventi
2634 1060 2901 1125 hurbem,
2936 1060 3035 1131 qui
3063 1075 3168 1131 per
3194 1058 3549 1116 hereditaria
3576 1077 3613 1117 a

250 1153 519 1227 princeps
546 1146 952 1209 Salernitano,
987 1140 1125 1196 fecit
1146 1137 1408 1194 vindicta
1429 1140 1499 1195 de
1527 1139 1705 1193 fratre
1736 1153 1873 1205 suo;

245 1238 514 1297 trucidati
546 1240 609 1291 et
634 1233 899 1306 suspensi
933 1233 1004 1287 de
1035 1228 1433 1285 Beneventani
1460 1242 1705 1284 numero
1736 1242 1877 1297 qua-

257 1330 529 1402 draginta
561 1344 679 1382 sex.
718 1323 977 1378 Victores
1023 1337 1057 1375 a
1095 1319 1405 1374 Salernam
1452 1317 1701 1371 hurbem
1746 1331 1879 1386 per-

252 1420 411 1475 rexit.
430 1420 502 1472 Et
518 1418 742 1470 factum
765 1410 1095 1468 estirritum
1119 1423 1404 1478 magnum
1418 1407 1576 1460 inter
1594 1405 1885 1459 Beneven-

253 1514 334 1563 tos
353 1510 423 1561 et.
444 1507 573 1576 ejus
589 1500 985 1564 succedentia,
1009 1501 1068 1553 et
1084 1497 1331 1552 Salernu
1347 1498 1404 1549 et
1419 1494 1551 1565 ejus
1577 1492 1884 1547 succeden-

254 1598 346 1664 tia,
382 1600 448 1651 et
478 1594 684 1649 divisio
714 1606 898 1663 usque
924 1590 984 1643 in
1017 1588 1351 1659 presentem
1395 1583 1564 1638 diem
1593 1579 1699 1649 (an.
1731 1584 1884 1648 712).

324 1690 413 1741 15.
454 1680 840 1754 Liuprandus,
854 1695 957 1732 rex
973 1673 1500 1747 Langobardorum
1515 1710 1529 1735 ,
1547 1667 1680 1723 fecit
1692 1684 1892 1740 pugna

1983 1149 2262 1204 demonio
2292 1152 2426 1203 sunt
2466 1148 2674 1215 vexati,
2722 1150 2964 1218 propter
2993 1146 3468 1204 maledictionem
3500 1168 3614 1223 que

1984 1238 2352 1293 beatissimus
2395 1237 2675 1292 Barbatus
2703 1236 3014 1305 episcopus
3043 1235 3345 1304 imposuit,
3375 1244 3621 1313 propter

1986 1327 2292 1381 Theodora
2323 1326 2514 1380 uxoris
2545 1323 2835 1379 Romuald
2859 1321 3148 1395 principi,
3176 1324 3334 1391 cuius
3363 1331 3627 1403 superius

1990 1415 2338 1469 memoriam
2352 1414 2618 1468 fecimus.
2648 1411 2771 1475 Quo
2794 1411 3028 1468 demon
3049 1430 3159 1485 per
3177 1415 3283 1471 hos
3298 1416 3634 1491 ipsiusLan-

1991 1504 2249 1575 gobardo
2276 1505 2530 1557 clamare
2554 1501 2743 1572 cepit:
2771 1499 2859 1554 «Ο
2881 1500 3202 1575 Nonnose,
3222 1507 3361 1581 quid
3389 1527 3485 1567 me
3511 1530 3642 1587 per-

1992 1592 2226 1647 turbas?
2248 1592 2424 1646 modo
2456 1608 2580 1646 non
2607 1606 2751 1645 exeo
2781 1587 2943 1657 hinc,
2968 1594 3120 1665 quia
3152 1613 3258 1668 per
3286 1599 3643 1661 hereditaria

1997 1680 2184 1751 gentis
2216 1681 2317 1735 iste
2336 1680 2736 1735 succedemus.
2758 1677 2802 1731 Ο
2835 1676 3128 1738 Silvester
3150 1684 3438 1759 episcope,
3457 1690 3641 1750 virtus

257 1793 381 1830 cum
422 1775 752 1827 Avarorum
781 1784 926 1841 gens
950 1767 1012 1821 in
1043 1762 1344 1836 Aquilegie
1368 1757 1657 1833 partibusy
1676 1761 1734 1812 εἴ
1760 1773 1895 1813 COD-
1915 1765 1966 1823 B
1997 1770 2094 1824 tua
2124 1787 2218 1824 me
2249 1770 2604 1835 incendent;
2637 1770 2697 1821 et
2721 1765 2769 1821 si
2801 1765 3029 1825 dehinc
3059 1789 3156 1827 me
3195 1757 3372 1844 ejicis,
3393 1795 3427 1832 a
3447 1780 3636 1836 Bene-

260 1862 503 1919 culcavit
532 1858 863 1932 Aquilegia,
882 1860 940 1910 et
963 1853 1223 1919 Benetia,
1252 1867 1479 1905 necnon
1513 1846 1782 1902 Sardinia
1805 1846 1893 1900 in-

261 1955 404 2019 sula,
430 1955 487 2005 et
513 1949 772 2014 Corsica,
794 1950 853 2001 et
876 1943 1178 2015 ampliavit
1206 1956 1452 2011 regnum
1486 1936 1897 2008 Langobardo-

267 2058 419 2097 rum.
452 2040 581 2104 Quo
598 2054 703 2093 rex
728 2037 913 2091 factus
936 2034 1023 2086 vir
1049 2026 1561 2086 christianissimus
1592 2030 1769 2098 atque
1802 2041 1893 2079 ca-

264 2127 799 2199 tholicus,synodus
816 2119 1598 2181 factuscanonicorum,cum
1613 2114 1899 2188 episcopis

265 2226 318 2275 et
350 2217 582 2272 clericis
611 2215 793 2270 ﬁdem
844 2215 1041 2267 sancte
1073 2205 1392 2262 Trinitatis.
1424 2205 1490 2257 Et
1523 2220 1621 2259 rex
1670 2206 1895 2274 Lango-

267 2309 593 2363 bardorum
635 2321 751 2377 que
784 2304 959 2357 antea
989 2296 1277 2369 disposita
1312 2311 1428 2349 non
1469 2296 1620 2361 sunt,
1656 2293 1899 2348 miriﬁce

266 2395 620 2469 composuit.
654 2390 941 2464 Regnavit
968 2388 1209 2442 hisdem
1241 2400 1339 2437 rex
1371 2382 1688 2436 honorifice
1716 2399 1901 2437 annos

266 2489 481 2559 plures,
510 2487 569 2539 et
600 2482 870 2555 quietum
902 2480 989 2534 est
1017 2490 1277 2546 regnum
1312 2470 1823 2543 Langobardorum
1844 2475 1901 2526 et

265 2576 695 2631 Romanorum.
1454 2630 1457 2631 ν

346 2667 441 2718 16.
478 2663 617 2733 (An.
676 2661 827 2729 743.)
868 2654 1083 2711 Genuit
1128 2653 1327 2707 autem
1368 2649 1551 2704 isdem
1611 2665 1711 2703 rex
1755 2648 1901 2704 ﬁlios

272 2753 415 2808 duos
437 2752 596 2821 (45);
631 2748 854 2821 primus
883 2742 1138 2809 Rachisi,
1165 2739 1450 2795 secundus
1464 2739 1773 2811 Astulphus
1803 2755 1901 2794 vo-

268 2842 510 2897 citatur.
537 2838 860 2894 Constituto
910 2830 1144 2887 Rachisi
1196 2847 1230 2884 a
1261 2831 1422 2901 patre
1463 2844 1563 2881 suo
1610 2843 1811 2897 regno,
1846 2830 1903 2881 et

268 2930 458 2984 factus
478 2930 567 2981 est
590 2943 694 2980 rex
721 2922 916 2978 Italico
949 2921 1250 2974 viventem
1282 2915 1429 2987 patri
1462 2914 1601 2985 ejus.
1637 2914 1903 2986 Obiitque

273 3015 648 3090 Liuprandus
702 3030 797 3067 rex
830 3012 940 3083 (an.
988 3011 1120 3074 744,
1162 3006 1360 3077 δέρω,
1408 3003 1629 3074 accepit
1678 3003 1903 3058 Rachisi

1997 1859 2151 1913 venti
2176 1859 2422 1912 hurbem
2449 1855 2755 1929 regrediar
2785 1872 2819 1908 a
2849 1861 3351 1932 consanguinium
3386 1865 3564 1922 istius.
3599 1889 3635 1923 δ

1999 1946 2122 2011 Quo
2148 1946 2298 2001 dicto
2322 1946 2537 2000 demon
2558 1945 2917 2015 discerpens,
2935 1949 3137 2003 exiens
3158 1950 3230 2003 ab
3260 1966 3327 2005 eo
3350 1969 3363 2019 ;
3387 1958 3632 2025 propter

1996 2034 2305 2091 hocvocati
2324 2033 2653 2104 suntipsius
2667 2034 3016 2105 genealogie
3047 2038 3412 2107 Langobardi
3441 2042 3627 2098 Bene-

2001 2124 2158 2179 venti
2190 2146 2217 2175 ‹‹
2248 2119 2852 2194 tempta-demonium
2890 2142 2918 2169 »
2956 2141 3135 2197 usque
3179 2124 3239 2179 in
3288 2133 3625 2196 presentem

2003 2213 2181 2268 diem.
2204 2211 2309 2276 Qui
2341 2214 2505 2266 tanta
2535 2208 2752 2281 gaudia
2781 2208 2839 2262 in
2873 2210 3104 2266 Bachisi
3134 2229 3231 2266 rex
3261 2216 3319 2267 et
3343 2215 3466 2285 ejus
3487 2234 3625 2274 con-

1993 2303 2117 2374 jux,
2153 2304 2209 2355 et
2240 2302 2473 2355 cunctos
2498 2296 2840 2369 sequacibus
2862 2299 2978 2354 suis
3002 2300 3620 2376 Langobardisinerat,

2002 2394 2067 2445 ut
2096 2389 2459 2444 ferocitatem
2493 2387 2591 2459 qui
2623 2385 2845 2441 dudum
2877 2388 3143 2457 abuerat,
3174 2389 3234 2444 in
3269 2391 3620 2449 umilitatem

2001 2479 2189 2551 gratie
2221 2481 2352 2532 sunt
2370 2474 2648 2532 conversi.
2667 2472 2925 2537 Quantas
2940 2477 3207 2533 lacrimas
3238 2482 3296 2533 et
3327 2481 3622 2537 orationes

2002 2566 2369 2640 Langobardi
2398 2565 2580 2620 exorti
2606 2566 2761 2631 sunt,
2781 2567 2838 2618 et
2869 2581 3119 2623 munera
3148 2568 3367 2624 ibidem
3394 2572 3621 2642 optule-

2000 2660 2159 2723 runt,
2191 2672 2428 2711 narrare
2444 2656 2691 2726 longum
2710 2655 2813 2707 est.
2846 2654 3074 2711 Rachisi
3101 2673 3201 2712 rex
3222 2660 3280 2711 et
3305 2658 3497 2714 Tassia
3526 2674 3621 2713 re-

2004 2746 2163 2819 gina,
2188 2764 2330 2801 uxor
2361 2738 2501 2817 ejus,
2519 2761 2623 2817 per
2643 2747 2985 2817 preceptum
3013 2747 3345 2804 donationis
3364 2748 3423 2804 in
3442 2766 3617 2804 vene-

2002 2837 2205 2891 rabilis
2234 2836 2659 2892 monasterium
2690 2834 2876 2890 sancti
2908 2836 3172 2893 Silvestri'
3204 2842 3262 2894 et
3300 2838 3619 2895 beatissimi

2003 2925 2261 2982 Nonnosi
2291 2929 2450 2981 curte
2481 2941 2683 2991 unam,
2719 2930 3161 2998 nuncupantem
3205 2927 3524 2983 Ustriciano
3556 2926 3619 2980 in

2001 3014 2296 3070 territorio
2329 3013 2633 3087 Spolitino,
2668 3012 2727 3066 in
2772 3030 2924 3085 pago
2962 3016 3123 3085 cujus
3157 3017 3504 3070 vocabulum
3535 3016 3624 3068 est
3692 3002 3703 3011 I

276 3122 522 3162 uxorem
550 3105 625 3158 de
654 3103 900 3156 hurbem
923 3101 1136 3164 Roma,
1169 3094 1411 3150 nomine
1426 3092 1710 3158 Τᾶδδίᾶνθῐ
1729 3092 1906 3147 diSI‘U-
1924 3105 1971 3165 (ζ’.
2003 3103 2221 3171 Pinnis,
2255 3120 2385 3157 cum
2418 3099 2654 3156 ecclesia
2680 3100 2739 3155 in
2775 3118 2956 3157 onore
2978 3102 3164 3156 sancti
3190 3102 3445 3157 Silvestri
3468 3101 3623 3154 infra

278 3197 359 3268 pit
388 3197 489 3250 lex
522 3192 770 3266 paterna
813 3186 1343 3259 Langobardorum
1386 3181 1806 3251 morgyncaph,
1844 3185 1904 3236 et

280 3284 647 3353 mithio,que
677 3280 737 3333 in
770 3278 881 3333 suis
910 3275 1145 3348 legibus
1179 3272 1417 3327 afﬁxum
1441 3273 1544 3335 est,
1569 3286 1687 3324 non
1717 3269 1901 3323 adim-

279 3374 477 3446 plevit.
512 3369 669 3424 Fecit
714 3371 906 3421 autem
946 3362 1304 3420 donationes
1349 3359 1566 3413 cartule
1621 3359 1901 3428 Romane,

279 3460 551 3532 sicutipsi
571 3455 819 3512 Romani
831 3451 1409 3527 petierunt.Propter
1424 3448 1531 3501 hoc
1546 3447 1907 3519 Langobardi

278 3549 496 3605 irritati
533 3547 806 3601 adversus
859 3541 1090 3597 Rachisi
1144 3555 1266 3605 rex,
1314 3539 1372 3590 et
1417 3538 1728 3591 tractantes
1776 3555 1908 3592 cum

280 3640 603 3709 Astulpbus
633 3636 706 3690 de
755 3650 933 3705 regno
977 3633 1126 3703 ejus.
1165 3626 1425 3683 Perrexit
1471 3626 1691 3682 Rachisi
1748 3645 1846 3683 rex
1878 3645 1912 3682 a

287 3728 603 3785 Pinnensis
620 3726 759 3779 urbe
780 3724 1130 3777 vetustatem
1149 3717 1515 3787 consumpta,
1532 3719 1769 3790 eratque
1791 3718 1911 3773 hibi

285 3819 611 3875 abitatores
640 3812 1023 3884 Langobardo
1046 3806 1293 3864 nomine
1326 3807 1502 3875 Lupo,
1527 3822 1636 3876 que
1663 3807 1785 3861 sine
1815 3808 1912 3861 he-

284 3907 526 3964 redibus
553 3906 815 3957 mortuus
850 3902 1064 3955 fuerat.
1100 3899 1199 3951 Est
1241 3898 1434 3949 autem
1482 3895 1821 3949 constitutus
1850 3896 1908 3950 in

286 3996 520 4067 legibus
553 3989 1097 4061 Langobardorum,
1132 3989 1196 4040 ut
1226 3984 1638 4053 Langobardus
1668 3984 1764 4057 qui
1786 3984 1908 4041 sine

288 4083 558 4139 haeredes
593 4084 859 4135 mortuus
880 4076 1079 4143 fuerit,
1095 4073 1271 4129 curtis
1291 4072 1452 4144 regia
1472 4075 1753 4128 succedat.
1770 4074 1907 4127 Suc-

292 4173 464 4228 cessit
490 4168 721 4225 Racliisi
749 4185 845 4222 rex
882 4183 1089 4221 omnes
1114 4163 1416 4218 facultates
1457 4162 1673 4234 Lllponi
1707 4162 1764 4216 in
1810 4180 1908 4217 sue

292 4263 459 4333 regie
492 4259 811 4331 potestatis.
830 4259 1069 4311 Precata
1087 4256 1175 4307 est
1196 4252 1238 4305 Τ
1243 4251 1388 4305 assia
1412 4251 1610 4321 regina
1631 4270 1664 4305 a
1686 4251 1910 4306 Rachisi

294 4369 420 4415 rex,
448 4349 578 4403 viro
612 4364 733 4409 suo,
763 4348 875 4400 uta
906 4346 1138 4398 montes
1161 4339 1418 4412 Syraptis
1439 4356 1471 4393 a
1496 4340 1911 4396 monasterium

2002 3194 2130 3265 ipsa
2154 3198 2311 3249 curte
2334 3193 2661 3248 constructa
2681 3194 2788 3259 est,
2804 3195 2862 3246 et
2874 3191 3145 3247 omnibus
3162 3188 3621 3262 adjacentiis,vel

2004 3283 2358 3355 appendiciis
2370 3280 2628 3336 hibidem
2641 3281 3183 3352 pertinentibus,vel
3193 3277 3622 3351 aspicientibus,

2006 3371 2170 3427 sicuti
2189 3370 2408 3442 Luponi
2428 3370 2584 3425 ducis
2606 3370 2877 3424 manibus
2888 3369 3005 3424 suis
3031 3363 3536 3423 detenuit.Ma‘nsit
3559 3363 3621 3417 in

2009 3478 2076 3516 eo
2096 3466 2329 3516 montes
2352 3477 2450 3515 rex
2482 3459 2603 3513 dies
2624 3462 2740 3514 tres
2759 3460 2973 3532 gratias
2997 3475 3183 3531 agens
3197 3459 3345 3524 Deo;
3374 3472 3407 3509 a
3437 3451 3625 3524 Spoli-

2013 3554 2147 3606 taua
2171 3552 2377 3605 urbem
2407 3566 2701 3621 regressus
2731 3552 2835 3603 est.
2874 3546 3252 3619 Langobardi
3296 3545 3489 3600 furore
3531 3557 3625 3597 ac-

2011 3639 2356 3707 censi,sicuti
2377 3639 2731 3693 consuetudo
2765 3638 2953 3709 gentis
2980 3653 3217 3705 eorum,
3240 3634 3450 3691 fronite
3481 3649 3626 3688 uno-

2012 3747 2122 3801 que
2146 3729 2344 3783 anirno
2358 3729 2635 3798 Astulpho
2656 3728 2972 3798 petierunt,
3001 3729 3067 3780 ut
3083 3725 3430 3800 frangerent
3457 3724 3632 3779 dona-

2011 3817 2199 3872 tiones
2216 3819 2433 3871 cartule
2456 3833 2565 3887 que
2604 3815 2828 3870 Bachisi
2862 3833 2960 3870 rex
2994 3815 3221 3871 fecerat
3247 3816 3354 3889 (46)
3376 3814 3458 3869 uti
3484 3813 3627 3867 Lan-

2011 3906 2404 3977 gobardorum
2439 3904 2710 3974 deinceps
2740 3921 2859 3959 non
2882 3907 3051 3960 esset.
3080 3903 3151 3957 Et
3168 3905 3460 3976 petierunt
3480 3903 3627 3957 Lan-

2009 3994 2255 4065 gobardi
2281 3993 2580 4064 Astulpbo,
2621 3997 2685 4048 ut
2722 3992 3112 4048 conveniente
3144 4010 3278 4048 cum
3323 3989 3622 4064 episcopis,

2011 4082 2314 4137 abbatibus
2340 4081 2649 4153 propositis
2674 4079 3265 4152 synodochiorum,et
3289 4097 3419 4135 cum
3434 4082 3623 4134 custo-

2012 4171 2178 4225 dibus
2209 4172 2603 4236 ecclesiarum,
2636 4170 2691 4223 in
2716 4168 2915 4223 edictis
2944 4166 3170 4237 legibus
3200 4169 3622 4242 afﬂigerentur.

2014 4260 2133 4324 Que
2158 4261 2491 4330 jurejurans
2532 4256 2844 4328 spopondit
2873 4256 3207 4325 Astulphus,
3253 4264 3401 4313 esset
3437 4258 3623 4313 factu-

2014 4366 2166 4415 rum,
2200 4349 2243 4401 si
2280 4346 2644 4417 Langobardi
2673 4361 2921 4416 regnum
2947 4343 3027 4399 eis
3056 4349 3392 4403 concedere.

293 4439 457 4494 beati
490 4434 762 4508 Sylvestri
795 4434 866 4488 ab
889 4432 1184 4487 orationes
1194 4444 1437 4502 pergere
1460 4445 1589 4483 cum
1611 4430 1756 4502 ipso;
1782 4429 1917 4502 quia
1936 4441 1989 4498 D
2092 4439 2177 4492 17.
2197 4438 2515 4491 Coronatus
2532 4438 2615 4489 est
2640 4434 2865 4489 hisdem
2886 4434 3195 4504 Astulphus
3221 4436 3281 4490 in
3302 4435 3625 4492 Mediolana

294 4527 668 4586 consuetudo
684 4526 1077 4579 Romanorum
1092 4520 1921 4595 est,sepiusvenire.Acquievit
2020 4527 2265 4583 hurbem
2297 4530 2406 4589 (an.
2442 4525 2570 4578 749.
2603 4522 2787 4595 Jun.),
2822 4522 2973 4577 infra
3002 4523 3239 4578 ecclesia
3264 4524 3443 4579 sancti
3484 4527 3623 4580 Am-

298 4638 399 4675 rex
424 4617 635 4690 petitio
660 4614 815 4669 uxori
842 4631 961 4679 sue,
996 4610 1233 4665 veniens
1269 4626 1399 4663 cum
1442 4612 1717 4666 comitatu
1757 4630 1859 4669 suo
1888 4632 1922 4669 a
2020 4612 2770 4684 brosiiepiscopi,ctelectus
2785 4613 2871 4665 est
2884 4610 3055 4685 rexin
3071 4613 3481 4667 menseJunius
3495 4613 3626 4686 (47),

300 4712 663 4780 Seraptenas
693 4708 938 4759 montes.
976 4702 1237 4775 Cumque
1269 4706 1605 4771 properaret
1633 4704 1705 4757 ad
1726 4705 1920 4758 locum
2023 4702 2337 4760 indictione
2392 4704 2543 4758 1018.
2589 4701 2771 4754 Tanta
2814 4698 3065 4771 denique
3112 4701 3369 4774 nequitia
3420 4702 3630 4757 exarsit

298 4801 444 4856 hubi
481 4797 789 4852 diciturAd
804 4811 1024 4861 arcum,
1044 4796 1205 4848 tanta
1225 4792 1471 4864 denique
1501 4794 1807 4865 flagrantia
1821 4810 1921 4849 na-

2024 4795 2137 4848 suis
2189 4791 2566 4864 temporibus,
2614 4793 2831 4862 quanta
2884 4806 3185 4860 nunquam
3222 4791 3336 4845 suis
3377 4794 3631 4846 anteces-

1642 4914 1868 4969 VABLIE
1900 4915 2190 4971 LECTION
2198 4915 2296 4968 ES.

384 5032 433 5065 18
466 5023 510 5077 Χ
540 5019 733 5075 codex:
767 5016 1040 5089 legendum
1070 5016 1135 5068 ll.

1863 5112 2084 5169 ΝΟΤΕ.

391 5221 518 5301 (ᾗῇ)
544 5218 800 5301 ξξίιιίηῖεεῃ
832 5212 1258 5301 ct.nPaul‘i_llist.
1292 5211 1693 5301 Lang.‘v1.156.

394 5282 520 5363 (463
552 5282 872 5363 NarratiOni
902 5284 1191 5340 Benedicti
1222 5282 1671 5363 suffragaturlex
1690 5284 1932 5363 A‘istulﬁ,

321 5355 863 5435 hucusqueignota,
888 5373 1061 5435 quam
1080 5355 1356 5435 excedice
1374 5355 1695 5410 edictorum
1718 5356 1939 5435 Lango-

328 5427 987 5493 bardorum'Parisiensi
1014 5445 1070 5481 n.
1105 5429 1244 5481 4613
1275 5427 1367 5480 hic
1393 5442 1722 5495 prOponere
1740 5427 1932 5497 juvat:

330 5531 361 5561 ε
376 5506 583 5562 Primo
606 5503 866 5559 omnium
881 5502 1202 5555 statuerunt
1222 5498 1291 5551 de
1312 5497 1652 5570 donationes
1671 5499 1799 5554 illas
1810 5516 1937 5570 qua:

2037 5230 2213 5284 quam
2247 5231 2279 5268 a
2308 5212 2511 5267 Bachis
2531 5210 2738 5267 Aistolf
2758 5212 2938 5284 factus
2969 5214 3055 5284 est
3078 5227 3206 5284 rex,
3217 5211 3368 5267 stare
3391 5212 3638 5277 nullate-

2036 5282 2143 5357 nus
2166 5286 2447 5357 debeant,
2472 5284 2579 5357 nisi
2605 5286 2676 5339 ab
2701 5283 2832 5357 [cru].
2852 5299 2989 5357 nam
3010 5283 3076 5355 si]
3102 5282 3414 5357 Ahistolfus
3434 5300 3640 5357 regem

2038 5356 2090 5411 ei
2120 5356 2297 5411 dinuo
2333 5356 2465 5419 [cod.
2501 5354 2715 5428 divino]
2747 5355 2837 5410 cui
2865 5354 3071 5410 datum
3096 5358 3182 5409 est
3209 5354 3382 5412 fuerit
3413 5354 3642 5412 conces-

2039 5444 2335 5572 suggiﬁta
2382 5500 2667 5573 epocham
2707 5499 2926 5573 Aistulﬁ
2977 5499 3430 5573 determinatam
3466 5497 3641 5557 habe-

333 5581 497 5636 facte
525 5573 1069 5649 suntaBachisrege
1091 5575 1147 5625 et
1168 5568 1362 5649 Tassia
1386 5570 1627 5649 conjuge
1649 5568 1845 5649 ipsius,
1876 5573 1940 5649 ut
2038 5568 2197 5641 mus;
2232 5572 2304 5626 cf.
2342 5568 2598 5627 Brunetti
2630 5572 2769 5629 Cod.
2803 5572 2942 5649 dipl.
2975 5571 3134 5628 Tosc.
3168 5589 3208 5645 1,
3238 5573 3360 5631 387.

337 5667 553 5708 omnes
575 5651 698 5704 illas
730 5642 1022 5717 preceptas
1048 5660 1186 5717 quas
1213 5643 1412 5716 postea
1442 5642 1588 5698 facte
1616 5646 1746 5699 sunt
1780 5644 1936 5715 post-
