3986 6170
335 263 413 322 aa
1436 250 1800 309 BENEDICI‘I
1828 250 1889 307 s.
1911 248 2215 323 manu:
2242 248 2553 305 normam
3122 263 3140 277 -
3585 260 3657 321 24,

337 380 560 441 soribus
585 381 887 454 repertum
919 394 1038 437 non
1067 378 1172 433 est.
1197 375 1353 433 Fecit
1374 375 1657 449 synodum
1687 390 1821 431 cum
1842 373 1949 429 Va-
1969 375 2027 441 Α
2056 372 2356 441 concessit,
2382 376 2440 431 et
2478 372 2676 431 omnia
2706 373 3030 446 adjacentia
3051 375 3201 432 illius
3223 376 3389 434 sicuti
3417 395 3453 435 a
3478 377 3661 450 priori

338 470 511 533 lerius
535 469 1000 540 archiepiscopus
1022 462 1311 521 Ravennae
1334 464 1573 519 civitatis
1598 467 1656 519 et
1682 480 1814 518 cum
1843 463 1949 519 Co-

338 560 546 617 naldus
576 557 1039 630 archiepiscopus
1066 555 1382 611 Mediolane
1419 552 1680 621 civitatis,
1713 557 1770 607 et
1817 570 1949 608 cum

333 647 659 721 jacentiisi9
685 647 988 721 episcopis,
1020 642 1344 710 abbatibus,
1356 640 1668 713 judicibus,
1687 642 1951 697 fidelibus

342 736 742 811 Langobardis
760 736 819 791 in
836 750 1019 807 regno
1034 734 1189 789 Italic
1202 730 1948 805 permanentibus,fecitque

343 825 594 899 capitula
616 823 781 881 sicuti
813 821 1179 893 Langobardi
1202 819 1417 892 precati
1449 824 1616 887 sunt;
1649 823 1706 875 et
1734 820 1793 875 in
1825 818 1946 875 edi-

340 915 446 970 ctis
473 913 637 985 afﬁgi
665 911 943 984 precepit.
965 911 1122 966 Tunc
1152 912 1521 965 surrexerunt
1568 908 1673 963 viri
1701 908 1948 984 Romani

342 1002 626 1065 scelerati,
648 1005 707 1057 et
732 1001 1149 1056 intimaverunt
1171 997 1395 1053 Astulfu
1423 997 1568 1069 regi,
1593 1000 1656 1053 ut
1683 997 1949 1053 venirent

342 1095 402 1153 et
422 1090 793 1165 possiderunt
812 1089 1009 1147 Tuscie
1046 1086 1256 1144 ﬁnibus
1302 1090 1360 1142 ct
1399 1088 1726 1143 Romanum
1761 1087 1947 1160 impe-

339 1182 495 1241 rium
526 1181 891 1254 usurparent.
927 1178 1252 1232 Exaltatum
1282 1179 1368 1232 est
1409 1192 1509 1233 cor
1556 1176 1677 1247 ejus
1730 1192 1848 1232 non
1886 1176 1947 1231 in

339 1271 484 1339 Deo,
518 1286 624 1329 nec
644 1270 704 1323 in
730 1282 912 1323 onore
934 1266 1327 1334 ecclesiarum,
1352 1265 1526 1321 sedin
1557 1266 1731 1332 bella,
1767 1265 1827 1323 in
1852 1283 1946 1323 ra-

338 1358 500 1431 pina,
534 1361 595 1414 et
625 1357 783 1428 igne,
816 1359 875 1412 et
902 1355 1116 1429 gladio.
1162 1355 1468 1410 Venientes
1505 1354 1568 1409 in
1600 1352 1948 1424 Spolitinam

339 1448 572 1513 urbem,
591 1444 749 1499 misit
778 1443 1063 1499 Robertus
1088 1460 1284 1499 comes
1311 1442 1508 1514 palatii
1548 1458 1582 1496 a
1602 1440 1944 1511 Saviuensis,

338 1542 404 1588 ut
428 1533 520 1590 via
545 1537 604 1589 et
627 1536 839 1606 portua
877 1531 1215 1595 custodiret,
1245 1548 1351 1587 nec
1382 1529 1657 1587 Romanis
1682 1530 1793 1587 iter
1819 1548 1943 1586 car-

335 1626 522 1695 peret.
549 1621 695 1678 Misit
724 1621 1064 1677 Grimualdu
1089 1638 1124 1678 a
1151 1620 1618 1688 Centucellensis,
1654 1623 1717 1674 ut
1755 1622 1943 1676 custo-

2054 467 2321 536 tempore
2333 462 2709 518 constitutum
2724 472 2828 531 est,
2840 463 2971 535 jure
2988 464 3222 521 affixum
3236 468 3322 522 est
3336 466 3654 522 constituit.

2052 552 2228 607 Datos
2258 551 2478 623 legatos
2510 550 2745 623 Pipinus
2786 553 2843 605 et
2886 551 3273 626 Carlomagno
3320 572 3354 610 a
3385 554 3660 610 Zacharia

2052 657 2225 714 papa,
2244 641 2468 696 Astulfu
2491 640 2662 712 regis,
2685 640 2745 694 in
2766 639 2961 696 Ticine
2976 642 3217 699 civitatis
3234 626 3513 718 repei'tas,
3534 662 3660 701 om-

2053 729 2263 802 niaque
2290 732 2349 785 et
2372 729 2617 802 qualiter
2636 732 2869 801 peracta
2890 734 3024 786 sunt
3056 731 3445 789 innotescunt.
3469 735 3658 789 Astu]-

2051 820 2200 890 phus
2225 835 2325 873 rex
2350 819 2866 891 Langobardorum
2887 819 3586 893 nequissimus,nefandus
3599 824 3660 878 et.

2051 906 2290 964 callidus
2300 908 2479 963 verba
2497 908 2815 965 honorifice
2836 910 3183 980 composuit,
3206 914 3265 967 et
3281 913 3481 968 omnia
3515 914 3660 969 Pen-

2049 995 2298 1069 tapolim
2310 995 2573 1052 etTuscie
2600 996 2808 1054 ﬁnibus
2825 1000 2882 1052 et
2894 998 3169 1070 quicquid
3189 1016 3223 1057 a
3236 1003 3432 1055 sancte
3450 1001 3659 1057 Roma-

2050 1102 2125 1140 ne
2155 1084 2390 1141 ecclesic
2419 1085 2645 1140 videtur
2672 1084 2752 1140 illi
2782 1085 3055 1141 restituit.
3082 1086 3197 1144 Sed
3225 1092 3427 1145 tamen
3457 1106 3492 1146 a
3521 1105 3657 1144 cou-

2052 1173 2294 1231 suetudo
2327 1189 2529 1229 eorum
2563 1174 2821 1246 maligna
2864 1191 2986 1229 non
3031 1175 3483 1232 declinaverunt.
3507 1177 3655 1234 Inito

2049 1262 2285 1321 consilio
2304 1279 2436 1318 cum
2451 1262 2730 1335 episcopis
2745 1265 2802 1317 et
2816 1265 3002 1319 Deum
3023 1264 3294 1321 timentes
3309 1266 3464 1337 quod
3477 1282 3654 1337 agere

2050 1352 2299 1408 debeant
2338 1352 2409 1407 de
2454 1352 2884 1423 persecutiones
2930 1353 3469 1425 Langobardorum,
3500 1353 3545 1409 si
3576 1353 3653 1409 ad
3732 1380 3739 1387 -

2049 1441 2363 1497 Grecorum
2390 1457 2604 1512 genere
2636 1457 2888 1512 regnum
2918 1442 3180 1497 Italicum
3224 1446 3281 1497 et
3317 1444 3649 1498 Romanum

2046 1529 2362 1603 imperium
2373 1528 2795 1597 ‘devolberet,et
2811 1531 2855 1585 si
2877 1548 2912 1586 a
2932 1532 3163 1587 Francis
3183 1532 3242 1586 in
3265 1531 3431 1587 Italia
3451 1530 3647 1601 ingre-

2048 1618 2108 1674 di
2136 1618 2393 1674 deberet.
2428 1617 2541 1672 Sed
2569 1619 2778 1675 melius
2808 1621 2894 1674 est
2924 1636 2959 1675 a
2983 1620 3149 1675 nobis
3184 1636 3218 1675 a
3263 1618 3492 1675 Francis
3536 1634 3650 1691 que

339 1711 491 1769 diret
518 1710 612 1767 vie
644 1710 860 1766 ﬁnibus
884 1710 1134 1765 Romani
1165 1713 1223 1765 et
1251 1713 1461 1782 portua
1488 1709 1683 1765 maris.
1703 1708 1945 1765 Nuntius
1966 1713 2016 1773 B
2046 1725 2081 1764 a
2108 1707 2300 1762 Grecis
2330 1706 2593 1762 dominio
2623 1707 2858 1761 illorum
2889 1708 3230 1776 subjaceret.
3258 1725 3291 1760 »

336 1799 495 1856 misit
515 1817 550 1856 a
567 1798 879 1857 Terracina
894 1800 1121 1869 urbem,
1141 1801 1202 1853 ut
1228 1797 1541 1854 custodiret
1565 1798 1653 1853 via
1678 1797 1857 1853 maris
1886 1801 1945 1852 et

332 1888 528 1959 terris,
551 1892 615 1945 ut
635 1905 742 1944 nec
762 1889 1127 1943 venundaret
1154 1887 1322 1943 alicui
1343 1886 1957 1952 Romanis,nullarem,

331 1977 755 2050 perciperet.Et
775 1975 1299 2031 ascenditAstulfus
1319 1991 1418 2031 rex
1440 1974 1501 2029 in
1523 1990 1729 2046 campo
1749 1972 1946 2028 Tibur-

332 2065 458 2122 tino
484 2082 617 2121 cum
648 2083 746 2120 sex
782 2063 944 2120 milia
976 2064 1518 2136 Langobardorum,
1551 2066 1609 2117 et
1640 2062 1821 2117 factus
1858 2064 1943 2118 est

330 2171 513 2227 pavor
542 2170 793 2225 magnus
830 2153 890 2208 in
918 2151 1214 2207 Romanis.
1248 2152 1529 2206 Fecerunt
1575 2149 1941 2221 pactuatione

331 2258 466 2318 cum
494 2240 792 2296 Tiburtina
822 2240 1050 2306 urbem,
1082 2243 1142 2294 et
1172 2256 1302 2294 cum
1332 2239 1639 2294 Pristinem
1668 2239 1937 2312 hurbem,

332 2346 441 2386 nec
470 2328 717 2385 Romani
742 2344 849 2385 nec
882 2326 1235 2401 colloquium
1265 2344 1372 2382 nec
1399 2327 1680 2382 amicitias
1707 2343 1839 2380 cum
1870 2343 1939 2382 eo

331 2419 641 2477 habentur.
666 2418 1056 2474 Incenderunt
1073 2417 1436 2488 Langobardi
1451 2415 1703 2472 ecclesia:
1722 2418 1943 2471 sancta-

330 2526 487 2578 rum,
501 2508 641 2564 hubi
663 2524 910 2581 corpora
932 2523 1136 2563 eorum
1158 2506 1546 2578 quiescebant.
1572 2509 1708 2577 lgne
1725 2504 1943 2578 gladio-

334 2616 446 2672 que
477 2599 766 2655 vastantes
785 2599 913 2653 tota
936 2595 1158 2660 Tuscia,
1189 2596 1387 2653 civitas
1416 2595 1701 2669 Nepesina
1747 2595 1807 2649 in
1836 2612 1940 2650 suo

333 2686 595 2745 dominio
615 2686 1034 2758 perdurantes;
1071 2688 1314 2758 quantas
1330 2702 1481 2740 nunc
1505 2685 1715 2740 exarsit
1738 2687 1941 2740 contra

328 2778 647 2845 Romanos,
664 2792 768 2849 per
784 2775 1042 2848 singulos
1062 2792 1179 2831 non
1203 2791 1435 2845 possum
1445 2792 1508 2829 us
1528 2789 1824 2829 enarrare.
1839 2772 1939 2829 Ga-

329 2868 452 2922 stra
468 2866 867 2923 Romanorum
901 2865 1188 2922 destructa
1205 2868 1359 2933 sunt,
1386 2864 1742 2919 monasteria
1762 2866 1820 2918 et
1841 2878 1940 2934 op—

327 2954 470 3028 pida
496 2957 808 3022 vastantes,
849 2955 1007 3009 nulla
1049 2970 1213 3025 spem
1245 2952 1641 3024 recuperando
1682 2950 1938 3007 invenire

2125 1797 2209 1849 l8.
2228 1795 2512 1849 Robertus
2531 1810 2725 1848 comes
2736 1793 2931 1865 palatii
2952 1795 3331 1866 Langobardo
3353 1794 3650 1849 Savinensi

2047 1881 2261 1951 exiens,
2295 1898 2435 1953 ergo
2485 1882 2797 1953 pugnantis
2840 1885 3044 1938 contra
3094 1883 3408 1941 Romanos.
3441 1883 3649 1955 Sicque

2044 1971 2203 2027 venit
2229 1988 2262 2025 a
2282 1969 2494 2025 Lubria
2524 1970 2796 2039 civitates,
2830 1988 2943 2043 que
2977 1988 3173 2043 pugna
3203 1971 3472 2029 conﬂicta
3512 1988 3651 2037 cum

2045 2062 2338 2116 Romanos
2360 2058 2693 2114 ceciderunt
2713 2059 2782 2114 de
2810 2061 3103 2116 Romanos
3121 2061 3320 2132 vulgos
3343 2063 3403 2115 et
3427 2060 3651 2116 nobiles

2043 2151 2256 2227 plures.
2292 2148 2574 2204 Robertus
2599 2150 2981 2220 Langobardo
3033 2150 3376 2206 constitutus
3422 2154 3548 2205 erat
3585 2150 3648 2205 in

2043 2244 2272 2310 campo,
2304 2240 2363 2292 et
2391 2237 2601 2292 abebat
2627 2239 2921 2294 roborem.
2953 2238 3075 2303 Quo
3107 2240 3299 2310 presul
3323 2239 3384 2293 in
3412 2238 3651 2295 ecclesia

2042 2327 2199 2384 beati
2219 2328 2373 2382 Petri
2399 2327 2662 2399 apostoli,
2684 2329 2910 2384 locutus
2931 2332 3017 2383 est
3032 2330 3247 2401 pOpulo
3276 2328 3497 2385 dicens:
3515 2352 3543 2378 ‹‹
3566 2330 3648 2383 De

2042 2417 2166 2471 celo
2189 2418 2385 2471 autem
2408 2415 2764 2486 adjutorium
2786 2417 2858 2471 sit
2883 2417 3206 2485 vobiscum;
3236 2417 3428 2489 eligite
3453 2434 3554 2473 vos
3572 2416 3650 2473 ad

2043 2522 2244 2579 pugna
2261 2521 2394 2560 cum
2414 2504 2835 2577 Langobardis;
2865 2505 3044 2561 nolite
3069 2506 3359 2563 metuere!
3388 2526 3421 2560 »
3450 2507 3519 2561 Et
3542 2507 3648 2561 ha-

2042 2594 2278 2651 bierunt
2307 2593 2557 2648 Romani
2591 2597 2794 2650 contra
2836 2594 3117 2650 Robertus
3147 2596 3547 2667 Langobardo.
3579 2597 3650 2649 Et

2041 2700 2173 2740 ecce
2203 2682 2480 2738 exercitus
2511 2683 3028 2754 Langobardorum
3052 2684 3371 2739 transiebat
3399 2684 3650 2740 ﬂubium

2040 2772 2269 2827 Lubrie.
2302 2772 2549 2826 Romani
2580 2775 2994 2843 persequentes
3023 2776 3226 2827 contra
3265 2772 3438 2845 ipsos,
3470 2774 3650 2828 truci-

2041 2861 2160 2917 dati
2173 2864 2232 2916 et
2242 2860 2434 2933 gladio
2447 2860 2735 2916 interfecti
2749 2862 2821 2917 de
2836 2862 3196 2934 Langobardi
3208 2862 3331 2918 fere
3343 2863 3646 2931 ducentos,

2041 2955 2100 3007 et
2112 2951 2392 3006 Bobertus
2406 2966 2601 3005 comes
2613 2951 2809 3022 palatii
2823 2951 3140 3007 trucidatus
3155 2956 3265 3020 est;
3287 2954 3346 3007 et
3372 2952 3652 3009 Romanis

330 3046 666 3118 potuerunt.
681 3044 819 3098 Erat
836 3041 1099 3114 pontifex
1116 3042 1175 3096 in
1198 3042 1401 3097 urbem
1418 3042 1683 3097 Romana
1695 3041 1938 3113 Stepha-
1960 3038 2007 3097 C
2041 3040 2251 3097 reversi
2282 3042 2415 3094 sunt
2438 3038 2698 3095 victores.
2732 3042 2866 3094 Post
2908 3041 3017 3095 hec
3063 3041 3452 3097 sanctissimus
3495 3058 3653 3114 papa

326 3149 436 3191 nus
452 3130 695 3188 nomine
715 3129 996 3202 (48),vidit
1007 3147 1067 3189 se
1079 3129 1139 3185 in
1150 3133 1313 3185 tanta
1324 3130 1679 3185 desolatione
1697 3128 1935 3201 positus,

327 3219 470 3276 dixit
493 3237 507 3275 :
536 3241 564 3271 «
588 3220 735 3275 Eum
752 3235 867 3287 me,
886 3218 1026 3291 quid
1044 3217 1254 3273 faciam
1269 3218 1296 3272 ‘I
1318 3218 1518 3289 Regno
1531 3218 1724 3272 Italico
1742 3218 1937 3273 amul-

325 3309 403 3366 tis
442 3308 714 3381 gentibus
762 3306 1102 3378 depressus;
1158 3305 1316 3378 prius
1364 3322 1400 3361 a
1435 3305 1628 3373 Medis,
1661 3308 1719 3360 et
1748 3305 1938 3374 Lanis,

325 3396 705 3470 postmodum
724 3411 759 3450 a
779 3394 972 3464 Gallis,
987 3393 1191 3451 tertius
1211 3411 1245 3449 a
1261 3394 1701 3466 Gothi,quartus
1731 3412 1765 3449 a
1793 3395 1938 3450 Lan-

327 3483 620 3560 gobardis.
662 3482 771 3548 Qui
795 3482 854 3538 in
884 3483 1046 3541 Italia
1074 3483 1354 3558 possessio
1384 3482 1536 3539 facta
1558 3487 1662 3551 est,
1689 3483 1942 3556 denique

328 3572 680 3635 aZacharias
696 3588 945 3645 magnus
972 3574 1166 3645 presul
1188 3573 1563 3628 antecessoris
1590 3572 1754 3641 meis,
1778 3573 1936 3645 cujus

326 3663 448 3725 Deo
465 3665 701 3719 auctore
723 3660 1010 3733 deservio;
1034 3661 1133 3737 qui
1157 3661 1353 3717 multis
1378 3661 1805 3717 calamitatibus
1839 3661 1938 3717 dc-
1968 3662 1981 3687 ’

326 3768 578 3826 pressus,
612 3769 649 3808 a
687 3750 960 3808 nefandis
1005 3751 1402 3824 Langobardis
1451 3754 1668 3807 vastata
1711 3751 1938 3820 urbem,

328 3842 623 3899 destructa
649 3840 853 3897 Tuscie
883 3841 1099 3897 finibus
1132 3839 1487 3896 monasteria
1531 3839 1788 3895 virorum
1832 3841 1942 3896 hac

327 3931 676 4004 puellarum,
705 3929 958 3988 basilicae
1008 3934 1339 3987 sanctorum
1370 3933 1738 3985 concremate
1767 3932 1937 3999 sunt;

329 4019 508 4092 quiin
526 4018 695 4078 exilio
717 4019 1017 4093 deputavit
1041 4036 1102 4075 se
1126 4018 1315 4093 ipsum
1338 4022 1576 4091 propter
1601 4036 1743 4090 opus
1759 4020 1938 4074 eccle-

327 4108 542 4177 siarum
567 4110 757 4167 Dei.A
781 4110 1020 4182 Pipinus
1059 4110 1313 4183 quedam
1354 4111 1707 4165 Francorum
1746 4108 1806 4162 hi
1838 4108 1937 4181 qui

327 4196 570 4255 Francia
598 4199 880 4271 pervenit.
911 4200 1339 4256 Gaudebundus
1364 4218 1463 4257 rex
1492 4200 1726 4272 Pipinus
1752 4202 1809 4254 et
1831 4199 1937 4254 ho-

329 4285 569 4342 noriﬁce
590 4286 846 4358 suscipit,
874 4287 1126 4344 invitatis
1152 4288 1405 4358 inltalia,
1430 4292 1492 4345 ut
1503 4289 1690 4361 gentis
1713 4290 1937 4361 Lango-

2043 3128 2369 3201 Stcphanus
2391 3127 2485 3183 via
2505 3128 2787 3184 directum
2806 3146 2912 3202 pro
2932 3131 3143 3201 populo
3160 3131 3421 3186 Romano
3438 3133 3497 3185 et
3512 3147 3650 3186 san—

2043 3220 2131 3271 cte
2149 3217 2408 3288 ejusdem
2434 3218 2672 3273 ecclesic
2697 3218 3053 3287 defensione,
3092 3220 3284 3290 sicque
3316 3219 3375 3273 in
3408 3219 3655 3277 Francia

2041 3304 2326 3378 pervenit,
2339 3303 2397 3358 in
2432 3303 2810 3376 Aquisgranis
2830 3306 3064 3379 palatio,
3088 3307 3162 3361 ad
3206 3307 3557 3378 adjutorium
3589 3312 3654 3364 et

2041 3393 2318 3451 solacium
2352 3395 2648 3465 querendo
2681 3412 2787 3466 pro
2812 3396 3048 3466 justitiis
3096 3396 3277 3451 sancti
3321 3397 3494 3452 Petri.
3539 3397 3653 3462 Qui

2042 3483 2277 3556 Pipinus
2297 3500 2395 3537 rex
2409 3483 2728 3538 honoriﬁce
2749 3484 2995 3556 suscepit
3012 3486 3387 3555 apostolicus;
3419 3486 3492 3540 ad
3514 3503 3648 3541 san-

2044 3578 2204 3631 ctum
2229 3571 2547 3630 Dionisium
2570 3573 2786 3629 ibidem
2800 3574 3468 3647 perrexerunt.Dixitque
3490 3575 3649 3647 Pipi-

2044 3680 2151 3719 nus
2170 3662 2239 3718 ad
2257 3663 2635 3734 apostolicus:
2660 3686 2689 3713 «
2705 3664 3005 3719 Zacharias
3019 3663 3368 3720 antecessori
3388 3667 3488 3719 tuo
3512 3663 3651 3720 inti-

2045 3752 2223 3809 mavit
2236 3751 2349 3825 (49)
2365 3752 2511 3808 mihi
2532 3769 2638 3824 per
2655 3752 2858 3807 missos
2874 3769 3056 3817 meos,
3076 3753 3406 3825 Burgardus
3426 3754 3650 3825 episco-

2042 3860 2168 3914 pus,
2198 3844 2256 3897 et
2280 3842 2553 3897 Folradus
2573 3844 2966 3915 cappellanus,
2984 3843 3055 3897 de
3077 3843 3308 3914 regibus
3327 3843 3387 3898 in
3405 3843 3653 3900 Francia

2043 3932 2141 4004 qui
2163 3931 2223 3986 in
2247 3931 2357 3985 illis
2376 3931 2737 4002 temporibus
2755 3948 2870 3986 non
2888 3932 3169 3987 habentes
3180 3934 3441 4003 regalem
3460 3936 3653 4003 potes-

2045 4024 2244 4089 tatem,
2259 4020 2304 4075 si
2328 4022 2476 4077 bene
2496 4021 2692 4076 fuisset
2716 4024 2813 4076 aut
2834 4038 2951 4077 non
2966 4022 2993 4077 ‘I
3011 4021 3309 4077 Zacharias
3320 4038 3472 4093 papa
3484 4039 3653 4077 man-

2043 4110 2197 4165 davit
2223 4127 2318 4166 me
2349 4109 2575 4182 Pipino,
2610 4110 2820 4166 melius
2846 4111 2988 4166 mihi
3020 4115 3168 4167 esset
3198 4127 3400 4183 regem
3429 4112 3645 4179 vocari,

2042 4199 2137 4271 qui
2164 4202 2508 4272 potestatem
2538 4200 2756 4267 aberet,
2782 4217 2957 4271 quem
2992 4200 3153 4255 illum
3185 4200 3282 4270 qui
3314 4200 3435 4255 sine
3459 4202 3649 4272 regali

2040 4291 2324 4360 potestate
2354 4289 2648 4354 manebat,
2672 4292 2734 4343 ut
2760 4306 2877 4343 non
2908 4289 3348 4344 conturbaretur
3369 4290 3648 4361 ordo,per

329 4376 648 4435 bardorum
661 4376 765 4433 sub
781 4392 882 4431 suo
902 4376 1162 4433 dominio
1179 4377 1937 4449 constitueret.QuiPipinus
1956 4371 2010 4431 D
2041 4378 2445 4433 auctoritatem
2484 4377 2878 4449 apostolicam.
2914 4380 3031 4433 lme
3069 4387 3114 4420 20
3145 4377 3376 4448 Pipinus
3407 4378 3523 4451 (50)
3554 4396 3646 4433 se-

328 4481 463 4521 cum
485 4465 873 4537 Garlomagno
889 4465 1129 4537 regebat
1146 4466 1497 4522 Francorum:
1518 4484 1690 4538 gens;
1713 4484 1827 4539 quo
1847 4482 1937 4522 or-
2040 4466 2294 4521 cundum
2326 4482 2489 4521 more
2509 4466 2859 4520 Francorum
2893 4467 3106 4521 electus
3135 4484 3263 4521 sum
3296 4484 3328 4521 a
3356 4483 3555 4537 regem
3586 4471 3648 4522 et

328 4552 466 4610 dine
480 4556 539 4610 et
555 4554 778 4626 origine
796 4554 994 4609 subtus
1013 4554 1182 4626 hujus
1207 4554 1353 4610 serie
1375 4555 1652 4610 dicamus.
1684 4555 1821 4610 Orta
1851 4557 1937 4610 est
2039 4559 2241 4612 unctus
2272 4573 2375 4629 per
2404 4574 2613 4611 manus
2635 4559 2829 4611 sancte
2850 4556 3134 4612 memorie
3163 4557 3429 4613 Bonifatii
3465 4556 3649 4612 archi-

326 4642 574 4699 intentio
627 4645 781 4700 inter
832 4643 1068 4714 Pipinus
1106 4648 1163 4700 et
1211 4644 1594 4716 Carlomagno
1638 4646 1709 4700 de
1749 4662 1932 4718 regno
2036 4646 3329 4719 episcopi,ete]evalussumaFrancisinregno
3351 4647 3647 4702 Suesionis

326 4732 703 4802 Francorum;
728 4732 1138 4805 quiZacharias
1148 4750 1302 4806 papa
1320 4752 1354 4789 a
1370 4733 1532 4790 Cario
1542 4751 1754 4806 magno
1767 4751 1934 4807 roga-
2036 4735 2344 4790 civitatem.
2376 4734 2647 4789 lldericus
2664 4751 2799 4789 vero
2822 4735 3071 4804 Saxone,
3091 4735 3187 4806 qui
3209 4736 3347 4790 false
3367 4752 3465 4790 rex
3483 4752 3650 4791 voca-

322 4824 415 4877 tus
432 4826 538 4886 est,
570 4826 635 4878 ut
662 4823 733 4878 de
761 4823 1114 4879 monasterio
1147 4823 1328 4879 sancti
1361 4823 1611 4879 Silvestri
1644 4824 1702 4879 in
1732 4828 1931 4879 monte
2032 4824 2223 4892 batur,
2248 4826 2580 4880 tonsoratus
2612 4826 2696 4878 est
2713 4828 2769 4878 et
2792 4824 2848 4878 in
2871 4823 3224 4879 monasterio
3262 4823 3485 4878 missus.
3511 4823 3646 4878 Car-

322 4910 551 4984 Syrapti
581 4929 689 4985 per
715 4916 1055 4984 perceptum
1102 4912 1457 4986 ponciﬁcalis
1480 4914 1610 4985 jure
1648 4916 1929 4985 perpetuo
2032 4915 2631 4984 lomagnusgermano
2645 4929 2777 4968 meo
2792 4912 3376 4985 postmortemCaroli
3391 4912 3647 4984 genitori

319 5000 754 5058 concederetur.
779 5000 901 5066 Quo
931 5000 1192 5073 pontifex
1211 5019 1469 5058 summus
1500 5002 1704 5058 libenti
1730 5001 1925 5057 animo
2034 5001 2217 5056 nostri
2238 5002 2532 5058 divisimus
2544 5018 2796 5075 regnum
2816 5003 3168 5059 Francorum
3190 5002 3342 5058 inter
3356 5019 3463 5057 nos
3484 5002 3542 5056 in
3564 5002 3643 5057 lo-

1641 5122 1870 5179 VARL/E
1907 5120 2201 5178 LECTION
2207 5119 2310 5178 ES.

388 5236 435 5275 ιθ
464 5224 504 5287 ι’.
525 5245 575 5289 e.
604 5224 1163 5302 circumjecentibus.
1220 5237 1267 5274 ιο
1287 5229 1326 5287 ἰ.
1349 5247 1395 5286 e.
1430 5228 1596 5290 inde.

1859 5350 2085 5408 NOTIE.

384 5485 500 5559 (48)
539 5483 680 5551 Quae
708 5486 1026 5558 sequuntur
1056 5485 1128 5541 cf.
1176 5501 1309 5541 cum
1346 5486 1525 5541 Gestis
1575 5486 1923 5561 pontiﬁcum
2094 5484 2211 5631 (49%
2239 5485 2315 5538 Ex
2346 5483 2660 5538 Annalibus
2687 5480 3148 5566 Laurissensibus
3179 5499 3275 5539 an.
3310 5484 3401 5538 74.

384 5575 715 5617 imanorum
743 5555 1031 5617 Zachariae
1053 5559 1110 5613 et
1140 5556 1453 5629 Stephani!
2093 5561 2188 5625 (50
2233 5557 2319 5617 Cf.
2351 5559 2501 5614 Ann.
2532 5557 2773 5613 Lauriss.
2808 5572 2901 5609 an.
2935 5556 3060 5609 750.

314 5555 715 5617 Romanorum
743 5555 1031 5617 zachariae
1053 5559 1110 5613 et
1140 5556 1453 5629 Stephani!
1576 5555 1593 5561 ’
2093 5555 2206 5629 (50)
2233 5557 2319 5617 Cf.
2351 5559 2501 5614 Ann.
2532 5555 2773 5613 Lauriss.
2808 5572 2901 5609 an.
2935 5556 3060 5609 750.
