3986 6170
376 384 446 442 27
1470 386 1829 442 BENEDICTI
1866 387 1924 442 S.
1951 387 2253 443 ANDREIE
2290 387 2601 444 MONACHI
3618 386 3684 443 28

378 499 484 559 bas
502 503 675 575 hujus
688 505 1048 572 monasterii,
1068 509 1128 563 et
1160 506 1317 563 dona
1340 508 1525 563 multa
1536 506 1899 578 promittens,
1922 511 1984 562 ut
2002 513 2057 571 Α
2091 524 2405 577 organum,
2439 506 2537 577 qui
2588 506 2649 560 in
2698 502 2937 559 Francia
2963 518 3141 577 usque
3188 502 3466 576 pervenit.
3499 505 3570 558 Et
3595 521 3691 559 rex

380 590 768 665 Carlomagno
800 598 1140 652 monachoa
1171 597 1374 669 Pipino
1420 613 1554 668 rege
1584 612 1865 667 germano
1883 613 1983 650 suo

381 686 744 752 properaret,
776 685 850 740 ad
871 685 1199 758 dissipanda
1228 685 1463 742 consilia
1492 684 1764 753 Stephani
1818 700 1985 756 pape,

379 772 445 827 ut
483 770 713 828 Francis
737 773 797 828 in
836 775 998 830 Italia
1045 776 1271 847 ingredi
1306 791 1421 830 non
1463 773 1718 828 deberet.
1745 774 1993 844 Accepta

2089 595 2327 665 Pipinus
2355 594 2546 649 tenuit
2574 593 2850 664 placitum
2872 609 3039 646 suum
3088 592 3147 645 in
3175 591 3535 665 Compendio
3561 609 3691 647 cum

2091 683 2342 748 Francis,
2371 683 2564 753 ibique
2604 682 2815 736 Tassilo
2865 681 3023 736 venit
3063 682 3173 735 dux
3204 681 3603 751 Bajuariorum
3636 680 3692 734 in

2089 772 2341 826 basatico
2375 789 2435 825 se
2466 770 2884 825 commendans
2916 786 3019 840 per
3066 786 3291 837 manus,
3335 773 3698 825 sacramenta

383 857 787 916 benedictione
818 862 1013 918 abbati
1026 864 1111 919 sui
1141 865 1247 920 hac
1265 860 1554 926 fratribus,
1569 861 1767 915 libenti
1795 861 1989 916 animo
2083 858 2296 929 juravit
2317 860 2500 912 multa
2522 858 3056 924 etinnumerabilia,
3076 858 3343 930 reliquias
3366 861 3694 912 sanctorum

384 948 657 1019 perrexit,
689 948 882 1022 sicque
897 951 957 1006 in
984 951 1280 1007 Franciam
1303 948 1606 1020 venit(59).
1629 949 1838 1004 Omnia
1849 966 1990 1021 qua-

386 1034 520 1091 liter
546 1052 653 1107 per
677 1038 948 1095 ordinem
977 1057 1011 1095 a
1048 1039 1245 1110 Pipino
1287 1036 1575 1092 intimavit
1607 1038 1990 1108 Carlomagno

386 1126 698 1189 monacho,
749 1127 952 1199 Pipino
1003 1144 1099 1182 rex
1127 1122 1311 1180 noluit
1339 1125 1741 1197 hacquiescere
1774 1125 1992 1182 consilii

383 1212 527 1284 ejus.
551 1213 786 1286 Pipinus
814 1214 923 1286 (60)
953 1230 1049 1267 rex
1079 1212 1422 1282 apostolicas
1448 1212 1790 1270 invitatione
1810 1214 1869 1269 in
1887 1217 1996 1270 Ita-

388 1299 468 1358 lia
496 1301 607 1358 iter
628 1318 931 1373 peragens,
944 1300 1168 1371 justitia
1211 1301 1367 1356 beati
1391 1302 1544 1357 Petri
1577 1304 1820 1374 apostoli
1856 1320 1995 1375 que-

389 1390 594 1445 rendo.
624 1388 875 1442 Astulfus
911 1404 1009 1442 rex
1028 1388 1547 1460 Langobardorum
1568 1392 1898 1462 supradicta
1910 1393 2000 1463 ju-

389 1476 541 1531 stitia
560 1477 830 1539 vetando,
855 1477 1036 1531 clusas
1066 1477 1585 1549 Langobardorum
1612 1480 1798 1550 petiit,
1828 1481 2002 1537 obbia

385 1560 572 1632 Pipini
603 1562 760 1634 regis
782 1566 840 1618 et
886 1564 1115 1620 Francis
1159 1566 1346 1633 venit;
1380 1571 1440 1622 et
1470 1567 1725 1623 inierunt
1780 1569 1998 1623 bellum

388 1649 621 1704 Francis
647 1666 781 1706 cum
834 1651 1219 1724 Langobardi.
1279 1655 1348 1709 Et
1417 1658 1572 1710 retro
1632 1642 1997 1727 Langobardi

386 1738 526 1811 fuga
550 1741 737 1811 capta,
763 1741 1072 1797 auxiliante
1093 1742 1343 1797 Domino
1366 1744 1650 1814 beatoque
1666 1745 1833 1798 Petro
1863 1760 1998 1815 apo-

2090 946 3051 1017 manusimponens,etﬁde1itatem
3064 946 3331 1016 promisit
3342 946 3694 1018 regiPipino,

2093 1038 2150 1090 et
2163 1035 2280 1090 ﬁlio
2301 1036 2424 1107 ejus
2447 1035 2650 1089 Carulo
2675 1038 2732 1088 et
2746 1034 3153 1105 Carlomagno,
3169 1034 3313 1088 sicut
3329 1035 3523 1089 bassus
3543 1037 3699 1088 recta

2094 1125 2290 1178 mente
2321 1126 2379 1178 et
2408 1123 2576 1177 ﬁrma
2606 1122 2908 1177 devotione
2938 1138 3045 1192 per
3063 1123 3307 1193 justitia,
3331 1123 3478 1178 sicut
3503 1123 3698 1177 bassus

2095 1211 2332 1266 domino
2363 1228 2464 1266 suo
2509 1214 2655 1265 esset
2685 1210 2940 1265 deberet.
2969 1210 3059 1264 Sic
3098 1210 3464 1265 conﬁrmavit
3507 1224 3702 1280 supra-

2097 1300 2278 1355 dictus
2296 1299 2527 1365 Tassilo,
2546 1314 2718 1368 supra
2738 1313 2945 1369 corpus
2975 1297 3155 1351 sancti
3186 1297 3446 1365 Dionisii,
3464 1296 3695 1362 Rustici,

2098 1391 2155 1442 et
2172 1386 2734 1452 Eleutherii,necnon
2756 1388 2814 1440 et
2833 1387 3016 1440 sancti
3029 1385 3318 1451 Germani,
3334 1388 3507 1457 atque
3520 1384 3702 1439 sancti

2096 1475 2341 1541 Martini,
2356 1478 2418 1528 ut
2439 1474 2707 1529 omnibus
2724 1475 2924 1529 diebus
2942 1474 3053 1528 vite
3072 1475 3193 1545 ejus
3211 1474 3288 1527 sic
3310 1476 3695 1528 conservaret.

2098 1564 2333 1635 Pipinus
2355 1561 2462 1632 (67)
2485 1579 2584 1616 rex
2607 1562 2666 1616 in
2698 1562 2945 1616 Saxonia
2975 1562 3114 1629 ibat,
3148 1564 3206 1616 et
3235 1562 3490 1616 ﬁrmatas
3523 1560 3700 1615 Saxo-

2097 1652 2194 1706 nia
2217 1651 2357 1717 ibat,
2377 1655 2435 1705 et
2451 1650 2693 1705 ﬁrmitas
2708 1652 2999 1705 Saxonum
3013 1667 3115 1722 per
3129 1650 3403 1705 virtutem
3417 1649 3694 1715 introivit,

2094 1740 2155 1794 in
2180 1741 2372 1794 locum
2392 1740 2491 1810 qui
2511 1739 2717 1793 dicitur
2743 1738 2987 1806 Simnia;
3012 1742 3071 1792 et
3097 1739 3281 1792 multa
3305 1742 3523 1809 strages
3550 1736 3699 1791 facte

387 1828 532 1885 stolo
571 1827 986 1896 intercedente,
1016 1830 1253 1903 Pipinus
1284 1847 1382 1885 rex
1399 1847 1529 1885 cum
1567 1831 1799 1885 Francis
1813 1831 1995 1887 victor
2014 1835 2065 1894 B
2094 1832 2227 1901 sunt
2248 1828 2307 1882 in
2328 1828 2539 1898 popula
2556 1826 2866 1881 Saxonum.
2888 1828 2956 1879 Et
2982 1830 3115 1880 tunc
3135 1826 3370 1896 polliciti
3398 1828 3531 1879 sunt
3558 1840 3695 1879 con-

385 1915 928 1990 extitit.Eodemque
941 1935 1094 1974 anno
1118 1919 1440 1991 Stephanus
1450 1935 1602 1992 papa
1629 1920 1898 1974 reductus
1909 1923 1995 1974 est

386 2020 423 2060 a
448 2007 646 2060 sancta
675 2006 831 2075 sede,
848 2022 953 2078 per
981 2007 1182 2063 missos
1208 2006 1411 2062 domni
1432 2006 1583 2079 regis
1610 2008 1819 2079 Pipini,
1872 2008 1994 2063 Fol-

388 2093 602 2151 dradus
630 2095 929 2169 episcopus
969 2100 1027 2151 et
1048 2097 1285 2169 reliquis
1314 2096 1411 2169 qui
1448 2112 1581 2150 cum
1610 2113 1678 2152 eo
1733 2101 1875 2152 erat.
1901 2099 1992 2151 In-

390 2184 546 2240 cluso
566 2201 701 2240 vero
730 2185 949 2240 Astulfo
982 2202 1119 2257 rege
1151 2186 1209 2239 in
1257 2185 1433 2256 Papia
1488 2184 1735 2248 civitate,
1773 2186 1997 2255 justitia

388 2272 570 2327 sancti
589 2271 742 2326 Petri
760 2272 1043 2341 pollicitus
1072 2276 1158 2327 est
1174 2273 1447 2328 faciendi.
1472 2274 1632 2328 Unde
1648 2290 1745 2328 rex
1764 2274 1998 2345 Pipinus

385 2357 610 2415 obsides
626 2357 1009 2430 quadraginta
1032 2361 1308 2432 receptos
1338 2376 1469 2414 cum
1495 2365 1880 2429 sacramenta,
1905 2378 1995 2416 re-

386 2461 579 2500 versus
600 2444 754 2500 estin
781 2444 1038 2501 Francia.
1055 2446 1441 2520 Carlomagno
1469 2453 1663 2504 autem
1683 2450 1999 2505 monachus

386 2532 606 2588 Bienna
632 2532 922 2590 civitatem
956 2536 1255 2604 remansit,
1289 2553 1407 2591 una
1430 2553 1563 2591 cum
1595 2539 1764 2593 Berta
1780 2538 2001 2593 domna

382 2620 584 2694 regine
607 2620 751 2695 (6i);
774 2622 1365 2697 inﬁrmuslanguebat
1386 2625 1509 2680 dies
1535 2627 1770 2694 multos,
1784 2629 1842 2681 et
1860 2626 2001 2680 hob-

386 2707 453 2765 iit
478 2710 536 2765 in
566 2725 727 2781 pace.
755 2711 903 2766 Dum
929 2714 1044 2780 (62)
1106 2714 1488 2785 prospexisset
1515 2715 1750 2785 Pipinus
1772 2732 1892 2783 rex,
1925 2714 1998 2769 ab

384 2798 639 2853 Astulfus
663 2799 1180 2872 Langobardorum
1208 2818 1367 2873 rege,
1415 2818 1485 2856 ea
1511 2820 1629 2858 non
1661 2806 1809 2857 esset
1838 2818 1995 2869 vera,

385 2902 498 2958 que
516 2889 687 2943 antea
699 2888 1044 2958 promiserat
1073 2888 1144 2942 de
1154 2888 1388 2959 justitiis
1405 2890 1584 2944 sancti
1607 2890 1997 2957 Petri,iterum

383 2989 517 3030 cum
548 2974 751 3030 missus
771 2975 1095 3047 apostolicis
1117 2975 1393 3048 Stephani
1410 2977 1520 3031 iter
1537 2995 1784 3050 pergens
1808 2978 1866 3032 in
1886 2981 1995 3033 Ita-

383 3062 485 3132 lia,
516 3063 693 3135 Papia
723 3064 967 3131 obsedit,
999 3064 1252 3119 Astulfus
1279 3081 1417 3137 rege
1478 3066 1996 3137 Langobardorum

2097 1920 2183 1970 tra
2212 1915 2485 1985 Pipinum
2516 1930 2717 1968 omnes
2747 1914 3069 1967 voluntates
3107 1914 3229 1983 ejus
3259 1912 3616 1978 faciendum,
3641 1914 3700 1965 et

2092 2004 2345 2059 honores
2375 2002 2435 2056 in
2467 2001 2674 2072 placito
2728 2017 2829 2055 suo
2888 2001 3385 2072 praesentandum,
3426 2016 3606 2070 usque
3636 1998 3697 2053 in

2094 2108 2272 2163 equos
2304 2091 2580 2144 tricentos
2606 2107 2710 2161 per
2734 2089 2988 2160 singulos
3026 2106 3231 2144 annos.
3269 2090 3444 2143 Natus
3474 2087 3588 2160 (68)
3616 2089 3703 2140 est

2098 2178 2304 2249 Pipino
2337 2178 2461 2250 regi
2479 2178 2649 2249 ﬁlius,
2679 2178 2769 2232 cui
2793 2177 3153 2249 supradictus
3172 2193 3271 2231 rex
3293 2193 3510 2232 nomen
3534 2191 3701 2229 suum

2096 2267 2392 2338 imposuit,
2412 2271 2473 2321 ut
2493 2266 2726 2337 Pipinus
2749 2270 3049 2321 vocaretur
3069 2266 3214 2320 sicut
3241 2269 3408 2337 pater
3430 2266 3571 2337 ejus.
3596 2265 3703 2329 Qui

2097 2355 2232 2410 vixit
2260 2372 2443 2410 annos
2471 2355 2607 2421 duo,
2648 2359 2706 2408 et
2751 2354 2809 2408 in
2862 2354 3032 2409 tertio
3093 2354 3398 2409 defunctus
3458 2358 3562 2408 est.
3596 2355 3705 2408 Eo-

2100 2444 2231 2499 dem
2247 2444 2361 2517 (69)
2383 2461 2537 2499 anno
2560 2443 2793 2516 Pipinus
2816 2460 2916 2497 rex
2946 2444 3131 2498 Roma
3156 2442 3426 2516 perrexit.
3461 2443 3704 2514 Stepha-

2100 2551 2206 2589 nus
2222 2537 2442 2605 papaet
2454 2533 2576 2603 ejus
2608 2533 2759 2588 clero
2782 2532 3113 2604 cunctisque
3144 2548 3178 2586 a
3203 2532 3376 2586 sacris
3408 2531 3709 2586 ordinibus

2100 2625 2187 2677 est
2207 2624 2592 2689 concessus,et
2612 2622 2825 2692 populo
2852 2622 3114 2676 Romano
3129 2620 3187 2675 in
3210 2636 3512 2675 occursum
3530 2620 3707 2693 regis,

2100 2727 2231 2765 cum
2250 2710 2441 2782 ymnis
2455 2712 2513 2763 et
2532 2709 2793 2764 laudibus
2807 2709 2880 2763 ad
2894 2709 3192 2764 ecclesiam
3211 2709 3391 2764 sancti
3409 2708 3710 2780 Peregrini

2100 2800 2475 2855 advenerunt.
2512 2798 2947 2868 Contemplatus
2995 2800 3081 2852 est
3124 2815 3223 2852 rex
3254 2797 3459 2868 Pipino
3491 2798 3708 2868 populo

2100 2889 2385 2953 Romano,
2404 2890 2463 2941 et
2485 2888 2607 2959 ejus
2627 2889 2773 2953 acta,
2799 2887 3217 2958 gaudebundus
3247 2885 3509 2957 pervenit
3524 2885 3584 2940 in
3612 2902 3710 2939 ec-

2100 2976 2270 3031 clesia
2296 2976 2689 3046 apostolorum
2714 2974 2980 3045 principi.
3011 2975 3425 3046 Celebrataque
3449 2974 3571 3044 eius
3603 2974 3713 3028 sol-

2100 3064 2503 3135 lempnitatem
2522 3065 3205 3135 myssarum,quantaque
3228 3061 3467 3133 largitus
3499 3064 3584 3116 est
3599 3062 3714 3115 ele-

382 3149 638 3220 inclusit,
669 3151 854 3225 magis
906 3151 1208 3224 magisque
1263 3153 1335 3208 de
1384 3153 1574 3224 justiis
1611 3154 1791 3210 sancti
1845 3154 2066 3220 Petric
2102 3153 2456 3208 mosinarum
2472 3153 2877 3224 pauperum,et
2896 3150 3051 3206 dona
3070 3151 3713 3220 ecclesiarum,longum

386 3241 770 3308 conﬁrmavit,
790 3243 852 3294 ut
869 3240 1102 3296 stabiles
1112 3245 1657 3313 permaneret,quos
1674 3244 1845 3297 antea
1871 3259 2000 3313 pro-

386 3328 642 3396 miserat,
668 3332 726 3383 et
748 3327 982 3399 insuper
1007 3329 1282 3384 Ravenna
1329 3346 1461 3385 cum
1510 3330 1903 3401 Pentapolim,
1939 3334 1999 3386 et

391 3432 631 3470 omnem
683 3417 1015 3471 exarcatum
1064 3417 1424 3489 conquisivit,
1471 3421 1527 3472 et
1565 3420 1839 3488 precepto
1868 3434 1996 3473 san~

389 3504 481 3557 cto
515 3504 683 3556 Petro
710 3503 967 3558 tradidit.
990 3505 1061 3559 Ut
1090 3521 1196 3577 per
1210 3505 1414 3561 missos
1446 3505 2005 3578 apostolicis,mona—

388 3589 627 3645 sterium
656 3591 838 3646 sancti
865 3592 1094 3650 Andree
1127 3593 1368 3665 apostoli
1403 3594 1594 3649 nullus
1622 3595 1863 3649 auderet
1899 3591 2001 3647 ali-

385 3677 513 3750 quis
538 3679 907 3735 damnietatis
922 3680 1224 3753 adtingere
1246 3684 1345 3735 aut
1364 3681 1599 3738 violare.
1628 3682 1695 3736 Et
1725 3681 1836 3753 (63)
1865 3681 2003 3735 dum

388 3783 649 3823 reversus
659 3770 745 3824 est
760 3769 822 3823 Pi
829 3767 997 3841 pinus
1016 3785 1137 3835 rex,
1160 3769 1430 3840 cupiebat
1445 3769 1802 3841 supradictus
1816 3771 2003 3825 Astul-

389 3855 501 3924 fus,
520 3856 804 3912 nefandus
816 3873 937 3923 rex,
951 3856 1185 3911 mentiri
1207 3873 1318 3928 que
1332 3860 1465 3911 ante
1494 3857 1781 3928 pollicitus
1791 3858 2001 3923 fuerat,

393 3942 620 3999 obsides
651 3943 908 4014 dulgere,
927 3947 1608 4015 sacramentarumpere;
1641 3946 1891 4017 quadam
1912 3946 2004 4001 die

389 4032 697 4088 venatione
723 4029 878 4097 fecit,
910 4047 1206 4103 percussus
1220 4032 1319 4087 Dei
1342 4033 1559 4104 judicio
1588 4033 1767 4088 vitam
1798 4034 2000 4090 ﬁnivit.

463 4123 549 4177 20.
581 4120 727 4174 Inito
753 4118 988 4175 consilio
1014 4119 1408 4191 Langobardi,
1437 4122 1731 4193 quomodo
1773 4122 2005 4177 Francis

392 4234 563 4289 super
572 4233 633 4272 se
648 4218 961 4285 erueret,et
972 4218 1309 4274 levaverunt
1322 4218 1680 4274 Desiderium
1697 4219 1753 4272 in
1772 4236 1973 4290 regem
1990 4238 2004 4286 ;

395 4313 693 4388 quomodo
714 4315 1036 4385 etqualiter
1066 4320 1267 4387 postea
1308 4315 1587 4370 dicamus.
1643 4316 1852 4371 Videns
1883 4316 2007 4372 Ste-

390 4412 617 4486 phanus
635 4426 786 4484 papa
814 4427 883 4465 ex
913 4411 1074 4477 omni
1127 4416 1291 4484 parte
1323 4412 1502 4468 victor
1541 4417 1711 4481 esset,
1740 4416 1797 4468 et
1827 4414 2012 4485 gloria

391 4508 689 4582 dignitatis
717 4509 946 4580 presule
970 4510 1076 4564 hac
1092 4510 1282 4581 gentis
1310 4511 1572 4566 Romane
1616 4510 2008 4583 triumphans,

393 4607 546 4681 cepit
571 4606 881 4662 hediﬁcare
902 4607 1144 4662 domum
1170 4607 1497 4674 ecclesiam,
1528 4609 1587 4662 in
1624 4626 1808 4664 onore
1829 4609 2011 4665 sancti

393 4704 652 4772 Dionisii,
684 4702 897 4758 Rustici
934 4706 994 4758 et
1045 4704 1414 4772 Heleutherii,
1470 4705 1528 4759 in
1556 4707 1745 4761 hurbe
1805 4709 2008 4775 Roma,

385 4802 552 4874 juxta
570 4802 663 4857 via
691 4800 1073 4869 Flamminea,
1103 4805 1161 4856 et
1212 4801 1367 4857 ereio
1392 4802 1530 4873 (64),
1567 4819 1688 4857 non
1734 4806 1907 4876 longe
1935 4806 2007 4860 ab

393 4899 609 4969 Agusto
632 4897 762 4969 (65),
785 4898 951 4969 juxta
997 4898 1217 4954 formas
1257 4899 1472 4973 species
1515 4900 1808 4967 decorata,
1861 4900 2007 4956 sicut

390 4993 454 5048 in
484 4992 725 5049 Francia
751 4992 992 5049 viderat.
1022 4994 1290 5070 Misit(66)
1308 4995 1723 5052 Constantinus
1753 4997 2004 5068 impera-

389 5093 485 5148 tor
513 5090 585 5147 de
596 5090 1157 5166 Constantinopolim
1176 5094 1300 5168 regi
1315 5094 1518 5166 Pipino
1535 5111 1667 5150 cum
1692 5094 1815 5151 aliis
1826 5095 1992 5150 donis

2101 3246 2186 3297 est
2210 3258 2501 3296 enarrare.
2529 3240 2853 3295 Permansit
2884 3256 2981 3294 rex
3012 3240 3279 3312 Pipinum
3308 3256 3505 3294 mense
3526 3256 3713 3294 unum

2101 3331 2161 3385 in
2194 3331 2395 3385 urbem
2430 3331 2708 3393 Romam;
2743 3333 3126 3401 egrotareque
3156 3329 3306 3400 cepit
3331 3327 3717 3383 domnusSte-

2102 3420 2327 3491 phanus
2346 3434 2516 3489 papa,
2552 3418 2751 3472 dolore
2782 3417 2973 3472 cordis
3004 3421 3305 3489 metusque
3336 3417 3571 3489 Pipinus
3613 3434 3716 3471 rex

2082 3507 2175 3585 vde
2198 3523 2337 3561 nece
2361 3505 2707 3578 apostolicis,
2730 3505 2821 3559 die
2845 3506 3253 3578 constitutique
3276 3505 3438 3560 obiit.
3458 3505 3720 3560 Conven-

2106 3598 2279 3667 toque
2292 3594 2443 3650 facto
2462 3594 2656 3666 populi
2672 3594 3286 3666 Romani,cumPipino
3308 3612 3405 3660 rex
3421 3594 3491 3648 de
3513 3595 3717 3662 Paulo,

2106 3683 2371 3756 germani
2391 3682 2668 3753 Stephani
2690 3687 2928 3754 pape,ut
2941 3683 3216 3738 cathedre
3237 3682 3547 3755 apostolice
3564 3699 3718 3753 prte-

2107 3776 2271 3827 esset.
2288 3773 2508 3827 Electus
2538 3775 2622 3825 est
2642 3788 2674 3825 a
2704 3773 2918 3844 p0pulo
2944 3773 3206 3827 Romano
3235 3773 3410 3838 clero,
3430 3774 3488 3825 et
3510 3771 3719 3841 Pipino

2106 3878 2226 3929 rex,
2249 3864 2308 3916 et
2337 3862 2548 3933 populo
2582 3863 2958 3928 Francorum,
2994 3863 3206 3915 electus
3237 3864 3322 3914 est
3352 3860 3410 3914 in
3452 3860 3719 3914 sacratis-

2107 3949 2254 4005 sima
2276 3950 2473 4004 sedem
2490 3949 2645 4004 beati
2672 3950 2823 4005 Petri
2850 3949 3115 4022 apostoli.
3140 3948 3470 4020 Cunctaque
3494 3948 3616 4019 ejus
3638 3946 3719 4000 ci-

2106 4055 2201 4092 ves
2226 4039 2487 4093 Romana
2536 4041 2593 4093 et
2620 4038 2818 4093 Tuscie
2850 4038 3081 4105 ﬁnibus,
3107 4041 3165 4092 et
3197 4040 3402 4091 cuncta
3425 4038 3722 4108 Pentapo-

2109 4126 2231 4193 lim,
2264 4130 2322 4180 et
2350 4126 2671 4181 Cottiarum
2704 4131 2935 4181 montes
2995 4126 3052 4179 in
3087 4125 3327 4179 ecclesia
3381 4124 3533 4179 beati
3562 4123 3721 4177 Petri

2109 4215 2351 4285 apostoli
2372 4214 2689 4269 constituit.
2709 4215 2926 4269 Gratias
2947 4218 3185 4285 agentes
3209 4215 3324 4268 Deo
3355 4216 3411 4267 et
3433 4213 3723 4283 apostolo-

2109 4320 2237 4357 rum
2272 4303 2538 4375 priucipi,
2563 4320 2822 4358 reversus
2852 4306 2936 4357 est
2964 4303 3023 4357 in
3057 4302 3314 4358 Francia.

2180 4396 2267 4447 2i.
2290 4392 2444 4446 Tunc
2476 4392 2707 4462 Pipinus
2734 4409 2833 4447 rex
2861 4408 3105 4447 cernens
3130 4391 3482 4446 Guaifarium
3510 4391 3723 4445 ducem

2034 4492 2086 4554 ι)
2108 4480 2575 4552 Aquitaniorum,
2609 4484 2717 4534 etc.
2742 4480 3054 4552 Sequuntur
3085 4478 3326 4533 Annales
3354 4479 3725 4534 Laurissenses

2110 4585 2239 4623 ann.
2275 4571 2402 4631 760,
2431 4571 2555 4635 761,
2590 4572 2717 4635 762,
2751 4572 2877 4636 763,
2910 4586 3069 4641 usque
3103 4585 3115 4622 :
3155 4568 3578 4639 Pipinus........
3616 4584 3728 4638 per

2112 4656 2521 4728 Legemodicas
2552 4656 2611 4710 in
2646 4657 2886 4711 Francia
2928 4674 3186 4711 reversus
3219 4661 3321 4711 cst.
3359 4658 3427 4710 Et
3456 4656 3607 4710 facta
3634 4659 3731 4710 est

2111 4761 2252 4817 gens
2282 4744 2490 4798 valida.
2528 4746 2641 4799 lter
2667 4746 2779 4816 (70)
2804 4745 3059 4816 perrexit
3089 4745 3250 4800 Italia
3280 4745 3351 4799 ad
3384 4745 3732 4800 confercndi

2114 4834 2308 4887 Italico
2338 4848 2550 4904 regno;
2607 4836 2730 4887 tota
2759 4833 2987 4903 hiemps
3040 4834 3100 4887 in
3155 4833 3510 4888 monasterio
3542 4834 3733 4887 sancti

2112 4922 2341 4977 Andree
2400 4922 2664 4994 apostoli,
2723 4927 2782 4976 et
2832 4922 3018 4976 sancti
3074 4921 3326 4976 Silvostri
3384 4922 3738 4976 confessoris

2116 5010 2343 5079 Christi,
2397 5014 2454 5065 et
2521 5011 2700 5064 sancti
2761 5009 3040 5082 Stephani
3099 5010 3369 5083 martyris
3423 5010 3730 5079 hiemavit,

2116 5114 2349 5154 necnon
2380 5101 2438 5154 et
2463 5097 2675 5153 Tusciae
2730 5098 2940 5153 ﬁnibus
2970 5097 3169 5153 omnia
3219 5116 3313 5154 res
3361 5099 3734 5166 monasterii,

1953 5192 2179 5252 ΝΟΤᾸΞ.

467 5286 582 5360 (59)
604 5287 688 5343 Cf.
721 5286 912 5362 Vitam
929 5286 1205 5362 Stephani
1221 5305 1411 5361 papae,
1446 5306 1496 5344 c.
1519 5292 1608 5359 30,
1632 5244 2016 5346 etAn‘n.Lau;

396 5358 505 5416 riss
556 5358 652 5415 an.
691 5361 816 5414 753.

490 5431 581 5492 60)
620 5429 705 5485 Cf.
733 5431 886 5485 Ann.
920 5429 1161 5486 Lauriss.
1195 5447 1292 5487 an.
1326 5428 1454 5487 755.

492 5501 581 5573 61)
620 5501 991 5573 Ιξεινιηᾶαῑιθί
1005 5501 1228 5573 regina.

492 5568 578 5636 62)
622 5568 837 5627 Dum...
870 5568 1243 5639 tradidiLAn.
1274 5573 1519 5630 Lauriss.
1557 5591 1652 5631 an.
1718 5578 1843 5633 756.

788 5644 1001 5725 ﬁnivit,
1015 5643 1119 5711 ib.,
1146 5662 1239 5725 all

495 5685 584 5787 Si)
607 5685 1411 5789 ’ἑ’έὸἐέὂὶἰέ”ἁε”’ὧί›ἷ’ίίὲιῖί“ἱίῖ

2196 5294 2308 5368 (65)
2335 5294 2514 5368 I_d_est
2538 5294 2862 5350 mausoleum
2892 5297 3150 5368 Augusti.

2194 5367 2303 5434 (66)
2328 5364 2558 5420 Misit...
2582 5376 2910 5423 conservaret
2927 5364 3005 5424 ex'
3023 5371 3175 5424 Ann.
3207 5366 3451 5422 Lauriss.
3472 5385 3567 5422 an.
3600 5371 3744 5423 757.

2196 5436 2307 5507 (67)
2337 5436 2633 5507 Pz'pz'nus..,
2662 5456 2850 5505 annos,
2883 5440 2985 5502 ib.,
3019 5456 3113 5495 an.
3140 5441 3264 5493 758.

2197 5510 2308 5577 (68)
2337 5508 2585 5565 Natus...
2618 5510 2922 5577 defunctus,
2955 5510 3057 5576 ib.,
3080 5527 3177 5564 an.
3209 5512 3346 5565 759.-

2201 5511 2308 5577 (68)
2337 5511 2585 5565 Natus...
2618 5511 2922 5633 deﬁunctus,
2955 5511 3057 5576 ib.,
3080 5527 3177 5564 an.
3209 5512 3346 5565 759.-

2201 5578 2315 5652 (69)
2350 5579 2660 5652 Pippinum
2726 5596 2923 5635 omam
2944 5598 3245 5652 nunquam
3267 5581 3468 5637 adiisse
3485 5583 3749 5636 constat.

2196 5649 2336 5723 (70).
2363 5649 2515 5723 Quin
2539 5655 2862 5723 sequuntur
2884 5669 2917 5707 a
2947 5649 3144 5709 nostro
3176 5653 3411 5709 inventa
3438 5670 3578 5720 esse,
3612 5668 3751 5708 non

2127 5721 2218 5776 cst
2239 5722 2395 5793 quod
2424 5721 2667 5779 dubites.
