3986 6170
256 376 319 430 ,9
1717 349 2153 408 CHRONICON.
3543 353 3612 408 so

261 510 373 568 que
396 508 431 547 a
464 487 880 555 Carlomagno
900 493 1177 551 germano
1191 477 1543 547 suohempta
1556 473 1763 540 fuerat,
1791 489 1900 544 per
1917 475 1975 538 Α
2003 489 2166 541 rum,
2203 474 2596 545 patrocinium
2626 490 2828 529 secum
2843 474 3038 530 liberis
3067 473 3201 541 suis,
3223 470 3614 544 patrocinium

260 560 599 658 preceptum
631 574 720 629 sui
750 569 1010 627 nominis
1055 565 1364 622 constituit.
1386 567 1455 619 Et
1484 581 1623 619 crux
1657 560 1896 616 Domini

263 649 369 747 que
402 649 462 724 in
489 667 609 723 suis
658 659 980 718 cervicibus
1024 655 1411 728 appendebat,
1441 655 1505 708 in
1547 649 1896 707 venerabilis

264 738 504 816 cenabio
532 751 848 818 concessit,
874 765 972 803 seu
1001 743 1314 800 Beneventi
1328 743 1696 814 principatus,
1715 741 1776 792 et
1799 738 1896 793 Sa-

265 848 430 915 lerni,
460 847 806 916 Capuaque,
830 842 890 893 et
919 838 1044 892 tota
1075 833 1380 902 Neapolim
1403 832 1632 898 ﬁnibus,
1663 829 1719 882 et
1740 827 1898 899 quic-

269 938 400 1012 quid
423 931 752 1004 Campanie
785 926 1131 983 destitutum
1159 924 1265 1012 est,
1309 921 1369 975 in
1401 939 1502 976 suo
1533 921 1896 1012 sacramento

269 1005 586 1083 constituit.
621 1021 690 1075 Et
717 1019 927 1073 cuncta
958 1009 1333 1081 Pentapolim
1365 1013 1423 1064 et
1462 1006 1659 1065 omnia
1699 1005 1899 1061 Tuscie

273 1115 483 1170 ﬁnibus
508 1105 844 1181 apostolicis
877 1101 1037 1159 Pauli
1066 1102 1126 1154 et
1151 1114 1255 1153 suo
1283 1098 1415 1169 jure
1447 1093 1739 1154 concessit.
1765 1095 1902 1150 Gra-

278 1205 526 1259 tulanter
558 1203 616 1254 et
647 1192 1072 1269 gaudebundus
1103 1188 1165 1243 in
1200 1188 1505 1244 Franciam
1531 1183 1708 1241 venit.
1742 1185 1904 1240 Tunc

275 1293 386 1363 (71)
417 1306 518 1345 rex
553 1285 791 1358 Pipinus
803 1280 965 1337 abuit
984 1277 1268 1350 placitum
1295 1293 1465 1331 suum
1483 1273 1902 1363 inWarmacia,

277 1360 322 1436 et
352 1360 590 1434 nullum
621 1375 734 1430 iter
765 1370 922 1426 aliud
953 1368 1111 1434 fecit,
1148 1364 1258 1419 nisi
1290 1363 1350 1418 in
1383 1360 1626 1418 Francia
1649 1361 1904 1430 resedit;

275 1485 445 1525 causa
477 1460 874 1539 pertractabat
905 1454 1247 1512 mitissimus
1268 1469 1366 1507 rex
1395 1449 1906 1517 interWafarium,

278 1563 329 1615 et
359 1537 697 1612 Tasilonem
718 1569 732 1618 ;
768 1548 904 1621 quia
917 1545 1106 1602 Tasilo
1129 1539 1604 1612 consanguineus
1623 1537 1746 1607 ejus
1761 1541 1908 1592 erat.

276 1649 434 1703 Tunc
463 1642 704 1714 Pipinus
730 1655 829 1693 rex
859 1635 1065 1690 missos
1091 1648 1224 1686 suos
1255 1628 1458 1700 dirigit
1498 1625 1571 1678 ad
1591 1624 1916 1714 ABajuariaa

276 1735 481 1800 Tasilo,
526 1712 583 1785 et
625 1730 750 1782 hinc
801 1724 978 1779 verba
1034 1722 1282 1793 loquens
1311 1717 1391 1771 eis
1417 1733 1435 1770 :
1473 1731 1507 1764 «ι
1542 1712 1777 1783 Pipinus
1813 1729 1917 1768 rex

2003 561 2273 618 contulit.
2293 564 2538 618 Karolus
2550 565 2742 617 autem
2755 580 2852 617 rex
2869 580 2973 634 per
2985 578 3336 619 consensum
3349 560 3614 615 omnium

2001 652 2371 706 Francorum
2391 669 2490 706 rex
2525 668 2589 706 co
2601 651 2709 706 nsti
2719 651 2798 705 tui
2807 654 2915 706 tur.
2935 654 3192 707 Domnus
3204 650 3397 720 itaque
3412 648 3616 703 Adria-

1999 757 2117 794 nus
2139 756 2289 810 papa
2305 738 2707 811 persecutione
2726 741 3243 811 Langobardorum
3257 754 3375 792 non
3395 737 3614 806 ferens,

1999 827 2216 882 missos
2253 827 2453 899 dirigit
2483 843 2613 881 curn
2632 828 3032 884 benedictione
3052 825 3386 898 apostolica.
3412 827 3618 882 Petrus

2001 933 2174 972 mare
2204 934 2385 989 usque
2416 916 2802 983 Masilia,inde
2841 919 3146 971 terrenum
3164 930 3344 984 usque
3367 915 3442 969 ad
3455 915 3620 971 dom-

2002 1023 2153 1060 num
2185 1007 2461 1060 Karolum
2492 1003 2772 1077 pervenit.
2803 1004 3110 1060 Invitando
3140 1001 3358 1058 scilicet
3385 1011 3446 1058 ut
3466 1004 3621 1060 Ann.

2003 1095 2258 1150 Lauriss.
2281 1113 2334 1148 a.
2367 1097 2495 1162 773,
2526 1110 2689 1164 usque
2729 1093 2946 1162 pascha
2992 1090 3262 1148 similiter
3311 1091 3372 1147 in
3412 1093 3625 1152 Roma.

2006 1183 2349 1255 Susceptum
2372 1186 2460 1238 est
2490 1182 2686 1253 itaque
2712 1180 2972 1235 domnus
3005 1180 3243 1236 Carolus
3269 1183 3634 1243 rexhonori-

2005 1274 2114 1329 ﬁce
2140 1273 2213 1327 ab
2246 1271 2505 1326 Adriano
2539 1285 2711 1341 papa,
2735 1271 2840 1323 eta
2871 1272 3093 1325 cuncto
3111 1269 3374 1329 Romano
3393 1277 3641 1349 populo,

2008 1365 2067 1418 et
2086 1362 2146 1416 in
2183 1360 2428 1416 ecclesia
2448 1357 2606 1414 beati
2639 1356 2794 1412 Petri
2825 1357 3099 1428 apostoli
3130 1376 3165 1414 a
3191 1362 3360 1418 scolis
3377 1364 3651 1424 laudibus

2010 1454 2097 1506 est
2126 1452 2462 1506 honoratus.
2501 1447 2849 1517 Quanteque
2881 1447 3260 1520 pestilentia,
3295 1454 3664 1517 etlamenta.

2011 1539 2266 1595 tionibus
2281 1541 2338 1593 et
2353 1535 2741 1593 vastationibu
2752 1551 2778 1588 s
2790 1535 2906 1589 Lan
2917 1539 3215 1608 gobardis
3229 1546 3667 1615 populoRoma-

2013 1644 2088 1682 no
2115 1628 2543 1698 proclamatum
2567 1625 2676 1690 est,
2702 1622 2826 1693 quis
2848 1627 3069 1694 potuit
3088 1645 3384 1688 enarrare.
3407 1635 3666 1708 Accepta

2013 1715 2210 1788 itaque
2238 1714 2654 1771 benedictione
2684 1728 2785 1766 rex
2814 1714 2874 1766 et
2899 1715 3281 1774 absolutione
3307 1721 3459 1777 beati
3498 1726 3660 1782 Petri

281 1826 637 1880 Francorum
670 1814 828 1870 misit
845 1828 953 1867 nos
965 1811 1040 1865 ad
1065 1810 1227 1876 te,ut
1249 1807 1684 1860 innotescamus
1699 1801 1917 1856 benefi—
1937 1819 1988 1877 Β
2017 1803 2259 1875 apostoli
2292 1805 2508 1859 domno
2534 1801 2764 1866 Carolo,
2799 1800 3026 1859 iterum
3059 1807 3290 1877 aPapia
3314 1810 3654 1870 venientem

283 1913 434 1967 cium
473 1913 534 1964 et
558 1909 876 1965 honorem,
908 1899 1162 1972 qualiter
1192 1893 1423 1965 Pipinus
1473 1907 1574 1944 rex
1619 1887 1919 1944 constituit

284 2002 402 2057 tibi.
436 2001 516 2053 Eo
547 1994 708 2068 quod
722 1995 872 2049 esset
907 2005 1074 2044 meus
1100 1981 1701 2053 consanguineustota
1714 1978 1917 2068 Bajua-

284 2090 364 2144 ria
399 2066 721 2144 dedit—tibi,
745 2084 805 2135 et
821 2074 1218 2151 jurejurando
1249 2071 1424 2125 ﬁdem
1450 2071 1617 2122 tuam
1633 2066 1920 2140 pollicitus

284 2195 338 2233 es
356 2170 738 2231 observandi.
760 2190 789 2219 »
809 2167 977 2223 Modo
1017 2157 1522 2219 commotus'facie
1542 2157 1699 2229 regis
1723 2155 1919 2211 videre

287 2265 490 2322 uoluit.
526 2263 709 2322 Tunc,
742 2260 878 2324 etc.,
921 2262 981 2308 ut
1031 2255 1089 2306 in
1134 2251 1295 2304 Ann.
1345 2245 1776 2301 Laurissensz'bus
1822 2260 1916 2299 an.

286 2357 407 2418 766,
440 2354 573 2414 767,
605 2351 738 2414 768,
794 2361 956 2416 usque
1005 2340 1078 2395 ad
1141 2339 1347 2394 obitum
1397 2335 1634 2404 Pippinz'.
1677 2332 1918 2404 Hibique

289 2443 440 2498 diem
471 2438 688 2499 hobiit,
716 2434 903 2490 ﬁnivit
934 2430 1149 2487 octaba
1195 2427 1320 2481 Kal.
1366 2424 1630 2478 Octuber.

354 2535 442 2586 '22.
480 2531 750 2584 Domnus
781 2525 884 2594 (72)
910 2521 1114 2591 itaque
1144 2513 1432 2569 Adrianus
1454 2511 1687 2565 natione
1715 2512 1922 2566 Roma-

288 2639 388 2677 nus
412 2619 486 2673 de
501 2614 776 2687 regiones
788 2610 1041 2674 Vialata,
1066 2605 1215 2662 ordo
1230 2600 1420 2658 scrinii
1447 2603 1643 2655 sancte
1661 2601 1921 2655 Romane

287 2706 566 2770 acclesie,
591 2704 808 2758 electus
824 2701 908 2752 est
929 2693 1224 2768 pontifex,
1255 2707 1289 2744 a
1304 2690 1508 2742 cuncto
1534 2687 1798 2742 Romano
1817 2703 1919 2757 po-

284 2799 440 2870 pulo,
470 2795 532 2849 in
554 2792 692 2845 sede
717 2789 824 2843 hac
847 2780 1177 2840 beatissimi
1206 2777 1603 2850 apostolorum
1622 2774 1916 2870 principis.

286 2864 874 2956 bportethoriginem
896 2874 1263 2956 Francorum
1282 2883 1380 2920 rex
1398 2881 1503 2934 per
1517 2864 1918 2956 genealogiam

286 2950 693 3042 nunccupare;
728 2961 975 3036 qualiter
1005 2957 1084 3014 ad
1113 2955 1344 3027 apicem
1392 2950 1557 3021 regni
1594 2953 1918 3021 pervenerit

285 3039 534 3118 Karolus
561 3052 900 3111 mftissimus
932 3065 1058 3109 rex,
1091 3043 1272 3099 modo
1319 3040 1596 3094 dicamus.
1631 3039 1779 3092 Gens
1808 3039 1916 3111 (73)

2017 1894 2205 1964 ipsam
2235 1893 2529 1947 civitatem
2563 1889 2725 1962 cepit
2758 1896 2855 1943 etc.
2884 1901 2950 1947 ut
2973 1895 3129 1948 Ann.
3163 1895 3398 1952 Lauriss.
3428 1917 3479 1953 α.
3515 1905 3646 1970 774,

2018 1987 2143 2048 775,
2191 1984 2315 2046 776,
2357 1983 2481 2046 780,
2533 1983 2664 2047 781,
2727 1979 2920 2034 multis
2976 1990 3154 2037 tamen
3210 1988 3435 2055 omissis,
3479 2005 3648 2061 usque

2017 2069 2346 2142 Aquitania.
2366 2069 2432 2122 Et
2444 2067 2583 2122 inde
2598 2068 2956 2123 revertendo
2976 2070 3196 2126 domno
3213 2072 3423 2129 Karolo
3439 2090 3645 2145 regem

2020 2159 2079 2213 in
2096 2157 2452 2214 monasterio
2471 2155 2656 2211 sancti
2675 2155 2762 2208 An
2772 2154 2913 2210 dree
2930 2160 3176 2230 apostoli
3200 2175 3331 2215 cum
3347 2178 3526 2217 uxore
3538 2179 3644 2220 sua

2021 2247 2322 2318 lldegarda
2336 2244 2562 2316 regine,
2579 2248 2637 2298 et
2651 2259 2784 2297 cum
2809 2247 2975 2300 omni
2997 2248 3274 2303 comitatu
3293 2265 3419 2315 suo,
3441 2251 3643 2306 omnia

2019 2336 2192 2391 rebus
2222 2333 2600 2390 ecclesiarum
2623 2335 2972 2390 manasterii
2990 2345 3056 2404 ιδ,
3073 2353 3184 2407 que
3210 2354 3244 2390 a
3260 2338 3638 2393 Karolusma-

2021 2441 2136 2497 gno
2166 2424 2442 2496 patruelis
2470 2424 2592 2494 ejus
2623 2421 2682 2476 in
2714 2422 3016 2492 prefatum
3043 2425 3465 2481 monasterium
3506 2443 3640 2482 con-

2021 2510 2731 2581 cessit,etmonasterium
2759 2513 2949 2569 sancti
2977 2515 3250 2579 Silvestri,
3280 2531 3410 2590 cum
3435 2519 3637 2571 monte

2023 2599 2773 2674 Syrapti,etmonasterium
2789 2604 2972 2657 sancti
2990 2603 3266 2675 Stephani
3281 2605 3340 2658 in
3357 2604 3632 2671 Mariano,

2022 2691 2358 2746 omniorum
2379 2690 2620 2761 praedia,
2641 2705 2746 2761 per
2761 2695 3103 2764 preceptum
3127 2693 3337 2763 regalis
3353 2710 3455 2748 sue
3474 2692 3635 2764 regie

2020 2779 2327 2851 potestatis
2357 2777 2662 2845 concessit,
2692 2780 2750 2832 et
2782 2779 2939 2835 dona
2971 2780 3331 2852 amplissima
3371 2780 3632 2835 hibidem

2020 2867 2340 2922 constituit.
2376 2869 2625 2937 Accepta
2647 2866 3056 2924 benedictione
3074 2886 3102 2923 a
3123 2868 3464 2925 venerabilis
3481 2869 3631 2934 loco,

2017 2956 2360 3011 Mediolanis
2389 2956 2685 3010 civitatem
2712 2959 2978 3026 pervenit
3005 2965 3102 3012 etc.
3121 2965 3179 3010 ut
3208 2959 3363 3012 Ann.
3390 2956 3630 3010 Laurz'ss.

2019 3063 2071 3098 a.
2125 3048 2253 3112 781,
2302 3047 2428 3107 783,
2467 3045 2592 3104 786,
2639 3046 2764 3111 787,
2817 3047 2944 3113 788,
2995 3048 3122 3110 794,
3169 3046 3423 3116 plurimis
3453 3049 3633 3095 tamen

282 3150 742 3218 Meroingorum,
763 3141 833 3195 de
855 3155 972 3210 qua
990 3132 1206 3190 Franci
1233 3145 1400 3202 reges
1421 3127 1525 3181 sibi
1547 3143 1741 3181 creare
1767 3128 1916 3182 soliti
1938 3147 1986 3206 α
2017 3134 2227 3187 omissis
2258 3151 2269 3188 :
2298 3150 2439 3186 anno
2469 3135 2572 3187 786
2600 3133 2919 3201 rationibus,
2943 3150 3108 3205 quare
3123 3131 3364 3186 Karolus
3384 3132 3488 3182 iter
3515 3127 3633 3180 Ita—

286 3243 472 3294 erant.
508 3214 639 3289 Fuit
666 3229 886 3305 primus
941 3225 1214 3296 Pipinus,
1257 3218 1355 3290 qui
1401 3215 1599 3288 genuit
1643 3214 1824 3269 filium
1851 3233 1917 3270 ex

285 3325 615 3384 concubina
646 3318 884 3374 nomine
909 3314 1156 3370 Carolus
1183 3328 1197 3378 ;
1224 3307 1314 3364 hic
1332 3305 1554 3378 primus
1576 3305 1815 3358 Karolus
1835 3307 1921 3359 est

285 3417 623 3472 advocatus.
659 3408 767 3474 Qui
799 3406 1045 3461 Karolus
1063 3396 1276 3473 genuit
1291 3394 1442 3449 filios
1464 3393 1625 3458 duos,
1649 3392 1918 3464 Pipiuum

288 3511 341 3559 et
372 3501 838 3568 Karolomagno,
860 3491 959 3565 qui
991 3493 1122 3544 tota
1153 3483 1398 3540 Francia
1420 3480 1785 3535 dominatum
1815 3481 1921 3536 sibi

287 3592 658 3649 vindicantes
671 3581 974 3656 oppressit.
994 3579 1224 3634 Mortuo
1245 3573 1438 3643 itaque
1453 3570 1690 3624 Karolus
1702 3569 1922 3641 primus

291 3683 387 3757 qui
425 3679 623 3736 ofﬁcio
650 3678 878 3729 tantum
911 3686 1049 3724 cum
1077 3661 1321 3720 lldricus
1347 3660 1570 3757 Saxone
1601 3659 1926 3757 deponeba-

293 3748 404 3837 tur,
445 3767 687 3839 Pipinus
719 3765 776 3816 et
809 3759 1246 3839 Carolomagno
1261 3748 1554 3839 germanis
1575 3757 1641 3839 ξε,
1664 3749 1925 3839 velut-he-

291 3837 576 3914 reditaria
609 3851 845 3908 Francia
869 3838 1256 3918 fungebatur.
1283 3840 1442 3893 Hunc
1474 3837 1701 3910 Pipinus
1719 3840 1776 3892 et
1788 3837 1925 3891 Kar-

287 3951 577 4018 lomagno
589 3957 818 3996 summa
830 3954 963 3993 cum
983 3951 1053 3990 eo
1068 3927 1650 3996 concordia,divisum
1673 3943 1918 3998 regnum

288 4038 655 4091 Francorum
683 4031 835 4085 inter
855 4044 936 4094 se,
966 4022 1400 4089 Carolomagno
1423 4019 1613 4071 sancte
1629 4031 1924 4070 conversa-

288 4126 467 4180 tionis
495 4121 767 4177 habitum
801 4116 1060 4175 inbutus,
1111 4107 1350 4179 Pipinus
1392 4122 1492 4177 per
1517 4104 1920 4159 auctoritatem

284 4212 617 4288 apostolico
643 4209 974 4276 susceptum
1003 4196 1288 4270 Stephani
1306 4212 1467 4288 papa
1512 4212 1608 4288 rex
1640 4193 1918 4288 efficitur.

288 4282 393 4367 Qui
433 4299 680 4371 Pipinus
708 4293 906 4366 genuit
927 4291 1080 4345 ﬁlios
1111 4288 1277 4351 duos,
1296 4283 1533 4339 Carolus
1548 4286 1604 4336 et
1627 4282 1920 4338 Carloma-

288 4409 432 4465 gno,
460 4389 560 4462 qui
593 4385 748 4440 uncti
780 4385 913 4437 sunt
963 4380 1022 4433 in
1073 4375 1316 4448 regibus
1352 4388 1481 4426 cum
1527 4372 1728 4442 Pipino
1757 4374 1924 4442 pater

2020 3221 2183 3276 ticum
2233 3238 2507 3293 aggressus
2555 3223 2642 3288 sit,
2676 3221 2826 3276 addit
2867 3239 2884 3274 :
2926 3221 3203 3292 placitum
3248 3215 3520 3274 habentis
3562 3214 3633 3268 de

2019 3310 2420 3367 convenentiis
2453 3326 2658 3366 eorum
2687 3310 2912 3382 legibus
2950 3309 3139 3376 Italie,
3172 3323 3284 3379 que
3305 3307 3639 3360 antecessor

2021 3415 2226 3454 eorum
2259 3399 2493 3472 regibus
2517 3396 2740 3454 dudum
2757 3401 2930 3454 antea
2945 3397 3185 3453 indictis
3203 3409 3407 3450 eorum
3423 3389 3637 3460 scripta

2023 3505 2141 3543 non
2177 3491 2366 3555 esset;
2403 3488 2557 3560 quod
2583 3487 2668 3543 ita
2696 3489 2914 3543 factum
2947 3490 3052 3544 est.
3087 3487 3260 3540 Anno
3285 3485 3391 3538 796
3421 3479 3634 3551 pergit:

2022 3577 2369 3633 Nuntiatum
2401 3577 2509 3647 (74)
2553 3577 2730 3632 etiam
2771 3578 2876 3632 sibi
2913 3575 3164 3632 Adriani
3208 3567 3495 3646 pontiﬁcis
3524 3567 3636 3622 Ro-

2024 3667 2184 3726 mani
2217 3667 2506 3733 hobitum,
2521 3666 2705 3738 quein
2730 3666 3002 3722 amicitiis
3024 3664 3344 3737 precipuus
3367 3657 3635 3722 habebat,

2024 3755 2104 3810 sic
2125 3755 2283 3810 ﬂevit
2309 3754 2465 3810 haesi
2491 3755 2759 3823 fratrem,
2793 3757 2892 3809 aut
2919 3752 3304 3808 karissimum
3318 3750 3499 3806 ﬁlium
3515 3763 3637 3803 am-

2025 3843 2293 3898 misisset.
2309 3845 2444 3898 Erat
2465 3841 2623 3897 enim
2638 3843 2696 3898 in
2716 3841 2988 3898 amicitiis
3009 3840 3238 3912 optime
3258 3839 3633 3911 temperatus,

2025 3935 2088 3985 ut
2111 3949 2208 3986 eas
2235 3931 2431 3986 faciles
2443 3932 2824 4000 ammitteret,
2839 3935 2900 3986 et
2934 3931 3404 3986 constantissime
3420 3926 3633 3983 retine-

2022 4024 2130 4074 ret.
2164 4021 2276 4074 Leo
2292 4037 2425 4075 mox
2454 4020 2513 4074 in
2547 4022 2676 4076 loco
2708 4021 2833 4092 ejus
2865 4020 3175 4088 successit;
3214 4019 3368 4075 misit
3409 4016 3636 4088 legatos

2023 4127 2154 4164 cum
2185 4109 2528 4164 muneribus
2560 4110 2634 4163 ad
2659 4126 2887 4180 regem,
2920 4110 2978 4161 et
2997 4108 3188 4163 claves
3208 4108 3384 4162 etiam
3416 4103 3636 4160 confes-

2023 4197 2200 4252 sionis
2229 4196 2414 4252 sancti
2468 4196 2642 4263 Petri,
2697 4200 2755 4249 et
2805 4194 3078 4250 vexillum
3124 4196 3386 4250 Romane
3430 4191 3635 4248 hurbis

2023 4287 2216 4342 eidem
2269 4285 2493 4342 direxit.
2542 4286 2896 4340 Thesaurum
2943 4282 3058 4355 (75)
3101 4284 3422 4355 priscorum
3452 4284 3637 4338 multa

2025 4378 2353 4432 seculorum
2414 4374 2802 4447 prolixitatem
2860 4374 3188 4440 collectum,
3230 4375 3449 4429 domno
3507 4371 3635 4444 regi

289 4459 502 4536 eorum
530 4495 566 4531 a
603 4474 896 4546 Stephano
931 4484 1121 4541 papa;
1157 4469 1215 4519 et
1240 4465 1471 4517 ῐΠΟΓῑιιο
1506 4461 1661 4515 idem
1696 4459 1918 4532 Pipino,
1946 4479 1998 4538 D
2027 4467 2235 4521 Karolo
2269 4465 2342 4520 ad
2368 4464 2544 4534 Aquis
2573 4463 2852 4536 palatium
2889 4461 3078 4525 misit;
3103 4479 3216 4534 quo
3230 4464 3483 4532 accepta,
3506 4477 3636 4532 per-

286 4566 571 4625 suecessit
599 4563 860 4625 Karolus,
889 4556 1176 4630 gloriosus
1200 4550 1534 4607 mitissimus
1559 4553 1731 4621 atque
1759 4564 1919 4603 ama-

286 4659 422 4713 bilis
465 4673 595 4718 rex,
625 4656 796 4723 atque
829 4648 1245 4716 Karlomagno.
1310 4640 1432 4693 Non
1491 4643 1622 4711 post
1672 4640 1920 4693 multum

288 4754 530 4817 tempus
562 4741 836 4796 defuncto
865 4737 1256 4803 Carlomagno
1287 4745 1408 4794 rex,
1441 4744 1580 4782 uxor
1603 4729 1726 4799 ejus
1743 4726 1920 4817 etﬁli’i

285 4805 432 4890 cum.
459 4829 814 4905 quibusdam
845 4825 942 4897 qui
971 4841 1038 4878 ex
1070 4819 1357 4875 ornatibus
1376 4827 1418 4858 24
1447 4805 1926 4888 consentaneisiff
1956 4809 1969 4847 Ὗ

1963 4901 1976 4941 ί
2022 4888 2516 4974 άΒιῦαἰὲῐῖι’⁴εἶιώή;
2532 4888 2712 4960 misit.
2739 4895 3220 4975 Porro'reliquam
3238 4906 3466 4975 partem
3487 4901 3632 4975 opti-

287 4925 454 4980 ltalia
480 4902 635 4990 luga
657 4916 855 4989 petiit;
889 4912 995 4968 sub
1019 4907 1310 4965 Desiderio
1335 4924 1499 4977 reges
1517 4902 1921 4976 Langobardi)-

2025 4557 2151 4607 acta
2206 4554 2323 4607 Deo
2366 4551 2622 4622 largitori
2677 4550 2944 4607 omnium
2980 4551 3267 4605 bonorum
3311 4549 3634 4622 gratiarum

2024 4641 2272 4696 actione.
2291 4640 2448 4694 Idem
2475 4640 2558 4693 vir
2571 4632 3052 4711 prudentissimus
3075 4642 3245 4710 atque
3271 4631 3632 4710 largissimus

2023 4733 2081 4812 et
2111 4729 2209 4811 pei
2242 4729 2607 4809 dispensator
2635 4745 2850 4813 magna
2864 4726 3017 4813 findde
3037 4730 3265 4796 partem
3285 4727 3532 4780 Romam
3555 4725 3630 4780 ad

2020 4819 2055 4873 1i
2151 4803 2532 4902 naualpoétélbr
2861 4804 3342 4902 fieri'agilbertum
3359 4812 3629 4867 dilectum

2793 5081 2804 5086 -ν
2846 5061 2870 5134 ς

355 5209 408 5243 ιε
440 5204 569 5256 aut.
602 5207 918 5267 germanus
939 5205 988 5248 ε.
1046 5199 1090 5231 ει
1118 5189 1154 5242 ἱ.
1186 5202 1232 5246 θ.
1259 5183 1649 5256 optimatibus.
1702 5166 1748 5226 ’ὗ
1769 5165 1914 5240 Ὶίιὸη

2016 5156 2151 5238 ἔξιίὶεἱἶ
2333 5157 2672 5238 monasterii
2685 5157 2872 5236 “cedam.

1857 5323 2079 5380 NOTAE.

358 5460 496 5531 (7i)
531 5459 748 5531 Tang...
783 5451 1105 5531 Tasilonem,
1138 5464 1205 5503 ex
1226 5447 1375 5531 Ann.
1403 5446 1644 5531 Lauriss.
1668 5461 1762 5501 an.
1789 5446 1915 5500 764.

365 5520 499 5599 ἱῖὲ)
537 5530 617 5584 Cf.
651 5528 837 5582 Vitam
864 5522 1121 5599 Adriani,
1154 5534 1327 5599 capp;
1359 5521 1407 5584 1,
1435 5520 1487 5571 3.

367 5589 507 5670 (733
539 5602 613 5656 Ex
643 5595 959 5670 Eginhardi
990 5593 1115 5648 Vita
1146 5589 1352 5659 Caroli,
1387 5605 1510 5659 cap.
1548 5594 1596 5647 1,

2099 5443 2207 5509 (74⁸)
2241 5443 2319 5496 Ex
2351 5438 2678 5513 Eginhardi
2707 5439 2834 5493 Vita
2865 5437 3207 5510 Caroli,cap.
3245 5437 3328 5492 l9.

2095 5515 2208 5586 (76)
2240 5515 2391 5569 Ann.
2404 5510 2675 5569 'Lauriss.
2706 5528 2798 5566 an.
