3986 6170
246 419 302 473 37
1713 389 2150 448 CHRONICON.
3524 411 3591 466 38

244 543 806 595 Romanorum.......
831 522 1164 578 trucidatos.
1181 519 1526 574 Erantenim
1539 533 1860 572 numerum
1886 521 1945 579 Α
1975 518 2214 572 montes
2236 517 2536 578 Letiniano
2559 540 2657 579 seu
2678 526 2951 596 Bogiano,
2971 529 3391 584 monasterium
3407 533 3591 588 sancti

243 631 633 683 Romanorum
665 617 948 671 tricentos
967 607 1364 681 quiinterfecti
1383 611 1518 661 sunt
1544 608 1600 661 in
1628 621 1865 675 campo-

241 709 657 773 Lateranensis.
703 707 787 760 De
830 698 1150 770 majoribus
1188 698 1310 750 erat
1355 697 1515 750 enim
1555 709 1702 765 papa
1750 694 1864 748 Leo

239 810 462 879 quartus
483 797 695 854 omnia
726 786 1099 859 Pentapolim
1121 788 1293 856 atque
1321 785 1548 839 Tusscie
1579 781 1786 835 ﬁnibus
1805 781 1860 834 in

237 889 517 966 pontificis
547 880 874 940 constituit.

290 981 465 1034 Anno
494 978 597 1031 819
616 976 693 1026 ita
708 969 868 1023 habet
905 983 918 1019 :
953 966 1014 1017 In
1049 978 1166 1033 quo
1184 963 1372 1015 multa
1403 963 1472 1016 de
1499 963 1670 1015 status
1689 959 1865 1011 eccle-

234 1071 444 1123 siarum
476 1069 535 1118 et
568 1056 1069 1116 monasteriorum
1103 1054 1357 1104 tractata
1388 1054 1558 1122 atque
1591 1047 1861 1102 ordinata

237 1160 377 1210 sunt.
418 1152 665 1222 Legibus
700 1147 877 1201 etiam
911 1139 1165 1211 capitula
1196 1155 1310 1208 que
1334 1139 1552 1193 dudum
1583 1136 1641 1188 in
1663 1135 1863 1189 edictis

236 1244 434 1312 scripta
473 1242 616 1294 sunt
637 1235 795 1306 afﬁgi
823 1229 1103 1304 precepit.
1122 1227 1250 1290 Quo
1277 1228 1548 1296 perhacto
1571 1255 1637 1262 —
1662 1224 1864 1278 Ubelbi

236 1329 449 1385 comitis
477 1326 644 1380 Judit
674 1321 836 1376 duxit
869 1335 1068 1373 uxore.

294 1419 466 1471 Anno
496 1415 644 1467 824:
691 1412 756 1463 In
804 1408 964 1477 cujus
1011 1403 1198 1474 (papae)
1246 1404 1438 1457 locum
1494 1402 1717 1455 duobus
1761 1415 1868 1470 per

234 1503 639 1561 contentiones
657 1496 855 1570 populi
874 1494 1118 1548 fuissent
1160 1491 1394 1555 helecti,
1451 1488 1741 1557 Eugenius
1770 1503 1865 1540 ar-

1977 605 2245 660 Silvestri
2269 607 2327 662 in
2360 615 2560 665 monte
2590 613 2814 684 Syrapti
2844 633 2977 672 cum
3006 617 3426 672 monasterium
3455 636 3589 675 san-

1973 693 2050 746 cti
2086 695 2335 750 Andreae
2368 701 2634 768 apostoli,
2659 703 2730 756 ad
2763 703 3107 760 defensionis
3133 706 3244 760 suis
3265 707 3462 776 palatii
3486 707 3594 764 im-

1971 785 2219 877 perator
2241 784 2482 877 k_amere
2514 803 2611 877 sue
2637 791 2933 844 concessit.
2968 794 3036 846 Et
3057 792 3338 846 monitate
3366 795 3593 865 legibus

1973 872 2218 956 insuper
2252 872 2554 945 descriptis
2582 883 2627 915 ³ο
2657 880 3022 934 monasteriis
3060 881 3116 934 in
3146 880 3344 935 edictis
3370 883 3594 956 legibus

1974 955 2498 1028 Langobardorum
2532 962 2687 1031 afﬁgi
2717 968 3010 1038 praecepit.
3043 955 3597 1030 Preordinatacun-

1971 1047 2068 1142 cto
2097 1062 2280 1142 regno
2304 1049 2466 1103 Italia
2491 1067 2525 1102 a
2558 1051 2824 1105 Lothario
2849 1053 2968 1108 ﬁlio
3001 1072 3125 1122 suo,
3159 1057 3257 1127 qui
3302 1068 3600 1122 consortes

1972 1135 2092 1224 suis
2115 1135 2280 1224 regni
2305 1140 2447 1204 erat,
2479 1137 2802 1204 constituit;
2835 1140 3245 1199 benedictione
3276 1156 3512 1224 accepta
3534 1154 3600 1211 in

1971 1222 2218 1316 ecclesia
2271 1227 2669 1294 apostolorum
2709 1225 2995 1298 principis
3028 1222 3605 1316 absolutionis—apos-

1969 1309 2165 1397 tolico,
2192 1310 2252 1364 in
2282 1312 2522 1367 Francia
2547 1315 2635 1366 est
2662 1329 2951 1370 reversus.
2992 1317 3064 1372 Et
3094 1336 3211 1376 non
3243 1331 3374 1397 post
3395 1309 3612 1393 multos

1970 1396 2075 1450 hos
2099 1398 2224 1452 dies
2248 1400 2431 1455 hobiit
2463 1405 2582 1467 (an.
2619 1401 2769 1471 840).

2042 1488 2325 1580 25._I_Jn‘de
2375 1489 2556 1580 crevit
2582 1506 2803 1580 rumor
2829 1491 3008 1552 inter
3040 1499 3172 1557 ﬁliis
3200 1508 3376 1580 regis,
3406 1513 3622 1575 Lotha-

235 1589 610 1663 chipresbiter
657 1584 806 1638 tituli
832 1583 1029 1635 sancte
1061 1577 1270 1633 Savine
1296 1595 1309 1645 ;
1339 1578 1493 1630 alius
1524 1578 1732 1663 tamen,
1753 1591 1868 1663 quo
1973 1571 2110 1640 rius,
2135 1575 2388 1644 Pipinus,
2413 1577 2720 1635 Loduicus.
2746 1578 3027 1653 Carolus,
3049 1594 3107 1644 et
3139 1571 3586 1663 Carlgm'agﬁo’a

237 1619 598 1663 εωμιῖςδυιισι
660 1619 806 1638 ιιιι-ωι
832 1619 1029 1635 οαιιυυυ
1062 1619 1309 1675 Uu'-”:’-y
1339 1619 1492 1630 “"“"
1528 1619 1734 1672 “"uv".
1755 1619 1866 1671 Ίζνῖν
1973 1619 2110 1640 “’“”““’⁷
2135 1619 2156 1627 ⁸
2178 1619 2388 1644 ⁴Γ⁵⁸“““·¹’
2417 1619 2720 1635 “⁴ν““⁵ν““¹⁰
2748 1619 2843 1632 νυ⁵⁸
2859 1619 3027 1653 νιιιῦ,
3049 1619 3107 1644 σι
3139 1619 3523 1674 ual‘lomagno

237 1696 440 1734 nomen
483 1677 756 1746 superest
790 1671 946 1724 facta
1002 1670 1089 1742 est
1130 1665 1334 1718 seditio
1368 1665 1640 1716 Romane
1690 1663 1871 1714 ClVlllS
1973 1665 2265 1716 consortes
2295 1681 2476 1734 regno
2491 1681 2577 1727 ra,
2622 1669 2681 1720 et
2711 1667 3051 1729 sortierunt
3078 1695 3326 1751 regnum
3357 1688 3510 1747 inter
3533 1712 3616 1751 se-

237 1712 440 1734 υυωσυ
483 1712 756 1746 ουνωυυυ
790 1712 946 1724 mm-
1005 1712 1088 1742 ντυ
1131 1712 1330 1718 ~——---~
1368 1712 1634 1716 —--——~~7—
2015 1712 2028 1714 τ
2073 1712 2262 1716 νίν-νη
2295 1712 2354 1717 -ν
2402 1712 2577 1727 -ν-α,
2625 1712 2680 1720 η
2711 1712 2916 1724 -ν-ηυ-
2936 1712 3051 1729 ωλι,
3602 1713 3616 1727 .

237 1770 373 1821 inter
408 1782 490 1829 se,
526 1763 798 1815 vincente
816 1759 982 1827 parte
1016 1752 1298 1807 nobilium
1329 1753 1505 1820 parte
1525 1749 1874 1819 subrogatus
1972 1747 2300 1818 inciperunt
2331 1712 2588 1806 dividere
2623 1753 2698 1807 da
2728 1754 2935 1813 civitas
2967 1712 3510 1846 F811;:55E‘9u7131qll11153r
3527 1712 3618 1839 ξεί

239 1861 397 1926 atque
431 1851 745 1905 ordinatus
778 1849 894 1899 est.
1509 1925 1518 1926 ί
1837 1925 1843 1926 7
1896 1841 1947 1899 B
1977 1835 2172 1890 vilicos
2193 1841 2304 1903 (98)
2330 1839 2484 1893 inter
2514 1857 2680 1895 mare
2705 1842 3030 1918 Adriatica,
3066 1857 3124 1907 et
3155 1835 3316 1913 mare
3345 1835 3586 1924 "l‘erriﬁé

296 1911 494 1995 Annos
509 1942 612 1992 8'27
652 1943 703 1988 et
729 1936 837 1989 8-29
868 1931 1146 2000 ι·ι(ι]·υηῃίι
1183 1944 1196 1980 :
1233 1927 1476 2018 Legatus
1507 1925 1876 2018 imperatoris
1979 1928 2036 2018 et
2061 1941 2249 2018 usque
2270 1927 2328 1980 in
2359 1929 2712 2018 Aquitania;
2743 1935 2802 1983 et
2831 1911 3052 1993 divisus
3084 1945 3169 1995 est
3195 1911 3608 2018 populum-12;:

235 2031 478 2083 Romam
533 2024 718 2089 venit,
764 2024 822 2074 et
870 2018 1233 2072 helectiones
1279 2013 1472 2083 populi
1512 2014 1695 2084 qualis
1729 2015 1877 2066 esset

239 2114 614 2171 examinavit.
651 2109 758 2164 Ubi
790 2110 848 2162 et
880 2107 1056 2160 missa
1088 2103 1277 2157 sancti
1307 2101 1548 2168 Martini,
1577 2105 1637 2154 et
1668 2099 1878 2154 festivi-

244 2212 408 2261 tatem
443 2201 610 2257 beati
640 2198 894 2252 Andreze
929 2193 1207 2263 apostoli,
1233 2206 1456 2243 necnon
1477 2192 1534 2242 et
1564 2189 1754 2260 ipsum
1788 2205 1874 2241 sa-

236 2310 386 2348 crum
419 2293 697 2345 sanctum
728 2283 1043 2339 dominicae
1078 2265 1395 2333 nativitatis
1422 2276 1573 2331 diem
1600 2295 1734 2331 cum
1759 2292 1878 2330 ma-

235 2396 342 2450 gna
377 2377 571 2432 latitia
601 2377 662 2428 et
695 2369 1084 2426 exsultatione
1113 2363 1445 2418 celebravit.

302 2469 496 2521 Mense
546 2459 864 2517 Februario
908 2456 1236 2511 conventus
1279 2450 1530 2504 hibidem
1580 2451 1785 2517 factus,
1817 2450 1874 2504 in

243 2556 395 2609 Italia
424 2553 733 2624 profectus
765 2551 851 2601 est
876 2545 1018 2618 (92).
1047 2545 1358 2609 Romaque
1377 2539 1684 2608 ingressus,
1718 2539 1776 2591 in
1791 2555 1878 2592 ec-

235 2645 400 2697 clesia
417 2640 826 2712 apostolorum
842 2629 1128 2704 principis
1144 2627 1452 2681 missarum
1472 2625 1877 2695 solempnitate

237 2732 543 2793 celebrata,
575 2724 802 2795 Apuliae
836 2721 1051 2774 ﬁnibus
1069 2717 1378 2785 adgressus
1401 2716 1486 2766 est
1514 2712 1572 2766 in
1586 2713 1876 2767 civitatem

237 2819 359 2873 Bari
394 2836 408 2883 ;
443 2818 730 2887 quattuor
763 2815 946 2863 turres
1000 2802 1286 2859 aediﬁcari
1326 2800 1515 2870 jussit.
1554 2800 1786 2862 Quanta
1818 2806 1878 2856 et

236 2908 421 2976 qualia
449 2919 632 2956 naves
662 2897 838 2953 maris
863 2893 1166 2949 Adriatico
1202 2892 1500 2961 portantes
1530 2905 1598 2942 ea
1619 2905 1744 2958 quae
1777 2906 1874 2943 ne-

237 2994 482 3048 cessaria
498 2993 651 3045 sunt.
679 2989 1041 3040 Francorum
1069 2995 1238 3033 scara
1255 2979 1311 3031 in
1334 2977 1461 3030 Bari
1483 2976 1676 3029 civitas
1696 2980 1877 3031 custo-

236 3085 456 3137 dientes
494 3077 791 3134 Scalaoria
835 3074 948 3145 (93)
1005 3067 1306 3126 inferioris
1348 3069 1406 3119 et
1447 3064 1774 3135 superioris,
1808 3069 1868 3119 et

1978 2010 2086 2065 lico
2109 2012 2192 2065 vel
2217 2014 2477 2069 Romano
2502 2035 2535 2070 a
2563 2017 2927 2076 Francorum
2953 2010 3607 2107 imperidmbozperunt

1978 2116 2236 2197 pugnare
2265 2101 2418 2197 inter
2451 2121 2509 2158 se
2540 2121 2710 2175 reges
2742 2106 3101 2169 Francorum
3126 2135 3140 2186 ;
3173 2123 3325 2176 unde
3354 2101 3490 2180 exiit
3513 2129 3601 2184 fa-

1978 2189 2156 2288 main
2189 2189 2436 2288 Cordua,
2471 2197 2528 2246 et
2560 2193 2620 2246 in
2659 2194 2850 2288 A-frice
2904 2203 3027 2257 tota
3072 2204 3401 2279 Cartagine,
3431 2230 3599 2288 cepe-

1978 2280 2116 2330 runt
2141 2293 2377 2349 reagere
2406 2278 2743 2335 Sarracenis
2771 2288 3079 2346 consilium
3107 2278 3387 2366 maligno,
3416 2305 3479 2356 ut
3496 2278 3598 2360 ⁸ι’θο

1978 2380 2162 2459 gnum
2190 2371 2510 2459 usurparet,
2545 2370 2873 2459 etgecclesia
2899 2379 3082 2434 sancti
3105 2382 3257 2437 Petri
3284 2389 3595 2459 expoliare.

1981 2452 2223 2508 Karolus
2249 2455 2362 2527 (99)
2391 2472 2509 2525 rex,
2544 2456 2694 2511 ﬁlius
2729 2458 2965 2519 Loduici
2997 2468 3079 2522 Pii
3109 2469 3262 2526 bone
3285 2452 3570 2535 memorie

1977 2545 2219 2637 propter
2243 2545 2496 2614 quodam
2518 2545 2634 2599 suis
2661 2546 2956 2621 facinoriS,
2987 2557 3143 2627 quod
3173 2576 3328 2616 nunc
3349 2522 3596 2637 δι’-ἓξὲξ.

1977 2630 2084 2694 est,
2108 2633 2439 2686 renuntiato
2470 2649 2652 2704 regno
2683 2634 2956 2694 fratribus
2983 2644 3115 2711 suis,
3149 2645 3209 2700 in
3241 2630 3593 2709 monasterio

1976 2717 2160 2770 sancti
2187 2719 2479 2774 Benedicti
2512 2721 2569 2774 in
2613 2727 2814 2777 monte
2848 2726 3084 2786 Cassino
3130 2741 3325 2792 sancte
3361 2755 3594 2795 conver-

1977 2804 2217 2860 sationis
2244 2807 2428 2861 abitus
2455 2809 2691 2880 accepit.
2726 2811 2910 2869 Tanta
2939 2818 3235 2876 humilitas
3264 2824 3322 2878 in
3354 2842 3421 2881 eo
3453 2843 3590 2882 con-

1975 2892 2144 2946 cessit
2164 2895 2465 2962 Dominus,
2495 2899 2552 2950 ut
2584 2898 2853 2956 omnibus
2881 2904 3154 2962 fratribus
3183 2911 3591 2980 pedibuslava-

1976 2983 2163 3075 ret‘sﬁ,
2199 2987 2260 3035 ut
2291 2983 2440 3036 inter
2470 3001 2673 3038 omnes
2692 2989 2886 3043 minor
2901 3009 2961 3045 se
2989 2997 3230 3062 putabat
3260 3008 3324 3053 δε.
3351 3001 3591 3054 Saxonis

1975 3068 2316 3124 inchoantes
2337 3074 2532 3141 preter
2582 3072 2950 3145 discordiam,
2999 3095 3110 3150 que
3156 3088 3282 3137 erat
3324 3086 3477 3139 inter
3506 3087 3592 3140 Pi-

237 3169 509 3243 quicquid
544 3164 792 3220 civitatis
834 3161 1140 3217 maritime
1176 3154 1615 3243 posite_sunt,ut
1644 3155 1941 3228 Agare-C
1974 3155 2145 3224 pinus
2177 3161 2234 3210 et
2283 3159 2668 3230 Carlomagno
2719 3167 2776 3216 et
2815 3165 3135 3223 Loduicum
3184 3171 3445 3242 regibus;
3481 3173 3589 3226 L0-

236 3261 388 3313 nicos
407 3274 534 3311 non
555 3245 1213 3307 vastarentur.Roma11i
1235 3241 1454 3297 etenim
1472 3241 1876 3310 imposuerunt

233 3347 300 3400 ad
326 3347 698 3416 imperatore
733 3339 1014 3394 Loduicus
1043 3334 1206 3396 Pius,
1245 3330 1397 3383 unde
1448 3330 1730 3382 memoria
1755 3331 1877 3399 ejus

230 3435 551 3507 permanet
573 3446 756 3499 usque
771 3428 828 3481 in
847 3430 1151 3480 eternum.
1171 3420 1500 3488 Imperator
1526 3417 1874 3473 Loduicusin

232 3504 390 3576 tanta
418 3523 608 3574 virtus
638 3518 700 3571 in
728 3516 885 3570 Italia
906 3512 1114 3577 estitit,
1137 3511 1202 3562 ut
1221 3504 1588 3576 sanguinium
1605 3507 1717 3573 (94)
1739 3523 1878 3576 ροη-

230 3611 394 3665 tificis
419 3607 683 3663 Romani
715 3622 747 3658 a
770 3603 996 3674 legibus
1029 3615 1155 3652 non
1184 3593 1462 3667 potuisset
1491 3595 1717 3646 erueret
1743 3595 1873 3664 (95).

231 3700 454 3753 Abebat
469 3700 676 3751 autem
695 3693 752 3747 in
769 3693 982 3765 palatio
1015 3683 1424 3742 Lateranensis
1442 3681 1659 3752 judices
1684 3699 1878 3753 preor-

230 3787 435 3850 dinati,
471 3800 582 3857 per
601 3782 862 3851 singulos
879 3779 1024 3844 dies,
1043 3793 1080 3829 a
1106 3776 1269 3828 locus
1292 3770 1388 3824 ubi
1423 3769 1625 3854 dicitur
1643 3787 1676 3824 a
1698 3771 1873 3842 Lupa,

230 3875 386 3945 quod
415 3878 511 3927 est
545 3874 740 3924 mater
774 3870 1208 3928 Romanorum,
1243 3863 1305 3913 ut
1331 3859 1604 3930 populum
1633 3859 1875 3913 Romani

228 3980 332 4034 per
356 3961 698 4016 districtum
724 3958 1002 4027 placitum
1033 3972 1066 4007 a
1099 3952 1212 4006 dux
1247 3946 1872 4018 Spolitinus,Acipran-

232 4052 373 4104 dum
431 4049 710 4114 nomine,
762 4042 1222 4100 discutiendum.
1263 4036 1523 4091 Pontifex
1572 4036 1874 4106 Gregorius

231 4143 433 4192 sancte
455 4137 616 4191 sedis
645 4126 1273 4204 apostolice,quicquid
1295 4124 1742 4179 aConstantinus
1763 4125 1872 4178 im-

230 4231 476 4297 perator
509 4240 792 4279 concessa
821 4223 1014 4276 fuerat
1062 4212 1457 4272 ascclesiastice
1501 4222 1565 4278 ιο,
1594 4212 1874 4266 Lodoicus

231 4317 571 4388 imperator
602 4311 902 4366 concessit.
933 4303 1352 4362 Monasterium
1370 4301 1550 4355 sancti
1583 4302 1871 4356 Benedicti

227 4404 286 4457 in
321 4407 537 4459 monte
565 4401 792 4455 Cassini
813 4400 871 4452 in
887 4394 1188 4468 provincia
1205 4390 1870 4457 Samnii,monasterium

1975 3243 2197 3340 tbarius
2248 3263 2406 3340 vero,
2450 3247 2547 3340 qui
2605 3254 2838 3340 agustus
2887 3259 2973 3309 est
3025 3258 3364 3328 appellatus,
3407 3274 3591 3329 regno

1975 3332 2134 3428 Italie
2163 3335 2421 3403 regebat.
2456 3335 2693 3428 Sax_onis
2719 3340 2929 3396 cotidie
2956 3344 3292 3413 preliantes,
3322 3346 3474 3418 cepit
3493 3362 3588 3400 ex-

1977 3423 2242 3474 minuare
2274 3438 2520 3492 regnum
2553 3423 2924 3483 Francorum.
2957 3431 3186 3487 Mortuo
3204 3433 3359 3487 idem
3391 3435 3593 3490 Karlo-

1977 3522 2192 3604 magno
2230 3511 2402 3604 (I00),
2436 3510 2684 3566 Saxonia
2733 3513 2790 3568 in
2842 3517 3080 3574 Francia
3131 3520 3396 3592 ingressi,
3437 3521 3590 3578 ferro

1976 3599 2226 3666 igneque
2271 3599 2578 3665 vastantes,
2633 3599 2770 3654 fecit
2822 3604 3058 3676 Pipinus
3091 3607 3246 3678 (IOI)
3277 3627 3375 3665 rex
3405 3611 3590 3667 amica

1977 3698 2310 3774 causa‘cum
2334 3693 2377 3726 53
2402 3684 2674 3740 Saxones.
2693 3688 2810 3744 Lod
2821 3691 2974 3746 uicus
2994 3711 3094 3748 rex
3115 3698 3425 3768 Aquitanie
3440 3699 3589 3774 (102)

1976 3787 2107 3824 cum
2138 3771 2379 3827 Saxonis
2407 3775 3041 3850 pugnabat.quuitanii
3063 3782 3225 3841 inter
3252 3805 3311 3843 se
3342 3771 3587 3845 conveni-

1976 3860 2148 3952 tie—ula
2176 3861 2348 3952 facta.
2384 3863 2547 3952 Unde
2579 3865 2836 3923 ablatum
2870 3875 2956 3924 est
2984 3888 3240 3943 regnum
3277 3879 3586 3952 Aquitanie

1976 3965 2009 4001 a
2039 3950 2293 4013 Francis,
2327 3968 2503 4021 usque
2531 3951 2589 4005 in
2618 3959 2967 4024 priesentem
2995 3959 3175 4017 diem.

2049 4040 2133 4091 26.
2166 4038 2385 4092 Mortuo
2410 4038 2563 4092 idem
2589 4040 2886 4097 Lotharius
2920 4046 3027 4114 (an.
3062 4050 3208 4118 855),
3236 4055 3501 4110 successit
3519 4056 3580 4112 in

1975 4139 2155 4194 regno
2176 4126 2418 4179 Karolus
2451 4127 2612 4193 (103),
2641 4126 2791 4181 ﬁlius
2822 4131 2962 4200 ejus,
2985 4147 3088 4200 pro
3114 4153 3182 4192 eo
3204 4155 3321 4195 non
3338 4143 3583 4200 multum

1975 4215 2201 4281 tempus
2226 4215 2333 4282 (an.
2369 4214 2514 4276 846).
2551 4213 2689 4267 Orta
2718 4219 2804 4268 est
2823 4222 3142 4287 persecutio
3167 4226 3584 4288 Romaniinter

1973 4316 2060 4366 se;
2095 4299 2357 4353 exierunt
2375 4299 2480 4351 viri
2511 4301 2792 4370 scelerati,
2816 4307 2874 4357 et
2897 4305 3117 4375 legatos
3134 4313 3418 4373 miserunt
3438 4335 3581 4376 arex

1973 4389 2306 4458 Babylonio,
2341 4390 2404 4440 ut
2431 4387 2700 4444 venirent
2728 4393 3091 4462 etpossidere
3120 4416 3368 4472 regnum
3400 4409 3578 4466 Italia.

227 4497 429 4546 sancte
469 4491 576 4546 Dei
601 4487 901 4560 genitricis
915 4499 1266 4556 semperque
1297 4479 1528 4550 virginis
1561 4480 1730 4535 Marie
1754 4479 1868 4550 (96)
1891 4494 1942 4552 D
1968 4477 2155 4531 Tanta
2185 4475 2440 4547 denique
2467 4476 2760 4547 Aggareni
2780 4478 2838 4533 in
2862 4480 3022 4536 Italia
3046 4482 3338 4557 ingressia
3369 4493 3580 4553 Centu-

227 4583 284 4635 in
319 4586 540 4635 monte.
577 4577 858 4631 Acutiano
892 4572 1185 4629 territorio
1201 4569 1548 4636 Sabinensis,
1568 4572 1624 4623 et
1643 4584 1873 4622 monas-

230 4671 454 4724 teriam
483 4666 718 4722 domini
747 4663 1044 4719 salvatoris
1076 4659 1366 4715 territorio
1410 4659 1670 4726 Reatino,
1695 4659 1869 4728 juxta

1972 4563 2233 4620 cellensis
2265 4567 2483 4635 portus,
2509 4565 2585 4619 sic
2608 4565 2994 4637 impleverunt
3012 4571 3222 4630 faciem
3241 4581 3413 4650 terre,
3435 4584 3580 4642 sicut

1969 4655 2184 4709 locuste
2219 4654 2376 4708 velut
2393 4656 2650 4724 segetem
2673 4654 2733 4709 in
2748 4670 2976 4728 campo.
2993 4657 3205 4718 Tantos
3228 4665 3406 4724 timor
3422 4670 3579 4728 inva-

1582 4779 1812 4833 VARUE
1848 4774 2139 4831 LECTION
2148 4772 2246 4827 ES.

323 4909 374 4943 ιθ
403 4902 446 4953 ί.
489 4917 538 4952 e.
574 4896 848 4954 ecclesiae.
906 4901 953 4938 ³ο
984 4897 1022 4949 ἰ.
1068 4909 1114 4948 e.
1147 4887 1572 4963 superscriptis.
1646 4897 1688 4930 δι
1732 4890 1769 4942 i.
1811 4904 1856 4940 e.
1893 4901 2032 4942 non.
2099 4891 2143 4924 ⁵³
2173 4882 2353 4953 primo
2392 4880 2676 4936 lavaretur
2715 4888 2765 4938 et
2818 4884 3102 4956 putabant
3139 4890 3400 4962 eerq'ptum
3441 4906 3576 4962 erat.

230 4980 268 5015 ιθ
296 4990 408 5029 vox
447 4972 534 5029 bis
563 4971 782 5043 scripta.

1806 5044 2030 5109 ΝΟΊῈ.

230 5169 503 5224 millium
535 5165 756 5230 scribit,
1245 5228 1278 5230 η
1517 5227 1532 5230 _
1605 5229 1609 5230 ν
2178 5145 2363 5230 Farfa.

822 5230 1146 5312 minime
1156 5228 1382 5312 Italiam
1402 5227 1722 5312 profectum
1736 5241 1857 5305 esse
2176 5220 2388 5312 Eusseln
2411 5215 2439 5270 ‘2

225 5283 1565 5377 convelatJTa‘d'Ludo—viduli;Lllrimperatdrem,
1602 5295 1857 5352 Lotharii
2176 5287 2487 5377 timbilicus
2514 5283 2541 5340 ‘7

228 5363 449 5448 ﬁli—uiri,
491 5363 621 5434 bzec
651 5377 941 5449 pertinere
973 5363 1255 5449 videntur.
1429 5440 1439 5449 ε
1552 5363 1560 5367 ⁷
1622 5446 1630 5449 _
1687 5438 1724 5449 Η
1799 5444 1807 5449 Α
2040 5363 2372 5449 (ἐξὲλδμεῳ.

301 5438 448 5533 (93):
476 5451 550 5533 Id
592 5438 680 5533 est
718 5447 984 5533 Qatabraz,
1039 5445 1233 5499 littera
1260 5459 1284 5496 ε
1319 5440 1472 5496 vocis
1515 5438 1865 5495 custodientes

226 5519 503 5597 repetita
533 5519 852 5591 (calaoria).
960 5591 968 5599 _

297 5599 427 5670 (94)
565 5597 654 5670 est
676 5603 1143 5670 consensi-timeam.

295 5655 427 5741 (95)
460 5664 556 5720 cr.
579 5667 734 5718 Ann.
762 5655 1002 5718 Lauriss.
1033 5675 1130 5715 an.
1156 5655 1283 5713 8-23.

2041 5428 2190 5500 (100)
2222 5428 2504 5485 Ludovico
2532 5428 2656 5483 Pio.

2030 5505 2178 5573 (101)
2218 5500 2539 5573 Lotharius.

2069 5573 2186 5629 102)
2217 5569 2560 5627 Germania).

2069 5577 2168 5629 102
2217 5573 2560 5627 Germania).

2041 5573 2187 5718 (103)
2218 5639 2530 5698 Ludovicus
2569 5640 2639 5694 II.
