3986 6170
394 473 459 526 39
1516 461 1650 515 BEN
1658 460 1853 515 EDICT
1854 461 1877 513 Ι
1916 460 1973 514 S.

2099 458 2307 515 DREAS
2335 456 2645 515 MONACHI
3626 462 3695 517 4-0

388 588 465 645 sit
491 587 811 653 Ramnes,
834 584 901 640 ut
925 582 1113 639 nullos
1142 582 1306 636 extra
1332 581 1528 651 portas
1559 579 1789 651 egredi;
1824 580 1988 635 obse—
2009 586 2066 646 Α
2092 580 2442 652 fossatagine
2465 594 2583 635 non
2615 580 2788 651 longe
2812 578 2886 634 ab
2908 592 3061 647 areo,
3092 579 3302 637 levavit
3329 596 3536 637 manus
3566 597 3695 636 suas

381 676 514 733 dita
535 676 621 731 est
648 674 853 741 Roma,
899 674 958 726 et
996 670 1195 728 civitas
1228 668 1519 725 Leoniana
1564 682 1907 739 appreensa,
1936 670 1994 722 et

393 762 634 823 ecclesia
656 761 839 819 sancti
864 759 1017 816 Petri
1037 761 1205 831 capta
1231 761 1290 813 et
1316 756 1622 829 expoliata,
1651 759 1710 810 et
1733 772 1836 828 per
1866 772 1992 812 mo-

390 852 645 909 nasteria
663 851 842 925 ipsius
852 847 1105 906 accclesie
1121 863 1316 919 aequos
1326 860 1530 900 eorum
1546 847 1697 900 stare
1714 845 1989 915 precepit.

387 940 567 997 Versa
591 942 676 995 est
719 940 909 995 mater
957 935 1224 993 omnium
1263 932 1635 989 ecclesiarum
1670 932 1732 987 in
1781 947 1993 1004 oppro-

387 1028 605 1096 brium,
634 1030 693 1084 et
723 1024 915 1082 omnis
941 1025 1151 1081 decore
1184 1038 1285 1079 suo
1318 1021 1692 1076 abstractum.
1716 1020 1993 1075 Veniente

376 1117 542 1189 juxta
555 1118 741 1174 altare
756 1113 987 1171 barbari
1001 1112 1126 1184 giro
1148 1111 1245 1166 bal
1256 1111 1443 1165 lantes
1455 1109 1992 1180 manibus.Arrepto

388 1222 539 1264 unm
560 1223 628 1261 ex
651 1204 735 1260 illi
760 1203 1026 1268 lanciola,
1064 1201 1124 1255 in
1153 1203 1385 1272 pectore
1420 1199 1644 1252 vultum
1673 1196 1907 1252 Domini
1934 1196 1992 1250 in

386 1294 589 1351 absida
608 1293 901 1365 depictum
926 1305 1126 1345 musco
1139 1297 1330 1355 “,non
1346 1290 1576 1342 tantum
1594 1303 1793 1341 musco
1814 1286 1996 1341 dirru-

387 1383 497 1456 pit,
521 1399 722 1440 verum
753 1380 930 1435 etiam
968 1378 1216 1433 materie
1246 1375 1622 1432 confectionis
1656 1375 1989 1430 transfudit.

391 1472 552 1544 Cepit
581 1485 856 1525 emanere
886 1467 1136 1538 sanguis,
1170 1466 1315 1521 sicut
1342 1465 1522 1520 homo
1552 1464 1705 1519 vivus
1717 1464 1914 1519 fuisset
1933 1463 1993 1517 in

382 1576 629 1632 corpore
649 1576 665 1626 ;
692 1558 845 1613 unde
864 1556 923 1611 in
935 1560 1202 1611 eternum
1215 1556 1541 1627 permanet.
1555 1554 1829 1632 Aparatio
1849 1554 1898 1624 ej
1906 1570 1990 1621 us,

386 1653 452 1705 ut
481 1630 740 1720 superius
772 1645 1043 1715 diximus,
1070 1645 1357 1699 destructe
1390 1630 1595 1698 cuncte
1626 1641 1994 1698 monasteria:

389 1738 535 1809 ejus,
562 1740 623 1791 et
670 1734 1044 1791 ecclesiarum
1094 1731 1387 1798 omnibus,
1418 1731 1613 1785 civitas
1653 1730 1945 1785 Leoniana
1976 1748 1990 1798 ;

382 1826 538 1881 facta
566 1827 653 1881 est
679 1822 877 1878 Tuscie
915 1820 1213 1892 provincia
1245 1819 1522 1887 desolata,
1556 1821 1614 1873 et
1643 1818 1895 1873 civitates
1927 1818 1985 1872 in

2093 674 2297 725 contra
2340 667 2590 736 Francis,
2634 671 2695 722 ut
2742 668 2973 724 Francis
3010 669 3285 738 videntes,
3317 674 3473 726 retro
3519 671 3697 742 pedes

2092 760 2224 829 post
2251 775 2309 813 se
2332 766 2399 811 εδ.
2427 757 2911 829 Aggarenisinter
2927 774 2987 812 se
3017 757 3327 828 irritantes,
3348 759 3612 815 exierunt
3626 758 3698 812 de

2093 846 2288 901 civitas
2320 846 2631 913 Leoniana,
2662 847 2810 901 etde
2840 846 3079 902 ecclesia
3102 847 3378 920 principis
3405 848 3698 921 apostolo-

2094 951 2245 1001 rum,
2274 936 2567 989 irruerunt
2612 951 2782 1006 super
2820 936 3101 1005 Francos;
3145 936 3371 1008 quantis
3408 934 3700 992 interfecti

2094 1026 2246 1089 sunt,
2280 1023 2468 1078 nullus
2496 1023 2685 1093 potuit
2713 1024 3188 1093 numerari(lO7).
3211 1024 3393 1090 Quido
3416 1024 3704 1079 marchio-

2094 1128 2196 1166 nes
2220 1115 2276 1166 et
2301 1112 2629 1167 Romanum
2657 1114 2935 1185 populum
2967 1116 3206 1184 posteos
3234 1113 3702 1169 interﬁciendum

2093 1203 2151 1254 et
2177 1200 2468 1271 Aggareni
2484 1201 2889 1257 antecedentes
2914 1205 2973 1256 et
2986 1201 3290 1273 fugientes,
3312 1201 3505 1273 sicque
3523 1216 3699 1255 vene-

2093 1291 2231 1342 runt
2254 1304 2289 1342 a
2318 1288 2761 1345 Centucellensis
2780 1292 3014 1361 portus;
3043 1293 3445 1345 verumtamen
3472 1287 3705 1343 decima

2094 1379 2287 1447 partes
2309 1393 2378 1430 ex
2407 1376 2486 1430 eis
2517 1394 2638 1431 non
2653 1378 2954 1434 remansit.
2976 1379 3038 1432 In
3061 1394 3204 1434 nave
3238 1376 3485 1432 ascensis
3503 1377 3699 1447 Agge-

2095 1464 2271 1531 renis,
2302 1481 2433 1519 cum
2465 1465 2653 1520 omnis
2678 1466 2884 1521 decore
2916 1466 3169 1521 aecclesie
3200 1468 3396 1520 sancte
3427 1463 3489 1518 in
3516 1462 3701 1518 mari—

2092 1550 2335 1624 ingressi
2361 1556 2511 1607 sunt.
2547 1552 2730 1616 Quido
2758 1553 3122 1609 marchiones
3142 1569 3275 1607 cum
3303 1568 3406 1606 suo
3420 1550 3703 1606 comitatu

2096 1640 2378 1695 Loduicus
2420 1659 2518 1696 rex
2562 1658 2695 1696 cum
2745 1646 2993 1714 quantos
3024 1642 3255 1697 Francis
3305 1642 3585 1706 evaserat,
3638 1637 3702 1692 in

2096 1728 2279 1783 Roma
2307 1734 2441 1785 sunt
2468 1730 2699 1785 reversi.
2734 1732 2976 1802 Propter
2992 1731 3101 1785 hoc
3131 1729 3329 1802 populi
3360 1727 3607 1783 Roman]
3638 1726 3703 1781 in

2095 1816 2382 1871 derisione
2399 1816 2682 1871 abuerunt
2697 1803 3102 1887 Franci,usque
3119 1816 3177 1870 in
3194 1815 3502 1871 odiernum
3519 1814 3700 1869 diem.

388 1912 789 1987 opprobrium,
823 1891 1071 1965 Romani
1125 1908 1329 1963 afﬂicti
1363 1924 1592 1962 merere
1630 1907 1989 1979 apostolicus.
2016 1891 2067 1950 Β
2097 1903 2281 1966 Quido
2309 1904 2643 1959 marchione
2664 1908 2897 1975 accepta
2915 1905 3070 1959 dona
3097 1902 3474 1976 ampliissima
3502 1905 3561 1956 et
3574 1918 3706 1973 gra-

385 2000 693 2074 Gregm'ius
719 1999 864 2071 (104)
902 1998 1071 2068 hujus
1086 1995 1436 2068 :apostolicis
1476 1995 1627 2051 sedis
1651 1999 1996 2049 successerat

386 2089 505 2163 (an.
514 2086 952 2159 8&7)inspiratus
970 2084 1207 2139 ﬂamine
1219 2086 1417 2137 sancto
1426 2082 1656 2149 ,cotidie
1668 2082 1998 2137 confortan-

386 2181 473 2232 tes
488 2177 701 2249 populo
722 2171 1060 2239 Romanoin
1077 2170 1283 2225 virtute
1296 2169 1513 2242 Spiritu
1534 2170 1799 2236 sancti,et
1819 2170 1998 2225 consi-

386 2265 464 2321 lio
481 2260 1057 2333 inierunt,quomodo
1082 2259 1232 2312 Deus
1253 2257 1625 2329 omnipotens
1636 2257 1891 2312 auferret
1920 2257 1997 2311 fe-

387 2369 482 2409 ras
528 2351 795 2406 nationes
817 2349 1224 2412 barbarorum,
1260 2348 1318 2399 et
1343 2345 1581 2399 ecclesia
1621 2345 1801 2399 sancti
1844 2346 1996 2400 Petri

389 2439 654 2511 apostoli,
676 2436 774 2510 qui
792 2438 877 2491 est
891 2436 1063 2507 caput
1075 2433 1339 2490 omnium
1354 2432 1723 2487 ecclesiarum
1736 2473 1750 2500 ,
1765 2449 1799 2487 a
1821 2434 1994 2505 pesti-

387 2530 540 2585 feras
567 2527 771 2598 gentes
818 2525 1066 2578 erueret.
1116 2520 1358 2576 Nuntius
1403 2520 1607 2575 missus
1637 2537 1672 2575 a
1719 2521 1998 2576 Loduicus

386 2632 489 2673 rex
506 2620 617 2680 (an.
652 2613 800 2684 816},
840 2612 991 2665 ﬁlius
1023 2608 1262 2664 Loduici
1293 2608 1444 2681 (105)
1477 2608 1570 2679 pie
1599 2609 1904 2671 memorie,
1938 2615 1998 2663 ut

389 2704 612 2760 veniret
640 2704 700 2756 et
729 2699 1068 2755 defenderet
1098 2696 1337 2751 ecclesia
1365 2697 1545 2751 sancti
1591 2697 1767 2759 Petri,
1798 2701 1855 2751 et
1884 2698 1994 2752 Ro-

393 2808 638 2848 manum
670 2804 939 2861 regnum.
964 2787 1038 2841 Ut
1062 2786 1227 2841 sicuti
1258 2803 1293 2840 a
1323 2785 1546 2856 Pipino,
1575 2790 1632 2840 et
1651 2787 1998 2849 aKarulo,ct

395 2880 682 2937 Loduicus
712 2881 879 2948 pater
908 2876 1030 2946 ejus
1058 2875 1421 2946 triumphum
1460 2874 1707 2929 victoriae
1745 2892 1994 2947 regnum

390 2969 569 3023 Italic“
581 2966 863 3031 erexerat,
894 2964 976 3019 ita
993 2964 1182 3034 etipse
1202 2977 1449 3033 regnum
1466 2963 1794 3017 Romanum
1812 2962 1871 3017 in
1884 2962 1995 3016 suis

396 3053 910 3128 pollicitationibus
968 3051 1279 3123 optineret.
1324 3050 1449 3103 Non
1495 3050 1706 3104 diutius
1739 3054 1996 3105 moratus

394 3136 676 3201 Loduicus
701 3156 988 3210 rex,:cum
1029 3140 1257 3194 Francis
1287 3156 1321 3193 a
1354 3140 1537 3194 Roma
1568 3140 1836 3211 perrexit.
1868 3142 1999 3195 Gre-

397 3232 594 3305 gorius
622 3247 773 3304 papa
801 3230 1023 3301 legatos
1046 3227 1203 3283 misit
1247 3244 1281 3280 a
1331 3226 1514 3290 Quido
1545 3228 1904 3295 marchione,
1938 3233 2000 3284 ut

394 3320 621 3377 veniret
663 3321 724 3373 et
766 3318 1123 3372 succurreret
1168 3313 1411 3368 civitatis
1456 3315 1717 3370 Romane
1765 3319 1998 3371 ecclesie

398 3412 616 3473 sancte,
642 3422 749 3478 pro
771 3405 931 3476 cujus
955 3419 1154 3459 amore
1169 3401 1448 3456 Dominus
1462 3403 1807 3472 sanguinem
1832 3422 2001 3459 suum
2022 3385 2068 3444 C

398 3496 581 3550 fudit:
613 3498 673 3548 et
697 3493 852 3547 dona
878 3490 1231 3561 amplissima
1250 3490 1811 3561 reciperet.Perrexit
1827 3491 2002 3562 igitur

398 3580 662 3640 marchio
692 3579 879 3644 Quido
910 3595 1042 3633 cum
1076 3577 1517 3633 omniexarcatu
1540 3579 1729 3648 gentis
1742 3596 1839 3634 sue
1862 3582 2001 3634 Lan-

397 3670 798 3744 gobardorum
822 3667 881 3722 in
904 3666 1110 3722 urbem
1135 3667 1381 3720 Romam
1411 3665 1675 3737 ingressi,
1726 3674 2002 3738 ceperunt

395 3775 597 3833 pugna
618 3755 900 3827 inciperet
932 3771 965 3809 a
989 3757 1195 3825 pontes
1214 3754 1395 3808 sancti
1426 3754 1600 3821 Petri,
1645 3758 1702 3809 et
1743 3772 1777 3810 a
1806 3758 2002 3827 portas

380 3848 586 3904 -Sassie
608 3846 805 3902 civitas
827 3844 1118 3899 Leoniana
1147 3842 1344 3897 multis
1386 3843 1768 3898 barbarorum
1813 3846 2001 3917 gentis

396 3934 687 3992 interfecti
702 3938 855 4002 sunt,
870 3948 975 4003 per
993 3931 1199 3985 virtute
1229 3931 1408 3986 sancti
1431 3932 1585 3986 Petri
1611 3949 1625 4000 ;
1648 3935 1707 3987 et
1729 3934 2002 4005 pestifera

398 4026 589 4097 gentis
615 4024 771 4079 inter
795 4039 856 4077 se
904 4021 1158 4078 dicentes
1187 4038 1201 4076 :
1238 4042 1267 4070 «
1302 4020 1445 4084 Quia
1486 4020 1732 4076 vidimus
1769 4024 2002 4093 sanguis

2096 1993 2206 2046 tias
2237 1993 2567 2046 Romanum
2593 1994 2897 2063 populum,
2932 1992 2989 2047 in
3017 1995 3253 2065 propria
3293 1995 3379 2046 est
3411 2008 3695 2047 reversus.

2097 2079 2376 2134 Loduicus
2422 2096 2521 2133 rex
2549 2079 2607 2132 in
2651 2080 2827 2151 Papia
2875 2080 3068 2135 civitas
3108 2081 3418 2152 ingressus,
3450 2093 3703 2150 regnum

2097 2167 2429 2222 fraudatum
2459 2184 2493 2221 a
2521 2169 2730 2223 Karulo
2764 2171 2968 2240 neptus
2996 2169 3118 2239 ejus
3153 2169 3262 2240 (an.
3287 2168 3434 2238 875).

2169 2260 2257 2313 27.
2291 2256 2536 2311 Romani
2559 2258 2687 2326 plus
2702 2257 2886 2329 magis
2897 2257 3294 2312 fraudulenter
3313 2272 3378 2312 eo
3386 2259 3514 2311 ntra
3530 2256 3708 2311 Fran-

2098 2359 2195 2398 eos
2226 2344 2507 2398 miserunt
2532 2333 2852 2416 legationes
2902 2362 2938 2400 a
2975 2347 3264 2414 Palarmo,
3300 2348 3358 2400 et
3391 2345 3605 2412 Africe,
3640 2347 3709 2399 ut

2097 2432 2362 2487 venirent
2392 2436 2448 2486 et
2459 2435 2823 2503 possiderent
2848 2434 3040 2489 Italico
3057 2452 3258 2506 regno.
3271 2435 3429 2489 Tunc
3440 2433 3712 2489 exierunt

2097 2521 2419 2591 Aggarenis
2444 2537 2590 2593 gens
2621 2522 2783 2593 quasi
2811 2518 3001 2589 situle,
3035 2527 3092 2577 et
3120 2525 3499 2595 properantes
3527 2538 3708 2577 vene-

2096 2612 2233 2663 runt
2253 2610 2326 2664 ad
2340 2611 2610 2679 Amalvis,
2631 2616 2690 2666 et
2700 2614 3063 2683 repleverunt
3084 2612 3347 2668 Calabria
3360 2611 3712 2683 superiores,

2098 2697 2365 2753 veniente
2391 2700 2464 2753 ad
2492 2700 2730 2754 fluvium
2776 2700 2873 2772 qui
2906 2701 3116 2756 dicitur
3155 2701 3489 2772 Garinganu
3522 2701 3711 2769 (l08),

2098 2787 2609 2858 apprehenderunt
2624 2792 2830 2857 turres,
2847 2794 2904 2844 et
2913 2790 3065 2846 facta
3083 2793 3169 2844 est
3182 2806 3387 2845 eorum
3397 2788 3713 2855 habitatio,

2103 2874 2393 2945 Ceperunt
2404 2879 2527 2931 tota
2546 2876 2866 2947 Campania
2888 2878 3067 2942 ferro,
3088 2878 3225 2950 igne
3238 2880 3463 2933 vastare
3488 2895 3503 2945 ;
3530 2876 3710 2931 terri-

2100 2962 2247 3016 torio
2281 2963 2571 3031 Ciculano,
2590 2967 2647 3018 et
2673 2965 3016 3032 Savinensis,
3035 2969 3095 3019 et
3123 2966 3318 3020 civitas
3335 2964 3710 3030 Narnienses,

2099 3053 2157 3104 et
2186 3051 2379 3106 civitas
2409 3051 2644 3120 Ortana,
2678 3057 2733 3107 et
2753 3053 2949 3109 civitas
2966 3054 3274 3124 Nepisima,
3298 3053 3359 3109 in
3386 3053 3498 3108 suis
3519 3054 3715 3108 domi-

2099 3139 2209 3193 niis
2237 3140 2466 3196 redacte
2495 3146 2645 3197 sunt.
2675 3144 2918 3214 PrOpter
2938 3144 3046 3198 hoc
3071 3143 3319 3214 amplius
3338 3159 3437 3198 rex
3459 3143 3713 3197 Franco-

2100 3244 2231 3282 rum
2245 3229 2302 3282 in
2321 3228 2482 3283 ltalia
2498 3246 2615 3284 non
2638 3231 2899 3302 regnavit
2917 3248 3095 3303 usque
3118 3250 3152 3286 a
3167 3235 3498 3303 presentem
3519 3231 3708 3286 diem.

2101 3317 2510 3388 Regnaverunt
2531 3320 2850 3390 Aggarenis
2876 3319 2935 3374 in
2958 3319 3222 3375 Romano
3245 3336 3423 3391 regno
3441 3320 3581 3376 anni
3606 3319 3717 3373 tri-

2103 3405 2295 3476 ginta;
2318 3407 2552 3461 redacta
2569 3412 2653 3462 est
2675 3412 2827 3462 terra
2842 3409 2901 3462 in
2924 3409 3252 3476 solitudine,
3280 3413 3340 3464 ct
3355 3407 3720 3464 monasteria

2103 3496 2297 3548 sancte
2323 3494 2444 3548 sine
2487 3496 2703 3549 laudes.
2746 3497 3159 3551 Verumtamen
3207 3502 3445 3568 propter
3472 3498 3719 3568 peccata

2101 3581 2318 3653 populi.
2352 3581 2508 3636 Sicut
2530 3583 2806 3654 scriptum
2823 3590 2907 3639 est
2930 3601 2943 3638 :
2970 3606 2999 3633 «
3024 3587 3103 3640 De
3126 3586 3248 3639 celo
3280 3584 3567 3656 prospexit
3598 3585 3721 3638 Do-

2102 3669 2296 3723 minus
2323 3686 2495 3741 super
2534 3671 2680 3725 filios
2726 3671 3036 3727 hominum
3071 3689 3276 3727 omnes
3314 3673 3410 3744 qui
3439 3671 3723 3728 habitant

2101 3758 2367 3815 horbem.
2400 3758 2481 3812 De
2511 3760 2841 3831 preparatio
2860 3760 3188 3814 habitacula
3212 3776 3312 3814 suo
3337 3759 3507 3825 (Psal.
3531 3775 3716 3826 xxxu,

2106 3845 2209 3915 l3).
2245 3867 2273 3894 »
2301 3846 2407 3910 Qui
2439 3847 2698 3917 superius
2721 3847 2998 3915 dixemus,
3026 3864 3131 3919 per
3156 3848 3437 3903 curricula
3463 3848 3723 3918 triginta

2112 3950 2401 3989 annorum
2429 3940 2806 4005 usurpantem
2820 3937 3071 4007 Agareni
3094 3937 3320 3991 Roman
3328 3953 3428 3991 um
3441 3953 3627 4009 regnu
3637 3953 3703 3991 m

2104 4023 2211 4092 (an,
2244 4025 2497 4078 904-911.
2526 4025 2593 4076 Et
2622 4024 2680 4078 in
2712 4041 2940 4080 summa
2962 4025 3112 4081 sedis
3151 4034 3196 4067 57
3241 4029 3438 4080 sancte
3470 4029 3717 4099 aposto-

398 4111 540 4169 deus
567 4110 1015 4167 christianorum
1045 4110 1056 4164 l
1092 4131 1122 4160 »
1149 4111 1317 4165 Facta
1337 4112 1423 4165 est
1444 4109 1720 4183 dispersio
1748 4114 1999 4184 Agareni
2096 4111 2203 4165 lice
2229 4116 2460 4182 preerat
2473 4111 2706 4183 Sergius
2728 4130 2879 4185 papa
2913 4114 3135 4172 tertius.
3155 4114 3326 4185 Cujus
3338 4114 3717 4185 temporibus

399 4204 459 4255 et
482 4201 597 4256 dux
626 4216 854 4268 eorum,
880 4203 938 4254 et
953 4198 1364 4254 mollieruntin
1384 4216 1441 4253 se
1459 4199 1594 4270 ipsis
1619 4208 1684 4253 διε.
1720 4201 1998 4256 Loduicus
2099 4199 2265 4252 ruina
2294 4216 2507 4270 magna
2535 4201 2761 4254 concuti
2783 4202 2841 4255 in
2866 4202 3102 4257 ecclesia
3113 4202 3461 4274 patriarchio
3476 4202 3721 4258 Latera-

396 4304 498 4344 rex
527 4288 686 4343 venit
710 4286 954 4342 ostiliter
989 4304 1166 4359 usque
1218 4287 1293 4341 ad
1322 4290 1552 4342 montes
1586 4289 1793 4343 Malum
1822 4288 1993 4361 (106),
2103 4286 2296 4341 nensis
2324 4288 2505 4343 sancti
2546 4289 2845 4353 Johannis,
2888 4290 2985 4362 qui
3014 4291 3337 4363 appellatur
3369 4290 3712 4346 Constanti-

397 4376 539 4432 hubi
571 4373 908 4447 est:eecle'sia
928 4375 1108 4430 sancti
1128 4374 1458 4443 Clementis,
1488 4376 1790 4448 conspexit
1808 4379 2000 4432 multi-
2100 4375 2742 4439 niana,afundamentis
2762 4382 2847 4433 est
2858 4384 3030 4451 rupta
3054 4397 3066 4447 ;
3088 4380 3183 4452 qui
3205 4396 3338 4435 mox
3355 4378 3717 4452 apostolicus

399 4464 541 4520 tudo
571 4477 798 4529 eorum,
831 4462 1145 4517 formidare
1181 4462 1333 4532 cepit
1378 4479 1477 4518 eor
1520 4466 1661 4535 ejus,
1705 4466 1839 4536 quia
1877 4483 1997 4521 non
2024 4454 2078 4513 D
2099 4463 2329 4536 Sergius
2354 4466 3457 4538 meliesquerenovavitafundamentis;
3484 4471 3721 4539 quanta

378 4554 527 4617 erat
554 4567 654 4607 cor
682 4550 808 4620 ejus
861 4549 1007 4605 sicut
1061 4552 1227 4620 pater
1282 4550 1421 4621 ejus.
1473 4553 1697 4625 lmpetu
1738 4553 1998 4609 fecerunt
2099 4552 2340 4608 donaria
2367 4553 2425 4608 in
2460 4570 2526 4609 oc
2548 4556 2898 4627 patriarchio
2924 4557 3131 4629 optulit
3156 4558 3215 4611 in
3240 4557 3416 4630 ipsius
3443 4556 3717 4627 basilice,

396 4639 601 4696 Franci
655 4642 713 4693 et
767 4636 1188 4693 concinnerunt
1241 4638 1398 4705 tuba,
1441 4642 1499 4692 et
1527 4640 1678 4695 facta
1722 4645 1807 4696 est
1834 4659 1998 4698 voces
2099 4657 2134 4694 a
2163 4642 2386 4697 duobus
2414 4644 2689 4699 lateribus
2711 4647 2845 4700 ante
2868 4647 3049 4701 altare
3084 4689 3099 4718 ,
3124 4646 3185 4702 in
3201 4646 3424 4718 picture
3451 4661 3719 4702 renova-

374 4743 605 4785 -eorum
638 4728 699 4782 et
725 4726 861 4781 tuba
905 4725 1052 4781 sicut
1078 4725 1422 4795 tonitruum,
1454 4727 1706 4785 maxime
1735 4747 1996 4786 rumores
2096 4728 2272 4785 tionis
2299 4731 2574 4803 scriptum
2604 4736 2709 4787 est.

400 4816 597 4873 civitas
649 4815 931 4891 Ilomane,
956 4818 1014 4868 et
1057 4830 1221 4869 voces
1270 4814 1657 4871 ecclesiarum.
1706 4818 2002 4877 Venerunt
2171 4821 2347 4876 28.1n
2379 4820 2891 4893 Langobardorum
2913 4842 3058 4897 gens
3082 4825 3327 4881 civitatis
3346 4825 3536 4880 Ticine
3566 4843 3725 4897 pre-

396 4905 627 4960 Francis
661 4903 735 4989 ad
764 4919 928 4989 arcus
951 4901 1048 4974 qui
1079 4901 1287 4957 dicitur
1310 4902 1638 4989 Militorum;
1657 4907 1783 4978 quis
1812 4909 2000 4979 potuit
2102 4912 2227 4964 erat
2248 4910 2613 4978 rex,nomine
2636 4911 3006 4985 Quido,cujus
3022 4913 3723 4989 temporibusredactum

368 4985 809 5051 'numerari'illa
834 4989 1126 5047 tribulatio
1158 4990 1186 5045 ?
1216 4985 1495 5047 Loduicus
1512 5009 1612 5047 rex
1655 4995 1923 5052 veniente
1967 5016 2001 5052 a
2103 4998 2189 5055 est
2216 5016 2464 5072 regnum
2496 5002 3012 5073 Langobardorum
3048 4985 3518 5079 sue—potestative
3541 5005 3731 5076 regie

1720 5140 1949 5197 νΑΙωΕ
1990 5143 2392 5201 LECTIONES.

468 5281 513 5315 ιι
550 5273 590 5326 ί,
614 5287 662 5326 ε,
693 5265 937 5325 musivo.
992 5273 1038 5308 δι
1063 5264 1148 5321 hic
1168 5263 1408 5322 distinxi.
1462 5274 1509 5309 δα
1532 5265 1805 5325 distinctio
1833 5268 1972 5325 deest
2000 5273 2058 5327 in
2084 5272 2279 5330 codice.
2337 5280 2385 5318 ετ
2410 5274 2572 5332 sedes
2604 5290 2746 5334 corr.
2775 5276 2928 5335 sedis
2952 5295 2999 5333 c.

1935 5408 2158 5467 NOTIE.

2168 5549 2321 5679 (1072
2341 5553 2606 5610 Ludovici
2644 5555 2870 5638 cladem
2898 5555 3077 5611 refert
3108 5556 3167 5612 et
3207 5550 3556 5612 Prudentius
3606 5567 3722 5609 an.

2168 5625 2225 5679 ‘6.
2257 5641 2289 5679 e
2341 5625 2553 5679 Chron.
2586 5626 2917 5679 Casmense.

2100 5623 2225 5691 846,
2257 5623 2316 5679 et
2341 5625 2553 5682 Chron.
2586 5626 2917 5685 Casinense.

491 5545 613 5614 104)
644 5543 758 5599 Leo
789 5541 877 5598 Iv.

465 5544 613 5760 ξω)
644 5544 758 5599 Leo
789 5544 897 5624 1V3.
1031 5568 1040 5576 -
2168 5549 2321 5679 (1072
2341 5553 2606 5610 Ludovici
2644 5572 2665 5610 ε

496 5617 623 5759 105;
646 5615 924 5671 Lotharn.
984 5683 995 5695 _
2100 5623 2225 5691 846,
2257 5641 2289 5679 e
2341 5625 2553 5709 Chron.
2586 5626 2665 5681 Ca

502 5688 600 5743 l06
647 5686 836 5743 Monte
862 5684 1064 5741 Mal'm-
1302 5746 1309 5752 .
2170 5692 2665 5770 (l08)Gar1hanus.

496 5612 623 5672 105V)
646 5612 924 5671 Lotharii.

502 5619 595 5672 105
646 5617 924 5671 Lotharii.

502 5617 623 5759 l06;
647 5686 836 5743 Monte
862 5683 1064 5741 Mario.
