4018 6170
244 412 291 465 tl
1622 378 2039 451 cnnoNICON.
3435 409 3507 463 42

240 535 483 606 potestate
507 532 610 601 (an.
639 527 912 596 888.894).
937 524 1087 580 Fecit
1117 522 1276 579 idem
1303 521 1485 588 Quido
1505 521 1792 595 synodum
1814 524 1869 582 Α
1898 520 2096 578 odium
2111 538 2176 577 ex
2192 522 2314 577 rixa
2342 522 2493 578 inter
2512 523 2803 581 Romanos
2816 528 2874 580 et
2898 526 3179 595 marchio,
3198 532 3263 584 ut
3291 546 3411 586 non
3446 531 3506 586 in

240 641 352 678 cum
371 618 646 691 episcopis,
664 621 723 672 et
750 616 1072 682 abbatibus,
1092 617 1302 669 etcum
1330 612 1617 679 ﬁdelibus,
1644 611 1792 665 Lan-

240 709 474 784 gobardis
498 707 754 778 capitulis
774 705 939 775 legis,
954 707 1011 757 et
1031 704 1090 757 in
1119 702 1317 757 edictis
1344 699 1497 774 aﬂigi
1516 699 1793 772 precepit.

243 800 384 869 Cujus
409 796 752 867 temporibus
780 796 951 849 horta
982 795 1066 848 est
1104 791 1350 846 intentio
1391 790 1541 845 inter
1570 789 1798 861 Lango-

240 887 414 942 bardos
425 887 479 939 et
493 886 738 940 Francos
753 885 823 938 de
835 881 1210 955 regnojltalie;
1230 882 1556 935 clauserunt
1567 878 1798 949 Lango-

242 976 374 1031 bardi
390 976 577 1041 clusas,
591 977 648 1028 et
667 972 1061 1028 custodierunt
1073 970 1157 1025 vie
1181 969 1512 1024 Galliarum.

296 1068 372 1118 '29.
403 1063 541 1119 Obiit
581 1062 811 1134 Sergius
864 1077 1016 1133 papa
1058 1076 1248 1114 nonus
1299 1057 1586 1113 Kalendas
1630 1057 1801 1111 Maias

236 1159 330 1225 (an.
362 1156 472 1220 913,
504 1153 642 1217 οδω
689 1154 818 1219 914,
861 1148 1049 1223 Apr.).
1098 1148 1376 1203 Successit
1424 1147 1483 1201 in
1522 1148 1647 1202 loco
1680 1146 1800 1216 ejus

238 1244 401 1298 laudo
428 1242 560 1313 (109)
582 1241 821 1296 natione
843 1238 1223 1307 Saviniensis;
1257 1236 1402 1292 sedit
1433 1236 1492 1290 in
1520 1235 1799 1291 cathedra

238 1334 396 1386 sancte
422 1329 566 1385 sedis
597 1328 908 1401 apostolice
942 1343 1168 1383 menses
1209 1342 1337 1394 sex;
1374 1324 1535 1381 obiit.
1570 1326 1632 1378 In
1670 1322 1797 1379 loco

238 1423 333 1492 ejus
350 1420 596 1475 successit
623 1419 930 1474 Formosus
950 1419 1117 1489 (110).
1151 1414 1463 1472 Reuovavit
1489 1415 1800 1470 Formosus

238 1527 355 1583 papa
374 1510 621 1565 azcclesia
644 1507 920 1581 principis
947 1509 1340 1580 apostolorum
1372 1506 1548 1573 Petri,
1576 1505 1798 1577 picture

239 1604 361 1667 tota;
405 1602 619 1671 quanta
648 1602 706 1653 et
752 1598 944 1670 qualia
969 1596 1212 1652 intentio
1244 1596 1396 1651 inter
1423 1596 1713 1650 Romanos
1744 1596 1800 1647 et

237 1688 496 1743 Formosus
512 1704 688 1760 papa,
702 1686 878 1742 modo
905 1689 1217 1741 taceamus.
1237 1685 1389 1741 Obiit
1410 1684 1638 1739 hisdem
1666 1682 1801 1737 For-

237 1794 421 1844 mosus;
452 1777 509 1831 in
564 1778 695 1831 loco
736 1777 858 1847 ejus
901 1773 1168 1830 successit
1219 1775 1511 1829 Iohannes
1543 1772 1801 1828 decimus

1898 612 2103 666 urbem
2131 613 2377 668 Romam
2406 613 2631 686 ingredi
2688 615 2945 670 deberet.
2980 618 3273 689 Ingressus
3305 621 3506 675 Petrus

1900 700 2158 755 marchio
2185 701 2244 754 in
2260 700 2454 755 civitas
2478 701 2775 769 Ortucnse,
2794 707 2850 758 et
2878 704 2933 757 in
2956 705 3141 775 capite
3175 706 3344 778 hujus
3370 707 3505 762 civi-

1900 787 2032 842 tatis
2057 788 2341 843 ediﬁcavit
2369 792 2621 844 castrum
2660 791 3044 861 ﬁrmissimus,
3079 797 3137 848 et
3160 796 3286 867 plus
3319 797 3505 868 magis

1900 876 2194 931 seviebant
2223 877 2489 945 Romani,
2523 882 2579 932 et
2631 880 2875 950 amplius
2922 883 3120 937 Petrus
3152 885 3409 939 marchio
3444 885 3503 940 in

1901 966 2146 1020 hurbcm
2178 968 2362 1021 Roma
2409 984 2524 1021 non
2575 972 2659 1023 est
2691 986 2857 1024 ausus
2902 970 3149 1043 ingredi.
3181 974 3504 1046 Statimque

1902 1056 2134 1110 nuntius
2162 1056 2477 1110 transmisit
2507 1057 2576 1111 ad
2602 1057 2967 1129 Ungarorum
2998 1079 3161 1132 gens,
3192 1066 3254 1117 ut
3282 1063 3505 1118 veniret

1902 1146 1959 1197 et
1977 1143 2294 1214 possideret
2314 1145 2499 1213 Italia;
2521 1162 2634 1217 quo
2659 1151 2891 1217 peracto
2915 1150 3115 1205 omnia
3134 1151 3501 1223 Ungarorum

1900 1248 2043 1304 gens
2059 1232 2118 1286 in
2142 1233 2302 1292 Italia
2328 1233 2566 1305 ingressi
2588 1238 2738 1289 sunt.
2763 1235 2943 1291 Simul
2971 1254 3101 1292 cum
3126 1240 3324 1294 Petrus
3347 1257 3502 1295 mar-

1899 1318 2026 1373 chio
2054 1318 2112 1373 in
2144 1320 2349 1375 urbem
2380 1321 2625 1376 Romam
2676 1323 2964 1394 ingressus
2994 1328 3098 1379 est.
3140 1325 3505 1394 Ungarorum

1899 1424 2042 1480 gens
2053 1408 2382 1481 depraedata
2396 1410 2956 1484 totaTuscia,igne,gl
2966 1413 3095 1468 adio
3111 1423 3157 1455 σο
3171 1419 3507 1487 consumpta

1900 1498 2111 1552 multos
2132 1500 2343 1571 populo
2374 1499 2542 1555 simul
2569 1517 2701 1556 cum
2728 1501 3045 1570 femine,et
3075 1502 3347 1575 quicquid
3382 1520 3505 1558 ma-

1902 1605 2042 1643 num
2070 1606 2272 1661 capere
2298 1593 2526 1661 poterat
2555 1594 3010 1663 asportaverunt.
3031 1591 3288 1665 Cumque
3319 1593 3508 1647 nullus

1900 1676 2099 1732 fuisset
2127 1678 2223 1750 qui
2254 1678 2486 1733 illorum
2528 1679 2815 1753 impetum
2847 1680 3112 1735 resistere
3141 1679 3444 1753 potuisset,
3475 1697 3510 1736 a

1900 1765 2136 1839 prepria
2156 1769 2289 1821 sunt
2310 1767 2539 1822 reversi.
2556 1768 2805 1823 Romani
2834 1767 2892 1823 in
2921 1768 3007 1823 ira
3029 1771 3331 1838 commoti,
3350 1769 3511 1824 unia-

235 1882 353 1937 papa
374 1866 478 1935 (an,
513 1866 622 1920 914
650 1864 835 1937 Aph),
878 1863 1127 1918 consilio
1157 1862 1299 1917 inito
1345 1878 1478 1916 cum
1506 1853 1871 1915 AlbericusB
1902 1851 2137 1907 nimiter
2150 1854 2223 1908 ad
2233 1854 2919 1927 palatiumLateranensis
2930 1857 3513 1928 preperantes,inter-

237 1955 557 2009 marchiones
587 1955 662 2009 de
703 1951 1052 2009 Sarracenis.
1087 1954 1146 2006 ln
1179 1952 1300 2024 ipso
1332 1955 1597 2023 tempore
1629 1949 1801 2004 exivit

232 2043 567 2114 Ahyprandus
583 2042 852 2110 Reatino,
870 2044 926 2096 et
950 2033 1040 2096 alii
1074 2043 1265 2113 plures
1297 2037 1714 2111 Langobardis,
1742 2038 1801 2091 et

232 2130 507 2199 Savinensi,
522 2137 579 2187 et
595 2133 1054 2205 preparaverunt
1083 2147 1143 2184 se
1165 2147 1199 2184 a
1217 2145 1414 2200 pugna
1434 2144 1567 2182 cum
1598 2125 1798 2181 Sarra-

231 2220 373 2289 cenis,
415 2205 462 2276 δ’
486 2222 703 2278 mcenie
729 2221 970 2276 civitatis
999 2221 1277 2274 vetustate
1305 2220 1670 2288 consumpta,
1700 2233 1801 2270 no-

232 2309 357 2365 mine
376 2311 680 2367 Tribulana
722 2311 883 2383 (111).
918 2310 986 2363 Et
1015 2307 1281 2365 conﬂicta
1309 2323 1527 2379 pugna,
1559 2305 1801 2360 interce—

230 2397 371 2453 dente
396 2400 556 2455 beato
607 2401 783 2454 Petro
829 2399 1113 2472 apostolo,
1146 2396 1478 2453 Sarracenis
1506 2391 1799 2449 interiecti

226 2491 351 2542 sunt.
368 2487 483 2542 Alia
500 2505 705 2561 pugna
732 2491 818 2543 est
843 2488 993 2542 facta
1018 2487 1171 2541 inter
1196 2484 1498 2558 Nepisinos
1528 2487 1587 2538 et
1611 2481 1796 2537 Sutri-

226 2591 310 2629 nos
336 2593 455 2631 cum
482 2576 818 2632 Sarracenis
872 2576 929 2630 in
969 2591 1175 2646 campo
1226 2573 1298 2629 de
1353 2571 1593 2628 Baccani
1627 2573 1795 2640 (112),

222 2665 505 2737 multosque
535 2664 890 2720 Sarracenos
915 2662 1182 2718 trucidati
1231 2666 1365 2717 sunt
1394 2665 1453 2716 et
1482 2658 1796 2715 vulnerati.

221 2752 489 2808 Audientes
503 2753 840 2809 Sarracenis
853 2752 949 2825 qui
968 2756 1092 2807 erat
1104 2751 1163 2805 in
1178 2749 1527 2805 Narnienses
1548 2757 1593 2791 58
1610 2747 1794 2803 comi-

222 2844 337 2907 tato,
351 2840 638 2911 Ortuense,
658 2843 826 2914 etqui
848 2844 1015 2896 erant
1039 2841 1096 2895 in
1122 2840 1319 2907 Ciculi,
1338 2839 1794 2911 preparaverunt

222 2944 269 2981 se
286 2945 464 2984 omnes
488 2933 548 2985 in
573 2948 763 2986 unum
784 2930 856 2985 ad
879 2930 989 2985 dux
1017 2946 1221 2985 eorum
1241 2928 1336 3001 qui
1364 2931 1537 2982 erata
1557 2926 1795 2981 ﬂuvium

221 3014 488 3085 Garilianu,
511 3019 625 3073 iter
650 3019 965 3085 bastantes,
988 3017 1240 3073 maxime
1273 3017 1707 3087 cognoscentes,
1737 3014 1795 3068 in

221 3119 266 3155 se
306 3104 430 3174 ipsis
456 3107 728 3162 interitus
757 3107 1029 3163 eveniret.
1060 3106 1377 3161 Ancxiebat
1424 3120 1523 3159 cor
1558 3101 1797 3159 Joannis

1901 1939 2049 1995 fecto
2073 1943 2273 1997 Petrus
2287 1944 2567 2011 marchio,
2584 1944 2656 1999 ad
2676 1945 3020 2016 apostolicos
3038 1947 3225 2000 nullus
3240 1944 3509 2017 adtingit.

1904 2029 2065 2086 Unde
2096 2032 2449 2087 consuetudo
2500 2050 2604 2104 per
2628 2033 2883 2105 singulos
2912 2042 2958 2075 σι
2990 2033 3204 2106 Ungari
3232 2033 3511 2089 Romanis

1901 2116 2111 2173 ﬁnibus
2149 2120 2562 2192 deprzedantur
2588 2120 2882 2191 deinceps.

1974 2209 2061 2262 30.
2096 2208 2249 2263 Obiit
2271 2209 2561 2265 Johannes
2584 2210 2839 2264 decimus
2860 2226 3011 2281 papa
3041 2210 3158 2282 (an.
3189 2212 3315 2267 928.
3338 2209 3509 2284 Μαί.)

1902 2295 2304 2368 (113).Domna
2323 2298 2573 2353 senatrix
2598 2298 2748 2353 unde
2778 2299 3038 2371 superius
3065 2299 3335 2367 diximus,
3361 2298 3516 2355 ordi-

1904 2386 2057 2439 navit
2081 2386 2372 2441 Johannes
2401 2387 2901 2460 consanguineum
2934 2388 3057 2459 ejus
3076 2387 3135 2443 in
3163 2389 3362 2445 sedem
3387 2406 3515 2445 san-

1905 2473 2205 2542 clissimus,
2213 2492 2317 2548 pro
2333 2492 2445 2547 quo
2462 2475 2799 2531 undecimus
2816 2479 2900 2531 est
2913 2478 3232 2550 appellatus
3247 2478 3362 2551 (an.
3383 2482 3513 2548 931,

1901 2561 2074 2619 Mart.
2112 2565 2220 2629 20).
2256 2563 2604 2636 Subjugatus
2658 2569 2744 2620 est
2790 2566 3037 2621 Romam
3076 2567 3421 2637 potestative
3452 2569 3512 2624 in

1903 2668 2083 2707 manu
2110 2652 2349 2717 femine,
2368 2653 2513 2707 sicut
2540 2653 2599 2708 in
2630 2655 2916 2726 prepheta
2936 2655 3225 2726 legimus:
3262 2680 3287 2706 ‹‹
3324 2656 3511 2712 Femi-

1904 2739 2026 2794 nini
2054 2740 2439 2797 dominabunt
2467 2742 2973 2813 Hierusalen1(Isa.
3020 2762 3101 2812 ιιι,
3129 2746 3206 2817 4).
3241 2767 3269 2795 ››
3299 2747 3515 2802 lterum

1903 2831 2099 2883 autem
2132 2830 2425 2884 venientes
2447 2830 2662 2903 Ungari
2679 2832 2846 2903 juxta
2868 2833 3115 2888 Romam
3140 2851 3173 2888 a
3188 2837 3358 2907 porta
3382 2850 3514 2890 san-

1903 2916 1977 2970 cti
2001 2917 2258 2985 Joannis,
2284 2919 2551 2973 exierunt
2580 2919 2825 2973 Romani
2852 2923 2912 2974 et
2942 2927 3349 2993 pugnaverunt
3380 2938 3513 2979 cum

1899 3003 2263 3077 Ungarorem
2282 3024 2445 3077 gens;
2476 3009 2533 3059 et
2554 3006 2885 3061 ceciderunt
2906 3009 2975 3062 de
3004 3010 3228 3063 nobiles
3242 3012 3512 3078 Romani,

1900 3092 2063 3147 sicuti
2095 3110 2128 3148 a
2153 3096 2353 3164 portas
2385 3094 2561 3165 ipsius
2586 3094 2819 3148 ecclesie
2859 3093 3119 3150 innmata
3146 3096 3515 3168 requiescunt

220 3190 391 3248 decimi
408 3213 706 3267 papecum
729 3195 1020 3251 Albericus
1035 3195 1317 3267 gloriosus
1335 3192 1796 3259 marchiopes’et
1818 3176 1864 3235 C
1899 3184 2014 3257 (an.
2041 3188 2142 3239 957
2165 3185 2233 3256 Ῡ).
2262 3185 2419 3240 Tunc
2436 3185 2802 3257 Ungarorum
2834 3202 2978 3258 gens
3012 3186 3307 3242 venientes
3324 3205 3358 3243 a
3377 3189 3513 3245 civi-

217 3281 421 3337 collecta
431 3286 743 3341 multitudo
758 3285 904 3341 ostili
916 3290 1001 3340 ter
1014 3288 1294 3339 venerunt
1307 3300 1341 3337 a
1367 3291 1413 3325 ³9
1437 3282 1677 3337 ﬂuvium
1692 3280 1795 3334 Ga-

218 3366 473 3426 rilianum.
498 3372 705 3427 Factus
738 3377 823 3428 est
850 3373 1143 3428 Albericus
1168 3371 1427 3426 marchio
1467 3374 1528 3424 ut
1557 3371 1646 3424 leo
1674 3369 1793 3423 for-

217 3455 432 3513 tissimus
456 3461 609 3516 inter
648 3461 998 3517 Sarracenos
1017 3464 1132 3531 (an.
1162 3463 1312 3530 916).
1338 3459 1661 3514 Audierunt
1691 3459 1794 3512 Be-

219 3551 489 3604 neventani
518 3551 1072 3621 prelium,exierunt
1096 3551 1589 3613 Be‘heventum,et
1618 3563 1793 3601 vene-

217 3639 332 3689 runt
352 3637 753 3707 adturrem,et
781 3640 1173 3712 preliaverunt
1202 3639 1451 3710 prelium
1487 3652 1790 3708 magnum;

218 3721 267 3773 et
291 3726 494 3781 contriti
517 3731 659 3782 sunt
688 3726 1017 3782 Sarracenis
1045 3744 1078 3781 a
1107 3726 1251 3782 facie
1278 3727 1712 3791 Romanorum;
1737 3726 1796 3777 ct

217 3809 422 3868 victores
441 3816 738 3872 Iohannes
765 3817 1022 3872 decimus
1044 3833 1213 3889 papa,
1229 3818 1287 3870 et
1311 3815 1605 3869 Albericus
1638 3828 1792 3867 mar-

217 3898 436 3970 chiones,
466 3905 789 3961 honoriﬁce
810 3909 1135 3978 susceptum
1157 3904 1451 3960 Albericus
1474 3901 1731 3957 marchio
1763 3918 1797 3955 a

216 3985 446 4045 Romano
473 3995 713 4067 pepnlo.
746 3994 881 4049 Erat
932 3994 1157 4049 hisdem
1208 3993 1504 4048 Albericus
1534 3988 1793 4046 marchio

217 4075 828 4155 elangiforme.Accepit
844 4101 957 4139 una
975 4084 1045 4139 de
1063 4083 1348 4139 nobilibus
1362 4078 1796 4149 Romani,cujus

217 4168 420 4224 nomine
438 4173 1130 4246 superest,Theophilacti
1150 4172 1289 4242 filia,
1316 4189 1435 4226 non
1459 4168 1621 4242 quasi
1652 4184 1793 4222 uxor

215 4252 297 4306 sed
308 4255 356 4309 in
370 4262 843 4317 consuetudinem
857 4260 1406 4334 malignam.Genuit
1423 4276 1490 4313 ex
1507 4274 1575 4312 ea
1586 4255 1789 4323 ﬁlium,

215 4342 274 4396 ab
289 4361 469 4403 amore
480 4352 667 4423 patris
683 4351 975 4407 Albericus
991 4368 1210 4407 nomen
1221 4348 1516 4421 imposuit;
1543 4345 1790 4418 qualiter

213 4428 304 4485 huc
320 4437 601 4495 Albericns
626 4442 973 4513 pervenerit,
994 4444 1193 4514 postea
1224 4439 1500 4495 dicamus.
1524 4436 1791 4489 Renova-

1900 3276 1986 3328 tas
2032 3273 2296 3342 Reatina,
2322 3273 2493 3328 exivit
2534 3274 2690 3329 foras
2715 3276 2930 3347 Joseph
2962 3275 3342 3348 Langobardo
3371 3294 3511 3350 pru-

1899 3362 2199 3431 dens,cum
2218 3363 2473 3435 ingentis
2489 3363 2769 3418 exercitus
2797 3364 3352 3436 Langobardorum;
3383 3382 3513 3440 par-

1898 3455 1983 3506 tes
2003 3450 2059 3506 in
2070 3450 2298 3506 teremit
2308 3452 2522 3523 gladio,
2548 3455 2605 3506 et
2622 3454 2814 3525 partes
2829 3453 2982 3508 vivos
2994 3453 3359 3527 appreendit.
3394 3456 3511 3511 Un-

1897 3558 2175 3612 garorum
2211 3558 2353 3612 gens
2383 3540 2581 3596 videns
2613 3559 2671 3597 se
2703 3560 2769 3596 ex
2801 3543 2963 3597 omni
2997 3547 3191 3614 partes
3220 3545 3511 3619 impetum

1897 3630 2087 3702 gentis
2118 3630 2439 3698 dimicaret,
2474 3631 2584 3685 iter
2642 3629 2703 3686 in
2734 3631 2971 3704 propria
3018 3638 3154 3688 sunt
3182 3636 3416 3705 reversi,
3450 3640 3512 3692 et

1898 3719 2144 3790 amplius
2156 3718 2213 3772 in
2228 3718 2389 3773 Italia
2400 3734 2504 3789 pro
2520 3719 2952 3791 depraidatione
2969 3738 3084 3777 non
3098 3726 3231 3777 sunt
3244 3724 3507 3796 ingressi.

1894 3808 2023 3862 Veee
2053 3807 2330 3879 populum
2359 3807 2584 3862 Italico!
2620 3812 2837 3880 quanta
2853 3810 3173 3866 accidentia
3192 3817 3508 3884 6!,quanta-

1896 3913 2007 3969 que
2033 3896 2195 3950 clade
2216 3894 2541 3967 alienigene
2574 3898 2763 3968 gentis
2784 3899 2841 3953 in
2866 3912 2959 3954 vos
2987 3900 3241 3956 exercuit
3261 3901 3272 3956 l
3296 3901 3502 3958 Civitas

1896 3985 2187 4040 Leoniana
2208 3992 2274 4053 ω,
2297 4002 2472 4058 quem
2492 3986 2738 4042 Centum
2774 3987 2962 4043 Civilis
2988 3990 3322 4057 construxit,
3340 3994 3508 4063 capta

1895 4075 2081 4132 fuistis
2133 4092 2167 4129 a
2197 4074 2527 4130 Sarracenis
2556 4080 2613 4130 et
2657 4077 2983 4148 alienigene
3039 4079 3261 4149 gentis;
3292 4094 3505 4153 _verum

1896 4162 2072 4218 etiam
2094 4180 2127 4217 a
2159 4163 2555 4234 Bajuariorum
2582 4179 2726 4233 gens
2753 4163 3161 4232 Galliarum,et
3184 4180 3217 4219 a
3246 4180 3384 4236 rege
3415 4165 3507 4220 cui

1895 4270 2112 4307 nomen
2144 4255 2268 4307 erat
2286 4252 2578 4319 Arnult‘ns;
2605 4252 2801 4309 ferunt
2829 4262 3083 4325 namque
3107 4254 3263 4327 quod
3292 4272 3326 4310 a
3346 4255 3498 4311 sellis

1893 4342 2248 4396 caballorum
2262 4340 2460 4395 fuisset
2481 4356 2823 4412 appreensa.
2840 4343 2902 4397 In
2918 4345 3279 4416 temporibus
3296 4345 3508 4400 Johan-

1892 4429 1979 4485 nis
2008 4430 2217 4485 decimi
2248 4446 2417 4501 pape,
2447 4430 2607 4501 cujus
2636 4432 2897 4503 superius
2950 4425 3303 4490 memoriam
3340 4434 3502 4504 fecit,

214 4520 275 4574 Vit
298 4522 459 4594 igitur
485 4507 785 4584 Iohannes
814 4507 1069 4585 deelm-us
1110 4546 1262 4602 papa
1293 4528 1349 4582 in
1384 4523 1790 4582 Lateranensis
1810 4507 1864 4568 D
1893 4518 2009 4573 visa
2038 4522 2172 4573 sunt
2196 4518 2381 4590 signa,
2414 4518 2663 4590 qualiter
2708 4519 2766 4573 in
2819 4520 2973 4575 hunc
3003 4521 3263 4576 libellum
3290 4523 3504 4579 seriem

214 4609 455 4677 palatium
478 4618 589 4673 tria
610 4618 855 4674 mirifice
878 4618 1221 4692 composuit,
1236 4617 1389 4690 picta
1412 4616 1703 4676 decorate,
1732 4615 1790 4667 et

216 4700 689 4779 versisexutraque
711 4710 905 4779 partes
917 4724 1150 4763 exarare
1181 4706 1411 4761 studere
1432 4702 1620 4777 jussit.
1648 4702 1787 4757 Orta

215 4790 279 4839 est
294 4788 525 4849 intentio
549 4797 706 4851 inter
731 4799 979 4852 matrem
1008 4796 1252 4851 Alberici
1271 4798 1328 4850 et
1347 4811 1519 4867 papa,
1541 4795 1598 4845 et
1629 4807 1790 4861 369³-

1892 4608 2188 4663 vocitatur.
2204 4609 2249 4660 A
2270 4606 2471 4662 diebus
2488 4625 2739 4680 namque
2759 4609 2879 4680 ejus
2903 4610 3371 4667 demonstratum
3392 4616 3495 4681 est,

1891 4714 2001 4768 que
2022 4699 2153 4769 post
2172 4696 2377 4751 futuris
2399 4695 2512 4751 suis
2543 4697 2823 4768 temporis
2842 4699 3119 4770 adeptum
3150 4703 3256 4754 est.

1962 4789 2048 4841 31.
2069 4788 2236 4841 Anno
2252 4786 2323 4840 ab
2337 4784 2735 4842 incarnatione
2756 4787 2978 4842 domini
2997 4788 3179 4843 nostri
3202 4790 3331 4845 Jesu
3347 4788 3504 4847 Chri-

215 4879 369 4933 ratum
386 4887 469 4935 est
487 4886 774 4956 populum
787 4884 1114 4941 Romanum
1132 4886 1283 4940 inter
1300 4901 1375 4939 se.
1388 4884 1519 4937 Erat
1539 4880 1788 4951 denique
1890 4876 1958 4931 sti
1977 4875 2422 4947 nuugentesimo
2442 4875 2710 4930 vicesimo
2722 4875 2937 4948 primo,
2957 4876 3271 4933 indictione
3286 4879 3497 4951 prima,

215 4960 378 5023 Petrus
390 4974 1071 5047 marchionesgermanus
1081 4972 1449 5048 suprascripti
1464 4987 1633 5044 pape;
1657 4968 1788 5024 talis

1893 4964 2132 5020 indictio
2161 4981 2338 5035 nona,
2365 4964 2719 5037 temporibus
2750 4964 2954 5020 domni
2983 4966 3264 5022 Johannis
3289 4968 3501 5026 decimi

1494 5086 1724 5142 VARI/E
1775 5081 2067 5139 LECTION
2075 5080 2179 5136 ES.

887 5201 935 5236 ⁸ο
963 5193 1039 5248 ha
1066 5209 1203 5248 corr.
1232 5208 1265 5246 a
1293 5208 1340 5246 ε.

680 5272 727 5306 ⁸³
757 5264 1128 5320 leonianiana
1155 5280 1205 5320 c.

267 5188 306 5224 ⁸³
329 5186 686 5247 inarnienses
728 5208 775 5246 c.

212 5256 493 5317 accidentia
515 5280 567 5318 c.

1453 5196 1500 5231 60
1524 5188 1607 5242 hic
1639 5201 1712 5240 ua
1741 5181 1970 5239 deletum
1995 5180 2275 5253 (vastata),

2387 5187 2431 5224 σί
2461 5179 2576 5246 scil,
2625 5196 2828 5238 annos.
2946 5188 2992 5224 σι
3023 5180 3357 5238 accidentea
3384 5201 3496 5242 cor.

1724 5348 1946 5410 NOTIE.

266 5455 745 5534 (109)5ipastasius
774 5462 845 5515 lll
874 5461 1008 5517 inde
1033 5462 1107 5534 ab
1131 5462 1276 5534 Aug.
1296 5475 1494 5516 mense
1519 5475 1613 5514 an.
1648 5458 1772 5512 911.

211 5528 444 5604 usquead
459 5529 583 5584 Oet.
609 5533 736 5599 9t3;
770 5536 895 5587 tum
927 5533 1146 5604 Laudo,

261 5598 301 5681 υ
318 5599 390 5667 ίθ)
408 5599 709 5681 [formosus
837 5607 932 5681 891
952 5604 1110 5681 Sept.
1133 5598 1313 5677 usque
1331 5604 1405 5681 ad
1420 5615 1646 5681 annum.
1661 5599 1774 5681 896

210 5675 376 5722 mense
400 5673 540 5741 Apr.
571 5673 742 5742 sedit;
777 5673 1045 5731 Landoni
1065 5673 1315 5733 Joannes
1342 5676 1385 5731 X
1413 5673 1698 5730 successit.

678 5774 916 5832 Parnm.
945 5774 1202 5834 CXXXIX.

1948 5450 2091 5522 (111)
2119 5448 2283 5503 Trevi
2303 5449 2331 5504 ?

1949 5518 1992 5591 (l
2009 5518 2094 5591 12)
2128 5522 2406 5576 Baccano.

1942 5592 2089 5664 (113)
2122 5591 2305 5655 Quem
2362 5593 2472 5648 Leo
2525 5592 2615 5662 Vl,
2651 5592 2975 5668 Stephanus
3005 5595 3119 5661 VII,
3170 5599 3297 5653 tum
3354 5608 3490 5651 vero

1871 5678 2121 5735 Joannes
2142 5681 2207 5735 XI
2234 5680 2412 5736 secuti
2440 5683 2597 5737 sunt.

3102 5834 3115 5847 ,
3177 5785 3214 5840 2
