3986 6170
432 364 502 422 43

1500 349 1865 407 BENEDICTI
1902 349 1973 405 S.
2014 349 2316 406 ANDREE
2354 350 2685 408 MONACHI.

3693 363 3767 416 44

430 502 601 560 pape,
635 485 693 539 in
725 499 879 538 anno
912 479 1279 554 pontiﬁcatus
1308 475 1456 532 illius
1486 480 1730 549 septem,
1753 475 1870 528 vise
1900 477 2035 528 sunt
2059 481 2116 538 Α
2138 478 2293 530 velut
2303 477 2502 546 jacens
2529 477 2866 547 permansit,
2888 482 2946 534 et
2965 479 3175 535 iterum
3191 484 3384 537 erecta
3400 484 3486 536 est
3519 486 3582 536 ut
3604 482 3766 554 prius

431 577 617 648 signa.
653 575 797 628 Nam
818 573 985 643 juxta
1008 570 1191 624 hurbe
1223 568 1408 621 Roma
1455 565 1674 636 lapides
1701 563 1939 635 plurimi
1969 562 2038 616 de

433 667 557 722 celo
575 664 781 720 cadere
801 660 900 714 visi
932 663 1082 713 sunt.
1103 659 1162 710 ln
1176 655 1401 710 civitate
1419 670 1529 725 que
1549 655 1782 706 vocatur
1804 650 2037 718 Narnia,

433 759 556 810 tam
577 753 685 807 diri
698 768 763 805 ac
777 749 998 815 tetri,ut
1017 745 1189 800 nichil
1204 743 1357 799 aliud
1371 742 1657 807 credatur,
1682 756 1857 811 quam
1876 739 1945 793 de
1961 739 2044 792 in-

434 842 752 898 fernalibus
777 837 916 892 locis
935 834 1165 891 deducti
1180 834 1388 887 essent.
1410 831 1555 884 Nam
1587 829 1666 883 ita
1692 846 1759 882 ex
1776 827 1886 880 illis
1907 827 2046 898 lapi-

436 933 604 988 dibus
635 947 782 985 unus
834 925 1100 982 omnium
1132 923 1416 977 maximus
1449 923 1552 986 est,
1586 921 1650 972 ut
1682 915 1954 971 decidens
1985 915 2044 968 in

437 1023 657 1077 ﬂumen
692 1020 935 1083 Narnus,
968 1014 1040 1069 ad
1083 1027 1351 1066 mensura
1403 1007 1572 1062 unius
1620 1004 1823 1060 cubitis
1876 1019 2046 1074 super

438 1129 617 1187 aquas
633 1107 887 1165 ﬂuminis
913 1120 1088 1175 usque
1103 1099 1275 1155 hodie
1295 1098 1606 1187 videretur.
1631 1095 1776 1187 Nam
1791 1091 2047 1187 ctign‘ite

436 1181 622 1258 facule
649 1217 679 1253 e
702 1198 822 1253 celo
846 1192 1092 1267 plurime
1125 1189 1394 1244 omnibus
1420 1186 1481 1239 in
1499 1186 1648 1239 hanc
1677 1182 1902 1237 civitate
1936 1181 2045 1235 Ro-

440 1290 600 1346 mani
618 1286 814 1361 populi
828 1284 942 1337 vise
958 1279 1197 1346 sunt,ita
1213 1281 1272 1331 ut
1285 1292 1434 1349 pene
1448 1277 1603 1328 terra
1617 1271 2044 1361 contingerent.

438 1381 561 1435 Alie
580 1359 851 1432 cadentes
863 1372 1026 1442 juxta
1049 1369 1289 1424 domum
1309 1361 1724 1434 Theophilacti.
1748 1359 1872 1412 Alie
1885 1359 2051 1428 juxta

439 1466 676 1524 ecclesia
698 1464 1028 1518 sanctorum
1052 1456 1446 1528 apostolorum
1467 1450 1662 1506 Jacobi
1686 1453 1743 1503 et
1778 1445 2046 1517 Philippi,

440 1573 550 1630 que
575 1571 677 1609 nos
703 1551 1017 1607 vocitamus
1040 1544 1220 1600 sancti
1250 1540 1514 1615 apostoli.
1533 1539 1654 1593 Alie
1674 1540 1785 1592 huc
1803 1537 2049 1630 illucque

441 1625 842 1700 discurrentes.
853 1636 1127 1693 Similiter
1140 1633 1346 1688 eodem
1361 1633 1625 1699 tempore
1639 1627 1824 1680 celum
1845 1625 2048 1679 ardere

438 1734 622 1790 visum
642 1729 764 1800 est,j
777 1731 909 1782 uxta
931 1729 1169 1780 Portum
1193 1721 1362 1791 hujus
1389 1717 1609 1781 hurbis,
1629 1713 1879 1769 miliario
1901 1721 1947 1753 ει
1975 1712 2045 1765 ab

438 1824 580 1879 urbe
601 1823 786 1876 Roma
807 1818 1009 1872 decem
1041 1817 1098 1867 et
1120 1814 1268 1866 octo.
1291 1811 1352 1862 In
1380 1825 1494 1879 qua
1521 1804 1783 1860 videlicet
1809 1805 2050 1855 ﬂamma
2074 1807 2122 1865 Β

437 1915 554 1967 tres
577 1909 744 1964 simul
766 1908 1034 1962 columne
1052 1901 1167 1954 vise
1188 1901 1342 1963 sunt,
1361 1897 1420 1949 in
1444 1894 1685 1948 modum
1702 1892 2046 1960 columpna-

437 1981 570 2056 rum
593 2015 702 2070 que
731 1993 956 2050 nuncin
979 1988 1217 2045 ediﬁciis
1240 1987 1524 2040 locantur.
1547 1984 1608 2034 ln
1633 1981 1839 2053 quibus
1867 1978 2048 2032 tribus

439 2067 763 2158 columpnis
805 2087 922 2138 tres
969 2079 1278 2148 columpne
1313 2082 1359 2115 6⁵
1398 2071 1793 2142 apparuerunt
1822 2067 2045 2163 sedere,

438 2155 785 2248 unaquaque
816 2185 989 2241 super
1019 2167 1358 2235 columpna;
1389 2178 1420 2215 e
1459 2159 1664 2230 quibus
1696 2174 1812 2211 una
1852 2173 1918 2248 ex
1943 2155 2053 2248 illis

441 2245 674 2322 elevatis
687 2261 789 2315 alis
802 2258 1136 2326 extinguere
1150 2250 1416 2322 cupiebat
1429 2245 2051 2314 ﬂamme,necpoterat.

441 2353 660 2412 Deinde
690 2346 962 2410 secunda,
994 2346 1052 2396 et
1078 2340 1297 2405 tertias,
1329 2341 1386 2392 et
1407 2334 1826 2407 necquicquam
1849 2330 2052 2396 valuit;

442 2458 550 2499 nec
573 2440 754 2494 multo
778 2437 909 2507 post
928 2426 1399 2503 supervenientes
1429 2440 1546 2478 una
1566 2439 1631 2476 ex
1657 2421 1781 2476 aliis
1799 2419 2058 2492 partibus

444 2528 707 2604 expansis
728 2525 923 2591 alis,et
947 2525 1068 2575 tam
1096 2518 1193 2572 diu
1218 2517 1421 2570 contra
1445 2513 1688 2566 ﬂamma
1714 2511 1830 2604 alas
1862 2507 2059 2578 exagi-

445 2597 597 2683 tant,
611 2627 911 2689 quousque
927 2611 1115 2663 totam
1139 2606 1237 2659 illa
1254 2604 1498 2689 ﬂamma
1519 2597 1812 2654 extincxit.
1833 2598 2055 2689 Atvero

443 2709 574 2779 post
604 2686 725 2758 haec
753 2701 909 2771 juxta
928 2699 1096 2770 porta
1120 2693 1290 2764 hujus
1322 2688 1562 2745 civitatis
1591 2686 2058 2779 que—appellatur

443 2774 685 2860 Salaria,
719 2793 856 2845 ante
887 2784 1130 2841 ecclesia
1187 2779 1405 2835 scilicet
1453 2779 1649 2832 sancte
1705 2776 1966 2830 Susanne
2000 2774 2058 2826 et

448 2881 696 2956 Cyriacis
732 2875 1024 2948 martyris,
1058 2870 1268 2925 mulier
1325 2868 1578 2940 quedam
1632 2863 1723 2919 die
1764 2861 2056 2956 dominico

448 2949 664 3028 mensis
691 2966 905 3024 Martiis
960 2962 1286 3017 revertente
1335 2958 1407 3012 ab
1446 2953 1684 3009 ecclesia
1713 2952 1867 3006 beati
1902 2949 2060 3005 Petri

2143 565 2350 620 fuerat.
2370 567 2429 619 In
2451 567 2708 620 aacclesia
2731 583 2865 622 vero
2888 567 3067 622 sancti
3099 571 3324 641 Angeli,
3340 571 3503 640 juxta
3533 571 3758 625 ﬂumen

2143 654 2397 726 Tyberis,
2431 655 2490 709 in
2517 673 2632 727 qua
2661 656 2768 709 sita
2799 660 2882 710 est
2908 658 3164 712 aacclesia
3196 660 3376 713 sancti
3408 660 3673 714 Abbaciri
3709 664 3771 714 et

2146 744 2720 811 Johannis,etsancte
2744 746 3012 810 Barbare,
3032 746 3184 800 fores
3210 748 3470 816 ejusdem
3501 748 3764 803 zacclcsie

2149 850 2253 904 per
2272 836 2460 887 totum
2484 835 2666 888 ferme
2696 834 2851 888 diem
2871 835 3076 889 clausa:
3107 835 3377 902 fuerunt;
3405 837 3484 890 ita
3507 853 3613 891 nec
3649 838 3770 891 vio-

2150 923 2356 986 lenter,
2376 938 2477 976 nec
2509 923 2733 976 letaniis
2750 923 2846 994 qui
2869 923 3016 977 visus
3035 924 3241 995 aliquis
3263 924 3358 978 illo
3379 925 3469 978 die
3498 941 3762 980 reserare

2149 1011 2444 1084 potuisset.
2462 1011 2587 1065 Alia
2617 1015 2811 1065 autem
2832 1012 2924 1066 die
2947 1012 3097 1066 facta
3127 1012 3346 1068 letania
3376 1029 3439 1067 ac
3472 1014 3606 1069 data
3632 1030 3768 1068 ora-

2148 1101 2308 1155 tione
2336 1103 2648 1170 patuerunt
2693 1118 2753 1154 se
2786 1105 2846 1154 ut
2876 1100 3143 1172 primitus
3175 1101 3340 1154 solite
3383 1107 3570 1157 erant.
3608 1104 3767 1156 Inse-

2152 1189 2352 1263 quenti
2373 1189 2548 1261 igitur
2578 1192 2839 1258 tempore
2870 1188 3050 1242 visum
3074 1193 3159 1243 est
3189 1190 3246 1244 in
3277 1191 3464 1246 forme
3493 1192 3675 1246 bestie
3706 1192 3768 1244 in

2152 1279 2385 1335 sublimi
2391 1279 2555 1350 juxta
2574 1294 2789 1343 aerem,
2813 1277 2972 1349 quasi
2988 1279 3160 1332 draco
3181 1278 3658 1346 immanissimus;
3677 1281 3770 1334 cui

2152 1369 2452 1439 longitudo
2467 1368 2813 1422 cernebatur
2831 1367 2901 1420 ab
2919 1367 3172 1421 aacclesia
3186 1368 3624 1440 sanctiEusebiij
3638 1374 3776 1424 uxta

2153 1458 2462 1512 macellum
2495 1473 2735 1527 parvum
2769 1472 2916 1526 pene
2976 1455 3049 1510 ad
3097 1459 3294 1526 portas
3325 1456 3562 1523 Salaria,
3598 1458 3773 1512 multi

2154 1546 2522 1601 cernentibus
2535 1562 2638 1616 per
2653 1544 2906 1598 maxima
2921 1545 3084 1611 hora;
3102 1545 3309 1599 deinde
3328 1545 3574 1600 obducta
3589 1548 3746 1601 nube
3758 1589 3773 1613 ,

2155 1651 2441 1705 nusquam
2473 1634 2817 1704 comparuit.
2839 1633 3000 1704 Cepit
3020 1634 3204 1687 Roma
3221 1633 3276 1687 in
3295 1651 3354 1687 se
3380 1634 3502 1705 ipsa
3535 1652 3734 1690 meror

2155 1722 2371 1776 afﬂicta
2394 1722 2589 1793 populi
2612 1738 2838 1775 vexare.

2228 1813 2314 1865 3'2.
2347 1810 2523 1864 Mater
2575 1810 2867 1863 Albericus
2916 1809 3188 1880 principis
3243 1811 3513 1878 Romani,
3545 1813 3776 1882 legatos

2154 1897 2454 1951 mittensa
2491 1897 2681 1950 Ticine
2740 1897 2978 1951 civitatis
3033 1898 3107 1952 ad
3167 1900 3327 1970 Hugo
3383 1901 3635 1971 quedam
3670 1917 3776 1954 rex

2156 1986 2559 2057 Langobardo,
2615 1989 2673 2038 ut
2728 1985 2832 2040 sibi
2895 1987 3269 2041 matrimonio
3322 1990 3638 2058 copularet.
3677 1989 3775 2042 Sic

2155 2073 2540 2145 adimpletum
2560 2077 2644 2127 est
2663 2074 2909 2145 (an.93'2)
2924 2091 2937 2140 ;
2955 2092 3090 2128 nam
3109 2079 3237 2144 post
3257 2077 3487 2147 nuptias
3509 2079 3772 2131 celebra-

2157 2164 2244 2215 tas
2269 2161 2328 2215 in
2345 2164 2528 2216 castro
2560 2161 2738 2215 sancti
2757 2162 2962 2233 Angeli
2981 2180 3078 2216 rex
3108 2180 3239 2217 cum
3258 2165 3462 2236 regina
3485 2166 3772 2222 ascendit.

2158 2250 2432 2320 cogitavit
2461 2267 2556 2303 rex
2583 2251 2850 2320 pessima,
2887 2254 2947 2304 ut
2978 2253 3171 2306 oculos
3199 2253 3476 2307 Albericis
3505 2254 3778 2325 previgni

2159 2337 2245 2392 sui
2275 2342 2519 2405 erueret,
2545 2342 2601 2392 et
2633 2341 2958 2394 Romanum
2991 2356 3237 2411 regnum
3269 2342 3328 2394 in
3350 2358 3452 2395 sua
3482 2342 3780 2413 redigeret

2158 2428 2474 2497 potestatis.
2499 2427 2741 2499 Cognita
2756 2428 3030 2482 Albericis
3051 2429 3428 2484 calliditatem
3447 2431 3778 2501 regis,ﬁdes

2159 2517 2467 2588 spopondit
2519 2533 2651 2570 cum
2702 2517 3010 2585 Romanis;
3045 2523 3325 2590 ceperunt
3376 2519 3515 2573 tuba
3562 2535 3780 2573 canere

2161 2605 2412 2660 maxime
2431 2621 2593 2660 voces
2607 2605 3585 2668 ecclesiarum,unianimiterloricis
3605 2607 3782 2662 indu-

2161 2694 2253 2761 tis,
2272 2695 2625 2748 resonabant
2651 2697 2804 2749 terra
2833 2712 2998 2749 voces
3018 2712 3240 2749 eorum.
3265 2696 3600 2751 Formidare
3621 2696 3785 2766 cepit

2161 2798 2260 2836 cor
2288 2783 2441 2854 regis
2499 2800 2614 2837 una
2671 2800 2801 2837 cum
2857 2784 3089 2854 regina;
3124 2783 3181 2838 in
3239 2785 3642 2856 Langobardia
3689 2788 3786 2839 est

2163 2886 2440 2928 reversus.
2464 2871 2758 2927 Albericus
2788 2871 3056 2944 princeps
3082 2872 3344 2926 omnium
3369 2874 3779 2928 Romanorum

2165 2961 2385 3015 vultum
2417 2961 2701 3015 nitentem
2722 2960 2866 3014 sicut
2889 2965 3052 3032 pater
3073 2961 3214 3030 ejus,
3245 2962 3569 3031 grandevus
3597 2962 3787 3016 virtus

449 3057 723 3135 principis
747 3052 1144 3126 apostolorum
1168 3047 1238 3102 de
1261 3045 1508 3100 statione
1525 3042 1639 3135 d‘ie-i
1659 3041 1828 3111 hujus
1848 3039 2062 3135 mensis
2087 3033 2135 3093 ο
2166 3050 2213 3121 ej
2225 3068 2307 3104 us.
2338 3051 2472 3104 Erat
2500 3049 2658 3104 enim
2675 3049 2947 3104 terribilis
2970 3049 3161 3116 nimis,
3177 3053 3235 3104 et
3264 3051 3654 3122 aggrabatum
3686 3053 3784 3104 est

452 3129 656 3205 decem
679 3148 738 3201 et
759 3139 1076 3215 septem,in
1109 3136 1372 3208 passione
1401 3131 1634 3188 Domini
1668 3146 1922 3200 coquens
1944 3129 2066 3198 pul-

453 3241 740 3296 mentum.
775 3234 1032 3302 Cumque
1071 3227 1329 3299 primum
1363 3222 1672 3294 accepisset
1697 3221 2064 3291 pulmentum

455 3327 628 3386 oleris
657 3321 1006 3387 commedit;
1037 3315 1247 3372 deinde
1283 3312 1521 3383 cupiens
1551 3311 1727 3365 ollam
1756 3309 1960 3363 tollere
1992 3307 2064 3362 de

455 3419 582 3472 loco
604 3413 665 3468 in
695 3427 810 3484 quo
832 3409 1122 3480 posuerat,
1148 3402 1394 3458 minime
1415 3399 1610 3456 valuit.
1648 3400 1708 3452 In
1739 3414 1850 3470 que
1890 3395 2070 3450 conti-

459 3505 708 3561 nebatur
727 3500 1114 3573 pulmentum,
1135 3509 1204 3547 ex
1221 3490 1380 3546 milio
1404 3489 1644 3543 factum.
1677 3486 1939 3557 Cumque
1961 3485 2070 3538 hoc

461 3590 768 3666 egrediens
797 3583 1274 3653 domum,lugere
1305 3578 1456 3650 cepit
1487 3576 1690 3631 vicinis
1716 3578 1775 3630 et
1793 3573 2072 3646 proximis

462 3664 761 3756 cognitum
778 3678 1030 3743 faceret;
1056 3688 1260 3728 omnes
1307 3672 1626 3735 currentes,
1652 3668 1842 3721 nullus
1873 3683 1938 3719 ex
1967 3664 2077 3718 illis

466 3753 564 3846 qui
596 3770 880 3826 venerunt
908 3780 1110 3820 eruere
1151 3762 1221 3816 de
1253 3774 1548 3814 marmore
1581 3757 1638 3810 in
1672 3771 1785 3828 quo
1818 3753 2074 3846 sedebat.

467 3841 683 3916 lterum
709 3862 883 3929 atque
906 3856 1115 3909 iterum
1143 3853 1372 3904 caterve
1402 3845 1596 3918 populi
1615 3845 1783 3915 hujus
1814 3841 2079 3908 civitatis,

468 3954 592 4006 tam
618 3946 829 4013 clerici,
845 3959 1022 4017 quam
1043 3939 1234 3996 omnis
1248 3941 1408 3992 cetus
1430 3937 1826 3990 Romanorum
1870 3932 2086 3987 utrius-

471 4057 584 4113 que
611 4054 794 4103 sexus,
827 4031 1223 4096 advenissent;
1260 4040 1628 4097 nequaquam
1669 4023 1875 4093 aliquis
1907 4020 2087 4075 valuit

474 4110 844 4184 erueret.Sed
865 4123 946 4176 ita
967 4119 1285 4175 adherebat
1301 4132 1397 4170 vas
1416 4115 1577 4168 illum
1600 4111 1904 4178 marmori,
1929 4110 2084 4165 haesi

477 4235 544 4272 ex
558 4217 680 4286 ipso
696 4227 990 4268 marmore
1001 4209 1288 4278 sculptum
1303 4203 1643 4259 fuisset.Hoc
1655 4206 1851 4257 autem
1869 4200 2086 4254 factum

476 4321 627 4380 pene
638 4319 743 4376 per
755 4303 1027 4373 quattuor
1037 4299 1315 4351 horarum
1333 4292 1655 4366 spatia,hab
1670 4292 1813 4345 hora
1825 4289 2088 4380 videlicet

479 4379 636 4449 nona
659 4405 837 4461 usque
856 4388 929 4442 ad
956 4388 1142 4440 nocte.
1159 4385 1460 4453 Superque
1482 4398 1578 4435 vas
1598 4383 1835 4442 stantes,
1856 4379 2088 4449 signum

479 4483 662 4539 crucis
687 4478 985 4542 facientes,
1007 4472 1249 4528 letanias
1274 4487 1378 4542 per
1400 4471 1678 4542 plurimas
1709 4470 2088 4540 deprecantes

480 4576 688 4640 Deum,
702 4571 764 4623 ut
779 4562 1249 4622 eruereturillum
1265 4577 1361 4614 vas
1376 4559 1446 4613 de
1459 4561 1584 4613 loco
1608 4559 1666 4613 in
1681 4575 1793 4630 quo
1814 4557 2050 4612 sedebat
2073 4573 2086 4624 ;

482 4663 583 4718 sed
615 4675 720 4714 nec
742 4657 821 4711 sic
843 4654 1077 4729 profuit.
1098 4649 1410 4705 Novissime
1435 4648 1796 4702 venientibus
1828 4646 1948 4701 aliis
1975 4647 2086 4700 cle-

478 4751 611 4806 ricis
627 4745 971 4803 facientibus
1002 4740 1268 4795 similiter
1290 4737 1697 4804 1etanias,tunc
1718 4753 1866 4790 unus
1888 4753 1953 4789 ex
1975 4736 2085 4789 illis

479 4843 715 4895 extensa
745 4851 925 4889 manu
962 4832 1113 4885 facto
1145 4829 1311 4898 signo
1345 4826 1573 4893 Christi,
1604 4826 1746 4879 dans
1773 4824 2085 4887 orationes,

477 4945 613 4983 mox
640 4925 997 4980 sublevatum
1023 4937 1119 4973 vas
1148 4915 1286 4971 illud
1319 4916 1584 4970 inlesum.
1608 4913 1793 4968 Simili
1826 4913 1998 4967 modo
2028 4914 2087 4966 in

476 5013 716 5072 ecclesia
727 5014 922 5066 sancte
938 5007 1158 5080 Agathe
1177 5022 1288 5078 que
1308 5021 1457 5058 nunc
1467 5006 1718 5074 upantur
1735 5001 2084 5067 diaconia,in

469 5104 689 5177 vigilias
712 5102 886 5172 ipsius
902 5100 1157 5168 martyra
1178 5093 1434 5164 imagine
1450 5092 1709 5164 ligneain
1726 5108 1839 5162 qua
1857 5089 2082 5160 depicta

465 5197 590 5250 erat
621 5193 842 5246 vultum
874 5187 1053 5258 ipsius
1084 5187 1341 5254 martyra
1361 5181 1714 5246 veneranda,
1743 5178 1978 5232 exiliens
2008 5177 2078 5232 de

465 5281 702 5357 proprio
726 5281 849 5334 loco
883 5276 941 5330 in
973 5290 1086 5347 quo
1113 5272 1320 5337 stabat,
1354 5287 1498 5324 nexa
1517 5269 1749 5322 funibus
1780 5282 2072 5357 penaora

456 5355 571 5428 una
597 5368 771 5436 stetit,
794 5364 1054 5439 pendens
1075 5376 1303 5416 rursum
1330 5375 1554 5413 reversa
1567 5361 1651 5411 est
1671 5357 1728 5410 in
1758 5355 2059 5427 prOprium

447 5461 662 5518 locum.
692 5454 910 5512 Deinde
966 5451 1261 5518 inclinata,
1295 5464 1411 5503 non
1445 5463 1549 5520 per
1579 5446 1873 5501 modicam
1909 5445 2060 5499 hora

2158 3139 2368 3211 jugum
2386 3155 2560 3210 super
2581 3139 2894 3205 Romanos,
2914 3141 2970 3192 et
2992 3138 3050 3192 in
3073 3142 3268 3193 sancte
3292 3139 3440 3193 sedis
3461 3139 3784 3210 apostolica

2169 3229 2279 3299 (an.
2331 3229 2611 3291 942-946).
2645 3227 2866 3280 Electus
2911 3225 3157 3280 Marinus
3187 3243 3339 3299 papa
3377 3244 3494 3281 non
3526 3226 3793 3282 audebat

2170 3317 2471 3387 adtingere
2497 3315 2703 3386 aliquis
2732 3319 2892 3370 extro
2917 3316 3097 3385 jussio
3123 3316 3371 3370 Alberici
3399 3315 3668 3387 principi.

2243 3407 2330 3460 33.
2366 3405 2713 3459 Recordatus
2747 3407 2836 3459 est
2866 3404 3147 3475 gloriosus
3179 3405 3447 3476 princeps
3477 3404 3794 3459 Albericus

2175 3525 2240 3532 —
2263 3493 2434 3548 credo
2467 3493 2526 3546 in
2550 3493 2756 3546 virtute
2777 3491 3022 3564 Spiritus
3045 3492 3228 3547 sancti
3255 3496 3403 3546 esset
3422 3493 3528 3546 hac
3551 3493 3792 3561 datum,

2176 3585 2235 3635 et
2245 3583 2349 3636 hec
2365 3581 2896 3653 deﬁnitum—cepit
2907 3583 3054 3636 esset
3065 3582 3250 3638 cultor
3266 3581 3764 3636 monasteriorum
3779 3623 3795 3635 .

2178 3671 2492 3725 jEditicavit
2519 3671 2936 3725 monasterium
2963 3678 3009 3712 ϐο
3032 3671 3212 3725 sancti
3233 3671 3520 3725 Laurentii
3550 3670 3608 3724 in
3642 3687 3798 3740 agro

2181 3760 2490 3826 Verano,et
2503 3759 2923 3814 monasterium
2941 3760 3119 3814 sancti
3135 3759 3294 3814 Pauli
3324 3759 3592 3830 apostoli;
3613 3760 3804 3813 rebus

2185 3865 2319 3903 vero
2370 3847 2880 3910 monasteriorum,
2927 3865 3037 3919 que
3067 3848 3256 3902 ablata
3289 3852 3456 3902 erant
3484 3847 3704 3902 dudum
3769 3865 3810 3903 a

2187 3939 2372 4011 pravis
2401 3937 2732 3992 hominibus
2756 3937 3023 3991 restituit.
3057 3937 3286 3992 Audivit
3318 3937 3695 3992 desolationis
3733 3954 3812 3992 ex

2189 4027 2540 4081 monasterio
2557 4025 2735 4080 sancti
2748 4026 2976 4080 Andree
2990 4026 3317 4096 apostoli,et
3334 4026 3514 4080 sancti
3539 4025 3813 4080 Silvestri

2188 4115 2249 4169 in
2277 4120 2475 4170 monte
2498 4115 2745 4187 Syrapti,
2779 4132 2888 4187 que
2919 4115 2990 4169 ab
3011 4115 3290 4186 Agarenis
3315 4119 3551 4187 captum
3579 4116 3810 4182 fuerat,

2190 4204 2441 4258 maxime
2457 4204 2754 4258 servitores
2765 4204 2933 4274 hujus
2947 4204 3280 4258 monasterii
3294 4204 3817 4258 carnalitervivant

2192 4295 2249 4347 et
2275 4294 2445 4348 rebus
2502 4293 2868 4347 ecclesiarum
2924 4293 2981 4346 in
3030 4293 3385 4347 bassallatico
3439 4311 3472 4346 a
3531 4293 3815 4347 ﬁdelibus

2191 4381 2460 4453 principis
2480 4382 2667 4436 fuerat
2687 4398 2973 4436 concessa.
2994 4382 3186 4435 Astitit
3201 4383 3294 4454 qui
3319 4381 3532 4436 diceret
3557 4398 3569 4434 :
3600 4404 3627 4429 ‹‹
3652 4382 3816 4437 Eum

2194 4469 2316 4522 mel
2352 4472 2569 4541 quanta
2594 4472 2746 4524 mala
2792 4470 3114 4524 accidentia
3145 4471 3203 4524 in
3232 4470 3582 4525 monasterio
3609 4472 3816 4526 sancti

2189 4557 2434 4612 Andreas
2460 4558 2727 4629 adtingit,
2757 4559 2854 4629 qui
2877 4562 2996 4613 tam
3028 4575 3273 4630 magnus
3304 4559 3523 4613 dudum
3551 4559 3760 4626 estitit,
3780 4577 3819 4615 a

2192 4646 2401 4700 Karolo
2431 4646 2632 4718 Magno
2663 4647 3035 4701 hediﬁcatum
3090 4651 3147 4701 et
3178 4646 3322 4702 mire
3367 4648 3768 4718 compositum
3795 4668 3812 4718 ;

2192 4735 2326 4788 totis
2343 4735 2457 4788 suis
2469 4735 2934 4790 rebusetcolonis
2948 4735 3022 4789 ad
3038 4735 3317 4790 nichilum
3336 4736 3600 4790 redactus
3618 4741 3703 4790 est
3729 4737 3741 4790 !
3777 4758 3817 4791 »

2192 4823 2306 4877 Hoc
2331 4823 2566 4877 audiens
2590 4824 2884 4878 Albericus
2915 4825 3199 4895 gloriosus
3226 4825 3514 4896 princeps,
3548 4826 3819 4894 amplius

2191 4912 2443 4983 cogitare
2466 4913 2633 4983 cepit.
2668 4913 2802 4967 Erat
2833 4912 3081 4984 denique
3117 4914 3368 4967 Leonem
3397 4914 3813 4971 venerabilem

2189 5003 2589 5072 presbyterum
2608 5005 2664 5054 et
2678 5001 3263 5068 medicus,sanctitate
3282 5002 3426 5056 mire
3444 5003 3818 5072 compositus

2187 5090 2346 5159 cujus
2365 5090 2567 5144 notitia
2583 5088 2850 5162 princeps
2871 5107 2988 5144 non
3009 5095 3093 5144 est
3108 5090 3457 5161 incognitus,
3478 5091 3814 5164 statimque

2186 5178 2257 5231 ad
2281 5196 2339 5232 se
2364 5178 2556 5232 venire
2580 5177 2716 5231 fecit
2736 5179 2807 5232 ab
2830 5179 3083 5232 {ecclesia
3109 5183 3440 5234 sanctorum
3458 5180 3709 5252 Philippi
3746 5185 3821 5235 et

2178 5266 2459 5333 Jacobi,et
2483 5266 2621 5321 fecit
2650 5282 2782 5320 cum
2817 5267 2937 5320 fieri
2967 5272 3131 5339 pater
3167 5268 3605 5323 monasterii.Et
3632 5268 3820 5324 misit.

2171 5354 2391 5425 legatos
2410 5372 2538 5408 suos
2558 5356 2794 5410 nomine
2810 5355 3019 5419 Leone,
3042 5355 3338 5410 dicebatur
3359 5374 3393 5411 a
3411 5358 3594 5412 Roma
3621 5357 3665 5410 is
3690 5373 3801 5412 ca-

2167 5444 2478 5515 morlingo,
2507 5448 2569 5499 ut
2599 5460 2802 5500 omnes
2832 5461 2922 5500 res
2947 5445 3282 5500 monasterii
3313 5463 3448 5503 cum
3475 5447 3696 5503 colonis
3741 5449 3821 5503 et

1788 5593 2014 5648 VARle
2053 5590 2451 5648 LECTlONES.

506 5749 554 5786 ﬂ
582 5738 916 5798 miliariario
946 5754 992 5794 ο.
1105 5742 1151 5778 οι
1181 5733 1221 5790 i.
1245 5749 1298 5803 θ,
1329 5731 1635 5789 columbas.

1750 5738 1796 5775 6°
1827 5730 2188 5789 monasterio
2214 5747 2328 5787 cor.
2360 5727 2819 5787 monasterium.
