4018 6170
305 356 363 412 ιθ
1232 359 1324 416 DE
1361 354 1830 423 IMPERATORIA
1867 344 2263 426 POTESTATE
2297 356 2368 423 IN
2405 353 2610 424 UR'BE.
3515 362 3587 428 so

322 476 667 545 sanctissima,
687 480 744 533 et
762 481 969 535 cuncto
996 481 1209 552 populo
1224 481 1485 539 Romano
1506 486 1767 545 laudibus
1798 494 1883 547 est
1903 490 1959 556 Α
1982 492 2272 548 Iohannes
2297 506 2448 562 papa
2472 487 2706 561 fugatus
2725 488 2796 544 de
2813 484 3071 543 custodia
3090 485 3149 542 in
3174 486 3485 543 Marsorum
3500 496 3586 543 re-

304 570 605 624 bonoratus.
635 568 767 623 Erat
780 569 935 624 enim
955 570 1230 641 gaudium
1249 577 1692 644 magnuminter
1709 579 1879 636 Saxo-
1982 582 2177 655 gione,
2202 583 2259 634 et
2298 578 2376 634 sic
2406 590 2780 652 properantes
2802 577 3043 633 ostiliter
3058 576 3115 632 in
3147 576 3478 633 Sabinensis
3496 581 3583 633 est

312 658 478 712 nicum
506 674 700 729 regem
722 662 779 713 et
811 658 1112 731 pontifices
1139 661 1209 716 de
1238 662 1527 720 Johannes
1550 666 1876 723 duodecimi
1980 672 2290 744 ingressus,
2324 686 2455 723 cum
2483 669 2680 723 Tuscie
2710 667 2921 722 ﬁnibus
2951 666 3025 723 ad
3056 668 3239 722 Roma
3270 671 3353 722 est
3392 682 3582 722 rever-

306 763 429 819 pape
458 754 501 788 ττ
523 765 537 801 ς
570 747 639 801 de
682 747 1001 803 accidentia
1029 748 1180 804 illius
1208 755 1266 805 et
1300 758 1489 809 morte
1520 755 1579 811 in
1609 756 1871 813 libellum
1975 778 2068 817 sus
2094 777 2106 815 :
2138 763 2195 814 et
2220 759 2372 812 clero
2395 757 2674 829 etpopulo
2708 758 2969 812 Romano
2997 772 3129 811 cum
3153 756 3347 828 ymnis
3367 759 3426 810 et
3452 758 3575 810 lau-

305 835 656 907 episcopalem
682 837 1030 907 repperitur-
1974 848 2141 904 dibus
2168 847 2398 903 obviam
2443 846 2495 901 ei
2540 848 2943 918 precesserunt
2985 844 3092 917 (an.
3127 845 3272 919 966).
3306 847 3373 900 Et
3407 844 3582 901 missa

362 926 439 978 38.
468 924 669 978 Genuit
696 928 892 981 autem
921 926 1438 1000 isdemimperator
1464 931 1594 989 Otto
1622 932 1866 1005 Saxone,
1970 938 2261 994 celebrata
2293 937 2351 990 in
2371 934 2613 991 ecclesia
2641 934 2825 990 sancti
2847 935 3022 1001 Petri,
3044 934 3100 989 in
3118 934 3329 1007 palatio
3348 935 3579 990 Latera-

300 1012 361 1067 ab
387 1029 572 1068 amore
599 1014 682 1068 sui
713 1014 968 1070 nominis
1002 1016 1132 1072 Otto
1162 1021 1398 1074 vocatur
1428 1022 1872 1080 nomine.Coro-
1970 1025 2167 1082 nensis
2203 1026 2511 1097 ingressus.
2558 1023 2760 1095 Sepius
2792 1022 2952 1079 enim
2996 1022 3256 1095 pontifex
3297 1022 3581 1078 salutabat

298 1108 470 1211 natum
489 1106 769 1211 est-autem
786 1104 1011 1211 hisde‘m
1028 1106 1159 1162 Otto
1179 1110 1430 1165 secundo
1443 1127 1715 1169 asummo
1732 1130 1872 1185 pon-
1971 1113 2427 1188 populum;gaud
2438 1114 2571 1169 ebat
2590 1114 3114 1180 cumRomanos,et
3129 1112 3471 1211 epulabatur
3490 1127 3582 1167 co-

304 1191 454 1257 tiﬁce,
484 1195 539 1246 et
567 1193 848 1248 sociatum
879 1197 963 1248 est
1006 1212 1252 1267 regnum
1284 1198 1463 1268 patris
1490 1199 1578 1255 sui
1605 1199 1716 1272 (an.
1741 1205 1868 1271 967,
1970 1202 2132 1259 tidie.
2159 1204 2302 1258 Puto
2343 1201 2499 1275 quod
2531 1202 2728 1257 dolose
2774 1200 2974 1255 animo
3007 1200 3128 1272 ejus
3155 1191 3431 1272 ihjuriam
3471 1200 3578 1270 sibi

295 1279 400 1334 Dec.
424 1281 812 1349 25).Fecerunt
831 1287 1025 1339 autem
1037 1284 1257 1340 hisdem
1272 1286 1639 1359 imperatoris
1654 1292 1867 1363 legem,
1969 1291 2407 1359 vindicandam,
2438 1290 2686 1364 turpiter
2715 1288 3065 1345 vindicaret.
3108 1289 3352 1360 Legatos
3376 1288 3582 1344 missus

298 1372 343 1422 et
368 1370 630 1424 conclusit
661 1371 719 1425 in
750 1372 973 1442 legibus
1001 1374 1325 1430 Romanam
1351 1377 1539 1449 legem
1572 1386 1629 1433 et
1652 1380 1871 1453 Lango-
1972 1380 2238 1454 pontifex
2278 1380 2349 1435 ab
2381 1378 2831 1451 imperatoribus
2854 1376 3106 1432 clamide
3135 1376 3193 1431 in
3226 1375 3498 1440 Saxonia,
3522 1379 3585 1431 ut

302 1456 554 1526 bardiam,
588 1462 649 1514 et
665 1460 725 1514 in
747 1461 949 1516 edictis
962 1463 1474 1536 Langobardorum
1493 1467 1649 1539 afﬁgi
1676 1485 1872 1540 prece-
1969 1469 2190 1524 veniret
2206 1472 2264 1523 et
2278 1468 2617 1523 defenderet
2634 1469 2830 1523 sancte
2844 1466 3105 1521 Romane
3122 1464 3585 1522 aacclesie.Tanta

294 1546 361 1617 pit
385 1548 485 1617 (an.
509 1550 637 1616 968,
661 1548 779 1605 Oct.
802 1551 915 1622 29).
938 1549 1260 1626 Statimque
1286 1556 1521 1611 nuntius
1555 1558 1871 1614 transmisit
1973 1558 2225 1631 denique
2242 1557 2762 1630 gentisGalliarum
2780 1554 2943 1611 Italia
2958 1553 3589 1626 suntingressi,quanta

254 1632 265 1641 ”
299 1637 347 1690 in
385 1634 962 1711 Constantinopolim,
1007 1646 1072 1696 ut
1100 1641 1169 1696 de
1209 1644 1490 1716 sanguine
1520 1647 1714 1719 regale
1741 1665 1871 1703 suos
1978 1663 2129 1702 nunc
2154 1651 2326 1702 antea
2352 1649 2410 1701 et
2438 1648 2649 1719 postea
2670 1662 2787 1700 non
2826 1646 2962 1700 sunt
2981 1643 3217 1698 inventi.
3252 1642 3331 1697 Ve
3361 1641 3587 1699 Roma!

305 1729 445 1779 natos
463 1726 733 1798 jungere.
770 1729 904 1782 Erat
928 1733 1125 1784 autem
1162 1731 1390 1788 hisdem
1421 1734 1871 1806 imperatoribus
1972 1737 2108 1809 quia
2129 1736 2305 1792 tantis
2325 1735 2516 1808 gentis
2543 1751 2817 1808 oppressa
2856 1736 2915 1790 et
2959 1734 3292 1789 conculcata
3312 1733 3423 1804 (an.
3459 1734 3584 1801 967,

294 1818 511 1883 potestas
538 1816 984 1885 ﬁrmissimas,et
1008 1819 1185 1874 robor
1206 1837 1411 1876 eorum
1439 1821 1498 1877 in
1516 1840 1697 1895 regno
1730 1824 1874 1881 itali-
1895 1817 1945 1878 Β
1972 1825 2134 1899 Jan).
2166 1843 2180 1894 ;
2215 1824 2313 1898 qui
2344 1825 2519 1879 etiam
2548 1841 2583 1879 a
2608 1822 2835 1879 Saxone
2867 1838 3005 1895 rege
3037 1838 3357 1895 appreensa
3381 1821 3587 1890 fuistis,

294 1904 572 1958 co.Placnit
584 1906 765 1960 verba
784 1907 1873 1983 imperatorGrecorum;gaudebundus
1979 1917 2037 1970 et
2068 1913 2306 1986 gladiati
2326 1912 2523 1985 pepuli
2540 1912 2649 1976 tui,
2677 1916 2735 1967 et
2758 1912 2934 1967 robor
2956 1915 3055 1966 tua
3083 1911 3156 1966 ad
3187 1911 3466 1966 nichilum
3492 1926 3585 1966 re-

294 1990 514 2061 etfectus,
542 2010 755 2049 aurum
780 1999 839 2050 et
868 2000 1173 2067 argentum
1196 1997 1488 2054 inﬁnitum
1517 2018 1650 2055 cum
1682 2005 1874 2073 puella
1982 2002 2151 2057 dacta
2163 2004 2276 2056 est!
2300 2003 2519 2056 Aurum
2539 2003 2595 2056 et
2607 2003 2916 2071 argentum
2937 1999 3419 2053 tuuminillorum
3440 2015 3593 2054 mar-

302 2082 721 2138 transmiserunt
746 2083 803 2138 in
822 2087 977 2139 terra
996 2086 1298 2156 Romania,
1312 2086 1372 2142 in
1386 2088 1622 2145 ecclesia
1643 2092 1870 2163 aposto-
1977 2089 2194 2163 suppiis
2227 2089 2557 2162 deportant.
2586 2090 2764 2144 Mater
2788 2086 2990 2155 fuistis,
3010 2103 3163 2141 nunc
3184 2085 3338 2141 facta
3349 2089 3433 2141 est
3451 2086 3589 2155 ﬁlia;

301 2170 459 2225 lorum
489 2172 741 2245 principi
774 2190 990 2229 corona
1005 2175 1208 2246 capitis
1237 2175 1541 2248 impositis,
1560 2182 1617 2234 et
1646 2176 1875 2251 nuptias
1985 2178 2157 2253 quod
2189 2178 2436 2233 habuisti
2454 2177 2773 2249 perdidisti,
2802 2176 3089 2249 expoliata
3112 2193 3172 2230 es
3202 2192 3236 2230 a
3265 2175 3471 2230 virtute
3492 2176 3594 2231 tua

314 2261 656 2329 celebrate,et
677 2263 945 2318 laudibus
961 2265 1600 2339 decorata,imperatrix
1614 2269 1876 2323 Romana
1982 2267 2202 2341 prima,
2234 2268 2336 2322 sub
2368 2269 2634 2337 tempore
2670 2264 2844 2319 Leoni
2880 2280 3068 2336 papae,
3092 2267 3176 2317 est
3202 2265 3534 2318 conculcata
3563 2281 3597 2318 a

300 2347 473 2405 effecta
491 2355 595 2417 est,
624 2355 685 2406 et
708 2354 1025 2408 secundum
1039 2355 1348 2410 Grecorum
1372 2355 1873 2429 lingua-Pyphanu
1977 2357 2159 2413 Julius
2189 2356 2431 2427 primus.
2469 2356 2628 2410 Celsa
2658 2358 2888 2408 tuarum
2912 2349 3279 2425 triumphasti
3299 2351 3590 2424 gentibus,

301 2438 650 2498 vocitabatur.
721 2444 783 2497 ln
838 2443 1188 2516 saxoniaque
1219 2450 1470 2516 pergunt
1502 2463 1603 2518 per
1656 2463 1876 2518 magna
1984 2446 2227 2502 mudum
2245 2444 2497 2508 calcasti,
2520 2442 2796 2516 jugulasti
2814 2441 3050 2514 regibus
3082 2444 3272 2507 terre;
3304 2444 3593 2514 sceptrum

292 2528 444 2582 Ietitia
470 2529 559 2601 (an
610 2534 760 2597 972).

2012 2538 2216 2591 enebal
2248 2539 2303 2589 et
2334 2537 2593 2605 potestas
2625 2531 2919 2600 maxima;
2956 2547 2991 2585 a
3015 2530 3242 2586 Saxone
3273 2544 3595 2604 regeexpo-

352 2619 430 2675 39.
464 2619 615 2674 Obiit
674 2620 906 2675 hisdem
934 2620 1044 2675 Leo
1073 2638 1225 2695 papa
1255 2622 1365 2693 (an.
1401 2625 1552 2692 965).
1585 2624 1877 2679 Iohannes
1987 2624 2126 2680 liata
2158 2629 2213 2679 et
2238 2626 2599 2678 menstruata
2631 2621 2880 2678 fortiter.
2922 2618 3081 2675 Sicut
3109 2636 3215 2693 per
3245 2619 3481 2691 quidam
3508 2637 3596 2676 sa-

294 2707 560 2780 episcOpus
592 2711 930 2765 Narniensis
960 2711 1154 2765 civitas
1167 2712 1447 2767 electusin
1479 2713 1613 2768 sede
1639 2713 1876 2769 sanctis-
1987 2713 2214 2786 pientes
2235 2712 2464 2783 dicitur,
2482 2713 2539 2765 et
2560 2712 2618 2765 in
2642 2710 2831 2765 storiis
2850 2713 3087 2765 tuorum
3110 2708 3387 2781 scriptum
3401 2726 3600 2783 reppe‘

302 2796 430 2850 sima
481 2803 725 2871 pr0pter
774 2800 884 2853 hoc
901 2800 1237 2855 advocatum
1269 2804 1353 2855 est
1381 2801 1675 2856 Iohannes
1706 2802 1874 2857 tertio
1982 2801 2387 2856 ritur.Dudnm
2404 2798 2672 2873 pugnasti
2695 2803 3027 2854 exterorum
3050 2797 3411 2869 gentibus,ex
3434 2797 3597 2855 omni

292 2883 470 2939 decimi
484 2887 1053 2958 pape.Romanivero
1067 2889 1385 2943 secundum
1399 2891 1880 2945 consuetudinem
1978 2893 2148 2963 parte
2182 2889 2459 2961 superasti
2497 2889 2756 2943 seculum
2803 2905 2837 2943 a
2869 2886 3291 2958 septemtrione
3320 2904 3497 2963 usque
3524 2887 3598 2943 ad

290 2973 489 3028 illorum
512 2975 1080 3047 malignam,ejectus
1099 2994 1251 3049 papa
1267 2978 1764 3055 de’Lateranensis
1779 2995 1879 3050 pa-
1982 2978 2331 3040 meridiem;
2366 2994 2400 3031 a
2429 2977 2736 3031 Galearum
2770 2977 2974 3046 gentes
3023 2980 3318 3046 usurpata,
3349 2976 3595 3031 nimium

291 3062 423 3128 latio,
449 3064 541 3117 alii
579 3065 987 3134 percutiebant
1035 3068 1206 3138 caput
1263 3067 1405 3138 ejus,
1439 3068 1531 3122 alii
1593 3069 1788 3138 alapas
1818 3067 1877 3121 in
1980 3067 2239 3139 speciosa
2282 3064 2488 3119 fuistis.
2531 3064 2745 3119 Omnes
2772 3067 2872 3118 tua
2924 3062 3141 3118 moenia
3172 3072 3305 3117 cum
3337 3063 3510 3117 turris
3539 3067 3597 3119 et

296 3149 443 3206 facies
468 3154 589 3223 ejus
626 3155 1010 3225 percutiebat,
1045 3155 1138 3210 alii
1174 3159 1376 3210 nautes
1400 3156 1551 3211 nutis
1575 3165 1622 3199 τε
1653 3157 1872 3212 crueia-
1901 3145 1948 3204 C
1979 3155 2284 3228 pugnaculi
2315 3153 2479 3208 sicuti
2512 3153 2687 3208 modo
2718 3149 3078 3224 repperitur:
3118 3151 3325 3205 Turres
3361 3152 3593 3205 tuarum

295 3238 495 3296 bantur.
523 3242 612 3296 Sic
646 3243 919 3297 cedentes
949 3248 1005 3298 et
1032 3245 1359 3317 aftligentes
1392 3245 1450 3299 in
1483 3246 1799 3318 Campania
1813 3246 1875 3300 fi-
1978 3244 2207 3298 tricenti
2258 3242 2553 3313 octoginta
2605 3258 2720 3295 una
2777 3238 3081 3306 habuistis,
3124 3242 3318 3295 turres
3353 3239 3599 3294 castellis

293 3328 433 3383 nibus
468 3331 745 3399 inclusus,
787 3336 845 3387 et
891 3332 1159 3388 dicebant
1192 3334 1466 3388 Romanis
1496 3334 1648 3389 inter
1668 3351 1761 3389 se:
1804 3334 1877 3390 Ut
1979 3328 2817 3406 quadragintascx,pugnaculi
2834 3328 2913 3383 tui
2931 3328 3341 3384 sexmiliaocto
3357 3328 3593 3397 centies,

302 3434 388 3469 non
438 3423 651 3475 veniant
708 3439 851 3492 reges
892 3422 1131 3479 Saxones
1171 3429 1221 3477 et
1251 3423 1487 3478 destruat
1529 3442 1751 3493 regnum
1780 3442 1875 3478 no-
1982 3423 2178 3494 portes
2208 3426 2303 3476 tue
2332 3419 2687 3491 quindecim.
2718 3419 2794 3473 Ve
2813 3418 3011 3473 civitas
3034 3416 3598 3475 Leonianaldudum

298 3513 460 3575 stram,
490 3516 539 3564 et
568 3511 761 3565 liberes
802 3518 975 3566 nostre
1015 3515 1071 3565 in
1102 3514 1485 3583 captivitatem,
1534 3512 1880 3567 intercedente
1980 3514 2150 3582 capta
2168 3510 2375 3577 fuistis,
2407 3509 2583 3565 modo
2620 3524 2756 3564 vero
2805 3525 2839 3563 a
2904 3507 3252 3563 Saxonicum
3299 3523 3437 3580 rege
3466 3505 3600 3562 reli-

297 3591 435 3651 Petro
461 3600 698 3670 apostolo
717 3601 737 3653 .'
762 3600 936 3673 Cujus
971 3601 1121 3656 sedis
1164 3601 1465 3657 exviduata
1493 3606 1871 3657 remanserat.
1978 3604 2072 3656 cta
2094 3608 2141 3643 7°
2167 3599 2180 3654 !

1590 3775 1731 3830 VAR
1742 3775 1828 3830 UE
1868 3773 2266 3831 LECTIONES.

349 3902 389 3935 ττ
410 3895 522 3951 scil.
555 3896 745 3952 obitu.
860 3904 908 3939 ⁷8
937 3901 1101 3952 nates
1132 3897 1297 3953 nodis
1321 3898 1349 3953 ?
1457 3907 1503 3943 79
1532 3900 1644 3954 Hic
1659 3906 1845 3955 auctor
1866 3899 2143 3955 scribendo
2167 3900 2327 3969 ﬁnem
2354 3899 2516 3953 dedit.

3240 4083 3572 4103 —_

482 4211 602 4314 DE
676 4209 1345 4319 IMPERATORIA
1412 4209 1965 4318 POTESTATE
2033 4214 2141 4321 IN
2208 4215 2457 4320 URBE
2524 4212 2796 4319 ROMA
2863 4208 3362 4319 LIBELLUS.

324 4575 1189 4649 Priscistemporibusimperiale
1205 4576 1874 4645 decus'eftlornitRomaa,
1905 4582 1958 4641 D
1984 4577 2063 4632 sic
2104 4579 2303 4632 tamen
2334 4578 2396 4631 ut
2413 4577 2652 4649 antiqua
2680 4578 2864 4632 Roma
2876 4576 3128 4649 gloriosa
3160 4575 3599 4648 praeponeretur

295 4666 379 4717 sub
404 4669 559 4737 cujus
574 4667 979 4721 dominatione
993 4666 1217 4720 diversa
1245 4666 1636 4721 consistebant
1668 4685 1871 4739 regna,
1981 4666 2227 4721 czeteris.
2260 4665 2540 4719 Euntibus
2563 4669 2759 4720 autem
2788 4664 3061 4736 apostolis
3083 4665 3169 4718 vel
3184 4663 3600 4718 successoribus

295 4756 339 4803 et
366 4756 445 4809 cui
475 4762 693 4810 cunctae
726 4759 928 4827 gentes
967 4756 1205 4828 prepria
1245 4756 1663 4811 submittebant
1687 4759 1855 4811 colla.
1981 4773 2183 4811 eorum
2218 4754 2536 4827 prmdicare
2582 4755 2948 4825 evangelium
2984 4754 3305 4808 secundum
3335 4753 3597 4807 divinum

298 4840 577 4898 Constituit
600 4861 743 4914 ergo
774 4845 1054 4908 consules,
1108 4844 1205 4915 qui
1254 4844 1545 4898 cotidiano
1582 4862 1682 4898 usu
1707 4846 1873 4916 regni
1982 4849 2335 4918 praeceptum
2360 4844 2414 4899 in
2438 4845 2720 4899 mundum
2739 4842 3341 4909 universum,Romam
3361 4858 3603 4897 cessares

299 4930 661 4997 gubernacula
694 4933 933 4987 consilio
967 4933 1378 5004 disponebant.
1407 4935 1582 4987 Erant
1622 4950 1874 5006 namque
1984 4935 2442 5001 revertebantur,
2472 4933 2767 4987 diversato
2782 4934 3017 4986 rmenta
3032 4931 3598 4993 sanctisinfcrentes,

298 5018 579 5077 distributa
592 5023 780 5077 officia
792 5040 897 5095 per
916 5027 1215 5077 senatores
1232 5025 1290 5076 ct
1307 5023 1880 5095 magistratus,prout
1985 5028 2045 5078 nt
2077 5024 2183 5079 diis
2212 5024 2326 5079 suis
2345 5022 2830 5095 placerent.Unde
2845 5020 3139 5088 accidit,ut
3155 5021 3356 5075 beatus
3373 5023 3595 5089 Petrus,

298 5108 579 5182 unicuique
595 5112 975 5167 ministerium
994 5128 1165 5182 opere
1181 5113 1877 5184 competebat.lmperiale
1985 5113 2085 5185 qui
2114 5115 2388 5185 praelatus
2415 5112 2603 5167 fuerat
2629 5111 2851 5166 casteris
2884 5128 2917 5166 a
2949 5112 3079 5166 Iesu
3098 5110 3323 5165 Christo
3355 5109 3597 5166 domino

296 5211 408 5251 vero
424 5198 594 5253 decus
613 5201 875 5255 laudibus
894 5201 1328 5272 honoribusque
1354 5202 1426 5255 ab
1461 5200 1732 5255 omnibus
1750 5189 1876 5255 nﬁ-
1988 5207 2207 5270 nostro,
2242 5203 2490 5257 Romam
2539 5199 2963 5273 przedicationis
2995 5216 3165 5255 causa
3192 5199 3436 5267 veniret,
3472 5214 3600 5271 qua:

298 5287 579 5342 tummodo
591 5289 1132 5344 extollebatur.Post
1147 5290 1458 5344 adventum
1477 5289 1759 5360 unigeniti
1776 5290 1878 5344 ﬁlii
1988 5290 2251 5346 omnium
2271 5288 2536 5361 gentium
2565 5290 2928 5345 clamabatur
2941 5288 3202 5357 domina;
3221 5306 3349 5361 qua:
3364 5290 3601 5342 eatenus

300 5371 382 5427 Dei
404 5379 457 5429 et
476 5382 604 5447 post
618 5379 963 5434 ascensionis
984 5379 1034 5448 ej
1046 5397 1108 5433 us
1130 5378 1747 5448 gloriam,Romanum
1769 5380 1878 5433 im-
1986 5380 2130 5435 sicut
2156 5379 2349 5434 multis
2382 5380 2677 5449 idolorum
2707 5379 2816 5434 sim
2829 5378 3077 5433 ulachris
3099 5380 3225 5433 erat
3253 5379 3505 5442 seducta,
3523 5375 3602 5430 ita

303 5462 501 5529 perium
540 5467 860 5537 Byzantium
896 5486 953 5521 se
986 5468 1230 5522 contulit
1254 5486 1403 5539 qua},
1437 5486 1470 5522 a
1503 5468 1880 5523 Constantino
1985 5469 2249 5539 plurimis
2275 5468 2782 5540 prmdicationibus
2813 5468 3209 5538 apostolorum
3235 5466 3601 5534 aliorumque

302 5564 492 5621 magno
508 5571 714 5608 caesare
728 5557 1256 5628 Constantinopolis
1270 5556 1730 5622 vocataest.Quae
1749 5556 1885 5630 quia
1988 5560 2310 5630 martyrum
2341 5557 2839 5613 exhortationibus
2864 5573 3002 5612 cum
3046 5555 3270 5613 caeteris
3301 5564 3593 5608 conversa.

304 5637 545 5697 Romano
559 5644 913 5713 gloriabatur
932 5645 1202 5718 imperio,
1226 5646 1375 5701 dicta
1396 5648 1479 5701 est
1495 5646 1647 5701 Nova
1674 5648 1877 5718 Roma,
1988 5646 2098 5701 Ubi
2130 5647 2304 5702 etiam
2334 5647 2534 5703 beatus
2560 5649 2760 5703 Petrus
2776 5648 2833 5703 et
2858 5647 3085 5715 Paulus,
3114 5644 3314 5701 doctor
3334 5634 3601 5715 gentium
