4018 6170
304 365 3634 412 W

1723 583 1868 622 ANNO
1908 581 2097 622 DOMINI
2137 581 2235 620 M111

710 846 2073 1042 SILVESTER
2265 849 2902 1039 PAPA
3129 852 3359 1039 Π.

1507 1251 2515 1383 (δΕΒΒΕΒΤυδ)·

620 1694 1086 1785 ΝΟΤΙΤΙΑ
1132 1693 1726 1796 HISTOBICA
1789 1693 1913 1780 IN
1965 1691 2684 1785 SILVESTRUM
2734 1693 3132 1783 PAPAM
3189 1695 3302 1782 II.

1421 1927 1829 1998 (Natal.Alex.,
1859 1923 2129 1982 Saeculum
2159 1943 2212 1992 x,
2238 1943 2370 1997 pag.
2405 1929 2516 2000 36.)

365 2277 652 2350 Gregorio
676 2277 718 2329 ν
745 2275 1009 2331 success“
1061 2275 1366 2329 Gerbertus
1419 2273 1652 2327 ιῖθίίοηθ
1701 2273 1916 2361 Cianus:
1937 2276 1992 2335 Α
2019 2290 2268 2360 quadam
2288 2288 2451 2342 stella
2475 2291 2780 2342 nautarum
2803 2288 2964 2342 duce.
2991 2287 3253 2341 Postbmc
3275 2290 3466 2344 autem
3486 2308 3632 2361 prie-

289 2368 486 2440 patria
515 2366 859 2438 Aquitanus,
893 2362 1097 2417 humili
1135 2378 1349 2434 genere
1368 2365 1555 2427 natus,
1577 2360 1921 2415 Auriliacen-

287 2459 367 2510 sis
401 2456 748 2518 monachus,
771 2452 980 2508 deinde
1009 2451 1304 2507 Bobiensia
1321 2451 1516 2516 abbas,
1535 2449 1760 2504 Ottonis
1776 2451 1843 2502 Ill
1863 2452 1920 2502 et

287 2543 534 2599 Roberti
548 2543 702 2614 regis
726 2543 1077 2596 Francorum
1095 2542 1437 2612 praeceptor,
1463 2538 1920 2609 archiepiscopus

289 2632 624 2698 Remensis,
646 2630 857 2685 deinde
875 2627 1346 2694 Ravennatensis,
1368 2627 1917 2698 Ottonisimperato-

291 2723 377 2777 ris
411 2720 679 2791 discipuli
705 2718 791 2772 sui
825 2719 1019 2772 favore
1053 2718 1111 2771 in
1140 2717 1336 2771 sedem
1386 2715 1760 2786 apostolicam
1789 2730 1918 2767 eve-

289 2815 442 2876 ctus,
472 2812 700 2862 mutato
734 2807 996 2873 nomine,
1015 2807 1345 2861 Silvesterll
1368 2805 1707 2877 appellatus.
1729 2805 1919 2873 Ipsum

291 2899 516 2971 Hispali
547 2901 700 2952 artes
751 2897 1012 2968 magicas
1042 2899 1099 2950 et
1129 2895 1589 2949 necromantiam
1635 2892 1916 2958 didicisse,

292 2990 635 3043 daemonem
657 2985 1009 3039 familiarem
1041 2983 1328 3050 habuisse,
1363 2982 1536 3036 etiam
1571 2999 1636 3035 ex
1668 2997 1780 3052 quo
1815 2979 1922 3034 fuit

291 3076 562 3148 pontifex
585 3075 776 3146 ipsum
811 3072 1164 3127 consuluisse
1193 3071 1264 3124 de
1287 3070 1590 3125 duratione
1621 3071 1748 3124 vita:
1780 3087 1916 3135 sum,

294 3167 371 3219 ab
387 3181 576 3236 eoque
591 3178 932 3233 responsum
953 3161 1143 3214 tulisse
1158 3160 1312 3231 quod
1328 3164 1461 3214 ante
1477 3159 1790 3213 moriturus
1802 3175 1919 3212 non

295 3257 446 3307 esset
460 3269 642 3324 quam
663 3251 899 3304 missam
919 3249 1334 3304 celebrassetin
1360 3250 1696 3314 Jerusalem,
1722 3253 1779 3302 et
1810 3247 1921 3301 alia

295 3342 551 3396 absurda
582 3345 642 3394 et
672 3340 890 3411 inepta,
909 3340 1106 3394 Benno
1143 3337 1670 3409 pseudocardinalis
1691 3341 1749 3390 et
1775 3336 1918 3390 schi-

295 3431 574 3486 smaticus
599 3433 802 3483 auctor
828 3431 1194 3482 commentus
1224 3431 1310 3481 est
1340 3430 1397 3480 et
1423 3427 1646 3498 scriptis
1679 3425 1919 3480 manda-

293 3520 594 3583 vit.Quam
609 3519 865 3572 fabulam
879 3519 938 3571 in
955 3516 1418 3572 Commentarios
1431 3533 1560 3570 suos
1573 3517 1820 3570 retulere
1833 3513 1920 3568 Si-

2019 2377 2170 2432 dicto
2211 2394 2361 2448 papa
2393 2377 2686 2443 defuncto,
2716 2376 2760 2430 is
2809 2376 3000 2448 gratia
3046 2375 3414 2448 imperatoris
3442 2378 3631 2434 eidem

2019 2467 2304 2533 successit,
2339 2469 2396 2520 et
2420 2484 2595 2538 usque
2627 2466 2698 2521 ad
2718 2469 2948 2534 tempus
2962 2465 3187 2520 Henrici
3210 2466 3361 2538 regis
3378 2468 3634 2538 sedebat,

2019 2556 2287 2610 Silvester
2331 2559 2581 2610 vocatus.
2616 2577 2641 2602 ››
2672 2556 2750 2609 De
2799 2572 2866 2609 eo
2919 2555 3226 2627 Helgaldus
3266 2556 3635 2614 Floriacensis

2020 2646 2340 2699 monachus
2372 2644 2430 2697 in
2461 2643 2585 2697 Vita
2617 2643 2850 2698 Roberti
2873 2643 3026 2714 regis
3052 2643 3632 2710 Christianissimi,de

2019 2751 2133 2805 quo
2197 2733 2275 2787 ita
2329 2733 2602 2787 scribitz<<
2636 2733 2760 2786 Fuit
2800 2732 2956 2787 idem
3023 2749 3118 2787 rex
3181 2734 3634 2804 sapientissimus

2020 2824 2366 2888 litterarum,
2388 2823 2546 2892 cujus
2567 2821 2990 2891 sapientissimo
3020 2821 3175 2876 cordi
3199 2822 3368 2877 insita
3395 2829 3561 2879 erant
3597 2844 3632 2880 a

2020 2913 2136 2966 Deo
2166 2911 2300 2964 data
2323 2910 2590 2980 perfecta:
2631 2910 2881 2964 scientiae
2935 2910 3108 2966 dona.
3141 2911 3284 2964 Nam
3315 2929 3349 2965 a
3379 2912 3635 2982 piissima

2019 3002 2205 3054 matre
2231 2998 2438 3052 schola:
2475 2998 2741 3051 Remensi
2776 2997 3039 3063 traditus,
3091 2998 3308 3052 domno
3358 3001 3632 3056 Gerberto

2021 3089 2092 3142 ad
2115 3087 2498 3141 erudiendum
2528 3089 2612 3139 est
2643 3085 2828 3150 datus,
2853 3085 2947 3155 qui
2972 3101 3106 3138 eum
3123 3085 3474 3139 sufﬁcienter
3498 3089 3635 3142 libe-

2019 3177 2233 3231 ralibus
2289 3175 2600 3228 instrueret
2650 3173 2985 3245 disciplinis,
3034 3177 3095 3226 ut
3124 3173 3181 3226 in
3213 3174 3482 3228 omnibus
3517 3177 3633 3231 Deo

2021 3264 2405 3335 omnipotenti
2437 3265 2821 3334 eomplaceret
2844 3262 3146 3316 virtutibus
3167 3262 3354 3316 almis.
3375 3264 3636 3318 Factum-

2021 3371 2131 3426 que
2165 3352 2346 3407 estzis
2377 3353 2592 3423 quippe
2650 3351 2956 3404 Gerbertus
2987 3367 3092 3421 pro
3126 3351 3380 3404 maximo
3407 3369 3522 3407 suae
3553 3370 3637 3408 sa-

2020 3441 2251 3512 pientia:
2289 3439 2647 3511 merito,qua
2661 3442 2782 3493 toto
2815 3439 3083 3493 radiabat
3107 3438 3165 3492 in
3192 3439 3431 3506 mundo,
3451 3441 3636 3496 dona-

2019 3531 2134 3586 tivo
2169 3529 2325 3600 regis
2387 3529 2643 3599 Hugonis
2703 3545 2968 3594 munere,
3002 3527 3365 3598 pontiﬁcium
3398 3514 3638 3601 adeptus

296 3611 571 3680 gehertus
587 3607 658 3660 ad
675 3624 896 3661 annum
915 3605 1311 3676 998,quamvis
1325 3606 1394 3659 de
1409 3621 1477 3659 ea
1495 3604 1828 3658 dubitanter
1843 3604 1921 3657 lo-

2024 3621 2324 3682 Remense,
2350 3633 2466 3672 non
2484 3617 2678 3671 multis
2690 3616 2858 3671 annis
2871 3615 3008 3669 illud
3022 3616 3323 3670 adornavit
3335 3618 3634 3688 splendide

295 3694 1161 3768 quatur;MartinusPolonus,S.
1181 3694 1668 3749 Antoninustom.
1690 3694 1732 3746 ll
1749 3693 1922 3746 Chro-

295 3787 438 3852 nie.,
459 3786 546 3838 tit.
575 3787 660 3849 16,
681 3786 825 3852 §l8;
851 3783 1182 3838 Vincentius
1201 3781 1616 3837 Bellovacensis
1654 3781 1751 3838 lib.
1772 3796 1918 3848 xxxv,

294 3898 425 3952 cap.
460 3883 562 3943 88,
601 3880 908 3934 Wernerus
933 3878 1248 3944 Rolewink,
1295 3878 1355 3931 in
1380 3876 1663 3932 Fasciculo
1693 3879 1920 3946 tempo-

294 3987 464 4035 rum;
499 3969 817 4022 Willelmus
864 3967 1385 4022 Malmesburiensis
1413 3967 1513 4020 lib.
1575 3966 1705 4020 nde
1744 3963 1923 4018 Gestis

295 4074 506 4128 regum
537 4058 809 4127 Anglor.,
831 4074 957 4128 cap,
994 4059 1086 4124 l0;
1133 4056 1557 4111 Centuriatores
1584 4054 1922 4124 Magdebur-

297 4165 529 4216 genses,
565 4149 621 4199 et
653 4146 900 4210 Platina,
931 4145 1030 4199 lib.
1061 4146 1131 4199 de
1159 4145 1294 4198 Vitis
1328 4144 1691 4215 pontificum,
1725 4143 1782 4196 in
1810 4143 1923 4196 SIL-

299 4253 508 4290 vssTao
539 4237 604 4288 ll.
631 4235 842 4288 Verum
881 4235 1029 4288 istud
1085 4233 1428 4288 schismatici
1476 4232 1723 4286 auctoris
1764 4249 1921 4284 com-

299 4331 596 4390 mentum,
627 4325 781 4397 quod
805 4324 1058 4379 historici
1123 4325 1296 4378 nimis
1351 4323 1566 4377 creduli
1618 4327 1676 4376 et
1735 4321 1925 4375 minus

293 4415 550 4470 accurati
573 4431 876 4485 excepere,
912 4414 1090 4468 coaevi
1121 4413 1428 4486 scriptores
1451 4413 1772 4478 destruunt,
1791 4427 1921 4464 cum

297 4505 578 4559 laudibus
625 4507 914 4558 exornant
961 4503 1303 4557 Gerbertum
1353 4518 1450 4556 seu
1497 4500 1922 4562 Silvestrumll,

297 4597 356 4648 et
387 4595 514 4664 ejus
546 4593 756 4647 eximia
787 4591 1106 4662 praedicant
1165 4590 1397 4645 merita.
1424 4591 1503 4644 De
1535 4607 1602 4644 eo
1636 4589 1925 4645 Ditmarus

296 4681 790 4753 Merseburgensis
829 4680 1129 4752 episcopus
1188 4679 1284 4734 lib.
1311 4696 1362 4733 Vl
1395 4697 1406 4734 :
1434 4702 1460 4728 ‹‹
1495 4678 1788 4750 Superius,
1841 4678 1924 4731 in-

299 4773 449 4842 quit,
483 4771 558 4824 de
588 4769 896 4824 universali
930 4785 1080 4840 papa
1110 4771 1378 4823 Brunone
1428 4768 1744 4838 disputans,
1791 4783 1922 4820 cum

300 4875 694 4913 successorem
727 4859 851 4928 ejus
897 4858 1238 4912 Gerbertum
1271 4859 1498 4911 tantum
1533 4857 1921 4919 nominarem,

2021 3709 2081 3763 in
2111 3707 2197 3762 his
2223 3723 2351 3779 qum
2382 3706 2580 3760 forent
2618 3704 2940 3759 necessaria
2986 3707 3196 3758 sancta?
3242 3705 3522 3759 Ecclesiae.
3557 3707 3635 3761 Eo

2022 3812 2278 3866 namque
2301 3793 2597 3861 derelicto,
2614 3793 3034 3848 Ravennatium
3052 3793 3235 3846 factus
3255 3796 3340 3847 est
3352 3797 3542 3848 rector
3561 3797 3634 3850 ab

2025 3885 2235 3939 Ottone
2265 3885 2352 3936 lll.
2390 3884 2467 3938 De
2498 3899 2611 3953 quo
2644 3882 2716 3936 ad
2776 3882 3162 3952 apostolatum
3189 3880 3338 3935 Petri
3395 3884 3638 3954 apostoli

2024 3971 2364 4028 sanctissimi
2396 3971 2634 4026 festinus
2665 3971 3078 4033 conscendens,
3114 3971 3295 4024 multa
3341 3971 3399 4024 in
3427 3987 3494 4024 eo
3526 3970 3637 4024 vir-

2023 4065 2212 4116 tutum
2246 4064 2514 4132 operatus
2564 4063 2648 4113 est
2677 4058 2947 4128 insignia,
2981 4062 3039 4112 et
3073 4057 3357 4128 prtecipue
3398 4059 3455 4112 in
3486 4059 3636 4112 elee-

2027 4168 2266 4221 mosyna
2291 4153 2488 4202 sancta
2518 4165 2692 4218 quam
2721 4147 2946 4199 fortiter
2984 4145 3189 4211 tenuit,
3222 4146 3359 4198 dum
3393 4146 3639 4200 ﬁdeliter

2023 4240 2178 4294 vixit.
2205 4241 2360 4292 Inter
2382 4242 2589 4290 czelera
2620 4235 2690 4289 de
2722 4253 2780 4288 se
2817 4237 2980 4289 laetus
3001 4237 3058 4288 et
3083 4234 3279 4288 hilaris
3304 4235 3382 4288 ita
3410 4235 3469 4289 in
3491 4235 3638 4290 Blit-

2025 4332 2148 4382 tera
2192 4325 2320 4380 lusit
2341 4343 2352 4379 :

2085 4459 2286 4508 Scandit
2313 4460 2376 4506 ab
2406 4460 2458 4504 Β.
2493 4457 2762 4506 Gerbertus
2783 4457 2834 4506 in
2863 4461 2937 4516 R.,
2970 4465 3083 4520 post
3107 4472 3235 4519 papa
3275 4458 3446 4522 vigens
3478 4461 3530 4506 Β.

2025 4596 2140 4648 Hoc
2172 4596 2369 4664 aperte
2399 4593 2806 4648 demonstrans
2837 4593 2991 4663 quod
3012 4591 3072 4646 hi
3109 4596 3225 4646 tres
3279 4591 3639 4664 episcopatus

2024 4684 2295 4748 honores,
2337 4699 2481 4753 quos
2507 4681 2861 4751 professione
2885 4680 3166 4751 regularis
3191 4679 3318 4734 vita}
3335 4680 3515 4734 Patris
3535 4681 3635 4734 Be-

2026 4769 2236 4824 nedicti
2267 4769 2585 4823 monachus
2613 4769 2796 4822 factus
2835 4767 3101 4838 suscepit,
3153 4767 3299 4820 rexit
3329 4771 3387 4820 et
3429 4767 3634 4833 tenuit,

2023 4859 2190 4929 hujus
2218 4859 2264 4912 R
2283 4860 2488 4912 litteras
2517 4858 2680 4928 signo
2714 4857 2770 4910 in
2795 4857 2982 4928 capite
3003 4856 3456 4923 suntdeclarati;
3489 4879 3513 4903 ι)
3538 4856 3640 4910 sci-

302 4953 362 5001 ut
393 4949 465 5001 de
492 4966 564 5000 eo
593 4948 762 5001 latius
790 4947 1006 5018 aliquid
1054 4947 1324 5012 scribam,
1356 4963 1475 4999 non
1538 4945 1923 5014 incongruum
1947 4951 1994 5009 (ζ’,
2024 4950 2156 5003 licet
2187 4948 2473 5014 Remensis,
2506 4946 2793 5001 Ravmnas
2824 4949 2880 4999 et
2905 4945 3196 4999 Romanus.

302 5040 406 5087 est.
442 5036 578 5088 Erat
608 5037 654 5088 is
683 5038 852 5089 natus
881 5035 952 5089 de
979 5035 1230 5088 occiduis
1261 5033 1618 5105 regionibus,
1652 5052 1683 5086 a
1747 5049 1923 5103 puero

300 5125 524 5178 liberali
555 5129 678 5177 arte
708 5124 978 5190 nutritus,
1016 5129 1073 5178 et
1098 5125 1170 5178 ad
1228 5124 1521 5189 ultimum,
1577 5124 1923 5176 Remensem

301 5215 506 5266 urbem
525 5214 597 5267 ad
617 5214 1101 5284 regendumjuste
1113 5216 1431 5284 promotus.
1443 5212 1670 5283 Optime
1683 5213 1924 5266 callebat

300 5305 592 5356 astrorum
623 5319 822 5356 cursus
853 5303 1203 5370 discernere,
1238 5305 1296 5356 et
1318 5303 1780 5372 contemporales
1796 5319 1925 5355 suos

301 5391 477 5445 varia:
507 5391 646 5444 artis
683 5391 888 5446 notitia
910 5407 1202 5462 superare.
1257 5391 1353 5444 Hie
1378 5391 1616 5445 tandem
1648 5407 1681 5444 a
1713 5390 1925 5444 finibus

302 5479 418 5532 suis
437 5481 724 5550 expulsus,
761 5481 1033 5535 Ottonem
1066 5480 1230 5552 petiit
1254 5480 1689 5553 imperatorem,
1723 5482 1922 5533 etcum

301 5584 375 5646 eo
403 5567 501 5621 diu
533 5572 918 5634 conversatus,
940 5569 996 5622 in
1013 5568 1364 5640 Magdeburg
1378 5568 1746 5638 horologium
1767 5567 1922 5634 fecit,

301 5656 446 5710 lllud
495 5659 653 5710 recte
701 5658 1075 5726 constituens,
1125 5656 1485 5712 considerata
1533 5674 1635 5731 per
1666 5657 1918 5713 fistulam

2098 5039 2176 5090 De
2203 5037 2409 5090 eodem
2438 5035 2709 5106 pontiﬁce
2740 5036 2946 5088 Glaber
2962 5034 3240 5089 Rodulfus
3258 5035 3359 5089 lib.
3387 5052 3401 5088 ι
3430 5035 3635 5089 Hister.

2027 5129 2103 5181 ita
2128 5125 2350 5180 scribit:
2372 5145 2402 5175 «
2429 5126 2738 5178 Accersens
2785 5123 3106 5194 imperator
3160 5123 3503 5179 Gerbertum
3528 5125 3636 5178 Ra-

2024 5232 2227 5269 vennaa
2242 5212 3061 5285 archiepiscopum,constituit
3077 5213 3239 5266 illum
3255 5213 3634 5283 principalem

2029 5305 2422 5357 Romanorum
2446 5301 2973 5374 pontiﬁcem.lsque
2989 5301 3296 5355 Gerbertus
3315 5301 3625 5356 oriunduse

2024 5392 2214 5446 Galliis
2239 5390 2472 5457 exstitit,
2503 5390 2799 5445 minorum
2834 5391 3008 5445 etiam
3042 5407 3250 5461 gerens
3283 5389 3633 5462 prosapiam,

2025 5482 2124 5536 sed
2147 5485 2342 5535 tamen
2358 5479 2594 5551 ingenio
2612 5479 2946 5547 acerrimus,
2961 5478 3292 5550 artiumque
3306 5475 3632 5532 liberalium

2025 5569 2226 5625 studiis
2255 5568 2581 5642 plenissime
2635 5568 2958 5623 instructus.
3012 5567 3263 5623 Proinde
3317 5567 3632 5618 Remorum

2025 5661 2196 5716 etiam
2229 5677 2262 5714 a
2288 5676 2423 5731 rege
2439 5659 2792 5714 Francorum
2815 5659 3054 5730 Hugone
3076 5656 3266 5712 fuerat
3290 5649 3632 5707 constitutus
