3986 6170
344 305 412 366 59
1658 303 2027 362 SILVESTER
2060 308 2241 363 PAPA
2281 307 2347 361 II.
3590 301 3664 357 60

372 429 650 504 pontifex.
674 428 787 483 Sed
812 426 1088 500 quoniam
1118 427 1283 482 valde
1302 430 1425 482 erat
1445 444 1578 483 acer
1598 446 1662 485 ac
1673 430 1965 501 providus,
1986 436 2042 496 Α
2130 435 2247 504 Po_s_t
2272 446 2461 504 annum
2492 433 2703 504 Bomgm
2724 431 2921 504 mutato
2944 424 3149 504 nomine
3180 420 3399 490 sumpsit

363 519 692 591 intelligens
702 518 1006 573 Arnulfum
1026 516 1283 588 ejusdem
1302 517 1457 572 urbis
1470 518 1964 591 archiepiscopum

354 625 468 680 quo
498 608 721 663 vivente
754 607 1054 662 ordinatus
1081 606 1272 660 fuerat
1296 622 1363 660 ex
1389 624 1672 662 consensu
1702 609 1961 678 ejusdem

358 698 530 770 regis,
564 697 668 753 niti
698 696 758 751 in
784 696 1089 769 pristinam
1110 696 1417 751 reformari
1446 698 1833 764 sedem,caute
1851 699 1963 754 iter

355 785 658 858 arripiens,
692 785 765 841 ad
790 784 1128 857 praedictum
1143 784 1375 839 devenit
1390 785 1683 841 Ottonem.
1705 787 1959 851 Quisatis

354 873 673 929 honoriﬁce
726 874 797 928 ab
827 873 1036 927 eodem
1084 876 1407 945 susceptus:
1430 891 1603 945 quem
1634 874 1812 929 etiam
1843 879 1956 931 sta-

350 962 457 1016 tim
483 963 791 1027 Ravennee,
821 959 961 1014 inde
980 976 1114 1016 vero
1146 961 1424 1018 Romanas
1450 962 1605 1018 urbis
1630 963 1958 1020 sublimavit

345 1050 676 1123 pontificem
689 1092 701 1107 .
734 1069 763 1097 »

423 1142 504 1195 De
535 1139 660 1209 ipso
685 1138 937 1210 episcopi
971 1138 1283 1210 provinciae
1296 1139 1616 1207 Remensis,
1641 1139 1700 1194 in
1723 1140 1956 1194 decreto

354 1227 653 1283 electionis
682 1226 834 1281 illius
859 1227 933 1281 ad
967 1228 1239 1282 eumdem
1267 1228 1844 1299 archiepiscopatum,
1878 1227 1959 1281 ita

351 1315 663 1387 scripsere:
687 1333 718 1368 «
742 1315 853 1369 Nos
877 1315 1130 1385 episcopi
1173 1317 1487 1371 Remorum
1509 1316 1837 1382 dioeceseos,
1869 1332 1955 1370 se-

350 1403 602 1458 cundum
621 1403 1060 1457 constitutiones
1081 1405 1338 1469 Patrum,
1362 1405 1555 1459 favore
1569 1408 1626 1458 et
1647 1405 1960 1459 conniven-

351 1491 432 1546 tia
462 1491 758 1563 utriusque
788 1491 1063 1564 principis
1086 1493 1291 1559 nostri,
1327 1493 1527 1547 domni
1559 1493 1814 1564 Hugonis
1841 1495 1955 1546 Au-

352 1579 526 1652 gusti,
559 1582 618 1633 et
648 1580 1107 1635 excellentissimi
1122 1580 1275 1652 regis
1296 1581 1551 1649 Roberti,
1576 1598 1808 1637 assensu
1821 1598 1958 1653 quo-

351 1684 463 1741 que
493 1683 696 1722 eorum
730 1668 938 1740 quiDei
959 1673 1091 1724 sunt
1111 1670 1168 1724 in
1197 1672 1349 1725 clero
1364 1675 1421 1725 et
1450 1670 1958 1742 populo,eligimus

2190 499 2252 545 Ut
2272 502 2379 544 toto
2412 500 2587 558 pastor
2611 493 2755 558 fieret
2776 489 2900 558 orbe
2923 503 3099 558 novus.

2125 560 2215 608 Cui
2240 550 2452 621 nimium
2481 555 2670 621 placuit
2699 551 2873 621 sociali
2900 558 3065 621 mente
3087 550 3266 621 fidelis,

2189 620 2378 670 Obtulit
2402 612 2501 667 hoc
2531 620 2697 666 Caesar
2724 618 2902 664 tertius
2930 616 3041 662 Otto
3070 612 3167 661 sibi

2122 686 2340 747 Tempus
2374 688 2584 744 uterque
2612 679 2769 747 comit
2788 678 2925 747 clara
2942 675 3124 747 virtute
3149 673 3343 735 sophiae
3368 694 3379 731 ;

2185 737 2380 794 Gaudet
2402 751 2453 807 et
2478 737 2625 791 omne
2646 737 2850 807 saclum.
2888 737 3134 807 frangitur
3154 751 3299 807 omne
3319 750 3474 784 reum.

2119 808 2368 869 Clavigeri
2398 806 2560 869 instar
2592 810 2709 869 erat
2724 802 2985 869 caelorum,
3021 802 3138 848 sede
3164 802 3367 862 potitus,

2181 866 2343 917 Ter'na
2371 866 2713 931 suﬁ'ectus_cui
2738 867 2845 914 vice
2875 867 3046 927 pastor
3057 869 3196 931 erat:
3277 922 3287 931 υ

2121 935 2219 982 iste
2243 932 2401 994 vicem
2428 930 2559 994 Petri
2581 926 2847 994 postquam
2872 924 3110 994 suscepit,
3147 924 3315 986 abegit

2181 993 2396 1042 Lustrali
2420 989 2594 1056 spatio'
2608 989 2793 1056 saecula
2815 994 2980 1037 morte
3008 989 3102 1056 sui:

2118 1056 2350 1118 Obriguit
2380 1048 2598 1104 mundus
2626 1054 2863 1118 discussa
2885 1065 3006 1115 pace
3031 1048 3342 1118 triumphus,

2184 1112 2417 1166 Ecclesiae
2442 1122 2623 1165 nutans
2640 1112 3146 1175 dedidicit'requiem.

2119 1181 2321 1241 Sergius
2352 1179 2483 1227 hunc
2512 1177 2731 1227 loculum
2776 1176 2901 1241 miti»
2920 1171 3103 1234 pietate
3126 1171 3382 1241 sacerdos,

2179 1236 2546 1304 successorque
2567 1254 2689 1289 suus
2712 1239 2929 1304 compsit
2954 1251 3128 1304 amore
3152 1236 3251 1304 sui.

2119 1305 2353 1367 Quisquis
2378 1304 2440 1351 ad
2463 1297 2598 1351 'hunc
2622 1297 2871 1367 tumulum
2891 1300 3075 1367 devexa
3103 1298 3293 1367 lumina
3315 1297 3490 1355 vertis,

2180 1362 2508 1430 omnipotens
2537 1365 2739 1414 Domine
2766 1363 2845 1412 dic
2870 1364 3110 1410 miserere
3131 1362 3227 1409 sui.

2131 1500 2502 1556 Occasionem
2529 1497 2689 1553 dedit
2736 1494 2996 1567 ﬁngendi
3032 1495 3217 1565 ipsum
3262 1492 3503 1566 magicis
3534 1494 3670 1549 arti-

2058 1590 2165 1644 bus
2194 1588 2455 1645 deditum
2508 1586 2698 1652 fuisse,
2726 1601 2956 1642 summa
2996 1583 3119 1654 eius
3145 1582 3205 1637 in
3239 1582 3670 1639 mathematicis

2059 1678 2286 1749 peritia,
2310 1678 2368 1731 in
2401 1677 2562 1731 novis
2588 1673 2902 1745 horologiis
2922 1672 3160 1743 aliisque
3192 1670 3479 1726 machinis
3499 1687 3668 1727 exco-

358 1756 526 1812 nObiS
555 1756 1053 1829 arChiepiSCOPIIm
1086 1758 1358 1813 abbatem
1388 1758 1748 1827 Gerberlum,
1787 1762 1956 1813 aetate
1986 1755 2037 1814 Β
2058 1766 2312 1837 gitandis
2327 1763 2675 1820 acerrimum
2696 1762 3020 1833 ingenium,
3043 1760 3102 1814 in
3120 1759 3487 1831 perficiendis
3506 1759 3673 1815 indu—
3744 1764 3751 1771 ’

350 1845 670 1913 maturum,
696 1850 903 1901 natura
933 1847 1302 1919 prudentem,
1317 1847 1652 1915 docibilem,
1666 1846 1955 1902 affabilem

352 1932 808 1989 misericordem.
843 1975 856 1987 .
914 1936 1090 2006 Hujus
1137 1937 1314 1991 vitam
1369 1954 1433 1991 ac
1464 1954 1659 1992 mores
1698 1954 1731 1990 a
1778 1953 1955 2009 puero

350 2039 637 2090 novxmus,
670 2023 928 2079 studium
957 2024 1015 2078 in
1042 2024 1247 2080 divinis
1270 2042 1335 2080 ac
1366 2027 1640 2081 humanis
1669 2027 1841 2081 rebus
1869 2044 1960 2081 ex-

346 2111 493 2183 perti
509 2129 735 2181 sumus;
765 2113 935 2183 hujus
950 2113 1201 2168 consiliis
1217 2130 1281 2168 ac
1296 2114 1627 2185 magisterio
1650 2115 1707 2167 in
1718 2115 1958 2169 formari

349 2200 683 2271 quaerimus,
707 2200 755 2271 ej
766 2218 830 2254 us
859 2201 1204 2256 electionem
1228 2203 1638 2258 subscribendo
1656 2204 1961 2258 confirma-

349 2302 499 2341 mus.
532 2307 561 2335 »
590 2289 782 2358 Ipsum
804 2288 1111 2360 Gregorius
1133 2290 1175 2343 V
1210 2289 1466 2362 pontifex
1503 2291 1754 2361 optimus
1784 2294 1842 2345 et
1866 2308 1956 2346 ec-

351 2375 679 2430 clesiasticae
691 2376 1138 2433 studiosissimus
1149 2378 1465 2451 pisciplinse
1480 2379 1552 2433 ad
1565 2380 1957 2435 Ravennatem

352 2464 915 2538 archiepiscopatum
942 2468 1147 2535 evexit,
1177 2468 1487 2541 multisque
1514 2470 1741 2524 ornavit
1783 2469 1957 2541 privi-

349 2551 513 2623 legiis
543 2554 618 2609 oh
650 2554 862 2609 eximia
891 2556 1012 2626 ejus
1034 2555 1265 2611 merita.
1776 2623 1788 2632 ο

422 2640 782 2713 Stephanum
802 2643 1169 2714 Ungarorum
1186 2662 1387 2718 regem
1408 2642 1961 2720 sanctissimum,qui

353 2731 717 2787 Pannoniam
744 2732 818 2786 ad
839 2732 1046 2787 Christi
1076 2733 1253 2789 ﬁdem
1287 2735 1653 2805 perduxerat,
1676 2737 1830 2808 regis
1854 2756 1956 2792 no-

346 2818 506 2873 mine
532 2820 809 2892 regioque
839 2822 1169 2876 diademate
1195 2822 1462 2879 Silvester
1478 2826 1521 2878 Il
1543 2826 1955 2895 cohonestavit,

353 2923 583 2962 crucem
615 2911 750 2962 ante
771 2909 983 2982 ipsum,
1003 2926 1105 2965 ceu
1136 2912 1727 2984 apostolatusinsigne
1745 2915 1959 2986 gestari

2057 1854 2217 1921 stria,
2240 1870 2367 1925 quae
2390 1852 2516 1907 rudi
2535 1852 2763 1917 saeculo,
2781 1848 3082 1904 ineruditis
3094 1847 3671 1919 hominibus,absque

2058 1942 2330 1997 familiari
2357 1940 2529 2012 genio
2559 1943 2615 1994 et
2636 1938 2919 1993 daemonis
2945 1953 3055 2008 ope
3086 1935 3211 1991 ﬁeri
3244 1952 3365 1991 non
3396 1952 3559 2007 posse
3584 1935 3669 1989 vi-

2059 2031 2707 2086 debantur.Bumorem
2750 2028 3016 2099 ineptum
3070 2024 3227 2080 auxit
3272 2041 3501 2079 summa
3547 2024 3672 2095 ejus

2060 2120 2324 2187 felicitas,
2352 2118 2509 2191 quod
2534 2134 2747 2190 nempe
2774 2117 2860 2171 vir
2902 2115 3195 2187 ignobilis,
3227 2131 3295 2169 ex
3323 2115 3570 2169 claustro
3594 2113 3673 2169 ad

2059 2210 2250 2264 aulam
2284 2209 2662 2279 penetrasset,
2713 2204 2867 2277 quod
2915 2203 3081 2259 facile
3128 2220 3188 2257 se
3230 2201 3579 2258 insinuasset
3608 2202 3673 2257 in

2060 2297 2378 2352 amicitiam
2402 2295 2751 2367 principum,
2785 2293 2941 2366 quod
2964 2291 3491 2363 archiepiscopatus
3524 2292 3675 2346 duos

2058 2386 2252 2441 Galliae
2280 2389 2337 2440 et
2365 2384 2542 2439 Italiae
2571 2382 2885 2455 primarios
2933 2380 3297 2447 obtinuisset,
3325 2396 3390 2434 ac
3430 2380 3673 2434 demum

2061 2475 2131 2529 ad
2157 2474 2354 2528 sedem
2378 2471 2735 2544 pontificium
2764 2473 2912 2524 esset
2950 2471 3271 2541 provectus.
3303 2490 3330 2517 «
3360 2468 3488 2522 Huic
3540 2468 3673 2523 vul-

2061 2563 2278 2635 gariter
2303 2562 2437 2617 ficta
2473 2562 2554 2631 (ut
2609 2559 2875 2614 Willelmi
2920 2556 3441 2613 Malmesburiensis
3477 2557 3677 2612 verbis

2060 2651 2404 2721 utamur),eo
2423 2650 2578 2721 quod
2595 2647 3433 2719 soleatpopuluslitteratorum
3450 2645 3675 2701 famam

2060 2741 2291 2806 laedere,
2326 2739 2519 2794 dicens
2552 2739 2714 2793 illum
2779 2737 2935 2808 loqui
2965 2752 3097 2791 cum
3151 2735 3441 2801 daamone,
3494 2750 3677 2805 quem

2059 2830 2120 2884 in
2153 2828 2345 2900 aliquo
2370 2827 2579 2882 viderit
2600 2827 2972 2881 excellentem
2999 2841 3197 2897 Opere.
3232 2823 3395 2878 Unde
3443 2824 3677 2878 Boetius

2061 2918 2118 2972 in
2139 2918 2286 2972 libro
2319 2917 2389 2971 de
2412 2914 2817 2971 Consolatione
2838 2911 3217 2985 philosophiae
3232 2911 3491 2983 queritur
3534 2927 3675 2983 pro-

345 2997 536 3071 jussit,
563 2998 829 3052 ecclesias
858 2999 918 3052 in
952 2999 1074 3070 ejus
1121 2999 1437 3055 ditionihus
1466 3002 1802 3057 constitutas
1850 3004 1955 3074 ipsi
1980 3038 2025 3096 Ο
2058 3008 2187 3078 pter
2216 3005 2469 3060 studium
2487 3003 2785 3076 sapientiae
2801 3020 2860 3056 se
2874 3002 2944 3056 de
2957 3001 3166 3055 talibus
3182 3002 3470 3065 notatum,
3504 2999 3674 3070 quasi

349 3086 700 3141 ordinandas
744 3087 995 3159 reliquit,
1030 3087 1488 3159 Strigoniensem
1521 3091 1853 3159 Ecclesiam,
1887 3109 1955 3148 eo
1985 3086 2025 3096 “”
2058 3093 2466 3149 conscientiam
2480 3109 2642 3147 suam
2664 3091 2962 3161 sacrilegio
2977 3089 3275 3160 polluisset
3298 3088 3372 3144 ob
3386 3086 3678 3142 ambitum

344 3179 590 3246 rogante
622 3177 996 3247 metropolim
1027 3178 1345 3245 constituit,
1373 3182 1609 3234 caeteros
1638 3182 1953 3253 episcopos,

344 3266 697 3335 gentemque
714 3267 899 3318 totam
913 3266 1229 3335 apostolica
1241 3267 1641 3323 benedictione
1653 3271 1957 3324 confirma-

346 3352 444 3418 vit,
469 3356 532 3406 ut
590 3354 833 3407 testatur
862 3353 1169 3409 Cartuitius
1196 3356 1567 3427 episcopusin
1614 3358 1735 3413 Vita
1754 3359 1811 3415 S.
1836 3359 1957 3415 Ste-

346 3439 523 3513 phani
553 3440 708 3511 regis
731 3441 1116 3512 Ungarorum,
1142 3444 1294 3515 apud
1316 3445 1570 3514 Surium,
1604 3447 1677 3501 ad
1710 3448 1866 3502 diem
1888 3450 1956 3503 20

345 3527 604 3599 Augusti.
634 3529 855 3584 Arnulfi
882 3532 1179 3586 Remensis
1205 3534 1617 3605 archiepiscopi
1648 3536 1958 3592 restitutio-

346 3632 483 3670 nem
504 3618 867 3674 confirmavit
884 3619 1153 3676 Silvester
1173 3623 1238 3689 II,
1258 3639 1326 3677 ea
1345 3626 1469 3678 arte
1485 3640 1549 3677 ac
1562 3624 1958 3694 prudentia,ut

346 3703 415 3759 iis
444 3723 572 3777 quin
604 3706 663 3760 in
693 3707 883 3778 ipsum
901 3710 1205 3781 scripserat
1223 3711 1612 3766 aemulationis
1637 3714 1695 3766 et
1715 3716 1954 3768 conten-

347 3794 522 3849 tionis
552 3795 808 3867 ingenio,
833 3801 891 3852 et
921 3798 1063 3852 actis
1086 3799 1290 3871 synodi
1320 3800 1619 3855 Remensis
1649 3801 1706 3855 in
1727 3817 1840 3872 qua
1862 3802 1956 3856 de-

347 3883 566 3955 positus
595 3885 805 3955 fuerat,
837 3903 955 3941 non
998 3889 1327 3960 derogaret,
1359 3892 1419 3944 et
1443 3890 1591 3943 sedis
1626 3891 1954 3960 apostolicae

346 3973 675 4029 auctoritati
715 3977 1059 4031 consuleret.
1092 3978 1253 4033 Unde
1285 3982 1342 4033 et
1394 3986 1571 4032 reatus
1623 3982 1954 4036 conscientiae

345 4064 633 4131 meminit,
662 4068 721 4119 et
750 4066 1066 4137 quibusdam
1086 4068 1379 4123 excessibus
1410 4068 1718 4137 pontiﬁcali
1759 4070 1955 4124 honore

345 4155 625 4223 privatum
658 4154 861 4208 asserit
887 4156 944 4208 in
977 4156 1220 4226 epistola
1274 4157 1347 4210 ad
1397 4156 1585 4227 ipsum
1633 4157 1873 4225 data;et
1902 4160 1954 4213 ei

347 4240 651 4295 subvenire
673 4257 733 4294 se
751 4242 923 4320 .dicit,
950 4246 1014 4297 ut
1045 4245 1176 4316 quia
1228 4245 1345 4313 ejus
1394 4244 1657 4300 abdicatio
1714 4245 1956 4302 Romano

2058 3181 2372 3253 dignitatis.
2398 3181 2526 3234 Non
2545 3180 2910 3247 conveniebat,
2941 3178 3150 3250 inquit,
3184 3178 3560 3232 vilissimorum
3585 3193 3674 3230 me

2054 3273 2337 3340 spirituum
2354 3270 2613 3341 praesidia
2660 3276 2893 3339 captare,
2967 3284 3122 3338 quem
3192 3273 3250 3319 tu
3293 3268 3349 3319 in
3398 3266 3535 3318 hanc
3578 3281 3676 3319 ex-

2055 3359 2349 3413 cellentiam
2410 3358 2771 3429 componebas,
2818 3362 2881 3412 ut
2927 3354 3255 3410 consimilem
3284 3355 3397 3409 Deo
3431 3354 3666 3423 faceres,

2055 3448 2231 3519 Atqui
2273 3448 2373 3503 hoc
2401 3450 2510 3518 ipso
2551 3447 2792 3501 videmur
2815 3446 3007 3515 afﬁnes
3048 3443 3329 3510 maleﬁcio,
3380 3442 3521 3515 quod
3567 3445 3677 3497 tuis

2058 3537 2247 3591 imbuti
2303 3536 2614 3607 disciplinis,
2682 3537 2786 3589 tuis
2836 3536 3071 3587 instituti
3124 3532 3361 3585 Moribus
3402 3548 3606 3585 sumus.
3641 3551 3671 3580 »

2056 3624 2278 3695 Ingenii
2306 3628 2363 3679 et
2392 3623 2730 3679 eruditionis
2760 3640 2876 3678 sua:
2901 3622 3184 3677 nonnulla
3211 3618 3446 3691 reliquit
3466 3636 3677 3675 monu-

2057 3715 2257 3766 menta
2286 3711 2551 3767 Silvester
2603 3714 2672 3779 ll,
2699 3712 2911 3767 librum
2955 3709 3167 3764 scilicet
3219 3708 3291 3762 de
3315 3707 3668 3774 Geometria,

2057 3817 2232 3871 quem
2262 3800 2321 3854 in
2346 3800 2695 3856 bibliotheca
2725 3799 3081 3855 Farnesiana
3105 3815 3164 3852 se
3186 3797 3390 3869 legisse
3417 3798 3668 3851 testatur

2056 3888 2384 3960 Onuphrius
2400 3888 2686 3944 Panvinus
2702 3886 3250 3943 inAdnotationibus
3266 3886 3339 3941 ad
3356 3884 3668 3952 Platinam;

2055 3976 2267 4039 librum
2284 3977 2353 4032 de
2368 3977 2410 4031 N
2416 3976 2632 4031 umeris
2647 3977 2721 4031 ad
2736 3975 3180 4031 Constantinum
3194 3974 3549 4028 monachum
3567 3973 3669 4027 Flo

2056 4064 2403 4131 riacensem,
2427 4069 2485 4119 et
2514 4066 2816 4136 plerasque
2865 4065 3139 4133 epistolas
3166 4063 3390 4125 breves,
3420 4078 3547 4132 quae
3576 4079 3672 4115 ex-

2057 4157 2210 4208 stant
2233 4155 2446 4225 partim
2473 4154 2532 4207 in
2566 4153 2834 4207 Biblioth.
2888 4153 3019 4219 PP.,
3060 4151 3229 4206 editae
3277 4167 3343 4205 ex
3382 4149 3509 4204 cod.
3565 4150 3670 4203 Pa-

2058 4242 2204 4313 pyrii
2232 4241 2497 4307 Massoni,
2536 4240 2751 4313 partim
2782 4244 2927 4294 tom.
2952 4242 2999 4293 ΙΙ
3020 4238 3281 4294 Historia:
3312 4239 3666 4292 Francorum

346 4346 558 4384 assensu
603 4332 802 4397 caruit,
838 4330 1096 4386 Romanae
1128 4336 1345 4403 pietatis
1402 4352 1615 4390 munere
1657 4343 1952 4406 reparetur.
1983 4324 2300 4385 DAndreaa
2333 4330 2659 4385 Duchesnii.
2703 4329 2941 4400 Scriptae
2971 4332 3105 4382 sunt
3136 4332 3271 4382 ante
3301 4326 3451 4381 illius
3470 4326 3667 4396 ponti-

346 4418 501 4474 Obiit
526 4419 794 4475 Silvester
811 4421 856 4474 Il
882 4423 947 4475 l2
994 4421 1121 4475 Maii
1179 4440 1332 4477 anno
1365 4424 1571 4478 Christi
1624 4428 1779 4494 1003,
1823 4442 1955 4481 cum

345 4525 528 4563 annos
559 4512 806 4581 quatuor
835 4512 893 4562 et
918 4525 1145 4564 menses
1172 4513 1286 4565 tres
1315 4514 1402 4566 vel
1429 4515 1679 4584 quatuor
1694 4515 1950 4587 sedisset.

346 4598 457 4669 Ipsi
483 4599 591 4653 hoc
637 4597 996 4669 epitaphium
1049 4599 1241 4672 posuit
1308 4600 1538 4673 Sergius
1594 4604 1660 4656 IV
1690 4605 1950 4675 pontifex

343 4687 639 4755 Maximus,
678 4687 835 4759 quod
866 4688 1157 4743 Bennonis
1185 4690 1638 4757 calumniam,ab
1661 4694 1786 4748 aliis
1817 4694 1952 4748 sim-

342 4776 673 4847 plicioribus
693 4778 751 4829 et
773 4775 945 4831 nimis
973 4776 1220 4831 credulis
1245 4778 1615 4849 scriptoribus
1627 4786 1944 4853 exceptam,

334 4865 593 4920 funditus
632 4865 908 4920 subvertit
935 4883 948 4920 :

402 5027 502 5093 iste
529 5023 672 5074 locus
697 5025 869 5093 mundi
892 5026 1113 5093 Silvestri
1144 5028 1371 5093 membra
1390 5028 1575 5093 sepulti

460 5089 679 5137 Venturo
707 5089 913 5137 Domino
941 5089 1169 5139 conferet
1199 5091 1266 5139 ad
1292 5089 1511 5141 sonitum

395 5154 549 5210 Quem
573 5150 782 5199 dederat
801 5152 990 5218 mundo
1024 5154 1274 5218 celebrem
1294 5154 1590 5218 doctissima
1615 5155 1758 5218 virgo

458 5219 613 5276 Atque
637 5220 790 5275 caput
812 5215 986 5262 mundi
1014 5216 1239 5264 culmina
1264 5216 1521 5265 Romulea.

399 5277 625 5325 Primum
646 5276 917 5342 Ggerbertus
939 5278 1119 5326 meruit
1148 5280 1461 5342 Francigena
1485 5282 1601 5328 sede

459 5340 718 5411 immensis
738 5339 912 5411 populi
934 5340 1258 5411 metropolim
1287 5339 1483 5411 patriae.

392 5402 509 5451 Inde
535 5402 841 5451 Ravennatis
870 5409 1057 5452 meruzt
1079 5402 1419 5453 conscendere
1438 5419 1695 5455 summum

453 5463 689 5515 Ecclesia}
715 5464 940 5529 regimen
965 5465 1152 5557 nobilJe,
1176 5466 1348 5532 sicque
1374 5474 1551 5531 potens

2058 4419 2313 4487 ficatum,
2344 4423 2405 4474 et
2435 4419 2728 4473 nonnullae
2766 4420 2901 4471 sunt
2946 4417 3004 4471 in
3029 4416 3314 4470 Joannem
3338 4415 3422 4468 XV
3472 4414 3667 4485 ponti-

2058 4510 2224 4562 ﬁcem
2256 4508 2577 4563 maximum
2610 4508 2891 4562 duriores.
2946 4504 3205 4561 Gerberti
3245 4502 3549 4574 epistolam
3590 4503 3668 4556 ad

2055 4597 2497 4652 Constantinum
2519 4596 2874 4651 monachum
2905 4592 3329 4647 Floriacensem
3343 4592 3423 4644 De
3439 4591 3669 4661 sphera:

2053 4685 2498 4753 constructione,
2531 4688 2588 4740 et
2618 4699 2950 4738 sermonem
2982 4681 3283 4753 egregium
3298 4678 3671 4734 Deinforma-

2050 4775 2211 4829 tione
2242 4774 2670 4845 episcoporum,
2704 4772 2887 4826 edidit
2910 4772 2970 4824 P.
3027 4768 3385 4824 Mahillonius
3427 4769 3590 4820 tomo
3622 4768 3671 4820 II

2049 4863 2320 4919 Veterum
2340 4864 2778 4918 Analectorum.
2814 4861 3015 4915 Eidem
3040 4856 3445 4913 ascribendum
3467 4857 3674 4908 censet

2050 4952 2406 5006 Libellumin
2433 4951 2748 5022 quemdam
2782 4946 3083 5020 Porphyrii
3140 4946 3355 5006 locum,
3387 4943 3546 5013 cujus
3574 4942 3671 4996 Li-

2050 5040 2185 5095 belli
2214 5039 2478 5112 praafatio
2520 5039 2593 5093 ad
2636 5038 2914 5093 Ottonem
2937 5037 3008 5090 III
3062 5035 3481 5104 imperatorem
3510 5030 3677 5085 edita

2049 5130 2135 5182 est
2154 5131 2315 5184 tomo
2349 5130 2826 5184 IAnalectorum.
2856 5124 3127 5197 Ejusdem
3164 5119 3577 5185 Geometriam,
3612 5123 3677 5174 et

2046 5217 2633 5289 Rhythmomachiam
2656 5217 2713 5271 in
2736 5212 3394 5272 hibliothecee'l‘huaneee
3423 5225 3532 5263 ms.
3584 5224 3684 5262 co-

2047 5306 2173 5362 dice
2192 5311 2411 5363 exstare
2429 5325 2564 5365 mox
2589 5308 2855 5363 laudatus
2868 5301 3228 5362 Mabillonius
3249 5302 3489 5355 testatur
3500 5300 3561 5353 to
3570 5313 3677 5353 mo

2050 5398 2099 5453 II
2131 5398 2568 5468 Analectorum,
2601 5414 2733 5471 pag.
2770 5400 2895 5453 215.
