3986 6170
180 375 230 431 θ,
1069 381 1077 388 .
1504 339 1809 399 NOTITIA
1848 343 1862 399 l

1960 341 2283 397 TERARIA.
3511 357 3582 413 62

187 469 3574 518 Μ

1052 599 1699 715 ΝΟΤΙΤΙἈ
1777 602 2694 706 LITTERARIA.

609 789 800 868 (Apud
844 785 1178 855 Fabricium,
1215 771 1572 837 Bibliotheca
1632 773 1834 839 mediae
1859 772 1922 848 ξεί
1974 771 2176 851 inﬁmae
2207 771 2522 849 Latiniatis,
2557 777 2704 834 tom.
2737 778 2826 845 ΙΙΙ,
2860 793 2994 857 pag.
3024 780 3146 856 44,)

250 1077 602 1137 Gratianus,
644 1065 1076 1124 Aurelianensis
1111 1055 1482 1117 scholasticus
1526 1054 1684 1108 0rd.
1735 1056 1842 1108 Be-
1870 1059 1929 1116 Α
2030 1051 2275 1124 Epistola
2335 1052 2406 1107 ad
2457 1053 2828 1111 Adelboldum
2885 1057 2957 1111 de
3008 1074 3186 1115 causa
3242 1058 3584 1116 diversitatis

184 1165 309 1222 ned.
339 1164 402 1218 in
432 1159 707 1215 coenobio
733 1154 1104 1219 Floriacensi,
1131 1147 1458 1223 praeceptor
1490 1141 1740 1197 Ottonis
1768 1144 1846 1196 III

185 1256 316 1324 imp.
345 1254 406 1305 et
435 1246 710 1303 Rotberti
735 1245 889 1316 regis
919 1244 1273 1296 Francorum
1296 1235 1493 1324 atque
1512 1247 1589 1284 ex
1606 1231 1846 1324 gabbate

186 1321 445 1399 Bobiensi
474 1340 536 1392 et
563 1337 627 1390 S.
659 1331 1013 1389 Columbani
1044 1323 1340 1383 Remensis
1357 1326 1419 1377 et
1437 1321 1579 1376 hinc
1605 1321 1845 1374 Raven-

186 1431 433 1488 natensis
469 1424 972 1494 archiepiscopus,
1010 1436 1076 1473 ac
1107 1415 1350 1485 denique
1375 1427 1534 1484 papa
1559 1410 1852 1480 Sylvester

185 1522 239 1576 11
266 1521 337 1575 ab
371 1532 540 1573 anno
577 1515 706 1578 999,
740 1508 925 1580 April.
966 1512 1018 1573 2,
1056 1507 1129 1560 ad
1150 1518 1370 1560 annum
1408 1502 1663 1566 1003,12
1685 1496 1847 1552 Maii.

183 1614 238 1666 In
270 1605 685 1664 Conciliorum
708 1597 887 1654 tomis
917 1595 1146 1650 exstant
1177 1591 1292 1661 ejus
1322 1589 1596 1661 Epistolw
1630 1605 1642 1641 :
1679 1590 1730 1640 1°
1764 1585 1854 1638 ad

183 1697 519 1755 Ascelinum
565 1686 926 1759 (Azolinum)
977 1698 1078 1735 seu
1117 1679 1580 1744 Adalberonem,
1612 1674 1853 1729 Laudu-

185 1801 426 1843 nensem
450 1779 827 1852 episcopum,
861 1773 926 1825 ut
957 1770 1240 1823 accusatus
1272 1767 1352 1821 ad
1383 1768 1723 1821 Romanam
1751 1778 1855 1832 sy-

189 1875 406 1932 nodum
466 1847 708 1932 v-eniat;
755 1866 813 1918 2°
844 1859 917 1913 ad
970 1855 1268 1910 Arnulfum
1328 1870 1527 1926 quem
1570 1847 1849 1906 Remensi

187 1961 431 2020 restituit
464 1946 1021 2025 archiepiscopatui,
1049 1947 1106 1999 et
1129 1946 1180 1998 3°
1205 1942 1275 1997 ad
1310 1943 1655 1996 Robertum
1679 1939 1846 1992 Vice-

188 2053 502 2108 liacensem
555 2043 860 2104 abbatem,
915 2035 1075 2106 cujus
1121 2031 1445 2103 privilegia
1508 2028 1838 2084 conﬁrmat.

188 2144 316 2196 Alia:
349 2133 619 2208 Epistolas
673 2126 885 2194 CLXI,
936 2139 1076 2196 quas
1115 2118 1388 2174 Gerberti
1430 2117 1621 2172 adhuc
1673 2119 1842 2170 utens

190 2204 450 2291 nomine,
489 2219 974 2290 archiepiscmpus
995 2209 1288 2266 Remensis
1322 2204 1588 2278 scripsit,
1622 2208 1680 2258 et
1712 2204 1836 2275 qui-

188 2321 287 2374 bus
307 2335 374 2371 ex
405 2313 599 2368 Nicol.
635 2306 808 2362 Fabri
842 2301 1042 2358 codice
1075 2316 1202 2354 usus
1225 2295 1519 2352 Baronius
1539 2297 1644 2360 est,
1669 2292 1841 2347 edita;

190 2372 447 2480 primum
482 2419 517 2455 a
546 2402 721 2454 Joan.
759 2392 1025 2466 Baptista
1053 2389 1334 2452 Massono,
1373 2383 1608 2480 Papyrii
1626 2382 1838 2480 fratre,
1865 2372 1917 2430 B

191 2469 370 2551 l’aris.
407 2493 540 2546 1611
575 2505 590 2553 ;
626 2489 706 2551 4°,
754 2486 935 2553 atque
970 2478 1106 2532 inde
1137 2476 1197 2529 in
1226 2475 1480 2529 Andreas
1513 2472 1589 2526 du
1620 2469 1842 2524 Chesne

191 2579 585 2653 Scriptoribus
620 2569 920 2628 Francicis
951 2570 1100 2622 tom.
1128 2567 1194 2631 ΙΙ,
1227 2581 1364 2635 pag.
1400 2563 1658 2623 789—827,
1695 2562 1753 2614 et
1785 2559 1844 2613 in

195 2651 565 2729 Bibliothecis
598 2665 848 2718 Patrum
910 2655 1092 2711 Paris.
1160 2653 1493 2716 1644-1654,
1531 2653 1691 2704 tomo
1725 2651 1797 2702 Ill
1829 2663 1843 2712 ;

191 2763 391 2818 Colon.
426 2757 592 2820 1618,
628 2756 798 2806 tomo
844 2748 908 2812 X,
951 2748 1011 2799 et
1056 2742 1238 2814 Lugd.
1291 2743 1451 2806 1677,
1498 2742 1641 2792 tom.
1677 2738 1842 2806 XVII,

189 2868 320 2922 pag.
353 2849 486 2900 669.
525 2841 749 2898 Ultima
783 2854 852 2890 ex
885 2834 996 2889 illis
1039 2833 1130 2886 161
1170 2828 1426 2901 epistolis
1467 2830 1554 2881 est
1601 2827 1742 2883 data
1774 2826 1849 2883 ad

191 2917 632 2996 Constantinum,
688 2941 871 2999 quam
925 2919 1283 2994 prmfationis
1333 2919 1460 2973 loco
1518 2917 1844 2975 Gerbertus

189 3021 468 3097 premisit
500 3019 654 3073 libro
700 3031 804 3069 suo
857 3011 1044 3067 adhuc
1095 3007 1314 3062 inedito
1351 3007 1434 3061 De
1478 3022 1845 3064 numerorum

191 3094 462 3167 divisione.
498 3107 621 3164 Sed
653 3101 1015 3160 Duchesnius
1046 3100 1332 3172 praeterea
1362 3112 1431 3148 ex
1485 3094 1684 3149 codice
1727 3098 1846 3153 Sir-

194 3201 536 3264 mondiano,
571 3202 721 3252 tom.
739 3195 785 3248 ll
811 3191 1090 3262 Scriptor.
1116 3188 1418 3250 Francor.,
1443 3183 1625 3238 Paris.
1664 3187 1841 3255 1636,

195 3309 321 3364 pag.
356 3289 630 3352 828-843,
664 3281 929 3354 vulgavit
955 3277 1092 3332 alias
1111 3273 1375 3330 Gerberti
1400 3271 1669 3343 Epistolas
1707 3275 1840 3344 LV,

197 3360 332 3454 quas
361 3381 424 3433 in
457 3371 835 3432 Bibliothecis
863 3370 1102 3423 Patrum
1123 3363 1405 3436 repetitas
1434 3377 1550 3414 non
1571 3360 1839 3420 invenio.

261 3467 506 3539 Epistula
545 3464 619 3517 ad
667 3458 1090 3516 Constantinum
1129 3451 1436 3516 eumdem,
1470 3451 1843 3508 monachum

199 3537 654 3619 Floriacensem,
689 3555 749 3605 et
780 3551 982 3621 postea
1015 3545 1288 3599 abbatem
1316 3539 1375 3592 S.
1410 3537 1845 3597 Maximini:De

1955 1159 2228 1198 arearum
2259 1143 2318 1197 in
2347 1142 2580 1214 trigono
2612 1147 2972 1217 aaquilatero,
3008 1150 3368 1219 geometrice
3398 1151 3579 1206 arith-

1957 1232 2284 1302 meticeque
2337 1248 2611 1302 expenso.
2681 1236 2745 1288 In
2814 1234 3034 1288 laudati
3099 1237 3248 1292 Pezii
3308 1240 3574 1294 anecdot.

1957 1324 2102 1376 tom.
2137 1322 2227 1387 Ill,
2257 1325 2420 1391 parte
2450 1339 2510 1388 ΙΙ,
2546 1340 2603 1394 p.
2637 1325 2827 1380 82-84.

2031 1408 2333 1463 Geometria
2367 1410 2546 1464 divisa
2577 1411 2861 1482 capitibus
2893 1413 2981 1479 94,
3007 1412 3114 1481 id.,
3148 1432 3207 1486 p.
3240 1419 3395 1472 7-82.

2032 1506 2277 1560 Libellus
2307 1506 2388 1560 De
2415 1511 2678 1577 sanguine
2708 1515 2757 1562 et
2787 1525 3005 1578 corpore
3027 1509 3273 1581 Domini,
3291 1513 3394 1580 id.,
3427 1516 3572 1570 tom.

1960 1597 2003 1662 Ι,
2037 1598 2200 1666 parte
2236 1612 2293 1661 II,
2337 1612 2469 1667 pag.
2518 1599 2777 1653 133-148.
2822 1597 3002 1668 Incip.
3049 1617 3061 1654 :
3102 1601 3262 1657 Sicut
3311 1609 3433 1656 ante
3479 1619 3574 1657 nos

1960 1684 2096 1737 dixit
2127 1683 2348 1754 quidam
2393 1687 2623 1755 sapiens.
2685 1686 2956 1741 Ediderat
3000 1690 3101 1744 sed
3158 1689 3281 1745 sine
3337 1689 3576 1746 nomine

1958 1771 2211 1827 auctoris
2237 1772 2375 1827 Lud.
2410 1773 2681 1830 Cellotius
2713 1775 3035 1846 appendice
3086 1780 3159 1833 ad
3208 1779 3346 1833 Hist.
3381 1779 3580 1834 Gotes-

1954 1858 2158 1925 chalci,
2187 1861 2364 1915 Paris.
2412 1864 2550 1917 1655
2607 1865 2734 1930 fol.,
2785 1866 2841 1917 et
2891 1866 2996 1920 sub
3050 1865 3307 1937 Herigeri
3351 1867 3577 1922 abbatis

1953 1947 2293 2002 Laubiensis
2345 1950 2590 2005 nomine
2665 1951 3029 2008 Mabillonius
3100 1955 3430 2026 prolegom.
3496 1956 3570 2010 ad

1949 2039 2102 2107 part.
2137 2053 2175 2089 ll
2201 2035 2321 2091 Saac
2372 2055 2423 2092 1v
2450 2037 2811 2092 Benedictin.
2847 2038 2961 2094 Sed
2993 2059 3061 2096 ex
3086 2042 3200 2096 ﬁde
3232 2043 3571 2098 Gottwicen-

1947 2125 2025 2178 sis
2055 2124 2268 2180 codicis
2296 2127 2578 2181 Gerberto
2612 2143 2747 2181 eum
2773 2128 2971 2183 Pezius
3013 2130 3280 2185 restituit.

2017 2213 2160 2267 Acta
2183 2216 2376 2284 synodi
2400 2215 2684 2269 Remensis
2713 2232 2806 2269 an.
2846 2220 2972 2284 992,
3007 2219 3161 2290 apud
3203 2219 3563 2275 Centuriato-

1947 2318 2038 2356 res
2066 2303 2348 2374 Magdeb.,
2372 2303 2643 2358 centuria
2669 2322 2722 2370 x,
2757 2321 2880 2377 cap.
2923 2309 2976 2373 9,
3026 2324 3159 2380 pag.
3215 2309 3337 2375 246,
3377 2325 3560 2381 oppu-

1947 2392 2123 2460 gnata
2154 2409 2186 2446 a
2217 2394 2463 2448 Baronio
2500 2393 2578 2447 ad
2603 2394 2765 2448 illum
2793 2412 3038 2462 annum,
3068 2413 3232 2450 num.
3271 2399 3302 2450 9
3334 2414 3452 2469 seq.

2015 2478 2206 2535 Ser-mo
2232 2480 2635 2554 apologeticus
2661 2485 2717 2536 in
2743 2485 2971 2538 concilio
2997 2485 3325 2539 Mosomensi
3351 2503 3446 2541 an.
3465 2490 3566 2542 995

1949 2567 2132 2622 editus
2162 2571 2218 2624 in
2249 2571 2402 2625 Actis
2441 2569 2595 2625 illius
2616 2571 2843 2626 concilii
2865 2577 2923 2627 et
2943 2573 3003 2628 in
3028 2574 3312 2628 Ceaturiis
3340 2576 3568 2647 Magde-

1947 2656 2139 2728 burg.,
2169 2663 2311 2714 tom.
2347 2662 2438 2722 III,
2462 2663 2661 2730 p.279.
2685 2662 2854 2733 Apud
2879 2663 3087 2718 Baron.
3111 2663 3183 2718 ad
3205 2681 3424 2718 annum
3442 2668 3568 2732 995,

1950 2748 2120 2817 atque
2150 2747 2380 2803 ineditis
2433 2763 2742 2818 perperam
2794 2767 2828 2804 a
2865 2751 3341 2822 praestantissimo
3385 2753 3568 2808 Caveo

1951 2851 2126 2890 accen
2136 2836 2294 2891 situs.

2019 2923 2508 2994 Rhythmomachia
2543 2925 2698 2979 edita
2727 2926 2932 2998 Lipsiae
2968 2930 3104 2982 1616
3133 2927 3419 2998 fol.,fcum
3439 2931 3564 3002 glo-

1951 3012 2250 3067 riosissimi
2291 3012 2570 3084 principis
2596 3014 2859 3082 Augusti,
2893 3015 3433 3084 Luneburgensium
3466 3018 3566 3070 du-

1949 3103 2025 3157 cis
2063 3102 2222 3156 libris
2263 3120 2335 3167 1v,
2370 3103 2450 3155 De
2483 3101 2618 3154 ludo
2645 3102 3082 3155 schacchorum.

2033 3193 2156 3247 Vita
2183 3199 2231 3245 et
2251 3192 2430 3262 passio
2454 3189 2518 3244 S.
2544 3189 2836 3244 Adalberti
2854 3189 3058 3258 Ursini,
3075 3189 3302 3244 comitis
3322 3191 3559 3245 Rosem-

1946 3282 2130 3353 bergi,
2169 3278 2468 3350 Pragensis
2497 3278 2776 3350 episcopi,
2809 3279 3110 3334 Gnesensis
3149 3278 3562 3350 archiepiscopi

1947 3375 2004 3427 et
2035 3388 2126 3424 an.
2159 3372 2260 3423 967
2284 3366 2577 3438 martyris,
2599 3367 2974 3434 Boemorum,
3001 3368 3426 3439 Hungarorum,
3452 3369 3560 3421 Po-

1947 3463 2238 3525 lonorum,
2272 3460 2612 3512 Prussorum
2637 3457 2903 3527 apostoli,
2939 3455 3094 3510 edita
3125 3457 3197 3510 ab
3227 3456 3559 3510 Abrahamo

1947 3548 2146 3603 Bzovio
2174 3564 2238 3600 ex
2255 3544 2449 3600 codice
2478 3543 2770 3598 Casinensi
2786 3545 2968 3599 Rom.
2993 3546 3127 3597 1629
3149 3543 3274 3611 fol.,
3295 3560 3410 3598 una
3425 3559 3559 3598 cum

195 3649 393 3719 sphera
423 3641 847 3698 constructione.
885 3635 944 3689 in
984 3631 1221 3724 J0§nni3
1264 3626 1768 3724 ΜᾶδίῙῙοηΙίΔξίξιη·
1798 3633 1844 3685 ΙΙ
1873 3665 1919 3724 C
1949 3638 2233 3709 Sylvestro
2252 3636 2297 3687 Il
2320 3632 2498 3688 Cassio
2522 3631 2812 3704 Aquitano
2840 3650 2873 3687 a
2904 3631 3100 3702 magia
3121 3635 3178 3686 et
3199 3632 3324 3686 aliis
3340 3633 3557 3685 calum-

194 3718 638 3797 Analectorum,
669 3744 809 3799 pag.
844 3727 952 3779 212
984 3721 1140 3793 (edit.
1172 3735 1344 3775 nova:
1375 3733 1512 3788 pag.
1553 3718 1696 3777 102).

252 3826 446 3881 Sermo
471 3822 537 3876 de
557 3817 950 3888 informatione
981 3813 1370 3882 episcoporum,
1406 3805 1510 3871 id.,
1545 3821 1679 3876 pag.
1722 3810 1840 3867 103.

267 3913 542 3982 Ρνωίαιὶῡ
574 3908 645 3961 ad
678 3907 932 3961 Ottonem
965 3898 1064 3953 III
1089 3903 1218 3970 imp.
1257 3900 1315 3950 in
1345 3895 1522 3948 locum
1554 3893 1850 3965 Porphyrii

201 4023 232 4056 α
263 4021 315 4057 se
345 4001 714 4062 illustratum,
749 3994 832 4048 id.
861 3994 1008 4046 tom.
1038 3991 1079 4054 Ι,
1108 3989 1294 4060 p.110
1319 3983 1484 4056 (edit.
1517 3999 1677 4037 novae
1709 4000 1842 4056 pag.

205 4097 351 4154 106).
389 4089 634 4142 Librum
671 4085 862 4155 ipsum
891 4077 1151 4133 Gerberti
1185 4077 1270 4130 De
1297 4070 1559 4126 rationali
1575 4078 1623 4122 et
1642 4075 1848 4130 ratione

206 4182 306 4243 uti,
336 4175 651 4251 praemissa
682 4170 891 4226 eadem
935 4183 1067 4221 cum
1107 4163 1459 4237 praefatione
1492 4159 1672 4213 edidit
1713 4161 1846 4216 Ber-

207 4267 432 4322 nardus
460 4267 572 4319 Pez
607 4266 753 4315 tom.
790 4259 810 4310 Ἰ
840 4255 1217 4319 Anecdotor.,
1252 4252 1424 4323 parte
1465 4264 1522 4313 ιι,
1555 4265 1686 4319 pag.
1723 4251 1841 4304 149.

204 4357 324 4411 Hoc
353 4355 640 4424 scriptum
671 4344 902 4418 respicit
932 4344 1020 4398 Fr.
1056 4339 1400 4404 Benzonius,
1435 4353 1564 4389 cum
1593 4336 1707 4391 ait:

332 4469 526 4531 Logica
549 4480 667 4514 cum
693 4463 867 4519 volvis,
901 4457 1019 4531 quid
1060 4467 1130 4520 tu,
1164 4456 1427 4531 Cerbe‘rte,
1462 4452 1671 4501 resolvis
1697 4452 1720 4499 Ρ

335 4518 466 4580 huic
502 4529 612 4576 orbi
639 4533 747 4576 toto
774 4530 823 4573 te
852 4518 1062 4584 praefert
1090 4518 1274 4568 tertius
1306 4518 1440 4565 Otto.

277 4643 527 4710 Accepta
555 4635 817 4689 solutione
844 4630 907 4684 de
951 4631 1156 4682 ratione
1179 4628 1265 4680 uti
1305 4631 1356 4679 et
1397 4621 1672 4690 rationali,
1707 4622 1841 4677 Ger-

212 4734 352 4785 ἐκπίῃ
387 4727 678 4783 resalutari
683 4731 806 4795 post
828 4721 1146 4775 Ravennam
1175 4717 1396 4788 placuit
1421 4713 1650 4769 Romam
1692 4713 1839 4782 dare,

211 4823 415 4873 donum
441 4815 691 4870 videlicet
721 4809 1011 4882 imperiale.
1044 4808 1172 4861 Haec
1216 4803 1536 4860 Benzonius
1569 4803 1667 4858 lib.
1697 4819 1714 4856 1
1754 4803 1843 4856 Hi-

1948 3726 2056 3780 niis
2090 3722 2376 3778 vindicato
2411 3719 2484 3791 (1)
2517 3737 2530 3774 :
2573 3723 2631 3775 et
2660 3720 2722 3775 in
2763 3720 3082 3792 appendice
3114 3720 3187 3774 ad
3217 3724 3444 3774 tomum
3477 3721 3560 3774 XX

1945 3812 2278 3879 Annalium,
2305 3812 2472 3865 Rom.
2507 3811 2636 3864 1641
2673 3810 2774 3864 fol.
2805 3809 3083 3881 Georgius
3103 3825 3238 3863 vero
3269 3809 3557 3862 Hensche-

1948 3902 2202 3972 nius,qui
2221 3900 2490 3954 eamdem
2503 3897 2697 3952 Vitam
2719 3899 2977 3953 ediditex
3001 3897 3196 3952 codice
3211 3896 3555 3968 Pragensiin

1948 3990 2100 4044 Actis
2131 3989 2418 4054 Sanctor.,
2441 3990 2586 4041 tom.
2605 3988 2697 4054 ΙΙΙ,
2717 3987 2896 4059 April.
2919 3988 3006 4050 23,
3029 3984 3559 4056 pag.178,Gerberti

1951 4096 2081 4135 eam
2105 4095 2227 4133 esse
2249 4079 2442 4147 negat,
2469 4092 2807 4147 quanquam
2835 4074 3059 4128 monitu
3087 4071 3348 4142 ejusdem
3380 4071 3555 4140 scrip-

1950 4173 2071 4223 tam
2102 4168 2269 4238 eique
2298 4165 2547 4220 dicatam
2582 4181 2701 4219 non
2734 4163 3012 4218 diffitetur
3041 4177 3075 4213 a
3107 4161 3395 4215 monacho
3414 4177 3556 4231 quo-

1950 4258 2088 4312 dam
2120 4257 2219 4312 SS.
2255 4251 2530 4308 Bonifacii
2557 4255 2615 4306 et
2635 4248 3349 4307 Alexii.EademBohuslai
3377 4248 3558 4303 Balbi-

1951 4346 2009 4400 ni
2040 4349 2128 4400 est
2157 4342 2465 4408 sententia,
2488 4341 2584 4412 qui
2613 4343 2763 4396 hanc
2783 4341 2966 4394 Vitam
2984 4339 3044 4392 in
3071 4337 3559 4392 Bohemiasancta

1947 4435 2259 4506 legendam
2292 4431 2461 4487 offert
2491 4430 2694 4485 decad.
2729 4429 2998 4484 1Miscell.
3033 4427 3239 4482 Histor.
3274 4426 3439 4498 regni
3458 4428 3559 4481 Bo-

1944 4523 2180 4585 hemias,
2209 4521 2355 4574 libro
2386 4521 2617 4590 quarto,
2652 4521 2853 4589 Pragaa
2881 4519 3018 4573 1682
3047 4516 3148 4570 fol.
3168 4515 3304 4570 Sine
3318 4516 3556 4570 nomine

1947 4611 2196 4666 auctoris
2227 4608 2480 4680 vulgavit
2511 4607 2687 4662 etiam
2721 4607 2981 4662 Canisius
3023 4609 3167 4659 tom.
3220 4605 3283 4669 V,
3325 4608 3487 4675 parte
3519 4622 3557 4658 ιι

1945 4700 2141 4771 Antiq.
2178 4701 2354 4764 Lect.,
2380 4713 2513 4768 pag.
2550 4699 2654 4752 332
2683 4695 2850 4766 (edit.
2886 4711 3047 4748 novae
3079 4695 3224 4749 tom.
3253 4693 3342 4758 ΙΙΙ,
3361 4708 3418 4762 p.
3445 4694 3556 4764 45).

2018 4788 2440 4843 Dodecastichon
2480 4785 2537 4838 in
2597 4785 2828 4838 laudem
2881 4782 3124 4838 Severini
3157 4780 3354 4848 Boetii,
3407 4783 3558 4852 apud

215 4911 433 4975 storize,
466 4922 597 4976 cap.
656 4907 738 4964 15,
770 4901 826 4954 in
879 4900 1042 4953 Joan.
1087 4895 1240 4950 Petri
1280 4893 1534 4963 Ludcwg
1571 4891 1840 4963 Reliquiis
1868 4957 1917 4976 ᾗ
1946 4889 2286 4954 Baronium,
2322 4887 2398 4940 ad
2429 4901 2650 4939 annum
2684 4886 2807 4948 526,
2840 4899 2899 4934 n.
2939 4882 3023 4934 18.

217 4957 1046 5052 'i‘nonurncntorum
1099 4988 1244 5039 tom.
1290 4983 1375 5050 IX,
1426 5000 1483 5054 p.
1501 4957 1523 4963 ⁷
1539 4984 1663 5049 249,
1694 4957 1750 5035 et
1777 4981 1838 5036 in
1868 4957 1920 5014 D
2017 4979 2131 5034 Sed
2152 4994 2330 5050 quam
2348 4975 2504 5030 idem
2529 4974 2820 5028 memorat
2839 4968 3117 5025 Baronius
3139 4968 3212 5023 ad
3233 4983 3326 5020 an.
3343 4967 3557 5054 992,}

217 5083 551 5142 lenckenii
579 5086 722 5136 tom.
756 5081 776 5132 1
811 5077 1090 5148 Scriptor.
1116 5075 1336 5139 Germ,
1372 5089 1427 5144 p.
1463 5072 1587 5126 980.

287 5173 543 5246 Epistola
569 5170 638 5223 ad
667 5167 891 5233 Sullam,
934 5164 1269 5236 episcopum
1300 5161 1696 5232 Urgellensem
1743 5176 1837 5213 an.

229 5268 391 5331 1001,
425 5267 481 5316 et
511 5261 582 5315 ad
622 5259 858 5316 Odonem
899 5254 1236 5326 episcopum
1279 5250 1716 5306 Gerundensem
1742 5266 1837 5305 an.

231 5356 366 5410 1002
401 5351 631 5422 scripta,
660 5350 717 5404 in
749 5345 957 5402 Baluzii
980 5341 1299 5414 appendice
1330 5341 1402 5396 ad
1441 5341 1690 5396 Marcam
1725 5339 1842 5394 His—

227 5443 521 5514 panicam,
555 5458 610 5511 p.
645 5441 744 5494 957
768 5455 887 5507 seq.

1944 5072 1996 5135 9,
2016 5067 2066 5122 A
2079 5068 2439 5121 ltercationem
2460 5080 2580 5117 cum
2603 5061 2776 5135 Leone
2796 5060 2982 5112 nuntio
2995 5075 3156 5129 papa:
3167 5055 3396 5110 Joannis
3416 5051 3554 5120 XV,

1947 5157 2209 5212 nondum
2241 5155 2395 5209 edita
2426 5156 2509 5206 est
2534 5151 2690 5223 quod
2702 5149 2900 5216 sciam;
2921 5146 3003 5201 uti
3025 5144 3292 5202 necliber
3310 5143 3392 5197 De
3411 5141 3554 5197 Rhe-

1947 5249 2141 5316 torica,
2176 5248 2269 5300 aut
2303 5260 2479 5316 quem
2510 5243 2594 5298 De
2619 5239 2992 5309 compositione
3017 5234 3303 5291 astrolabii
3323 5248 3554 5303 compo-

1945 5338 2078 5404 suit,
2111 5339 2257 5390 teste
2281 5332 2563 5389 Ludovico
2584 5328 2818 5395 Jacobo,
2839 5344 2895 5398 p.
2927 5328 3030 5381 214
3060 5325 3200 5380 Bibl.
3218 5319 3548 5397 pontiﬁciaa.

1947 5430 2025 5483 De
2053 5426 2241 5481 studio
2293 5422 2662 5479 scientiarum
2695 5415 3242 5473 mathematicarum
3273 5431 3386 5488 quo
3423 5412 3552 5465 Ger-

295 5569 369 5636 :f1}
414 5567 544 5621 Haec
572 5555 837 5636 apologis}
868 5572 970 5626 pro
1018 5554 1292 5625 Sylvestrs
1322 5552 1367 5604 ll
1416 5566 1615 5604 recusa
1646 5550 1811 5604 Rom.
1851 5549 1985 5605 1678
2016 5547 2116 5602 fol.
2165 5545 2302 5600 Vide
2336 5538 2752 5614 Ephemeridas
2801 5535 3165 5593 eruditorum
3203 5533 3547 5592 Parisienses

221 5631 372 5694 illius
400 5637 538 5694 anni
565 5631 697 5707 pag.
732 5631 853 5684 331.
