4018 6170
1284 551 2616 700 ΕΕΒΒΕΒΤῙ

1724 821 2130 870 POSTMODUM

702 986 2049 1155 SILVESTRI
2155 992 3126 1160 PAPAEII

385 1545 387 1548 _
1063 1271 1681 1455 OPERUM
1821 1231 2206 1458 PARS
2318 1278 2817 1459 PRIMA.

441 1581 681 1722 DE
780 1581 1886 1724 DISCIPLINIS
1973 1584 3457 1738 MATHEMATICIS.

1653 2004 2219 2098 LIBELLUS

915 2227 1101 2330 DE
1197 2224 2144 2335 NUMEROBUM
2231 2229 2966 2340 DIVISIONE

294 2391 638 2478 Hucusque
684 2393 871 2454 inter
889 2395 1217 2478 opuscula
1238 2395 1483 2478 spuria
1526 2395 1948 2478 Venerabilis
1963 2397 2166 2457 Beda:
2192 2393 2370 2470 (Opp.
2396 2399 2554 2459 tom.
2573 2402 2627 2468 Ι,
2663 2403 2789 2460 col.
2822 2396 2980 2478 681)
3004 2402 3377 2477 relegatus,
3417 2417 3602 2465 nunc

683 2486 815 2556 suo
833 2474 1109 2556 auctori
1141 2475 1506 2556 restitutam
1524 2475 1589 2534 et
1617 2477 2000 2556 recensiius
2041 2479 2132 2537 ad
2159 2479 2362 2548 ﬁdem
2405 2482 2657 2540 codicis
2687 2474 3124 2556 Scaligerani
3149 2474 3298 2543 'XX
3307 2484 3484 2550 VIII,
3525 2486 3602 2544 in

358 2546 740 2613 bibliotheca
774 2555 988 2629 Lugd.
1018 2555 1263 2615 Βαιαυ.
1306 2555 1674 2615 asservati.

1589 2707 1669 2778 (E.
1705 2707 1940 2765 Schedis
1979 2710 2044 2766 D.
2076 2707 2280 2782 Pitra.)

1614 3063 2238 3155 PREFATIO.

440 3391 793 3449 Constantino
819 3407 915 3446 suo
947 3389 1228 3446 Gerbertus
1251 3390 1558 3448 scolasticus
1583 3390 1648 3447 S.
1682 3401 1700 3434 ι

355 3479 435 3534 Vis
454 3481 729 3536 amicitiae
747 3496 896 3551 pene
911 3479 1290 3552 impossibilia
1313 3480 1522 3552 redigit
1535 3482 1608 3537 ad
1635 3480 1881 3555 possibi-

304 3569 380 3623 lia.
409 3570 544 3625 Nam
572 3569 874 3643 quomodo
903 3569 1159 3625 rationes
1189 3586 1570 3625 numerorum
1593 3571 1756 3626 abaci
1783 3587 1879 3626 ex-

299 3657 485 3727 plicare
509 3659 1022 3726 contenderemus,
1054 3658 1162 3713 nisi
1212 3661 1269 3714 te
1319 3658 1689 3724 adhortante,
1723 3675 1756 3714 ο
1800 3659 1883 3714 mi

301 3745 436 3801 dulce
465 3750 728 3804 solamen
761 3746 1483 3812 laborum,Constantine?
1515 3750 1711 3820 Itaque
1749 3764 1883 3803 cum

301 3834 492 3907 aliquot
514 3839 702 3892 lustra
724 3837 848 3908 jam
882 3835 1238 3903 transierint,
1264 3853 1332 3891 ex
1359 3854 1472 3909 quo
1510 3853 1617 3892 nec
1645 3837 1883 3904 librum,

302 3940 387 3978 nec
414 3926 748 3981 exercitium
797 3925 1008 3980 harum
1047 3941 1244 3979 rerum
1292 3925 1687 3991 habuerimus,
1727 3942 1888 3998 quaa-

304 4010 436 4080 dam,
452 4015 702 4089 repetita
726 4014 1034 4080 memoria,
1062 4013 1281 4068 eisdem
1306 4013 1492 4069 verbis
1512 4015 1886 4086 proferimus,

306 4105 542 4172 quaedam
574 4103 799 4158 eisdem
830 4102 1155 4157 sententiis.
1188 4103 1302 4157 Nec
1335 4105 1499 4175 putet
1514 4103 1891 4176 philosophus

307 4191 408 4246 sine
434 4194 637 4250 litteris
665 4194 787 4248 haec
819 4193 988 4248 alicui
1018 4192 1127 4247 arti
1165 4193 1253 4247 vel
1276 4191 1382 4248 sibi
1425 4209 1545 4249 esse
1576 4193 1889 4251 contraria.

311 4280 434 4344 Quid
461 4284 619 4344 enim
653 4283 804 4339 dicet
854 4299 978 4338 esse
1022 4283 1254 4355 digitos,
1307 4282 1602 4351 articulos,
1644 4282 1891 4352 minuta,

313 4370 392 4440 qui
417 4372 643 4428 auditor
671 4372 964 4442 majorum
989 4370 1113 4426 fore
1142 4369 1510 4442 dedignatur.
1542 4371 1892 4426 Vulttamen

311 4458 460 4516 videri
483 4463 638 4517 solus
690 4461 854 4528 scire,
901 4461 1056 4533 quod
1092 4477 1326 4516 mecum
1382 4460 1634 4533 ignorat,
1694 4463 1758 4516 ut
1813 4461 1893 4516 ait

1907 3397 1956 3458 Ο

2302 3393 2431 3450 (Lar.
2464 3395 2507 3448 Ι.
2549 3394 2634 3450 De
2667 3393 2935 3466 singulari
2968 3411 3188 3450 numero
3216 3405 3260 3449 ³.

2054 3535 2113 3591 Si
2174 3536 2643 3609 multiplicaveris
2701 3535 3082 3610 singularem,
3136 3537 3324 3612 [dabis
3379 3537 3599 3594 unicui-

1986 3641 2095 3698 que
2120 3629 2161 3691 ³]
2190 3625 2371 3698 digito
2395 3627 2671 3683 duntaxat
2691 3643 2872 3699 usque
2898 3627 2973 3682 ad
2995 3630 3210 3696 ternos,
3237 3627 3324 3682 vel
3357 3627 3596 3684 articulo

1986 3713 2293 3785 quinquies
2311 3715 2498 3771 binos.
2519 3714 2800 3787 Deinceps
2821 3731 3003 3787 pones
3035 3715 3243 3787 digitos
3265 3716 3325 3771 in
3352 3715 3600 3788 singula-

1986 3802 2144 3858 ribus
2173 3807 2232 3858 et
2268 3803 2538 3859 articulos
2581 3803 2640 3857 in
2694 3803 2948 3870 decenis,
3005 3803 3223 3860 directe
3274 3803 3490 3859 scilicet
3541 3807 3599 3860 et

1988 3891 2314 3948 conversim
2345 3893 2705 3965 singularem
2738 3909 2844 3966 per
2865 3893 3171 3960 decenum,
3197 3892 3358 3948 dabis
3377 3892 3598 3948 unicui-

1988 3998 2100 4054 que
2133 3980 2313 4053 digito
2350 3983 2574 4050 decem,
2611 3985 2668 4037 et
2701 3981 2863 4037 omni
2897 3981 3138 4036 articulo
3169 3984 3425 4036 centum.

2062 4071 2120 4127 Si
2152 4071 2510 4144 singularem
2541 4087 2646 4143 per
2707 4073 3045 4134 centenum,
3087 4068 3250 4124 dabis
3291 4068 3598 4142 unicuique

1992 4160 2173 4232 digito
2205 4165 2460 4227 centum,
2495 4163 2553 4214 et
2577 4158 2816 4214 articulo
2846 4156 3026 4212 mille.

2065 4249 2122 4304 Si
2149 4248 2502 4321 singularem
2527 4264 2630 4320 per
2660 4247 2989 4317 millenum,
3021 4245 3184 4304 dabis
3208 4245 3390 4321 digito
3417 4247 3598 4317 mille,

1993 4343 2051 4395 et
2079 4338 2320 4394 articulo
2360 4339 2560 4393 decem
2603 4336 2806 4394 millia.

2066 4427 2123 4483 Si
2139 4427 2492 4500 singularem
2510 4443 2613 4500 per
2624 4427 2907 4483 decenum
2921 4427 3251 4495 millenum,
3273 4426 3435 4484 dabis
3449 4425 3597 4499 digi-

311 4515 710 4615 ριεεεηεξδυίει
741 4515 873 4605 cus
916 4515 1074 4605 idem
1097 4515 1383 4605 samem
1404 4515 1589 4605 add.
1621 4515 1888 4621 έίωριεκ,
1911 4539 1964 4600 Ι)
1993 4517 2287 4621 ιοηεξεοεξω
2320 4515 2522 4621 enim.
2555 4519 2612 4571 ει
2642 4515 2882 4571 articulo
2914 4515 3383 4621 centumymia-

315 4639 464 4694 modo
491 4638 846 4711 compositus
878 4656 892 4694 :
925 4655 1081 4694 nunc
1111 4638 1346 4712 digitus,
1382 4654 1537 4693 nunc
1575 4638 1889 4693 constitua-

314 4727 389 4779 tur
412 4731 469 4782 ut
492 4728 800 4783 articulus?
830 4728 1016 4783 Habes
1065 4743 1226 4799 ergo,
1259 4726 1462 4783 talium
1509 4727 1754 4800 diligens
1799 4727 1893 4781 in-

313 4815 616 4888 vestigator,
673 4816 827 4872 viam
866 4815 1130 4884 rationis,
1177 4817 1412 4871 brevem
1471 4816 1710 4888 quidem
1762 4831 1890 4872 ver-

316 4902 402 4967 bis,
428 4907 524 4961 sed
561 4906 846 4980 prolixam
891 4904 1215 4969 sententiis,
1260 4909 1320 4961 et
1361 4905 1435 4960 ad
1488 4905 1892 4961 collectionem

317 4991 718 5050 intervallorum
749 4998 806 5050 et
837 4994 1304 5050 distributionem
1336 4993 1394 5048 in
1416 4994 1734 5049 actualibus
1759 5010 1892 5064 geo-

318 5084 514 5138 metrici
545 5084 688 5140 radii
722 5085 1042 5140 secundum
1073 5083 1514 5140 inclinationem
1546 5087 1604 5138 et
1651 5084 1892 5139 erectio-

318 5186 453 5238 nem,
480 5177 539 5228 et
567 5174 625 5228 in
662 5172 1149 5245 speculationibus
1177 5175 1237 5226 et
1265 5173 1583 5227 actualibus
1612 5171 1781 5226 simul
1814 5171 1896 5227 di-

319 5262 610 5317 mensionis
640 5262 762 5319 caeli
795 5266 852 5316 et
897 5265 1067 5316 terra:
1115 5261 1288 5330 plena
1324 5261 1438 5316 ﬁde
1470 5264 1891 5334 comparatam.

379 5397 394 5429 ι
425 5387 592 5454 Εᾶὶῐ.,
620 5388 711 5444 Ad
740 5387 1156 5443 Constantinum
1182 5404 1356 5442 suum.
1397 5388 1618 5442 Cetera
1665 5387 1893 5442 desunt.

377 5468 396 5500 ι
422 5458 586 5527 Edit.,
610 5461 671 5515 de
695 5460 947 5530 simplici.
976 5490 1048 5501 —
1076 5458 1142 5514 Si
1184 5459 1620 5530 multiplicaveris
1655 5459 1896 5529 singula-

325 5543 412 5583 rem
433 5546 700 5603 numerum
725 5529 826 5603 per
853 5531 1204 5603 singularem,
1225 5529 1376 5603 dabis
1412 5532 1698 5603 unicuique
1727 5531 1898 5603 digito

323 5602 636 5671 angularem,
682 5601 741 5659 ιε’
787 5601 954 5659 omni
978 5602 1204 5660 articulo
1242 5602 1442 5669 decem,
1482 5601 1676 5658 directe
1703 5601 1900 5659 scilicet

2067 4606 2125 4662 Si
2177 4605 2529 4679 singularem
2578 4621 2684 4678 per
2718 4609 3030 4662 centenum
3081 4605 3404 4673 millenum,
3438 4602 3602 4660 dabis

1994 4694 2176 4767 digito
2208 4698 2442 4751 centum
2479 4694 2682 4764 millia,
2705 4698 2763 4750 et
2789 4694 3032 4751 articulo
3063 4694 3223 4750 mille
3253 4693 3453 4750 millia.

2457 4855 2606 4929 [ϐυ.
2640 4857 2708 4912 ll.
2739 4854 2823 4910 De
2846 4853 3137 4920 Deceno‘].

2066 4981 2125 5037 Si
2155 4982 2440 5038 decenum
2467 4998 2571 5054 per
2600 4981 2906 5049 decenum,
2931 4979 3093 5036 dabis
3131 4980 3310 5051 digito
3343 4983 3602 5050 centum,

1995 5075 2052 5126 et
2077 5071 2317 5126 articulo
2351 5070 2530 5125 mille.

2068 5171 2127 5226 Si
2157 5171 2441 5226 decenum
2474 5185 2579 5243 per
2609 5173 2948 5239 centenum,
2983 5169 3147 5227 dabis
3192 5169 3372 5243 digito
3419 5168 3600 5240 mille,

1997 5260 2311 5315 ctarticulo
2344 5259 2546 5314 decem
2579 5258 2780 5315 millia.

1996 5392 2045 5443 ei
2073 5386 2383 5441 conversim.
2413 5383 2482 5457 Si
2507 5384 2838 5454 singularem
2857 5384 3256 5457 pendecenum,
3296 5383 3447 5441 dabis
3474 5383 3600 5438 uni-

1997 5460 2198 5530 cuique
2210 5457 2379 5530 digito
2399 5456 2610 5530 decem,
2629 5459 2739 5530 etc.

2070 5527 2398 5583 {Addimus
2427 5545 2494 5584 ex
2523 5527 2710 5582 editis.
3363 5567 3368 5571 .

2074 5600 2199 5672 iHuj
2209 5616 2338 5657 usce
2353 5597 2556 5674 capitis
2567 5602 2627 5655 et
2635 5599 2925 5674 sequentis
2937 5597 3134 5658 titulus
3147 5597 3306 5656 deest
3315 5596 3375 5652 in
3383 5592 3604 5657 codice.
