3986 6170
396 358 469 417 U1
1009 355 1385 418 8?}.me
1424 361 1472 418 Il
1509 360 1721 419 PAPJE
1757 360 1916 423 OPP.
1955 363 2134 423 PARS
2172 367 2215 424 Ι.
2239 396 2313 411 -—
2348 369 2440 426 DE
2475 368 2766 429 DISCIPL.
2813 373 3115 437 MATEEI.
3655 385 3726 445 88

471 483 532 544 Si
573 487 874 549 decenum
905 502 1013 562 per
1038 485 1368 554 millenum,
1399 487 1559 544 dabis
1602 487 1783 562 digito
1814 490 2014 548 decem
2044 493 2099 554 Α
2118 492 2679 551 habentdeceniuad
2692 501 3397 575 centenosetmillenos,et
3410 508 3640 564 centeni
3653 510 3727 567 ad

396 573 606 644 millia,
641 578 701 632 et
729 576 972 634 articulo
1003 581 1236 635 centum
1277 579 1478 636 millia.

469 664 529 721 Si
565 665 706 721 dece
719 682 862 722 num
884 683 992 739 per
1004 667 1285 723 decenum
1313 668 1636 737 millenum,
1653 670 1816 727 dabis
1833 672 2015 745 digito

395 755 637 810 centum
669 754 873 823 millia,
910 760 969 812 et
992 755 1234 812 articulo
1265 758 1423 814 mille
1453 758 1653 814 millia.

464 841 523 899 Si
556 842 846 902 decenum
876 862 982 919 per
1015 848 1325 902 centenum
1354 848 1680 918 millenum,
1724 849 1887 905 dabis
1924 850 2011 906 di-

391 930 514 1003 gito
551 932 717 991 mille
753 934 965 1004 millia,
1000 939 1060 992 et
1089 936 1267 992 etiam
1306 936 1613 1011 unicuique
1637 939 1875 996 articulo
1906 940 2013 997 de-

389 1019 508 1076 cies
534 1021 698 1079 mille
728 1022 934 1081 millia.

807 1132 967 1204 [CAP.
1000 1133 1092 1189 III.
1129 1132 1214 1189 De
1243 1130 1480 1191 Centeno
1502 1138 1593 1208 6"].

462 1216 521 1274 Si
553 1221 875 1277 centenum
908 1238 1013 1293 per
1043 1225 1378 1290 centenum,
1407 1224 1570 1281 dabis
1599 1226 1779 1299 digito
1807 1226 2009 1285 decem

388 1306 595 1375 millia,
640 1312 699 1365 et
727 1309 968 1366 articulo
999 1311 1217 1367 centies
1245 1311 1407 1368 mille
1430 1312 1612 1370 millia
1634 1323 1675 1369 ι.

477 1395 536 1451 Si
561 1399 874 1453 centenum
905 1415 1011 1472 per
1026 1399 1351 1469 millenum,
1392 1402 1553 1458 dabis
1572 1403 1752 1475 digito
1773 1406 2008 1461 centum

388 1483 591 1553 millia,
632 1488 693 1541 et
722 1486 968 1543 articulo
997 1488 1188 1545 decies
1217 1493 1470 1548 centena
1499 1492 1705 1548 millia.

457 1571 516 1627 Si
544 1576 857 1631 centenum
886 1592 992 1649 per
1022 1576 1307 1634 decenum
1357 1579 1685 1649 millenum,
1726 1581 1892 1638 dabis
1920 1583 2009 1639 di-

385 1658 506 1733 gito
536 1660 699 1719 mille
726 1664 930 1735 millia,
963 1668 1021 1721 et
1054 1666 1292 1724 articulo
1321 1669 1509 1726 decies
1540 1671 1700 1727 mille
1729 1670 1932 1727 millia.

455 1748 516 1805 Si
542 1755 856 1809 centenum
880 1770 986 1826 per
1011 1759 1327 1813 centenum
1359 1758 1691 1827 millenum,
1725 1760 1886 1816 dabis
1918 1760 2001 1816 di-

387 1836 511 1911 gito
546 1839 735 1898 decies
773 1841 936 1900 mille
969 1843 1174 1914 millia,
1201 1849 1260 1901 et
1297 1846 1537 1904 articulo
1585 1848 1802 1905 centies
1842 1848 2003 1905 mille

382 1926 588 1984 millia.

853 2036 980 2094 CAP.
1007 2038 1095 2098 IV.
1125 2038 1211 2095 De
1236 2038 1467 2098 Milleno
1493 2051 1536 2098 σ.

453 2121 512 2178 Si
544 2122 852 2181 millenum
886 2143 993 2200 per
1017 2127 1349 2198 millenum,
1384 2131 1551 2188 dabis
1586 2132 1765 2205 digito
1813 2134 2002 2191 decies

376 2212 628 2267 centena
656 2212 862 2278 millia,
888 2217 948 2270 et
978 2215 1219 2273 articulo
1250 2218 1440 2274 decies
1464 2220 1624 2275 mille
1650 2220 1853 2277 millia.

452 2297 512 2354 Si
533 2298 841 2357 millenum
865 2319 971 2375 per
984 2303 1269 2360 decenum
1292 2305 1619 2375 millenum,
1642 2308 1804 2365 dabis
1815 2309 1995 2382 digito

384 2384 577 2442 decies
606 2386 767 2444 mille
794 2389 1073 2459 millia,et
1097 2392 1338 2450 articulo
1363 2396 1580 2451 centies
1600 2396 1757 2454 mille
1789 2398 1991 2456 millia.

456 2473 517 2530 Si
546 2475 855 2534 millenum
896 2496 1001 2553 per
1027 2484 1341 2538 centenum
1367 2483 1694 2552 millenum,
1725 2485 1889 2543 dabis
1914 2489 1997 2544 di-

378 2561 504 2634 gito
536 2564 756 2621 centies
788 2566 946 2623 mille
970 2568 1175 2639 millia,
1203 2574 1261 2626 et
1279 2571 1518 2629 articulo
1542 2575 1761 2631 centies
1786 2576 1993 2635 millies

380 2650 542 2708 mille
572 2653 774 2710 millia.

739 2761 866 2818 CAP.
900 2763 964 2818 V.
998 2764 1083 2821 De
1111 2763 1322 2823 Deceno
1347 2766 1560 2825 milleno
1588 2778 1633 2826 τ.

455 2848 515 2906 Si
547 2850 836 2906 decenum
867 2851 1175 2909 millenum
1217 2871 1322 2928 per
1352 2856 1635 2914 decenum
1666 2862 1993 2935 millenum,

2120 581 2412 650 millenos,
2433 587 2493 639 et
2513 583 2735 640 milleni
2758 587 2831 642 ad
2860 590 3010 644 ultra
3030 607 3089 646 se
3109 595 3460 667 compositos
3479 597 3727 655 decenos

2116 669 2409 739 millenos,
2441 674 2501 727 et
2540 677 2815 730 centenos
2843 678 3131 747 millenos,
3161 682 3272 737 hoc
3297 685 3473 740 modo
3498 701 3511 740 :
3537 685 3595 741 Si
3626 703 3726 742 vo-

2116 757 2291 815 lueris
2307 776 2413 832 per
2439 761 2791 834 singularem
2818 782 3129 824 numerum
3157 770 3410 828 dividere
3440 774 3727 831 decenum

2116 851 2216 903 aut
2242 853 2578 920 centenum,
2613 861 2712 907 aut
2740 853 3066 923 millenum,
3107 860 3195 914 vel
3224 860 3396 916 simul
3427 864 3514 918 vel
3544 863 3726 920 inter-

2116 935 2308 1004 misse,
2336 937 2593 994 dividere
2623 940 3013 999 differentiam
3048 961 3082 999 a
3110 946 3389 1019 singulari
3408 958 3452 992 1³
3473 952 3545 1006 ad
3562 953 3728 1009 dece—

2115 1039 2393 1098 num,per
2409 1026 2699 1099 integram
2722 1028 3263 1090 denominationem
3275 1036 3565 1095 dividendi
3578 1042 3729 1097 mul-

2113 1111 2419 1183 tiplicabis,
2445 1118 2504 1171 et
2535 1116 2803 1172 articulos
2840 1119 3080 1191 quidem
3108 1124 3346 1197 prOpria
3377 1126 3724 1185 denomina-

2111 1199 2271 1256 tione
2303 1204 2362 1257 et
2386 1203 2573 1275 posita
2623 1204 2949 1263 differentia
2990 1208 3298 1280 diminues,
3350 1214 3562 1286 digitos
3584 1234 3722 1272 vero

2112 1287 2308 1360 digitis
2336 1292 2678 1364 aggregabis
2708 1310 2721 1347 :
2756 1297 2814 1349 et
2840 1296 2883 1350 si
2911 1297 3135 1353 articuli
3162 1302 3506 1373 provenient
3535 1309 3597 1359 ut
3625 1324 3722 1361 su-

2110 1393 2237 1449 pra,
2253 1378 2543 1436 diminues
2573 1398 2752 1453 usque
2776 1383 2847 1438 ad
2867 1386 3019 1441 solos
3049 1388 3283 1460 digitos,
3308 1394 3365 1445 et
3390 1392 3719 1449 millenusul

2110 1466 2349 1537 quidem
2381 1469 2621 1525 habebit
2652 1472 2923 1529 articulos
2954 1476 3012 1530 in
3047 1477 3320 1546 millenis,
3353 1480 3564 1552 digitos
3589 1491 3632 1525 ιι
3658 1484 3718 1539 in

2107 1557 2391 1623 centenis,
2427 1558 2639 1630 digitos
2671 1560 2731 1615 in
2763 1562 3027 1631 decenis;
3061 1565 3312 1623 decenus
3359 1570 3629 1627 articulos
3657 1571 3719 1627 in

2031 1660 2085 1722 Β
2109 1642 2362 1712 decenis,
2392 1645 2601 1719 digitos
2631 1648 2690 1703 in
2723 1647 3129 1721 singularibus.

2108 1799 2388 1884 Quomodo
2418 1805 2681 1861 metiatur
2710 1737 3247 1884 deﬁgusvclgitenum
3290 1824 3386 1870 aut
3418 1818 3714 1884 millenum,

2178 1872 2263 1955 vel
2325 1883 2606 1934 centenum
2664 1879 2965 1949 millenum,
3023 1884 3105 1938 vel
3155 1886 3433 1943 millenum
3483 1872 3549 1943 et:
3577 1872 3713 1947 ulte:

2176 1961 2338 2000 nores
2343 1985 2358 2000 .

2177 2013 2236 2070 Si
2263 2018 2512 2074 volueris
2526 2036 2632 2092 per
2657 2020 2935 2078 decenum
2966 2040 3275 2083 numerum
3305 2029 3556 2087 dividere
3577 2049 3716 2089 cen-

2102 2104 2307 2159 tenum
2337 2108 2425 2161 vel
2453 2108 2779 2178 millenum,
2809 2116 2907 2168 aut
2938 2129 3043 2185 per
3072 2119 3381 2174 centenum
3411 2120 3714 2178 millenum

2103 2195 2191 2248 vel
2217 2194 2541 2265 ulteriores,
2561 2202 2660 2253 aut
2679 2216 2785 2271 per
2798 2202 3104 2258 millenum
3119 2210 3719 2278 sequentes,differen-

2101 2280 2245 2335 tiam
2276 2280 2536 2340 divisoris
2558 2288 2718 2358 quasi
2747 2288 3054 2361 singularis
3069 2292 3143 2347 ad
3173 2294 3477 2364 decenum,
3499 2316 3603 2371 per
3622 2300 3715 2355 in-

2098 2372 2326 2442 tegram
2351 2372 2892 2433 denominationem
2915 2380 3204 2438 dividendi
3224 2386 3715 2458 multiplicabis,id

2100 2462 2191 2513 est
2220 2478 2325 2534 per
2347 2464 2625 2520 vocabula
2662 2466 2989 2538 singularis,
3018 2486 3082 2524 ac
3110 2471 3311 2527 decem
3344 2476 3611 2532 articulos
3647 2493 3716 2533 ac

2104 2546 2317 2620 digitos
2346 2551 2638 2609 diminues
2670 2573 2851 2628 usque
2894 2557 2967 2613 ad
3010 2561 3335 2617 extremum
3382 2563 3713 2634 divisorem,

2095 2636 2239 2691 sicut
2256 2638 2435 2695 fiebat
2445 2641 2503 2696 in
2522 2642 2906 2716 singularibus
2924 2649 3242 2719 quemlibet
3256 2668 3563 2709 numerum
3578 2654 3719 2710 divi-

2098 2725 2389 2784 dentibus.

2775 2805 2903 2861 CAP.
2946 2809 3029 2862 IX.

2100 2866 2378 2947 Quomodo
2402 2875 2696 2944 singulares
2732 2881 2913 2932 cuncti
2929 2880 3131 2947 deeenis
3172 2885 3468 2939 metiantur
3490 2885 3712 2943 decenas

383 2937 548 2996 dabis
570 2938 751 3014 digito
779 2940 940 2998 mille
970 2943 1174 3011 millia,
1206 2947 1265 3000 et
1293 2945 1538 3004 articulo
1578 2950 1796 3007 centies
1833 2953 1994 3011 mille
2021 2941 2070 3004 Ο
2171 2946 2433 3023 ςεηίετιοε,
2465 2937 2724 3015 lilium”:
2760 2949 2843 3002 υθέ
2868 2940 3029 3006 δίῄιαί
3063 2937 3370 3009 dividend”
3400 2937 3467 3023 iis
3493 2937 3711 3013 illati-ll:

449 3027 567 3084 illia
593 3037 636 3084 ο.

449 3028 461 3041 .
512 3028 524 3041 .
593 3037 636 3084 ο.

382 3028 829 3176 mgiudecenum
860 3119 1166 3178 millenum
1192 3140 1299 3195 per
1324 3128 1636 3183 centenum
1666 3130 1992 3202 millenum,

381 3205 545 3264 dabis
570 3206 752 3280 digito
780 3208 991 3266 millies
1019 3210 1180 3267 mille
1208 3212 1415 3282 millia,
1445 3217 1505 3270 et
1536 3218 1777 3275 articulo
1806 3220 1995 3278 decies

379 3294 592 3352 millies
623 3296 783 3352 mille
808 3296 1014 3354 millia.

776 3410 909 3464 Car.
937 3411 1029 3466 Vl.
1063 3410 1301 3468 Centeno
1325 3414 1539 3471 milleno
1559 3425 1603 3472 α.

455 3495 513 3551 Si
541 3499 855 3553 centenum
885 3498 1193 3555 millenum
1211 3517 1318 3573 per
1331 3507 1643 3561 centenum
1668 3508 1993 3582 millenum,

382 3582 548 3641 dabis
576 3584 760 3657 digito
791 3583 981 3641 decies
1002 3587 1233 3671 millies
1262 3590 1422 3648 mille
1440 3593 1642 3663 millia,
1674 3599 1733 3652 et
1753 3598 1994 3657 articulo

382 3673 602 3729 centies
640 3672 856 3730 millies
883 3674 1045 3732 mille
1066 3677 1267 3735 millia.

382 3796 660 3878 Quomodo
673 3799 961 3856 dividatur
974 3802 1268 3878 singularis
1276 3823 1374 3878 per
1388 3808 1738 3878 singularem,
1757 3812 1844 3869 vel
1872 3833 1995 3869 cen-

485 3874 637 3925 tenus
651 3888 755 3943 per
775 3878 1072 3941 centenum,
1106 3875 1188 3929 vel
1200 3874 1442 3933 millenus
1459 3874 1561 3950 per
1589 3874 1883 3943 millenum.

453 3979 517 4032 In
535 3977 848 4049 partitione
874 3996 1254 4039 numerorum
1282 3985 1442 4040 abaci
1462 3995 1526 4054 ιο,
1549 3988 1763 4046 sicutse
1777 3992 1995 4049 habent

380 4065 701 4138 singulares
730 4068 807 4123 ad
834 4068 1179 4141 singulares,
1203 4071 1283 4126 sic
1313 4074 1748 4145 quodammodo
1776 4081 1996 4137 habent

380 4170 440 4210 se
470 4153 675 4210 decem
707 4156 782 4211 ad
802 4156 1076 4226 decenos,
1098 4161 1331 4217 centeni
1355 4162 1430 4218 ad
1447 4169 1744 4235 centenos,
1769 4168 1990 4227 milleni

377 4241 452 4297 ad
484 4241 778 4311 millenos,
806 4245 919 4301 hoc
947 4248 1125 4304 modo
1156 4265 1171 4305 :

450 4329 508 4386 Si
532 4331 781 4388 volueris
796 4333 1051 4392 dividere
1066 4336 1387 4411 singulares
1399 4357 1507 4414 per
1529 4344 1870 4417 singulares,
1900 4349 1988 4404 vel

377 4420 661 4479 decenum
675 4438 781 4495 per
799 4422 1519 4495 decenum,velcentenum
1532 4450 1636 4505 per
1654 4439 1961 4492 centenum
1972 4480 1987 4505 ,

376 4512 465 4565 vel
494 4511 801 4568 millenum
824 4529 929 4585 per
951 4514 1280 4585 millenum,
1304 4523 1623 4580 secundum
1653 4525 1993 4582 denomina-

376 4598 598 4656 tionem
631 4616 839 4657 eorum
870 4600 1258 4675 singularibus
1289 4608 1611 4668 subtrahes.

1046 4718 1175 4775 Car.
1204 4721 1320 4778 VII.

375 4801 649 4870 Quomodo
679 4805 978 4877 singulares
991 4824 1089 4888 sua
1108 4812 1408 4888 quantitate
1436 4817 1729 4870 metiantur
1748 4817 1983 4888 decenos,

900 4880 1161 4949 centenos,
1201 4880 1457 4939 millenos.

2173 3016 2423 3070 termisse.

2171 3082 2231 3137 Si
2256 3085 2502 3141 volueris
2521 3102 2625 3157 per
2646 3092 3032 3163 compositum
3060 3094 3345 3151 decenum
3363 3113 3492 3153 cum
3515 3099 3600 3154 sin
3608 3118 3710 3172 gu-

2097 3171 2206 3227 lari
2246 3172 2521 3243 dividere,
2542 3178 2629 3232 vel
2660 3179 2980 3253 simplicem
3012 3183 3293 3240 decenum
3312 3188 3398 3242 vel
3425 3204 3555 3243 cum
3588 3190 3709 3246 sin-

2097 3260 2283 3331 gulari
2309 3265 2717 3336 compositum,
2750 3270 3053 3326 considera
3079 3277 3319 3344 quotam
3349 3279 3578 3347 partem
3612 3278 3704 3333 di-

2097 3347 2300 3405 visoris
2320 3354 2516 3407 teneat
2539 3353 2872 3427 singularis;
2905 3375 3042 3413 nam
3070 3363 3353 3418 secundus
3401 3365 3712 3437 singularis

2099 3435 2278 3492 habet
2307 3439 2593 3496 rationem
2634 3443 2706 3498 ad
2736 3446 3015 3502 secundas
3046 3448 3361 3519 dividendi,
3401 3435 3603 3509 tertius
3632 3457 3709 3510 ad

2098 3525 2321 3595 tertias,
2355 3533 2591 3601 quartus
2613 3532 2685 3587 ad
2714 3537 2966 3605 quartas,
3001 3537 3233 3609 quintus
3263 3540 3338 3595 ad
3369 3542 3615 3613 quintas,
3647 3548 3710 3601 et

2102 3614 2392 3688 deinceps,
2428 3618 2486 3675 id
2516 3624 2603 3676 est
2634 3621 2956 3680 differentia
2986 3641 3016 3680 a
3042 3627 3319 3700 singulari
3346 3629 3604 3687 divisoris
3629 3635 3708 3691 ad

2098 3702 2386 3762 decenum
2452 3710 2938 3782 multiplicabitur
2991 3729 3097 3786 per
3163 3716 3707 3778 denominationem

2096 3795 2507 3865 secundarum,
2557 3799 2882 3867 tertiarum,
2942 3806 3315 3873 quartarum;
3373 3810 3527 3879 quod
3570 3826 3709 3867 vero

2098 3887 2403 3955 exsuperat
2432 3888 2733 3953 secundas,
2769 3889 2987 3952 tertias,
3033 3896 3287 3963 quartas,
3338 3896 3566 3968 quintas
3604 3916 3710 3971 ag-

2096 3971 2360 4042 gregabis
2389 3990 2401 4039 ;
2446 3977 2504 4030 et
2532 3974 2574 4028 si
2600 3975 3036 4048 multipliciores
3064 3986 3197 4035 sunt
3225 3983 3707 4053 divisore,eadem

2095 4060 2298 4131 regula
2328 4061 2728 4118 diminuentur
2760 4081 2773 4119 :
2810 4066 3074 4123 similiter
3115 4087 3249 4126 vero
3285 4076 3344 4126 et
3383 4074 3706 4145 singulares

2093 4149 2399 4219 compositi
2429 4150 2505 4205 ad
2552 4150 2923 4209 dividendum
2968 4160 3463 4229 aggregabuntur.
3515 4164 3581 4218 Et
3642 4164 3703 4220 in

2010 4225 2066 4286 D
2091 4235 2352 4291 centenis
2372 4240 2431 4292 et
2459 4239 2708 4296 millenis
2737 4241 2896 4298 idem
2926 4244 3121 4312 facies,
3172 4248 3280 4302 nisi
3322 4252 3477 4322 quod
3516 4269 3701 4309 unum

2092 4328 2405 4380 centenum
2434 4328 2523 4382 vel
2548 4327 2849 4385 millenum
2869 4332 2927 4386 in
2954 4336 3193 4391 caeteros
3217 4336 3701 4413 dissipabis,quod

2091 4412 2151 4466 in
2184 4429 2299 4468 uno
2327 4431 2444 4469 non
2474 4415 2667 4471 evenit
2696 4418 2936 4484 deceno,
2969 4424 3026 4475 ct
3085 4424 3307 4480 articuli
3343 4427 3580 4498 quidem
3626 4431 3701 4485 ab

2093 4518 2210 4556 uno
2245 4507 2493 4559 centeno
2523 4507 2612 4559 vel
2644 4508 2882 4564 milleno
2916 4514 3405 4584 secundabuntur,
3448 4534 3481 4572 a
3519 4519 3702 4589 pluri-

2089 4589 2195 4644 bus
2221 4589 2667 4648 dividendorum
2695 4597 3044 4655 obtinebunt
3073 4602 3255 4659 sedes.

2779 4685 2907 4740 CAP.
2939 4688 2999 4742 Χ.

2091 4748 2226 4805 Item
2254 4750 2363 4806 alia
2391 4752 2581 4809 divisio
2621 4759 2828 4840 centeni
2865 4757 2950 4840 vel
2975 4759 3206 4840 .milleni,
3249 4770 3300 4817 et
3342 4764 3581 4837 deinceps
3598 4784 3705 4840 per

2636 4827 2836 4882 eosdem
2862 4828 3142 4888 divisores.

2158 4891 2218 4947 Si
2242 4894 2492 4951 volueris
2521 4896 2778 4954 dividere
2818 4904 3128 4957 centenum
3162 4906 3248 4959 vel
3278 4906 3605 4977 millenum,
3641 4914 3705 4966 et

443 4965 508 5021 In
541 4964 855 5037 partitione
894 4985 1276 5026 numerorum
1309 4988 1344 5028 a
1373 4972 1451 5030 sic
1499 4991 1559 5031 se
1601 4976 1820 5033 habent
1867 4979 1987 5033 sin-
2086 4980 2503 5058 deinceps,per
2525 4985 2808 5042 decenum
2833 5005 2965 5044 cum
2993 4989 3268 5064 singulari
3283 4999 3700 5068 compositum,

370 5054 601 5129 gulares
628 5055 703 5112 ad
734 5053 983 5113 decenos
1013 5060 1071 5114 et
1100 5063 1379 5115 centenos
1408 5065 1467 5117 et
1487 5063 1775 5134 millenos,
1816 5066 1895 5121 sic
1924 5083 1985 5123 se
2083 5053 2342 5143 primum
2371 5053 2686 5131 centenum
2709 5077 2880 5133 veluti
2902 5053 3706 5159 supradivides,suinptadif;

447 5191 494 5232 ι*
529 5187 706 5256 Edit.,
734 5190 802 5247 de
829 5197 1066 5248 centeno.

438 5270 461 5304 ι
493 5260 667 5331 Edit.,
698 5268 751 5317 et
778 5263 1010 5318 articulo
1034 5271 1250 5322 centum
1286 5265 1477 5321 millia.

438 5341 462 5375 ⁸
491 5331 665 5400 Edit.,
695 5332 762 5390 de
782 5333 1023 5389 milleno.

435 5411 461 5447 τ
490 5398 665 5472 Edit.,
695 5403 762 5460 de
785 5404 978 5459 decano
1003 5404 1238 5461 milleno.

436 5484 460 5520 8
488 5473 665 5540 Edit.,
703 5474 878 5545 digito
907 5477 1099 5532 centies
1122 5476 1268 5532 mille
1284 5477 1462 5534 millia
1477 5485 1526 5535 et
1543 5482 1769 5538 articulo
1781 5483 1975 5542 millies

363 5545 517 5603 mille
551 5545 755 5602 millia.

433 5619 458 5663 ν
486 5614 665 5688 Edit.,
689 5614 757 5672 de
781 5618 997 5672 animo
1023 5615 1258 5676 milleno.

2157 5194 2203 5272 ξξ)
2432 5190 2656 5272 addunt
2680 5192 2878 5272 baci_
2910 5196 2969 5248 et
2996 5196 3199 5272 legunt
3224 5197 3375 5254 dicat
3401 5216 3506 5272 pro
3526 5204 3623 5257 sic.

2155 5265 2197 5300 ιι
2226 5259 2401 5328 Edit.,
2426 5264 2501 5315 sic
2539 5262 2736 5317 habent
2761 5280 2815 5318 se
2842 5264 3018 5320 decem
3045 5259 3118 5322 Ed
3145 5266 3405 5326 centenos.

2153 5332 2198 5407 ξ’
2226 5330 2399 5407 Edit.,
2441 5335 2762 5402 intermissa,
2793 5334 3158 5407 differentiam
3188 5341 3467 5397 divisionis
3519 5361 3553 5397 a
3582 5345 3701 5399 sin-

2074 5399 2281 5467 gulari.

2150 5477 2194 5551 is
2227 5471 2367 5551 ροῤ,
2402 5469 2576 5551 Scal,
2608 5482 2666 5551 et
2687 5476 2926 5551 millenos
2954 5480 3185 5551 quidem.

2148 5549 2192 5584 “
2219 5541 2366 5616 99d:
2402 5541 2578 5610 δεδι.)
2606 5546 2781 5616 digiti.

2146 5618 2191 5655 1⁸
2218 5612 2368 5670 Editi
2393 5631 2511 5675 om.
