3986 6170
213 407 266 462 89
1239 378 1380 436 LIB.
1422 378 1514 436 nr.
1548 371 2001 431 NUMERORUM
2037 369 2403 434 emsrema.

215 523 419 586 ferentia
467 515 720 576 divisoris
777 531 811 570 a
873 506 1164 583 singulari
1219 507 1300 563 ad
1347 508 1673 563 decenum:
1718 502 1865 562 etA

214 617 335 692 quod
371 607 724 683 superaverit,
760 620 862 676 per
909 596 1465 656 denominationem
1495 590 1770 666 propositi

213 685 397 760 centeni
423 693 857 768 multiplicabis:
892 693 949 746 et
991 687 1035 742 si
1079 685 1406 757 singularis
1453 685 1694 737 centeno
1730 687 1774 722 ιο

211 795 266 848 ad
288 787 734 861 compositionem
768 779 995 835 additur
1030 793 1042 829 :
1085 779 1191 828 aut
1225 775 1481 828 decenus
1509 787 1640 826 cum
1661 768 1776 824 sin-

213 879 376 952 gulari,
401 858 682 930 diminues
720 870 804 923 vel
859 863 1215 938 aggregabis
1249 858 1777 952 (quemadmodum

209 948 423 1042 superius
451 965 666 1019 dictum
689 959 793 1028 est)
822 957 880 1013 in
906 955 1149 1011 decenis
1185 956 1245 1008 et
1276 948 1662 1042 singularibus
1687 949 1786 1042 :et

211 1032 346 1130 primi
372 1053 594 1125 quidem
631 1045 846 1104 articuli
885 1046 1020 1098 sunt
1063 1041 1125 1095 in
1187 1055 1426 1093 summa
1465 1032 1787 1091 dividendis

209 1124 424 1218 proxima
450 1158 512 1195 ac
540 1139 765 1194 minore
798 1155 810 1189 :
845 1128 1225 1204 augmentati
1254 1143 1392 1181 vero
1423 1126 1483 1180 in
1513 1124 1787 1180 articulos

207 1217 336 1300 alios,
363 1229 790 1287 dividendorum
824 1223 1102 1278 obtinent
1132 1217 1328 1272 sedes.

827 1329 955 1383 CAP.
1001 1327 1091 1380 XI.

213 1425 434 1494 (ὶυωηοάο
461 1422 648 1478 deceni
669 1428 709 1462 17
731 1416 1191 1494 itinctz'centeiiis,
1226 1412 1313 1465 vel
1327 1408 1545 1494 centeni.
1558 1407 1790 1461 millenis

288 1500 550 1552 metiantur
576 1480 814 1546 centenos
844 1494 944 1542 aut
964 1485 1225 1540 millenos
1257 1489 1356 1536 aut
1385 1480 1676 1534 ulteriores.

261 1604 305 1659 Si
329 1600 561 1657 volueris
586 1615 688 1669 per
731 1591 1127 1665 compositum
1169 1591 1490 1644 centenum
1533 1602 1664 1640 cum
1696 1585 1792 1638 de-

209 1691 433 1752 ceno,vel
462 1685 845 1758 compositum
874 1680 1198 1735 millenum
1235 1693 1368 1730 cum
1417 1676 1664 1729 centeno
1700 1671 1791 1727 di-

209 1780 378 1843 videre,
407 1780 502 1832 aut
542 1777 874 1836 centenum,
925 1770 1028 1823 aut
1066 1766 1388 1820 millenum
1421 1780 1435 1818 :
1485 1761 1792 1817 considera

208 1871 399 1940 quotam
428 1868 652 1937 partem
682 1859 939 1916 divisoris
964 1857 1180 1911 teneat
1212 1855 1486 1919 decenus,
1525 1853 1612 1906 vel
1654 1867 1793 1906 cen-

207 1963 336 2011 lenus
363 1965 421 2022 ιε,
452 1954 541 2008 vel
570 1951 850 2015 millenus,
885 1951 945 2002 et
978 1961 1094 2017 per
1128 1940 1676 1998 denominationem
1691 1955 1792 1994 ea-

209 2065 304 2101 rum
329 2046 568 2117 partium
593 2040 907 2111 multiplica
940 2033 1359 2092 differentiam
1402 2031 1684 2097 divisoris,
1717 2031 1789 2085 si-

207 2140 276 2189 cut
296 2135 525 2190 faciebas
552 2132 608 2186 in
655 2127 1053 2200 singularibus
1078 2122 1312 2196 junctis
1357 2138 1489 2175 cum
1537 2120 1788 2175 decenis.

811 2235 940 2290 CAP.
985 2233 1112 2287 XII.

207 2332 308 2385 Item
330 2332 428 2384 alia
456 2330 642 2383 divisio
672 2327 874 2383 centeni
904 2323 994 2377 vel
1048 2319 1294 2383 milleni,
1347 2323 1394 2370 et
1432 2317 1672 2388 deinceps
1697 2333 1796 2388 per

315 2403 506 2456 eosdem
534 2401 835 2471 compositos
860 2395 1133 2449 diviso-res
1168 2390 1254 2444 vel
1300 2390 1554 2458 simplices
1583 2397 1647 2442 ιο.

258 2509 306 2562 Si
331 2509 566 2564 volueris
595 2506 839 2561 dividere
863 2502 1206 2557 centenum
1246 2497 1328 2548 vel
1362 2496 1662 2550 millenum
1695 2509 1800 2566 per

207 2599 470 2663 decenum,
503 2601 604 2651 aut
634 2595 930 2649 millenum
951 2607 1067 2661 per
1094 2589 1439 2651 centenum,
1469 2600 1660 2638 sumes
1688 2582 1798 2638 dif-

205 2688 478 2741 ferentiam
531 2683 806 2750 divisoris,
851 2679 1197 2736 secundum
1233 2672 1518 2727 rationem
1552 2672 1802 2744 singula-

209 2776 328 2830 rium
359 2776 427 2830 ad
458 2776 763 2838 decenum,
790 2775 846 2826 et
875 2762 1332 2838 multiplicabis.
1356 2764 1464 2816 Aut
1491 2780 1592 2835 per
1616 2765 1802 2816 telam

209 2863 714 2920 denominationem
760 2857 1092 2918 dividendi,
1148 2853 1199 2907 si
1249 2851 1484 2924 simplex
1531 2853 1800 2916 decenus,

211 2956 278 3008 vel
306 2958 574 3008 centenus
607 2951 811 3005 divisor
831 2953 939 3014 est,
975 2945 1070 2999 vel
1106 2957 1218 3014 per
1261 2941 1554 3003 secundas,
1583 2941 1669 2994 vel
1703 2956 1808 3011 per

212 3044 394 3110 tertias,
427 3044 513 3099 vel
548 3058 657 3115 per
695 3042 944 3112 quartas,
979 3035 1076 3089 vel
1135 3046 1248 3103 per
1299 3029 1541 3101 quintas,
1574 3030 1618 3084 si
1653 3047 1810 3084 cem-

213 3133 396 3202 positus
425 3136 538 3198 est;
573 3130 771 3186 habita
799 3125 1078 3182 videlicet
1101 3119 1358 3186 ratione,
1391 3135 1564 3189 quam
1579 3122 1809 3190 partem

215 3221 480 3295 compositi
515 3217 776 3275 diviseris
822 3217 1027 3271 teneat
1081 3211 1340 3264 decenus
1382 3208 1467 3261 vel
1511 3210 1806 3262 centenus.

832 3341 965 3395 CAP.
1014 3336 1160 3392 XIII.

221 3434 480 3501 Quomodo,
513 3451 630 3486 uno
677 3431 842 3484 medio
874 3439 1236 3482 numerorum
1267 3421 1596 3502 intermisso,
1628 3421 1816 3491 juncti

510 3507 629 3560 duo
669 3503 885 3557 extremi
909 3505 1132 3554 exteros
1166 3499 1474 3550 metiantur,

272 3611 323 3668 Si
347 3612 592 3668 volueris
619 3608 869 3664 dividere
897 3608 1222 3660 centenum
1252 3597 1339 3651 vel
1383 3598 1681 3653 millenum
1710 3613 1816 3671 per

218 3701 571 3774 compositum
612 3700 922 3752 centenum
977 3692 1068 3745 vel
1107 3686 1442 3751 millenum,
1487 3703 1600 3741 uno
1632 3689 1813 3742 inter-

220 3791 385 3856 misso,
405 3805 591 3845 unum
615 3784 1063 3843 dividendorum
1091 3791 1294 3832 sumes
1311 3775 1383 3828 ad
1411 3775 1634 3831 minuta
1653 3792 1818 3830 com-

219 3881 475 3947 ponenda,
524 3881 591 3933 et
637 3874 954 3929 maximum
1003 3865 1325 3922 divisorem
1377 3863 1612 3934 reliquie
1667 3863 1823 3936 parti-

220 3970 576 4039 comparabis.
617 3965 683 4018 Et
720 3964 760 4015 si
795 3961 931 4033 quid
974 3951 1389 4016 abundaverit,
1419 3952 1820 4025 relinquendis

219 4074 448 4126 repones.
504 4055 792 4110 Minutum
849 4051 1047 4102 autem
1099 4059 1208 4114 per
1279 4039 1815 4102 denominationem

220 4145 322 4213 ejus
349 4162 446 4215 per
470 4159 655 4215 quem
688 4139 900 4194 divisor
932 4133 1301 4203 coaequatur,
1337 4127 1643 4185 dividendo
1675 4131 1821 4183 mul-

221 4232 490 4302 tiplicabis.
526 4233 604 4285 Et
629 4231 688 4283 in
740 4225 936 4298 digitis
977 4221 1225 4295 quidem
1278 4217 1531 4287 perfecta
1570 4222 1818 4284 ponetur

220 4296 534 4376 diderentia.
570 4321 726 4374 Ante
763 4296 1034 4371 articulos
1056 4323 1221 4373 vero,
1257 4306 1435 4359 altera
1469 4305 1814 4374 differentia,
1842 4296 1895 4354 D

222 4427 316 4464 uno
339 4411 542 4475 minus,
580 4405 747 4478 quasi
766 4403 1057 4458 rationem
1075 4396 1300 4452 habens
1317 4394 1388 4448 ad
1395 4393 1559 4464 juxta
1576 4394 1812 4465 positos,

224 4515 331 4552 cum
361 4503 486 4553 sunt
518 4494 693 4566 digiti
723 4496 780 4547 et
805 4488 1052 4545 articuli.
1082 4487 1227 4540 Nam
1253 4484 1404 4538 solus
1442 4482 1713 4536 articulus
1736 4482 1815 4551 [id

225 4591 292 4640 est
315 4589 427 4642 sine
450 4585 657 4657 digitis
675 4592 740 4654 2ο]
771 4581 1065 4650 integram
1098 4571 1376 4645 proponit
1409 4570 1516 4624 sibi
1546 4571 1816 4625 differen-

225 4674 342 4727 tiam
366 4675 530 4745 digiti
561 4672 683 4726 sive
709 4670 859 4722 solus
902 4667 975 4720 sit
1003 4665 1296 4734 integram
1339 4659 1612 4731 supponit
1638 4667 1678 4699 ει
1717 4674 1729 4711 :
1764 4657 1822 4709 et

230 4764 326 4815 tum
357 4779 482 4815 cum
508 4761 670 4815 solus
697 4759 784 4810 est
815 4755 1053 4825 digitus,
1073 4751 1306 4804 velcum
1336 4747 1572 4801 articulo
1593 4759 1822 4816 semper

229 4849 268 4901 ei
292 4850 377 4920 qui
416 4850 491 4903 ad
535 4847 769 4902 minuta
800 4838 1216 4913 componenda
1250 4833 1500 4890 'seclusus
1525 4838 1630 4896 est,
1659 4833 1820 4887 dill‘e-

233 4938 390 4991 rentia
414 4938 652 5008 integra
681 4929 1116 4987 secundabitur.
1153 4927 1221 4980 Et
1258 4925 1348 4979 htB
1388 4923 1624 4996 quidem
1659 4921 1820 4976 diffe-

233 5029 424 5092 rentiae,
461 5030 522 5082 et
555 5027 600 5079 si
657 5022 785 5096 quis
824 5023 975 5075 forte
1009 5036 1042 5072 a
1087 5015 1344 5072 maxime
1373 5013 1616 5068 divisere
1642 5012 1822 5066 seclu-

231 5129 309 5166 sus
326 5119 422 5181 est,
439 5115 484 5169 si
491 5112 858 5186 gniﬁcabunt
875 5108 1034 5180 quod
1048 5104 1472 5182 relinquiturex
1485 5099 1823 5157 dividendis.

294 5264 332 5297 ¹⁶
361 5257 537 5322 Edit.,
573 5253 917 5325 singulariter
941 5255 1175 5303 centeno.

297 5335 333 5368 ’τ
365 5329 514 5382 Edit.
527 5368 543 5392 ,
577 5327 772 5379 decem.

295 5407 333 5440 ιο
364 5401 542 5464 Edit.,
577 5398 874 5468 quingena:
903 5393 989 5468 cel
1012 5399 1275 5468 centenus.

295 5477 334 5511 υ
371 5463 550 5535 Edit.,
582 5463 839 5522 divisores
865 5474 913 5518 et
943 5463 1222 5534 simplices.

296 5549 336 5582 ³⁸
362 5543 536 5597 Deest
572 5541 624 5594 in
665 5537 794 5593 cod.

295 5621 335 5654 ἰ
362 5613 542 5678 Edit.,
572 5611 949 5682 differentiam.
990 5601 1150 5661 Solus
1185 5603 1386 5675 digitus
1417 5604 1678 5671 integram
1700 5616 1825 5671 sup-

236 5690 384 5747 ροπὴε.

3449 379 3527 440 90

2551 501 2679 560 CAP.
2713 503 2845 560 XIV.

1896 586 2178 654 Quomodo
2219 597 2466 648 centenus
2495 607 2613 646 cum
2637 592 2906 661 singulari
2929 593 3199 648 metiatur
3251 597 3536 660 millenum

1969 666 2017 716 et
2047 662 2340 725 ulteriores,
2372 662 2457 717 vel
2483 663 2723 718 millenus
2753 680 2876 717 cum
2893 662 3100 718 decenis
3141 663 3380 726 decenas
3407 675 3528 730 mil-

1967 732 2105 786 lenos
2133 741 2185 787 et
2215 733 2508 789 ulteriores.

1971 838 2028 894 Si
2050 839 2296 894 volueris
2324 839 2578 894 dividere
2606 840 2908 896 millenum
2933 842 3021 896 vel
3051 842 3376 902 ulteriores
3409 866 3517 922 per

1895 931 2206 983 centenum
2228 945 2357 984 cum
2387 929 2659 1001 singulari
2681 930 3090 1003 compositum,
3112 949 3306 990 unum
3325 935 3510 992 mille-

1894 1034 2036 1071 num
2069 1017 2127 1071 in
2162 1020 2437 1072 centenos
2467 1016 2789 1090 dissipabis.
2827 1019 2894 1072 Et
2924 1034 3121 1074 rursus
3155 1038 3341 1076 unum
3370 1040 3504 1077 cen-

1895 1108 2098 1161 tenum
2130 1107 2204 1161 ad
2233 1106 2461 1161 minuta
2487 1107 2898 1177 componenda
2926 1108 3207 1172 secludes,
3233 1113 3292 1164 et
3320 1109 3504 1165 maxi-

1894 1211 2055 1248 mum
2097 1193 2407 1249 divisorem
2455 1194 2692 1266 reliqua:
2733 1195 2885 1265 parti
2927 1197 3312 1267 comparabis.
3361 1198 3431 1252 Et
3458 1195 3505 1250 si

1893 1283 2033 1356 quid
2060 1283 2406 1351 secludetur,
2459 1283 2858 1356 relinquendis
2907 1300 3174 1356 repones.
3221 1284 3506 1340 Minutum

1893 1374 2115 1440 autem,
2147 1377 2211 1428 ut
2240 1373 2296 1427 in
2321 1372 2604 1444 superiori
2626 1373 2877 1444 capitulo
2908 1371 3334 1443 multiplicabis,
3364 1372 3500 1428 reli-

1895 1478 2123 1533 quaque
2169 1461 2371 1516 omnia
2393 1463 2476 1515 vel
2516 1479 2643 1532 quae
2669 1461 3063 1528 secluduntur,
3105 1462 3194 1515 vel
3237 1477 3365 1533 qua:
3395 1476 3500 1533 pro

1896 1549 2240 1605 differentiis
2267 1549 2637 1616 adhibentur,
2673 1550 2988 1606 ordinabis.
3025 1551 3351 1621 Rursusque
3378 1565 3507 1604 eas-

1817 1627 1869 1686 B
1895 1639 2028 1693 dem
2062 1638 2446 1704 differentias,
2474 1655 2538 1692 ac
2566 1639 2610 1692 si
2658 1638 2754 1710 qui
2788 1639 2938 1694 forte
2979 1638 3180 1694 seclusi
3220 1640 3373 1705 sunt,
3405 1653 3512 1710 per

1894 1727 2446 1783 denominationem
2473 1726 2754 1799 propositi
2772 1726 3062 1782 dividendi
3085 1726 3507 1798 multiplicabis.

1893 1818 1972 1871 Ac
2006 1817 2220 1872 iterum
2256 1816 2463 1872 eadem
2491 1818 2695 1889 regula
2735 1816 2980 1872 deduces
3008 1833 3187 1882 usque
3219 1816 3292 1870 ad
3318 1817 3508 1871 extre-

1895 1923 2021 1961 mas
2057 1905 2432 1971 differentias,
2489 1908 2547 1960 et
2584 1905 2642 1960 in
2698 1905 2947 1961 millenis
2998 1903 3333 1960 divisoribus
3371 1920 3505 1960 cum

1897 1994 2149 2060 decenis,
2197 1993 2270 2048 ad
2317 1993 2571 2049 decenos
2599 1993 2868 2049 millenos
2909 1996 2968 2048 et
2997 1992 3319 2061 ulteriores,
3347 1991 3508 2066 quasi
3591 2042 3595 2048 .

1895 2083 2166 2138 eamdem
2200 2082 2385 2154 ipsam
2417 2081 2708 2137 rationem
2737 2081 3006 2137 servabis.

2684 2230 2696 2244 .
2729 2187 2835 2242 XV.

2684 2230 2696 2244 .
2770 2188 2835 2242 V.

2085 2276 2226 2343 Quot
2262 2276 2518 2331 divisores
2548 2188 3002 2348 sgnAtpinxquolibet
3030 2275 3330 2330 dividendo.

1975 2383 2032 2439 Si
2060 2383 2310 2438 volueris
2345 2399 2513 2438 nosse
2540 2383 2682 2455 quot
2707 2381 2980 2437 divisores
3009 2381 3122 2436 sint
3161 2380 3222 2436 in
3253 2379 3512 2454 quolibet

1905 2473 2237 2538 dividendo,
2272 2471 2540 2527 articulos
2559 2489 2590 2526 a
2616 2471 2823 2542 quibus
2852 2468 3517 2526 denominationesfiunt

1905 2561 2411 2635 multiplicationis
2435 2561 2776 2616 secundabis
2805 2560 2878 2615 ad
2917 2559 3149 2632 digitos,
3195 2564 3254 2615 et
3290 2559 3335 2613 si
3371 2575 3516 2629 aug-

1908 2655 2109 2706 mento
2149 2667 2348 2705 eorum
2381 2650 2606 2704 articuli
2639 2648 3000 2721 provenient,
3034 2649 3296 2704 reflectes
3319 2645 3394 2703 ad
3423 2663 3514 2701 ar-

1908 2739 2144 2808 ticulos;
2180 2743 2239 2794 et
2263 2739 2306 2793 si
2340 2739 2397 2793 in
2423 2737 2810 2810 singularibus
2839 2754 3006 2810 pares
3030 2735 3366 2793 divisoribus
3390 2751 3522 2808 pre-

1910 2829 2194 2894 venerint,
2233 2828 2480 2883 totidem
2505 2827 2753 2882 unitates
2776 2826 3210 2883 collectionibus
3240 2841 3520 2898 aggrega-

1841 2911 1890 2970 C
1915 2916 2022 2972 bis.
2057 2917 2243 2989 Igitur
2273 2919 2332 2970 et
2360 2917 2418 2970 in
2449 2915 3020 2971 denominatienibus
3049 2932 3084 2970 a
3111 2917 3233 2971 toto
3259 2918 3319 2970 et
3337 2927 3520 2985 apar-

1913 3006 2065 3060 tibns
2092 3023 2219 3078 quas
2244 3007 2377 3058 sunt
2420 3021 2454 3058 a
2487 3003 2752 3058 secundis
2791 3007 2850 3058 et
2877 3003 3065 3058 tertiis
3093 3005 3151 3057 et
3179 3001 3419 3074 quartis,
3463 3006 3525 3054 et

1916 3095 2187 3167 deinceps
2199 3093 2515 3149 secundum
2538 3092 2808 3146 eamdem
2832 3091 3118 3146 rationem
3133 3107 3238 3163 pro
3259 3093 3518 3145 extremo

1917 3184 2163 3240 divisere
2196 3183 2481 3238 unitatem
2509 3180 2841 3238 constitues.
2874 3181 2943 3236 Et
2972 3180 3116 3235 sicut
3160 3179 3220 3234 in
3264 3175 3522 3232 centenis

1915 3277 1974 3329 et
1997 3273 2270 3339 millenis,
2314 3271 2470 3344 quod
2513 3271 2585 3326 ab
2630 3286 2746 3325 uno
2778 3271 3102 3342 exsuperat,
3133 3285 3239 3341 per
3261 3264 3524 3322 denomi-

1916 3363 2218 3418 nationem
2247 3361 2424 3417 tetius
2462 3375 2706 3413 summae
2733 3357 3167 3429 multiplicatur,
3201 3353 3278 3411 sic
3310 3372 3324 3409 :
3357 3363 3406 3396 ³1
3433 3353 3519 3409 di-

1917 3452 2152 3518 visores,
2185 3467 2290 3524 per
2315 3447 2859 3504 denominationem
2874 3445 3048 3501 totius
3065 3441 3356 3500 dividendi
3372 3443 3522 3498 mul-

1920 3540 2360 3611 tiplicabuntur.
2397 3537 2506 3592 Sed
2538 3553 2653 3591 non
2686 3535 2822 3608 ipsis
2852 3532 3260 3591 tantummodo
3274 3529 3531 3586 centenis

1920 3633 1979 3684 et
2014 3627 2287 3693 millenis,
2314 3626 2557 3697 simplex
2586 3625 2834 3680 decenus
2860 3632 2906 3665 ’³
2944 3621 3154 3677 divisor
3180 3619 3410 3675 centeni
3438 3619 3525 3674 vel

1923 3716 2168 3783 milleni,
2217 3719 2275 3770 et
2325 3716 2473 3768 ultra
2519 3711 2978 3784 compositorum
3021 3706 3528 3765 deneminatienes

1921 3805 2099 3860 mittit
2129 3805 2201 3860 ad
2230 3803 2447 3867 tertias,
2482 3801 2552 3856 id.
2572 3804 2658 3857 est
2687 3811 2732 3842 ﬂ
2765 3799 2838 3854 ad
2867 3798 3103 3854 tertium
3133 3799 3325 3853 locum
3359 3795 3431 3851 ab
3455 3811 3524 3850 eo

1922 3912 2095 3965 quem
2130 3892 2353 3958 dividit,
2403 3890 2618 3945 scilicet
2666 3889 2723 3944 in
2777 3885 3117 3959 colligendis
3162 3883 3524 3942 divisoribus.

1925 3985 2214 4036 Centenus
2241 3990 2286 4022 εδ
2318 3977 2540 4035 milleni
2582 3977 2794 4033 divisor
2839 3977 2912 4030 ad
2957 3977 3210 4046 quartas,
3255 3971 3524 4028 millenus

1922 4072 1994 4125 ad
2019 4071 2269 4142 quintae,
2300 4072 2578 4123 centenus
2602 4068 2689 4120 vel
2722 4065 2985 4120 millenus
3031 4061 3304 4115 divisores
3331 4058 3438 4124 sui,
3469 4059 3529 4112 et

1921 4157 2245 4230 compositi,
2270 4173 2386 4211 uno
2423 4155 2647 4222 relicto,
2683 4149 3192 4208 deneminationes
3232 4163 3361 4202 suas
3389 4144 3523 4200 mit-

1920 4251 2049 4303 tunt
2079 4248 2151 4302 ad
2184 4250 2478 4300 extremes
2509 4242 2738 4314 digitos.

2576 4366 2704 4421 CAP.
2735 4364 2867 4420 XVI.

2025 4459 2106 4513 De
2118 4457 2463 4530 protensione
2483 4453 2840 4527 quarumdam
2854 4467 3223 4508 mensurarum
3243 4455 3415 4506 terrae.

1992 4566 2056 4620 Di
2064 4564 2217 4636 gitus
2246 4565 2330 4617 est
2356 4561 2601 4616 minima
2620 4577 2753 4634 pars
2766 4558 3081 4631 agrestium
3096 4571 3527 4613 mensurarum.

1995 4654 2173 4709 Uncia
2200 4653 2377 4706 habet
2399 4651 2611 4722 digitos
2641 4653 2776 4708 tres.

1995 4745 2228 4800 Palmus
2257 4742 2311 4794 in
2340 4743 2590 4813 quatuor
2614 4737 2978 4811 protenditur
3011 4733 3240 4807 digitos.

1996 4832 2210 4888 Pedem
2237 4829 2487 4883 sedecim
2518 4827 2839 4882 metiuntur
2864 4823 3047 4896 digiti.

1997 4924 2199 4977 Passus
2231 4917 2486 4991 quinque
2512 4915 2728 4988 pedum
2761 4927 3095 4968 mensuram
3132 4911 3387 4968 sortitur.

1997 5011 2220 5066 Pertica
2259 5009 2406 5063 dues
2433 5022 2652 5080 passus,
2684 5003 2946 5060 videlicet
2985 5002 3187 5058 decem
3229 5000 3404 5073 pedes
3435 5016 3529 5053 ειν

1927 5100 2101 5174 plicat
2127 5107 2194 5154 η.

1998 5249 2044 5283 υ
2069 5239 2244 5308 Edit.,
2275 5236 2668 5308 multiplicatur
2691 5251 2705 5291 :
2728 5235 2821 5290 sic.

2000 5321 2047 5355 ³³
2078 5299 2242 5367 Editf
2257 5310 2367 5366 Sed
2393 5299 2503 5364 ηὀη
2533 5309 2657 5379 ipsis
2687 5305 3047 5364 tantummodo
3085 5305 3314 5362 centenis
3340 5307 3390 5360 et
3407 5299 3530 5358 mil-

1930 5383 2059 5440 lenis
2089 5382 2310 5453 simplex
2335 5381 2574 5436 decenas.

2001 5464 2047 5497 ²⁴
2079 5453 2222 5508 Edit.
2237 5495 2250 5520 ,
2278 5453 2436 5508 idem.

2002 5533 2049 5568 25
2074 5515 2246 5592 Edit.,
2278 5522 2589 5580 divisoribus
2617 5528 2863 5578 centenus
2883 5521 2967 5577 vel
2990 5518 3252 5586 millenus,
3284 5515 3530 5571 divisores

1930 5613 2035 5654 sui.

2006 5674 2052 5711 ιο
2082 5665 2256 5736 Edit.,
2278 5665 2508 5740 erpltcit.
