3986 6170
251 337 306 386 97
1608 316 1697 378 DE
1747 318 2186 380 camaram.
3531 344 3603 401 ,ε

305 446 594 508 Laterculus
617 462 733 503 non
762 445 824 502 in
841 446 964 500 sola
982 443 1466 516 longitudine,ut
1495 442 1830 516 superiores,
1865 447 1929 505 Α
1957 443 2430 517 computabatur.
2459 445 2555 501 Hm
2575 447 2801 512 tamen,
2833 463 2963 519 quia
2985 463 3282 521 agrorum
3318 460 3610 527 quantita-

250 541 398 612 accipi
428 541 632 612 potest,
663 536 762 591 sed
801 535 851 590 ei
878 533 1120 588 latitudo
1143 533 1334 590 etiam
1362 538 1470 603 est,
1502 537 1564 589 ut
1584 536 1836 588 constra-

247 635 322 686 tas
343 631 452 690 fiat,
503 626 794 697 habetque
839 623 898 678 in
931 622 1244 678 latitudine
1283 624 1498 695 pedem
1529 638 1726 687 unum,
1777 619 1841 673 in

248 717 574 790 longitudine
604 730 834 787 quoque
866 711 1075 783 pedem
1107 729 1304 768 unum
1324 717 1384 768 et
1401 714 1680 768 deuncem
1699 711 1842 781 ejus,

248 807 413 861 inlato
437 804 634 859 uncias
666 801 988 867 duodecim,
1022 800 1083 854 in
1108 801 1300 873 longo
1328 802 1533 874 viginti
1558 804 1702 868 tres;
1729 798 1851 853 hic-

247 911 334 965 que
361 893 415 946 in
441 896 561 946 tota
588 907 724 945 area
754 906 855 944 sua
906 889 1087 943 habet
1134 889 1347 944 uncias
1375 892 1695 944 constratas
1719 891 1851 946 276.

247 981 406 1036 Dictus
433 984 625 1035 autem
669 978 971 1033 laterculus
1003 976 1363 1033 diminutire
1397 995 1429 1033 a
1451 979 1633 1044 latere,
1671 976 1730 1031 id
1768 980 1858 1030 est

247 1072 427 1142 tegula,
458 1069 594 1140 quia
642 1067 811 1138 hujus
862 1083 1161 1120 mensura;
1191 1067 1272 1121 ad
1299 1066 1555 1139 tegenda
1584 1084 1683 1121 seu
1714 1082 1855 1120 con-

243 1158 516 1214 sternenda
536 1156 783 1211 aedificia
811 1154 934 1208 fieri
965 1155 1220 1209 solebat.

299 1246 499 1302 Cubitus
530 1245 736 1316 recipit
771 1243 979 1314 pedem
1012 1260 1204 1297 unum
1232 1248 1293 1297 et
1314 1244 1638 1311 semissem,
1671 1247 1860 1298 sextas

243 1336 374 1401 duas,
404 1336 629 1407 palmas
657 1349 770 1399 sex,
803 1331 1003 1386 uncias
1046 1335 1134 1398 18,
1171 1331 1396 1402 digitos
1425 1335 1512 1385 24.
1544 1331 1646 1386 Hic
1678 1332 1859 1386 etiam

242 1421 286 1476 in
313 1420 639 1493 quibusdam
673 1421 805 1475 locis
836 1434 940 1490 pro
1005 1420 1245 1472 statura
1302 1418 1614 1519 ho.minum
1648 1419 1862 1493 recipi-

242 1515 336 1567 tur.

296 1599 486 1655 Gradus
513 1597 717 1670 recipit
742 1596 960 1652 cubitos
993 1601 1050 1664 2,
1106 1596 1302 1668 pedes
1341 1598 1392 1665 3,
1430 1599 1618 1651 sextas
1647 1601 1700 1664 ι,
1733 1599 1860 1668 pal-

241 1705 343 1742 mos
369 1690 450 1753 12,
484 1687 684 1741 uncias
709 1689 795 1753 36,
827 1684 1045 1756 digitos
1113 1688 1213 1738 48.
1266 1683 1481 1752 Dictus,
1525 1685 1680 1756 quod
1720 1703 1860 1757 ἕνα-

1960 537 2081 589 tem
2117 532 2447 605 designant.
2463 551 2774 602 mensurae,
2801 535 2989 607 magis
3007 535 3066 591 in
3088 539 3442 610 quantitate
3459 566 3609 612 ares

1957 620 2313 693 planitieque
2380 621 2546 677 lineis
2579 622 3030 695 circumscripta,
3091 643 3299 697 quam
3331 632 3606 705 ipsarum,

1959 710 2167 780 quibus
2193 710 2702 778 circumscribitur,
2721 713 3007 766 linearum
3033 714 3444 792 longitudine,
3466 741 3602 782 con-

1959 796 2284 852 siderandaz
2346 802 2500 853 sunt.
2562 799 2730 869 Cujus
2779 799 2933 853 enim
2986 801 3386 871 longitudinis
3431 812 3598 868 lineas

1960 901 2159 941 aream
2192 887 2510 950 includunt,
2543 887 2686 942 nihil
2713 887 2978 956 interest,
3012 889 3056 943 si
3078 893 3292 949 tamen
3327 897 3450 966 ipsa
3469 915 3601 970 pro—

1960 975 2146 1047 priam
2181 975 2572 1047 quantitatem
2604 992 2740 1030 area
2763 993 2878 1030 non
2913 978 3168 1046 amittat,
3189 985 3259 1034 ut
3289 983 3344 1036 in
3362 984 3590 1056 jugera.

1961 1064 2166 1119 Utrum
2198 1064 2355 1119 enim
2387 1063 2446 1119 in
2499 1065 2674 1135 longa
2708 1069 2772 1118 24
2808 1066 3070 1134 perticas,
3097 1067 3159 1120 in
3192 1068 3314 1123 lata
3336 1087 3469 1127 vero
3504 1079 3590 1143 12,

1961 1155 2026 1206 ut
2055 1169 2229 1225 supra
2257 1153 2476 1207 dictum
2499 1156 2606 1219 est,
2645 1153 2879 1219 habeat,
2910 1170 2982 1208 an
3018 1154 3076 1208 in
3106 1156 3284 1229 longo
3315 1160 3471 1226 48,in
3499 1163 3585 1217 lar-

1961 1245 2022 1296 to
2057 1246 2154 1310 16;
2187 1259 2261 1297 an
2293 1243 2352 1296 in
2383 1242 2560 1314 longo
2595 1246 2688 1310 32,
2715 1241 2774 1295 in
2806 1242 2922 1297 lato
2944 1249 3249 1309 ver09;au
3276 1247 3388 1302 alia
3409 1252 3582 1321 atque

1962 1329 2075 1385 alio
2114 1331 2289 1386 modo
2335 1329 2638 1402 longitudo
2680 1329 3041 1402 latitudaque
3083 1337 3506 1405 permutentur,
3537 1338 3585 1393 si

1959 1423 2161 1475 tamen
2186 1423 2393 1475 mutua
2423 1418 2910 1489 multiplicatione
2942 1423 3045 1473 288
3065 1423 3384 1476 constratas
3407 1425 3583 1495 perti-

1962 1525 2056 1564 cas
2087 1509 2316 1564 efﬁcere
2357 1511 2620 1581 possunt,
2662 1507 2938 1579 jugerum
2970 1508 3348 1567 nihilominus
3377 1512 3588 1585 imple-

1960 1598 2125 1654 bunt.
2149 1599 2427 1669 Idemque
2480 1598 2537 1651 in
2570 1597 2894 1669 agripenno
2951 1601 3008 1652 et
3059 1598 3280 1654 caeteris
3304 1615 3587 1671 agrorum

1960 1688 2247 1744 mensuris
2271 1687 2642 1742 sentiendum
2683 1690 2786 1742 est.

251 1776 441 1867 dientes
469 1775 732 1830 homines
759 1773 964 1845 saepius
1020 1775 1273 1826 tantum
1325 1772 1494 1844 spatii
1526 1775 1858 1831 alternatim
1884 1770 1935 1830 B
2039 1795 2295 1851 Stadium
2329 1795 2546 1862 autem,
2576 1794 2733 1867 quod
2762 1794 2950 1866 magis
2979 1793 3040 1849 in
3070 1795 3344 1851 itinerum
3364 1796 3590 1853 dimen-

247 1865 548 1920 metiantur.

299 1955 478 2007 Passus
535 1952 790 2008 continet
830 1951 1089 2022 gradum
1136 1964 1328 2002 unum
1381 1950 1437 2002 et
1662 1950 1860 2011 (Vetus

247 2059 399 2114 Glessa
427 2064 480 2114 in
502 2059 620 2114 cod.
639 2061 845 2129 exponit
869 2058 1095 2113 bissem
1118 2076 1133 2126 ;
1183 2057 1325 2110 alias
1343 2041 1446 2147 SS
1471 2062 1558 2113 est
1575 2059 1856 2130 dodrans)

245 2147 694 2254 cubitossetgﬁ
752 2162 987 2254 (Eadem
1045 2164 1273 2232 Glossa,
1328 2165 1631 2240 trientem)
1679 2167 1859 2237 pedes

244 2273 485 2345 quinque,
507 2252 689 2329 sertas
705 2278 735 2329 6
765 2276 821 2328 et
855 2252 983 2363 g5,
1004 2271 1257 2343 palmas
1272 2276 1358 2340 20,
1380 2274 1580 2329 uncias
1600 2272 1692 2341 60,
1713 2271 1861 2344 digi-

243 2382 316 2435 tos
345 2383 427 2436 80.
458 2380 636 2451 Hujus
662 2381 720 2435 in
749 2380 1032 2436 itinerum
1055 2377 1274 2450 spatiis
1299 2379 1585 2436 maximus
1617 2397 1751 2436 usus
1774 2381 1861 2434 est

245 2469 538 2527 metiendis.
573 2470 757 2526 Dictus
785 2486 986 2542 passus
1022 2485 1060 2523 a
1082 2466 1333 2538 patendo
1369 2467 1618 2536 videtur,
1649 2485 1758 2541 pro
1788 2484 1858 2524 eo

246 2558 376 2629 quod
391 2559 712 2629 patentibus
732 2557 1194 2630 intercapedine
1217 2555 1470 2627 quinque
1489 2557 1707 2628 pedum
1728 2574 1857 2612 cru-

249 2646 380 2701 ribus
405 2646 711 2718 tiguratur:
745 2646 895 2701 unde
926 2649 990 2701 et
1014 2645 1181 2715 passi
1211 2645 1381 2698 crines
1401 2644 1696 2700 dicuntur.

304 2735 524 2802 Pertica,
542 2752 670 2806 qua:
699 2738 754 2789 et
779 2733 1132 2805 decempeda,
1155 2731 1426 2787 continet
1436 2750 1632 2804 passus
1662 2737 1716 2801 2,
1734 2749 1862 2804 gra-

250 2825 335 2878 dus
361 2829 390 2878 3
417 2827 474 2879 et
502 2823 794 2893 trientem,
855 2823 1094 2878 cubitos
1127 2819 1168 2874 6
1216 2823 1274 2873 et
1302 2819 1531 2888 bissem,
1565 2822 1740 2893 pedes
1774 2825 1860 2888 10,

251 2917 408 2967 sextae
437 2915 496 2966 13
521 2917 582 2967 et
615 2895 728 3006 g5,
751 2916 976 2986 palmas
995 2915 1103 2978 ιο,
1130 2908 1337 2963 uncias
1360 2913 1480 2977 120,
1503 2909 1715 2981 digitos
1740 2912 1860 2967 160.

253 3001 386 3055 Dicta
411 2995 811 3080 pertica'q'uasi
818 3005 1038 3074 portica
1065 3017 1102 3054 a
1126 2997 1420 3070 portando
1442 2999 1672 3058 scilicet.
1695 2999 1864 3054 Manu

254 3108 475 3164 namque
531 3096 816 3150 mensoris
872 3093 948 3148 ad
1009 3104 1200 3160 agros
1269 3085 1646 3144 dimetieudos
1703 3087 1868 3158 virga

255 3184 571 3239 meusuralis
608 3188 887 3257 portatur.

312 3270 467 3324 Actus
495 3275 755 3327 minimus
781 3273 840 3327 in
872 3267 1216 3343 quantitate
1271 3267 1496 3319 tantum
1539 3265 1867 3338 superﬁciei

257 3374 503 3430 agrorum
537 3362 959 3427 consideratur,
1023 3355 1326 3424 habetque
1377 3353 1436 3408 in
1465 3355 1580 3410 lato
1603 3356 1781 3426 pedes
1811 3357 1866 3420 ι,

258 3446 305 3500 in
331 3449 493 3520 longo
525 3453 657 3505 iio.
690 3450 795 3514 Qui
826 3448 1082 3503 invicem
1144 3440 1328 3507 ducti,
1382 3441 1441 3495 id
1499 3446 1606 3510 est,
1661 3446 1872 3516 quater

260 3539 361 3602 110,
385 3539 438 3592 in
466 3543 596 3594 tota
627 3539 747 3610 agri
769 3533 1073 3609 superﬁcie
1103 3532 1432 3586 constratas
1455 3531 1634 3601 pedes
1651 3534 1756 3586 660
1776 3547 1867 3586 as-

260 3626 719 3683 tendunt.Ductus
730 3630 922 3681 autem
938 3623 1011 3678 ab
1025 3617 1238 3689 agendo
1253 3617 1428 3671 rurali
1450 3634 1625 3689 opere
1641 3619 1872 3674 videtur

319 3713 497 3785 Clima,
527 3716 742 3772 eodem
763 3713 936 3769 modo
953 3709 1086 3782 agri
1105 3703 1497 3780 quantitatem
1529 3707 1868 3780 designans,

259 3803 406 3858 habet
433 3809 489 3861 et
515 3807 577 3860 in
614 3805 787 3876 longo
813 3807 871 3858 et
900 3802 959 3856 in
989 3801 1116 3854 lato
1149 3793 1328 3868 pedes
1357 3796 1450 3853 60.
1480 3795 1588 3860 Olli
1618 3797 1872 3853 invicem

262 3891 388 3946 ducti
419 3896 556 3950 1600
589 3893 764 3966 pedes
794 3890 1123 3946 constratas
1157 3883 1472 3952 complent.

317 3979 492 4049 Porta,
557 3979 982 4037 nihilhominus
1031 3971 1164 4045 agri
1192 3986 1528 4026 mensuram
1582 3973 1868 4042 indicans,

263 4066 313 4120 iu
336 4069 694 4142 longitudine
749 4072 840 4137 80,
888 4067 949 4121 in
982 4058 1300 4119 latitudine
1345 4063 1412 4114 30
1455 4062 1638 4131 pedes
1673 4063 1872 4119 habet.

265 4156 355 4221 Qui
375 4159 618 4214 invicem
651 4157 807 4212 ducti
837 4159 980 4210 2400
1005 4150 1273 4208 indicant
1297 4153 1640 4206 constratas.

327 4247 483 4302 Actus
511 4247 836 4320 quadratus,
868 4243 968 4315 qui
1009 4244 1069 4296 et
1097 4239 1422 4309 agnpennus
1450 4255 1553 4293 seu
1584 4241 1876 4311 aripennus

270 4332 467 4404 dicitur,
491 4334 655 4408 quod
687 4333 810 4406 agri
841 4331 1089 4388 modum
1117 4326 1604 4395 diecriminamus,
1629 4344 1734 4399 per
1756 4327 1873 4382 sin-
1895 4321 1946 4379 D

271 4423 386 4491 gula
407 4431 660 4496 quatuor
683 4423 866 4477 latera
890 4418 1144 4493 perticas
1206 4419 1289 4480 12,
1341 4414 1400 4468 id
1431 4417 1534 4482 est,
1562 4416 1742 4487 pedes
1773 4420 1876 4470 120

271 4511 467 4584 recipit.
504 4512 620 4578 Qui
659 4511 721 4566 in
763 4527 823 4565 se
879 4507 1039 4564 ducti
1087 4507 1190 4560 ιιι
1244 4503 1486 4576 perticas
1532 4507 1870 4573 constratas,

271 4599 533 4672 pedesque
569 4598 860 4672 ejusmodi
891 4598 1221 4654 constratas
1253 4595 1426 4647 “£00
1453 4593 1512 4648 in
1547 4593 1872 4665 agripenno

272 4685 680 4747 demonstrant.

330 4776 591 4846 Jugerum
620 4793 722 4832 seu
740 4778 926 4848 juger,
959 4791 1062 4830 seu
1085 4773 1279 4843 jugus,
1311 4771 1466 4844 quod
1487 4770 1703 4842 junctis
1730 4769 1872 4826 dua-

277 4860 365 4918 bus
389 4865 684 4937 aripennis
724 4865 920 4931 confit,
971 4862 1223 4933 indeque
1257 4858 1329 4915 ab
1341 4859 1621 4930 jungendo
1657 4875 1874 4914 nomen

281 4952 481 5023 accipit,
510 4954 901 5026 quantitatem
931 4949 1141 5005 itidem
1174 4947 1368 5020 agri...
1398 4947 1584 5017 niens,
1611 4947 1787 5002 habet
1816 4946 1876 5002 in

281 5035 620 5110 longitudine
651 5039 894 5112 perticas
917 5038 1012 5104 24,
1038 5037 1099 5091 id
1122 5039 1208 5092 est
1231 5035 1408 5108 pedes
1434 5039 1565 5102 “0;
1603 5033 1661 5088 in
1683 5033 1876 5089 latitu-

282 5125 397 5183 dine
428 5131 675 5200 perticas
706 5134 792 5196 12,
849 5127 911 5182 id
953 5129 1039 5181 est
1067 5129 1168 5180 120
1196 5123 1393 5197 pedes.
1427 5123 1551 5187 Qua
1576 5121 1878 5177 latitudine

283 5228 372 5285 per
394 5217 817 5290 longitudinem
838 5217 1011 5271 ducta
1025 5214 1082 5269 in
1105 5211 1404 5284 superficie
1415 5210 1611 5284 jugeri
1634 5211 1880 5283 perticas

286 5309 583 5361 constratas
642 5311 765 5376 288,
817 5305 999 5379 pedes
1022 5318 1158 5358 vero
1194 5305 1366 5356 28800
1391 5299 1672 5357 invenies.
1705 5299 1880 5370 Hujus

288 5397 538 5463 quartam
561 5399 786 5467 partem
830 5393 1081 5450 tabulam
1122 5391 1440 5463 appellant,
1479 5387 1878 5444 continentem

297 5481 525 5551 perticas
559 5485 877 5540 constratas
905 5485 996 5539 72.

349 5583 597 5646 Camn-ia
640 5591 727 5648 est
772 5604 916 5661 ager
961 5589 1066 5646 200
1105 5584 1408 5644 continens
1431 5583 1668 5657 jugera,
1701 5581 1879 5651 dicta,

291 5674 429 5748 quod
450 5677 603 5756 apud
623 5677 977 5755 antiquiores
1003 5674 1263 5735 centenis
1287 5677 1519 5734 tantum
1565 5671 1878 5751 jugeribus

1886 3059 1934 3119 C

1963 1883 2221 1938 sianibus
2246 1884 2443 1937 usuale
2471 1887 2575 1951 est,
2606 1883 2866 1939 continet
2886 1900 3083 1956 passus
3116 1885 3462 1956 £25,gradus
3478 1887 3586 1940 208

1964 1993 2023 2044 et
2057 1988 2330 2044 trientem
2364 1988 2589 2044 cubitos
2618 1993 2722 2044 ue
2762 1992 2818 2042 et
2848 1988 2976 2064 SS,
3011 1990 3189 2064 pedes
3236 1994 3361 2059 626,
3400 1993 3587 2046 sextas

1965 2084 2068 2133 933
2101 2081 2158 2133 et
2187 2077 2491 2146 trientem,
2517 2079 2742 2148 palmas
2774 2077 2938 2149 2500',
2961 2079 3158 2135 uncias
3183 2083 3342 2147 7500,
3374 2079 3584 2152 digitos

1965 2171 2123 2224 1000.
2154 2167 2380 2223 Dictum
2421 2171 2615 2222 autem
2648 2169 2900 2225 stadium
2947 2169 3156 2225 dicitur
3185 2186 3218 2225 a
3245 2169 3454 2237 stando,
3488 2185 3588 2224 seu

1963 2258 2120 2330 quod
2140 2257 2384 2328 juvenes
2410 2261 2708 2312 currentes
2733 2275 2973 2314 emenso
3008 2259 3120 2314 hoc
3149 2257 3333 2330 spatio
3358 2258 3431 2314 ad
3462 2275 3586 2312 me-

1961 2350 2084 2401 tam
2119 2349 2370 2415 starent;
2421 2363 2521 2402 seu
2575 2346 2730 2420 quod
2774 2348 3044 2404 Hercules
3068 2347 3291 2420 primus
3319 2348 3428 2402 hoc
3456 2363 3589 2420 spa-

1961 2436 2107 2490 tium
2129 2452 2247 2492 uno
2299 2435 2556 2491 anhelitu
2579 2441 2972 2493 transcursum
3006 2437 3211 2493 stando
3243 2435 3590 2508 signaverat.

2042 2541 2377 2599 Milliarium
2401 2543 2578 2599 habet
2606 2544 2791 2600 stadia
2817 2550 2870 2614 8,
2904 2563 3101 2618 passus
3128 2543 3270 2618 mjlie
3317 2542 3494 2616 (unde
3535 2545 3593 2597 et

1963 2649 2183 2688 nomen
2243 2632 2514 2723 accepit),
2567 2632 2781 2706 gradus
2834 2615 2994 2705 1600,
3053 2640 3116 2692 61
3153 2615 3261 2723 S—S
3294 2629 3586 2723 ,cubitps

1963 2742 2128 2809 3300,
2175 2742 2244 2794 33
2273 2717 2368 2832 g5
2397 2781 2414 2804 ,
2466 2740 2644 2811 pedes
2703 2744 2865 2809 5000,
2911 2745 3096 2798 sextas
3147 2717 3308 2809 6060,
3353 2742 3421 2794 se

1967 2831 2193 2900 palmas
2219 2831 2417 2899 20000,
2447 2831 2646 2885 uncias
2697 2833 2898 2898 60000,
2958 2831 3170 2902 digitos
3217 2833 3416 2887 80000.
3472 2832 3589 2887 Hoc

1967 2920 2253 2990 permissu
2294 2918 2496 2991 priscae
2521 2918 2665 2989 legis
2686 2919 2797 2974 iter
2827 2918 3062 2975 Sabbati
3092 2919 3220 2975 fuit.

2037 3025 2220 3082 Leuce
2249 3025 2458 3097 recipit
2484 3023 2822 3079 milliarium
2838 3027 3091 3079 unumet
3115 3024 3451 3094 dimidium,
3482 3028 3593 3080 sta-

1969 3114 2064 3170 dia
2105 3122 2192 3183 12,
2226 3131 2424 3188 passus
2453 3115 2612 3170 mille
2625 3113 3230 3186 quingentos,grad-us
3259 3114 3591 3182 2500,0ubi-

1969 3205 2228 3260 ἰοῦ-5000
2257 3205 2437 3276 pedes
2475 3208 2639 3273 7500,
2673 3206 2858 3258 sextas
2889 3205 3082 3270 10000,
3112 3203 3338 3274 palmas
3361 3205 3584 3271 30,000,

1969 3294 2166 3348 uncias
2197 3298 2394 3359 90000,
2423 3292 2634 3365 digitos
2666 3296 2898 3348 120000.
2921 3291 3083 3347 Dicta
3107 3293 3270 3346 leuca
3297 3291 3586 3358 elevando,

1970 3381 2030 3437 id
2057 3386 2161 3448 est,
2193 3382 2502 3438 relevando
2533 3384 2664 3454 post
2684 3384 2914 3436 tantum
2937 3380 3048 3436 iter
3067 3396 3332 3452 corpore,
3355 3379 3518 3434 Unde
3529 3381 3588 3434 et

1971 3471 2124 3542 apud
2148 3470 2503 3527 Teutonicos
2548 3469 2717 3524 Rasta
2748 3487 2782 3524 a
2805 3469 3220 3542 requiesceudo
3243 3468 3583 3540 appellatur.

2608 3630 2839 3686 CAPUT
2877 3631 2970 3685 Ill.

1969 3721 2063 3778 De
2107 3721 2452 3793 descriptione
2499 3721 2818 3794 quantitatis
2841 3717 3169 3794 earumdem
3216 3731 3587 3775 "immrth

2655 3792 2902 3863 tri/aria.

2044 3917 2157 3972 Sed
2179 3916 2315 3990 quia
2340 3918 2466 3972 hmc
2499 3915 2570 3971 de
2597 3915 2933 3982 linearibus,
2982 3913 3042 3968 id
3069 3917 3155 3968 est
3184 3913 3367 3968 solam
3398 3912 3591 3984 longi-

1973 4008 2238 4063 tudinem
2270 4005 2706 4078 designantibus
2745 4003 3034 4060 mensuris
3090 4005 3404 4073 utcumque
3435 4001 3590 4057 dicta

1974 4099 2127 4165 sunt,
2177 4113 2330 4152 nunc
2390 4111 2621 4166 quoque
2673 4091 3013 4147 earumdem
3068 4090 3476 4162 quantitatem,
3545 4091 3592 4146 si

1974 4188 2280 4240 constrata:
2330 4185 2430 4238 aut
2476 4182 2674 4238 solida:
2702 4181 2866 4246 ﬂant,
2897 4195 3002 4251 per
3024 4193 3243 4250 passus,
3309 4180 3484 4252 pedes
3531 4183 3594 4236 et

1976 4273 2187 4345 digitos
2212 4273 2272 4327 in
2307 4272 2589 4343 subjecta,
2617 4269 2663 4325 si
2706 4269 2916 4341 placet,
2946 4267 3220 4340 paginula
3242 4284 3424 4340 quam
3459 4269 3590 4325 bre-

1974 4362 2204 4417 vissime
2227 4360 2624 4428 subnotemus,
2678 4374 2776 4414 eas
2822 4356 3091 4412 videlicet
3138 4356 3592 4414 intermittentes

1975 4467 2137 4523 quas,
2196 4448 2548 4523 quantitates
2603 4450 2836 4503 tantum
2893 4444 3219 4517 superfleiei
3285 4461 3585 4519 agrorum,

1975 4540 2376 4595 demonstrare
2403 4536 2798 4610 praediximus.

2042 4645 2216 4701 Leuce
2234 4643 2410 4700 habet
2437 4644 2687 4700 lineares
2714 4659 2913 4715 passus
2963 4645 3120 4709 1500,
3151 4644 3473 4699 constratas
3503 4642 3590 4699 bis

1976 4738 2184 4756 —~—.

1973 4738 2272 4830 iic—‘CL,
2293 4760 2505 4817 solidos
2533 4767 2623 4819 ter
2648 4740 2819 4828 m,
2850 4773 2908 4814 et
2936 4763 3026 4815 ter
3052 4735 3215 4828 CMT,
3249 4761 3308 4815 et
3337 4758 3481 4824 LXX,
3518 4773 3578 4814 es

1971 4879 2576 5025 Mhililzgiiaxsznilhabet
2589 4963 2834 5020 lineares
2852 4975 3048 5034 passus
3067 4957 3252 5030 mille,
3266 4956 3590 5014 constratas

2101 5083 2309 5142 solides
2335 5060 2460 5153 τῇ,
2493 5079 2674 5136 millia
2695 5057 2798 5134 Μ’Ῑί
2831 5075 3036 5132 millia.

2045 5190 2261 5246 Pertica
2293 5189 2470 5244 habet
2521 5186 2770 5241 lineares
2819 5199 3022 5256 passus
3077 5180 3241 5250 duos,
3273 5179 3591 5235 constratas

1973 5282 2247 5355 quatuor,
2265 5278 2477 5333 solidas
2509 5278 2660 5331 octo.

2047 5384 2246 5440 Passus
2263 5384 2438 5440 habet
2465 5383 2713 5438 lineares
2743 5379 2921 5452 pedes
2947 5376 3232 5452 quinque,
3263 5372 3591 5432 constratas

1981 5476 2072 5540 25,
2099 5473 2313 5528 solidos
2336 5476 2464 5528 125.

2055 5576 2267 5635 Gradus
2291 5577 2471 5637 habet
2503 5576 2750 5636 lineares
2768 5573 2948 5650 pedes
2971 5575 3026 5644 3,
3057 5569 3382 5629 constratas
3413 5567 3466 5635 9,
3495 5577 3590 5617 so-

2033 5665 2138 5723 dos
2162 5668 2252 5723 27.

1987 5664 2138 5724 lidos
2162 5668 2252 5730 27.
