3986 6170
378 366 466 423 '99

991 364 1340 425 SILXESTRI
1388 367 1435 424 Π
1471 366 1678 424 ΡΑΡίΕ
1714 367 1869 426 ΟΡΡ.
1913 368 1997 424 PA

2141 370 2184 427 l.
2224 399 2292 410 —
2339 368 2431 424 DE
2475 367 2767 426 DISCIPL.
2805 370 3113 427 MATHEM.

3612 376 3715 429 100

455 481 685 539 Cubitus
703 482 880 540 habet
896 483 1175 542 linearem
1207 486 1418 558 pedem
1445 489 1486 555 l,
1513 504 1696 542 unum
1721 488 1777 544 S.
1813 489 2005 559 (8-10),
2033 493 2087 552 Α
2119 492 2236 544 tem
2251 489 2452 560 planus
2478 490 2708 559 angulus
2727 489 2974 545 duarum
3015 491 3299 546 linearum
3330 491 3392 545 in
3418 491 3658 562 planitie
3685 511 3718 547 e

381 574 711 647 constratas
741 571 907 638 duos,
937 591 1118 629 unum
1153 575 1455 645 trientem,
1487 576 1699 632 solidos
1729 580 1867 646 tres,

499 662 612 718 ul.

499 662 612 718 ul.

395 661 563 808 Li’es
593 751 771 807 habet
799 751 1050 808 lineares
1097 752 1307 826 digitos
1365 758 1448 820 1ο,
1500 758 1820 810 constratas
1885 759 2009 824 25¢,

388 838 602 895 solidos
627 839 793 896 4096.

449 927 617 984 Sexta
645 930 822 985 habet
870 930 1116 987 lineares
1147 931 1359 1004 digitos
1393 933 1481 999 12,
1514 936 1836 990 constratas
1875 940 1994 1002 M4,

382 1016 599 1074 solidos
628 1021 788 1074 1728.

447 1105 672 1164 Palmus
703 1107 879 1164 habet
907 1109 1154 1164 lineares
1199 1109 1408 1181 digitos
1436 1115 1491 1180 4,
1527 1115 1850 1167 constratos
1912 1121 1998 1183 16,

379 1195 596 1252 solidos
625 1201 714 1256 64.

457 1301 1110 1361 Uncz’ahabetlinearem
1136 1305 1386 1379 digitum
1406 1324 1609 1377 unum,
1625 1289 1731 1401 gs
1751 1315 2004 1368 constra-

379 1435 471 1496 tos
491 1436 672 1474 unum
692 1403 802 1516 SS
829 1426 887 1476 et
961 1421 1174 1478 solidos
1204 1403 1368 1491 duos,
1533 1425 1584 1509 ε
1612 1434 1714 1498 φθχ
1757 1401 1844 1522 οδ
1864 1429 2002 1498 (12).

446 1531 672 1603 Dz’gitus
697 1535 871 1590 habet
901 1536 1145 1592 linearia
1174 1536 1379 1592 hordei
1400 1552 1584 1609 grana
1617 1537 1678 1604 4,
1707 1537 2002 1589 constrata

382 1622 469 1688 16,
500 1621 685 1676 solida
715 1625 804 1679 σι.

449 1709 517 1764 Et
537 1710 814 1766 hactenus
843 1713 913 1767 de
948 1713 1254 1780 mensuris,
1288 1729 1416 1785 qum
1447 1730 1482 1767 a
1511 1711 1802 1784 prioribus
1830 1710 1998 1766 nobis

377 1802 579 1863 relicta
607 1804 761 1870 sunt,
786 1801 920 1856 satis
941 1805 1000 1856 et
1028 1818 1143 1856 nen
1175 1802 1488 1874 superflue,
1512 1805 1574 1855 ut
1595 1817 1748 1867 reor,
1774 1801 1992 1854 dictum
2019 1821 2070 1880 Β

377 1899 484 1951 est.
535 1891 702 1957 Quod
749 1890 794 1944 si
844 1891 1133 1962 prioribus
1179 1891 1236 1944 in
1283 1890 1679 1945 mensurando
1729 1889 1994 1960 partibus

374 1982 618 2053 indiget,
656 1980 901 2050 diligens
923 1979 1165 2050 quisque
1190 1995 1664 2050 unamquamque
1693 1993 1993 2032 mensura-

375 2086 507 2125 rum
523 2068 1030 2140 praedictarummt
1057 2083 1286 2122 necesse
1314 2067 1508 2132 fuerit,
1535 2084 1633 2121 seu
1665 2083 1769 2136 per
1805 2066 1993 2120 minu-

373 2157 485 2213 tias
544 2157 779 2211 usitatas
835 2154 949 2209 sive
1000 2171 1104 2227 per
1159 2156 1578 2210 intellectuales
1631 2154 1994 2209 multimodis

375 2247 594 2302 habere
623 2243 856 2317 poterit.

1015 2349 1237 2404 CAPUT
1278 2350 1366 2406 lV.

922 2438 1004 2492 De
1031 2439 1208 2509 planis
1245 2440 1459 2510 ﬁguris.

451 2531 612 2588 Nunc
639 2545 774 2584 vero
819 2527 890 2582 de
931 2526 1151 2598 ﬁguris,
1209 2544 1340 2598 qua:
1390 2526 1643 2598 praefatis
1684 2525 1993 2580 linearibus

379 2617 755 2675 includuntur
800 2615 1106 2680 mensuris,
1162 2615 1578 2685 speculandum
1631 2618 1735 2670 est.
1766 2615 1993 2685 Figura,

379 2723 510 2781 quae
539 2707 730 2762 Graece
759 2705 965 2760 schema
995 2707 1249 2770 vocatur,
1287 2706 1370 2758 est
1398 2704 1647 2776 spatium
1679 2704 1847 2758 certis
1875 2706 1993 2757 ter-

380 2794 876 2852 minisinclusum.
906 2794 1084 2864 Hujus
1109 2793 1328 2864 species
1359 2793 1486 2847 duae
1516 2796 1669 2847 sunt.
1700 2795 1812 2846 Aut
1837 2792 1993 2846 enim

374 2884 556 2957 planae
584 2886 683 2938 aut
709 2882 891 2937 solidae
917 2885 1071 2936 sunt.
1105 2881 1213 2936 Sed
1251 2881 1320 2934 de
1345 2880 1538 2936 solidis
1566 2881 1624 2935 in
1662 2880 1996 2953 posteriori-

381 2973 518 3040 bus;
547 2987 702 3026 nunc
740 2969 812 3024 de
836 2968 1021 3042 planis
1047 2969 1362 3023 videamus.

451 3061 648 3117 Plana?
675 3057 943 3113 dicuntur
971 3057 1193 3128 figuras,
1216 3074 1344 3129 quin
1366 3057 1500 3128 prof
1502 3056 1783 3124 unditate,
1807 3057 1866 3112 id
1889 3061 1995 3125 est,

381 3148 686 3206 altitudine
715 3150 998 3214 carentes,
1043 3147 1098 3200 in
1138 3145 1503 3216 longitudine
1539 3148 1767 3199 tantum
1800 3147 1992 3200 latitu-

383 3237 518 3292 dine
543 3253 654 3309 que
707 3234 1166 3290 considerantur.
1197 3235 1293 3287 Hie
1333 3250 1466 3288 vero
1501 3234 1545 3287 si
1571 3234 1994 3289 rationabiliter

381 3326 808 3399 proponuntur,
842 3325 940 3376 aut
968 3322 1149 3376 curvis
1209 3338 1329 3390 seu,
1383 3338 1511 3393 quas
1545 3322 1736 3377 Graece
1763 3323 1991 3392 eulhyae,

384 3411 868 3478 determinantur,
900 3413 958 3463 et
985 3411 1274 3480 angulata
1315 3413 1474 3476 sunt,
1515 3412 1993 3482 appellanturque

382 3501 837 3569 eulhygramm;
885 3501 985 3552 aut
1035 3497 1202 3552 rectis
1232 3498 1416 3565 lineis,
1451 3498 1993 3554 circumferentibus

380 3587 571 3654 lineis,
603 3603 744 3660 quas
771 3586 949 3640 Grmci
974 3587 1201 3656 cyclz’cas
1231 3587 1346 3641 sive
1373 3587 1656 3657 cycloides
1686 3585 1871 3657 (Cod.,
1923 3587 1995 3642 li-

382 3675 601 3744 coides)
625 3675 742 3730 sive
771 3673 996 3746 capellas
1027 3677 1253 3744 vocant,
1277 3674 1668 3743 includuntur,
1699 3679 1757 3730 et
1787 3679 1993 3732 rotun-

384 3765 473 3820 dae
506 3763 618 3823 sive
646 3764 914 3836 oblongae
961 3765 1115 3830 sunt,
1155 3768 1214 3819 et
1259 3765 1760 3836 campylogrammaz
1803 3766 1994 3821 nomi-

384 3857 629 3910 nantur:
669 3854 758 3908 vel
783 3857 938 3908 certe
970 3853 1246 3926 utrisque,
1268 3853 1425 3909 idest
1451 3854 1620 3909 rectis
1645 3859 1703 3909 et
1727 3856 1996 3925 curvatis,

379 3945 832 4016 componuntur,
866 3945 924 3996 et
951 3941 1162 4014 partim
1194 3943 1504 4014 angulataa,
1538 3944 1750 4016 partim
1779 3946 1996 4000 lunata:

379 4047 482 4089 seu
511 4031 774 4088 rotundae
804 4035 957 4101 sunt,
990 4031 1146 4102 quod
1175 4047 1358 4102 genus
1388 4033 1584 4086 micton
1613 4049 1647 4088 a
1676 4034 1882 4088 Grzecis
1910 4034 1994 4089 di-

383 4121 552 4177 citur.
585 4121 720 4186 Quae
748 4120 1011 4192 singulae,
1031 4124 1200 4192 prout
1217 4120 1592 4176 commodum
1607 4125 1664 4176 et
1681 4123 1818 4177 utile
1843 4123 1995 4178 vide-

382 4209 558 4276 bitur,
608 4209 666 4263 in
737 4209 1223 4280 consequentibus
1267 4209 1520 4280 apertius
1580 4210 1995 4266 describentur.

384 4295 650 4369 Spatium
679 4299 874 4351 autem
908 4297 1022 4350 sive
1047 4297 1312 4368 planities
1344 4299 1649 4369 planarum
1677 4299 1998 4370 figurarum

2020 3107 2067 3165 C

2117 577 2338 631 diverso
2380 576 2664 632 dictarum
2705 577 2778 632 ad
2821 595 3002 632 unum
3043 583 3318 649 punctum
3343 579 3713 639 coadunatio.

2116 663 2241 719 Sive
2273 664 2466 720 aliter:
2498 666 2755 736 Angulus
2776 667 2860 718 est
2906 666 3154 736 spatium
3185 667 3342 738 quod
3365 666 3468 720 sub
3497 666 3719 722 duabus

2111 753 2278 809 lineis
2307 755 2636 809 continetur
2661 771 2719 809 se
2738 753 2983 810 invicem
3008 755 3515 827 tangentibus.Qui
3542 757 3718 812 nimi-

2111 859 2264 913 rum,
2297 842 2560 898 trimodis
2587 842 2883 915 speciebus
2939 843 3234 913 discretus,
3269 848 3368 899 aut
3395 853 3568 899 rectus
3607 851 3717 913 est,

2109 935 2206 987 aut
2244 933 2419 1000 hebes,
2459 935 2558 986 aut
2583 938 2789 986 acutus.

2173 1022 2391 1084 Rectus,
2431 1020 2528 1092 qui
2571 1023 2630 1074 et
2655 1019 2907 1074 normalis
2939 1020 3166 1085 dicitur,
3201 1023 3311 1077 hoc
3343 1025 3518 1080 modo
3550 1025 3637 1092 fit,
3667 1027 3717 1080 si

2103 1112 2319 1163 rectam
2344 1109 2556 1163 lineam
2581 1108 2879 1177 jacentem
2901 1108 3083 1162 altera
3111 1113 3266 1165 stans
3291 1118 3449 1167 recta
3488 1117 3716 1170 contin-

2103 1203 2222 1269 gat,
2253 1201 2311 1252 et
2363 1215 2425 1251 ex
2475 1201 2717 1268 utraque
2765 1195 2850 1250 sui
2889 1200 3052 1267 parte
3105 1216 3301 1271 {equos
3354 1205 3598 1272 angulos
3635 1207 3716 1260 ita

2102 1286 2270 1341 facit:

2897 1444 2914 1496 Ι

2599 1506 3207 1929 __l_

2173 2084 2283 2138 Hic
2314 2088 2531 2148 autem,
2557 2080 2718 2153 quasi
2742 2079 2842 2134 vias
2864 2078 3086 2133 virtutis
3113 2079 3370 2134 medium
3395 2083 3617 2151 tenens,
3639 2083 3713 2138 si-

2096 2172 2270 2246 bique
2297 2173 2402 2243 ipsi
2431 2189 2660 2244 semper
2694 2176 2753 2226 et
2796 2172 3164 2226 uniformiter
3205 2172 3462 2242 aequalis,
3500 2188 3602 2226 nec
3648 2190 3710 2227 se

2097 2262 2222 2332 plus
2248 2279 2414 2334 (equo
2438 2261 2660 2329 dilatat,
2695 2277 2800 2316 nec
2824 2261 3014 2314 minus
3035 2261 3190 2332 justo
3218 2265 3490 2314 coarctat.

2166 2350 2341 2404 Hebes
2383 2354 2600 2418 autem,
2653 2350 2747 2422 qui
2790 2354 2848 2404 et
2900 2351 3025 2419 plus
3074 2348 3323 2403 normali
3362 2349 3447 2403 vel
3494 2348 3709 2405 obtusus

2099 2439 2306 2494 dicitur
2331 2441 2595 2510 angulus,
2628 2439 2748 2510 qui,
2778 2439 2939 2510 quasi
2961 2437 3267 2508 pleonasias
3300 2454 3484 2504 more,
3525 2440 3708 2493 semel

2095 2532 2319 2582 rectum
2356 2527 3316 2597 excedens,incertaindelinitaque
3350 2527 3707 2597 quantitate,

2097 2616 2280 2671 donec
2309 2617 2368 2670 in
2398 2618 2613 2671 lineam
2668 2615 2919 2683 deficiat,
2966 2615 3193 2668 dilatari
3237 2618 3295 2668 et
3325 2615 3569 2685 expandi
3598 2631 3713 2686 po-

2097 2709 2208 2759 test
2254 2705 2340 2759 Fit
2369 2709 2564 2760 autem
2590 2704 2635 2758 si
2659 2703 2880 2775 jacenti
2926 2703 3091 2758 lineae
3132 2703 3313 2756 altera
3344 2703 3414 2756 ab
3445 2719 3512 2756 ea
3536 2703 3707 2757 incli-

2098 2798 2235 2849 nata
2255 2794 2537 2865 jungatur
2560 2792 2666 2848 ita:

3070 2972 3129 2995 Ὗ

2677 3001 3096 3114 ._____/

2169 3202 2382 3258 Acutus
2409 3206 2516 3272 est,
2547 3204 2666 3276 qui,
2700 3203 3058 3258 neomesiam
3078 3202 3332 3269 imitans,
3365 3204 3423 3256 et
3447 3199 3598 3255 infra
3614 3217 3718 3256 re-

2099 3294 2258 3345 ctum
2287 3293 2621 3359 subsistens,
2668 3292 2986 3346 identidem
3029 3292 3349 3362 quantitate
3405 3289 3717 3345 indefinita

2099 3396 2278 3450 usque
2308 3379 2367 3434 in
2396 3381 2610 3436 lineam
2644 3381 2920 3435 directam
2952 3381 3230 3434 coarctari
3264 3380 3432 3434 valet.
3459 3379 3543 3433 Fit
3572 3395 3716 3434 vero

2098 3467 2143 3521 si
2163 3469 2458 3539 jacentem
2491 3469 2707 3525 lineam
2739 3473 2959 3524 rectam
3000 3470 3180 3524 altera
3210 3468 3284 3524 ad
3323 3484 3454 3523 eam
3483 3467 3720 3522 inclinis

2098 3559 2321 3628 tangat,
2351 3557 2460 3613 ita:

2501 3752 3348 3865 <4

2173 4101 2241 4156 Et
2263 4100 2320 4155 hi
2346 4100 2580 4172 quidem
2599 4097 2817 4169 anguli,
2833 4114 2898 4152 ex
2917 4096 3083 4151 rectis
3111 4095 3323 4149 scilicet
3343 4092 3499 4162 facti,
3521 4091 3727 4161 euthy-

2095 4192 2334 4260 grammz’
2358 4190 2570 4254 Graece,
2602 4187 2869 4244 rectilinei
2899 4187 3138 4257 possunt
3187 4183 3383 4237 Latine
3415 4181 3724 4252 appellari.

2099 4280 2342 4334 Possunt
2373 4283 2573 4333 tamen
2606 4276 2828 4330 easdem
2861 4279 2977 4328 tres
3008 4273 3357 4344 angulorum
3380 4269 3594 4342 species
3619 4269 3730 4324 ali-

383 4384 552 4440 lineis
583 4385 1038 4456 circumscripta,
1068 4385 1347 4440 cmbadum
1370 4387 1626 4442 aGrmcis
1653 4390 1998 4460 appellatur,
2027 4399 2078 4458 Ῑ)
2100 4367 2396 4460 (ἶυοξηοάο
2428 4384 2498 4460 9³(
2531 4365 2698 4460 “ftis
2721 4368 2778 4419 θῐ
2799 4360 3337 4460 οίξῬιΠΡῖθΐθημδτξιδ
3366 4359 3549 4460 lingis.
3575 4361 3728 4411 ιῐειῐι

387 4473 544 4548 quod
564 4491 599 4529 a
625 4473 832 4529 nostris
871 4473 1321 4545 interpretatum
1353 4492 1478 4530 area
1509 4481 1895 4548 nuncupatur,
1929 4478 2003 4532 ad

387 4563 548 4634 cujus
576 4562 839 4618 videlicet
855 4565 913 4616 et
948 4577 1097 4615 area:
1121 4561 1512 4632 quantitatem
1544 4564 2004 4636 investigandam

385 4651 578 4719 varias,
606 4667 712 4723 pro
755 4649 1084 4706 diversitate
1112 4648 1438 4720 ﬁgurarum
1464 4655 1522 4706 et
1552 4652 2001 4721 theorematum,

385 4739 602 4812 regula:
632 4739 845 4810 passim
892 4738 1163 4810 dispersae
1206 4737 1494 4806 feruntur,
1540 4757 1607 4794 ex
1648 4741 1852 4813 quibus
1900 4742 2006 4797 ali-

387 4844 551 4899 quas,
579 4844 719 4899 quas
770 4826 948 4882 nostri
978 4825 1268 4897 attingere
1293 4827 1485 4897 potuit
1525 4827 1847 4899 diligentia,
1876 4846 2004 4902 quae

383 4915 641 4971 utiliores
659 4914 1340 4987 videbantur,aliquantis
1358 4931 1462 4986 per
1476 4916 1794 4971 ordinatius
1814 4918 2005 4990 diges-

385 5005 476 5060 tas
504 5004 742 5076 aggredi
769 5003 1144 5072 tentabimus,
1173 5003 1221 5058 si
1246 5003 1404 5076 prius
1447 5021 1629 5078 pauca
1663 5004 1736 5061 de
1776 5007 2002 5076 angulo-

386 5108 511 5150 rum
549 5092 866 5166 speciebus,
919 5095 978 5148 et
1041 5093 1152 5148 alia
1224 5093 1498 5165 quadam
1542 5093 2002 5166 ingredientibus

387 5183 710 5240 necessaria
761 5181 1217 5256 probaverimus.

458 5275 656 5346 Itaque
686 5273 874 5344 plana:
903 5273 1105 5344 figurae
1136 5289 1279 5344 quas
1300 5271 1472 5328 rectis
1522 5272 1690 5328 lineis
1720 5273 2001 5330 determi-

386 5361 515 5420 nari
545 5363 962 5434 angulatasque
993 5377 1114 5416 esse
1164 5359 1429 5428 diximus,
1479 5361 1643 5416 trinis
1683 5364 2001 5420 necessario

385 5453 699 5527 planorum
729 5451 1076 5522 angulorum
1102 5449 1435 5504 formantur
1453 5450 1771 5522 speciebus.
1795 5453 1890 5509 Est
1907 5469 2004 5509 au-

457 5557 632 5623 (8-10)
670 5558 866 5614 Glossa
897 5560 1077 5623 vetus,
1103 5557 1390 5612 semissem.

455 5632 504 5702 υ
518 5631 564 5704 1)
591 5629 808 5687 Eadem
828 5630 1150 5689 semunciam
1168 5643 1269 5686 seu
1294 5630 1676 5691 semiunciam.

2103 4473 2169 4511 ex
2201 4454 2739 4510 circumferentibus
2790 4451 2923 4506 solis
2963 4448 3218 4520 figurari.
3253 4448 3328 4500 Ex
3352 4447 3522 4500 rectis
3547 4461 3731 4500 nam-

2103 4562 2214 4618 que
2245 4549 2304 4600 et
2329 4542 2870 4599 circumferentibus
2892 4539 3061 4594 lineis
3086 4537 3226 4592 recti
3247 4536 3441 4606 anguli
3469 4535 3733 4606 figuran-

2103 4637 2217 4699 tur,
2241 4632 2287 4687 si
2310 4632 2552 4688 circulus
2579 4629 2878 4703 aaqualiter
2895 4645 2928 4682 a
2949 4630 3161 4697 puncto
3187 4624 3608 4679 circumductus
3626 4640 3730 4678 rc-

2105 4725 2260 4777 ctam
2292 4721 2508 4777 lineam
2530 4737 2633 4793 per
2662 4720 2850 4791 ipsum
2880 4719 3163 4790 punctum
3195 4713 3254 4768 in
3286 4712 3400 4768 duo
3430 4729 3597 4784 aequa
3630 4730 3731 4770 se-

2105 4815 2198 4868 cat
2225 4812 2340 4867 ita:

2171 5541 2280 5613 (l2)
2309 5541 2524 5598 Eadem
2553 5542 2746 5597 Glossa
2775 5546 3020 5616 exponit
3049 5548 3154 5603 has
3184 5549 3352 5604 notas
3368 5545 3481 5598 hoc
3506 5537 3694 5594 modo
3718 5555 3734 5596 :

2097 5621 2147 5704 ε
2182 5630 2407 5691 duella:
2430 5631 2827 5709 ipsemiuntia:
2854 5633 2914 5703 Ι
2946 5635 3161 5694 obolus
3185 5652 3202 5696 :
3225 5619 3355 5711 ᾤ’
3369 5630 3600 5705 siliqua.
