3986 6170
223 341 294 396 lOl
1567 318 1660 376 DE
1697 319 1866 380 GEOl

1922 322 2139 382 ΞΤΒῙΑ.
3435 337 3532 394 10:2

271 456 471 513 Hebetes
497 455 712 517 autem,
743 444 842 521 qui
893 450 953 502 et
1000 442 1203 500 obtusi
1243 441 1464 516 anguli,
1500 441 1546 497 si
1592 441 1791 513 major
1811 452 1876 511 Α

271 492 468 513 ¹⁴⁶π⁵⁹⁰
497 492 712 517 “⁵“’ν“·⁴ν
744 492 842 521 τ’·
894 492 953 502 ν-
1003 492 1203 500 νην-η
1244 492 1464 516 ---ο---,
1501 492 1546 497 __
1593 492 1782 513 ____'__
1811 492 1876 511 ιι
2755 492 2871 533 Χ

216 544 416 605 dimidio
439 539 631 597 circuli
656 553 793 611 pars
818 536 932 592 hoc
962 532 1149 589 modo
1180 532 1495 589 formetur:
2483 492 2708 688 β

2539 660 2871 688 Λίθ-

720 699 1306 1150 Ω
2378 699 3080 1150 ω

267 1254 406 1309 Acuti
435 1270 564 1308 vero
597 1253 772 1324 ﬁunt,
803 1256 852 1311 si
879 1257 1082 1312 minor
1114 1253 1430 1311 medietate
1460 1246 1655 1303 circuli
1677 1263 1814 1318 pars

269 1342 511 1397 scribitur
545 1359 558 1396 :

269 1832 328 1884 Ex
353 1830 477 1884 solis
503 1833 707 1885 autem
742 1825 1299 1884 circumferentibus
1328 1825 1512 1893 lineis,
1537 1825 1580 1880 si
1609 1841 1727 1891 eas,
1746 1824 1808 1879 id

212 1925 294 1987 est,
329 1924 433 1974 tres
471 1920 834 1991 angulorum
875 1915 1118 1987 species,
1165 1914 1303 1968 velis
1336 1915 1612 1986 ﬁgurare,
1662 1913 1807 1968 duos

213 2011 418 2080 aequales
445 2008 691 2063 circulos
729 2007 816 2061 ita
845 2005 954 2059 sibi
999 2004 1249 2058 invicem
1282 2004 1520 2059 innexos
1554 2003 1802 2058 circum-

211 2098 384 2165 ducito,
411 2101 468 2152 ut
513 2103 765 2168 uterque
804 2091 1305 2148 circumductione
1334 2108 1434 2146 sua
1473 2095 1626 2146 secet
1657 2092 1802 2145 alte-

211 2187 299 2242 rius
323 2189 624 2257 punctum;
659 2185 861 2255 sicque
890 2186 949 2236 et
991 2181 1052 2235 in
1081 2179 1293 2246 Inedia,
1327 2179 1384 2234 ni
1412 2181 1603 2243 fallor,
1637 2195 1797 2245 area,

210 2279 254 2330 et
287 2275 335 2330 in
375 2274 614 2346 singulis
662 2271 932 2345 partibus
966 2268 1303 2324 altrinsecus
1362 2269 1558 2339 positis
1607 2271 1798 2323 rectos

211 2380 378 2418 omnes
404 2364 471 2418 ad
501 2362 590 2417 sui
624 2361 874 2416 modum
907 2358 1155 2428 angulos
1183 2356 1512 2428 pernotabis
1538 2357 1619 2411 ita
1647 2373 1660 2411 :

2549 1453 2565 1469 \

1982 1692 2296 1750 Sciendum
2329 1703 2559 1763 quoque
2598 1689 2684 1743 est
2720 1683 2876 1760 quod
2899 1682 3051 1740 acuti
3081 1685 3279 1758 anguli
3300 1686 3517 1742 interio-

1839 1765 1889 1826 Β
1908 1797 2010 1850 res,
2034 1783 2273 1838 hebetes
2299 1795 2434 1835 vero
2465 1779 2748 1836 exteriores
2772 1775 2845 1830 ad
2877 1774 3380 1844 comparationem
3404 1774 3518 1830 sci-

1908 1869 2044 1924 licet
2075 1872 2216 1924 recti
2250 1869 2446 1940 anguli
2476 1869 2664 1923 solent
2709 1862 3008 1936 appellari.
3062 1863 3268 1917 Rectus
3301 1864 3515 1936 quippe

1907 1960 2155 2030 angulus
2181 1958 2253 2012 ab
2282 1957 2511 2025 hebete,
2538 1959 2735 2029 utpote
2756 1953 3060 2018 exteriore,
3092 1951 3411 2023 latioreque
3434 1952 3519 2006 in-

1906 2047 2191 2114 cluditur;
2219 2047 2322 2101 sed
2349 2047 2468 2120 ipse
2497 2061 2693 2101 rursus
2721 2045 2975 2108 acutum,
3007 2043 3066 2093 ut
3096 2039 3359 2093 videlicet
3387 2057 3518 2095 am-

1907 2137 2079 2207 plior,
2131 2134 2475 2191 interiorem
2507 2132 2784 2198 includit;
2827 2128 2985 2201 quod
3015 2127 3075 2182 in
3107 2127 3364 2198 subjecta
3391 2127 3511 2182 for-

1904 2227 2068 2280 mula
2092 2224 2412 2293 rectilinea,
2444 2225 2542 2280 ubi
2578 2237 2784 2277 omnes
2808 2217 3156 2289 angulorum
3188 2215 3404 2288 species
3441 2217 3511 2271 ad

1904 2330 2093 2368 unum
2135 2328 2203 2367 eo
2237 2313 2505 2369 adunataa
2538 2312 2672 2366 sunt
2702 2309 3002 2381 punctum,
3035 2303 3377 2359 describitur
3400 2304 3510 2359 hoc

1901 2403 2110 2457 modo.

993 2546 1252 2603 ("-‘\
2495 2547 2630 2603 ΠΕΟ

993 2549 1183 2577 κπ
2495 2549 2630 2603 nec

627 2549 1333 3017 ω
2180 2619 3059 2892 neneW—4

1972 2994 2322 3017 ι..ι---...ι--...
2360 2987 2535 3017 Αιξηννι
2584 2991 2667 3017 ,ιι-,ι
2713 2990 2863 3017 ...νηὶ
2907 2995 3059 3017 ..--1..

1972 2994 2327 3049 Intuendum
2356 2987 2540 3046 etiam
2583 2991 2672 3043 est
2711 2990 2868 3062 quod
2907 2995 3078 3050 recte
3105 2995 3275 3051 lineae
3293 2996 3515 3069 jacenti

1905 3083 1950 3138 si
1975 3087 2137 3139 recta
2166 3101 2303 3150 una,
2356 3096 2489 3153 quae
2531 3080 3024 3152 perpendicularis
3053 3083 3281 3154 dicitur,
3329 3091 3522 3143 erecta

1906 3175 2212 3244 superstet,
2261 3170 2360 3226 ubi
2410 3169 2711 3240 jacentem
2767 3171 2974 3242 tangit,
3028 3189 3094 3227 ex
3147 3177 3389 3248 utraque
3433 3175 3522 3232 sui

1908 3265 2072 3334 parte
2092 3263 2318 3317 rectum
2349 3258 2641 3329 angulum
2671 3258 2884 3316 efﬁciet
2913 3261 3022 3316 hoc
3047 3263 3221 3320 modo
3255 3281 3270 3321 :

273 3146 418 3211 Quod
457 3146 502 3200 si
544 3145 694 3200 duos
725 3142 869 3198 alios
907 3136 1318 3199 connexueris,
1350 3135 1427 3191 ita
1469 3138 1532 3192 ut
1560 3139 1803 3209 uterque

216 3253 295 3292 suo
321 3236 533 3292 ambitu
571 3237 858 3307 punctum
889 3228 1155 3284 includat
1205 3227 1262 3281 in
1313 3226 1506 3281 media
1553 3227 1803 3282 embado

217 3324 333 3380 duos
369 3326 630 3389 hebetes,
660 3322 721 3377 in
761 3322 1019 3393 quatuor
1067 3315 1400 3372 altrinsecus
1439 3332 1575 3372 vero
1607 3316 1808 3389 positis

218 3417 381 3469 acutos
402 3411 786 3469 nihilominus
815 3406 1072 3480 angulos
1097 3402 1374 3459 formabis
1404 3403 1483 3458 ita
1510 3421 1523 3458 :

1989 3910 2047 3966 Si
2076 3926 2210 3966 vero
2244 3911 2318 3966 ad
2358 3914 2706 3974 alterutram
2749 3923 2976 3990 partem
3017 3923 3173 3979 linea
3200 3928 3529 3996 superstans

715 3618 1294 4124 Θ
2268 4001 2592 4124 ii‘illal'z‘td
2613 4024 2791 4078 quam
2821 4010 3348 4124 inclinet‘u‘r,.‘parte
3379 4013 3528 4124 inte-

1917 3999 2245 4063 inclinetur,
2268 4001 2327 4056 in
2355 4002 2474 4071 illa,
2509 4006 2583 4060 ad
2613 4024 2791 4078 quam
2821 4010 3148 4079 inclinetur,
3184 4017 3348 4083 parte
3379 4013 3528 4070 inte-

1917 4088 2158 4155 riorem,
2190 4087 2250 4143 id
2281 4094 2388 4158 est,
2425 4095 2658 4148 acutum
2700 4098 2979 4167 angulum
3019 4099 3213 4167 efﬁcit,
3248 4099 3308 4155 in
3348 4102 3530 4159 altera

1917 4193 2054 4232 vero
2085 4177 2461 4246 exteriorem,
2495 4180 2553 4235 id
2585 4186 2673 4237 est
2701 4183 2997 4253 hebetem,
3038 4187 3120 4242 ita
3149 4190 3348 4250 tamen
3377 4194 3440 4245 ut
3469 4192 3529 4247 hi

1920 4266 2034 4322 duo
2085 4267 2304 4337 anguli,
2360 4267 2606 4324 interior
2649 4270 2867 4328 scilicet
2911 4278 2970 4329 et
3011 4275 3262 4333 exterior
3308 4279 3533 4337 duobus

290 4313 376 4370 Sin
408 4318 611 4369 autem
661 4308 744 4362 ita
781 4301 906 4359 bini
932 4298 1043 4355 sibi
1078 4299 1404 4367 nectantur,
1433 4301 1496 4364 ut
1541 4302 1816 4368 puuctum
1845 4331 1898 4391 D
1920 4298 2059 4366 uuu.
2085 4298 2304 4364 auguri,
2361 4298 2606 4324 ιιιιῠι·ιυι’
2649 4298 2867 4328 auruum.
2911 4298 2921 4328 ι

302 4403 532 4428 ---Α-2.--
573 4399 644 4428 ..ις
662 4397 843 4428 ηιιονη
870 4390 1138 4428 ἰτητηιιηρ
1161 4386 1400 4428 nmninn
1432 4387 1794 4428 rnlinmmlnr
1923 4357 2092 4409 recns
2114 4357 2232 4409 Slnt
2259 4356 2531 4428 aquales,
2554 4359 2664 4414 hoc
2693 4362 2872 4419 modo
2908 4380 2921 4419 ε

2517 4399 2531 4425 ’
2554 4399 2664 4414 μνυ
2693 4399 2872 4419 ιιιυυυ
2908 4406 2921 4419 ,

229 4403 536 4459 alterutrius
571 4399 645 4453 ab
660 4397 843 4450 altero
870 4390 1138 4444 immune
1161 4386 1400 4441 omnino
1432 4387 1814 4461 relinquatur,

231 4494 279 4547 in
304 4493 484 4548 media
509 4487 796 4545 nimirum
831 4478 1027 4534 areola
1056 4473 1208 4530 acuti
1233 4473 1291 4528 in
1318 4475 1590 4532 extremis
1635 4476 1819 4532 utrin-

229 4598 322 4655 que
344 4579 567 4638 hebetis
603 4571 801 4646 anguli
845 4564 1062 4642 species
1111 4563 1455 4636 ﬁgurantur,
1494 4567 1559 4620 ut
1607 4567 1816 4623 cernis.

2397 4626 3244 4738 22W

700 4750 1323 4837 /”“‘><"‘\
2234 4731 3248 4782 "“W
2909 4731 2925 4733 ἡ
2977 4731 3041 4735 “
3069 4731 3125 4736 ’ί

1990 4981 2282 5048 Quantum
2328 4979 2490 5037 enim
2538 4977 2784 5033 interior
2827 4993 2862 5032 a
2912 4980 3070 5034 recto
3111 4976 3304 5034 minus
3327 4977 3526 5046 habet,

1916 5074 2147 5128 tantum
2172 5069 2421 5126 exterior
2450 5070 2675 5122 rectum
2700 5065 3050 5138 supervadit.
3081 5065 3246 5130 Quod
3275 5066 3321 5122 si
3353 5070 3527 5123 rectae

1115 5152 1328 5233 ,λλ
1913 5161 2130 5234 jacenti
2167 5159 2334 5214 linem
2365 5157 2494 5213 dum
2541 5153 2792 5211 adversis
2828 5153 3094 5226 partibus
3125 5152 3414 5210 inclinatae
3449 5153 3530 5210 ita

1916 5251 2264 5322 superstent,
2301 5251 2364 5303 ut
2391 5250 2461 5302 'et
2497 5245 2660 5301 illam
2707 5247 2765 5300 et
2805 5261 2864 5299 se
2918 5241 3164 5299 invicem
3226 5243 3302 5299 ad
3343 5261 3525 5300 unum

1917 5343 2197 5412 punctum
2232 5339 2497 5409 tangant,
2530 5340 2647 5391 tres
2678 5333 2957 5389 nimirum
3005 5332 3314 5389 interiores
3343 5349 3526 5405 angu-

297 5442 364 5498 llt
385 5447 586 5498 autem
629 5461 831 5502 omnes
860 5448 1210 5520 angulorum
1239 5445 1456 5521 species
1483 5444 1542 5499 in
1574 5453 1687 5496 una
1717 5452 1822 5509 pa—
1919 5429 2005 5484 los
2029 5428 2313 5521 formant,
2345 5427 2670 5521 ita-tamen,
2699 5426 2762 5521 ut
2798 5423 2859 5521 hi
2901 5426 3018 5521 tres
3067 5423 3269 5521 anguli
3286 5421 3526 5521 duobus

239 5529 363 5588 riter
410 5534 809 5608 inspiciam”,
864 5511 993 5593 taﬁs
1055 5511 1405 5595 circulo-mm
1450 5525 1822 5604 componitur
1921 5516 2100 5608 rectis
2120 5515 2368 5608 aequales
2397 5515 2528 5570 sint.
2556 5514 2716 5608 Nam.
2733 5511 3102 5608 tantumdem
3150 5511 3320 5585 spatii
3351 5522 3528 5581 quan-

243 5601 557 5682 connexio}
795 5601 804 5606 ⁷
1586 5601 1604 5604 “
1925 5608 2054 5664 tum
2070 5604 2184 5662 duo
2213 5601 2357 5662 recti
2375 5605 2681 5677 occupant,
2701 5601 2812 5660 hoc
2841 5601 3021 5660 modo
3051 5618 3068 5659 :
