3986 6170
405 382 504 438 103

897 690 899 692 .
997 553 1438 721 ΔΑ

482 789 539 844 Si
572 789 699 845 dum
728 793 899 846 rectae
941 807 1062 846 sese
1109 788 1354 845 invicem
1393 790 1574 845 altera
1615 804 1720 860 per
1767 789 2019 844 alteram

407 878 593 934 ductae
622 881 837 946 secent,
869 881 970 933 aut
986 881 1234 950 quatuor
1259 881 1444 933 rectos
1465 877 1724 932 efﬁciunt
1743 878 2013 948 angulos,

407 970 507 1020 aut
533 965 677 1021 duos
705 965 1036 1031 exteriores,
1065 965 1424 1036 totidemque
1471 965 1774 1018 interiores
1811 982 1880 1018 ex
1913 965 2019 1019 ad-

404 1069 566 1108 verso
599 1055 704 1108 sibi
723 1055 970 1109 invicem
999 1070 1195 1126 aequos
1222 1053 1495 1116 reddunt,
1519 1053 1617 1124 qui
1646 1057 1846 1107 tamen
1871 1070 2012 1125 qua-

407 1146 540 1197 tuor
564 1143 734 1198 rectis
762 1143 986 1215 angulis
1015 1146 1148 1196 sunt
1175 1143 1444 1214 zequales,
1481 1142 1589 1196 hoc
1617 1142 1792 1196 modo
1830 1159 1843 1196 :

1307 1308 1978 1770 ><

1476 1511 1570 1586 ῘΑο
1707 1512 1764 1554 Α
1799 1572 1806 1579 .

1571 1592 1681 1649 ιηξέ

493 1925 629 1980 Duae
656 1925 827 1977 rectm
857 1922 1026 1977 linea:
1058 1920 1263 1994 aequali
1295 1936 1328 1974 a
1353 1935 1411 1972 se
1440 1916 1681 1971 invicem
1715 1913 1899 1986 spatio
1934 1910 2021 1965 in-

414 2010 683 2066 ductione
711 2026 811 2064 sua
842 2010 1119 2064 distantes
1149 2013 1206 2063 et
1236 2006 1605 2062 ininﬁnitum
1635 2004 1842 2068 ductae,
1873 2017 2020 2056 nun-

414 2116 587 2174 quam
618 2099 861 2153 invicem
891 2100 1299 2153 concurrentes
1319 2094 1614 2168 paralellae,
1649 2092 1706 2146 id
1748 2096 1833 2146 est
1860 2107 2022 2164 aeque

415 2188 696 2242 distantes
727 2186 1016 2255 dicuntur,
1048 2186 1129 2240 ita
1159 2203 1171 2240 :

484 2664 650 2730 Quod
687 2663 733 2718 si
761 2665 920 2718 recta
949 2661 1104 2717 linea
1131 2661 1203 2717 ab
1237 2675 1354 2715 una
1385 2658 1457 2713 ad
1494 2657 1666 2713 aliam
1698 2656 1868 2710 ducta
1897 2652 2020 2706 fuc-

415 2753 512 2822 rit,
538 2756 636 2808 aut
660 2757 846 2808 rectos
875 2752 1119 2822 angulos
1144 2751 1414 2822 quatuor,
1447 2746 1546 2800 ubi
1575 2743 1761 2816 tangit
1804 2759 1919 2808 cas,
1949 2739 2026 2794 ef-

415 2842 590 2908 ﬁciet,
617 2844 717 2897 aut
744 2840 988 2896 totidem
1019 2837 1189 2892 rectis
1235 2852 1450 2908 aequos,
1486 2834 1652 2888 binos
1691 2830 1904 2886 scilicet
1933 2828 2027 2881 in-

415 2929 676 2997 teriores,
724 2928 1006 3000 binosque
1038 2925 1360 2980 exteriores
1389 2921 1495 2976 sibi
1545 2938 1613 2976 ex
1643 2918 1904 2992 opposito
1938 2916 2024 2970 in-

415 3019 600 3075 vicem
631 3017 883 3090 aequales
910 3015 1103 3070 taliter
1129 3030 1142 3069 :

492 3392 730 3446 Possent
752 3388 990 3461 quidem
1015 3390 1073 3442 et
1101 3386 1214 3442 alia
1243 3384 1525 3440 nonnulla
1554 3382 1624 3437 de
1653 3381 1819 3436 lineis
1849 3383 1905 3435 et
1925 3395 2027 3434 an-

419 3480 568 3552 gulis
598 3475 843 3533 inveniri
875 3479 934 3530 et
964 3473 1094 3530 dici.
1131 3474 1243 3529 Sed
1268 3473 1390 3528 haec
1419 3469 1883 3544 ingredientibus
1911 3469 2029 3524 suf-

419 3569 589 3622 ﬁcere
618 3564 834 3638 putavi.

1061 3666 1283 3723 CAPUT
1321 3667 1388 3724 V.

418 3759 526 3817 His
557 3758 722 3816 tribus
746 3755 933 3830 anguli
957 3757 1216 3830 speciebus
1249 3756 1418 3810 omnis
1455 3753 1742 3824 coagulala
1785 3755 2024 3812 consistit

486 3859 498 3868 °
1128 3847 1328 3916 ﬁgura.

491 3941 555 3995 ln
582 3937 853 3994 omnibus
883 3952 1044 4008 ergo,
1076 3939 1140 3990 ut
1172 3935 1390 3990 dictum
1428 3939 1534 4004 est,
1577 3937 1763 4009 planis
1801 3935 2020 4007 ﬁguris,

420 4047 551 4105 quas
579 4027 818 4101 quidem
843 4027 1132 4098 angulata:
1171 4028 1327 4094 sunt,
1362 4041 1539 4080 unam
1594 4027 1682 4080 vel
1729 4025 1891 4092 duas,
1937 4026 2020 4080 vel

419 4123 574 4177 certe
605 4134 808 4175 omnes
833 4118 937 4172 has
956 4117 1307 4188 angulorum
1327 4117 1544 4189 species
1574 4116 1898 4172 necessario
1929 4116 2020 4170 in-

419 4209 582 4264 venis
605 4226 620 4277 ;
643 4224 843 4274 unam,
873 4209 935 4262 ut
963 4223 1168 4261 omnes
1187 4207 1429 4278 angulos
1451 4209 1638 4262 rectos
1653 4206 1906 4260 habeant
1927 4208 2027 4260 aut

418 4297 656 4352 hebetes
685 4311 912 4362 omnes,
946 4295 1033 4349 vel
1073 4311 1277 4350 omnes
1319 4298 1543 4362 acutos;
1579 4294 1741 4362 duas,
1790 4297 1851 4348 ut
1882 4293 2024 4348 alios

421 4386 667 4458 angulos
694 4385 878 4439 rectos
897 4383 1172 4451 habeant,
1200 4383 1342 4438 alios
1375 4388 1590 4451 acutos,
1623 4386 1724 4438 aut
1753 4383 1895 4438 alios
1922 4383 2028 4436 he-

417 4475 602 4542 betes,
625 4472 766 4527 alios
794 4476 1010 4538 acutos,
1039 4475 1138 4526 aut
1166 4473 1306 4528 alios
1332 4477 1537 4540 rectos,
1566 4473 1708 4528 alios
1737 4473 1977 4527 hebetes
2009 4490 2024 4540 ;

421 4578 650 4631 omnes,
681 4563 743 4616 ut
771 4564 830 4615 et
857 4563 1064 4623 rectus,
1097 4563 1155 4614 et
1187 4561 1361 4615 hebes
1388 4564 1447 4616 et
1488 4565 1707 4630 acutus,
1747 4560 1905 4633 quod
1953 4564 2037 4616 ta-

418 4667 558 4708 men
587 4650 771 4706 rarius
797 4649 1008 4717 evenit,
1050 4652 1113 4704 ut
1141 4648 1201 4702 in
1229 4665 1345 4703 una
1387 4649 1578 4722 aliqua
1610 4649 1937 4705 inveniatur
1970 4651 2032 4704 ﬁ-

418 4756 583 4814 gura.
611 4739 778 4804 Quod
803 4741 990 4794 totum
1012 4737 1295 4809 posterius
1324 4736 1385 4792 in
1411 4754 1614 4792 earum
1643 4739 1778 4794 satis
1815 4739 2030 4793 forma-

416 4828 674 4884 tionibus
716 4827 970 4882 clarebit.
1009 4826 1168 4880 Nunc
1190 4826 1317 4897 jam
1369 4826 1439 4880 de
1487 4827 1786 4897 triangula,
1833 4828 1931 4899 qui
1967 4827 2026 4882 in

997 375 1350 436 SILVESTRI
1385 379 1431 434 II
1469 375 1676 436 PAPIE
1714 377 1870 439 OPP.
1926 376 2105 434 PARS
2147 379 2189 433 1.
2232 409 2302 418 -
2339 378 2437 434 DE
2473 377 2765 436 DlSClPL.
2803 380 3110 437 MATHEM.

2049 4428 2103 4486 D

3629 385 3730 440 104

2040 510 2097 569 Α
2123 520 2234 576 que
2272 503 2366 557 ille
2407 503 2558 571 ideo,
2597 503 2732 575 quia
2772 503 2952 558 tribus
2993 503 3162 559 lineis
3204 503 3488 560 distensus
3518 505 3738 578 ﬁguras

2121 593 2422 664 angulatas
2451 593 2764 663 planasque
2797 592 3020 662 primus
3045 593 3240 659 efﬁcit,
3263 594 3397 664 jure
3426 593 3484 648 in
3516 595 3740 649 eisdem

2125 682 2320 752 ﬁguris
2349 679 2705 753 principatus
2753 683 2943 736 locum
2990 682 3294 737 obtinebit.
3345 682 3450 746 Qui
3497 687 3554 737 et
3604 684 3740 739 ideo

2124 769 2471 839 principium
2506 773 2564 824 et
2597 770 2758 840 quasi
2781 771 3134 824 elementum
3159 775 3341 824 exstat
3363 771 3420 824 in
3449 773 3742 843 angulatis

2123 859 2341 930 ﬁguris,
2379 859 2534 930 quod
2574 875 2935 930 unaquaeque
2972 876 3171 913 earum
3209 878 3276 913 ex
3307 877 3374 914 eo
3415 877 3744 932 compona-

2122 951 2234 1009 tur,
2268 947 2408 1000 etin
2443 947 2711 1001 eumdem
2747 949 3085 1001 resolvatur.
3119 948 3176 1002 Si
3211 948 3367 1002 enim
3418 948 3592 1019 ipsius
3635 949 3745 1002 tri-

2120 1036 2318 1106 anguli
2366 1035 2480 1089 sive
2511 1035 2802 1105 tetragoni
2848 1037 2933 1088 vel
2985 1037 3322 1107 pcntagoni,
3379 1037 3748 1107 hexagonive

2118 1140 2224 1177 ceu
2265 1127 2609 1178 caeterorum
2654 1123 3021 1195 sequentium
3071 1125 3584 1194 multiangulorum
3645 1143 3750 1178 su-

2120 1211 2437 1282 perﬁciem,
2477 1212 2534 1265 id
2563 1216 2648 1265 est
2677 1228 2876 1265 aream
2927 1213 3185 1266 mediam
3233 1217 3447 1283 puncto
3477 1213 3751 1284 designa-

2121 1301 2286 1366 veris,
2317 1303 2374 1354 et
2401 1301 2472 1354 ab
2505 1300 2713 1355 eodem
2747 1304 2960 1369 puncto
2992 1301 3066 1355 ad
3093 1302 3338 1371 angulos
3352 1306 3535 1356 rectas
3555 1303 3747 1356 lineas

2121 1387 2446 1454 deduxeris,
2480 1405 2955 1459 unumquemque
2991 1406 3192 1444 eorum
3225 1407 3291 1444 ex
3320 1393 3407 1444 tot
3446 1391 3747 1461 composi-

2125 1479 2246 1530 tum
2275 1480 2331 1530 et
2365 1477 2424 1530 in
2455 1480 2539 1530 tot
2568 1475 2889 1547 triangulos
2921 1476 3163 1531 divisum
3195 1477 3552 1548 pernotabis,
3599 1482 3750 1550 quot

2126 1565 2244 1636 ipse
2291 1567 2514 1618 constat
2555 1580 2622 1619 ex
2670 1565 2913 1636 angulis.
2969 1565 3110 1618 Nam
3143 1566 3354 1619 eodem
3392 1566 3565 1621 modo
3617 1567 3748 1636 ipse

2123 1652 2440 1724 triangulus
2469 1653 2527 1706 in
2569 1655 2684 1706 tres
2728 1653 2869 1706 alios
2910 1653 3270 1724 triangulos;
3305 1657 3644 1725 tetragonus
3684 1655 3748 1709 in

2122 1743 2192 1809 4;
2225 1744 2588 1812 pentagonus
2621 1740 2679 1794 in
2725 1744 2780 1806 5;
2826 1741 3035 1812 aliique
3081 1746 3389 1806 sequentes
3434 1744 3597 1813 juxta
3633 1761 3748 1797 nu-

2051 1823 2103 1881 B
2124 1847 2351 1886 merum
2377 1830 2723 1899 angulorum
2746 1845 2983 1884 suorum
3010 1830 3068 1884 in
3120 1831 3442 1902 triangulos
3477 1831 3751 1886 dividun-

2125 1923 2238 1974 tur.
2272 1918 2378 1973 Ubi
2399 1917 2682 1972 subtiliter
2713 1916 2769 1970 id
2802 1917 2976 1971 etiam
3005 1918 3295 1986 evenitut,
3321 1919 3455 1989 quia
3484 1919 3541 1973 in
3564 1920 3750 1976 trian-

2125 2010 2291 2080 gulos
2313 2008 2585 2078 cujusque
2619 2022 2821 2059 eorum
2850 2005 3046 2060 divisio
3071 2008 3153 2074 ﬁt,
3185 2023 3287 2078 per
3315 2008 3747 2079 triangulorum

2127 2114 2355 2170 quoque
2387 2096 2612 2165 regulas
2660 2095 3104 2167 uniuscujusque
3149 2114 3353 2152 eorum
3386 2115 3419 2152 a
3451 2098 3752 2170 diligenti-

2127 2189 2231 2242 bus
2261 2185 2572 2240 embadum
2600 2184 2843 2238 inveniri
2876 2186 3070 2254 possit.
3097 2187 3285 2250 Quare
3317 2188 3450 2242 satis
3483 2189 3744 2259 cuipiam

2125 2280 2314 2348 potest
2386 2271 2663 2328 declarari
2733 2273 2996 2327 omnium
3061 2276 3366 2346 planarum
3419 2278 3747 2348 ﬁgurarum

2127 2364 2483 2434 triangulum
2515 2360 2866 2433 principium
2894 2379 3034 2417 esse.

2681 2510 3156 2900 Δ

2747 2951 2971 3007 CAPUT
3010 2949 3121 3004 VII.

2593 3041 2670 3095 De
2701 3039 2962 3112 speciebus
2991 3039 3276 3109 trianguli.

2057 3108 2105 3166 Ο
2201 3135 2294 3188 Est
2322 3135 2518 3188 autem
2551 3108 2873 3199 triangulus,
2909 3127 3006 3199 qui
3035 3131 3092 3180 ct
3113 3108 3360 3197 li-z'gonus
3389 3131 3502 3186 sive
3521 3135 3754 3206 tripleu-

2129 3241 2217 3278 rus
2247 3223 2478 3289 dicitur,
2511 3222 2681 3293 plane
2698 3220 2883 3289 ﬁgura
2905 3216 3086 3270 tribus
3112 3219 3285 3272 rectis
3313 3219 3472 3275 lineis
3504 3223 3623 3278 sive
3656 3228 3750 3282 la-

2131 3312 2345 3366 teribus
2375 3314 2433 3366 et
2456 3310 2695 3365 totidem
2719 3306 2942 3379 angulis
2969 3305 3297 3362 terminata.
3323 3308 3754 3384 Hujusspecies

2130 3405 2246 3456 tres
2276 3404 2431 3466 sunt,
2483 3399 2831 3468 orthogonius
2878 3394 3109 3462 scilicet,
3160 3398 3217 3450 et
3255 3399 3634 3471 anqiligonz’us,
3661 3409 3756 3460 at-

2131 3507 2240 3564 que
2273 3490 2587 3558 orygonius.

2202 3578 2571 3647 Orlhygonius
2606 3578 2692 3628 est
2723 3573 3043 3643 triangulus
3074 3589 3255 3628 unum
3295 3580 3516 3632 rectum
3552 3596 3756 3651 angu-

2128 3671 2246 3724 lum
2268 3667 2489 3722 habens
2514 3668 2571 3719 ct
2601 3664 2744 3719 duos
2774 3667 2992 3729 acutos,
3028 3661 3216 3715 taliter
3246 3679 3258 3716 :

2193 4028 2239 4080 Α
2263 4030 2420 4081 recto
2446 4031 2641 4082 autem
2671 4029 2907 4102 angulo,
2938 4045 3110 4100 quem
3138 4028 3334 4093 habet,
3361 4043 3574 4082 nomen
3602 4045 3747 4100 pos-

2123 4114 2288 4170 sidet.
2321 4115 2525 4173 Ortkon
2557 4118 2770 4190 quippe
2801 4119 2990 4172 Graiae
3018 4121 3267 4171 rectum:
3286 4133 3422 4186 gone
3447 4118 3742 4187 angulum

2125 4207 2310 4260 sonat.
2341 4205 2479 4259 Inde
2518 4205 2875 4276 Ort/iogonius
2910 4205 3072 4278 quasi
3111 4205 3466 4274 rectiangulus
3497 4205 3738 4262 dicitur.

2196 4294 2579 4366 Ampligonius
2628 4299 2714 4350 est
2754 4296 3074 4366 triangulus
3119 4311 3300 4350 unum
3349 4295 3622 4350 hebetem
3683 4305 3748 4353 et

2130 4381 2271 4438 duos
2296 4389 2490 4440 acutos
2519 4384 2738 4439 habens
2763 4386 3024 4456 angulos,
3062 4384 3140 4439 ita
3165 4402 3181 4437 :

2644 4507 3286 4612 Δ

2206 4650 2312 4715 Qui
2338 4656 2393 4707 et
2420 4653 2538 4724 ipse
2571 4655 2641 4710 ab
2671 4656 2878 4713 hebete
2911 4659 3124 4728 angulo
3155 4674 3256 4712 suo
3290 4654 3610 4710 identidem
3655 4671 3753 4710 ac-

2134 4740 2286 4812 cepit
2314 4743 2680 4799 vocabulum.

2208 4830 2520 4902 Ozvygonius
2545 4836 2740 4888 autem
2779 4839 2862 4890 est
2900 4835 3220 4908 triangulus
3251 4836 3522 4892 omnibus
3556 4835 3751 4890 acutis

417 4917 606 4990 planis
629 4915 828 4987 ﬁguris
848 4913 1188 4970 naturaliter
1207 4914 1428 4986 primus
1459 4915 1726 4984 occurrit,
1776 4932 1950 4988 seque
1963 4933 2030 4971 ns
2135 4921 2361 4992 angulis
2391 4921 2830 4994 determinatus,
2863 4925 2945 4981 ita
2977 4944 2989 4982 :

416 5005 568 5061 ratio
593 5020 722 5078 quae
746 5003 1090 5060 videbuntur
1119 5003 1357 5074 aggredi
1388 5003 1669 5059 tentabit.

1045 5109 1268 5166 CAPUT
1305 5109 1372 5163 VI
1383 5148 1394 5163 .

813 5199 896 5256 De
917 5199 1317 5273 principalitate
1357 5198 1638 5270 trianguli.

497 5288 841 5360 Triangulus,
871 5293 935 5344 ut
958 5289 1018 5344 in
1054 5287 1438 5344 arithmeticis
1463 5288 1596 5343 satis
1636 5303 1671 5343 a
1709 5287 1908 5345 Boetio
1937 5289 2033 5345 de-

424 5381 707 5437 claratum
738 5382 844 5442 est,
869 5378 999 5434 ideo
1025 5379 1333 5451 plenarum
1364 5377 1712 5451 principium
1741 5379 1932 5433 existit
1959 5379 2029 5434 ﬁ-

425 5469 864 5544 gurarum,quia
881 5470 991 5524 tria
1010 5469 1265 5542 primum
1277 5472 1446 5523 rectae
1464 5467 1632 5524 lineae
1659 5469 2026 5541 superﬁciem

425 5577 527 5616 seu
556 5559 922 5615 latitudinem
961 5559 1214 5631 aliquam
1250 5560 1486 5632 possunt
1523 5555 1842 5616 includere.
1885 5559 2023 5613 Duas

426 5649 640 5728 quippe
659 5651 832 5707 recte:
860 5648 1004 5706 nihil
1030 5651 1270 5723 possunt
1297 5647 1465 5722 spatii
1505 5646 1889 5718 circumdare,
1926 5649 2018 5705 at-

2673 5102 3201 5399 Δ

2206 5470 2366 5525 Unde
2400 5472 2473 5527 ab
2506 5476 2694 5541 acuto,
2728 5474 2864 5546 quia
2882 5491 3022 5546 oxya
3050 5481 3242 5545 sonat,
3275 5479 3599 5550 appellatus
3633 5485 3754 5536 est'

2130 5559 2228 5615 Hic
2258 5576 2390 5616 vero
2421 5565 2480 5616 et
2511 5563 2678 5618 unius
2716 5564 2923 5636 speciei
2961 5567 3203 5637 angulos
3243 5571 3302 5622 et
3338 5585 3504 5640 requa
3550 5569 3752 5628 latera

2126 5651 2316 5722 potest
2335 5649 2551 5709 habere
2577 5667 2593 5711 :
2625 5652 2783 5728 quod
2807 5652 2867 5710 in
2897 5653 3180 5730 prioribus
3231 5656 3476 5716 omnino
3509 5662 3599 5717 est
3622 5658 3740 5718 im-
