3986 6170
424 434 517 488 ill

1025 420 1394 480 SYLVESTRI
1434 423 1479 476 ll
1517 421 1723 477 PAPIE
1763 421 1924 482 OPP.
1964 421 2142 478 PARS
2185 423 2224 478 Ι.
2251 452 2322 463 -
2359 423 2447 476 DE
2485 421 2771 477 DlSClPL.
2823 422 3124 478 MATHEM.

3637 429 3727 480 112

423 574 484 630 id
503 577 668 630 θδῑἨ
946 571 995 637 /
1037 567 1283 623 duarum
1313 565 1646 637 Siliquawm
1702 569 1760 618 et
1803 564 2029 618 trientis
2055 550 2106 607 Α
2131 576 2263 644 ped.
2298 581 2365 631 26
2399 555 2501 657 SS
2529 572 2590 628 G.
2623 549 2818 666 9:};2,
2851 578 2909 628 et
2951 573 3234 629 medietas
3283 573 3525 646 siliquas,
3565 574 3730 630 totius
3753 606 3766 624 .

423 681 643 755 siliquaa
672 684 820 738 latus
849 681 956 736 erit
984 677 1155 734 basis.
1188 675 1244 729 id
1272 680 1358 729 est
1385 678 1417 730 8
1714 674 1790 727 Ex
1820 669 2026 760 eadem

421 771 798 842 hypotenusae
849 782 1095 824 numero
1142 764 1294 819 basis
1324 763 1380 816 in
1416 779 1474 817 se
1504 759 1678 816 ducta
1710 759 1947 829 dempta
1983 759 2028 809 si

423 868 616 936 fuerit,
646 865 1028 930 remanentis,
1056 863 1114 917 id
1145 865 1231 917 est
1246 865 1370 926 408,
1404 863 1462 914 et
1492 859 1580 936 (ό
1606 860 1752 914 latus
1773 858 2027 936 tetrago-

424 948 577 1015 nale,
603 933 765 1020 quod
823 949 907 1003 est
947 951 999 1012 6,
1047 943 1340 997 cathetum
1385 933 1655 994 restituit.
1689 941 1873 1006 Atque
1908 933 2030 986 haec

425 1038 626 1108 regula
658 1037 718 1091 in
763 1038 986 1090 caeteris
1013 1046 1242 1103 quoque
1275 1027 1636 1098 orthogoniis
1660 1025 1907 1098 probare
1939 1038 2031 1074 vo-

426 1127 645 1181 lentem
674 1139 973 1196 nunquam
1005 1120 1170 1186 fallit,
1212 1118 1258 1172 si
1311 1117 1558 1173 lineares
1587 1118 1833 1171 laterum
1872 1127 2030 1166 men-

425 1231 586 1270 suras
611 1213 867 1269 invenire
897 1210 1148 1267 libuerit.

495 1303 583 1358 Ad
613 1305 966 1358 constratam
1000 1314 1135 1352 vero
1167 1295 1422 1363 embadi,
1445 1294 1501 1348 id
1529 1305 1616 1348 est
1653 1309 1803 1348 area:
1852 1306 2031 1362 quan-

425 1390 653 1446 titatem
678 1389 736 1444 in
773 1388 860 1442 his
900 1385 1294 1457 Pythagoricis
1326 1381 1687 1454 arthogoniis
1731 1378 2030 1433 invenien-

425 1479 562 1534 dam
581 1477 913 1548 hujusmodi
933 1476 1080 1530 habe
1094 1475 1380 1544 regulam;
1401 1471 1578 1526 trium
1595 1473 1840 1525 laterum
1854 1482 2034 1538 quan-

413 1567 635 1634 titates,
666 1565 932 1621 videlicet
973 1563 1209 1629 catheti,
1255 1561 1406 1616 basis
1457 1565 1515 1614 et
1548 1560 1923 1630 hypatenusae
1970 1555 2029 1608 in

423 1672 606 1711 unum
635 1655 1020 1724 colligantur;
1054 1650 1336 1706 medietas
1370 1649 1504 1703 hinc
1549 1651 1830 1712 sumatur,
1877 1647 1934 1698 et
1959 1643 2032 1697 ab

421 1744 530 1800 hac
561 1743 712 1799 basis
761 1742 1091 1806 auferatur;
1124 1739 1221 1811 qui
1250 1740 1537 1804 remanet,
1589 1752 1694 1807 per
1735 1733 2031 1790 cathetum

423 1832 858 1904 multiplicetur,
888 1834 946 1886 et
975 1845 1203 1884 summa
1233 1827 1370 1882 inde
1402 1829 1540 1880 nata
1564 1824 1907 1895 duplicetur;
1927 1820 2033 1873 du-

422 1921 636 1994 plicata
663 1936 767 1991 per
797 1922 1065 1990 quartam
1097 1917 1181 1971 sui
1213 1918 1439 1988 partem
1466 1912 1900 1982 multiplicetur,
1935 1924 2034 1962 na-

421 2013 611 2081 taeque
645 2007 782 2062 inde
813 2023 1058 2061 summa:
1084 2007 1231 2060 latus
1257 2002 1618 2073 tetraganale
1651 2015 1756 2072 pro
1781 1996 2029 2053 embado

421 2096 725 2152 habeatur.
777 2093 943 2150 Verbi
980 2093 1206 2165 gratia:
1258 2090 1492 2146 minimi
1527 2090 1587 2144 in
1642 2085 2032 2159 superioribus

421 2183 784 2256 orthogoniis
813 2183 994 2237 trium
1040 2184 1288 2236 laterum
1318 2194 1616 2243 numeros,
1648 2176 1707 2230 id
1739 2178 1824 2230 est
1858 2177 1979 2240 3,4,
1999 2176 2028 2224 5

419 2273 735 2343 conjunga,
765 2271 908 2326 fient
935 2269 1078 2325 mihi
1113 2274 1205 2336 l2;
1239 2270 1451 2323 horum
1509 2265 1790 2320 medietas
1827 2269 1858 2318 6
1900 2262 2028 2316 erit.

421 2360 561 2416 Inde
590 2360 814 2415 sublata
840 2363 894 2425 4,
927 2357 1070 2424 basi,
1102 2362 1135 2414 2
1160 2357 1372 2412 residui
1403 2371 1508 2427 per
1528 2354 1843 2418 cathetum,
1871 2351 1929 2405 id
1947 2353 2033 2405 est

422 2453 476 2516 3,
509 2448 664 2505 ducti
695 2453 727 2504 6
754 2447 1014 2514 faciunt;
1058 2445 1154 2518 qui
1188 2443 1552 2516 multiplicati
1589 2446 1652 2498 12
1683 2441 2029 2498 redduntur.

427 2537 493 2592 Hi
518 2554 624 2610 per
653 2538 921 2608 quartam
953 2534 1041 2590 sui
1081 2537 1330 2604 partem,
1361 2533 1421 2587 id
1450 2535 1534 2587 est
1563 2547 1668 2603 per
1695 2536 1725 2585 3
1757 2529 1931 2595 ducti,
1963 2532 2030 2583 36

420 2625 698 2682 efﬁciunt.
731 2625 948 2679 Horum
974 2623 1021 2678 si
1050 2624 1199 2678 latus
1248 2623 1632 2693 tetragonale,
1665 2618 1819 2690 quod
1849 2621 1936 2671 est
1974 2622 2026 2683 6,

421 2714 662 2786 accipio,
685 2730 833 2768 areae
856 2711 1306 2783 orthogoniique
1337 2711 1487 2764 hanc
1499 2723 1794 2786 summam
1818 2706 2027 2760 habeo.

492 2805 554 2856 In
588 2801 775 2873 prima
803 2816 1053 2872 quoque,
1087 2815 1262 2869 quem
1289 2814 1421 2852 cum
1442 2796 1700 2852 minutiis
1723 2793 1908 2873 p_asui_,
1929 2809 2026 2873 eo:

423 2901 557 2957 dem
588 2863 789 2969 inodo,
811 2863 856 2953 si
877 2863 1125 2952 lateruni
1153 2912 1368 2959 sumas,
1389 2895 1447 2949 id
1473 2897 1557 2949 est
1590 2899 1644 2962 4,
1871 2871 1901 2921 θ
1927 2868 2032 2975 SS

421 2990 648 3062 capulo,
686 2990 749 3042 16
781 2985 1040 3064 οοοίίοἱρ.
1074 2983 1278 3051 Media,
1310 2983 1370 3038 id
1400 2988 1488 3038 est
1518 2988 1571 3050 8,
1609 2983 1744 3041 inde
1777 2988 2028 3064 sumpta,

425 3058 686 3150 basique,
718 3075 779 3130 id
808 3079 894 3130 est
931 3079 961 3130 5
984 3058 1090 3172 gs
1121 3072 1254 3127 inde
1280 3072 1492 3139 ablata,
1525 3072 1788 3137 residuis,
1813 3073 1867 3128 id
1887 3077 1974 3128 est
2000 3058 2032 3129 2

423 3177 637 3287 S-Sper
669 3193 990 3257 cathetum,
1023 3189 1081 3244 id
1113 3192 1199 3243 est
1228 3191 1283 3254 4,
1317 3188 1519 3255 ductis,
1557 3192 1621 3244 10
1651 3175 1759 3285 S—S
1795 3190 2028 3245 habeto.

425 3307 522 3364 llis
548 3306 870 3379 duplicatis,
903 3309 972 3360 20
1004 3305 1041 3360 i.
1074 3291 1182 3402 ἓξ
1220 3301 1388 3368 facio,
1423 3303 1626 3374 quibus
1652 3322 1756 3376 per
1777 3308 1809 3358 4
1837 3305 1942 3371 sui,
1973 3305 2030 3360 id

427 3427 514 3479 est
538 3428 568 3478 5
607 3404 714 3513 SS
749 3421 930 3476 ductis
960 3421 1102 3474 fient
1136 3407 1522 3513 110,-Ῐῖς6“ό’
1566 3421 1741 3491 Hujus
1787 3425 2034 3492 tetrago-

429 3531 560 3584 nale
581 3531 748 3596 latus,
777 3527 938 3618 quod
967 3531 1064 3618 est
1091 3529 1170 3618 10
1194 3527 1332 3618 85,
1373 3530 1417 3584 si
1449 3545 1769 3600 sumpsero,
1802 3527 2036 3584 embadi

429 3617 604 3674 totius
630 3617 933 3688 planitiem
961 3617 1290 3688 impleofet
1318 3617 1401 3674 ita
1430 3618 1487 3672 in
1519 3618 1762 3676 caeteris.

497 3707 737 3763 Multum
756 3721 891 3760 vero
919 3705 1237 3777 simplicior
1261 3707 1596 3778 faciliorque
1630 3711 1686 3761 et
1712 3707 2038 3779 expeditior

431 3794 540 3850 erit
569 3795 769 3866 regula
793 3794 1026 3849 embadi
1059 3795 1391 3850 inveniendi
1424 3796 1482 3850 in
1527 3795 1798 3850 omnibus
1840 3796 2039 3850 ortho-

431 3882 620 3954 goniis
648 3900 765 3938 una
791 3882 850 3936 in
881 3883 1154 3938 omnibus
1186 3901 1418 3956 prorsus
1467 3883 1776 3954 triangulis
1816 3884 2042 3938 univer-

430 3973 660 4040 salibus,
701 3975 764 4026 ut
792 3971 1008 4027 scilicet
1065 3989 1168 4046 per
1213 3972 1524 4027 dimidium
1573 3973 1724 4027 basis
1777 3974 2042 4028 cathetus

431 4061 866 4134 multiplicetur,
895 4064 952 4116 et
983 4061 1139 4133 quod
1172 4061 1308 4116 inde
1353 4061 1618 4130 creverit,
1654 4077 1756 4132 pro
1787 4061 2042 4116 embado

431 4150 735 4205 habeatur.
765 4149 931 4213 Quod
960 4149 1115 4205 idem
1150 4150 1283 4217 erit,
1310 4150 1354 4205 si
1385 4150 1708 4206 conversim
1740 4167 1844 4223 per
1871 4149 2042 4204 dimi-

437 4238 600 4292 dium
646 4237 859 4292 catheti
907 4238 1328 4310 multiplicetur
1355 4238 1508 4294 basis
1537 4238 1785 4310 integra,
1817 4242 1875 4295 et
1907 4238 2044 4294 inde

436 4330 639 4382 natum
669 4326 985 4381 embadum
1019 4327 1242 4382 dicatur
1268 4345 1282 4394 ;
1316 4329 1400 4382 vel
1436 4329 1481 4382 si
1513 4331 1634 4384 tota
1652 4329 1802 4384 basis
1828 4345 1931 4400 per
1956 4333 2044 4382 ta-

437 4421 557 4470 tam
590 4414 1131 4486 perpendicularem
1157 4417 1419 4485 ducatur,
1453 4421 1511 4473 et
1541 4419 1661 4474 nati
1679 4418 1814 4473 inde
1839 4434 2048 4472 nume-
2068 4411 2122 4468 D

438 4504 487 4559 ri
517 4503 800 4559 medietas
829 4519 978 4558 areae
1010 4505 1316 4559 tribuatur.
1350 4507 1494 4560 Cum
1531 4507 1692 4561 enim
1713 4524 1816 4578 per
1850 4507 2044 4561 cathe-

437 4597 564 4648 tum
595 4592 768 4654 basis,
800 4593 886 4646 vel
917 4609 1023 4664 per
1052 4593 1480 4664 longitudinem
1514 4596 1758 4650 latitudo
1794 4596 2046 4666 ducitur,

441 4680 709 4755 quadrati
721 4697 870 4735 areae
884 4681 1175 4752 quantitas
1187 4681 1688 4747 invenitur.Quem
1711 4700 1843 4737 cum
1858 4687 2050 4738 trans-

439 4770 652 4826 versim
677 4769 751 4824 ab
769 4771 981 4841 angulo
1002 4769 1074 4824 ad
1096 4771 1375 4841 angulum
1399 4771 1661 4826 medium
1684 4772 2050 4839 divido,duos

443 4858 725 4914 nimirum
766 4858 1087 4930 triangulos
1127 4857 1233 4913 sibi
1289 4859 1535 4914 invicem
1583 4877 1780 4932 aequos
1837 4861 2046 4929 efﬁcio,

445 4937 579 5010 quia
604 4937 664 4992 in
693 4939 938 5008 utroque
959 4953 1163 4991 eorum
1187 4937 1562 4993 medietatem
1587 4955 1735 4993 areo:
1760 4942 2047 5011 tetragoni

445 5033 699 5072 invenio.

517 5097 630 5153 Sed
663 5097 795 5152 huic
825 5099 887 5151 ut
917 5098 1182 5168 exempla
1207 5115 1437 5171 quoque
1482 5100 1694 5170 regulzr.
1727 5101 2047 5169 subjiciam,

446 5193 514 5232 ex
543 5177 934 5250 superioribus
978 5178 1338 5247 orthogoniis
1366 5180 1458 5233 ille
1490 5179 1633 5233 mihi
1664 5185 2044 5252 proponatur,

445 5257 607 5328 cujus
655 5259 917 5312 cathetus
956 5261 1042 5320 15,
1095 5257 1242 5311 basis
1295 5262 1364 5313 20
1421 5259 1664 5330 pedibus
1711 5263 2042 5315 annotatur.

442 5336 752 5409 Multiplico
782 5337 975 5408 itaque
1001 5353 1104 5407 per
1139 5337 1429 5392 cathetum
1463 5338 1647 5393 basim
1685 5341 1792 5394 hac
1825 5340 1998 5394 modo
2029 5359 2042 5396 :

447 5421 532 5483 l5,
565 5419 656 5484 20,
684 5417 825 5471 fient
855 5421 975 5472 300.
1003 5417 1218 5471 Horum
1237 5417 1497 5480 dimidia,
1525 5418 1582 5472 id
1609 5424 1694 5474 est
1729 5423 1846 5487 l30,
1873 5420 2046 5475 totius

443 5513 591 5552 area:
624 5496 838 5569 pedum
869 5499 1295 5551 constratorum
1331 5496 1548 5552 indicat
1571 5515 1905 5552 numerum.

511 5584 728 5640 Eodem
754 5585 928 5639 modo
961 5584 1018 5639 in
1046 5585 1142 5640 illo
1169 5601 1299 5638 cum
1352 5585 1614 5639 minutiis
1664 5586 1856 5654 misto,
1889 5587 2051 5658 cujus

438 5680 697 5772 cathetus
737 5681 913 5754 pedes
937 5689 968 5740 6
989 5667 1113 5772 SS,
1145 5659 1584 5770 basisBSSgS-(S‘
1615 5683 2044 5756 possidet,basis

433 5785 540 5843 per
551 5770 847 5844 cathetum
858 5769 1187 5844 regularem
1210 5769 1381 5830 ducta
1391 5769 1566 5824 efﬁcit
1586 5777 1914 5828 constratas
1935 5789 2037 5844 pe-

268 5823 294 5833 ”
364 5823 794 6003 H‘
488 5823 528 5825 ”
561 5823 1202 5934 ’πθ-ςεῖῖιῖἑιῖιάιίι.
1218 5823 1438 5908 nam
1467 5823 1774 5922 magis;
1792 5823 1920 5927 ᾆῌῲ
1935 5823 2031 5907 Et

2131 665 2516 733 quantitatem
2577 661 2796 724 indicat
2851 680 3022 720 areas.
3083 662 3418 733 Eademque
3469 661 3643 717 modo
3674 662 3728 716 in

2129 755 2372 808 cit-teris.
2804 752 2814 764 ’

2203 843 2366 906 Quod
2397 845 2441 898 si
2475 846 2727 901 minores
2758 862 2988 918 quoque
3020 842 3166 914 pede
3199 856 3499 895 mensuras
3538 843 3730 910 utpote

2132 933 2378 1001 palmas,
2411 935 2626 1001 uncias,
2660 935 2870 1006 digitos
2893 933 2952 988 in
2976 930 3264 1004 praedictis
3289 928 3569 1006 embadis,
3593 933 3731 1001 quat

2132 1021 2268 1086 sint,
2311 1023 2444 1076 velis
2473 1023 2636 1090 scire,
2661 1023 2927 1094 respicito
2954 1021 3012 1075 in
3051 1017 3459 1090 superioribus,
3491 1021 3734 1088 quantas

2132 1126 2200 1164 ex
2249 1109 2335 1163 his
2379 1110 2618 1182 singulis
2667 1111 2826 1183 pedis
2856 1108 3128 1164 constrati
3179 1105 3370 1178 capiat
3403 1121 3724 1160 mensuras.

2135 1199 2358 1269 Rccipit
2387 1200 2600 1271 quippe
2630 1216 2732 1271 pes
2765 1201 3108 1263 canstratus,
3137 1199 3201 1250 ut
3231 1194 3447 1249 dictum
3480 1197 3583 1261 est,
3616 1194 3734 1264 pal-

2132 1303 2260 1341 mas
2291 1291 2496 1359 quater
2520 1293 2852 1358 quaternos,
2881 1286 2939 1340 id
2969 1289 3054 1339 est
3095 1287 3182 1350 16,
3214 1283 3410 1338 uncias
3426 1297 3559 1336 vero
3593 1282 3732 1336 duo-

2133 1375 2320 1429 decies
2353 1376 2671 1443 duodenas,
2711 1377 2767 1430 id
2811 1378 2896 1429 est
2931 1377 3050 1439 l44,
3091 1372 3303 1442 digitos
3336 1371 3524 1426 decies
3555 1369 3736 1424 sexies
3782 1393 3792 1402 -

2133 1465 2398 1531 sedenos,
2423 1465 2481 1519 id
2503 1471 2587 1519 est
2616 1470 2738 1520 256.
2775 1467 2881 1518 Per
2898 1463 3268 1533 hossingulos
3283 1475 3555 1515 numeros
3568 1459 3726 1532 prio-

2134 1570 2264 1607 rum
2319 1570 2515 1608 aream
2571 1553 3052 1624 orthogoniorum
3104 1549 3504 1620 multiplicato,
3559 1552 3616 1602 et
3679 1547 3736 1602 in

2135 1642 2316 1712 priori
2348 1643 2584 1714 quidem
2621 1659 2776 1708 area,
2805 1658 2931 1713 quae
2967 1645 3066 1696 l50
3091 1639 3267 1710 pedes
3291 1640 3614 1692 constratas
3634 1637 3737 1690 ha-

2133 1731 2252 1796 bet,
2281 1729 2536 1785 invenies
2559 1731 2784 1803 palmos
2808 1731 3129 1784 constratas
3149 1730 3310 1793 2400,
3336 1725 3736 1790 uncias2l600,

2137 1818 2346 1888 digitos
2374 1822 2567 1873 autem
2600 1821 2922 1872 constratas
2951 1819 3145 1872 38400.

2206 1909 2268 1960 In
2303 1907 2679 1980 sequentibus
2705 1922 2864 1973 vero,
2893 1905 3052 1976 cujus
3077 1919 3211 1958 area
3233 1904 3552 1957 constratas
3567 1901 3741 1971 pedes

2134 1980 2312 2086 269$
2858 2000 2916 2050 et
2963 1994 3226 2050 medium
3281 1994 3402 2065 ejus
3459 1992 3738 2059 continet,

2133 2095 2387 2168 reperies
2408 2096 2634 2164 palmas
2664 2088 3198 2177 427.%.X.9
3232 2092 3290 2144 et
3317 2091 3457 2145 duas
3489 2089 3740 2163 siliquas;

3275 2251 3289 2276 ,
3323 2205 3531 2278 digitos
3575 2209 3738 2272 6862,

2316 2325 2571 2398 quinque
2604 2310 2730 2416 SS,
2775 2332 2833 2383 et
2883 2329 3026 2384 duas
3070 2327 3304 2400 siliquas
3336 2327 3639 2384 contineri.
3671 2328 3743 2380 Et

2134 2425 2339 2479 eadem
2365 2424 2424 2478 in
2455 2424 2676 2479 caeteris
2706 2426 2904 2481 modo.

2205 2513 2370 2576 Quod
2397 2513 2441 2567 si
2473 2513 2648 2568 etiam
2677 2531 2816 2585 ager
2846 2514 3174 2585 hujusmodi
3207 2514 3538 2585 orthogonii
3583 2513 3751 2568 sche-

2136 2211 2331 2266 uncias
2387 2227 2520 2264 vero
2577 2212 2716 2264 3850
2814 2209 3071 2278 quinque

2133 2619 2229 2656 ma
2261 2605 2462 2656 tenens
2487 2603 2851 2674 proponitur,
2887 2606 3084 2674 utpote
3133 2603 3292 2672 cujus
3342 2603 3598 2656 cathetus
3648 2606 3746 2662 60,

2133 2691 2281 2745 basis
2313 2696 2410 2756 80,.
2428 2691 2788 2761 hypotenusa
2805 2696 2905 2747 100
2937 2691 3170 2762 perticis
3187 2691 3479 2757 metiatur,
3505 2694 3581 2756 et,
3601 2695 3749 2762 quot

2125 2779 2337 2850 jugera
2368 2781 2453 2832 vel
2487 2783 2627 2850 quot
2657 2780 3010 2852 agripennos
3041 2780 3356 2847 contineat,
3386 2779 3743 2850 inquiratur;

2133 2867 2348 2938 primo,
2381 2885 2483 2940 per
2514 2869 2829 2935 cathetum,
2864 2868 2920 2922 id
2942 2872 3026 2922 est
3053 2873 3142 2936 60,
3163 2869 3369 2933 basim,
3395 2884 3520 2939 qua:
3544 2871 3629 2920 est
3651 2872 3748 2934 80,

2136 2955 2453 3026 multiplico
2491 2973 2503 3010 :
2536 2956 2678 3011 ﬁent
2702 2959 2860 3012 4800.
2896 2958 3110 3010 Horum
3144 2956 3541 3022 medietatem,
3568 2954 3626 3008 id
3659 2959 3754 3008 est

2135 3047 2274 3099 2400
2307 3062 2410 3115 pro
2444 3044 2750 3099 constratis
2781 3045 2956 3099 totius
2977 3045 3098 3115 agri
3130 3044 3361 3115 perticis
3389 3044 3591 3098 habeo.
3611 3043 3755 3097 Post

2054 3146 2102 3210 α
2135 3136 2350 3199 autem,
2383 3133 2609 3204 quoties
2642 3133 2696 3187 in
2733 3134 2841 3188 hoc
2876 3148 3119 3187 numero
3160 3136 3464 3187 constrata:
3510 3131 3754 3202 pertica:

2135 3221 2301 3274 unius
2325 3221 2516 3292 jugeri
2541 3226 2666 3286 288,
2715 3222 2796 3275 vel
2831 3220 3176 3292 agrippenni
3211 3220 3397 3282 unius,
3445 3220 3501 3273 id
3533 3223 3620 3272 est
3645 3223 3755 3274 144

2133 3311 2533 3378 cohibeantur,
2564 3310 2817 3382 inquiro.
2855 3311 3000 3366 Sunt
3022 3326 3155 3364 vero
3181 3309 3239 3363 in
3263 3313 3402 3364 2400
3418 3308 3596 3362 octies
3612 3311 3750 3374 288,

2135 3403 2193 3453 et
2220 3399 2455 3470 insuper
2487 3399 2656 3453 tertia
2687 3415 2891 3454 eorum
2932 3415 3064 3469 pars
3092 3415 3105 3451 :
3139 3401 3238 3452 144
3268 3413 3402 3452 vero
3439 3397 3499 3450 in
3527 3395 3752 3451 eodem

2136 3504 2379 3542 numera
2413 3487 2664 3542 sedecies
2707 3487 2994 3542 habentur
3018 3490 3075 3540 et
3104 3485 3252 3540 bisse
3283 3501 3524 3552 eorum;
3558 3483 3754 3555 igitur

2136 3576 2196 3628 in
2211 3577 2504 3648 proposita
2535 3593 2673 3647 agro
2706 3576 3054 3646 orthogonio
3087 3575 3374 3646 triangula
3389 3573 3658 3644 8jugera,
3697 3576 3764 3628 et

2138 3666 2600 3737 tertiampartem
2615 3663 3462 3737 jugeri,agrippennasauteml
3477 3663 3763 3729 6,etduas

2140 3754 2338 3808 tertias
2370 3754 2716 3826 agrippenni
2756 3753 2921 3808 unius
2943 3752 3229 3808 contineri
3245 3769 3362 3807 non
3381 3751 3622 3806 dubium
3641 3756 3762 3808 est.

2212 3835 2327 3889 Sed
2354 3835 2632 3906 quoniam
2683 3835 2752 3889 de
2785 3832 3136 3888 invenienda
3180 3834 3238 3886 in
3271 3833 3357 3886 his
3387 3831 3769 3902 orthogoniis

2143 3923 2374 3978 embadi
2402 3924 2726 3994 quantitate
2753 3923 2889 3976 satis
2919 3922 3135 3976 dictum
3158 3925 3263 3988 est,
3281 3921 3454 3975 aliam
3486 3922 3770 3991 regulam

2143 4010 2350 4072 adhuc,
2383 4027 2498 4082 qua
2529 4027 2633 4081 per
2663 4011 3036 4081 hypotenusae
3091 4013 3149 4064 et
3199 4009 3428 4064 embadi
3477 4026 3776 4064 numeros

2143 4100 2435 4154 cathetum
2456 4103 2512 4153 et
2535 4099 2718 4154 basim
2736 4098 3058 4170 reperiunt,
3083 4099 3283 4169 subjici
3309 4102 3599 4169 putamus,
3623 4115 3773 4170 quae

2144 4191 2227 4243 est
2257 4187 2589 4258 hujusmodi
2631 4206 2642 4243 :

2217 4269 2466 4324 Numero
2507 4269 2880 4340 bypotenusae
2913 4267 2970 4322 in
2994 4285 3051 4322 se
3085 4267 3256 4322 ducto
3288 4267 3535 4337 quatuor
3557 4267 3780 4322 emba-

2148 4357 2352 4411 dorum
2380 4356 2764 4412 numerositas
2791 4356 3116 4426 adiiciatur,
3134 4357 3191 4410 et
3213 4354 3382 4424 hujus
3401 4353 3574 4409 simul
3603 4371 3784 4411 sum-

2151 4463 2260 4500 mae
2299 4447 2445 4500 latus
2471 4446 2840 4516 tetraganale
2870 4448 3152 4511 sumatur,
3185 4443 3355 4514 idque
3391 4442 3542 4496 basis
3574 4447 3632 4497 et
3666 4459 3786 4499 ca-

2149 4535 2292 4590 theti
2322 4551 2634 4589 numerum
2662 4533 2831 4588 simul
2861 4533 3166 4604 complecti
3194 4548 3311 4586 non
3340 4530 3656 4587 dubitetur.
3699 4533 3791 4587 Ut.

2150 4639 2284 4678 vero
2319 4624 2548 4695 utrique
2577 4639 2797 4690 eorum,
2828 4621 2950 4676 basi
2991 4621 3203 4675 scilicet
3231 4623 3288 4673 et
3337 4618 3591 4685 catheto,
3623 4637 3787 4675 suus

2153 4712 2417 4768 distincte
2440 4727 2717 4765 numerus
2744 4711 3040 4776 reddatur,
3069 4727 3135 4764 ex
3163 4724 3406 4763 numero
3433 4707 3798 4779 hypotenu-

2152 4819 2227 4857 sa:
2255 4802 2312 4856 in
2330 4818 2387 4856 se
2403 4801 2572 4855 ducta
2589 4803 2621 4855 4
2638 4799 2887 4854 embada
2913 4799 3208 4864 subtraho,
3237 4801 3294 4851 et
3321 4796 3536 4851 residui
3567 4795 3793 4853 adhuc

2152 4890 2381 4948 numeri
2416 4891 2562 4944 latus
2612 4889 2972 4960 tetragonale
3026 4903 3223 4954 sumo;
3265 4886 3438 4958 idque
3496 4886 3801 4958 superius

2151 4979 2385 5034 invento
2419 4993 2687 5045 numero,
2721 4978 2815 5049 qui
2857 4977 3040 5031 basim
3082 4980 3141 5030 et
3179 4975 3469 5029 cathetum
3519 4975 3800 5031 confuse

2152 5068 2507 5128 continebat,
2540 5066 2816 5137 adjunga,
2851 5080 2906 5120 et
2931 5066 3142 5120 horum
3172 5065 3340 5118 simul
3376 5063 3800 5121 medietatem

2152 5155 2361 5227 majori
2403 5173 2467 5210 ex
2499 5154 2605 5218 his,
2641 5158 2837 5225 utpote
2888 5153 3031 5220 basi,
3063 5153 3358 5225 propriam
3414 5152 3631 5207 tribuo.
3679 5156 3806 5227 Ip-

2153 5263 2279 5300 sum
2311 5262 2444 5300 vero
2479 5245 2626 5298 latus
2654 5244 3013 5314 tetragonale
3047 5242 3090 5296 si
3142 5241 3449 5318 abIeodem
3483 5259 3802 5309 numero,

2156 5335 2250 5407 qui
2279 5334 2463 5388 basim
2500 5334 2670 5387 simul
2699 5337 2756 5386 et
2782 5333 3072 5386 cathetum
3107 5331 3386 5397 continet,
3438 5331 3675 5399 aufero,
3729 5341 3818 5390 et

2153 5424 2366 5478 residui
2399 5423 2706 5478 dimidium
2760 5438 3084 5493 sumpsero,
3133 5420 3325 5475 minus
3355 5438 3421 5474 ex
3467 5419 3556 5474 his
3586 5421 3814 5492 latus,

2153 5517 2351 5586 utpote
2379 5513 2670 5567 cathetum
2701 5511 2949 5583 reperio.
2994 5511 3092 5564 Vel
3132 5510 3298 5564 aliter
3332 5527 3344 5564 :
3373 5527 3438 5564 ex
3485 5527 3815 5584 numero,

2151 5602 2245 5673 qui
2279 5601 2459 5656 basim
2494 5601 2905 5671 cathetumque
2930 5598 3435 5670 paritercuntinet,
3460 5599 3816 5660 inventam

2148 5691 2331 5746 basim
2359 5690 2577 5757 aufero,
2615 5692 2673 5743 et
2710 5691 2975 5743 remanet
3022 5687 3280 5742 cathetus
3326 5687 3415 5741 vel
3455 5688 3816 5750 cathetum

2142 5782 2438 5852 repertum
2469 5777 2689 5846 adimo,
2717 5781 2774 5832 et
2804 5777 3026 5848 reliqua
3058 5775 3171 5831 erit
3199 5775 3373 5836 basis.

2211 5869 2349 5936 Quae
2378 5867 2576 5924 omnia
2599 5870 2664 5926 ut
2687 5865 2899 5944 apertis
2927 5863 3318 5922 certificentur
3347 5865 3665 5944 exemplis,
3703 5868 3800 5934 in,
