3986 6170
247 456 331 515 113

1595 432 1688 489 DE
1729 431 2171 492 GEOMETBIA.

3366 520 3369 523 _
3456 441 3555 498 114

249 571 555 649 quibuslibet
581 565 947 641 superiorum
962 563 1296 636 probentur
1315 552 1687 649 orthogoniis.
1717 551 1832 649 su:
1866 558 1920 616 Α
1944 556 2157 649 obtulit
2180 558 2614 649 speculandum.
2645 559 3055 633 Quemcunque
3078 558 3440 634 superiorum
3457 578 3555 620 or—

244 643 324 719 mo
350 662 526 732 itaque
549 672 707 723 eum,
728 654 889 724 cujus
919 653 1295 724 hypotenusa
1320 651 1403 714 10,
1424 643 1735 699 embadum
1755 643 1833 697 24

243 750 389 825 pedes
415 745 678 820 possidet.
707 744 890 798 Ducta
912 741 972 795 in
1011 756 1074 794 se
1097 739 1463 825 hypotenusa
1482 732 1557 786 sic
1580 747 1829 803 progre-

236 824 382 895 ditur.
405 835 536 889 Huic
588 835 844 905 quatuor
891 828 1154 884 embada
1191 827 1391 897 juncta
1441 824 1540 877 196
1585 836 1829 875 consur-

235 930 363 1000 gunt.
396 923 556 993 Cujus
583 918 817 975 numeri
850 910 1204 989 latus,'quod
1233 918 1317 970 est
1347 913 1432 978 14,
1464 910 1615 965 basis
1646 908 1826 964 simul

235 1022 281 1071 et
304 1012 488 1067 catheti
514 1024 830 1064 numerum
863 1005 1188 1062 concludit.
1220 1003 1354 1067 Quae
1383 1004 1444 1055 ut
1464 1015 1700 1054 cernere
1731 1015 1827 1053 va-

238 1106 360 1159 leam
386 1116 448 1155 ex
475 1114 726 1154 numero
757 1094 1191 1168 hypothenusae
1218 1092 1277 1146 in
1315 1107 1374 1145 se
1406 1089 1611 1156 ductie,
1644 1087 1705 1142 id
1736 1090 1826 1142 est

240 1195 333 1257 100,
360 1187 597 1245 embada
626 1189 903 1259 quatuor,
930 1184 995 1238 id
1024 1186 1115 1237 est
1145 1185 1235 1248 96,
1268 1180 1487 1245 aufero,
1519 1180 1576 1232 et
1624 1193 1820 1231 rema-

237 1280 390 1335 nentis
443 1273 803 1349 quaternarii
864 1273 1015 1327 latus
1088 1268 1449 1342 tetragonale
1518 1267 1820 1321 communi

236 1375 567 1438 utrorumque
594 1378 874 1429 numero,
905 1361 965 1415 id
999 1365 1089 1415 est
1124 1362 1209 1427 14,
1243 1358 1584 1429 adjungens,
1622 1360 1686 1412 16
1717 1357 1819 1411 ha-

239 1459 342 1513 beo.
379 1456 539 1526 Cujus
565 1452 978 1515 medietatem,
1002 1465 1137 1521 quae
1170 1451 1257 1503 est
1302 1449 1352 1513 8,
1398 1445 1518 1501 basi
1563 1444 1817 1517 assigno.

239 1547 283 1601 Si
304 1561 418 1600 vero
448 1560 511 1598 ex
541 1539 852 1597 communi
882 1542 1272 1608 utrorumque
1325 1550 1589 1601 numero,
1628 1534 1685 1590 id
1735 1538 1822 1588 est

239 1636 309 1699 14,
336 1633 502 1705 ipsum
530 1633 706 1696 latus,
760 1627 863 1700 qui
910 1625 1193 1692 binarius,
1244 1624 1458 1691 adimo,
1510 1628 1822 1679 remanent

239 1720 518 1777 duodecim.
564 1718 745 1789 Cujus
777 1714 1119 1782 dimidium,
1148 1712 1208 1768 id
1234 1717 1317 1768 est
1340 1718 1371 1768 6
1399 1714 1822 1783 repraesentant

243 1812 514 1866 cathetum.
558 1805 733 1872 Quod
756 1805 916 1860 idem
950 1802 1083 1869 erit,
1109 1803 1156 1857 si
1180 1801 1468 1856 inventam
1507 1801 1715 1869 basim,
1761 1800 1820 1855 id

244 1903 309 1955 est
332 1902 376 1966 8,
405 1917 436 1953 a
458 1895 768 1952 communi
793 1895 1181 1963 utrorumque
1210 1907 1473 1958 numero,
1506 1889 1706 1962 quiest
1733 1892 1818 1957 14,

242 1989 423 2054 aufero,
451 1986 535 2041 vel
567 1986 617 2039 si
646 1984 957 2038 inventum
990 1980 1313 2045 cathetum,
1346 1978 1403 2034 id
1433 1983 1517 2034 est
1543 1984 1595 2046 6,
1626 1979 1699 2033 ab
1727 1995 1822 2033 eo-

240 2080 344 2134 dem
382 2072 679 2132 communi
706 2086 985 2138 numero,
1019 2068 1119 2140 qui
1148 2070 1234 2123 est
1266 2069 1348 2134 14,
1380 2069 1598 2124 aufero.

290 2174 587 2230 ltemillum
605 2183 867 2234 assumo,
900 2167 1064 2238 cujus
1094 2165 1391 2236 podismus
1406 2174 1458 2227 6.
1484 2143 1592 2254 5—5
1613 2170 1819 2225 emba-
1864 2210 1871 2217 .

232 2296 341 2349 dum
372 2295 451 2358 10,
482 2265 589 2373 S—S
625 2285 915 2343 continet.
953 2280 1273 2347 Podismus,
1296 2279 1353 2336 id
1368 2286 1452 2337 est
1481 2288 1512 2339 6
1538 2262 1644 2370 S—S
1668 2284 1727 2340 in
1754 2303 1813 2340 se

233 2402 397 2456 ductus
429 2399 517 2454 44.
840 2390 1022 2443 creat.
1059 2386 1161 2441 Cui
1190 2386 1433 2443 embada
1455 2390 1509 2455 4,
1543 2390 1602 2446 id
1633 2395 1719 2446 est
1743 2393 1814 2447 42

226 2497 313 2608 SS
334 2525 576 2597 adjungo
609 2523 699 2576 37,
732 2519 792 2574 5,
832 2496 976 2592 6‘
1003 2502 1267 2559 conﬁcio.
1293 2502 1457 2573 Cujus
1477 2504 1625 2562 latus
1641 2510 1813 2564 tetra-

229 2603 423 2706 gonale,
452 2629 615 2702 quod
642 2631 728 2683 est
748 2633 781 2685 9
953 2618 1167 2714 catheti
1186 2617 1351 2672 simul
1373 2621 1430 2672 et
1454 2620 1603 2714 basis
1625 2641 1811 2695 quan-

1940 644 2365 717 thogoniorum
2393 647 2465 701 ad
2512 647 2686 701 alium
2731 664 3070 721 comparare
3110 650 3354 705 volueris
3386 651 3554 724 juxta

1940 734 2101 802 quod
2136 735 2297 791 Plato
2322 734 2378 789 in
2406 735 2768 809 C‘osmopaaia
2795 736 2992 793 Timaei
3025 738 3093 793 de
3122 738 3307 811 planis
3354 739 3552 810 ﬁguris

1938 822 2237 893 proponit,
2263 823 2603 895 Boetiusque
2638 822 2692 877 in
2728 824 3104 880 arithmeticis
3129 826 3199 881 de
3232 826 3550 899 tetragonis

1937 911 2169 964 tantum
2190 928 2297 983 per
2317 912 2644 984 exemplum
2665 913 3118 981 ostendit,unam
3136 913 3288 993 inter
3303 932 3400 970 eos
3413 932 3548 988 geo-

1933 1000 2241 1055 metricam
2264 1001 2660 1069 medietatem,
2688 1020 2814 1074 quae
2835 1006 3142 1078 utrumque
3163 1021 3276 1059 una
3300 1020 3544 1078 propor-

1932 1088 2098 1144 tione
2132 1091 2472 1162 conjungat,
2502 1093 2559 1144 te
2598 1090 2854 1146 invenire
2883 1092 3204 1148 miraberis.

2002 1197 2258 1251 Primam
2278 1197 2492 1270 quippe
2516 1214 2582 1251 ex
2598 1198 2943 1270 praescriptis
2961 1200 3332 1271 Orthogoniis
3346 1216 3544 1257 aream

1927 1290 1959 1341 6
1990 1285 2226 1357 implet;
2259 1303 2433 1358 quem
2465 1285 2509 1339 si
2553 1286 2628 1341 ad
2658 1288 2996 1355 secundum,
3028 1287 3129 1359 qui
3158 1290 3226 1344 24
3263 1289 3541 1359 continet,

1924 1375 2374 1445 comparaveris,
2410 1391 2592 1429 unum
2621 1377 2806 1431 solum
2836 1375 2988 1431 inter
3008 1392 3106 1431 eos
3137 1378 3542 1445 numerum,id

1926 1467 2011 1517 est
2046 1467 2130 1532 12,
2162 1464 2260 1536 qui
2293 1467 2563 1536 utrosque
2592 1482 2729 1530 una,
2762 1465 2823 1520 id
2854 1469 2939 1520 est
2963 1464 3141 1538 dupla
3163 1466 3542 1540 proportione

1923 1566 1951 1604 c
1964 1552 2211 1621 ontinet,
2248 1551 2504 1622 reperire
2533 1553 2765 1623 poteris.

1996 1659 2142 1713 Item
2165 1659 2320 1713 inter
2340 1660 2653 1714 secundum
2671 1663 2730 1714 et
2755 1658 3014 1727 tertium,
3038 1658 3098 1715 id
3135 1663 3240 1724 est,
3264 1634 3412 1717 2461
3448 1662 3540 1724 54,

1925 1748 2154 1802 medius
2180 1762 2461 1802 numerus
2501 1750 2568 1804 36
2613 1747 2920 1815 invenitur;
2969 1748 3067 1819 qui
3105 1749 3178 1804 ad
3230 1752 3541 1819 utrumque

1925 1836 2307 1907 sesquialtera
2333 1835 2672 1891 habitudine
2700 1840 3094 1907 comparatur.
3118 1839 3274 1892 Inter
3303 1836 3540 1892 tertium

1843 1941 1896 2000 Β
1924 1929 1983 1979 et
2004 1927 2305 1997 quartum,
2333 1923 2389 1978 id
2430 1928 2515 1979 est
2544 1928 2611 1980 54
2643 1929 2700 1980 et
2731 1928 2820 1992 96,
2846 1925 3105 1980 medium
3132 1929 3200 1981 72
3225 1940 3540 1980 numerum

1923 2012 2294 2084 sesquitertia
2348 2018 2619 2087 utrosque
2672 2015 3049 2087 proportione
3098 2014 3540 2069 continuantem

1923 2099 2233 2155 adinvenis
2262 2119 2276 2168 ;
2312 2106 2369 2156 et
2404 2116 2777 2175 quoscunque
2820 2102 3163 2174 quibuslibet
3200 2099 3540 2156 intermissis
3622 2136 3633 2147 ο

1919 2189 2028 2244 sibi
2068 2188 2314 2243 invicem
2347 2192 2629 2258 conferes,
2650 2190 2807 2245 idem
2838 2190 2961 2244 sine
2987 2206 3181 2244 errore
3211 2204 3537 2261 pernosces.

1921 2278 2069 2332 Nam
2098 2276 2145 2330 si
2171 2275 2311 2332 item
2344 2278 2599 2352 primum
2627 2278 2699 2333 ad
2731 2277 3019 2348 quintum,
3051 2277 3110 2332 id
3138 2281 3224 2332 est
3260 2281 3292 2334 6
3332 2278 3405 2333 ad
3440 2280 3540 2333 150

1919 2366 2228 2429 conferas,
2259 2368 2316 2421 in
2345 2367 2540 2423 medio
2576 2366 2955 2421 nihilominus
2984 2368 3072 2434 30,
3103 2366 3202 2438 qui
3230 2365 3542 2438 quincupla

1919 2460 2208 2527 utrosque
2240 2457 2554 2512 collatione
2602 2456 2921 2522 continuet,
2956 2455 3281 2526 investiges.
3312 2456 3458 2510 Item
3496 2453 3543 2510 si

1915 2545 2250 2601 secundum
2301 2551 2359 2601 et
2406 2549 2655 2607 sextum,
2686 2545 2745 2599 id
2772 2547 2857 2599 est
2884 2547 2953 2601 24
2993 2548 3051 2601 et
3088 2549 3195 2602 216
3220 2560 3541 2617 compares,

1914 2635 1985 2687 72
2016 2634 2286 2689 medium
2321 2633 2500 2705 tripla
2526 2635 2798 2705 utrosque
2830 2634 3205 2707 proportione
3218 2633 3546 2689 coadunan-

233 2721 379 2777 titatis
403 2712 904 2790 comprehendit
930 2712 1038 2778 Qui
1070 2719 1135 2765 ut
1176 2713 1560 2794 spgregentur
1608 2729 1674 2768 ex
1705 2733 1814 2769 nu—
1916 2723 2043 2774 tem
2077 2738 2483 2794 recognosces.

230 2825 365 2867 mero
392 2786 642 2885 ρρῷέωί
670 2807 732 2861 in
764 2823 847 2873 se,
869 2805 931 2860 id
961 2805 1049 2859 est
1078 2786 1656 2885 44355551111)ng
1680 2805 1735 2871 4,
1758 2804 1818 2859 id

230 2903 297 2954 est
317 2872 512 2991 52-5-8
540 2898 826 2962 subduco,
861 2897 923 2949 et
956 2872 1372 2991 remane-tit};
1402 2872 1671 2991 6‘.
1710 2894 1819 2991 Cu-I

227 2989 301 3060 jus
318 2959 854 3061 latustetragonale
883 2982 1048 3056 quod
1077 2984 1163 3035 est
1196 2984 1217 3034 1
1386 2959 1821 3036 siacoinmuni

235 3109 580 3180 utrorumque
620 3117 891 3167 numero,
926 3097 1027 3171 qui
1060 3100 1146 3151 est
1173 3070 1327 3183 (ὂς-δ,
1361 3095 1658 3158 adimatur
1678 3096 1823 3150 resi-

239 3194 334 3261 dui,
355 3195 407 3250 id
433 3200 516 3251 est
546 3204 608 3260 ὅ,
640 3189 975 3253 dimidium,
1022 3184 1239 3240 scilicet
1278 3186 1696 3256 quaternarius,
1722 3201 1822 3261 ga-

1992 2826 2112 2883 Nec
2137 2830 2180 2884 si
2212 2830 2481 2900 integros
2501 2829 2575 2883 ad
2608 2829 2964 2898 minutiatos,
2978 2833 3036 2886 et
3055 2828 3546 2885 minutiatositem

1925 2915 1999 2969 ad
2044 2918 2386 2973 minutiatos
2419 2916 2493 2970 ad
2522 2932 2580 2970 se
2610 2916 2853 2973 invicem
2881 2918 3254 2990 orthogonios
3283 2917 3547 2973 conferre

1924 3005 2409 3079 cupias,aliqucm
2426 3006 2482 3059 te
2497 2992 2826 3077 scrupulum
2840 3006 3132 3062 offendere
3150 3007 3548 3063 metuas.Nam

1926 3101 1969 3154 si
1993 3102 2137 3157 item
2162 3101 2522 3176 primum,id
2539 3105 2625 3157 est
2645 3108 2676 3160 6
2698 3104 2770 3159 ad
2792 3120 2926 3159 eum
2953 3102 3049 3176 qui
3074 3104 3139 3158 10
3160 3101 3267 3176 ες
3292 3101 3542 3158 embado

1927 3192 2192 3247 continet
2218 3193 2505 3257 conferas,
2541 3191 2601 3246 in
2642 3193 2835 3249 medio
2867 3198 2918 3262 8,
2950 3193 3046 3265 qui
3079 3189 3443 3262 sesquitertia
3468 3191 3545 3246 ad

240 3257 431 3348 thetum
457 3257 838 3348 determinat.
864 3286 1032 3341 Idem
1055 3298 1190 3337 vero
1215 3281 1379 3351 latus,
1399 3289 1553 3355 quod
1572 3286 1658 3337 est
1687 3257 1825 3366 {35
1849 3303 1898 3364 α
1928 3284 2207 3354 utrosque
2222 3280 2578 3366 habitudine
2585 3299 2644 3366 se
2673 3257 2921 3357 copulet,
2955 3257 3086 3337 mox
3118 3257 3372 3366 aspicias.
3396 3283 3542 3366 item

238 3409 293 3465 ad
317 3409 580 3464 eumdem
620 3418 998 3486 communem
1053 3412 1385 3465 numerum,
1429 3398 1527 3470 qui
1565 3400 1649 3452 est
1692 3373 1825 3486 9§5

238 3507 562 3585 adjunctum,
595 3504 661 3558 10
679 3476 1683 3585 S—Sconficit.Cujusmedietas,quaa
1712 3476 1825 3549 5⁷61.

236 3582 319 3691 gs
346 3606 441 3671 est,
469 3602 660 3659 basim
681 3582 838 3656 baud
870 3595 1050 3652 dubie
1098 3589 1305 3691 reddit.
1331 3592 1411 3691 ξι
1437 3594 1544 3691 .haa
1588 3591 1822 3691 quidem

237 3678 435 3749 interim
464 3691 757 3749 sufﬁciant
795 3688 1041 3759 regula,
1066 3696 1210 3753 quas
1239 3678 1309 3733 de
1331 3681 1721 3754 Pythagoricis
1751 3682 1825 3736 ad

236 3799 455 3855 presens
483 3781 784 3856 potuimus
815 3775 1104 3833 invenire.

295 3872 629 3928 Formantur
642 3885 775 3924 vero
799 3870 858 3922 et
886 3866 985 3921 alii
1008 3882 1077 3920 ex
1100 3863 1239 3933 ipsis
1271 3859 1658 3935 Pythagoricis
1682 3875 1826 3931 quos

238 3977 380 4033 supra
404 3960 674 4021 diximus,
704 3953 987 4027 tripleuri,
1012 3953 1059 4008 si
1082 3969 1217 4007 eam
1243 3951 1825 4023 quantitatem,quam

242 4065 389 4120 supra
417 4048 571 4105 basis
604 4046 909 4111 habuerat,
952 4042 1221 4097 cathetus
1250 4040 1509 4112 accipiat,
1540 4042 1617 4107 et,
1650 4053 1825 4109 quam

243 4138 466 4191 cathetus
496 4135 861 4208 possederat,
892 4130 1050 4186 basis
1082 4129 1413 4185 alternatim
1444 4126 1826 4199 quantitatem

241 4226 328 4280 sibi
354 4226 693 4290 assumat,ut
723 4222 782 4277 in
812 4217 1291 4291 subscriptis.Sed
1310 4217 1368 4272 in
1398 4232 1599 4271 eorum
1620 4213 1831 4285 regulis

245 4314 702 4385 orthogoniorum
725 4310 937 4365 diutius
957 4324 1077 4363 non
1103 4304 1826 4362 arbitrorimmorandum.

246 4401 363 4456 Nam
392 4403 677 4457 universa
706 4397 924 4469 regulae
958 4413 1088 4469 quae
1122 4395 1182 4449 in
1212 4392 1602 4467 superioribus
1629 4391 1830 4462 Pytha-

249 4490 426 4559 goricis
449 4490 569 4545 sive
591 4488 664 4543 ad
683 4488 933 4543 laterum
956 4483 1341 4557 quantitatem
1358 4480 1685 4537 alternatim
1704 4479 1831 4550 dig-

1927 3378 1970 3433 si
1994 3352 2293 3445 eumdem,
2319 3379 2417 3450 qui
2452 3382 2516 3434 10
2532 3357 2633 3464 S-S
2655 3381 2728 3436 ad
2747 3352 3111 3454 sequentem,
3136 3352 3233 3452 qui
3265 3354 3436 3466 l8§5
3456 3352 3541 3455 ᾖ

1928 3466 2387 3530 concludit,velis
2405 3483 2771 3539 comparare,
2785 3469 3012 3524 medius
3031 3469 3096 3523 14
3117 3485 3393 3525 numerus
3403 3487 3541 3543 geo-

1928 3553 2187 3609 metrica:
2210 3554 2542 3610 medietatis
2562 3557 2946 3628 proprietates
2973 3557 3123 3616 inter
3142 3573 3240 3612 eos
3265 3559 3544 3629 probatur

1928 3651 2193 3707 obtinere
2216 3670 2230 3719 ;
2254 3655 2319 3707 14
2338 3669 2593 3725 namque
2625 3656 2901 3710 numerus
2925 3658 2990 3710 10
3008 3634 3182 3744 85in
3205 3662 3264 3701 88
3285 3650 3544 3744 cgnliget

1927 3743 1985 3795 et
2013 3741 2135 3811 ejus
2163 3740 2420 3814 quinque
2452 3719 2638 3797 sextas
2666 3743 2941 3810 decimas,
2977 3719 3208 3800 erilem
3238 3719 3411 3832 18g
3426 3722 3509 3822 ᾖ

1929 3829 2138 3884 eodem
2161 3830 2338 3885 modo
2372 3832 2436 3887 14
2464 3830 2525 3886 in
2553 3849 2614 3887 se
2639 3831 2903 3888 continet
2932 3834 2991 3888 et
3009 3832 3058 3904 ej
3071 3851 3132 3888 us
3156 3837 3186 3888 5
3217 3829 3402 3888 εθχῖειὲ
3438 3831 3541 3885 de-

1927 3918 2142 3984 cimas;
2178 3936 2306 3990 quae
2339 3921 2641 3990 proportio
2671 3937 2844 3991 super
2866 3921 3121 3993 quinque
3150 3920 3405 3994 particns
3423 3935 3543 3974 sex-

1926 4008 2013 4061 tas
2036 4006 2290 4083 decimas
2320 4008 2666 4079 appellatur.
2688 4011 2886 4080 Itaque
2916 4026 2989 4063 ne
3010 4009 3221 4063 diutius
3237 4009 3536 4072 immorer,

1930 4112 2287 4169 quaecunque
2336 4095 2539 4150 talium
2584 4097 3067 4168 orthogoniorum
3113 4096 3208 4151 alii
3255 4096 3536 4161 conferas,

1934 4202 2113 4240 unum
2142 4186 2295 4239 inter
2323 4201 2443 4252 eos,
2477 4188 2538 4238 ut
2569 4184 2786 4241 dictum
2822 4188 2926 4255 est,
2943 4200 3276 4253 numerum,
3301 4184 3397 4258 qui
3419 4201 3541 4239 omv

1932 4291 2033 4330 nes
2056 4273 2426 4345 geometricas
2458 4272 2785 4329 medietatis
2816 4274 3201 4348 praprietates
3235 4273 3538 4340 custodiat,

1932 4362 2316 4417 intitubanter
2365 4362 2625 4417 in‘venire
2669 4363 2902 4435 poteris.
2939 4361 3052 4417 Sed
3104 4363 3197 4417 hic
3241 4380 3537 4429 numerus,

1934 4450 2350 4522 geometricam
2378 4450 2594 4506 scilicet
2623 4451 3229 4523 proportionalitatem
3261 4451 3537 4519 efﬁciens,

249 4539 602 4644 :oscendam,
634 4576 749 4631 sive
779 4574 854 4629 ad
876 4539 1212 4629 mebsuram
1244 4587 1394 4627 areae
1424 4567 1832 4624 inveniendam
1855 4551 1909 4611 D
1935 4540 2041 4595 hoc
2074 4539 2248 4595 "mdo
2277 4541 2385 4593 em
2413 4539 2796 4595 “‘Ven'endus
2828 4556 2842 4595 ⁵

250 4668 449 4723 tradita:
470 4670 628 4733 sunt,
653 4668 711 4719 et
731 4662 1009 4735 exemplis
1034 4659 1356 4716 dilucidatze
1374 4660 1527 4725 sunt,
1555 4657 1614 4712 in
1646 4656 1733 4712 his
1752 4655 1835 4711 ni-

250 4755 538 4812 hilominus
568 4755 837 4811 eamdem
853 4750 1328 4825 consequentiam
1353 4749 1676 4822 probantur
1697 4745 1834 4801 reti-

252 4861 365 4899 nere
398 4849 625 4900 tantum
659 4844 850 4914 (Nolat
878 4841 971 4897 hic
999 4838 1296 4912 sequentia
1320 4840 1479 4893 vetus
1507 4838 1790 4909 glossator
1817 4853 1830 4891 :

256 4931 439 4990 Littera
464 4935 610 4990 falsa
630 4937 734 4987 est.
766 4932 879 4988 Sed
905 4932 951 4986 is
976 4934 1063 4985 est
1090 4944 1313 4984 sensus:
1334 4928 1393 4981 in
1428 4927 1539 4981 hoc
1562 4924 1835 4980 differunt

253 5037 278 5073 ε
294 5022 693 5094 Pythagoricis,
718 5020 871 5091 quod
892 5019 1042 5074 basis
1056 5015 1572 5090 Pythagoricorum
1607 5013 1720 5068 erit
1738 5031 1831 5069 ca-

252 5108 414 5165 thetus
442 5113 684 5167 istorum
698 5112 755 5164 et
775 5127 804 5164 e
831 5108 1443 5178 converso),quautum
1463 5104 1508 5159 si
1522 5102 1578 5158 in
1593 5102 1829 5175 quibus-

252 5198 365 5253 datn
392 5201 619 5255 illarum
652 5199 723 5254 ad
749 5199 1042 5253 cathetum
1061 5194 1382 5267 specialiter
1411 5193 1635 5247 videtur
1659 5192 1830 5263 perti-

254 5301 400 5355 nere;
440 5288 533 5343 hic
558 5288 696 5355 basi,
739 5286 977 5358 etquod
1019 5284 1094 5340 ibi
1122 5284 1264 5351 basi,
1308 5282 1401 5351 hic
1443 5282 1670 5336 catheto
1702 5280 1828 5353 quis

256 5378 504 5433 meminit
519 5377 848 5433 attribuere.
875 5376 1040 5440 Quod
1072 5375 1147 5430 ob
1180 5372 1493 5430 cavendam
1531 5369 1827 5443 prolixita-

236 5464 352 5518 'tem
384 5483 453 5520 ne
474 5466 597 5536 jam
624 5465 818 5520 videar
855 5464 1152 5536 replicare,
1186 5460 1499 5533 diligentia:
1530 5462 1587 5515 et
1617 5460 1829 5532 proba-

258 5553 373 5608 tioni
407 5554 629 5609 lectoris
656 5554 830 5609 malui
862 5553 1209 5624 relinquere.

834 5642 1053 5697 CAPUT
1092 5628 1225 5696 Xlll'.

434 5732 516 5786 De
546 5731 842 5788 Geometria.
869 5733 1217 5801 trigoniorum
1230 5728 1634 5801 praedictorum.

322 5802 424 5858 Sed
446 5820 810 5879 nequaquam
835 5800 1060 5859 silentio
1086 5804 1228 5876 puto
1244 5801 1661 5858 transeundum
1679 5800 1834 5875 quod

2010 4647 2280 4703 Cathetus
2294 4644 2500 4716 prioris
2512 4645 2842 4717 orthogonii
2865 4645 3171 4719 peebasim
3192 4645 3541 4718 multiplice-

1938 4742 2031 4792 tur
2064 4734 2376 4807 scquentis,
2409 4732 2543 4802 sive,
2577 4734 2735 4807 quod
2776 4734 2933 4790 idem
2983 4733 3113 4803 erit,
3137 4734 3290 4790 basis
3331 4733 3540 4807 prioris

1938 4846 2041 4900 per
2071 4828 2364 4882 cathetum
2395 4824 2636 4879 ducatur
2673 4823 2982 4896 sequentis,
3018 4827 3076 4879 et
3106 4823 3228 4879 nati
3257 4823 3392 4880 inde
3432 4841 3538 4880 nu-
3592 4838 3593 4841 ‘

1936 4917 2081 4973 meri
2096 4915 2376 4971 medietas
2387 4916 2733 4980 sumatur,et
2747 4930 2850 4984 pro
2863 4913 3175 4968 medietate
3187 4912 3541 4984 geometrica

1940 5007 2090 5061 inter
2110 5006 2259 5075 ipsos
2290 5002 2668 5074 orthogonios
2691 5002 2992 5065 habeatur,
3015 5002 3247 5057 utinter
3279 5008 3311 5059 6
3345 5006 3405 5058 et
3448 5004 3534 5058 24.

1938 5098 2208 5151 Cathetus
2232 5092 2563 5166 prioris,qui
2586 5095 2671 5146 est
2688 5095 2741 5155 3,
2764 5107 2867 5163 per
2884 5090 3067 5146 basim
3095 5091 3539 5164 sequentis,quse

1938 5189 1969 5240 8
1996 5184 2191 5250 habet,
2221 5184 2482 5248 ducatur,
2524 5183 2582 5235 et
2614 5181 2683 5235 24
2709 5183 2998 5235 creantur.
3034 5179 3206 5251 Cujus
3234 5180 3534 5248 medietas,

1936 5291 2063 5345 quas
2086 5275 2172 5327 est
2194 5275 2279 5338 12,
2308 5272 2433 5326 loco
2470 5267 2841 5341 geometrica:
2877 5267 3206 5323 medietatis
3234 5267 3387 5324 inter
3416 5274 3448 5325 6
3478 5271 3537 5323 et

1933 5364 2000 5416 24
2030 5362 2327 5416 statuatur.
2358 5358 2451 5414 Vel
2485 5356 2649 5413 aliter

2008 5470 2133 5539 Ipsa
2149 5465 2639 5539 Orthogoniorum
2658 5463 2908 5519 embada
2925 5463 3077 5518 inter
3086 5480 3145 5518 se
3158 5460 3537 5532 multiplicen-

1937 5559 2050 5623 tur,
2074 5555 2307 5627 natique
2330 5555 2465 5610 inde
2485 5551 2712 5609 numeri
2731 5552 2880 5607 latus
2894 5552 3251 5622 tetragonale
3273 5564 3378 5619 pro
3392 5560 3535 5616 geo-

1938 5645 2179 5700 metrica
2200 5644 2353 5698 inter
2372 5660 2470 5698 eos
2495 5643 2807 5697 collocetur
2822 5639 3155 5702 medietate,
3183 5638 3246 5689 ut
3272 5635 3331 5689 in
3362 5647 3535 5703 supra

1936 5743 2118 5810 dictis,
2138 5742 2315 5816 qui'28
2407 5743 2541 5797 et57
2573 5722 2652 5817 ἅ
2682 5740 2739 5795 in
2774 5737 3033 5794 embadis
3065 5732 3179 5788 suis
3208 5728 3524 5786 continent.

323 5835 424 5858 πα
446 5835 810 5879 ιιςιίιιαιίιιαιυ
835 5835 1060 5859 ωιῠυιιυ
1086 5835 1228 5876 γαιυ
1247 5835 1661 5858 uuuacuuuum
1679 5835 1825 5875 '{uuu

270 5888 498 5964 interim,
524 5891 655 5952 dum
686 5894 813 5952 hac
845 5890 1248 5966 scriptitarem,
1292 5890 1415 5964 ipsa
1451 5889 1595 5948 mihi
1629 5892 1825 5948 natura

1940 5867 2189 5929 embada
2210 5868 2361 5925 inter
2379 5884 2437 5924 se
2459 5866 2698 5923 ductain
2727 5864 2860 5919 l606
2877 5835 2984 5947 3-5
2999 5876 3031 5930 φ
3043 5858 3306 5929 surgunt.
3321 5857 3468 5914 Horu
