4018 6170
287 548 371 605 “7
1620 526 1713 584 DE
1750 524 1874 583 (ἶΕο

1977 522 2165 581 .TRIA.
3458 513 3564 572 118

280 666 551 727 secundum
597 663 899 738 quosdam,
967 658 1125 733 quod
1184 654 1366 713 verius
1414 657 1519 722 est,
1596 651 1844 725 digitum

1974 666 2162 723 lietate
2234 662 2499 739 quadrati
2566 660 2967 718 mediclinium
3028 658 3269 728 steterit,
3347 660 3449 717 sed
3499 660 3561 719 in

276 773 427 817 unum
452 760 506 811 et
534 752 764 809 tertiam
793 749 980 822 digiti.
1939 754 2155 829 primo,
2189 758 2289 811 aut
2318 754 2374 809 in
2399 753 2672 819 secundo,
2700 755 2799 807 aut
2819 751 2878 805 in
2911 750 3105 817 tertio,
3159 753 3255 805 aut
3274 749 3333 805 in
3366 750 3560 825 aliquo

329 863 531 920 Palmm
556 859 728 915 habet
758 855 971 928 digitos
999 857 1265 927 quatuor,
1296 850 1491 907 uncias
1521 852 1657 903 tres.
1942 845 2210 919 quadrati
2235 843 2441 916 gradu,
2491 846 2556 897 12
2586 841 2858 913 gradibus
2888 838 3128 928 collatis,
3163 839 3349 907 qualis
3386 840 3562 896 fuerit

329 951 474 1008 Sexta
498 947 701 1021 digitos
743 927 1070 1011 duodecim,
1097 941 1295 997 uncias
1342 953 1573 1005 novem,
1619 936 1841 1009 palmes
1939 934 2168 991 collatio
2197 934 2349 989 inter
2378 932 2503 1021 illos
2535 930 2756 1021 aliquos
2780 927 3047 1002 quadrati
3091 928 3305 1001 gradus
3352 931 3410 984 et
3468 934 3557 997 12,

277 1047 390 1098 1m,
558 1016 583 1021 ⁷
1938 1023 2070 1078 talis
2099 1021 2203 1077 erit
2236 1021 2391 1076 inter
2418 1017 2719 1091 planitiem
2742 1021 2800 1072 et
2828 1016 3194 1074 altitudinem
3215 1032 3559 1073 mensuran-

329 1148 422 1205 Pes
458 1145 663 1219 digitos
715 1148 800 1210 16,
835 1139 1031 1196 uncias
1088 1143 1174 1205 12,
1232 1136 1459 1210 palmes
1515 1138 1574 1201 4,
1616 1135 1837 1189 sextam

1397 1151 1459 1191 οε
1515 1138 1574 1201 4.,
1616 1135 1837 1189 sextam
1940 1112 2102 1180 dam,
2136 1112 2356 1165 statura
2384 1106 2671 1163 mensoris
2692 1106 2980 1178 adjuncta.

2545 1196 2583 1219 1‘
2600 1197 2619 1219 Δ
2638 1196 2768 1219 num
2799 1196 2930 1219 “Ill

275 1196 421 1292 unam
449 1196 931 1301 atertiamejus.
1160 1196 1172 1205 ’
1232 1196 1253 1210 ⁸
1562 1196 1572 1201 ’
1964 1293 1976 1301 _
2014 1291 2027 1301 .
2268 1288 2305 1301 Η
2498 1196 2951 1301 .CAPU'I‘EKVII.

327 1340 626 1397 Imm-culus
651 1286 863 1412 pedem
892 1348 1073 1389 unum
1098 1331 1160 1386 in
1188 1328 1517 1398 latitudine,
1559 1327 1739 1385 utcias
1766 1333 1834 1387 23

1967 1291 2027 1349 Id
2081 1288 2421 1345 altitudinem
2485 1286 2896 1343 inaccessibilem
2932 1304 3054 1342 cum
3108 1287 3390 1360 horoscopo
3442 1302 3554 1343 me-

2625 1374 2882 1431 tiendum.

2770 1394 2882 1430 um.

271 1433 317 1487 in
330 1428 754 1548 longitudine,.
1274 1531 1307 1548 ἢ
1374 1527 1593 1548 υἱω-
1625 1530 1653 1548 0
1731 1541 1805 1548 Μ
2008 1468 2096 1522 Ad
2118 1465 2482 1522 altitudinem
2514 1428 2971 1519 intestabilem
3002 1463 3075 1519 ob
3103 1462 3259 1518 ﬂuvii
3285 1464 3373 1519 vel
3396 1464 3556 1520 vallis

323 1537 531 1593 Cubitus
566 1531 993 1606 sesquipedem,
1042 1531 1227 1585 sextae
1274 1531 1330 1595 2,
1374 1527 1598 1599 palmes
1624 1530 1677 1592 6,
1731 1541 1835 1579 un-

1968 1554 2381 1630 mpeditionem
2414 1553 2487 1608 sit
2512 1552 2755 1608 altitudo
2782 1551 3076 1625 quaelibet,
3108 1555 3173 1608 ut
3200 1555 3286 1608 est
3314 1570 3347 1606 a
3380 1553 3429 1621 b,
3454 1551 3555 1608 sit-

268 1626 361 1681 cias
388 1629 463 1691 18,
492 1622 707 1695 digitos
734 1625 825 1678 24.

1970 1622 2054 1718 [ne
2085 1644 2241 1700 ﬂuvii
2260 1644 2348 1698 vel
2377 1642 2537 1697 vallis
2568 1622 2894 1713 impeditio,
2927 1644 2989 1697 ut
3013 1644 3099 1697 est
3130 1642 3159 1695 ὁ
3183 1659 3231 1697 c.
3261 1641 3437 1698 Sume
3456 1642 3557 1699 ho-

321 1731 510 1786 Gradus
554 1729 735 1784 habet
785 1726 961 1801 pedes
1016 1730 1099 1795 2;
1139 1739 1329 1795 passus
1374 1726 1454 1791 5;
1501 1722 1708 1793 pertica
1751 1723 1783 1775 9
1818 1737 1832 1789 ;

1971 1749 2244 1805 oscopum
2276 1735 2431 1786 stans
2457 1731 2516 1785 in
2543 1730 2671 1803 ripa
2690 1747 2737 1797 c,
2754 1733 2810 1784 et
2838 1746 2943 1803 per
2966 1733 3276 1804 utrumque
3289 1731 3554 1789 foramen

266 1820 397 1876 cliuo
422 1824 504 1875 60.
1936 1820 2255 1879 mediclinii
2288 1819 2682 1875 summitatem
2711 1837 2744 1873 a
2766 1818 3075 1891 diligenter
3098 1819 3332 1891 inspice.
3363 1819 3558 1876 Consi-

316 1927 465 1981 Aclus
492 1924 549 1980 in
580 1922 888 1979 latitudine
924 1924 1043 1983 110,
1071 1919 1130 1974 in
1162 1916 1526 1989 longitudine
1558 1919 1678 1971 120.
1865 1973 1915 1989 ἢ
1941 1914 2080 1968 dera
2108 1925 2417 1965 numerum
2445 1908 2731 1978 graduum
2762 1906 2820 1960 in
2848 1923 3122 1962 mensura
3146 1908 3431 1980 quadrati,
3455 1909 3555 1981 qui

315 2014 571 2084 Iugerum,
607 1973 1078 2085 quod—titiu—nctis
1101 1973 1331 2063 duobus
1352 2005 1593 2075 actibus,
1624 2004 1682 2060 in
1710 2006 1837 2060 Ion-
1863 1973 1916 2033 Β
1934 2000 2092 2055 verbi
2118 2014 2288 2053 causa
2310 1973 2544 2085 notatur
2566 1994 2938 2085 quaternario
2968 1973 3237 2067 numero,
3258 2012 3361 2066 per
3376 1973 3554 2068 quem

266 2080 487 2174 gitudine
506 2080 648 2165 24οξ
663 2100 721 2155 in
752 2097 1057 2155 latitudine
1091 2101 1215 2152 220.
1934 2104 2164 2144 summa
2202 2084 2373 2140 totius
2398 2081 2665 2155 quadrati
2706 2082 2920 2137 scilicet
2970 2086 3070 2138 144
3133 2082 3440 2151 dividatur,
3468 2080 3556 2139 ‘et

321 2190 552 2248 centuria
580 2192 711 2244 200.
1935 2179 2141 2249 quarta
2170 2190 2302 2245 pars
2334 2170 2861 2243 reperta,vide1icet
2879 2174 2945 2227 36
2974 2172 3388 2228 conscribatur.
3417 2174 3555 2229 Post

316 2277 549 2334 Stadium
578 2276 759 2350 pedes
779 2279 903 2340 625,
936 2290 1133 2346 passus
1164 2277 1285 2329 125.
1931 2264 2055 2319 haec
2087 2264 2215 2350 dec
2246 2260 2317 2316 ad
2349 2260 2565 2350 d_certa
2584 2258 2752 2330 spatii
2774 2258 3063 2330 quantitas
3094 2260 3389 2328 metiatur,
3422 2278 3550 2334 quas

315 2348 619 2424 Miami,
650 2381 848 2437 passus
881 2367 1037 2430 ίοοο,
1065 2361 1249 2417 διδάξει
1269 2365 1323 2417 8,
1935 2349 2182 2424 exempli
2208 2353 2276 2405 40
2299 2348 2511 2437 pedum
2534 2349 2925 2437 praeponatur.
2950 2349 3168 2402 lterum
3188 2365 3350 2403 sume
3377 2350 3550 2406 horo-

1933 2456 2171 2511 scopum
2204 2442 2362 2493 stans
2392 2436 2449 2491 in
2484 2436 2599 2490 fine
2626 2435 2683 2504 d,
2707 2439 2767 2491 et
2795 2452 2899 2507 per
2924 2438 3235 2509 utrumque
3260 2438 3549 2507 foramen,

588 2599 621 2610 ._
686 2594 725 2610 ..
839 2486 1306 2610 WTE‘Yf-,,_
1506 2609 1509 2610 θ
1934 2486 2683 2601 g1“;ri;;;'.'.;;;sa.;;,;;;
2714 2486 3551 2596 τίηξέξοεῖιξέῑςξιςάέξῐεῖιῖῑιί

384 2597 471 2651 Ad
495 2594 844 2651 altitudinem
876 2607 996 2647 cum
1026 2591 1309 2646 astrolabio
1329 2590 1669 2646 metiendum.
1938 2590 2248 2671 minem“,
2280 2613 2567 2685 graduum
2618 2611 2677 2665 in
2709 2590 3014 2683 (μηδι-δίο,
3051 2590 3149 2685 qu}
3179 2613 3441 2686 signatur
3489 2614 3551 2671 in

314 2703 365 2757 Si
389 2703 552 2758 fuerit
572 2700 822 2758 altitudo
851 2699 911 2755 in
939 2698 1286 2771 aequalitate,
1309 2698 1407 2753 tali
1436 2699 1648 2769 poterit
1676 2714 1837 2753 men-
1934 2704 2193 2761 ternario
2227 2717 2491 2769 numero,
2533 2716 2637 2774 per
2669 2717 2843 2773 quem
2878 2702 3068 2756 denuo
3100 2719 3330 2759 summa
3374 2705 3550 2762 totius

259 2792 409 2846 surari
434 2790 813 2863 inspectione.
847 2788 1123 2844 Sumatur
1151 2787 1224 2842 ab
1256 2786 1549 2842 altimetra
1596 2789 1833 2843 astrola-
1939 2792 2204 2867 quadrati
2232 2790 2540 2855 dividatur,
2560 2793 2763 2859 etpars
2787 2790 2980 2853 tertia,
3012 2808 3139 2863 qua:
3166 2795 3251 2847 est
3277 2797 3366 2862 48,
3385 2794 3550 2866 juxta

257 2879 411 2948 binm,
428 2884 483 2936 et
502 2882 559 2935 in
576 2878 894 2935 medietate
908 2875 1174 2948 quadrati
1192 2874 1252 2929 in
1278 2876 1495 2946 postica
1518 2876 1640 2947 ejus
1655 2876 1838 2947 plani—
1936 2887 2227 2957 quartam,
2251 2897 2377 2952 quae
2398 2880 2482 2933 est
2506 2882 2593 2945 36,
2623 2878 3041 2947 conscribatur,
3070 2882 3333 2938 etminor
3354 2901 3553 2941 nume‘

259 2967 323 3024 tie
343 2969 543 3024 exarati
568 2965 960 3024 constituatur
982 2963 1469 3031 mediclinium,ut
1488 2964 1594 3019 hac
1623 2964 1836 3020 scilicet
1935 2990 2031 3027 rus
2058 2972 2128 3025 de
2158 2970 2402 3039 majore,
2434 2967 2491 3021 id
2513 2969 2596 3021 est
2623 2971 2689 3022 36
2720 2967 2790 3021 de
2812 2970 2881 3022 48
2911 2969 3164 3037 tollatur,
3195 2974 3253 3026 et
3281 2973 3438 3044 quod
3456 2990 3549 3030 re-

253 3057 502 3127 positione
528 3052 1060 3112 stetmediclinium
1087 3051 1322 3107 alterius
1339 3052 1518 3123 partis
1537 3054 1830 3109 astrolabii
1935 3060 2154 3127 manet,
2188 3057 2246 3112 id
2268 3058 2353 3111 est
2404 3059 2488 3123 12,
2539 3070 2672 3108 cum
2704 3054 2883 3109 latere
2926 3056 3218 3127 quadrati,
3258 3060 3415 3132 quod
3464 3066 3550 3117 est

252 3144 299 3199 in
320 3162 544 3202 numero
562 3144 858 3218 graduum
874 3142 1100 3198 dierum
1118 3144 1282 3207 45,et
1298 3141 1501 3196 tandiu
1520 3142 1594 3197 ab
1616 3159 1683 3197 eo
1697 3147 1831 3198 ante
1938 3155 2023 3213 12,
2064 3147 2454 3217 comparetur,
2487 3148 2543 3197 et
2594 3159 2870 3198 numerus
2928 3161 3241 3202 remanens
3287 3150 3345 3202 et
3398 3149 3548 3205 latus

250 3238 294 3325 et
315 3238 453 3325 retro
476 3232 827 3325 aestimando
853 3233 1148 3325 pergatnr,
1178 3229 1364 3325 donec
1386 3246 1490 3302 per
1519 3234 1831 3325 utrumque
1854 3264 1902 3325 Ο
1933 3226 2201 3315 quadrati
2256 3230 2491 3305 aequalis
2523 3231 2950 3303 pronuntietur.
2993 3236 3052 3288 et
3081 3233 3226 3291 sicut
3276 3235 3547 3292 ultimum

248 3319 390 3393 ipsius
401 3320 717 3379 mediclinii
729 3320 995 3377 foramen
1013 3318 1332 3375 altitudinis
1343 3319 1645 3376 summitas
1660 3320 1832 3393 inspi-

2003 3340 2239 3381 manens
2274 3326 2358 3390 12,
2410 3319 2678 3393 quadrati
2707 3320 2873 3375 lateri
2916 3326 2979 3379 12
3014 3324 3236 3395 aequale
3275 3324 3543 3396 habetur,
3582 3330 3590 3337 '

249 3409 416 3467 cietur.
446 3411 568 3477 Qua
581 3410 868 3483 inspecta,
889 3409 1016 3463 loco
1038 3407 1099 3463 in
1120 3423 1235 3479 quo
1261 3407 1419 3463 stetit
1435 3425 1670 3464 mensor
1690 3413 1831 3466 nota
1928 3416 2007 3471 sic
2031 3412 2279 3486 spatium
2306 3408 2342 3464 d
2366 3426 2393 3463 ε
2424 3407 2606 3481 spatio
2642 3425 2675 3466 α
2708 3408 2736 3463 b
2781 3411 3002 3482 aequale
3072 3412 3416 3480 afﬁrmatur,
3485 3417 3545 3472 et

248 3497 600 3569 imprimatur,
631 3502 691 3554 et
737 3496 873 3554 huic
903 3494 1273 3568 impressioni
1299 3498 1521 3552 statura
1543 3498 1829 3565 mensoris
1927 3505 2105 3576 quota
2147 3515 2280 3571 pars
2319 3496 2627 3566 ternarius,
2670 3498 2768 3570 qui
2828 3503 2915 3554 est
2962 3500 3199 3556 ultimus
3253 3519 3532 3560 numerus

244 3584 576 3660 adjungatur.
606 3589 745 3643 Post
761 3586 887 3641 haec
907 3584 1065 3640 locus
1092 3584 1214 3654 ipse
1237 3584 1548 3657 diligenter
1569 3589 1824 3652 notetur,
1926 3584 2214 3666 graduum
2244 3587 2303 3643 in
2326 3590 2413 3653 12,
2428 3585 2745 3658 judicatur,
2772 3587 2980 3644 eadem
3012 3605 3145 3664 pars
3165 3608 3199 3646 a
3235 3591 3265 3646 ὁ
3282 3592 3532 3665 spatium

244 3677 289 3728 et
310 3674 376 3730 ab
394 3692 458 3732 eo
483 3692 673 3751 usque
692 3675 768 3731 ad
793 3672 1051 3730 radicem
1070 3672 1392 3729 altitudinis
1418 3676 1542 3731 tota
1560 3675 1826 3748 planities
1925 3684 1984 3739 in
2015 3681 2053 3737 (ἰ
2082 3680 2121 3751 by
2143 3674 2392 3751 spatium
2413 3673 2486 3751 _in
2512 3673 2549 3751 ᾀ
2581 3674 2621 3751 ὁΔ
2647 3676 2831 3751 spatio
2882 3676 3005 3751 sine
3060 3678 3235 3735 dubio
3288 3680 3531 3737 dicatur.

240 3765 375 3819 caute
392 3745 798 3834 muniretur;
822 3764 1032 3834 etquot
1049 3761 1408 3834 pedumipsa
1422 3745 1689 3837 planities
1705 3764 1825 3820 fug.
1925 3756 2022 3810 Est
2049 3745 2223 3822 igitur
2244 3750 2314 3802 40
2343 3763 2376 3800 a
2408 3746 2457 3837 _b,
2487 3745 2631 3801 sicut
2656 3745 2742 3802 (ξεῖ
2770 3751 2840 3803 40
2869 3766 2896 3802 c
2924 3748 2980 3818 ά,
3014 3752 3072 3805 et
3095 3753 3180 3806 est
3213 3754 3313 3809 160
3346 3754 3534 3808 totum

238 3848 314 3920 rit,
331 3855 407 3910 tot
428 3853 548 3911 sine
570 3853 755 3912 dubio
783 3833 1027 3909 altitudo
1048 3849 1181 3905 erit.
1228 3849 1289 3906 Si
1305 3833 1450 3908 vero
1482 3868 1601 3909 non
1624 3852 1683 3909 in
1708 3869 1827 3910 me-
1924 3843 1955 3902 b
1984 3842 2040 3911 ει,
2073 3841 2132 3896 οι
2154 3838 2241 3892 est
2271 3836 2372 3891 420
2406 3833 2434 3889 b
2460 3850 2508 3890 ε.

836 3987 885 4041 Α

1620 4401 1695 4473 .
2668 4455 2716 4509 Ι)

1168 4516 1280 4555 ιςιο

829 4172 869 4206 ο

814 4211 869 4248 τ

830 4250 868 4287 σε

817 4289 868 4332 ε

814 4320 868 4357 ι,

817 4366 872 4414 ’ἓ

1061 4590 1109 4647 Β
1146 4588 1315 4645 vallis
1352 4590 1450 4646 vel
1480 4588 1701 4645 ﬂumen
1813 4588 1855 4644 C
2035 4591 2105 4643 40
2135 4586 2351 4658 pedum

1842 4738 1896 4797 D
1919 4750 2068 4806 drati
2088 4752 2273 4828 latere
2303 4748 2481 4805 sexies
2512 4746 2799 4805 contineri
2820 4763 2938 4801 non
2972 4744 3331 4811 dubitantur,
3353 4745 3411 4799 et
3439 4742 3526 4799 in-

1919 4840 2223 4893 tervallum
2257 4839 2571 4893 stationum
2602 4835 2885 4892 mensoris
2918 4839 2983 4891 12
3010 4834 3224 4907 pedum
3247 4832 3530 4887 notabiles

1920 4929 2217 4987 habeatur.
2268 4928 2359 4983 His
2389 4927 2635 5000 peractis
2654 4926 2845 4980 minus
2863 4924 3163 4980 continens
3186 4920 3447 4991 ternarii,
3470 4922 3527 4977 id

303 5013 785 5088 Siquideminens
814 5016 1202 5072 inaccessibile
1227 5016 1819 5072 fuerittestimandum
1921 5023 2006 5072 est
2032 5018 2432 5089 quaternarius
2483 5017 2553 5071 de
2588 5016 2793 5085 majori
2842 5013 3181 5081 continenti,
3214 5012 3272 5067 id
3312 5015 3397 5067 est
3438 5028 3527 5066 se-

248 5104 825 5177 camhoroscopo,stet
846 5105 1255 5161 altimensorin
1273 5103 1549 5160 metiendi
1565 5104 1822 5160 emincn-
1924 5108 2086 5161 nario
2119 5109 2293 5161 semel
2334 5107 2589 5173 tollatur,
2640 5106 2701 5157 et
2731 5103 3005 5171 hinarius,
3038 5102 3135 5175 qui
3162 5104 3445 5168 remanet,
3470 5101 3528 5155 in

251 5188 585 5261 lisartiiinio,
615 5194 996 5266 suspiciatque
1040 5209 1144 5264 per
1169 5197 1481 5265 utrumque
1508 5192 1821 5248 mediclinii
1924 5201 2119 5250 mente
2149 5196 2451 5261 habeatur,
2494 5197 2552 5247 et
2583 5194 2771 5265 ipsum
2818 5191 3180 5246 intervallum
3212 5190 3526 5244 stationum

252 5277 1069 5355 foramen,quosqueintneatur
1085 5282 1403 5336 altitudinis
1418 5282 1821 5337 mensurandae
1922 5283 2205 5338 mensoris
2234 5282 2471 5353 duplum
2504 5280 2907 5337 inaccessibilis
2940 5279 3039 5335 alti
3072 5278 3312 5334 dicatur.
3350 5277 3417 5331 Et
3448 5280 3529 5343 ut,

251 5380 510 5425 cacumen.
536 5369 657 5435 Quo
678 5372 955 5444 inspecto,
983 5371 1193 5443 gradus
1221 5370 1488 5443 quadrati
1509 5386 1821 5426 numeren-
1923 5373 2077 5444 quod
2100 5371 2360 5438 dicimus,
2388 5371 2446 5425 in
2480 5371 2748 5427 omnibus
2791 5374 2994 5425 notum
3042 5368 3350 5435 habeatur,
3405 5366 3533 5421 uni-

251 5456 442 5550 ξεινίιή
462 5460 709 5550 exempli
732 5458 1261 5550 manifestatione3
1275 5462 1708 5550 computentur,
1727 5459 1827 5532 qui
1924 5458 2156 5515 vei-salis
2186 5460 2387 5532 regula
2416 5460 2475 5514 in
2511 5460 2667 5514 nullo
2701 5458 2971 5513 vacillans
3001 5459 3271 5532 ponatur.
3305 5455 3535 5511 Subtra-

253 5543 299 5596 in
323 5547 1060 5620 quuadratilaterequater
1079 5548 1430 5602 continetur.
1457 5548 1571 5603 Hoc
1594 5552 1826 5620 peracto
1928 5548 2118 5603 ctione
2171 5547 2597 5603 continentium
2653 5563 3032 5603 numerorum
3081 5545 3251 5611 facta,
3309 5543 3353 5597 si
3391 5557 3536 5598 unus

255 5631 420 5688 tandiu
440 5638 578 5690 ante
607 5638 664 5691 et
682 5640 838 5691 retro
866 5640 1162 5708 pergatur.
1188 5636 1373 5690 donec
1384 5636 1507 5707 jam
1530 5637 1714 5692 visum
1736 5654 1828 5693 ca-
1930 5638 2295 5705 remanserit,
2326 5638 2693 5693 intervallum
2727 5638 2896 5693 statio
2925 5653 3062 5691 num
3098 5632 3381 5690 mensoris
3417 5630 3535 5686 alto

257 5733 431 5814 cuman
451 5724 766 5779 altitudinis
790 5725 1113 5814 metienda:
1137 5725 1351 5814 iterum
1394 5724 1674 5781 videatur.
1708 5725 1832 5790 Quo
1933 5727 2153 5798 aequale
2190 5727 2300 5783 erit
2326 5746 2339 5795 ;
2364 5728 2407 5782 si
2457 5728 2595 5796 duo,
2658 5726 2925 5799 duplum;
2961 5744 2984 5781 ς
3017 5724 3143 5791 tria,
3176 5721 3432 5793 triplum,
3481 5722 3539 5777 et

262 5812 355 5863 uso
374 5827 641 5868 numerus
664 5813 951 5886 graduum
967 5812 1233 5887 quadrati
1258 5813 1447 5870 denuo
1481 5813 1835 5887 inspiciatur,
1936 5814 2013 5869 sic
2042 5816 2101 5871 in
2124 5817 2496 5889 sequentibus
2530 5832 2542 5871 :

267 5895 311 5951 et
335 5899 485 5959 verbi
519 5900 754 5977 grach
795 5901 1146 5977 habeantur,
1171 5902 1271 5978 qui
1298 5902 1360 5962 in
1394 5907 1480 5985 12,
1499 5900 1561 5962 id
1590 5906 1678 5964 est
1696 5918 1837 5979 qua-
2045 5902 2177 5961 Tali
2193 5906 2414 5979 pictura
2441 5905 2506 5976 ﬁt
2532 5903 2819 5961 declaratio
2839 5917 2999 5976 pura.

795 4790 1017 4845 CAPUT
1047 4790 1227 4847 XVIII.

802 4894 935 4949 Item
968 4894 1032 4948 de
1055 4894 1236 4951 eodem
