3986 6170
386 512 486 566 H9

1003 501 1355 560 SILVESTBI
1393 500 1444 557 II
1485 500 1684 556 ΡΑΡᾸΞ
1724 499 1878 556 OPP.
1922 498 2023 554 ΡΑ]

2139 499 2180 553 I.
2231 526 2303 540 --
2339 496 2430 552 DE
2465 492 2755 550 DlSClPL.
2793 492 3092 550 MATHEM.

3603 493 3694 545 120

2017 625 2072 685 Α
2095 621 2168 688 ri,
2203 618 2386 690 dirige
2411 617 2686 672 intuitum
2715 630 2819 687 per
2866 618 3176 687 utrumque
3213 613 3478 672 foramen
3517 611 3695 671 medi-

435 977 472 1008 0

419 1015 473 1050 'U

437 1054 473 1087 5

422 1093 473 1114 οδ

421 1121 474 1182 Ξ

436 1187 474 1218 ευ

1927 1216 1964 1350 ἓ

853 861 857 864 .
1066 816 1210 883 VlsL-s
1237 847 1272 900 2
1377 892 1476 947 GRA

703 911 1064 1070 δθθάῗθθεν
1481 915 1583 970 bus

924 1039 1007 1108 [ἀς
1257 1029 1310 1118 Ξ
1691 1089 1695 1094 .

1262 1125 1306 1166 Β

1264 1175 1310 1266 ἒ
1375 1246 1648 1298 ΒΠΡῙᾸῙΜ

1501 1368 1565 1420 12

1007 1439 1230 1495 CAPUT
1260 1439 1387 1496 XIX.

568 1529 660 1586 Ad
687 1528 1021 1584 altitudinem
1042 1546 1161 1583 cum
1183 1529 1464 1598 horoscopo
1485 1521 1824 1579 metiendam.

465 1617 520 1672 Si
550 1618 628 1674 vis
658 1635 790 1673 cum
819 1618 1140 1690 horoscopo
1172 1615 1494 1690 quamlibet
1509 1609 1810 1686 planitiem
1837 1603 2001 1660 meti-

1075 1747 1121 1799 Α

1811 1810 1953 1915 ligas

1085 1839 1100 2534 ‘
1173 1834 1290 2643 :
1811 1824 1953 1915 Visus

1389 2555 1724 2600 ΡιΑκιτιιο
1786 2547 2158 2599 τυΑυιυΡιιΑ
2233 2545 2495 2596 MIHI“
3141 2587 3178 2632 L

2033 2680 2082 2738 Β
2686 2708 2728 2760 υ

1081 2806 1252 2862 APUT
1278 2805 1380 2860 xx.
2654 2813 2727 2884 (3,]
2970 2857 2975 2862 ι
3201 2770 3206 2776 ’

1108 2993 1227 3030 cum
1251 2977 1530 3044 horosc0po
1537 2978 1758 3044 puteum
1769 3009 1780 3021 .

1081 3182 1099 3219 ι’
1132 3164 1440 3236 diligenter
1472 3177 1505 3216 a
1545 3162 1846 3232 geometra
1875 3173 2016 3230 qua-
2659 3174 2709 3205 oo
2738 3225 2749 3242 ὁ

1004 1899 1059 1964 ,ἑ

1018 1967 1058 2032 ες

1019 2037 1056 2101 a

1017 2109 1056 2200 ἓ

1019 2268 1056 2332 ε

1006 2337 1057 2396 ,Ξ

1004 2400 1059 2498 Ξ

1027 2806 1252 2862 CAPUT
1278 2805 1380 2860 XX.

636 2981 729 3037 Ad
759 2978 1078 3034 metiendum
1108 2993 1227 3030 cum
1251 2977 1530 3044 horosc0po
1537 2978 1780 3044 puteum.

472 3170 668 3226 Primo
702 3167 1099 3241 perpendetur
1132 3164 1440 3236 diligenter
1472 3177 1505 3216 a
1545 3162 1846 3232 geometra
1875 3173 2016 3230 qua—

399 3263 572 3314 tenus
589 3255 884 3312 circulatio
905 3255 1061 3326 putei
1088 3251 1502 3326 perpendiculo
1527 3263 1811 3321 perpensa
1831 3261 2020 3317 xequa-

400 3347 470 3402 lis
496 3346 799 3400 habeatur.
849 3343 1072 3398 Deinde
1103 3341 1263 3411 cujus
1321 3335 1743 3412 quantitudinis
1787 3333 1859 3388 sit
1899 3333 2022 3404 ejus

405 3430 759 3489 diametrum
818 3431 1161 3503 inquiratur.
1218 3431 1453 3483 lnvento
1511 3426 1817 3490 diametro,
1866 3426 2022 3477 stans

405 3537 642 3576 mensor
665 3537 840 3593 super
876 3519 1030 3591 putei
1064 3519 1291 3573 labrum
1328 3514 1603 3588 despiciat
1629 3529 1734 3585 per
1761 3511 2019 3567 medicli-

409 3610 570 3664 nium
620 3608 913 3664 astrolabii
957 3608 1150 3663 lateris
1200 3605 1446 3677 oppositi
1505 3604 1845 3658 terminum.
1897 3599 2020 3664 Quo

407 3696 548 3765 viso,
612 3715 886 3753 numerus
934 3697 1245 3769 graduum,
1318 3694 1377 3748 in
1455 3708 1569 3764 quo
1624 3686 2021 3744 mediclinium

409 3785 634 3841 steterit
663 3785 722 3840 in
747 3766 1053 3857 quadrato,
1087 3801 1219 3840 cum
1257 3787 1320 3838 t2
1363 3780 1753 3852 comparetur.
1808 3777 1876 3831 Et
1905 3792 2021 3847 quo
2043 3766 2089 3825 C

413 3875 589 3930 modo
625 3891 683 3929 se
705 3874 975 3929 habuerit
1007 3889 1282 3928 numerus
1309 3869 1594 3942 graduum
1635 3866 1693 3920 in
1739 3865 2021 3937 quadrato

413 3965 486 4019 ad
536 3968 620 4031 t2,
678 3964 757 4020 sic
803 3981 862 4019 se
909 3963 1145 4019 habebit
1200 3961 1549 4017 diametrum
1600 3961 1672 4016 ad
1716 3954 2019 4028 profundi-

413 4055 594 4108 tatem
621 4053 775 4126 putei
808 4056 866 4108 et
895 4053 970 4107 ad
993 4055 1273 4107 staturam
1300 4051 1603 4107 mensoris.

488 4247 613 4302 Sint
636 4251 830 4302 autem
865 4247 1098 4318 gradus,
1131 4247 1379 4318 exempli
1411 4262 1599 4312 causa,
1628 4250 1662 4300 4
1699 4248 1757 4299 et
1802 4243 2020 4298 diame-

418 4340 573 4390 trum
596 4339 628 4390 4
661 4335 898 4408 pedum.
929 4335 1086 4390 Sicut
1110 4351 1249 4407 ergo
1269 4339 1302 4390 4
1322 4352 1336 4403 ;
1356 4338 1442 4390 est
1462 4339 1548 4390 ter
1580 4334 1638 4388 in
1668 4338 1761 4400 {2;
1795 4332 1873 4385 sic
1905 4331 2023 4385 dia-

421 4429 673 4479 metrum
696 4422 858 4478 estin
889 4424 1282 4495 profunditate
1322 4425 1478 4495 putei
1504 4427 1561 4478 et
1591 4424 1810 4477 statura
1858 4436 2021 4473 men-

420 4511 584 4568 soris.
637 4511 762 4574 Qua
790 4514 1008 4566 statura
1039 4510 1253 4572 ablata,
1298 4513 1452 4582 quod
1483 4508 1847 4576 remanserit,
1876 4507 2024 4562 habe

421 4599 880 4674 profunditatem
899 4597 1077 4670 putei.
1103 4597 1484 4669 Subjiciamus
1506 4615 1644 4669 ergo
1662 4597 1906 4668 figuram
1928 4613 2026 4668 pu-

421 4688 499 4745 tei
537 4686 706 4744 certis
726 4686 927 4742 litteris
949 4686 1310 4758 insignitam.
1345 4685 1429 4742 Sit
1459 4702 1598 4756 ergo
1631 4689 1662 4740 4
1685 4685 1898 4757 pedum
1924 4704 1955 4738 u
1976 4701 2024 4750 c,

422 4779 532 4833 hoc
562 4780 650 4832 est
675 4775 1068 4841 diametrum;
1102 4774 1172 4830 sit
1199 4773 1357 4846 putei
1397 4774 1638 4830 altitudo
1669 4792 1700 4827 a
1734 4774 1783 4840 ὂ,
1805 4773 1878 4828 sit
1908 4775 2029 4844 ejus

424 4867 776 4922 diametrum
803 4883 835 4918 α
857 4881 884 4918 c
907 4883 922 4932 ;
955 4865 1028 4919 sit
1056 4867 1276 4919 statura
1296 4867 1611 4934 geometrae
1631 4879 1658 4916 c
1686 4862 1722 4915 (ι
1741 4865 1774 4916 4
1790 4863 2026 4934 pedum.

2097 709 2273 775 clinii,
2331 708 2516 763 donec
2570 704 2919 759 terminetur
2976 704 3218 759 intuitus
3282 703 3341 758 in
3393 701 3700 760 metienda

2098 795 2434 872 quantitatis
2448 793 2649 849 limite.
2670 795 2803 848 Post
2818 791 3013 848 hascin
3035 794 3214 865 quoto
3237 791 3420 864 gradu
3441 789 3704 864 quadrati

2101 884 2496 942 mediclinium
2518 885 2648 950 stet,
2675 881 3030 953 inspiciatur,
3054 884 3112 936 et
3137 880 3258 952 ipse
3281 896 3554 936 numerus
3575 895 3706 951 gra-

2102 977 2280 1031 duum
2297 972 2556 1044 superior
2583 987 2718 1025 cum
2738 975 2801 1026 l2
2819 970 3174 1033 conferatur,
3195 972 3251 1022 et
3276 969 3458 1040 qualis
3474 984 3708 1042 compu-

2104 1064 2242 1120 tatio
2262 1061 2432 1116 fuerit
2453 1059 2738 1130 graduum
2763 1059 2833 1114 ad
2856 1063 2941 1125 1‘2,
2961 1058 3092 1112 talis
3106 1055 3462 1128 comparatio
3477 1059 3708 1112 staturae

2106 1148 2399 1209 metientis
2441 1148 2516 1203 ad
2561 1150 2744 1202 totam
2779 1145 3100 1218 planitiem.
3154 1145 3320 1200 Verbi
3367 1144 3591 1217 gratia:
3633 1143 3707 1198 sit

2105 1246 2324 1298 statura
2354 1237 2634 1293 mensoris
2661 1254 2692 1289 a
2725 1236 2774 1302 b,
2804 1234 3074 1306 planities
3103 1236 3131 1288 Ι)
3161 1253 3210 1300 c,
3249 1250 3524 1288 numerus
3574 1250 3707 1304 gra-

2106 1334 2286 1390 duum
2310 1334 2361 1394 3,
2399 1326 2494 1399 qui
2543 1325 2615 1379 ad
2656 1329 2716 1379 t2
2749 1326 3122 1396 comparatus
3163 1325 3368 1395 quarta
3409 1337 3540 1391 pars
3591 1321 3716 1392 ejus

2106 1420 2398 1476 dubietate
2425 1415 2648 1470 sublata
2670 1411 2976 1468 invenitur.
3009 1412 3188 1484 Igitur
3217 1429 3248 1464 a
3277 1411 3324 1475 ὁ,
3353 1427 3479 1480 qua:
3502 1415 3585 1464 est
3607 1413 3720 1463 sta-

2105 1513 2234 1565 tura
2254 1501 2699 1569 metientis,sicb
2719 1501 2833 1568 c,id
2845 1503 2931 1555 est
2952 1500 3213 1571 planitiei
3232 1501 3436 1570 quarta
3458 1513 3588 1570 pars
3620 1497 3710 1551 in-

2105 1589 2801 1660 venitur,sicutternarius
2823 1589 2880 1645 in
2898 1594 2961 1644 t2
2978 1605 3114 1660 pars
3134 1591 3340 1660 quarta
3360 1588 3714 1656 completur.

2745 3370 2967 3427 CAPUT
3007 3373 3134 3432 XXI.

2121 3454 2216 3508 Ad
2243 3456 2575 3511 altitudinem
2605 3460 2833 3521 arboris,
2863 3462 3144 3531 columna,
3176 3467 3260 3521 vel
3282 3468 3444 3520 turris
3470 3483 3570 3536 per
3606 3480 3734 3519 um-

2405 3547 2558 3601 bram
2583 3565 2706 3602 cum
2742 3551 3026 3606 astrotabio
3057 3554 3448 3610 inveniendam.

2193 3633 2253 3687 Si
2284 3634 2364 3690 vis
2389 3635 2625 3706 alicujus
2649 3638 2870 3692 arboris
2889 3643 2988 3694 aut
3011 3643 3296 3697 columnae
3313 3645 3398 3699 vel
3421 3641 3614 3707 turris,
3646 3637 3746 3697 vel

2123 3722 2460 3795 cujusquam
2510 3725 2712 3781 talium
2744 3727 2802 3781 in
2833 3730 3005 3799 plano
3055 3731 3334 3786 duntaxat
3371 3732 3496 3786 loco
3529 3731 3745 3786 stantis

2123 3812 2486 3868 altitudinem
2521 3830 2622 3884 per
2649 3817 2916 3872 umbram
2949 3818 3123 3891 ipsius
3145 3819 3426 3886 invenire,
3453 3836 3742 3891 suspenso

2123 3901 2456 3968 astrolabio,
2475 3903 2720 3976 solisque
2746 3905 2910 3960 radio
2927 3923 3030 3978 per
3051 3910 3293 3978 utraque
3307 3908 3598 3962 foramina
3626 3907 3745 3962 ha-

2123 3991 2370 4046 lhidadee
2395 3993 2656 4048 directim
2677 3995 2955 4062 immisso,
2983 3995 3106 4050 vide
3134 3999 3191 4052 in
3219 4013 3334 4068 qua
3354 4000 3516 4068 parte
3539 3996 3748 4050 lateris

2126 4081 2412 4150 quadrati,
2466 4083 2621 4154 quod
2665 4081 2726 4138 in
2779 4089 2842 4140 12
2876 4084 3122 4140 divisum
3163 4087 3268 4152 est,
3301 4085 3517 4140 directa
3553 4077 3744 4155 ipsius

2125 4168 2448 4224 halhidadae
2467 4171 2760 4237 stetlinea,
2779 4165 3273 4245 etquamcumque
3291 4173 3746 4244 proportionem

2128 4273 2402 4312 numerus
2423 4258 2675 4331 partium
2691 4277 2863 4332 supra
2875 4261 3145 4316 alhidada
3157 4261 3562 4333 apparentium
3578 4261 3652 4314 ad
3674 4265 3748 4316 t2

2128 4345 2187 4399 id
2216 4349 2301 4400 est
2323 4346 2396 4401 ad
2427 4350 2613 4401 totum
2646 4347 2794 4402 latus
2826 4349 3091 4420 quadrati
3128 4349 3418 4415 habuerit,
3461 4349 3746 4402 eamdem

2127 4436 2325 4505 procul
2355 4435 2528 4490 dubio
2549 4437 2988 4506 proportionem
3004 4436 3266 4500 altitudo,
3282 4454 3455 4509 quam
3475 4436 3748 4490 invenire

2131 4522 2376 4589 voluisti,
2405 4524 2476 4578 ad
2510 4524 2776 4579 umbram
2802 4524 2860 4578 in
2889 4525 3130 4597 planitie
3152 4542 3185 4579 a
3225 4541 3282 4578 se
3313 4525 3526 4579 factam
3553 4523 3749 4578 habe-

2129 4609 2231 4667 bit.
2265 4629 2313 4665 v.
2341 4630 2422 4682 g.,
2453 4612 2496 4665 si
2522 4612 2648 4667 dum
2676 4617 2867 4683 partes
2899 4630 3072 4685 supra
3091 4616 3394 4684 apparent,
3423 4613 3494 4668 ad
3511 4629 3654 4684 quas
3677 4617 3754 4668 1'2

2131 4701 2448 4772 sescuplam
2475 4701 2682 4756 habeat
2711 4702 3172 4772 proportionem,
3199 4702 3457 4772 sescupla
3506 4717 3753 4772 quoque

2132 4789 2205 4841 ad
2235 4789 2598 4843 altitudinem
2631 4790 2874 4857 umbra;
2903 4791 2947 4843 si
2973 4793 3087 4844 tres
3110 4793 3447 4862 appareant,
3481 4788 3754 4857 quadru-

2136 4879 2274 4948 pla;
2310 4879 2355 4931 si
2403 4883 2457 4943 4,
2518 4877 2734 4949 tripla;
2793 4878 2838 4932 si
2887 4883 2940 4944 5,
2992 4878 3197 4950 duplex
3251 4876 3761 4948 superbipartiens

424 4954 527 5010 Eia
548 4953 964 5010 constituamus
985 4957 1019 5008 4
1041 4953 1298 5024 peduma
1327 4969 1373 5017 c,
1403 4952 1460 5007 id
1480 4955 1564 5006 est
1587 4950 2032 5015 diametrum,et
2051 4968 2103 5025 D
2136 4966 2394 5037 quintus;
2418 4965 2540 5032 316,
2573 4966 2745 5037 dupla
2777 4986 2789 5035 δ
2823 4966 2871 5020 εί
2899 4972 2953 5033 7,
2986 4981 3158 5036 super
3198 4965 3452 5037 quinque
3483 4965 3762 5034 partiens

426 5043 746 5116 dirigamus
783 5043 1055 5098 intuitum
1086 5059 1188 5114 per
1230 5042 1627 5097 mediclinium
1660 5041 1729 5095 de
1759 5059 1791 5093 a
1821 5039 1948 5093 dad
1981 5041 2028 5095 ὁ.

427 5133 562 5198 Post
583 5133 706 5188 tunc
736 5131 968 5203 gradus,
1001 5131 1120 5204 qui,
1153 5131 1401 5202 exempli
1433 5146 1624 5198 causa,
1654 5132 1785 5183 sunt
1811 5132 1844 5182 4
1900 5144 2030 5182 cum

431 5222 518 5290 t2,
546 5221 721 5292 tripla
760 5219 1134 5293 proportione
1185 5220 1573 5286 conferamus,
1599 5221 1657 5272 et
1695 5235 1727 5271 α
1766 5232 1815 5284 c,
1850 5216 1945 5289 qui
1978 5220 2034 5270 et

427 5307 535 5380 ipsi
564 5313 596 5364 4
627 5311 759 5363 sunt
788 5309 861 5364 ad
889 5309 926 5363 d
954 5327 1001 5376 e,
1029 5308 1089 5363 in
1129 5309 1335 5364 eadem
1384 5307 1821 5379 comparatione
1852 5321 2035 5376 pona-

427 5415 576 5452 mus.
612 5398 706 5452 Est
734 5397 911 5470 igitur
946 5401 980 5453 4
1006 5398 1220 5470 pedum
1243 5416 1276 5450 a
1303 5411 1351 5464 c,
1393 5401 1456 5452 12
1488 5397 1702 5468 pedum
1727 5395 1765 5450 εἰ
1791 5412 1838 5461 e,
1872 5397 1906 5450 4
1925 5411 2032 5465 pe-

426 5487 566 5541 dum
600 5505 632 5539 a
655 5503 704 5552 ε,
732 5503 859 5558 qua:
897 5489 982 5541 est
1030 5490 1250 5541 statura
1281 5485 1593 5540 metientis.
1637 5483 1852 5548 Quibus
1879 5487 1910 5538 4
1941 5501 2034 5540 su-

425 5576 618 5644 blatis,
651 5575 707 5630 id
740 5578 825 5631 est
852 5575 889 5629 d
915 5591 945 5634 ο
974 5576 1045 5630 de
1065 5575 1101 5629 (ἰ
1125 5592 1177 5644 e,
1208 5576 1517 5630 remanent
1539 5591 1566 5628 c
1595 5591 1620 5625 ί»
1641 5576 1768 5627 octo
1797 5572 2030 5644 pedum,

427 5664 577 5736 quod
610 5668 695 5718 est
721 5665 962 5719 altitudo
989 5664 1162 5738 putei.

2136 5057 2409 5128 septimas
2439 5055 2520 5124 ;si
2560 5059 2614 5121 8,
2638 5054 3046 5126 sesquialtera;
3079 5054 3124 5108 si
3181 5058 3234 5121 9,
3257 5053 3617 5125 sesquitertia
3649 5070 3668 5121 ;
3711 5055 3769 5110 si

2141 5139 2226 5202 t0,
2254 5134 2673 5207 scsquiquinta;
2705 5135 2750 5188 si
2783 5139 2869 5200 tt,
2895 5133 3420 5205 sesquiundecima;
3443 5132 3485 5186 si
3513 5148 3765 5201 omnes,

2138 5239 2301 5295 requa
2319 5223 2490 5278 erital
2504 5223 2682 5277 titudo
2701 5225 2758 5276 et
2776 5223 2983 5277 umbra
3014 5223 3078 5275 Et
3095 5221 3336 5276 omnino
3352 5221 3765 5293 cujuscunque

2140 5312 2527 5384 proportionis
2560 5311 2910 5383 triangulum
2938 5309 3208 5365 alhidada
3231 5309 3289 5363 in
3318 5309 3599 5381 quadrato
3618 5310 3772 5380 ipso

2137 5401 2412 5469 effecerit,
2439 5401 2694 5471 ejusdem
2723 5398 3116 5472 proportionis
3152 5399 3501 5470 triangulum
3536 5399 3776 5455 umbra

2137 5490 2438 5561 cujuslibet
2458 5489 2633 5544 erecti
2663 5489 2921 5560 corporis
2971 5488 3032 5541 in
3079 5487 3315 5560 planitie
3362 5487 3566 5541 stantis
3622 5485 3772 5542 for-

2137 5579 2339 5633 mabit.
2386 5580 2446 5631 In
2479 5595 2591 5650 quo
2649 5576 2909 5631 videlicet
2947 5575 3236 5646 triangula
3269 5575 3391 5646 ipsa
3412 5574 3776 5633 inumbrata

2137 5667 2398 5739 planities
2424 5666 2575 5723 basis
2604 5669 2919 5734 cst,erecta
2952 5663 3193 5720 altitudo
3241 5664 3520 5730 cathetus,
3549 5663 3774 5718 radius
