4018 6170
276 505 360 559 ηε
1613 488 1704 547 DE
1742 448 2156 548 exomnis.

3449 477 3551 539 {26

271 662 298 698 α
314 644 348 714 f
356 644 542 716 quarta
569 656 697 714 pars
726 640 784 696 in
805 638 842 711 ί
856 637 909 708 τι,
940 639 998 692 et
1041 633 1247 691 eodem
1274 631 1450 690 modo
1481 650 1514 688 a
1551 632 1581 689 ὂ
1633 637 1840 706 quarta
1859 623 1913 683 Α
1942 639 2124 703 ratur,
2157 637 2217 693 et
2244 653 2350 710 per
2374 652 2549 710 quam
2579 631 2736 708 putei
2761 626 3122 706 profunditas
3148 622 3548 716 investigatur,

268 749 379 806 pars
403 731 503 788 inb
528 747 577 788 ε.

702 1024 989 1040 ὴ

816 1364 1040 1423 CAPUT
1068 1368 1239 1424 XXIX.

624 1453 673 1509 Α
687 1454 723 1509 d
750 1457 1161 1511 mensurandum
1176 1464 1423 1529 puteum.

311 1541 373 1597 Ut
395 1541 449 1597 in
479 1542 762 1614 superiori
788 1542 974 1614 figura
1002 1545 1160 1617 putei
1192 1545 1409 1601 dictum
1440 1549 1545 1612 est,
1571 1547 1761 1620 primo
1793 1565 1827 1604 a

254 1634 516 1701 geometra
535 1631 850 1704 diligenter
865 1633 1256 1705 perpendatur
1281 1637 1563 1707 quatenus
1587 1635 1830 1693 circum-

254 1719 413 1776 ductio
433 1720 895 1792 puteicircularis
920 1722 1203 1777 habeatur
1232 1722 1442 1779 deinde
1466 1724 1626 1797 cujus
1647 1743 1828 1799 quan-

254 1808 400 1864 litatis
422 1809 494 1864 sit
512 1809 867 1865 diametrum
887 1810 1232 1882 inquiratur.
1253 1811 1376 1877 Quo
1391 1812 1649 1883 invento,
1673 1820 1830 1872 stans

254 1914 421 1952 menso
444 1914 618 1970 super
645 1900 1043 1954 summitatem
1075 1900 1232 1971 putei
1265 1906 1555 1974 supponat
1584 1904 1829 1977 pedibus
1847 1890 1899 1949 Β

253 1987 342 2042 suis
365 1988 663 2060 cujuslibet
682 1987 1059 2060 longitudinis
1088 1988 1450 2062 scorpionem
1474 1991 1689 2065 (Glossa
1718 2001 1822 2049 oet.

250 2076 484 2148 quaelibet
501 2077 713 2150 virga),
744 2081 802 2132 et
834 2076 1033 2133 tandiu
1053 2080 1187 2133 ante
1210 2082 1268 2134 et
1287 2082 1442 2135 retro
1469 2081 1825 2153 pedetentim

250 2164 408 2233 ducat,
437 2166 625 2222 donec
642 2182 747 2239 per
763 2165 1162 2222 summitatem
1191 2166 1365 2238 ipsius
1394 2169 1712 2243 scorpionis
1742 2172 1823 2226 al-

247 2253 392 2309 terius
414 2255 568 2325 putei
601 2254 1063 2326 profunditatem
1090 2259 1310 2311 cernat.
1354 2256 1476 2321 Quo
1506 2258 1659 2315 facto
1691 2276 1824 2333 pars

245 2342 344 2413 ipsa
368 2343 701 2416 scorpionis,
734 2359 861 2415 quae
892 2344 1068 2415 puteo
1097 2345 1440 2415 superjacet,
1498 2362 1533 2401 a
1583 2348 1824 2420 pedibus

244 2431 489 2486 mensoris
526 2431 815 2504 impressa
848 2434 988 2487 nota
1016 2435 1179 2487 caute
1211 2435 1465 2499 notetur,
1520 2452 1648 2508 quae
1705 2440 1822 2493 sta-

242 2532 362 2575 turae
388 2537 500 2575 non
545 2520 744 2574 minus
771 2519 1083 2591 diligenter
1111 2524 1479 2592 comparetur
1512 2540 1527 2591 ;
1561 2527 1619 2579 et
1644 2530 1822 2597 quota

240 2609 559 2681 comparatio
594 2608 771 2680 ipsius
795 2607 973 2679 partis
1002 2607 1176 2663 fuerit
1202 2609 1275 2664 ad
1307 2610 1599 2667 metientis
1641 2616 1820 2669 statu-

239 2698 578 2763 ram,eadem
612 2696 975 2768 comparatio
1000 2696 1111 2751 erit
1138 2697 1409 2753 diametri
1441 2716 1572 2755 cum
1605 2705 1823 2760 statura

238 2785 482 2839 mensoris
506 2785 581 2840 ad
606 2788 793 2840 totam
807 2800 1096 2840 summam
1110 2784 1287 2856 putei.
1312 2786 1374 2839 V.
1404 2804 1463 2859 g.
1488 2788 1561 2843 sit
1588 2791 1822 2861 profun-

237 2871 357 2927 ditas
377 2873 526 2944 putei
558 2890 594 2927 a
634 2873 683 2940 ὁ,
712 2872 1061 2928 diametrum
1093 2873 1352 2943 ejusdem
1379 2876 1535 2947 putei
1577 2895 1609 2932 a
1633 2896 1682 2948 c,
1703 2882 1818 2935 sta-

235 2964 339 3015 tura
386 2961 680 3019 mensoris
716 2980 749 3016 α
794 2962 843 3033 f,
877 2961 1121 3030 arundo,
1153 2978 1281 3035 quae
1311 2966 1546 3021 statura:
1576 2983 1819 3042 compa-

1937 744 1972 779 a
1999 742 2046 793 e,
2081 726 2262 781 altera
2290 740 2422 796 pars
2452 725 2610 800 putei
2638 742 2666 779 c
2692 723 2730 777 ἁ
2758 739 2781 789 ;
2809 720 2875 775 ﬁt
2902 737 2936 773 a
2958 719 3008 789 ί,
3037 714 3429 790 quadruplum
3473 711 3548 768 ad

1936 832 1965 870 ε
1994 833 2026 871 a
2054 833 2069 883 ;
2104 814 2280 887 igitur
2306 817 2335 870 b
2361 816 2400 887 f
2411 814 2799 889 quadruplum
2824 812 2909 866 est
2937 806 3012 863 ad
3039 823 3074 860 α
3091 822 3141 861 c.

2006 904 2213 960 Sumas
2244 920 2577 961 mensuram
2604 900 2783 976 putei,
2805 899 2851 955 si
2874 896 2956 953 vis
2979 894 3206 951 auferre
3233 893 3536 950 staturam.

2542 1789 2766 1848 CAPUT
2799 1787 2942 1843 XXX.

2068 1888 2164 1943 Ad
2187 1884 2525 1942 altitudinem
2552 1876 2870 1935 metiendam
2900 1890 3021 1930 cum
3057 1871 3392 1943 orthogouio.

2001 1993 2398 2066 Componatur
2426 2004 2461 2044 a
2484 1987 2786 2060 geometra
2814 1976 3229 2066 orthogonium
3276 1973 3400 2066 basi
3445 1988 3539 2066 ca-

1929 2062 2207 2155 thetoque
2250 2077 2510 2150 ejusdem
2549 2070 2778 2130 numeri
2824 2064 3237 2137 compositum,
3290 2062 3534 2155 hypote-

1930 2188 2087 2228 nusse
2112 2148 2246 2225 vero
2268 2148 2567 2241 proportio
2586 2156 3084 2234 praetermittatur,
3111 2167 3239 2241 quas
3257 2148 3331 2241 ad
3345 2150 3538 2241 altum

1924 2235 2326 2332 vestigantium
2358 2235 2418 2310 in
2445 2254 2553 2309 hoc
2582 2244 2929 2319 orthogonio
2948 2257 3184 2332 prorsus
3215 2236 3432 2332 inutilis
3446 2235 3540 2307 ju-

1926 2326 2167 2406 dicatur.
2203 2343 2599 2417 Compositum
2623 2341 2819 2393 autem
2854 2330 3057 2389 tandiu
3081 2344 3185 2401 per
3211 2326 3458 2417 planum
3504 2337 3544 2380 a

1924 2453 2194 2495 mensore
2217 2413 2499 2499 trahatur,
2540 2430 2725 2485 donec
2750 2423 2915 2481 oculo
2941 2417 3106 2475 humi
3135 2413 3401 2488 apposito
3430 2424 3541 2499 per

1923 2525 2134 2582 catheti
2157 2498 2556 2579 summitatem
2586 2512 2886 2572 summitas
2923 2503 3243 2565 altitudinis
3300 2498 3536 2557 investi-

1923 2614 2131 2687 gandae
2172 2612 2459 2668 cernatur.
2495 2608 2613 2672 Qua
2642 2603 2781 2671 visa,
2814 2617 2848 2656 a
2876 2600 3004 2654 loco
3055 2593 3145 2649 cui
3173 2591 3326 2687 visus
3349 2589 3536 2687 iuliae:

1919 2677 2094 2765 serat,
2152 2699 2419 2774 planities
2467 2696 2540 2752 ad
2592 2692 2846 2748 radicem
2902 2699 3080 2757 usque
3100 2679 3446 2774 Ametiatur;
3478 2677 3539 2731 et

1920 2794 2136 2865 quanta
2152 2768 2346 2853 luerit,
2365 2787 2529 2841 tanta
2544 2779 2785 2838 altitudo
2817 2776 3061 2865 dicatur.
3090 2768 3340 2865 Quodut
3365 2780 3533 2865 aper-

1917 2852 2029 2937 tius
2093 2877 2468 2949 intelligatur,
2525 2863 2943 2938 orthogonium
3007 2874 3142 2915 cum
3219 2852 3535 2912 altitudine

1920 2965 2216 3023 metienda
2243 2960 2560 3036 figuraliter
2581 2954 2725 3010 visui
2753 2950 3132 3023 supponatur.

782 3303 942 3409 θροῦ
1176 3334 1183 3339 ·

762 3376 1130 3572 ’ῗέἕῖοε
1141 3471 1275 3572 δί-Ίο

582 3580 651 3677 ’ἑ
790 3546 1144 3682 Φλάβον..
1162 3540 1402 3659 ἡβῶ,
1409 3615 1468 3679 ἠ
1680 3589 1688 3595 ’
1718 3598 1724 3603 ‘
1769 3627 1778 3635 .

608 3679 651 3718 β
965 3655 1003 3705 4
1032 3689 1078 3733 ρ
1099 3638 1145 3691 4
1176 3662 1250 3732 '0
1279 3637 1440 3741 ὀδε

585 3719 654 3788 Ξ
1076 3708 1208 3800 “Vh
1250 3709 1321 3767 ’δ
2103 3778 2111 3787 -
2810 3744 2823 3761 ⁵

589 3790 654 3860 ἓ
1226 3792 1344 3883 07;,
1354 3849 1477 3944 νὴ,
3046 3902 3054 3908 ι

1472 3919 1543 3980 α,
1903 3813 2155 4378 Ι
2457 3935 2460 3939 .

1008 4430 1281 4488 Planities

774 4605 999 4662 CAPUT
1035 4606 1204 4661 XXXI.

1830 4620 1883 4679 D
1910 4612 2009 4683 pio
2067 4613 2223 4684 quod
2274 4612 2335 4669 in
2390 4614 2500 4669 hac
2557 4612 2836 4667 demensa
2892 4601 3213 4680 quantitate
3261 4592 3502 4671 planitie

226 4680 568 4759 Orthogonium
586 4694 1017 4765 Pythagoricum
1034 4696 1106 4750 ad
1124 4696 1448 4752 medendum
1466 4698 1804 4757 altitudinem
1907 4680 2114 4771 quarta
2138 4718 2271 4772 pars
2301 4704 2389 4758 est
2425 4700 2762 4768 auferenda,
2820 4698 2928 4752 hac
2982 4690 3247 4749 Videlicet
3295 4684 3521 4742 ratione

276 4773 356 4830 Est
380 4779 554 4834 etiam
582 4781 739 4836 aliud
770 4783 1127 4838 aestimanda:
1170 4785 1490 4840 altitudinis
1524 4788 1801 4859 orthogo-

226 4858 371 4947 pium,
392 4870 545 4939 quod
564 4871 638 4924 ab
659 4870 959 4925 inventore
981 4871 1413 4928 denominative
1428 4858 1801 4947 nuncupatur

224 4945 649 5025 Pythagoricum,
684 4960 1043 5014 naturalibus
1084 4960 1318 5028 catheti,
1352 4962 1521 5029 basis,
1552 4945 1797 5035 hypate-

224 5048 345 5129 ξιιιξῶ
355 5045 1083 5116 compaginatuni,cathcto
1095 5048 1351 5104 ternario
1368 5049 1645 5122 insignito
1657 5053 1798 5120 ,basi

222 5126 454 5218 iusignita
472 5136 717 5204 quatern
725 5137 845 5189 ario
855 5177 868 5200 ,
883 5135 957 5206 hy
962 5139 1136 5209 poton
1145 5154 1244 5205 usa
1256 5141 1583 5218 prognatam
1594 5141 1800 5212 quina-

222 5209 458 5279 rio.Quod
473 5220 517 5273 si
534 5221 781 5276 volueris
794 5223 1087 5278 cathetum
1102 5209 1474 5301 q'uaterniirio
1493 5209 1793 5299 insignire,

220 5301 439 5388 elghasim
460 5309 905 5376 ternario,idem
921 5311 1027 5366 tibi
1043 5304 1395 5388 evenietbpér
1411 5314 1766 5371 contrarium
1778 5358 1793 5384 ,

222 5387 391 5477 teilicet
421 5396 645 5451 utbasis
660 5399 887 5454 catheto
908 5387 1790 5477 sexquitertioprOportionetur,

220 5473 545 5548 hypotenusa
572 5484 687 5540 basi
716 5489 1115 5561 sesquiquarto
1140 5473 1530 5562 comparetur.
1563 5495 1645 5549 De
1676 5511 1791 5567 quo

220 5571 388 5653 functa
413 5571 564 5626 ﬁunt
591 5588 944 5649 quaecunque
970 5576 1125 5633 dicta
1154 5582 1288 5634 sunt
1323 5579 1384 5636 in
1440 5583 1789 5653 praecedenti

221 5648 389 5723 ﬁgura,
416 5659 632 5716 scilicet
659 5648 865 5719 tandiu
889 5666 1154 5722 trahatur
1201 5667 1388 5723 donec
1416 5648 1522 5741 per
1575 5671 1790 5728 catheti

224 5745 582 5806 summitatem
595 5752 896 5810 summitas
907 5754 993 5812 rei
1013 5758 1305 5828 cernatur,
1334 5756 1445 5814 hoc
1475 5759 1596 5816 solo
1624 5775 1786 5817 exce-

1906 4788 2062 4859 ‘luod
2090 4790 2241 4845 basis
2256 4792 2460 4862 jacens
2483 4793 2778 4848 cathetum
2810 4787 3067 4843 erectum
3101 4777 3337 4850 superat
3385 4786 3520 4829 cum

1902 4883 2213 4949 suaquarta
2241 4885 2426 4953 parte.
2459 4882 2620 4947 Quod
2662 4883 2726 4935 ut
2762 4876 2968 4933 melius
2998 4864 3518 4928 animadvertatur,

1902 4968 1961 5020 et
1989 4966 2148 5022 aliud
2178 4971 2600 5043 orthogonium
2632 4967 2919 5025 subterius
2950 4962 3299 5035 depingatur
3332 4969 3345 5008 :

2157 5405 2725 5600 5//

2459 5644 2856 5688 οιτοοοΝωΜ

2107 5725 2315 5796 quarta
2345 5723 2660 5782 auferatur.

2258 5705 2722 5719 *⁵,*-
