3986 6170
482 487 581 542 I27

1072 601 1295 658 CAPUT
1323 600 1518 656 XXXII.

542 699 637 756 Ad
665 716 777 754 rem
807 696 1184 752 inaccssibilcm
1208 693 1359 750 nobis
1387 691 1662 747 altioribus
1691 689 2030 744 metiendum.

555 789 636 844 Ad
671 805 796 844 rem
821 785 1239 842 inacessibilem
1267 781 1434 838 nobis
1452 779 1748 836 altioribus
1777 781 1861 846 ut,
1887 776 2091 831 metia-

486 875 872 950 tur,quamvis
900 872 1320 940 laboriose,hoc
1334 870 1509 926 modo
1531 868 1806 922 faciamus
1823 866 2088 936 ﬁguram.

485 967 572 1024 Sit
603 966 686 1022 rei
718 963 1029 1021 metienda?
1053 961 1347 1035 quantitas
1367 978 1398 1013 a
1419 959 1466 1024 b,
1499 960 1557 1012 et
1585 959 1726 1027 quot
1743 955 2090 1021 cubitorum,

483 1048 573 1102 vel
605 1047 897 1111 ulnarum,
930 1044 1015 1097 vel
1050 1043 1289 1116 pedum,
1317 1041 1403 1094 vel
1429 1038 1766 1109 digitorum,
1803 1036 1890 1089 vel
1917 1035 2092 1090 etiam

392 1180 396 1185 .
484 1136 808 1202 unciarum,
837 1135 924 1189 vel
951 1132 1253 1203 cujuslibet
1271 1127 1503 1184 alterius
1534 1132 1817 1182 mensurae
1838 1126 1909 1179 sit
1929 1123 2092 1178 nobis

487 1223 849 1297 propositum
881 1222 1044 1277 scire.
1080 1221 1158 1274 Re
1183 1215 1642 1288 orthogonaliter
1668 1214 1995 1280 constituta,
2022 1211 2093 1267 sit

481 1313 742 1386 spatium
773 1310 1108 1366 immeabile
1158 1308 1308 1362 inter
1337 1324 1443 1362 nos
1481 1309 1539 1361 et
1567 1322 1714 1372 rem,
1743 1307 1805 1358 ut
1840 1306 1925 1356 est
1973 1321 2005 1372 9
2036 1301 2088 1357 ὁ.

481 1401 751 1474 Erigatur
771 1399 937 1454 nobis
958 1396 1370 1470 orthogonium
1390 1395 1426 1449 (ἰ
1451 1411 1505 1466 9,
1538 1397 1594 1450 et
1643 1394 1714 1448 sit
1761 1393 1913 1447 linea
1966 1407 2092 1446 sur-

484 1506 612 1544 sum
645 1488 816 1543 ducta
841 1487 912 1542 de
938 1505 972 1557 9
1005 1486 1078 1542 ad
1103 1487 1159 1552 (ἰ,
1193 1485 1339 1539 sicut
1369 1484 1558 1556 primo
1600 1483 1811 1537 dictum
1837 1485 1921 1536 est
1941 1481 2012 1535 de
2058 1498 2090 1533 (ι

485 1577 536 1645 ὅ,
570 1578 812 1633 ducatur
849 1577 1021 1649 plane
1063 1575 1216 1629 linea
1245 1574 1316 1629 de
1340 1573 1379 1628 d
1398 1573 1470 1627 ad
1491 1589 1538 1639 z,
1566 1572 1709 1626 sicut
1737 1572 1910 1643 plana
1935 1570 2093 1640 jacet

484 1667 638 1722 linea
671 1666 740 1720 de
774 1684 807 1736 g
840 1665 915 1719 ad
943 1664 999 1733 (ἱ,
1028 1666 1085 1719 et
1110 1663 1182 1718 sit
1212 1665 1415 1717 notum
1450 1665 1666 1732 quanta
1689 1660 1760 1714 sit
1789 1659 1940 1713 linea
1961 1677 1994 1727 9
2034 1657 2089 1724 d,

491 1758 553 1811 et
592 1755 746 1810 linea
771 1755 810 1810 ιί
846 1772 892 1808 z.
922 1754 1032 1808 Nos
1062 1752 1220 1808 enim
1251 1768 1347 1807 eas
1376 1750 1637 1806 facimus.
1670 1748 1969 1820 Erigamus
1999 1763 2091 1802 or-

1090 477 1441 536 SII.VESTRI
1481 477 1526 531 II
1565 471 1769 532 PAPJE
1807 473 1962 528 OPP.
2005 468 2184 527 PARS
2227 470 2268 525 Ι.
2319 499 2386 508 --
2431 465 2521 523 DE
2564 466 2853 524 DISCIPL.
2894 466 3191 523 MATHEM.

3687 471 3773 529 I28

2113 595 2165 654 Α
2197 590 2632 646 summitatibus
2695 589 2983 662 perforata
3031 605 3133 659 per
3187 590 3491 662 utrumque
3533 591 3774 649 foramen

2195 681 2378 736 visum
2412 681 2700 736 metientis
2729 678 3035 733 admittere
3065 677 3530 734 videantur.Post
3549 681 3662 735 haec
3690 698 3774 736 ex-

2195 769 2471 825 tremitati
2489 767 2735 842 oppositi
2753 767 2944 822 lateris
2965 765 3360 820 mediclinium
3385 767 3688 840 horoscopo
3708 771 3776 825 sic

2197 860 2518 932 copuletur,
2553 861 2613 912 ut
2643 857 2782 912 dum
2815 871 2918 926 per
2947 853 3276 926 oppositum
3305 854 3408 909 sibi
3429 857 3569 911 latus
3623 858 3776 912 certis

2196 947 2656 1003 dimensionibus
2681 945 3013 1001 distinctum
3037 942 3303 1009 trahitur,
3324 943 3571 998 formam
3595 946 3774 1000 ortho-

2194 1036 2353 1109 gonii
2400 1034 2760 1108 Pythagorici
2793 1033 3074 1098 imitetur,
3103 1033 3191 1085 vel
3249 1029 3461 1085 imitari
3513 1032 3772 1089 videatur.

2191 1127 2255 1181 V.
2299 1145 2380 1198 g.,
2403 1125 2477 1181 sit
2507 1124 2771 1197 quadrati
2802 1118 3089 1194 ﬁguraab
3127 1137 3154 1174 c
3183 1119 3246 1188 d;
3279 1120 3392 1174 duo
3423 1121 3777 1192 semipedalia

2193 1216 2354 1286 ligna
2394 1216 2451 1270 in
2478 1212 2905 1268 summitatibus
2937 1209 3067 1264 unis
3095 1208 3286 1262 lateris
3331 1209 3561 1279 positae
3587 1211 3642 1279 f;
3669 1228 3776 1265 Ine-

2199 1304 2496 1360 diclinium
2534 1303 2594 1358 in
2625 1300 2859 1356 alterius
2891 1297 3136 1371 oppositi
3161 1297 3496 1352 summitate
3549 1298 3775 1353 locatum

2191 1411 2296 1464 per
2351 1393 2684 1466 oppositum
2738 1389 2843 1444 sibi
2879 1390 3032 1443 larus
3071 1386 3393 1440 discurrens
3421 1386 3506 1456 (1g
3549 1386 3604 1440 in
3643 1388 3778 1442 hunc

2194 1483 2434 1538 modum
2479 1501 2492 1539 :

2220 1581 3392 1646 D._.______.___._.__..C

3035 1630 3327 1837 “l

494 1841 887 1916 thogonaliter
907 1841 1118 1897 lineam
1144 1841 1214 1896 de
1236 1858 1262 1894 ,τ
1293 1855 1520 1895 sursum
1545 1837 1619 1892 ad
1648 1855 1702 1904 ιι,
1732 1839 1788 1891 et
1813 1851 2097 1908 ponamus

487 1901 722 1988 oculum
764 1929 823 1986 in
853 1931 1050 1986 linea:
1077 1948 1111 1985 II
1144 1927 1524 2001 orthogaliter
1560 1901 1770 1992 erecta,
1813 1901 1886 1978 ἰιι
1936 1927 2099 1978 exeat
2125 1901 2176 1960 Β

487 2020 640 2076 visus
678 2023 878 2075 noster
918 2036 1024 2092 per
1046 2019 1082 2074 d
1112 2019 1181 2074 ad
1213 2019 1286 2085 ὂς
1319 2021 1376 2072 et
1411 2018 1570 2072 locus
1605 2015 1772 2070 linere
1817 2013 1975 2068 istius
2004 2011 2100 2068 ubi

489 2108 649 2165 stetit
669 2109 885 2177 oculus,
912 2110 1147 2163 notetur
1176 2109 1390 2179 puncto
1413 2104 1533 2178 ipso
1560 2122 1616 2170 ιι,
1649 2106 1706 2158 et
1735 2101 2048 2157 metiamur
2074 2119 2100 2155 z

479 2201 539 2254 et
571 2217 607 2252 u
621 2203 839 2271 quanta
856 2197 944 2252 sit.
976 2198 1041 2254 Et
1060 2201 1190 2270 post
1209 2197 1317 2250 hoc
1338 2210 1622 2266 ponamus
1639 2193 1850 2246 iterum
1869 2191 2099 2245 oculum

480 2286 537 2340 in
580 2287 736 2342 linea
776 2304 801 2340 ς
840 2304 896 2354 u,
918 2286 998 2340 ita
1021 2289 1085 2339 ut
1113 2286 1382 2339 valeanus
1413 2280 1604 2336 videre
1636 2295 1740 2352 per
1768 2279 1804 2332 ιι
1833 2297 1897 2346 a;
1933 2282 1987 2333 et
2017 2280 2098 2334 lo-

483 2389 583 2430 cus
610 2374 669 2429 in
709 2391 823 2447 quo
866 2374 1014 2429 visus
1045 2371 1287 2439 steterit,
1322 2372 1557 2426 notetur
1585 2370 1798 2440 puncto
1840 2368 1905 2433 b;
1933 2371 1990 2422 et
2020 2366 2096 2419 vi-

3436 1871 3473 1894 nn

3437 1900 3475 1929 ω

3439 1935 3476 1970 C3

3437 1976 3477 2008 ο

3421 2014 3477 2052 ΣΞ

3439 2057 3477 2086 ε..

3437 2089 3478 2123 Φ

3436 2129 3493 2164 Ω-

3438 2169 3478 2201 Ο

3438 2204 3476 2232 ιη

3434 2237 3491 2271 Ωιι

3439 1935 3476 1970 C1

3366 1976 3477 2058 '38

3353 2057 3478 2127 ἐἰὲ

3019 2181 3026 2193 .
3351 2129 3493 2201 38-

3366 2192 3476 2232 Φιη

3364 2232 3491 2271 ac.

2301 2281 2312 2373 ι
3241 2257 3402 2344 1.2

3346 2347 3400 2385 ,ει

3366 1993 3404 2022 ε..

3367 2025 3404 2058 :s

3353 2065 3404 2086 ω

3366 2092 3404 2127 ςι

3365 2133 3402 2163 Φ

3351 2165 3403 2186 ςιδ

3366 2192 3403 2224 Ο

3364 2232 3400 2266 c:

3347 2294 3402 2344 -Ξ

3346 2347 3400 2385 .c:

484 2462 725 2518 deamus
762 2462 858 2519 ubi
889 2463 1013 2518 haec
1039 2460 1190 2516 linea
1205 2464 1451 2530 tangens
1477 2462 1694 2512 terram
1724 2455 2097 2526 conjungitur

478 2551 612 2608 lina:
637 2570 671 2623 9
705 2552 756 2618 b,
780 2556 839 2606 et
889 2551 959 2606 sit
990 2553 1268 2622 punctum
1325 2565 1371 2614 ε,
1401 2547 1479 2602 ita
1509 2549 1571 2601 ut
1608 2546 1761 2600 linea
1786 2565 1822 2615 9
1851 2562 1877 2598 e
1901 2544 1972 2598 sit
2009 2560 2094 2630 re-

480 2643 592 2698 cta.
619 2641 689 2695 Et.
717 2642 847 2713 post
861 2641 985 2695 haec
1015 2641 1287 2694 notemus
1304 2639 1585 2709 quantum
1612 2633 1851 2688 sitinter
1869 2650 1895 2686 ιτ
1926 2635 1983 2686 et
2007 2630 2040 2683 h
2073 2659 2088 2696 ,-

386 2726 393 2734 ’
479 2731 541 2783 et
567 2732 748 2802 quota
775 2745 909 2800 pars
929 2731 1014 2783 est
1039 2745 1064 2780 ς
1094 2727 1128 2780 h
1158 2725 1230 2781 ad
1260 2742 1284 2778 ς
1315 2725 1422 2778 det
1445 2743 1469 2777 ,τ
1495 2723 1551 2790 d,
1571 2723 1642 2778 ad
1662 2722 1698 2776 ἀ
1723 2739 1779 2792 9,
1812 2723 1975 2775 tanta
2003 2721 2088 2773 est

476 2816 514 2869 ά
541 2835 576 2888 9
608 2818 681 2873 ad
708 2836 743 2888 9
775 2835 821 2884 e,
854 2820 914 2872 et
943 2819 1095 2872 notas
1127 2817 1259 2869 sunt
1297 2813 1463 2867 lineae
1495 2813 1529 2865 h
1559 2814 1657 2865 zet
1684 2829 1709 2864 ε
1737 2811 1791 2878 d,
1825 2809 1959 2882 quia
1983 2823 2085 2862 nos

479 2921 575 2960 eas
603 2906 866 2960 fecimus.
913 2906 981 2960 Et
1008 2904 1184 2976 igitur
1215 2904 1417 2956 notum
1451 2905 1536 2955 est
1559 2904 1778 2972 quanta
1816 2904 1901 2955 est
1932 2899 2085 2952 linea

479 3010 518 3066 9
545 3013 609 3060 e;
641 2999 699 3050 et
724 2997 944 3065 quanta
991 2995 1075 3048 est
1100 2991 1253 3046 linea
1277 3008 1311 3044 u
1336 3008 1362 3042 ,τ
1394 2989 1466 3043 ad
1493 3007 1517 3042 z
1546 2989 1601 3056 d,
1631 2992 1792 3044 tanta
1822 2995 1904 3044 est
1931 2990 2084 3044 linea

479 3083 516 3137 (ἰ
551 3102 583 3154 9
617 3084 691 3139 ad
716 3083 930 3138 lineam
953 3099 988 3152 9
1023 3083 1072 3150 b,
1103 3084 1160 3135 et
1183 3079 1349 3135 linea:
1388 3094 1469 3132 us
1493 3081 1591 3133 etz
1621 3079 1657 3132 (ἰ
1685 3083 1739 3134 et
1769 3079 1806 3132 (Ι
1829 3098 1862 3149 9
1919 3079 2085 3134 nobis

478 3175 612 3228 sunt
643 3175 828 3238 notia;
855 3174 1060 3225 notum
1087 3168 1392 3240 eritigitur
1420 3168 1574 3222 linea
1622 3171 1826 3239 quarta
1858 3187 1891 3238 9
1920 3169 1968 3221 b.
2021 3169 2087 3222 Et
2110 3181 2159 3242 ο

481 3261 618 3333 quia
647 3261 865 3316 dudum
899 3257 1193 3330 sapuimus
1223 3257 1433 3310 lineam
1453 3272 1487 3324 9
1519 3270 1565 3321 e,
1589 3257 1648 3308 et
1670 3255 1924 3326 sapimus
1954 3255 2086 3310 inde

484 3351 698 3405 lineam
729 3366 761 3418 9
795 3349 844 3413 b,
871 3362 1173 3417 possumus
1195 3359 1396 3414 sapere
1431 3345 1648 3413 quanta
1677 3347 1762 3396 est
1792 3342 1943 3396 linea
1977 3344 2005 3396 ἰ)
2024 3361 2084 3410 ε;

483 3441 541 3491 et
569 3439 786 3507 quanta
817 3437 902 3488 est
932 3433 1081 3486 linea
1120 3432 1157 3484 d
1181 3450 1214 3500 9
1252 3431 1324 3485 ad
1344 3431 1612 3497 lineamg
1645 3447 1690 3496 ε,
1717 3434 1876 3485 tanta
1907 3435 1991 3485 est
2029 3432 2089 3486 li-

485 3540 596 3578 nea
625 3541 660 3575 n
684 3523 712 3576 b
754 3522 827 3576 ad
853 3519 1069 3574 lineam
1103 3520 1131 3572 Ι)
1179 3536 1228 3584 e,
1271 3522 1330 3572 et
1375 3517 1543 3571 linea:
1574 3516 1664 3587 dg
1696 3522 1753 3572 et
1780 3535 1816 3589 9
1844 3520 1878 3571 Ιι
1912 3522 1969 3572 et
1998 3519 2026 3571 b
2063 3537 2090 3573 e

482 3615 637 3667 uotae.
671 3612 821 3664 sunt.
854 3608 1033 3679 Igitur
1081 3625 1113 3658 (ι
1145 3607 1173 3660 b
1204 3605 1357 3659 linea
1388 3609 1525 3659 nota
1574 3609 1679 3668 est,
1729 3610 1786 3660 et
1834 3607 1957 3661 ha‘c
2005 3612 2090 3662 est

483 3716 660 3773 quam
687 3696 1106 3770 quaerebamus.
1138 3695 1205 3747 Et
1230 3696 1294 3747 ut
1322 3693 1569 3759 brevius,
1620 3694 1773 3766 quod
1829 3695 2089 3766 superius

483 3787 686 3843 diffuse
708 3785 924 3841 dictum
949 3787 1053 3848 est,
1085 3782 2086 3855 comprehendatur,compendium,

484 3892 597 3948 quo
629 3871 991 3948 philosophia
1022 3871 1254 3943 gaudet,
1289 3871 1556 3941 ponatur.
1609 3871 1802 3935 Qualis
1852 3889 2086 3944 compa-

482 3962 629 4018 ratio
670 3959 842 4016 fuerit
879 3977 904 4012 ,τ
936 3977 971 4012 u
1011 3959 1084 4012 ad
1123 3959 1233 4021 hu,
1259 3957 1385 4010 talis
1415 3956 1522 4010 erit
1549 3975 1582 4026 9
1613 3959 1649 4011 (ι
1677 3960 1748 4013 ad
1780 3959 1808 4013 ὂ
1833 3977 1887 4026 a,
1923 3964 1977 4015 et
2016 3960 2090 4014 sit
2155 3979 2158 3982 ί

482 4070 508 4105 z
537 4069 571 4106 u
591 4051 829 4124 duplum
862 4048 935 4102 ad
961 4049 995 4101 Ιι
1027 4065 1083 4113 u,
1118 4045 1230 4100 erit
1250 4063 1283 4116 9
1309 4044 1345 4098 d
1374 4043 1612 4115 duplum
1639 4047 1712 4100 ad
1746 4048 1774 4101 b
1800 4066 1854 4104 (ι.

1382 4245 2007 4491 ,ίΛ

877 4545 923 4600 Α
1462 4523 1902 4618 ’Ξῖτῖ-

481 4766 525 4821 ε
580 4658 963 4815 Α
1112 4675 1391 4780 vim”;
1459 4676 2001 4815 ’ἱξῖῖ-ἶῖῖῖ

1057 4895 1281 4952 CAPUT
1310 4898 1524 4954 XXXIII.

519 5036 615 5091 Ad
655 5039 976 5093 metiendum
999 5039 1225 5111 planum
1256 5043 1485 5115 quolibet
1507 5047 1660 5101 modo
1679 5052 2034 5120 praposz'tum.

558 5177 618 5232 Si
647 5176 822 5234 fuerit
841 5181 1008 5235 nobis
1026 5184 1386 5255 propositum
1411 5187 1676 5257 quolibet
1703 5190 1878 5244 modo
1901 5191 2088 5246 metiri

479 5266 744 5337 planum,
782 5285 1079 5324 sumamus
1129 5271 1294 5326 unius
1339 5275 1514 5329 cubiti
1542 5275 1598 5329 in
1630 5265 1989 5347 longitudine
2023 5280 2086 5334 li-

480 5371 685 5426 gnum,
714 5356 803 5411 cui
827 5358 939 5412 alia
958 5359 1067 5413 tria
1089 5359 1148 5415 in
1177 5359 1536 5418 dimensione
1560 5365 1806 5435 aequalia
1830 5343 2088 5442 tali-{con-

470 5441 771 5514 junctione
798 5444 1256 5514 innectantur,ut
1280 5449 1587 5519 conjuncta
1608 5452 1868 5522 quadrati
1885 5441 2092 5508 difﬁni-

481 5530 702 5587 tionem
733 5533 1024 5604 suscipere
1046 5535 1370 5606 videantur,
1405 5537 1562 5610 quod
1592 5543 1841 5610 quatuor
1867 5543 2092 5611 angulis

481 5622 566 5673 est
595 5621 976 5692 orthogonale
1000 5639 1014 5689 ;
1038 5622 1198 5692 cujus
1227 5625 1416 5678 unitus
1441 5626 1636 5680 lateris
1666 5628 2091 5684 summitatibus

484 5705 597 5760 duo
643 5707 1018 5780 semipedalia
1069 5709 1226 5781 ligna
1261 5716 1448 5767 erecta
1505 5713 1839 5785 inﬁgantur,
1873 5733 2000 5788 quae
2030 5718 2084 5772 in

3308 2677 3662 2749 Superﬂcies

3431 2750 3562 2807 ista.

2259 2854 2587 2926 Composita
2616 2857 2877 2928 quadrati
2923 2857 3110 2927 figura
3137 2857 3244 2910 hac
3269 2855 3496 2911 ratione
3549 2856 3787 2929 ponatur

2175 2953 2381 3025 jacens
2437 2943 2493 2998 in
2551 2944 2858 2999 metienda:
2931 2944 3189 3015 planitiei
3265 2945 3651 3011 extremitate,
3725 2946 3777 2996 et

2184 3031 2384 3084 tandiu
2414 3049 2448 3086 a
2474 3033 2746 3086 metiente
2773 3049 2840 3087 ex
2861 3035 3042 3087 altera
3072 3036 3232 3104 parte
3262 3033 3547 3103 erigatur,
3602 3033 3776 3086 donec

2188 3133 2290 3189 per
2320 3118 2608 3175 feramina
2650 3138 2676 3174 e
2704 3123 2740 3190 f
2763 3119 3026 3191 opposita
3073 3121 3405 3174 extremitas
3449 3119 3613 3190 plani
3671 3135 3782 3172 cer-

2191 3212 2381 3276 natur,
2414 3213 2472 3262 et
2501 3210 2558 3264 in
2590 3211 2696 3264 hoc
2727 3211 2873 3275 loco,
2903 3226 3015 3281 quo
3050 3209 3197 3263 visus
3220 3208 3461 3275 steterit,
3498 3212 3642 3264 nota
3690 3223 3785 3273 μο-

2192 3299 2382 3350 natur.
2422 3300 2554 3352 Post
2583 3299 2703 3353 Ιιωο
2724 3315 2829 3370 per
2861 3297 3256 3352 mediclinium
3289 3312 3354 3352 ex
3380 3297 3622 3352 adverso
3660 3312 3784 3351 con-

2192 3384 2454 3439 stitutum
2486 3386 2633 3440 visus
2672 3387 2956 3441 mensoris
3002 3385 3302 3457 dirigatur,
3336 3386 3524 3440 donec
3549 3386 3670 3457 jam
3702 3400 3793 3438 no-

2191 3474 2310 3525 tata
2349 3474 2680 3528 extremitas
2718 3474 2998 3529 videatur.
3059 3475 3181 3540 Quo
3213 3475 3364 3528 facto
3398 3475 3579 3528 locus.
3635 3488 3789 3545 quog

2191 3561 2436 3626 steterit,
2512 3565 2762 3628 notetur,
2837 3566 2895 3616 et
2947 3581 2975 3617 c
3009 3583 3040 3634 9
3097 3565 3170 3618 ad
3217 3582 3250 3632 9
3301 3563 3328 3616 b
3377 3566 3787 3633 comparetur;

2190 3651 2249 3702 et
2307 3649 2489 3720 qualis
2543 3651 2955 3723 comparatioc
2990 3670 3024 3723 9
3061 3652 3194 3720 adg
3257 3651 3284 3705 Ι)
3332 3651 3531 3716 fuerit,
3587 3649 3782 3704 eadem

2192 3738 2549 3808 comparatio
2581 3757 2613 3792 a
2644 3740 2672 3792 Ι)
2705 3740 2777 3794 ad
2828 3743 3011 3794 totam
3067 3739 3364 3812 planitiem
3424 3738 3559 3792 erit.
3590 3739 3650 3794 V.
3710 3755 3784 3809 g.,

2191 3827 2315 3880 tota
2341 3825 2606 3898 planities
2629 3844 2661 3880 α
2688 3829 2720 3880 Ιι
2745 3827 2988 3894 dicatur,
3023 3832 3079 3884 et
3102 3847 3129 3882 ε
3159 3846 3190 3898 9
3239 3827 3314 3896 (id
3342 3831 3428 3882 est
3471 3844 3501 3881 a
3561 3825 3790 3881 summi-

2191 3916 2307 3967 tate
2333 3915 2642 3985 superioris
2672 3915 2939 3986 quadrati
2980 3934 3160 3988 usque
3187 3916 3259 3970 ad
3292 3915 3631 3970 inferiorem
3676 3930 3796 3986 par-

2191 4003 2309 4055 tem
2342 4001 2675 4070 mediclinii)
2699 4021 2732 4071 9
2759 4003 2806 4068 Ι),
2845 4004 2974 4074 (hoc
2996 4006 3084 4059 est
3114 4021 3148 4058 a
3207 4002 3538 4058 mediclinio
3595 4003 3668 4057 ad
3719 4003 3795 4056 in-

2190 4088 2463 4142 feriorem
2495 4091 2771 4160 angulum
2797 4091 3059 4160 ejusdem
3091 4093 3303 4162 lateris)
3325 4091 3563 4163 aequalis
3591 4089 3793 4146 consti-

2187 4179 2401 4230 tuatur.
2431 4176 2609 4248 Igitur
2637 4196 2669 4231 a
2703 4177 2751 4242 b,
2799 4177 2857 4232 id
2889 4183 2974 4233 est
3021 4180 3285 4246 latitudo,
3333 4180 3361 4232 ὁ
3414 4187 3490 4249 g‘,
3537 4178 3597 4233 id
3656 4181 3737 4232 est
3765 4191 3793 4230 α

2191 4264 2472 4335 quadrato
2507 4283 2682 4337 usque
2723 4266 2797 4321 ad
2827 4268 3072 4322 limitem
3106 4267 3361 4340 planitiei
3395 4266 3635 4338 aequalis
3676 4281 3790 4320 esse

2190 4371 2304 4409 non
2341 4354 2654 4410 dubitetur.
2707 4355 2798 4410 Sic
2844 4359 2901 4410 et
2940 4356 2996 4409 in
3058 4357 3277 4410 caeteris
3325 4354 3790 4432 proportionibus

2057 4465 2062 4471 ·
2113 4455 2168 4517 1)
2188 4462 2215 4499 c
2241 4463 2274 4514 9
2298 4445 2370 4500 ad
2390 4464 2423 4515 9
2455 4446 2484 4498 b
2504 4443 2918 4500 consideretur.

2757 4604 2981 4660 CAPUT
3006 4607 3217 4662 XXXIV.

2355 4712 2448 4766 Ad
2465 4714 2620 4782 putei
2640 4711 2721 4766 vel
2746 4711 2901 4780 fossae
2921 4712 3256 4766 altitudinem
3288 4712 3623 4769 metiendam.

2251 4835 2410 4892 Putei
2425 4838 2522 4890 aut
2536 4834 2839 4907 cujuslibet
2853 4837 3019 4891 fossa
3038 4836 3402 4891 altitudinem
3417 4836 3494 4891 sic
3506 4835 3796 4908 probabis.

2189 4925 2356 4998 Accip
2367 4942 2397 4978 e
2418 4926 2635 4998 lignum
2652 4924 2930 4979 directum
2947 4927 3004 4980 et
3017 4941 3168 4996 pone
3181 4941 3353 4996 super
3365 4925 3600 4980 buccam
3620 4923 3773 4996 putei
3785 4963 3798 4988 ,

2190 5018 2247 5068 et
2265 5013 2425 5084 cuius
2445 5013 2712 5068 umbram
2741 5012 2961 5068 videbis
2997 5014 3053 5067 in
3076 5031 3103 5067 ρ
3121 5015 3169 5083 f,
3199 5014 3256 5068 id
3281 5016 3365 5067 est
3398 5012 3797 5082 profunditate

2190 5101 2367 5172 putei,
2393 5104 2451 5154 et
2476 5101 2701 5172 lignum
2725 5102 2973 5171 quatuor
2997 5101 3286 5156 cubitos...
3321 5101 3446 5170 plus
3474 5101 3710 5165 habeat,
3744 5102 3801 5153 et

2191 5193 2355 5244 exeat
2383 5190 2578 5244 subtus
2608 5189 2782 5260 pedes
2827 5188 2949 5259 ejus
2990 5189 3105 5244 alia
3155 5191 3320 5245 hasta
3349 5189 3565 5244 directa
3595 5187 3801 5242 similis

2191 5278 2315 5343 sibi,
2344 5281 2401 5331 et
2428 5281 2512 5332 est
2538 5276 2903 5349 profunditas
2935 5277 3089 5349 putei
3113 5296 3144 5330 α
3169 5295 3216 5343 e,
3244 5282 3301 5332 et
3326 5278 3491 5332 hasta
3511 5277 3731 5332 directa
3763 5295 3795 5329 a

2191 5367 2244 5433 (ἰ,
2280 5369 2338 5420 et
2379 5367 2491 5421 alia
2537 5367 2700 5421 hasta
2727 5384 2758 5419 a
2794 5384 2819 5418 ε
2852 5366 2879 5418 b
2910 5366 3112 5436 jacens
3157 5383 3328 5438 super
3359 5367 3596 5422 buccam
3635 5364 3798 5436 putei

2191 5458 2420 5509 truncat
2447 5455 2482 5507 cl
2509 5473 2535 5508 ε
2575 5471 2745 5525 super
2783 5455 3024 5524 angulos
3057 5453 3326 5521 directos,
3361 5458 3419 5508 et
3473 5455 3697 5508 intuere
3741 5453 3797 5506 in

2192 5559 2340 5614 aqua
2361 5543 2516 5614 putei
2535 5543 2801 5597 umbram
2821 5561 2851 5595 a
2879 5560 2906 5596 c
2933 5544 3002 5598 de
3019 5542 3054 5595 (ἰ
3078 5559 3254 5613 usque
3281 5543 3352 5597 ad
3367 5544 3406 5612 f
3418 5547 3476 5597 et
3502 5541 3800 5596 inveniens

2192 5647 2225 5683 α
2253 5648 2280 5685 c
2303 5632 2470 5684 toties
2498 5635 2584 5684 est
2611 5648 2642 5683 (ι
2671 5648 2697 5683 c
2732 5630 2759 5683 Ι)
2786 5633 2872 5684 vel
2900 5649 2926 5684 e
2955 5632 3065 5702 fin
3093 5648 3170 5684 ac
3197 5631 3252 5697 d,
3281 5635 3342 5685 ut
3366 5630 3562 5701 putasi
3583 5647 3615 5682 α
3637 5646 3664 5683 c
3692 5629 3798 5684 ha-

2195 5719 2325 5773 beat
2369 5719 2650 5791 palmum,
2676 5721 2733 5771 et
2756 5718 2791 5772 αἰ
2818 5738 2849 5773 α
2881 5722 3014 5782 tres,
3044 5719 3227 5773 tribus
3256 5719 3466 5774 vicibus
3505 5722 3588 5771 est
3615 5735 3644 5768 η
3675 5733 3703 5767 ί·
3737 5716 3796 5771 in
