3986 6170
232 465 303 519 ΗΟ

229 586 255 640 α
275 603 315 650 α,
337 581 450 636 sicut
470 577 548 630 est
575 591 605 627 a
632 589 660 625 c
693 568 722 622 b
752 567 935 622 tribus
958 562 1172 617 vicibus
1190 559 1245 613 in
1267 551 1309 608 ἀ
1335 564 1368 599 α
1395 562 1443 601 ι’.
1487 551 1793 607 Abstrahe
1815 557 1870 617 Α

234 693 256 725 n
277 672 317 735 d,
341 666 564 723 remanet
583 681 615 714 (ι
645 678 692 714 e.

741 807 1268 1543 :

751 1588 982 1646 CAPUT
1016 1583 1211 1641 XXXV.

420 1683 502 1739 Ad
528 1679 887 1738 altitudinem
917 1675 1112 1730 montis
1143 1664 1534 1723 inveniendam.

269 1792 384 1845 Cum
414 1789 622 1862 quieris
668 1782 1044 1841 altitudinem
1089 1773 1333 1844 alicuius
1370 1767 1788 1862 montis-pone

221 1883 392 1935 hastam
421 1855 551 1933 ante
609 1879 664 1930 te
710 1875 770 1928 in
817 1873 992 1945 plano
1039 1882 1146 1938 pro
1205 1862 1410 1916 monte
1459 1855 1784 1926 longiorem
1812 1875 1858 1935 Β

223 2029 452 2127 templare
480 2056 592 2109 hac
623 2052 753 2106 illac
774 2053 831 2104 te
871 2060 1112 2102 movens
1141 2041 1304 2095 recto
1337 2033 1638 2090 oculorum
1672 2029 1792 2085 visu

222 2162 299 2216 per
314 2118 349 2196 ἀ
375 2160 545 2215 usque
579 2141 776 2195 videas
821 2138 870 2207 f.
917 2135 1073 2188 Tunc
1126 2125 1437 2184 considera
1476 2122 1695 2216 quanta
1721 2118 1795 2172 sit

221 2208 284 2302 ᾖε
306 2233 364 2287 ad
389 2251 423 2305 9
452 2208 503 2298 ξι,
538 2233 711 2284 tanta
736 2229 821 2282 est
849 2243 876 2278 c
912 2223 940 2276 b
965 2221 1033 2275 ad
1071 2221 1100 2272 ὑ
1127 2209 1521 2305 Γιιὶᾲρξιιᾶηδί
1544 2227 1578 2278 9
1609 2208 1792 2305 (ῤ’-δῇ-

219 2295 290 2392 pla
312 2295 498 2376 est'ad'
511 2339 545 2390 9
583 2338 641 2386 a,
673 2316 847 2388 dupla
888 2313 972 2366 est
1014 2329 1040 2362 c
1070 2309 1105 2360 h
1133 2305 1210 2360 ad
1233 2303 1275 2392 wh
1296 2301 1361 2392 ξ
1411 2301 1469 2352 et
1505 2295 1797 2392 quantali-

219 2385 292 2463 bet
314 2427 341 2477 9
369 2428 392 2462 c
418 2409 485 2464 ad
572 2385 632 2473 α,
661 2385 823 2460 tanta
851 2405 935 2457 est
977 2395 1180 2472 procul
1214 2388 1392 2446 dubio
1415 2405 1457 2478 Δ(τ
1497 2385 1633 2478 had
1662 2385 1695 2439 Ιι
1721 2385 1757 2454 Γ

218 2502 260 2551 et
283 2474 477 2570 quanta
498 2474 590 2551 est
620 2513 653 2548 a
680 2512 713 2564 9
743 2492 815 2546 ad
842 2509 875 2561 9
906 2508 952 2556 c,
1000 2487 1167 2542 tanta
1208 2479 1370 2570 estf
1490 2474 1621 2570 adh
1652 2491 1705 2570 c;

220 2562 380 2654 tif-est
409 2602 603 2651 mons,
633 2562 692 2637 et
717 2583 928 2653 quanta
970 2579 1055 2631 est
1074 2574 1110 2627 tl
1138 2573 1167 2625 b
1200 2569 1275 2624 ad
1301 2568 1334 2620 h
1369 2584 1400 2635 g
1425 2566 1591 2654 tanta
1613 2565 1697 2654 est
1720 2562 1756 2614 d
1780 2564 1800 2615 ἰ

220 2650 274 2728 ad
301 2675 335 2743 Γ
353 2676 386 2728 ί.
419 2650 594 2737 Ουοᾶ
619 2670 663 2724 si
693 2650 890 2724 fluvius
915 2665 1202 2720 habeatur
1224 2657 1314 2712 vel
1339 2652 1495 2708 aliud
1524 2650 1800 2743 obstacu-

221 2764 316 2815 Ium
345 2762 485 2815 inter
519 2779 546 2813 c
570 2761 631 2826 Ιι,
655 2762 712 2813 et
739 2773 853 2811 non
889 2751 1066 2828 possis
1096 2747 1435 2821 pertingere
1471 2739 1545 2794 ad
1579 2737 1794 2792 montis

220 2849 456 2917 radicem,
493 2854 557 2903 ut
589 2827 1186 2920 prmdictaminvenias
1211 2845 1576 2894 mensuram,
1604 2827 1796 2898 accipe

1567 419 1659 481 DE
1697 416 2116 480 GEOIETRIA.

3402 408 3501 461 I30

1901 561 2198 620 quousque
2225 543 2417 597 videas
2451 541 2520 595 de
2550 539 2584 593 h
2630 552 2734 610 per
2785 553 2812 590 c
2854 549 3031 605 usque
3073 531 3146 620 ad
3183 548 3237 598 α,
3288 530 3384 620 ubi
3412 533 3498 585 est

1900 618 2201 691 summitas
2230 631 2463 697 montis,
2513 631 2571 682 et
2603 626 2728 682 vide
2773 626 3056 696 quantum
3080 619 3153 674 sit
3180 620 3214 672 h
3238 635 3265 673 e
3289 618 3362 674 ad
3393 635 3420 672 c
3447 635 3498 685 c,

1899 727 2123 780 tantum
2155 725 2238 776 est
2266 721 2300 773 Ιι
2324 739 2358 789 9
2391 718 2464 773 ad
2489 736 2524 787 9
2547 735 2599 772 α.
2631 711 2901 769 invenisti
2927 708 3189 764 forsitam
3203 711 3375 762 antea
3393 707 3429 776 Γ
3434 723 3492 776 9,

1898 812 2280 886 quadruplum
2305 827 2338 878 9
2364 825 2416 874 a,
2441 805 2556 860 eth
2576 822 2608 875 9
2636 802 2946 872 decuplum
2970 797 3090 886 adigi
3124 813 3176 850 a.
3194 795 3382 851 Minue
3401 796 3485 865 Γ9

1897 883 1966 957 de
1995 902 2027 954 h
2055 917 2110 970 9,
2134 899 2192 954 id
2219 901 2302 952 est
2330 899 2363 952 4
2394 895 2464 949 de
2500 897 2585 960 to,
2612 892 2922 946 remanent
2950 892 3001 943 6.
3038 885 3128 940 Sic
3159 887 3243 938 est
3270 883 3304 936 h
3331 884 3495 952 Γεθε-

1896 990 2128 1062 cuplum
2161 986 2229 1042 ad
2257 1003 2290 1056 g
2316 1003 2347 1038 (ι
2375 983 2465 1037 vel
2491 999 2524 1050 9
2558 998 2588 1033 a
2619 979 2940 1049 sescuplum
2975 974 3045 1029 ad
3078 975 3114 1044 Γ
3135 974 3189 1027 h.

1984 1082 2030 1132 A

2110 1134 2500 1428 \

2445 2034 2668 2090 CAPUT
2704 2037 2940 2092 XXXVII.

1966 2120 2062 2175 Ad
2108 2123 2478 2181 inveniendam
2505 2142 2606 2196 per
2632 2127 2899 2198 speculum
2936 2127 3273 2184 altitudinem
3315 2137 3425 2182 tur-

2561 2218 2720 2285 rium,
2747 2224 2844 2272 etc.

1970 2299 2028 2354 Si
2056 2317 2160 2373 per
2186 2306 2480 2375 speculum
2513 2308 2611 2360 aut
2637 2322 2743 2377 per
2770 2306 3055 2360 concham
3078 2307 3315 2378 plenam
3339 2320 3505 2377 aquae.

1896 2390 2112 2460 quaeris
2142 2391 2285 2446 scire
2311 2393 2676 2450 altitudinem
2705 2394 2954 2449 turrium
2977 2395 3062 2450 vel
3090 2391 3512 2462 montium,"ac-

1896 2477 2024 2546 cipe
2055 2482 2371 2550 speculum,
2407 2487 2465 2537 et
2511 2500 2665 2556 pone
2695 2500 2878 2556 prope
2909 2489 3174 2541 montem
3204 2483 3263 2537 in
3310 2482 3508 2554 plano,

1898 2569 1956 2620 et
1983 2571 2046 2622 tu
2077 2573 2305 2626 tantum
2328 2575 2385 2628 te
2419 2575 2607 2644 ipsum
2633 2579 2690 2630 et
2717 2577 3008 2648 speculum
3030 2573 3283 2646 positum
3312 2573 3373 2627 in
3394 2576 3510 2626 ter-

1896 2670 1963 2708 ra
1986 2673 2222 2715 moveas
2249 2661 2361 2716 huc
2392 2667 2450 2717 et
2479 2664 2632 2731 illuc,
2665 2680 2963 2736 quousque
2995 2663 3188 2719 videas
3220 2680 3251 2716 a
3284 2662 3343 2716 in
3376 2661 3426 2728 b,
3452 2659 3512 2714 id

1899 2746 1988 2798 est
2018 2749 2416 2805 summitatem
2445 2752 2662 2807 montis
2691 2753 2750 2807 in
2786 2753 2980 2808 medio
3012 2752 3267 2823 speculo,
3296 2753 3353 2804 et
3383 2748 3512 2804 vide

1899 2835 2200 2902 quomodo
2226 2837 2368 2903 sint,
2407 2842 2466 2892 et
2496 2845 2713 2910 quanta
2751 2841 2905 2894 inter
2937 2857 2996 2894 se
3043 2839 3291 2894 invicem
3317 2837 3354 2891 d
3380 2854 3428 2907 ε,
3457 2838 3513 2890 et

1973 1785 2012 1840 G

221 2956 245 2990 α
270 2954 300 3008 9
328 2939 370 3004 δ’
397 2915 454 2992 id
483 2915 844 3002 est-hastam,
885 2937 941 2988 et
968 2929 1208 2987 ambula
1267 2926 1426 2979 rell‘O
1479 2922 1546 2974 30
1578 2915 1799 3008 ευδίῑίξδ
1901 2936 1928 3008 ς
1957 2921 2006 2986 ὁ,
2041 2923 2119 2976 sic
2145 2927 2278 2979 sunt
2308 2927 2552 2981 invicem
2589 2929 2617 2980 ὁ
2647 2945 2692 2994 e,
2741 2932 2800 2982 et
2828 2945 2856 2982 e
2885 2946 2939 2982 a.
2977 2929 3045 2981 Et
3078 2927 3124 2981 si
3154 2927 3227 2980 sit
3250 2926 3516 2981 obstacu-

223 3004 298 3080 aut
317 3025 738 3099 quantumlibet
767 3027 822 3078 et
849 3023 1057 3077 iterum
1089 3011 1496 3084 contemplare
1528 3004 1799 3099 rectovi-
1904 3007 2052 3077 Ium,
2081 3013 2238 3082 quod
2286 3030 2404 3068 non
2455 3014 2634 3086 possis
2665 3015 2937 3084 probare,
2970 3015 3064 3069 hic
3096 3014 3330 3068 ambula
3357 3016 3513 3067 retro

221 3133 270 3168 su
294 3115 356 3169 de
384 3134 435 3168 m
460 3133 568 3187 per
603 3132 638 3167 η
671 3129 839 3184 usque
869 3111 940 3166 ad
967 3111 1002 3164 d
1047 3110 1096 3178 f,
1149 3103 1309 3178 quod
1361 3102 1450 3155 est
1473 3093 1804 3187 summitas
1905 3111 2038 3150 cum
2070 3098 2194 3171 ipso
2225 3103 2476 3172 speculo,
2511 3106 2570 3159 et
2598 3120 2751 3175 pone
2781 3103 2840 3158 in
2871 3107 3057 3171 terra,
3090 3105 3147 3156 et
3173 3101 3365 3155 videas
3385 3116 3512 3154 mo-

227 3205 430 3267 montis,
461 3185 523 3258 et
555 3206 758 3275 postea
779 3201 925 3269 vide,
943 3201 1160 3271 quanta
1184 3195 1257 3249 sit
1285 3209 1342 3245 m
1368 3206 1396 3244 c
1416 3186 1492 3242 ad
1523 3200 1617 3275 cn
1642 3185 1805 3275 tanta
1905 3186 2096 3275 vendo
2125 3192 2184 3242 te
2202 3206 2235 3242 α
2266 3189 2325 3244 in
2360 3208 2408 3258 ι,
2442 3203 2501 3247 et.
2526 3195 2806 3264 quantam
2838 3189 3279 3264 proportionem
3299 3188 3517 3244 habent

222 3298 289 3345 est
311 3312 358 3346 m
385 3295 417 3346 h
451 3294 524 3348 ad
547 3269 592 3344 Ῐι
622 3293 668 3360 Γ.
698 3269 1058 3345 Abstrahede
1083 3304 1137 3340 τη
1187 3285 1222 3338 Ιι
1253 3300 1278 3373 c
1308 3281 1364 3347 li,
1400 3280 1461 3373 et
1493 3273 1621 3373 vide
1651 3269 1806 3370 quod
1827 3314 1874 3373 Ο
1907 3272 2212 3371 invicemp
2237 3295 2286 3346 r,
2315 3281 2374 3333 et
2398 3298 2426 3332 ν
2453 3298 2480 3334 z
2510 3280 2782 3336 eamdem
2809 3281 3054 3346 habent,
3085 3296 3110 3332 z
3139 3295 3186 3346 e,
3213 3280 3270 3334 et
3298 3294 3325 3332 ε
3353 3292 3390 3334 ι
3418 3276 3508 3331 in-

223 3385 478 3449 remanet,
512 3359 687 3435 tanta
715 3384 790 3434 est
821 3377 1054 3433 altitudo
1078 3371 1330 3439 montis;
1365 3371 1430 3422 ut
1460 3367 1626 3436 puta,
1657 3360 1702 3414 si
1729 3359 1811 3413 in-
1830 3359 1874 3373 ν’
1910 3361 2116 3421 vicem.
2149 3364 2336 3421 Minue
2362 3367 2497 3424 inde
2524 3369 2550 3422 b
2579 3386 2626 3438 e,
2660 3371 2967 3425 remanent
2998 3369 3033 3421 h
3059 3384 3111 3425 z.

227 3470 395 3523 venisti
426 3470 507 3523 ch
533 3469 778 3540 duplum
808 3467 876 3522 ad
895 3468 922 3520 h
949 3467 998 3536 Γ,
1025 3469 1081 3520 et
1104 3465 1234 3536 post
1263 3477 1316 3514 m
1345 3458 1380 3512 h
1411 3449 1809 3527 quadruplum
3325 3460 3452 3540 ΛΑ

224 3557 282 3610 ad
306 3559 336 3610 Ιι
361 3560 420 3626 Γ;
452 3559 606 3613 tolle
633 3575 660 3609 c
689 3558 720 3609 Ιι
741 3556 808 3610 de
828 3573 879 3609 m
908 3556 962 3622 Ιι,
984 3554 1042 3608 id
1072 3554 1158 3608 est
1183 3550 1295 3604 duo
1325 3546 1398 3601 de
1427 3542 1704 3616 quatuor,
1725 3553 1814 3626 re-

226 3650 438 3701 manent
461 3646 615 3712 duo,
648 3644 799 3716 quod
825 3647 907 3698 est
944 3661 998 3696 νη
1034 3659 1082 3705 c,
1126 3640 1279 3694 dices
1323 3653 1336 3690 :
1392 3629 1534 3705 quia
1563 3644 1618 3682 m
1650 3643 1676 3679 c
1710 3625 1812 3680 du-

225 3735 360 3803 plum
389 3741 473 3790 est
502 3737 537 3788 ἠ
567 3735 621 3803 Γ,
659 3733 808 3787 dona
836 3736 920 3799 30,
952 3732 1038 3786 vel
1064 3733 1131 3785 2O
1160 3725 1406 3790 cubitos,
1431 3719 1572 3774 adm
1595 3733 1621 3769 ι’
1647 3718 1705 3770 et
1730 3718 1812 3780 15,

229 3825 297 3878 vel
327 3827 385 3879 I0
411 3824 484 3878 ad
508 3825 544 3877 Ιι
568 3824 622 3893 Γ,
660 3824 718 3875 et
743 3821 817 3875 sic
845 3839 870 3875 c
893 3822 926 3874 h
951 3819 1187 3890 triplum
1221 3812 1410 3869 estad
1451 3809 1486 3862 h
1524 3806 1560 3876 Γ
1583 3808 1639 3893 et
1676 3820 1728 3856 m
1758 3803 1813 3867 Ιι,

229 3913 527 3984 septuplum
565 3892 645 3966 ad
674 3910 708 3963 Ιι
734 3911 780 3980 Γ.
808 3909 1084 3963 Abstrahe
1115 3923 1142 3959 c
1173 3906 1207 3957 h
1244 3903 1313 3957 de
1353 3916 1408 3954 m
1445 3896 1521 3984 It,
1554 3892 1614 3984 id
1644 3893 1731 3984 est
1759 3893 1812 3984 a,

230 3978 293 4056 de
312 4008 340 4056 7
366 3978 684 4057 remanent
711 3978 765 4066 4,
792 3996 1168 4070 quadruplum
1197 3995 1280 4047 est
1307 4007 1360 4044 m
1393 4005 1421 4042 c
1455 3983 1529 4038 ad
1576 3981 1608 4033 h
1649 3979 1697 4048 Γ,
1737 3978 1813 4032 sic
1989 3983 2028 4035 P

228 4090 276 4143 in
303 4092 435 4146 aliis.

3125 3534 3345 3767 /

2870 4265 2910 4304 υ

2322 4463 2488 4627 A3
2827 4499 2862 4536 ε
3413 4488 3454 4542 E

2443 4665 2666 4722 CAPUT
2703 4665 2981 4724 XXXVIII.

1835 4726 1889 4786 Β
1988 4754 2077 4811 Ad
2098 4753 2465 4809 inveniendam
2479 4754 2824 4810 latitudinem
2845 4755 3010 4824 ﬂuvii
3026 4757 3106 4811 vel
3123 4773 3320 4831 campi,
3351 4765 3448 4813 etc.

835 4599 874 4636 Α
1351 4657 1357 4663 ι
1464 4562 1466 4564 ’

504 4774 539 4854 ξι
788 4763 819 4813 8
1117 4775 1151 4816 c

507 4864 525 4899 ι
786 4865 816 4905 ι

791 4966 812 5018 Ι
920 4965 963 5018 Ε

1992 4860 2048 4915 Si
2100 4861 2310 4934 quieris
2363 4862 2506 4917 scire
2551 4861 2922 4918 latitudinem
2977 4863 3134 4918 ﬂuvii
3163 4865 3250 4920 vel
3287 4862 3525 4934 alicujus

1924 4949 2112 5022 campi
2142 4950 2230 5004 vel
2253 4948 2427 5004 curtis
2456 4951 2554 5004 aut
2577 4948 2878 5021 cujuslibet
2916 4951 3022 5017 rei,
3055 4951 3247 5023 accipe
3277 4951 3526 5024 lignum,

1923 5038 2076 5111 quod
2105 5037 2399 5110 pertingat
2431 5054 2610 5110 usque
2655 5036 2730 5092 ad
2784 5038 2978 5093 oculos
3031 5042 3177 5107 tuos,
3208 5039 3527 5096 secundum

1925 5127 2065 5182 alios
2090 5126 2282 5182 minus
2313 5143 2426 5181 uno
2458 5126 2673 5194 cubito,
2707 5129 2764 5180 et
2807 5143 2959 5198 pone
3003 5127 3063 5182 in
3102 5128 3230 5202 ripa
3248 5129 3439 5201 iﬂuvii,
3471 5134 3530 5186 et

1927 5220 2012 5271 sta
2036 5232 2216 5287 prope
2261 5231 2419 5277 eum,
2471 5217 2529 5268 et
2576 5217 2662 5268 est
2713 5214 2965 5286 lignum,
2993 5219 3057 5270 ut
3101 5217 3299 5273 subtus
3350 5217 3531 5287 vides,

1928 5303 2090 5377 quasi
2119 5323 2150 5357 a
2185 5303 2234 5370 ὁ,
2265 5306 2322 5358 et
2354 5320 2505 5375 pone
2535 5303 2692 5358 aliud
2717 5305 2942 5376 lignum
2973 5306 3349 5379 superipsum
3377 5306 3532 5379 prius

1930 5396 2207 5459 erectum,
2238 5392 2383 5447 sicut
2405 5395 2492 5446 cst
2519 5407 2549 5447 ε
2589 5391 2642 5446 d.
2691 5394 2894 5447 Postea
2930 5393 3346 5466 contemplatio
3377 5397 3532 5449 recto

784 5069 1012 5124 CAPUT
1048 5064 1263 5121 XXXVI.

863 5141 946 5194 De
981 5138 1179 5194 eodem.

294 5233 346 5288 Si
364 5230 583 5305 qumris
609 5229 728 5284 sine
770 5227 1090 5284 mutatione
1130 5225 1328 5290 hastas,
1376 5219 1454 5276 sic
1504 5218 1698 5274 facies.
1732 5220 1828 5274 Est

239 5337 389 5376 mons
418 5339 450 5373 α
483 5321 548 5387 b;
586 5319 770 5390 accipe
800 5319 1026 5373 hastam
1051 5313 1297 5368 duorum
1334 5309 1660 5364 cubitorum
1699 5309 1829 5363 lon-

239 5411 442 5480 giorem
474 5415 559 5477 te,
593 5412 644 5462 et
673 5425 821 5481 pone
849 5410 981 5462 ante
1012 5408 1068 5459 te
1101 5403 1159 5457 in
1191 5401 1390 5472 plano.
1421 5401 1628 5454 Postea
1650 5398 1830 5452 consi-

239 5499 358 5554 dera
380 5501 576 5572 ipsam
607 5497 847 5563 hastam,
871 5511 998 5567 qure
1025 5495 1110 5548 est
1139 5487 1228 5547 σά
1253 5507 1302 5558 c,
1347 5491 1404 5543 et
1433 5487 1599 5542 mitte
1644 5485 1829 5540 visum

239 5592 384 5643 tuum
418 5591 584 5642 recte
611 5587 676 5640 de
713 5586 750 5654 Γ
769 5583 926 5656 perd
951 5597 1127 5653 usque
1156 5595 1212 5646 α,
1239 5577 1495 5632 dividens
1527 5576 1708 5647 ipsam
1734 5575 1830 5628 ha-

240 5681 371 5730 stam
414 5689 598 5745 super
634 5690 813 5727 unum
846 5671 1101 5726 cubitum
1142 5671 1199 5722 et
1248 5664 1378 5721 vide
1431 5667 1713 5735 quantum
1760 5661 1833 5716 sit

239 5764 309 5835 {e
335 5765 404 5820 ad
429 5780 457 5815 ρ
487 5762 548 5829 d,
584 5763 804 5816 tantum
836 5761 920 5813 est
946 5759 982 5831 Γ
1005 5774 1035 5826 9
1085 5755 1221 5825 adg
1264 5771 1318 5812 α.
1368 5751 1616 5808 Ambula
1651 5753 1830 5820 retro,

1932 5483 2230 5537 oculorum
2263 5481 2381 5535 visu
2407 5497 2510 5553 per
2529 5499 2562 5535 a
2588 5480 2624 5534 d
2645 5498 2820 5553 usque
2855 5481 3044 5538 videas
3073 5499 3120 5550 ε,
3154 5482 3213 5538 id
3238 5486 3324 5537 est
3344 5481 3532 5551 ripam

1930 5587 1998 5625 ex
2029 5570 2211 5624 altera
2236 5573 2398 5642 parte
2426 5587 2440 5638 ;
2470 5586 2609 5624 nam
2632 5569 2660 5624 b
2685 5586 2712 5627 θ
2737 5573 2822 5626 est
2851 5570 3075 5638 fluvius,
3099 5575 3156 5625 et
3185 5589 3217 5624 a
3239 5569 3532 5624 cdirectus

1929 5658 2098 5716 visus.
2145 5661 2352 5713 Postea
2398 5658 2701 5714 considera
2745 5663 3028 5731 quantum
3072 5659 3146 5731 sjt
3189 5675 3221 5711 a
3249 5673 3278 5718 ς
3313 5655 3388 5711 ad
3416 5673 3443 5711 c
3471 5655 3526 5724 ά,

1930 5747 2016 5804 vel
2046 5749 2280 5803 econtra
2310 5750 2593 5820 quantum
2645 5749 2729 5803 est
2765 5747 2802 5802 ιι
2843 5763 2872 5806 c
2909 5746 2981 5802 ad
3010 5763 3041 5800 α
3070 5761 3118 5816 c,
3168 5746 3402 5802 tantum
3437 5747 3522 5806 est
