4018 6170
420 401 509 459 131

1020 381 1372 446 SILVESTRI
1406 383 1452 440 n
1492 380 1698 440 PAPJE
1741 380 1899 442 orr.
1938 381 2116 440 mas
2151 380 2200 443 I.
2242 408 2312 424 -
2351 381 2442 440 ne
2483 381 2797 441 DISCIPL.
2837 340 3138 442 nmen.

3645 389 3746 444 {32

411 543 446 580 α
474 542 501 581 c
535 525 564 579 b
593 522 666 579 ad
695 519 725 576 ὂ
752 535 780 578 e
810 521 874 576 ut
906 517 1066 592 puta,
1094 514 1138 569 si
1170 514 1206 568 ά
1235 531 1262 568 c
1301 511 1542 584 duplum
1572 511 1657 564 est
1687 527 1763 564 ac
1787 509 2031 582 duplum
2061 514 2109 574 Α
2132 508 2424 580 tetragoni
2453 509 2601 564 illius
2630 510 2779 565 latus
2805 527 2986 565 unum
3011 509 3210 564 habet.
3235 509 3304 564 Et
3333 511 3415 577 ut,
3445 525 3573 582 qua;
3603 511 3746 567 dixi-

413 616 500 670 est
527 614 554 667 b
584 629 611 668 e
638 610 714 666 ad
742 609 778 664 d
809 627 835 663 c
862 624 918 664 α.
950 605 996 660 si
1022 604 1282 676 triplum,
1310 599 1580 671 triplum,
1612 602 1722 654 etc.

708 699 757 752 A

700 853 772 930 cl
965 853 1171 930 \D

978 1337 1202 1393 CAPUT
1239 1341 1450 1397 XXXIX.

881 1424 976 1479 Ad
1006 1425 1144 1480 idem
1173 1428 1311 1482 alius
1340 1431 1549 1487 modus.

474 1506 534 1562 Si
564 1508 772 1580 quaeris
804 1510 974 1566 aliter
1003 1514 1172 1583 scire,
1204 1534 1356 1589 pone
1378 1519 1608 1576 hastam
1640 1520 1929 1576 minorem
1955 1522 2011 1573 te

402 1595 564 1668 quasi
595 1597 668 1651 ad
698 1601 915 1670 peetus,
948 1604 1008 1655 et
1035 1619 1186 1673 pone
1218 1605 1277 1660 in
1328 1607 1454 1678 ripa
1511 1608 1688 1675 ﬂuvii,
1722 1611 1780 1662 et
1820 1608 2013 1678 accipe

402 1682 558 1740 aliud
586 1684 812 1758 lignum
838 1689 1178 1762 pertingens
1209 1712 1387 1767 usque
1418 1697 1491 1752 ad
1523 1696 1899 1764 oculos,sicut
1930 1699 2014 1752 est

403 1787 432 1827 c
457 1771 513 1840 ά,
546 1775 607 1882 et
642 1775 893 1882 a‘mbula‘
912 1781 1068 1834 retro
1097 1787 1377 1851 quantum
1413 1786 1617 1857 placet,
1650 1789 1708 1840 et
1735 1801 1887 1856 pone
1922 1785 2012 1856 ip-
2032 1822 2085 1882 Β

399 1876 528 1916 sum
581 1862 816 1932 fustem,
843 1868 902 1919 et
931 1869 994 1921 tu
1033 1871 1259 1926 tantum
1291 1875 1346 1927 te
1397 1874 1504 1928 hac
1543 1878 1601 1928 et
1654 1874 1783 1928 illac
1822 1890 2010 1940 move,

397 1965 699 2024 quousque
735 1953 805 2006 de
836 1971 862 2005 ε
896 1971 1001 2026 per
1030 1975 1083 2025 a,
1109 1976 1286 2032 usque
1315 1978 1342 2015 ε
1373 1962 1586 2030 videas,
1618 1961 1677 2016 id
1708 1965 1794 2017 est
1823 1962 1896 2016 ad
1929 1963 2016 2016 a1-

397 2041 585 2095 teram
619 2040 811 2111 ripam
844 2042 1122 2102 ﬂuminis.
1152 2050 1232 2103 De
1263 2050 1398 2105 hinc
1431 2051 1630 2106 minue
1666 2067 1699 2106 a
1742 2050 1771 2103 b
1804 2051 1874 2105 de
1907 2069 1934 2105 c
1958 2051 2014 2116 ά,

394 2132 664 2183 remanet
693 2125 730 2199 Γ
760 2147 806 2184 c.
849 2131 1008 2201 Vide,
1066 2139 1360 2207 quomodo
1415 2140 1530 2195 sint
1579 2159 1611 2193 a
1649 2139 1780 2210 [ad
1807 2139 1906 2209 fe,
1939 2139 2017 2195 sic

394 2219 530 2270 sunt
561 2216 590 2270 ὁ
615 2234 641 2271 e
668 2217 742 2272 ad
790 2218 818 2270 b
864 2237 918 2288 a,
949 2222 994 2276 si
1027 2223 1262 2296 triplum
1299 2232 1386 2283 est
1431 2247 1462 2283 a
1493 2230 1530 2298 f
1552 2229 1625 2283 ad
1649 2228 1748 2298 fc,
1777 2229 2016 2299 triplum

396 2303 846 2364 estbeadba.

749 2394 868 2652 Cl

747 2405 1583 2925 Ftﬁ

737 2859 781 2912 D
1543 2849 1657 2903 \E

1179 2922 1221 2976 B

1024 3072 1248 3127 CAPUT
1287 3071 1391 3128 XL.

527 3162 624 3217 Ad
644 3163 814 3222 altum
834 3177 954 3220 cum
978 3163 1185 3230 sagittis
1216 3168 1264 3215 et
1292 3162 1384 3230 [ilo
1412 3169 1859 3226 mensurandum.

461 3257 606 3315 Cum
645 3259 1015 3332 geometricis
1045 3257 1246 3330 ﬁguris
1276 3258 1482 3314 intenti
1525 3263 2002 3339 philosophorum

373 3344 503 3417 jam
527 3347 900 3420 fatigabundi
931 3347 1359 3403 inventionibus
1386 3348 1755 3421 inhaeremus,
1781 3372 1853 3411 ne
1876 3373 2001 3411 om-

379 3432 522 3490 nino
541 3433 769 3506 fatigati
804 3436 1144 3491 deﬁciamus
1177 3435 1526 3492 militaribus
1557 3442 1838 3496 exercitiis
1867 3445 1998 3500 ani-

379 3536 547 3577 mum
576 3523 916 3580 relevemus.
975 3524 1130 3579 Sicut
1181 3523 1338 3578 enim
1388 3542 1594 3597 corpus
1647 3531 1999 3602 quotidianis

373 3610 698 3680 sumptibus
744 3612 1048 3668 fastidiens
1088 3612 1358 3668 inusitato
1403 3621 1699 3672 recreatur
1727 3620 1875 3690 cibo,
1917 3623 1995 3677 sic

376 3712 544 3753 mens
580 3700 1004 3773 philosophicis
1035 3705 1275 3756 onerata
1312 3705 1744 3762 austeritatibus
1772 3711 1994 3782 conjec-

376 3787 548 3844 turali
577 3793 886 3870 poetarum
932 3792 1218 3846 relevatur
1271 3790 1575 3864 ﬁgmento.
1628 3795 1992 3870 Quapropter

376 3879 440 3932 ut
467 3865 726 3934 animum
759 3883 1022 3935 nostrum
1053 3879 1400 3951 reﬁciamus,
1425 3882 1985 3944 militareinventum

375 3968 508 4038 post
533 3969 716 4023 multa
737 3984 1132 4042 supponanus.

446 4053 505 4109 Si
531 4056 839 4128 cujuslibet
864 4056 949 4112 rei
971 4056 1338 4113 altitudinem
1354 4058 1697 4134 investigare
1713 4066 1984 4137 volueris,

370 4143 481 4199 boc
509 4145 686 4201 modo
711 4146 954 4218 jaculari
982 4145 1219 4218 ingenio
1251 4145 1598 4222 investigare
1631 4153 1980 4223 poteris.Su-

374 4247 470 4286 me
499 4249 699 4288 arcum
729 4250 861 4290 cum
892 4235 1104 4307 sagitta
1132 4239 1190 4290 et
1215 4235 1334 4305 ﬁlo,
1366 4240 1425 4293 et
1448 4255 1565 4294 una
1608 4239 1687 4294 ﬁli
1735 4244 1979 4299 summi-

2129 613 2278 664 mus,
2331 597 2588 668 apertius
2615 601 3062 670 cognoscantur,
3097 596 3338 652 altitudo
3389 602 3448 652 et
3476 599 3573 654 fila
3611 616 3741 654 cum

2128 686 2279 741 notis
2300 686 2625 756 ﬁguraliter
2655 687 3051 757 subjiciantur.
3089 686 3172 741 Sit
3196 686 3462 752 altitudo,
3495 704 3622 759 quas
3651 689 3743 743 in-

2126 773 2460 845 vestigatur,
2502 793 2534 829 a
2575 776 2640 843 b;
2672 776 2744 830 sit
2797 774 3006 846 prioris
3054 775 3156 842 ﬁli,
3215 776 3372 846 quod
3421 775 3741 831 altitudinis

2125 864 2526 918 summitatem
2567 863 2779 935 tetigit,
2826 863 3120 936 quantitas
3178 863 3441 934 quinario
3495 882 3742 920 numero

2123 951 2457 1019 terminata,
2494 969 2527 1005 a
2557 969 2610 1020 c;
2646 953 2718 1012 sit
2770 952 3002 1007 alterius
3054 952 3156 1018 ﬁli,
3213 953 3369 1024 quod
3425 953 3745 1009 altitudinis

2118 1039 2379 1094 radicem
2413 1041 2716 1112 percussit,
2742 1041 3048 1113 longitudo
3082 1041 3454 1112 quaternario
3495 1060 3741 1099 numero

2116 1127 2363 1182 difﬁnita
2392 1146 2418 1181 c
2458 1129 2506 1183 ὁ.
2547 1130 2683 1184 Post
2715 1129 2840 1184 haec
2876 1146 3010 1184 vero
3040 1129 3247 1201 prioris
3277 1130 3355 1184 ﬁli
3386 1134 3733 1188 numerusin

2116 1232 2175 1269 se
2216 1217 2636 1288 multiplicatus
2670 1218 2729 1272 in
2785 1222 2851 1273 23
2889 1222 3257 1286 concrescat;
3311 1224 3562 1291 quatuor
3600 1239 3735 1277 vero

2115 1305 2449 1375 posterioris
2482 1305 2563 1360 ﬁli
2592 1323 2868 1360 numerus
2897 1307 2955 1360 in
2988 1323 3046 1361 se
3080 1307 3282 1362 ductus
3311 1307 3369 1362 in
3410 1313 3472 1365 l6
3502 1326 3733 1367 consur-

2133 1395 2252 1463 gat.
2282 1394 2500 1449 Deinde
2524 1394 2720 1450 minor
2745 1411 2990 1449 numero
3025 1395 3094 1449 de
3136 1399 3201 1449 23
3234 1396 3482 1463 sublato,
3512 1400 3622 1454 erit
3651 1417 3739 1454 re-

2129 1496 2376 1536 manens
2432 1487 2485 1550 9,
2546 1483 2707 1554 cujus
2763 1482 3128 1553 tetragonale
3159 1483 3306 1538 latus
3355 1489 3385 1540 3
3423 1485 3733 1556 invenitur,

2130 1570 2265 1640 quia
2295 1575 2325 1625 3
2358 1570 2416 1626 in
2445 1588 2504 1626 se
2539 1572 2742 1626 ductus
2788 1571 2847 1625 in
2881 1576 2912 1626 9
2946 1572 3309 1642 cumulatur;
3359 1574 3532 1630 trium
3561 1577 3736 1648 igitur

2130 1659 2342 1730 pedum
2374 1661 2485 1716 erit
2512 1661 2752 1716 altitudo
2785 1676 2818 1716 α
2844 1661 2894 1717 b.
2929 1661 3043 1715 Sed
3074 1662 3207 1732 quia
3235 1667 3424 1734 potest
3452 1667 3733 1734 accidere,

2125 1749 2281 1819 quod
2326 1751 2685 1805 remanentis
2737 1751 3099 1820 tetragonale
3154 1752 3299 1806 latus
3330 1753 3621 1810 interdum
3671 1758 3731 1811 in

2110 1839 2337 1908 ntegris
2368 1857 2650 1895 numerus
2683 1839 2891 1911 nequit
2917 1839 3188 1906 inveniri,
3217 1840 3497 1898 subtilitas
3529 1843 3724 1900 minu-

2118 1924 2329 1982 tiarum
2357 1928 2530 1983 debet
2562 1929 2884 1983 necessario
2915 1925 3197 1992 adhiberi,
3240 1929 3310 1984 de
3349 1931 3556 2002 quibus
3585 1937 3724 2008 quia

2116 2016 2355 2088 longum
2399 2020 2484 2072 est
2533 2018 2836 2080 disserere,
2889 2018 3389 2088 praetermittatur,
3430 2025 3488 2076 et
3537 2024 3724 2096 ﬁgura

2116 2120 2250 2158 cum
2285 2105 2546 2160 numeris
2575 2110 2633 2160 et
2664 2105 2816 2161 notis
2852 2109 3234 2176 supponatur.

3150 2272 3167 2281 ἢ
3639 2206 3685 2258 Α

2845 2479 2893 2527 »Α
2919 2415 3177 2506 ελωττλ

2197 2571 2253 2637 D
2495 2533 2671 2610 (“.09
2691 2491 2844 2562 vanu

2152 2581 2192 2637 C
2308 2278 3601 2877 I

3637 2807 3676 2860 Β

2715 2911 2942 2970 CAPUT
2980 2920 3108 2976 XLI.

2175 2985 2272 3041 Ad
2301 2991 2670 3054 inveniendam
2688 3001 2743 3053 in
2763 3006 3081 3133 αενέιὲφὶιῃῗὲίυ
3103 2998 3412 3083 (ηἐοίιινάτη,
3436 3024 3640 3088 quanta

2191 3131 2202 3142 ι
2331 3131 2364 3142 η
2495 3135 2505 3142 _
2586 3140 2593 3142 Α
2640 3138 2672 3142 __
2866 3117 2880 3141 ,
2930 3096 2959 3132 e
3027 3123 3035 3132 .

2102 3216 2462 3315 hypotenusa
2489 3227 2549 3279 l8
2572 3229 2815 3303 pedum,
2841 3235 2961 3291 basi
2994 3243 3047 3306 8,
3077 3216 3437 3315 hypoteiiusa
3452 3264 3588 3303 vero
3606 3252 3713 3305 mi-

2102 3320 2243 3405 nore
2269 3312 2364 3405 l0,
2394 3311 2730 3383 ejecturam,
2761 3339 2932 3394 super
2959 3345 3073 3399 qua
3105 3311 3700 3405 perpendicularisca-

2101 3392 2597 3497 dit,'s.ic“quz-eras.
2643 3407 2716 3460 Ex
2769 3428 3000 3470 summa
3047 3421 3288 3490 majoris
3330 3424 3706 3497 bypotenusa:

2099 3483 2579 3555 multiplicatione
2611 3506 2928 3570 aggregata
2961 3483 3208 3564 duaruin
3241 3483 3534 3569 minorum
3567 3515 3710 3572 line-

2097 3585 2285 3671 arum,
2304 3574 2466 3671 .basis
2497 3580 2709 3638 scilicet
2737 3588 3094 3666 minorisque
3124 3599 3524 3671 hypotenusae,
3553 3604 3610 3658 in
3641 3622 3703 3661 se

2094 3660 2631 3762 niulti‘plicatiouem
2653 3671 2838 3744 (0011.,
2857 3660 3358 3762 multiplicatione)
3375 3660 3699 3750 subtrahas.

2093 3746 2307 3804 Exinde
2354 3769 2622 3853 summae,
2673 3779 2800 3834 quas
2854 3773 3430 3844 superabundaverit,
3473 3781 3704 3853 adjecto

2092 3850 2206 3891 uno
2237 3841 2614 3903 medietatem
2647 3866 2859 3920 sumas,
2894 3857 2952 3912 in
2985 3875 3099 3929 qua
3130 3865 3353 3934 quoties
3391 3841 3571 3924 fuerit
3593 3889 3702 3927 nu-

2087 3940 2282 4018 merus
2310 3929 2478 3996 basis,
2513 3937 2600 3990 tot
2639 3940 2889 3998 unitates
2919 3929 3186 4018 ejecturzb
3219 3954 3546 4014 distribuas.
3601 3961 3704 4015 Ca-

2085 4013 2311 4115 thetum
2345 4035 2480 4115 vero
2511 4023 2588 4078 sic
2612 4013 3047 4104 investigestx
3081 4042 3563 4115 multiplicatione

2083 4102 2243 4208 noris
2266 4105 2664 4208 bypotenusze
2704 4102 3017 4190 ejecturam
3051 4127 3108 4184 in
3149 4147 3208 4186 se
3247 4102 3692 4208 multiplicatam

2082 4189 2430 4290 distrahens,
2462 4202 2687 4276 reliqui,
2722 4210 2819 4279 qui
2869 4217 3234 4287 superfuerit,
3271 4189 3644 4283 latuslsumas
3679 4247 3692 4296 ;

369 4320 493 4376 tate
523 4322 746 4395 sagitta:
776 4295 1162 4394 postrevmitati
1189 4295 1532 4394 inhairente,
1567 4295 1980 4389 altera
2079 4295 2487 4395 3113,1333???
2535 4295 2645 4393 eri?
2695 4303 3210 4395 peipepdicularis'
3259 4311 3435 4383 Hujus
3488 4321 3686 4374 autem

379 4371 489 4376 νν--ν
523 4371 745 4395 --ο---ν-
779 4371 926 4394 ι-ν-ν-
943 4371 1162 4379 ν---η-η
1190 4371 1532 4394 ι--ιονυιν--νν,
1567 4371 1749 4386 υ-ιυν-υι
1776 4371 1834 4386 ιιι
1859 4371 1979 4389 ιιια-
2243 4371 2252 4380 -
2385 4375 2416 4386 ι-
2453 4377 2464 4388 .
2533 4397 2543 4408 ν
2629 4383 2638 4393 .
2779 4386 2788 4396 ,
2882 4390 2892 4400 ,
3339 4371 3360 4383 υ
3602 4371 3682 4374 ""

371 4425 452 4464 nu
487 4414 871 4471 remanente.
928 4411 1148 4484 Sagitta
1197 4431 1332 4469 arcu
1385 4417 1594 4473 emissa
1657 4420 2044 4484 altitudinisﬂ
2077 4371 2707 4484 f‘ﬂfigwi'mf’m”
2745 4403 2792 4440 Si
2843 4405 2924 4484 iis
2955 4395 3288 4484 ermbadum’
3323 4401 3431 4458 duc
3465 4422 3570 4477 per
3593 4423 3682 4462 σθ’

371 4457 452 4464 ---
506 4457 871 4471 ---η--.-ι-..η
929 4457 1001 4468 νι-
1047 4457 1148 4468 ...νυ-
1197 4457 1332 4469 μιν..
1386 4457 1594 4473 νει-ωσι..
1657 4457 1974 4478 αιυιιιιιυυιδ
2382 4463 2392 4473 .
2887 4480 2897 4490 _
3270 4457 3286 4467 ι
3413 4457 3420 4458 ί
3465 4457 3559 4477 r"
3599 4457 3660 4462 '—

370 4499 778 4555 mensuranda:
833 4457 1110 4556 cacunlien
1161 4503 1460 4566 percutiat.
1495 4509 1629 4562 Post
1675 4509 1798 4565 haec
1827 4460 2046 4566 alte-D
2077 4457 2324 4566 ’
2379 4464 2437 4564 Id.
2483 4471 2568 4522 eSt
2614 4477 3160 4566 Perpend‘cularem
3211 4488 3397 4546 baSim
3443 4493 3680 4551 horum-

1160 4518 1460 4573 percutiat.
1495 4518 1629 4562 Post
1675 4518 1798 4565 htec
1827 4518 2024 4566 alte-"
2082 4518 2324 4604 Deinde'
2425 4554 2434 4564 .
2493 4518 2566 4522 "'
2616 4518 3160 4584 τν⁸νν⁵ω¹υῗ¹εξ¹ειξι
3211 4518 3397 4546 υαδιιιι
3443 4518 3680 4551 "Orum.

1187 4591 1360 4646 modo
1407 4594 1625 4647 samum
1679 4599 1762 4647 vel
1796 4600 1968 4647 alia";
2488 4573 2555 4611 ex
2612 4559 2718 4616 hac
2776 4569 3258 4642 multiplicatione
3307 4583 3683 4647 excreverint,

2075 4653 2241 4740 sume
2274 4641 2550 4740 mediam,
2592 4665 2718 4721 quae
2765 4641 2981 4729 absque
3014 4661 3188 4720 dubio
3215 4669 3556 4740 ampligonii
3586 4641 3684 4730 ﬁet

2074 4740 2167 4778 em
2183 4725 2425 4790 badum.

366 4587 488 4643 rius
515 4587 596 4642 ﬁli
620 4588 921 4644 summitas
949 4590 1154 4645 eodem
1187 4591 1360 4646 modo
1407 4594 1625 4664 sagitta)
1679 4599 1764 4653 vel
1796 4600 1974 4674 aliqui

357 4676 555 4749 jaculo
591 4677 866 4750 illigetur,
898 4681 956 4733 et
981 4678 1191 4736 horum
1220 4684 1415 4736 utrum
1438 4683 1519 4737 vis
1549 4687 1872 4758 projectum
1898 4692 1975 4745 al-

363 4765 628 4822 titudinis
671 4765 954 4833 radicem,
1005 4771 1066 4822 ut
1097 4767 1254 4840 prius
1303 4786 1580 4826 cacumen
1613 4774 1806 4832 feriat.
1849 4777 1972 4842 Quo

363 4855 526 4912 facto
566 4859 877 4929 utrumque
930 4857 1095 4911 ﬁlum
1137 4858 1419 4929 retrahas,
1451 4863 1509 4914 et
1559 4867 1700 4934 quot
1757 4867 1972 4936 pedum

364 4943 454 4999 vel
488 4943 813 5000 cubitorum
855 4945 948 5013 sit,
981 4949 1296 5018 utrumque
1331 4948 1644 5020 diligenter
1671 4969 1975 5010 mensura-

361 5033 489 5088 tum
511 5031 800 5105 inspicias.
830 5034 1051 5090 Deinde
1083 5035 1358 5108 cujusque
1393 5037 1470 5092 lili
1503 5038 1744 5112 quisque
1773 5060 1974 5098 nume-

360 5137 460 5177 rus
486 5121 546 5177 in
577 5138 636 5177 se
662 5121 866 5178 ductus
898 5123 1339 5196 multiplicetur,
1361 5129 1651 5200 etquanta
1675 5131 1970 5205 utriusque

361 5212 854 5286 multiplicationis
907 5231 1137 5269 summa
1184 5215 1359 5270 fuerit
1438 5219 1852 5291 perpendetur,
1904 5241 1969 5279 ac

359 5301 554 5357 minor
591 5319 819 5359 summa
852 5303 922 5358 de
954 5304 1164 5375 majori
1187 5306 1580 5375 subtrahatur,
1601 5313 1658 5365 et
1679 5313 1813 5366 tunc
1841 5314 1968 5385 ejus

360 5390 612 5457 numeri,
645 5392 744 5462 qui
771 5391 841 5447 de
872 5393 1080 5464 majori
1111 5410 1341 5449 summa
1389 5399 1757 5467 remanserit,
1792 5404 1964 5459 tetra-
2077 5390 2092 5426 ³

355 5481 567 5554 gonale
596 5481 745 5535 latus
770 5481 1080 5554 diligenter
1109 5483 1451 5555 inquiratur.
1489 5486 1601 5540 Hoc
1658 5505 1790 5545 vero
1833 5492 1960 5546 dili-

355 5572 564 5642 genter
582 5568 852 5641 inquisito
866 5575 925 5626 et
949 5571 1514 5642 sapienterinvento,
1536 5578 1619 5629 tot
1635 5577 1847 5648 pedum
1871 5581 1959 5636 vel

357 5658 683 5715 cubitorum
707 5658 1086 5731 ambiguitate
1105 5665 1329 5716 semota
1347 5662 1611 5732 altitudo,
1638 5664 1708 5720 de
1733 5683 1846 5738 qua
1867 5667 1957 5725 in-
2069 5658 2084 5706 ε

357 5746 625 5826 quiritur,
649 5749 1061 5824 pronuntietur
1081 5749 1236 5826 quod
1265 5749 1480 5827 pedum
1507 5754 1593 5810 vel
1623 5753 1951 5814 cubitorum

2178 4900 2181 4901 ί
2318 4873 2461 4975 “ab

2240 5044 2320 5140 ἦ
2393 4954 2491 5139 €11:
2500 4967 2719 5128 ὀῴοίοη

2087 5197 2142 5238 0
2475 5105 2666 5240 0400’”
2763 5124 2834 5188 18
2836 5172 2960 5253 ped

2083 5242 2138 5340 ἓ
2386 5239 2507 5382 σοολρ
2702 5241 2917 5371 “ﬁcio
2947 5251 2960 5265 ο

2082 5345 2120 5375 ω
3006 5375 3021 5392 ι

2077 5379 2132 5426 τ’·
2487 5373 2614 5512 τιὺρ
2917 5355 3178 5518 ολνῆρ>ρ
3333 5437 3365 5454 ν.

2075 5510 2126 5542 οδ
2590 5506 2639 5556 ο
3165 5492 3250 5561 εἰ)
3513 5523 3520 5532 ·
3541 5532 3554 5544 ο

2057 5570 2113 5643 s
2622 5545 2663 5590 ⁰
3260 5572 3319 5603 ’-
3589 5573 3592 5576 ‘

2069 5647 2127 5706 ρ.
2317 5700 2333 5706 _
2475 5697 2490 5706 η
2893 5675 2895 5677 ,
3467 5720 3470 5722 Ὺ
