4018 6170
453 409 550 464 135

1025 520 1248 582 CAPUT
1296 521 1495 578 XLVII.

811 653 926 709 Per
953 651 1220 706 calfactum
1253 647 1424 702 basim
1449 646 1702 700 invenire.

525 783 634 838 Per
663 778 962 836 eathetum
992 775 1175 832 basim
1219 772 1477 828 invenire
1527 771 1571 826 si
1620 769 1721 837 vis,
1766 767 2060 823 cathetum

451 871 640 944 ipsum
663 869 837 924 ducas
861 865 920 921 in
947 880 1028 932 se,
1051 863 1110 917 id
1132 865 1218 917 est
1239 866 1292 929 5,
1317 860 1414 932 qui
1443 860 1591 914 fiunt
1613 862 1701 914 25.
1732 857 1806 911 Ex
1835 855 1923 910 his
1946 868 2060 908 uno

451 940 690 1032 dempto
717 954 923 1028 reliqui
954 957 1022 1010 24
1043 950 1350 1008 dimidium
1380 947 1667 1015 sumas,id
1683 949 1768 1000 est
1801 947 1886 1010 I2,
1905 940 2061 1032 quod

453 1047 562 1103 erit
593 1030 766 1102 basis.
800 1043 940 1098 Huic
959 1056 1094 1096 vero
1125 1037 1362 1111 adjicias
1395 1053 1577 1092 unum
1611 1032 1872 1106 superius
1895 1030 2063 1086 dem-

448 1139 638 1207 ptum,
669 1137 728 1190 et
752 1131 1011 1188 invenies
1041 1129 1484 1200 hypotenusam.

521 1222 763 1279 Embadi
797 1223 994 1276 autem
1015 1215 1462 1290 pedesiuvenire
1479 1210 1932 1286 cupiens,basim
1958 1223 2063 1280 per

449 1309 846 1379 cathetum,id
869 1311 956 1363 est
998 1310 1064 1362 I2
1095 1321 1200 1376 per
1243 1309 1273 1359 5
1318 1304 1512 1371 ducas,
1549 1303 1692 1358 fient
1740 1305 1828 1357 60.
1886 1298 2062 1368 Hujus

451 1402 683 1474 sumpta
707 1396 949 1455 dimidia
974 1394 1033 1450 id
1063 1395 1149 1448 est
1178 1397 1267 1461 30,
1295 1394 1406 1450 erit
1436 1391 1773 1450 embadum.

907 1493 970 1551 13

962 1789 1053 1838 30

962 1800 1053 1838 30

837 1957 964 2009 ‘I2

1010 2108 1234 2166 CAPUT
1273 2107 1497 2164 XLVIII.

790 2235 1110 2306 Trapz'zetici
1137 2231 1421 2288 embadum
1449 2233 1704 2286 invenire.

516 2349 894 2423 Trapizeticus
948 2352 1034 2403 est
1082 2346 1231 2401 basis
1275 2345 1491 2416 pedum
1541 2349 1632 2413 40,
1665 2348 1921 2403 cathetus
1967 2354 2056 2419 30,

449 2442 748 2496 coraustus
780 2441 865 2493 25.
891 2434 1212 2491 Embadum
1253 2432 1591 2504 dignoscere
1617 2433 1662 2488 si
1689 2434 1790 2502 vis,
1823 2452 1927 2506 per
1963 2455 2056 2495 ca-

450 2530 674 2584 thetum
705 2523 1023 2596 multiplica
1073 2524 1424 2588 corauslum,
1457 2521 1515 2574 id
1565 2525 1650 2574 est
1702 2524 1959 2594 trigesies
1990 2531 2055 2583 25

450 2616 600 2671 ﬁunt
624 2619 747 2672 750.
770 2615 951 2680 Tunc,
973 2610 1128 2684 quod
1145 2609 1427 2681 reliquum
1457 2610 1543 2662 est
1569 2609 1740 2677 basis,
1760 2611 1933 2668 ducas
1954 2631 2060 2685 per

452 2705 768 2770 cathetum,
795 2701 856 2756 id
877 2704 966 2754 est
983 2697 1244 2769 trigesies
1271 2701 1334 2751 I5
1356 2700 1489 2750 sunt
1513 2701 1618 2753 450
1642 2699 1897 2756 medium
1930 2707 2054 2771 225,

441 2793 624 2864 junge
648 2787 1056 2862 superioribus,
1084 2788 1217 2840 sunt
1241 2789 1366 2843 975.
1401 2785 1540 2839 Ecce
1595 2785 1884 2843 invenitur
1931 2807 2054 2846 em-

447 2880 686 2936 badum.

1022 3022 1206 3046 ,ειμι-..δ
1218 3023 1394 3038 -ι-ιηοσ..

1022 3049 1032 3086 I
1167 3049 1230 3086 25

1022 3033 1230 3086 ,ιμ--ἶδ
1241 3033 1288 3037 _
1295 3033 1298 3035 .
1305 3033 1394 3038 w

913 3156 965 3219 8
1020 3049 1034 3286 Ι
1079 3154 1086 3159 ’
1134 3171 1238 3212 επ
1398 3033 1506 3286 \

1020 3407 1244 3465 CAPUT
1280 3409 1451 3465 XLIX.

450 3517 689 3588 Tragom’
701 3513 962 3588 isopleori,
982 3513 1142 3588 cujus
1153 3521 1279 3568 sunt
1301 3514 1515 3588 stragula
1544 3515 1712 3570 latera
1734 3518 1824 3584 30,
1849 3513 2060 3569 embadi

929 3584 1088 3658 pedes
1116 3584 1568 3657 comprehendere.

516 3690 754 3765 Trigoni
787 3689 1080 3763 isoplevri,
1108 3690 1269 3762 cuius
1311 3694 1446 3747 sunt
1487 3691 1716 3764 singula
1747 3693 1930 3748 latera
1967 3696 2057 3756 30,

449 3781 685 3838 embadi
702 3778 879 3853 pedes
888 3779 1384 3851 comprehendere
1401 3780 1447 3836 si
1468 3780 1571 3849 vis,
1593 3781 1751 3853 prius
1765 3781 2058 3837 cathetum

444 3871 524 3927 sic
547 3868 832 3926 invenias.
853 3868 1024 3924 Latus
1059 3885 1240 3924 unum
1264 3868 1326 3926 in
1345 3885 1405 3925 se
1436 3869 1566 3938 duc,
1595 3869 1738 3926 flent
1761 3874 1894 3938 900;
1918 3870 2058 3926 item

447 3958 684 4016 alterius
723 3957 920 4014 lateris
959 3955 1218 4031 mediam
1267 3957 1325 4012 in
1368 3975 1447 4026 se,
1480 3959 1623 4014 fient
1659 3959 1928 4015 225.-IIos
1957 3957 2058 4014 de-

447 4049 642 4104 trahas
671 4047 743 4103 de
774 4049 900 4113 900,
931 4045 1318 4101 remanebunt
1340 4051 1442 4103 6‘75
1473 4046 1691 4112 Quibus
1704 4047 1749 4102 si
1766 4047 2057 4103 addideris

449 4154 653 4204 unum,
684 4136 828 4192 fient
853 4139 977 4192 676.
1022 4134 1201 4205 Hujus
1241 4134 1389 4189 latus
1425 4138 1512 4190 est
1549 4139 1640 4194 26.
1674 4135 1812 4190 Ecce
1861 4134 2054 4189 cathe-

445 4229 574 4281 tum
606 4241 719 4297 quo
745 4239 851 4296 per
874 4222 1023 4278 basis
1047 4221 1348 4278 dimidiam
1367 4223 1768 4296 multiplicato,
1800 4222 1858 4278 id
1889 4226 1974 4278 est
1991 4226 2053 4276 I5

447 4329 552 4386 per
575 4316 666 4380 26,
697 4312 874 4384 pedes
903 4310 1160 4366 invenies
1193 4311 1426 4368 embadi
1457 4316 1580 4370 390.

1116 4837 1165 4882 ,ἠ

1124 5013 1191 5064 30

519 5213 582 5266 In
611 5209 772 5265 omni
802 5208 978 5280 igitur
998 5204 1343 5278 orthogonio
1375 5203 1665 5258 cathetum
1689 5203 1747 5254 et
1763 5198 1950 5254 basim
1981 5197 2062 5254 ef-

447 5299 618 5354 ﬁcere
632 5298 1055 5369 hypotenusam
1081 5291 1387 5364 contingit;
1405 5292 1826 5363 hypotenusam
1841 5303 1975 5342 vero
2002 5291 2061 5342 et

447 5387 741 5444 cathetum
766 5385 981 5454 basim;
1006 5386 1430 5457 hypotenusam
1447 5381 1658 5435 iterum
1681 5382 1739 5433 et
1758 5377 1946 5433 basim
1973 5393 2062 5433 ca-

447 5478 696 5533 thetum.
712 5474 952 5530 Catheto
982 5489 1236 5546 namque
1262 5471 1320 5526 in
1341 5487 1401 5525 se
1430 5467 1808 5540 multiplicato
1822 5467 1877 5522 id
1896 5470 1981 5521 est
2003 5471 2058 5533 5,

449 5567 549 5642 qui
579 5565 723 5621 flent
759 5567 850 5632 25,
877 5565 937 5618 et
981 5562 1124 5630 basi,
1167 5560 1224 5616 id
1266 5564 1352 5615 est
1400 5563 1484 5626 I2,
1524 5557 1623 5630 qui
1657 5559 1756 5612 144
1787 5571 2059 5611 accumu-

447 5648 592 5724 lant,
610 5658 669 5712 et
690 5653 948 5725 utrisque
972 5649 1140 5706 simul
1166 5649 1222 5704 in
1250 5663 1428 5704 unum
1444 5645 1658 5720 junctis
1684 5645 1829 5700 ﬁunt
1862 5648 1984 5707 169,
2005 5649 2062 5699 et

1053 397 1400 458 suvssrm
1441 397 1485 452 ιι
1526 393 1738 451 pars:
1776 385 1931 450 orr.
1973 375 2150 444 Pstis
2188 383 2231 441 I.
2283 413 2350 426 —
2398 381 2490 438 DE
2529 380 2815 440 DlSCIPL.
2857 377 3165 436 MATHEH.

2083 517 2137 574 Α
2166 527 2230 565 ex
2249 510 2357 564 hac
2371 509 2519 563 latus
2540 509 2835 578 sumptum
2871 503 2980 559 erit
3007 503 3388 574 hypotenusa.
3419 498 3496 552 Ex
3533 498 3776 569 hypote-

2075 3125 2123 3182 C

3675 370 3772 430 I36

2167 614 2308 652 nusa
2329 600 2523 652 autem
2547 595 2606 650 in
2632 611 2691 649 se
2715 592 3116 665 multiplicata,
3153 589 3212 644 id
3241 591 3328 643 est
3375 591 3462 654 13,
3497 584 3592 658 qui
3629 585 3776 640 fiunt

2168 690 2288 752 I69,
2308 684 2351 738 si
2384 682 2686 739 deduxeris
2719 681 3012 736 cathetum
3047 678 3105 732 in
3131 693 3213 744 se,
3242 675 3300 730 id
3321 677 3406 729 est
3435 677 3502 728 25
3545 671 3775 743 reliqui,

2163 773 2219 828 id
2249 775 2336 827 est
2364 774 2487 839 I44,
2520 786 2715 825 sumas
2746 769 2914 835 latus,
2947 766 3004 821 id
3034 768 3120 819 est
3153 765 3237 831 12,
3269 762 3378 818 erit
3402 760 3571 817 basis.
3595 760 3780 831 Hypo-

2163 867 2427 918 tenusam
2480 876 2616 915 vero
2658 859 2702 913 si
2744 854 3213 929 multiplicaveris
3246 853 3303 907 in
3347 867 3427 918 se,
3474 852 3531 905 et
3569 848 3777 903 exinde

2163 951 2467 1007 summulas
2488 946 2726 1004 accretm
2748 945 2932 1002 basim
2957 942 3093 998 inde
3115 939 3470 1007 subduxeris,
3488 938 3548 993 id
3563 940 3648 991 est
3676 939 3777 990 144

2163 1039 2390 1112 reliqui,
2425 1037 2483 1094 id
2518 1040 2604 1092 est
2633 1040 2725 1104 25,
2758 1036 2906 1090 latus
2946 1032 3158 1087 cathcti
3206 1030 3305 1085 fiet
3340 1041 3634 1083 numerus.
3669 1025 3774 1080 Ca-

2162 1128 2386 1183 thetum
2417 1129 2475 1182 et
2502 1125 2686 1182 basim
2733 1123 2793 1178 in
2833 1122 3047 1177 eisdem
3091 1117 3452 1190 orthogoniis
3489 1113 3778 1184 contingit

2163 1217 2393 1272 efﬁcere
2416 1212 2732 1270 embadum
2752 1211 2962 1266 taliter.
2989 1209 3250 1270 Catheto,
3277 1206 3336 1260 id
3355 1211 3441 1260 est
3465 1209 3517 1272 5,
3541 1219 3646 1274 per
3669 1203 3774 1257 ba-

2162 1307 2294 1372 sim,
2326 1303 2386 1358 id
2412 1306 2498 1357 est
2548 1306 2612 1356 12
2655 1298 3057 1370 multiplicato,
3099 1295 3240 1350 fient
3283 1298 3385 1361 60;
3430 1291 3600 1363 hujus
3637 1307 3772 1346 vero

2164 1391 2504 1458 dimidium,
2531 1389 2590 1444 id
2633 1391 2719 1443 est
2762 1390 2850 1452 30,
2897 1384 3007 1439 erit
3042 1383 3376 1438 embadum.
3411 1380 3576 1446 Quod
3612 1379 3767 1434 idem

2163 1481 2349 1548 fleret,
2381 1479 2427 1534 si
2457 1493 2562 1549 per
2593 1474 2804 1530 catheti
2836 1471 3139 1528 dimidiam
3174 1471 3344 1541 basis,
3374 1471 3462 1526 vel
3490 1477 3592 1541 per
3620 1468 3771 1524 basis

2163 1568 2471 1626 dimidium
2501 1565 2763 1621 cathetus
2783 1560 3282 1633 multiplicaretur.

2786 1723 2849 1776 I3

2811 1989 2937 2043 so”

2806 2172 2871 2223 12

2797 2304 3021 2360 GAPUT
3063 2304 3124 2359 L.

2235 2399 2467 2470 Trigom'
2486 2396 2706 2452 isoscclz's
2733 2395 3001 2451 cathetum
3031 2392 3264 2446 invenire
3286 2390 3370 2445 vel
3394 2389 3693 2448 embadum.

2228 2486 2464 2558 Trigoni
2510 2485 2733 2540 isocelis
2763 2483 2950 2552 (Cod.,
3004 2479 3292 2551 isoscelis),
3337 2479 3496 2548 cujus
3545 2478 3773 2549 singula

2160 2577 2340 2631 latera
2369 2578 2503 2630 sunt
2532 2573 2748 2646 pedum
2799 2576 2889 2639 25,
2922 2568 3072 2625 basis
3111 2585 3244 2623 vero
3293 2571 3377 2634 I4,
3428 2567 3470 2621 si
3512 2567 3770 2622 cathetus

2159 2667 2471 2736 quaeratur,
2494 2664 2581 2718 vel
2610 2660 2944 2717 embadum.
2966 2659 3090 2713 Uno
3117 2658 3292 2711 latere
3321 2657 3379 2710 in
3411 2673 3470 2711 se
3503 2656 3770 2717 ducto,id

2158 2756 2245 2807 est
2269 2756 2360 2820 25,
2385 2752 2527 2806 fient
2547 2755 2668 2807 625.
2693 2749 2786 2804 llis
2815 2748 2857 2802 si
2888 2747 3222 2802 subduxeris
3263 2744 3570 2800 dimidium
3619 2744 3772 2798 basis

2157 2840 2215 2894 in
2247 2856 2306 2894 se
2326 2843 2416 2906 49,
2450 2837 2679 2910 reliqui,
2709 2837 2768 2891 id
2814 2839 2898 2890 est
2931 2839 3034 2889 576
3059 2849 3251 2888 sumas
3271 2833 3439 2900 latus,
3475 2833 3534 2887 id
3563 2835 3649 2885 est
3675 2835 3769 2897 24,

2157 2933 2216 2983 et
2245 2930 2334 2982 tot
2361 2927 2575 2999 pedum
2590 2925 2702 2981 erit
2723 2925 3001 2980 cathetus.
3017 2921 3140 2986 Oub
3161 2935 3267 2995 per
3290 2921 3440 2976 basis
3461 2918 3767 2974 dimidium

2154 3016 2554 3087 multiplicato,
2583 3014 2839 3071 invenies
2871 3011 3104 3068 embadi
3139 3025 3449 3065 numerum
3485 3014 3606 3065 I69.

2766 3486 3086 3500 *-

2913 3534 2978 3587 14

2788 3655 3013 3712 CAPUT
3055 3655 3137 3709 LI.

2441 3749 2666 3819 Trz'gom'
2689 3745 2890 3802 scaleni
2924 3744 3199 3800 cathetum
3227 3741 3483 3795 invenire.

2224 3856 2460 3930 Trigoni
2486 3854 2720 3922 scaleni,
2747 3853 2909 3925 cujus
2940 3850 3135 3906 minus
3163 3849 3312 3902 latus
3334 3845 3406 3900 sit
3436 3843 3652 3916 pedum
3684 3847 3776 3910 I5,

2159 3947 2310 4003 basis
2338 3950 2427 4010 25,
2462 3945 2649 4016 majus
2681 3945 2829 3998 latus
2857 3945 2946 4010 20,
2975 3939 3268 3994 cathetum
3288 3931 3620 3990 inveniendi
3647 3932 3778 3986 haec

2158 4036 2268 4092 erit
2291 4036 2492 4107 regula
2519 4051 2532 4089 :
2558 4034 2782 4090 minore
2805 4033 2988 4086 latere
3015 4029 3073 4083 in
3099 4044 3158 4082 se
3180 4020 3645 4096 multiplicato,id
3663 4026 3777 4089 est,

2161 4130 2224 4180 15
2254 4125 2398 4180 ﬁent
2420 4127 2548 4191 225,
2592 4122 2716 4178 basi
2752 4136 2908 4186 vero,
2941 4117 3000 4173 id
3051 4119 3136 4171 est
3180 4118 3271 4180 25,
3313 4114 3484 4167 erunt
3512 4114 3635 4166 625.
3673 4109 3772 4163 His

2155 4213 2447 4285 utrimque
2464 4209 2768 4267 summulis
2789 4209 2849 4263 in
2876 4223 3060 4262 unum
3079 4201 3296 4274 junctis
3323 4200 3465 4254 flent
3480 4203 3604 4255 850.
3639 4196 3778 4261 Qui-

2156 4303 2262 4358 bus
2288 4301 2334 4356 si
2363 4285 2700 4356 subduxeris
2727 4297 2916 4369 majus
2947 4295 3095 4349 latus
3126 4292 3184 4347 in
3219 4307 3300 4353 se,
3330 4288 3387 4343 id
3415 4291 3499 4344 est
3528 4290 3635 4344 400
3662 4303 3677 4354 ;
3709 4303 3787 4341 ex

2079 4384 2401 4463 Dreliquo,
2433 4389 2531 4463 qui
2577 4386 2950 4461 superfuerit,
2988 4382 3046 4438 id
3091 4384 3180 4437 est
3218 4383 3344 4446 450,
3389 4393 3552 4432 sume
3603 4375 3788 4430 dimi-

2155 4476 2868 4547 dium,idest225,eodem
2917 4486 3166 4529 numero
3206 4465 3652 4524 denominatam
3681 4479 3785 4518 ac-

2155 4567 2334 4639 cipias
2362 4569 2612 4638 partem,
2646 4581 2760 4637 quo
2805 4557 3254 4634 superscribitur
3282 4554 3452 4618 basis,
3487 4553 3544 4607 id
3570 4554 3654 4607 est
3685 4555 3785 4618 25,

2156 4671 2376 4711 nonam
2407 4670 2540 4709 vero
2571 4657 2638 4710 25
2670 4650 2809 4707 dicti
2840 4648 3068 4705 numeri
3112 4644 3398 4710 invenies,
3431 4645 3489 4698 et
3539 4644 3626 4695 tot
3673 4656 3789 4711 pe-

2157 4746 2294 4800 dum
2321 4744 2432 4799 erit
2469 4742 2664 4799 minor
2699 4739 3030 4814 praecisum,
3063 4752 3178 4809 qua
3205 4733 3264 4788 in
3302 4749 3363 4788 se
3392 4728 3789 4802 multiplicata

2158 4836 2299 4890 ﬁent
2327 4838 2414 4893 81.
2451 4833 2603 4898 Quos
2637 4831 2681 4886 si
2726 4827 3063 4886 subduxeris
3100 4825 3172 4880 de
3217 4821 3460 4878 minoris
3488 4818 3684 4874 lateris
3715 4818 3783 4872 in

2157 4941 2216 4978 se
2246 4921 2752 4994 multiplicatione,
2785 4919 2843 4974 id
2889 4921 2974 4973 est
3012 4916 3082 4970 de
3125 4917 3251 4980 225,
3287 4908 3516 4981 reliqui,
3549 4907 3645 4980 qui
3679 4923 3784 4960 su-

2159 5011 2455 5084 perfuerit,
2488 5010 2547 5066 id
2572 5013 2659 5065 est
2692 5013 2812 5077 I44,
2837 5008 2983 5062 latus
3014 5004 3114 5059 liet
3143 4999 3356 5058 catheti
3385 5012 3684 5054 numerus.

2921 5651 2988 5702 25
