3986 6170
215 348 290 400 m
1561 324 2119 399 DEjGEOMETRIA.

776 452 1009 510 CAPUT
1032 454 1145 510 LII.

475 565 534 619 In
562 563 829 636 quadrato
861 561 1166 631 diagonum
1197 561 1462 628 invenire,

258 663 306 714 ln
334 655 596 729 quadrato
630 651 962 721 diagouum
996 649 1266 703 invenire
1301 649 1344 702 si
1376 649 1481 714 vis,
1517 649 1581 701 ut
1611 646 1668 700 in
1700 662 1792 701 or-

204 744 445 819 thogoniis
466 744 586 813 jam
611 739 888 805 diximus,
905 739 1058 791 latus
1079 753 1286 798 unum,
1311 736 1398 790 cui
1434 737 1701 805 superest
1729 738 1785 801 4,

202 841 245 892 in
270 852 317 889 se
343 833 523 895 ducas,
555 832 614 882 et
643 826 789 880 fient
826 830 909 880 l6.
939 826 1136 878 Altero
1163 840 1297 878 vero
1320 824 1379 878 in
1414 840 1475 877 se
1499 823 1699 884 ducto,
1724 823 1787 877 id

201 929 266 980 est
287 926 333 988 3,
357 924 403 974 9.
434 917 648 982 Quibus
679 915 739 967 in
772 928 956 966 unum
996 911 1217 981 junctis
1271 912 1413 966 fient
1464 914 1557 965 25.
1613 911 1788 981 Cujus

199 1028 304 1067 vero
338 1010 377 1061 si
414 1002 728 1074 sumpseris
772 1002 944 1066 latus,
990 998 1230 1053 elI'ecisti
1279 1000 1624 1071 diagonum,
1678 999 1791 1054 Per

201 1099 322 1172 quod
341 1092 655 1150 embadum
698 1088 969 1143 invenire
1015 1086 1061 1140 si
1088 1086 1188 1153 vis,
1224 1088 1331 1141 duc
1352 1088 1409 1141 in
1442 1104 1505 1141 se
1532 1087 1675 1141 fient
1698 1090 1788 1142 25.

200 1187 340 1256 Hujus
371 1184 597 1251 sumpta
655 1175 943 1230 medietas
978 1175 1046 1226 ﬁt
1096 1174 1431 1230 embadum.
1464 1174 1582 1230 Sed
1632 1175 1791 1246 quod

202 1272 483 1348 propiusest
503 1263 764 1330 veritati,
793 1267 854 1316 et
883 1262 944 1315 in
967 1262 1141 1316 omni
1173 1262 1456 1334 contingit
1476 1263 1788 1333 quadrato,

202 1355 672 1434 perlatitudinem
722 1348 1034 1421 longitudo
1077 1352 1167 1403 est
1218 1350 1676 1422 multiplicanda,
1732 1356 1795 1406 et

200 1450 272 1522 qui
297 1446 415 1501 inde
458 1438 788 1498 excreverit
834 1439 981 1491 ﬁuut
1024 1436 1203 1508 pedes
1234 1453 1401 1494 areas.

957 1528 991 1580 4
1022 1536 1029 1545 .

892 1874 949 1915 18

965 2153 1002 2206 4

782 2254 1010 2309 CAPUT
1038 2254 1179 2309 LIII.

407 2360 724 2415 Numerum
760 2360 1021 2413 arborum
1052 2360 1114 2415 in
1149 2373 1279 2426 agro
1306 2351 1543 2408 invenire

254 2451 404 2517 Ager,
424 2449 592 2518 cujus
611 2448 922 2515 longitudo
951 2450 1038 2502 est
1057 2446 1276 2519 pedum
1301 2438 1676 2504 129,1atitudo
1706 2437 1802 2502 70,

203 2536 247 2590 in
272 2554 371 2607 quo
408 2537 652 2591 arbores
679 2537 974 2606 dispositas
1002 2538 1137 2590 sunt
1166 2534 1324 2588 inter
1351 2530 1525 2602 pedes
1557 2532 1619 2595 5;
1659 2541 1808 2597 qua-

204 2640 305 2678 rum
323 2642 618 2690 numerus,
634 2624 676 2678 si
707 2628 1029 2694 qumratur,
1053 2621 1350 2690 utriusque
1373 2614 1802 2689 partis,quanta

204 2716 287 2779 est,
312 2713 594 2768 sumenda
635 2716 742 2781 est,
773 2711 1162 2783 longitudinis
1197 2707 1411 2762 scilicet
1429 2710 1517 2771 24η,
1543 2702 1797 2759 latitudi-

205 2801 272 2854 nis
320 2805 395 2855 14.
450 2801 674 2865 Quibus
734 2799 988 2854 invicem
1049 2794 1462 2866 multiplicatis,
1493 2793 1638 2846 fient
1669 2792 1798 2845 336.

204 2888 316 2943 Ecce
344 2905 625 2943 numerus
646 2888 955 2943 arborum.

258 2978 339 3030 Est
364 2982 419 3031 et
446 2978 562 3031 alia
596 2975 954 3041 inveniendi,
990 2974 1218 3044 regula,
1266 2974 1326 3025 ut
1351 2986 1454 3042 per
1481 2965 1797 3039 longitudi-

204 3081 311 3119 nem
346 3065 593 3119 latitudo
636 3064 1085 3135 multiplicetur,
1126 3065 1185 3114 et
1221 3060 1360 3113 fient
1399 3059 1559 3124 81-90,
1593 3055 1799 3127 quibus
1823 3061 1871 3118 (ι

203 3168 287 3222 per
304 3146 609 3225 quinquies
638 3152 923 3224 quinque,
947 3150 1008 3204 id
1032 3152 1119 3203 est
1151 3151 1236 3214 25,
1262 3143 1487 3219 partitis
1508 3144 1651 3198 ﬁent
1671 3144 1798 3209 336,

204 3244 247 3293 et
272 3245 338 3295 tot
370 3245 542 3296 erunt
562 3241 828 3297 arbores.
864 3240 985 3295 Sub
1008 3236 1249 3292 scientia
1276 3249 1408 3288 vero
1432 3230 1800 3303 longitudine

202 3344 309 3384 eum
355 3347 606 3385 numero
659 3330 939 3384 arborum
990 3324 1414 3397 comprehensa
1442 3318 1686 3375 latitudo
1720 3319 1801 3374 sic

203 3422 477 3488 quaeratur,
513 3421 623 3474 120
658 3418 758 3491 qui
794 3432 1079 3471 numerus
1110 3417 1198 3469 est
1232 3407 1634 3481 longitudinis,
1667 3424 1802 3478 par-

205 3507 349 3562 tiatur
376 3526 478 3581 per
514 3512 574 3573 ὅ,
618 3510 678 3562 et
707 3508 881 3561 erunt
916 3508 1010 3571 24,
1046 3502 1189 3575 Quos
1229 3515 1503 3595 numerus
1526 3495 1803 3595 arborum

205 3598 287 3651 336
311 3597 568 3651 continet
612 3595 805 3650 decies
837 3596 1087 3666 quater;
1136 3588 1235 3683 qui
1384 3589 1442 3683 et
1489 3584 1597 3657 ipsi
1619 3585 1803 3683 _quin-

205 3686 337 3757 quies
355 3686 503 3741 ducti
531 3684 795 3740 efﬁciunt
825 3688 924 3749 7t);
951 3696 1084 3753 quin
1116 3682 1202 3732 est
1222 3675 1467 3731 latitudo
1509 3675 1656 3745 agri.

942 3773 1047 3826 120

466 4017 584 4084 701
889 4031 1009 4082 ωδ
1430 4017 1535 4084 370

957 4293 1059 4346 120

803 4395 1033 4452 CAPUT
1075 4392 1205 4449 LIV.

581 4504 819 4561 Rhombi
852 4501 1126 4557 cathetum
1165 4514 1418 4570 qum'ere.

270 4597 505 4653 Rhombi
551 4595 721 4666 (Cod.
753 4590 970 4662 cumbi)
1002 4603 1160 4655 vero,
1216 4587 1374 4658 cujus
1417 4586 1559 4683 flent
1581 4584 1812 4683 singula

213 4684 369 4740 latera
402 4686 629 4757 pedum
672 4685 758 4749 lO,
810 4683 868 4734 et
915 4677 1240 4748 diagonum
1290 4679 1377 4744 12,
1408 4674 1701 4729 cathetum
1730 4674 1809 4727 sic

217 4788 432 4845 queres.
460 4775 802 4843 Diagonum
823 4766 1155 4832 dimidium,
1181 4764 1237 4819 id
1256 4767 1360 4833 est,
1392 4769 1444 4821 6.
1479 4763 1536 4818 in
1571 4779 1630 4817 se
1655 4762 1803 4816 mul-

216 4860 404 4933 tiplica,
437 4862 596 4916 ﬁunt
625 4862 711 4914 36.
748 4857 840 4911 llis
881 4853 1176 4909 subductis
1206 4851 1277 4907 de
1325 4850 1804 4923 multiplicatione

215 4949 356 5004 unius
375 4949 577 5005 lateris
600 4948 659 5001 in
688 4963 768 5011 se,
800 4945 859 4999 id
889 4947 977 4998 est
1007 4942 1078 4996 de
1110 4944 1231 5011 109,
1262 4939 1488 5011 reliqui,
1515 4938 1574 4993 id
1598 4940 1685 4993 est
1714 4942 1804 5008 64,

214 5055 381 5094 sumas
401 5042 583 5103 latus,
614 5036 675 5090 id
702 5036 788 5089 est
816 5037 869 5100 8,
904 5034 961 5086 et
996 5033 1084 5085 tot
1112 5028 1330 5101 pedum
1354 5028 1587 5083 rhombi
1613 5027 1806 5081 cathe-

216 5127 440 5192 tns.Quo
466 5141 579 5199 per
600 5123 935 5195 diagonum,
964 5120 1022 5175 id
1044 5123 1130 5174 est
1162 5121 1248 5185 12,
1273 5116 1653 5190 multiplicato
1668 5114 1811 5171 fient

213 5219 299 5286 95;
327 5221 382 5273 et
405 5221 496 5272 tot
525 5212 743 5287 pedum
769 5210 879 5266 erit
900 5226 1056 5266 area.

834 5333 1057 5389 CAPUT
1090 5332 1195 5388 LV.

213 5443 467 5513 Quomodo
487 5447 749 5515 trigonus,
772 5448 1127 5509 tetragronus,
1148 5438 1474 5508 hexagonus,
1493 5442 1616 5505 etc.,
1646 5435 1810 5507 aequi-

627 5533 775 5589 Ialeri
787 5547 910 5586 suas
929 5544 1086 5583 areas
1116 5526 1392 5599 impleant.

276 5625 473 5683 Omnis
507 5623 770 5695 trigonus
825 5618 1191 5691 aequilaterus
1247 5632 1425 5673 unum
1478 5616 1627 5674 latus
1655 5613 1714 5671 in
1748 5628 1809 5671 se

605 5735 836 5795 Pamon.
862 5728 1117 5787 CXXXIX.

1840 4321 1891 4380 D

3418 351 3522 409 I38

1813 455 1871 515 Α
1898 452 2262 526 multiplicat,
2285 456 2476 530 ipsum
2503 461 2651 516 latus
2671 462 2743 518 ad
2767 478 2898 518 eam
2924 464 3409 538 multiplicatione
3425 473 3521 529 ad-

1902 540 2007 607 dit,
2039 543 2248 599 horum
2307 546 2613 603 dimidiam
2664 550 2862 620 sumit,
2920 556 2978 608 et
3012 553 3091 609 sic
3121 571 3318 613 aream
3353 576 3521 617 suam

1905 627 2129 700 implet.

1972 718 2172 774 Omnis
2237 726 2433 779 autem
2492 728 2804 799 teragonus
2853 746 3022 803 aequa
3066 732 3250 790 latera
3296 736 3519 795 habens

1901 824 2083 862 unum
2114 809 2264 863 latus
2289 811 2347 866 in
2380 828 2439 867 se
2471 815 2835 888 multiplicat,
2871 835 2940 874 ea
2967 822 3149 876 semel
3175 824 3518 898 multiplica-

1899 893 2058 949 tione
2086 912 2284 951 aream
2315 916 2480 955 suam
2514 901 2743 972 implet.

1973 984 2365 1056 Pentagonus,
2399 989 2496 1060 qui
2538 992 2720 1063 aequis
2740 994 3075 1052 continetur
3096 998 3394 1069 lateribus,
3425 1005 3514 1059 ter

1901 1070 2443 1142 multiplicationem
2480 1078 2649 1133 unius
2680 1079 2875 1135 lateris
2913 1082 2973 1136 in
2998 1101 3057 1140 se
3090 1090 3430 1160 expostulat,
3454 1094 3514 1147 et

1899 1175 1966 1213 ex
2002 1159 2149 1214 illius
2180 1177 2411 1219 summa
2440 1165 2938 1238 multiplicationis
2970 1175 3151 1229 semel
3200 1159 3512 1235 areamrdi-

1899 1246 2109 1303 ducere
2140 1253 2198 1305 et
2227 1252 2433 1324 reliqui
2464 1254 2846 1311 medietatem
2869 1274 3124 1320 sumere.

1971 1335 2312 1409 Hexagonus
2332 1344 2539 1411 quater
2567 1343 2762 1399 lateris
2784 1344 3335 1418 multiplicationem
3361 1352 3419 1409 in
3446 1372 3508 1411 se

1898 1428 2268 1495 exspostulat,
2289 1438 2348 1483 et
2363 1446 2431 1484 ex
2456 1448 2687 1487 summa
2698 1434 3290 1506 multiplicationisbis
3309 1458 3508 1501 aream

1899 1511 2170 1569 diducere
2201 1518 2260 1570 et
2284 1517 2490 1591 reliqui
2530 1537 2759 1577 sumere
2798 1522 3194 1584 medietatem.

1970 1600 2342 1674 Heutagonus
2374 1606 2700 1679 quinquies,
2729 1625 2927 1666 aream
2957 1615 3066 1669 ter.

1974 1688 2304 1761 Octogonus
2327 1695 2557 1766 septies,
2592 1713 2791 1752 aream
2818 1702 3043 1771 quater.

1823 1773 1875 1833 B
1972 1777 2323 1850 Enuagonus
2348 1783 2579 1855 septies,
2619 1801 2820 1842 aream
2849 1787 3179 1862 quinquies.
3206 1791 3282 1848 Et
3312 1794 3507 1850 eaeteri

1901 1864 1976 1918 ad
2005 1866 2154 1921 hanc
2178 1872 2677 1942 consequentiam.

2504 1995 2729 2051 CAPUT
2770 1998 2901 2053 LVI.

1906 2095 2281 2171 Cujuscunque
2308 2101 2527 2156 rotundi
2570 2103 2654 2157 vel
2687 2104 2878 2161 circuli
2905 2105 3229 2164 diametrum
3275 2110 3513 2168 invenire

2508 2196 2560 2243 et
2597 2190 2900 2253 embadum.

1980 2274 2377 2348 Cujuscunque
2404 2279 2641 2334 rotundi
2656 2281 2744 2335 vel
2768 2281 2965 2338 circuli
2997 2282 3041 2338 si
3056 2283 3137 2339 vis
3162 2283 3513 2344 diametrum

1910 2362 2171 2418 invenire
2202 2367 2260 2418 et
2284 2365 2623 2435 embadum,
2643 2367 2724 2423 sic
2748 2385 3010 2441 qumras:
3043 2388 3110 2427 ex
3140 2371 3263 2443 ipso
3293 2374 3515 2431 ambitu

1911 2455 1980 2507 22
2013 2451 2231 2507 unitate
2270 2453 2512 2522 sublata,
2543 2456 2782 2529 reliqui,
2809 2458 2907 2531 qui
2928 2460 3299 2532 superfuerit,
3324 2479 3518 2520 sumas

1909 2540 2140 2595 tertiam
2167 2559 2181 2610 ;
2206 2558 2333 2614 qua:
2356 2543 2455 2598 fiet
2486 2544 2861 2603 diametrum.

1982 2628 2304 2684 Embadum
2335 2631 2381 2685 si
2413 2631 2492 2687 vis
2532 2631 2811 2703 invenire,
2844 2636 2943 2691 vel
2967 2639 3091 2693 tota
3115 2638 3375 2697 circuitio
3413 2657 3520 2714 per

1910 2715 2205 2787 integrum
2236 2717 2585 2776 diametrum
2625 2722 2890 2778 ducenda
2915 2728 3019 2794 est,
3055 2729 3114 2781 et
3145 2731 3285 2784 tunc
3309 2733 3520 2803 quarta

1908 2806 2221 2860 sumenda:
2252 2809 2338 2863 vel
2365 2807 2673 2865 dimidium
2720 2810 2990 2868 circuitus
3042 2831 3148 2887 per
3168 2816 3520 2874 diametrum

1905 2893 2220 2965 integrum,
2250 2898 2309 2949 et
2346 2897 2484 2951 tunc
2518 2898 2822 2962 medietas,
2853 2902 2941 2956 vel
2974 2906 3182 2974 quarta
3222 2920 3356 2976 pars
3411 2905 3518 2962 cir-

1905 2981 2088 3036 euitus
2123 2998 2228 3054 per
2265 2981 2641 3050 diametrum,
2673 2987 2732 3038 et
2760 2988 2899 3040 tunc
2920 2990 3132 3046 totum.
3166 2990 3331 3055 Quod
3361 2992 3517 3049 idem

1905 3074 2071 3137 esset,
2104 3069 2147 3123 si
2168 3070 2589 3141 perdimidium
2608 3072 2875 3129 circuitus
2896 3074 3183 3132 diametri
3215 3078 3525 3136 duceretur

1906 3157 2243 3214 dimidium.

2487 3350 2634 3411 κωετ

2688 3308 2783 3364 22.

2861 3613 2908 3700 θ

2795 3929 2841 3978 ‘9

2510 4295 2735 4358 CAPUT
2766 4292 2921 4351 LVII.

2267 4407 2337 4443 ,η
2361 4388 2657 4460 hemicyclo
2687 4398 2870 4440 aream
2901 4376 3154 4434 invenire.

1984 4478 2045 4531 In
2071 4477 2413 4549 hemicyclo,
2458 4478 2619 4550 cujus
2646 4472 2797 4531 basis
2829 4470 2902 4525 sit
2930 4467 3144 4541 pedum
3173 4468 3264 4534 28,
3292 4464 3512 4522 diame-

1910 4570 2066 4622 trum
2101 4571 2186 4633 18,
2212 4582 2412 4621 aream
2435 4567 2514 4621 sic
2543 4578 2766 4638 quaeras
2798 4577 2812 4617 :
2837 4575 2940 4631 per
2958 4556 3310 4612 diametrum
3341 4554 3514 4611 ducas

1909 4655 2090 4710 basim
2117 4672 2130 4723 ;
2166 4655 2308 4709 flent
2341 4655 2515 4727 pedes
2543 4657 2668 4711 392.
2699 4651 2795 4706 His
2841 4644 3121 4703 Undecies
3153 4643 3338 4701 ductis
3365 4644 3515 4699 [lunt

1906 4744 2083 4815 pedes
2113 4746 2236 4799 312.
2269 4743 2444 4814 Hujus
2464 4745 2695 4813 sumpta
2724 4738 2950 4794 decima
2986 4736 3191 4807 quarta
3221 4736 3383 4804 parte
3411 4731 3509 4788 flet

1907 4834 2043 4899 398;
2076 4833 2134 4886 et
2164 4834 2249 4886 tot
2270 4831 2486 4902 pedum
2516 4833 2603 4886 est
2642 4828 2810 4900 hujus
2839 4821 3137 4895 hemicycli
3173 4837 3338 4882 area.

2490 5427 2713 5485 CAPUT
2745 5424 2933 5488 LVIII.

2330 5518 2568 5591 Sphavm
2606 5533 2789 5573 aream
2818 5516 3088 5589 colligere.

1978 5610 2252 5687 Sphaaraa,
2276 5608 2436 5686 cujus
2453 5609 2539 5666 est
2554 5606 2768 5684 pedum
2792 5601 3094 5680 longitudo
3110 5602 3165 5667 4,
3185 5595 3429 5657 latitudo
3453 5594 3483 5651 3
3500 5631 3517 5661 ,

3105 5712 3138 5767 3

2416 3724 2496 3775 γ’
2861 3613 2908 3700 ἒ

2789 3845 2905 3912 ea:

2795 3929 2841 3978 σς»
