3986 6170
450 324 550 382 139

1121 324 1474 387 SILVESTRI
1500 332 1547 386 II
1563 332 1763 387 PAPIE
1788 333 1941 389 OPP.
1972 334 2153 391 PARS
2172 338 2216 394 Ι.
2242 369 2311 377 —
2337 338 2427 394 DE
2446 338 2749 409 .DISCIPL.
2780 344 3092 402 MATHEM.

3675 354 3775 413 140

462 447 541 547 sic
571 447 1027 547 colligatur‘arca
1054 451 1452 547 :longitudine
1481 456 1539 509 et
1557 454 1859 547 latitudine
1889 455 2058 511 simul
2080 462 2143 529 Α
2167 457 2352 527 nium,
2386 461 2761 532 oxygonium,
2803 442 3294 538 etaaquilaterum
3324 469 3429 525 sub
3464 472 3642 527 oculis
3671 491 3776 547 po-

462 536 678 608 junctis
707 537 849 593 ﬁent
878 544 931 605 7,
960 539 1263 595 dimidium
1291 541 1500 597 horum
1532 547 1585 613 3,
1621 547 1671 597 5.
1704 543 1798 598 His
1816 543 1876 599 in
1907 562 1966 599 se
1997 550 2062 601 12

447 629 503 679 et
656 645 721 699 Hi
762 645 1031 701 undecies
1063 646 1206 703 fient
1246 652 1371 704 434.
1414 649 1514 713 SS,
1556 612 1784 706 Horum
1827 654 2061 722 sumpta

459 740 624 808 parte
655 736 881 792 decima
902 742 1108 811 quarta
1128 740 1457 810 fientpedes
1482 745 1536 808 9,
1559 741 1742 795 uncia:
1762 747 1794 796 7
1815 744 1873 796 et
1887 739 2061 794 semis

448 824 641 893 uncia,
683 826 742 881 id
772 830 857 881 est
881 831 1143 897 septunx,
1178 832 1236 883 et
1258 830 1574 898 semuncia,
1606 830 1857 903 Sphaerus
1884 830 2061 899 igitur

443 914 567 970 haec
593 914 704 969 erit
734 931 888 969 area.
925 917 1145 987 Regula
1173 920 1367 971 autem
1384 919 1503 972 hinc
1532 934 1668 973 vera
1699 922 1783 973 est
1814 919 1872 973 in
1896 918 2058 973 omni

444 1002 674 1076 sphaera
713 1003 827 1059 sive
856 1005 1129 1075 rotunda,
1160 1005 1274 1061 sive
1297 1006 1567 1079 oblonga.

1237 1098 1269 1151 3

1105 1329 1334 1382 .PBELS

1068 1405 1286 1463 unum
1318 1415 1471 1466 με
1512 1385 1554 1466 \
1608 1385 1645 1438 4

1058 1966 1284 2021 CAPUT
1310 1967 1440 2023 LIX.

438 2051 509 2108 In
536 2054 735 2124 trigoni
755 2055 1064 2124 orthogonio
1096 2054 1293 2111 circuli
1324 2057 1577 2127 inscripti
1596 2064 1647 2111 et
1673 2057 1884 2131 singula
1910 2056 2075 2111 latero

779 2145 1049 2213 tangentis
1078 2143 1411 2197 diametrum
1459 2136 1718 2200 invenire.

506 2234 571 2286 In
592 2232 861 2302 trogonio
878 2232 1230 2303 orthogonio
1274 2233 1472 2287 circuli
1502 2233 1835 2306 inscriptiet
1850 2232 2075 2303 singula

438 2320 622 2376 latera
648 2320 970 2393 tangentis,
1022 2336 1086 2373 ex
1112 2320 1370 2375 numeris
1399 2321 1610 2375 catheti
1635 2325 1693 2375 et
1724 2321 1872 2375 basis
1903 2319 2070 2374 simul

447 2407 666 2480 junctis
696 2408 1074 2479 hypotenusaa
1105 2424 1415 2462 numerum
1448 2408 1493 2462 si
1539 2409 1895 2477 subduxeris,
1918 2408 2075 2462 inve-

445 2496 570 2551 nies
589 2496 966 2551 diametrum.
994 2495 1105 2550 Sed
1119 2496 1164 2550 si
1187 2496 1268 2550 vis
1297 2496 1635 2567 dignoscere
1656 2502 1935 2570 quantum
1958 2514 2077 2551 em-

442 2584 581 2640 badi
627 2584 887 2657 partibus
934 2583 1109 2656 ipsius
1143 2584 1358 2654 trigoni
1392 2585 1667 2641 circulum
1702 2586 2074 2641 extraceden-

446 2672 600 2728 tibus
637 2671 1010 2744 relinquitur,
1048 2672 1299 2727 embado
1339 2673 1512 2728 totius
1542 2674 1755 2746 trigoni
1782 2674 1943 2745 prins
1972 2690 2075 2746 per

448 2761 804 2833 supradictas
826 2762 1055 2832 regulas
1074 2760 1309 2816 invento
1332 2761 1669 2834 vigesimam
1684 2763 1935 2834 primam
1948 2762 2076 2817 sub-

453 2852 651 2907 trahas
683 2868 697 2919 ;
737 2849 1040 2923 ipsamque
1074 2849 1346 2905 undecies
1389 2850 1834 2923 multiplicatam
1877 2849 2075 2905 circuli

453 2958 604 2998 area:
634 2939 871 2996 tribuas.
903 2939 1068 3004 Quod
1096 2956 1232 2994 vero
1277 2939 1612 3012 relinquum
1639 2939 1834 3007 fuerit,
1872 2939 1931 2994 id
1983 2941 2069 2993 est

450 3033 575 3098 140,
594 3046 699 3102 pro
728 3028 976 3085 embado
1014 3027 1304 3083 dictarum
1337 3027 1808 3101 partim,scilicet
1836 3031 2064 3082 extrace

449 3118 734 3186 dentium,
760 3120 981 3182 teneas,
1016 3119 1081 3171 ut
1112 3117 1370 3187 subjecta
1398 3116 1708 3188 descriptio
1741 3116 1908 3172 docet
1934 3132 1947 3170 :
1981 3116 2072 3170 vi-

451 3207 660 3263 delicet
678 3207 817 3261 tolle
840 3204 1171 3260 vicesimam
1193 3205 1470 3276 primam,
1488 3208 1548 3259 et
1572 3205 1953 3277 multiplicata
1968 3221 2071 3258 un-
2106 3195 2154 3255 C

451 3296 662 3364 decies,
695 3295 760 3350 fit
804 3311 942 3350 area
988 3293 1205 3351 circuli.
1244 3293 1617 3366 Multiplicata
1662 3292 1872 3358 decies,
1926 3292 2074 3347 fiunt

450 3384 808 3442 excessiones
853 3382 1093 3455 trigoni.

755 3713 981 4190 ἱ

462 3804 471 3865 l
1112 3860 1150 3887 Χ

463 4210 507 4276 .-‘
592 4224 978 4275 nummum
1220 4184 1263 4243 τ

465 4285 471 4297 ι
722 4330 988 4384 επιπιρ

525 4329 808 4549 L
1179 4451 1399 4509 επις
1416 4441 1651 4502 SIoNES
1685 4443 1821 4497 mo.

850 4571 920 4629 28
1404 4571 1416 4576 ’
1484 4567 1601 4573 ”’“’
1726 4568 1747 4571 “⁷
1838 4563 1848 4569 ’

466 4771 681 4844 Regula
707 4771 779 4827 ad
809 4764 1199 4828 constituendas
1208 4757 1519 4833 pyramides
1534 4756 1595 4811 in
1618 4750 1859 4844 amnicus
1887 4746 2078 4844 figuris

579 4845 613 4916 ἃ
642 4860 823 4916 multis
853 4857 1065 4929 angulis
1086 4848 1490 4926 procedentibus
1518 4852 1567 4900 et
1596 4844 1739 4915 aequi
1766 4840 1966 4929 lateris.

545 4952 608 5005 In
640 4924 1139 5017 omnibus'ﬁguris
1168 4958 1202 4996 a
1229 4937 1425 4994 multis
1454 4932 1681 5005 angulis
1706 4924 2077 5017 procedenti-

469 5040 599 5102 bus,
622 5041 681 5093 et
716 5054 882 5110 aequa
910 5013 1095 5089 latera
1121 5027 1466 5086 habentibus
1495 5023 1570 5079 ad
1599 5019 1841 5110 pyrades
1863 5013 2077 5071 consti-

467 5109 847 5184 tuendasth
864 5123 1108 5180 sufﬁciat
1129 5119 1330 5191 regula
1353 5115 1669 5171 :dictarum
1686 5109 2073 5179 cujuscunque

465 5217 790 5288 ﬁgurarum
818 5229 954 5269 area
989 5204 1599 5267 inventabisducatur,
1631 5198 1796 5269 eique
1827 5209 2072 5288 sum-nias

461 5281 661 5363 lateris
685 5304 856 5360 unius
879 5315 1154 5357 numerus
1176 5297 1477 5369 jungatur,
1508 5293 1567 5345 et
1600 5289 1722 5343 haec
1772 5281 2070 5358 permistio
2180 5294 2191 5301 ί

460 5410 570 5468 per
626 5406 937 5448 numerum
988 5388 1217 5463 unitate
1267 5375 1679 5468 tantummodo
1708 5375 1857 5428 latus
1886 5385 2071 5468 unum

461 5462 893 5558 precedentem
916 5462 1349 5549 multiplicetur,
1397 5473 1455 5525 et
1482 5467 1606 5558 ejus
1634 5479 1879 5558 summae
1910 5462 2069 5558 sexta

458 5550 594 5645 pars
623 5571 906 5637 sumatur,
959 5583 1089 5639 quas
1139 5564 1241 5619 fiet
1267 5557 1523 5634 pyramis
1551 5550 1877 5628 superﬁciei
1930 5552 2066 5604 ante

458 5662 786 5735 duplicatae,
1378 5736 1408 5739 Α
1473 5736 1489 5739 _
1781 5732 1790 5739 _
1891 5726 1956 5739 ,ι

531 5731 645 5807 Sed
672 5751 738 5805 ut
764 5744 1093 5818 exemplum
1109 5742 1181 5799 de
1204 5736 1445 5813 singulis
1458 5736 1681 5803 demus,
1704 5732 1865 5806 prtus
1886 5731 2064 5802 trigo-

2180 563 2390 602 namus
2414 549 2596 604 latera
2619 550 2849 623 singula
2890 553 3204 610 habentem
3254 556 3494 612 denario
3528 577 3776 616 numero

2164 634 2485 706 designata,
2510 637 2671 707 cujns
2710 641 3023 696 embadum
3054 644 3127 697 sit
3157 647 3260 713 55;
3294 646 3453 716 quod
3482 647 3570 702 bis
3599 650 3776 705 duca-

2162 726 2279 791 tur,
2310 727 2369 778 et
2393 724 2555 791 ﬂent,
2614 729 2733 794 110,
2762 718 2967 799 quibus
2999 748 3113 786 uno
3145 734 3326 787 latere
3345 734 3573 804 juncta,
3607 738 3664 791 id
3692 741 3781 792 est

2167 814 2258 866 101
2288 812 2428 866 ﬁent
2455 816 2575 867 120.
2611 813 2694 882 Hi,
2719 831 2823 887 per
2843 834 3156 874 numerum
3173 821 3393 875 unitate
3415 822 3565 877 latus
3593 842 3779 880 unum

2163 901 2619 970 pracedentem,
2658 902 2717 956 id
2756 909 2841 959 est
2875 908 3145 963 undecies
3199 910 3375 978 ducti,
3421 910 3565 966 fient
3605 917 3767 971 1320.

2162 988 2340 1060 Hujus
2364 992 2522 1043 sexta
2542 995 2793 1063 sumpta,
2822 992 2881 1049 id
2911 1011 2978 1051 ex
3010 1000 3113 1052 220
3143 998 3269 1069 jam
3311 997 3446 1054 dicti
3498 1003 3782 1073 oxygonii

2163 1075 2264 1131 ﬁet
2299 1076 2575 1150 pyramis.
3389 1078 3398 1085 ⁷

2601 1506 2681 1576 θ’
3214 1495 3281 1579 ’ξ

2782 1576 2973 1633 sum

2860 1662 2935 1712 εί

2676 1804 2716 1848 z
2734 1777 2789 1847 z'
2805 1780 2929 1850 rm
2941 1796 3092 1844 AMIS

2676 1804 2716 1848 ε
2734 1777 2789 1847 κ’
2805 1780 2929 1850 rm
2941 1796 3092 1844 AMIS

2788 1967 3010 2021 CAPUT
3042 1967 3167 2020 LXI.

2183 2053 2435 2109 Invenire
2453 2053 2797 2125 pyramidem
2830 2055 2886 2107 in
2923 2060 3221 2124 tetragono.
3256 2054 3410 2125 cujus
3435 2055 3543 2108 sint
3568 2055 3789 2125 singula

2497 2142 2664 2195 latera
2671 2142 2831 2213 pedes
2865 2144 2930 2195 10
2950 2146 3001 2195 et
3030 2141 3311 2196 embadum
3335 2145 3453 2198 100.

2238 2232 2626 2301 Tetragonum
2654 2246 2810 2296 vero,
2839 2230 3000 2300 cujus
3021 2230 3136 2283 sint
3150 2230 3577 2301 singulalatera
3605 2232 3790 2304 pedes

2175 2323 2260 2388 10,
2295 2324 2353 2375 et
2379 2320 2690 2375 embadum
2722 2322 2842 2385 100,
2882 2318 3137 2389 pyramis
3167 2319 3245 2373 sic
3276 2324 3590 2392 quaeratur,
3624 2325 3686 2375 ut
3714 2323 3782 2376 in

2170 2410 2422 2481 trigonio
2453 2409 2711 2480 superius
2738 2408 3045 2479 descripto,
3084 2407 3351 2464 videlicet
3373 2413 3432 2463 ut
3461 2411 3783 2465 embadum

2171 2500 2313 2571 ejus,
2365 2498 2522 2571 quod
2581 2500 2666 2551 est
2719 2499 2819 2551 100
2852 2496 2940 2551 bis
2990 2496 3267 2551 ducatur:
3301 2497 3448 2553 ﬁunt
3475 2501 3579 2553 200
3611 2498 3787 2572 eique

2170 2603 2414 2642 summae
2439 2587 2587 2640 latus
2626 2600 2805 2639 unum
2849 2584 3147 2654 jungatur,
3176 2583 3322 2638 ﬁent
3350 2587 3469 2640 210.
3504 2586 3570 2639 Hi
3600 2586 3788 2642 unde-

2172 2675 2286 2730 cies
2322 2660 2559 2746 propter
2592 2672 2985 2746 supradictam
3008 2687 3242 2726 causam
3266 2673 3418 2728 ducti
3445 2673 3589 2729 ﬁent
3614 2676 3785 2733 2310.

2173 2764 2346 2835 Hujus
2375 2765 2553 2829 sexta,
2598 2760 2657 2816 id
2686 2762 2771 2816 est
2794 2763 2922 2828 385,
2955 2758 3055 2813 fiet
3100 2760 3356 2831 pyramis
3400 2761 3671 2835 descripti
3705 2767 3794 2821 te-

2170 2854 2423 2928 tragoni.

2935 2921 2999 2973 10

2518 3202 2584 3255 10

2916 3078 3064 3128 400-

3368 3207 3436 3261 10

2868 3428 2996 3488 385
3015 3468 3030 3484 .

2960 3601 3026 3657 10

2776 3689 3000 3746 CAPUT
3016 3690 3170 3746 LXII.

2170 3770 2239 3827 In
2255 3778 2560 3846 pentagono
2591 3775 2895 3849 aquilatero
2937 3776 3153 3835 denarii
3196 3777 3409 3833 numeri
3430 3776 3790 3851 pyramidem

2845 3865 3047 3938 indaga
3060 3883 3133 3922 re.

2240 3953 2304 4006 In
2335 3955 2669 4026 pentagono
2698 3970 2950 4028 quoque,
2980 3955 3080 4028 qui
3101 3955 3417 4028 aequalibus
3446 3956 3791 4012 continetur

2170 4038 2464 4111 lateribus,
2494 4042 2804 4099 etdenario
2826 4060 3071 4100 numero
3101 4044 3489 4115 supernotatis
3506 4044 3790 4101 eamdem

2167 4131 2430 4201 regulam
2472 4131 2546 4186 ad
2571 4131 2946 4203 pyramidem
2997 4133 3465 4189 constituendam
3506 4133 3792 4192 indiscre-

2168 4220 2378 4289 panter
2414 4219 2689 4279 invenies.
2734 4221 2911 4293 Hujus
2950 4238 3204 4294 namque
3252 4222 3591 4295 pentagonii
3622 4239 3789 4292 area,

2090 4335 2145 4394 Β
2170 4305 2229 4360 id
2253 4310 2339 4362 est
2371 4324 2384 4362 :
2421 4311 2547 4377 145,
2576 4308 2663 4364 bis
2688 4309 2748 4365 in
2795 4327 2854 4365 se
2885 4310 3057 4366 ducta
3082 4310 3226 4365 ﬁent
3256 4314 3380 4378 290,
3412 4315 3472 4366 at
3498 4312 3668 4367 unius
3695 4312 3793 4367 la-

2172 4397 2311 4451 teris
2337 4415 2581 4454 numero
2626 4402 3003 4471 augmentato
3052 4403 3429 4472 repraesentat
3454 4404 3579 4469 300,
3603 4404 3662 4456 et
3689 4401 3789 4459 his

2174 4485 2445 4541 undecies
2461 4487 2645 4547 ductis
2669 4488 2818 4544 ﬁunt
2836 4490 2925 4544 33.
2955 4490 3091 4545 Post
3114 4489 3274 4560 cujus
3303 4492 3547 4559 sextam,
3578 4489 3638 4545 id
3659 4493 3785 4546 est:

2177 4578 2280 4631 550
2323 4592 2460 4631 area
2498 4577 2625 4648 jam
2670 4577 2825 4633 dicta
2871 4594 2989 4633 sua:
3019 4579 3414 4635 accumulatur
3462 4579 3785 4652 pyramidi.

2176 4664 2332 4719 Hanc
2362 4664 2539 4737 igitur
2575 4667 2839 4737 regulam
2866 4682 3039 4722 nemo
3087 4666 3147 4721 in
3178 4667 3421 4737 caeteris,
3449 4668 3509 4725 id
3529 4672 3653 4725 est:
3679 4670 3792 4724 he-

2175 4753 2433 4826 xagonis,
2464 4756 2552 4810 vel
2594 4754 2958 4828 heptagonis,
2996 4755 3085 4810 vel
3140 4756 3459 4827 octogonis.
3480 4758 3570 4814 vel
3599 4774 3796 4814 cnna-

2176 4844 2362 4917 gonis,
2385 4845 2471 4899 vel
2490 4844 2821 4915 decagonis,
2842 4844 2929 4899 vel
2963 4843 3024 4898 in
3046 4842 3314 4899 omnibus
3333 4861 3369 4899 a
3400 4846 3794 4918 multiangulo

2174 4932 2643 5004 procedentibus,
2672 4937 2730 4987 et
2767 4948 2935 5005 aequa
2967 4933 3152 4987 latera
3179 4932 3528 4989 habentibus
3556 4934 3800 4991 dubitet

2174 5021 2390 5077 habere
2423 5022 2921 5093 consequentiam,
2954 5024 3013 5076 et
3035 5037 3155 5076 non
3183 5023 3413 5078 tantum
3435 5021 3677 5079 denario
3702 5024 3799 5079 in-

2174 5110 2406 5180 notatis,
2438 5110 2539 5165 sed
2566 5109 2826 5183 quolibet
2854 5124 3123 5165 numero.

2814 5236 2880 5308 κθ
3066 5230 3136 5299 ’0

2916 5378 3051 5469 nu“

2700 5486 2766 5540 ιο
3177 5472 3244 5526 ¹ο

2939 5732 3005 5783 ιο
