3986 6170
229 368 295 421 m
1532 350 1626 407 DE
1663 342 2075 422 GEOMETRIA

1811 474 1867 533 Α

753 479 987 534 CAPUT
1019 479 1197 537 LXIII.

220 576 269 629 In
310 575 434 628 omni
477 570 690 637 circulo,
745 569 956 622 duobus
1010 569 1406 638 circumscripto
1465 561 1786 633 tetragom's,

316 647 448 710 scire,
476 649 726 714 quantum
757 640 823 692 ab
856 639 1226 695 extracedente
1254 641 1517 703 vincatur,
1545 643 1653 689 etc.

267 735 316 787 In
334 730 475 786 omni
488 729 716 795 circulo,
735 728 835 799 qui
853 727 1087 781 duobus
1105 724 1584 781 circumscribitur
1599 721 1790 776 tetra-

218 823 361 888 gonis,
389 836 492 874 uno
518 817 777 884 interius,
812 818 1002 871 altero
1031 816 1302 883 exterius,
1334 815 1378 869 si
1408 815 1489 869 vis
1517 824 1785 881 compre-

216 887 737 980 liendere,quantum
803 907 875 960 ab
928 905 1342 960 extracedente
1402 905 1685 973 vincatur,
1732 905 1789 957 et

213 1000 537 1069 subscriptum
556 997 769 1064 vincat,
791 995 1153 1050 diametrum
1171 995 1295 1065 ejus
1313 995 1422 1049 duc
1448 995 1507 1049 in
1529 1012 1605 1049 se.
1624 993 1787 1057 Quod

214 1105 309 1141 cum
354 1086 497 1152 facis,
546 1085 845 1139 cathetum
899 1082 1277 1153 suprascripti
1332 1083 1644 1154 tetragonii
1687 1097 1788 1153 per

210 1178 351 1231 basim
380 1175 823 1245 multiplicatum
855 1173 1077 1238 reddis,
1127 1174 1185 1227 et
1215 1188 1284 1226 ea
1314 1172 1789 1244 multiplicatione

211 1276 363 1319 aream
388 1264 501 1333 ejus
518 1262 751 1333 imples.
770 1262 845 1315 Ex
864 1260 1017 1315 illius
1039 1276 1174 1315 vero
1193 1277 1441 1314 summa:
1458 1260 1788 1333 integritate

214 1354 267 1409 ad
306 1351 476 1408 circuli
522 1368 728 1405 aream
772 1349 1192 1405 inveniendam
1225 1351 1344 1402 tres
1384 1352 1448 1403 14
1488 1349 1787 1404 subducas.

212 1442 379 1506 Quibus
395 1440 707 1502 subductis,
730 1439 890 1511 quod
909 1438 1202 1510 reliquum
1221 1437 1415 1504 fuerit,
1437 1437 1480 1491 si
1503 1452 1606 1507 per
1622 1455 1793 1510 supe-

211 1533 297 1586 rius
321 1530 513 1584 dictam
542 1529 841 1599 regulam,
875 1530 933 1581 et
953 1526 1197 1581 dimidio
1226 1525 1495 1581 circuitus
1522 1526 1793 1598 multipli-

208 1621 334 1672 cante
377 1616 687 1671 dimidium
740 1615 1035 1682 diametri,
1092 1630 1213 1669 esse
1279 1614 1476 1668 circuli
1535 1614 1792 1669 invenies

210 1721 381 1772 aream,
401 1705 468 1759 ab
493 1703 914 1757 extracedente
941 1705 1253 1773 tetragono
1285 1702 1472 1774 ipsum
1521 1702 1664 1757 scias
1688 1703 1792 1758 cir-

3420 364 3521 439 μή

2503 478 2725 534 CAPUT
2766 479 2915 538 LXV.

1891 559 2189 626 Quomodo
2218 564 2500 646 quadrata,
2532 575 2581 646 et
2617 569 2785 623 latera
2824 572 3039 640 trigoni,
3073 574 3359 644 tetragoni,
3376 590 3515 646 pen-

2342 708 2351 715 .
2374 640 2575 708 tagam',
2606 648 2725 707 etc.,
2758 649 3063 698 nascantur.

1960 718 2183 775 Omnis
2213 724 2489 795 trigonus,
2523 728 2617 799 qui
2649 728 2874 784 ducitur
2903 731 3101 800 octies,
3133 736 3365 807 accepto
3396 751 3514 792 uno

1888 807 2021 862 facit
2054 812 2435 882 quadratum,
2462 815 2621 885 cujus
2659 818 2923 890 quadrati
2952 821 3099 876 latus
3130 821 3367 895 dempto
3397 840 3514 881 uno

1888 900 1944 952 et
1973 895 2142 954 dicta
2167 905 2327 972 parte
2354 906 2603 960 secunda
2638 905 2774 960 facit
2792 907 3008 981 trigoni
3040 911 3208 968 latus.

1960 986 2173 1044 Omnis
2200 993 2531 1063 tetragonus
2552 994 2750 1049 ductus
2777 995 2963 1053 decies
2992 999 3170 1055 sexies
3203 998 3340 1057 facit
3377 1017 3516 1074 qua-

1890 1076 2150 1146 dratum,
2173 1081 2330 1150 cujus
2345 1082 2607 1153 quadrati
2630 1083 2777 1139 latus
2799 1086 2949 1142 dicta
2964 1093 3126 1159 parte
3148 1093 3355 1162 quarta
3377 1090 3515 1147 facit

1890 1168 2184 1238 tetragoni
2214 1170 2382 1225 latus.

1963 1254 2167 1311 Omnis
2192 1262 2555 1331 pentagonus
2604 1261 2805 1318 ductus
2835 1262 3072 1336 vigesies
3097 1270 3301 1340 quater
3329 1271 3389 1325 et
3412 1285 3511 1325 ac-

1892 1350 2058 1418 cepto
2106 1363 2221 1401 uno
2266 1348 2404 1403 facit
2446 1350 2818 1421 quadratum,
2862 1355 3022 1425 cujus
3043 1356 3307 1428 quadrati
3359 1358 3511 1415 latus

1892 1440 2127 1507 accepto
2159 1453 2275 1492 uno
2307 1439 2367 1492 et
2395 1437 2548 1494 dicta
2572 1445 2736 1512 parte
2755 1446 2915 1499 sexta
2933 1443 3070 1499 facit
3097 1446 3412 1518 pentagoni
3434 1447 3512 1503 la-

1891 1525 2003 1577 tus.

1966 1612 2168 1668 Omnis
2202 1616 2536 1687 hexagonus
2587 1617 2790 1676 ductus
2832 1620 3092 1693 trigesies
3135 1622 3224 1680 bis
3266 1624 3516 1697 acceptis

1891 1704 2142 1772 quatuor
2165 1702 2302 1758 facit
2327 1704 2694 1777 quadratum,
2740 1710 2900 1781 cujus
2938 1711 3202 1783 quadrati
3236 1713 3385 1768 latus
3414 1729 3510 1769 ac-

208 1795 353 1847 culum
382 1792 552 1847 tribus
595 1795 663 1847 14
687 1792 951 1863 ejusdem
983 1790 1267 1863 superari.
1300 1791 1385 1845 Ab
1416 1790 1623 1845 eodem
1656 1808 1789 1847 vero
1811 1789 1863 1848 B
1891 1789 2070 1860 ceptis
2097 1790 2318 1846 duobus
2345 1796 2403 1846 et
2427 1793 2580 1851 dicta
2618 1800 2782 1869 parte
2832 1802 3032 1856 octava
3061 1800 3199 1857 facit
3223 1801 3512 1876 hexagoni

206 1880 402 1936 embado
417 1879 799 1951 suprascripti
831 1879 1124 1950 tetragoni
1147 1879 1193 1932 si
1226 1878 1539 1949 sumpseris
1569 1879 1788 1934 medie-

207 1973 361 2034 tatem,
389 1972 442 2022 et
458 1973 721 2040 quatuor
744 1967 1000 2022 decimas
1022 1970 1258 2038 quartas
1278 1966 1538 2037 ejusdem
1557 1967 1787 2039 quanti-

206 2058 316 2123 tatis,
343 2057 490 2128 cujus
506 2055 742 2111 fuerint
760 2054 1086 2127 superiores
1102 2055 1175 2109 ab
1190 2055 1523 2126 integritate
1541 2059 1786 2126 sumpta}

204 2145 455 2212 addideris,
484 2146 618 2213 jam
660 2143 801 2198 dicti
829 2143 1023 2198 circuli
1054 2160 1255 2199 aream
1281 2144 1568 2214 implebis.
1622 2144 1788 2207 Quod

201 2250 297 2288 cum
322 2235 462 2301 facis,
493 2234 695 2306 ipsam
724 2232 1103 2287 medietatem
1136 2235 1432 2303 sumptam
1460 2233 1532 2287 ab
1556 2232 1787 2304 integro

201 2323 398 2377 embado
440 2322 694 2393 majoris
732 2321 1048 2392 tetragonii
1078 2337 1278 2375 aream
1310 2321 1451 2375 scias
1479 2320 1653 2375 fuisse
1681 2321 1787 2378 mi-

199 2413 451 2479 noris,eam
466 2416 732 2485 quatuor
743 2411 986 2464 decimis
1000 2410 1220 2481 quartis
1233 2410 1485 2465 acirculo
1500 2410 1784 2482 superari,

198 2500 301 2555 dum
324 2502 513 2557 eadem
540 2517 691 2556 area
721 2500 944 2554 eisdem
978 2499 1468 2571 quatuordecimis
1486 2499 1556 2554 ad
1581 2500 1784 2555 emba-

198 2589 304 2646 dum
316 2592 627 2663 supplenda
638 2607 695 2643 m
715 2592 1152 2661 augmentatur.
1170 2589 1331 2653 Quod
1347 2592 1410 2644 ut
1422 2589 1784 2644 manifestius

197 2686 418 2753 appareat
442 2681 495 2735 in
529 2679 958 2751 descriptione,
1011 2678 1257 2733 circulus
1302 2694 1430 2733 cum
1461 2681 1785 2751 tetragonis

198 2773 417 2841 ponatur.
443 2770 594 2835 Quid
618 2769 890 2843 partibus
929 2768 1168 2839 majoris
1190 2770 1481 2840 tetragoni
1505 2768 1784 2826 circulum

197 2859 643 2914 extracedentibus
676 2856 1065 2928 relinquitur?
1084 2860 1173 2913 42.
1211 2856 1358 2920 Quid
1383 2856 1644 2927 partibus
1675 2857 1787 2913 cir-

199 2946 280 2999 culi
319 2945 813 3002 extracedentibus
860 2944 1154 2999 minorem
1200 2946 1572 3015 tetragonum
1611 2946 1787 3002 relin-

203 3036 389 3103 quitur?
415 3039 501 3092 56.

547 3435 550 3510 ’
696 3409 925 3462 ΕΜΒΑΒ
951 3407 1215 3471 warm;
1358 3404 1359 3461 1

547 3515 550 3550 ι
740 3493 984 3532 εκτελ
1011 3491 1119 3543 1967

740 3493 984 3532 ,εκτελ
1011 3491 1119 3543 1967

734 3555 926 3601 ΕΜΒσ
941 3551 1217 3600 σηωσκ

934 3122 1001 3177 14

547 3245 1252 3625 ⁵
1315 3228 1362 3540 ι

740 3493 984 3532 ,εκτελ
1011 3491 1119 3543 1967

444 3586 509 3641 is
734 3551 1217 3601 EMBoCIREJZ
1424 3586 1488 3641 14

685 3679 914 3731 ΕΔΜΑΠ
934 3676 1134 3739 W45“.

554 3621 1373 4082 ιι

942 4116 1007 4167 14

739 4218 968 4274 CAPUT
1007 4218 1192 4276 LXIV.

610 4304 824 4363 Montis
848 4308 1041 4378 jugera
1080 4310 1335 4365 invenire.

1889 1876 2062 1932 latus.
2117 1910 2121 1914 ι

1964 1965 2166 2021 Omnis
2193 1967 2558 2041 heptagonus
2593 1974 2938 2047 quadragies
2967 1977 3171 2033 ductus
3198 1978 3446 2052 acceptis
3476 1982 3510 2036 9

1888 2051 2027 2108 facit
2046 2055 2414 2127 quadratum,
2439 2061 2599 2132 cujus
2616 2062 2884 2134 quadrati
2902 2066 3051 2120 latus
3068 2067 3315 2139 acceptis
3325 2051 3510 2124 tribus

1890 2143 1949 2194 et
1979 2142 2135 2197 dicta
2157 2147 2321 2214 parte
2339 2146 2565 2203 decima
2579 2150 2715 2205 facit
2728 2151 3045 2225 heptagoni
3067 2155 3235 2214 latus.

1962 2230 2166 2285 Omnis
2196 2236 2510 2306 octogonus
2560 2239 2905 2311 quadragies
2931 2242 3107 2298 octies
3127 2243 3330 2299 ductus
3349 2259 3510 2300 acce-

1888 2317 2002 2391 ptis
2036 2322 2099 2374 l6
2123 2318 2260 2373 facit
2288 2324 2659 2395 quadratum,
2688 2327 2848 2399 cujus
2877 2330 3144 2402 quadrati
3173 2333 3321 2388 latus
3350 2348 3510 2389 acce-

1887 2406 2002 2478 ptis
2031 2409 2064 2461 4
2091 2410 2150 2460 et
2181 2407 2333 2466 dicta
2361 2416 2527 2484 parte
2569 2414 2914 2473 duodecima
2940 2418 3081 2474 facit
3120 2420 3390 2494 octogoni
3418 2421 3511 2479 :la-

1888 2497 2001 2549 tus.

1962 2582 2165 2639 Omnis
2193 2603 2535 2662 ennagonus
2568 2592 2771 2650 ductus
2796 2595 3179 2672 quinquagies
3206 2599 3386 2657 sexies
3425 2615 3515 2656 ac-

1888 2669 2069 2760 ceptis
2095 2675 2161 2729 25
2193 2674 2329 2732 facit
2356 2680 2729 2752 quadratum,
2762 2685 2922 2758 cujus
2948 2669 3216 2760 quadrati
3243 2689 3392 2745 latus
3417 2704 3513 2746 ac-

1887 2758 2072 2851 ceptis
2096 2764 2126 2816 5
2155 2764 2305 2821 dicta
2348 2771 2514 2840 parte
2562 2758 2998 2848 decimaquarta
3041 2775 3182 2832 facit
3214 2774 3522 2851 .ennagoni

1886 2847 2059 2903 latus.

1963 2935 2165 3028 Omnis
2192 2942 2521 3016 decagonus
2562 2947 2764 3005 ductus
2803 2951 3060 3025 sexagies
3100 2958 3308 3028 quater
3352 2972 3514 3013 acce-

1813 3070 1864 3131 C
1887 3024 2003 3131 ptis
2023 3031 2091 3084 36
2122 3033 2182 3086 et
2211 3032 2362 3089 dicta
2402 3038 2565 3106 parte
2596 3036 2824 3094 decima
2858 3024 3017 3097 sexta
3051 3024 3190 3098 facit
3232 3042 3515 3119 decagoni

1885 3115 2056 3173 latus.

1959 3203 2162 3263 Omnis
2192 3210 2603 3284 undecagouus
2649 3215 2851 3273 ductus
2878 3217 3209 3291 septuagies
3235 3219 3325 3276 bis
3351 3235 3513 3277 acce-

1885 3292 1999 3382 ptis
2027 3296 2096 3351 49
2131 3296 2269 3354 facit
2299 3301 2670 3372 quadratum,
2703 3305 2864 3377 cujus
2906 3308 3054 3364 latus
3088 3309 3337 3382 acceptis
3383 3315 3415 3366 7
3455 3311 3516 3365 et

1887 3380 2040 3471 dicta
2065 3390 2232 3456 parte
2262 3388 2488 3445 decima
2514 3408 2671 3448 nona
2692 3393 2831 3450 facit
2855 3380 3408 3471 undecagoniilatus.

1958 3469 2157 3528 Omnis
2170 3475 2617 3551 duodecagonus
2638 3481 2841 3538 ductus
2854 3469 3151 3559 octuagies
3181 3485 3429 3559 acceptis
3445 3487 3516 3543 64

1887 3555 2025 3650 facit
2052 3563 2426 3634 quadratum,
2457 3568 2616 3639 cujus
2641 3570 2791 3626 latus
2834 3555 3083 3646 acceptis
3113 3578 3149 3632 8
3169 3555 3335 3632 dicta—
3348 3577 3515 3650 parte

1886 3647 2167 3720 vigesima
2194 3652 2331 3709 facit
2360 3655 2766 3729 duodecagoni
2800 3660 2972 3719 latus.

1959 3738 2096 3795 Vide
2129 3745 2626 3816 consequentiam,
2656 3750 2720 3803 ut
2748 3748 2957 3806 horum
2991 3751 3186 3810 ductio
3221 3753 3515 3813 octenario

1887 3843 2119 3901 semper
2138 3847 2384 3888 numero
2397 3840 2707 3906 accrescat,
2724 3840 3234 3912 augmentationes
3255 3860 3291 3899 a
3302 3846 3513 3916 penta-

1888 3933 2044 3989 gono
2067 3935 2312 3977 numero
2332 3921 2545 3995 impari
2571 3928 2939 3984 naturaliter.
2956 3928 3241 4002 Trigonus
3258 3948 3513 4006 namque

1891 4005 2088 4073 octies,
2113 4010 2450 4081 tetragonus
2462 4012 2650 4068 decies
2670 4016 2872 4084 sexies,
2894 4021 3259 4089 pentagonus
3272 4005 3513 4092 vigesies

1889 4098 2114 4165 quater,
2153 4096 2489 4171 hexagonus
2534 4101 2797 4173 trigesies
2838 4104 2925 4158 bis
2950 4104 3200 4172 ducitur,
3231 4110 3294 4164 ut
3321 4111 3410 4163 est
3436 4108 3510 4169 ab

1888 4187 2014 4237 octo
2045 4185 2241 4254 octies,
2267 4204 2300 4241 a
2319 4188 2569 4243 sedecim
2588 4190 2863 4257 sedecies,
2887 4197 2945 4248 et
2962 4192 3041 4248 sic
3069 4195 3505 4270 subsequenter.

1886 4271 2040 4327 Inter
2054 4290 2193 4345 quas
2219 4275 2726 4335 denominationes
2741 4285 2870 4338 octo
2883 4298 3114 4355 semper
3127 4284 3313 4342 inesse
3331 4302 3505 4344 nemo

198 4382 205 4391 ’
250 4390 424 4449 Montis
452 4395 497 4450 si
528 4359 876 4468 qua—arantur
896 4359 1132 4467 jugera,
1293 4359 1371 4451 vin
1414 4398 1640 4454 verticis
1675 4399 1782 4456 cir-
1805 4386 1860 4446 D
1883 4359 2619 4468 ἷίυέίίέίβίῖτθῖθῧίίδωνθδ
2643 4368 3080 4468 ⁵ί⁰,ί¹ῗ,⁰ω[θ¹’ί³’
3106 4375 3502 4468 Apentqu

201 4478 320 4532 cuitu
340 4481 541 4539 habeat
584 4482 767 4554 pedes
812 4484 938 4550 300,
976 4499 1215 4538 ascensu
1262 4487 1386 4553 800,
1427 4485 1487 4540 in
1530 4503 1644 4543 uno
1675 4504 1781 4560 per

1879 4452 2075 4505 autem
2105 4451 2444 4524 incipientes
2472 4459 2980 4528 augmentationes
3009 4462 3272 4521 omnium
3307 4463 3503 4521 multi-

198 4564 446 4624 circuitum
508 4538 674 4637 1000,
725 4538 1056 4641 jungantur
1100 4571 1228 4628 duae
1270 4538 1693 4643 vcircuitio—ries:
1877 4538 2258 4643 “maxion
2282 4542 2489 4643 inipafi
2521 4548 2863 4643 "ituram"?
2893 4568 3139 4609 numero
3171 4553 3494 4629 discrepare

195 4657 283 4710 est:
336 4661 481 4713 1300.
540 4660 621 4714 Ex
672 4659 763 4713 his
817 4659 1009 4715 media
1054 4664 1339 4730 sumatur,
1388 4662 1447 4718 id
1503 4667 1585 4719 est
1649 4667 1775 4724 650.

194 4763 242 4820 Hi
280 4785 370 4840 per
418 4790 725 4829 ascensum
777 4776 882 4830 800
944 4774 1248 4844 ducantur,
1298 4777 1443 4833 ﬁent
1486 4755 1632 4835 Eii
1691 4783 1778 4836 tot

195 4872 326 4950 mut
350 4871 517 4940 pedes
558 4871 762 4939 totius,
806 4871 865 4926 id
914 4876 1029 4927 est:
1094 4875 1320 4943 XXVIII,
1361 4871 1547 4932 DCCXV
1581 4891 1777 4950 supra“

196 4948 337 5010 dictus
358 4975 637 5014 numerus
675 4959 981 5015 dividatur.
1014 4960 1138 5025 Quo
1165 4962 1316 5018 facto
1367 4964 1426 5018 in
1460 4948 1664 5021 monte
1681 4967 1774 5038 ju-

195 5052 301 5106 sera
325 5044 690 5102 invenientur
740 5051 804 5103 18
855 5048 1294 5106 remanentibus
1327 5053 1571 5125 pedibus
1611 5058 1767 5112 1600.

905 5139 1008 5193 300

708 5232 1110 5362 οΓ-λ

703 5333 796 5397 8'
894 5386 1001 5397 ,μ
1153 5333 1206 5397 Ξ

694 5370 787 5551 5/
882 5386 1017 5444 520
1163 5370 1215 5440 ἓ

882 5386 1017 5444 520
1152 5386 1225 5444 .‘o’o

900 5609 1033 5662 1000

1080 4852 1314 4869 ~—

1877 4628 2249 4685 manifestum
2287 4636 2391 4689 est.
2423 4634 2747 4709 Pentagoni
2774 4639 2930 4695 enim
2961 4628 3364 4715 multiplicatio
3379 4660 3494 4701 uno

1877 4718 2308 4789 tantummodo,
2334 4722 2621 4796 hexageni
2633 4728 2667 4782 4
2680 4728 2994 4800 heptagom
3007 4733 3039 4786 9
3056 4735 3495 4805 augmentatur,

1877 4806 2145 4875 octogeni
2180 4809 2263 4863 16.
2303 4811 2459 4866 Inter
2502 4813 2723 4888 primos
2752 4833 3026 4890 namque,
3075 4819 3135 4876 id
3163 4823 3276 4877 est:
3310 4824 3341 4876 5
3370 4824 3431 4879 et
3454 4823 3493 4891 ἀ

1872 4892 2581 4968 primusimparnumerus
2595 4904 2935 4962 differentiae
2954 4908 3147 4964 locum
3164 4910 3408 4981 obtinet,
3432 4911 3491 4968 id

1874 4986 1986 5039 est:
2020 4988 2135 5040 tres
2164 4986 2315 5042 inter
2334 4994 2600 5061 quatuor,
2625 4995 2682 5047 et
2703 5009 2942 5051 novem:
2966 4997 3268 5068 secundus,
3297 4999 3356 5054 id
3373 5005 3486 5059 est:

1870 5073 2165 5145 quinarius
2197 5075 2350 5133 inter
2376 5095 2606 5150 novem,
2637 5085 2694 5138 et
2713 5082 2992 5142 sedecim:
3018 5086 3241 5157 tertius,
3273 5087 3333 5144 id
3366 5093 3485 5150 est:

1868 5163 2163 5235 septimus.

2452 5260 2674 5317 CAPUT
2712 5262 2887 5318 LXVI.

2010 5340 2078 5397 In
2105 5347 2366 5417 oxygom‘o
2396 5350 2664 5406 rat/aetum
2688 5358 2738 5406 et
2766 5351 3051 5410 embadum
3080 5356 3336 5416 invenire.

1941 5432 2003 5487 In
2035 5435 2342 5506 oxygonio,
2375 5437 2535 5510 cujus
2572 5439 2645 5494 sit
2670 5440 2818 5499 latus
2845 5442 3038 5499 minus
3067 5446 3200 5520 ped.
3237 5448 3325 5516 13,
3353 5461 3479 5502 ma-

1863 5520 1959 5594 jus
1991 5525 2076 5578 15.
2109 5523 2259 5579 basis
2303 5542 2437 5582 vero
2486 5530 2552 5584 14
2590 5531 2881 5588 cathetum
2926 5536 2987 5590 et
3030 5534 3345 5592 embadum
3396 5532 3477 5589 sic

1874 5626 2116 5686 qumras.
2151 5611 2321 5669 Latus
2346 5613 2540 5673 minus
2557 5615 2617 5673 in
2646 5634 2706 5676 se
2727 5619 2963 5679 ductum
2991 5619 3066 5681 sit
3088 5624 3211 5687 169,
3239 5625 3299 5679 et
3326 5620 3481 5680 basis
