3986 6170
451 398 557 460 117

996 519 1221 576 CAPUT
1251 518 1514 577 LXXVIII.

771 646 863 703 Ex
885 646 1143 702 diametro
1178 645 1437 702 circulum
1472 643 1749 715 indagare.

523 756 604 812 Ex
636 752 922 810 diametro
942 752 1224 810 circulum
1269 751 1348 807 sic
1389 768 1615 824 quaeras
1644 767 1657 807 :
1691 749 2067 815 diametrum,

451 842 698 915 exempli
720 842 928 915 gratia,
964 844 1030 898 14
1056 840 1295 914 vigesies
1350 840 1458 909 bis,
1505 841 1649 896 ﬁent
1692 839 1820 905 308,
1878 854 2070 894 sumas

448 936 681 1008 partem
706 931 1039 1006 septimam,
1070 931 1135 986 ﬁt
1165 932 1268 999 44;
1315 929 1474 1003 quod
1501 933 1586 985 est
1614 927 1877 985 circulus.

1019 1074 1247 1130 CAPUT
1279 1074 1495 1133 LXXIX.

756 1200 827 1256 In
856 1199 1143 1270 hemicycto
1186 1197 1465 1253 embadum
1496 1199 1755 1255 invenire.

514 1310 578 1365 In
603 1307 943 1379 hemicyclo,
975 1305 1137 1375 cujus
1167 1304 1242 1360 sit
1268 1305 1422 1360 basis
1447 1306 1663 1376 pedum
1704 1309 1789 1373 10,
1821 1304 1974 1361 linea
2003 1304 2062 1359 in

443 1390 710 1453 centrum
752 1399 805 1462 5,
851 1393 1166 1449 embadum
1199 1392 1279 1448 sic
1334 1411 1595 1466 quaeras:
1631 1394 1739 1450 duc
1769 1394 1827 1450 in
1851 1413 1909 1450 se
1941 1395 2062 1451 dia-

442 1478 722 1551 metrum,
751 1484 817 1537 fit
850 1486 967 1538 100.
999 1481 1114 1537 Hoc
1141 1482 1418 1537 undecies
1443 1482 1784 1554 multiplica,
1808 1486 1874 1539 ﬁt
1904 1488 2059 1541 1100.

443 1573 620 1645 Hujus
647 1570 982 1644 vigesimum
1037 1571 1302 1625 octavam
1360 1586 1548 1638 sume,
1593 1571 1704 1625 erit
1732 1572 1789 1627 in
1821 1573 2063 1643 pedibus

444 1666 533 1728 39,
591 1660 814 1716 duabus
876 1656 1137 1731 septimis
1181 1659 1658 1723 remanentibus,
1695 1660 1753 1716 id
1783 1667 1868 1717 est
1897 1666 1965 1730 8;
2006 1664 2065 1717 et

442 1750 567 1806 haec
591 1750 678 1803 est
701 1764 857 1803 area.
891 1746 1052 1801 Idem
1077 1748 1244 1813 esset,
1271 1746 1318 1802 si
1358 1747 1544 1802 basim
1574 1764 1678 1820 per
1700 1749 1913 1806 lineam
1935 1768 2062 1823 quae

1116 393 1469 456 SILVES'I'RI
1489 399 1538 455 II
1574 397 1780 456 PAPIE
1804 397 1961 455 OPP.
1983 392 2169 453 PARS
2202 395 2245 456 I.
2279 426 2348 436 -—-
2380 396 2469 454 DE
2494 396 2784 458 DISCIPL.
2809 400 3111 460 MATIIEM.

2091 522 2149 580 A

3680 408 3773 467 IIS

2731 520 2953 578 CAPUT
2985 522 3216 579 LXXXII.

2392 607 2715 667 Cotumnam
2737 611 2933 679 facere,
2972 611 3231 668 circulum
3255 614 3567 683 incrassare,

2558 683 2895 736 altitudinem
2920 698 3097 738 rerum
3122 686 3376 739 invenire.

2243 767 2330 823 Ad
2358 770 2689 825 columnam
2722 770 3047 826 faciendam
3077 770 3780 846 longitudinis.septimam

2170 854 2230 911 in
2255 854 2515 913 inferiori
2557 858 2794 913 circuitu
2820 859 2941 923 des,
2972 863 3231 915 octavam
3264 862 3566 934 superiori.

2247 946 2534 1003 Circulum
2560 949 2880 1004 incrassare
2901 947 2947 1002 si
2979 948 3079 1015 vis,
3112 950 3464 1006 diametrum
3488 951 3611 1023 ejus
3632 952 3783 1008 cubi-

2169 1049 2283 1102 ces,
2309 1035 2493 1107 ipsam
2525 1037 2949 1092 cubicationem
2980 1037 3102 1108 ejus
3129 1039 3402 1094 undecies
3431 1041 3625 1107 ducas,
3643 1044 3700 1096 et
3714 1057 3782 1096 ex

2168 1139 2239 1178 ea
2262 1140 2493 1180 summa
2516 1126 2853 1198 vigesimam
2883 1124 3136 1197 primam
3161 1128 3427 1201 accipias,
3458 1132 3518 1184 et
3535 1130 3656 1185 hazc
3673 1129 3785 1185 erit

2170 1214 2409 1285 sphaerae
2441 1216 2780 1272 crassitudo.

2244 1304 2339 1358 Est
2364 1303 2538 1359 etiam
2584 1306 2732 1362 ratio
2775 1306 2888 1363 alia
2928 1308 3295 1364 altitudinem
3340 1307 3597 1375 videndi,
3654 1327 3783 1383 qua:

2165 1395 2252 1447 est
2278 1393 2632 1465 hujusmodi.
2676 1395 3118 1468 Orthogonium,
3147 1397 3308 1469 cujus
3337 1398 3597 1452 cathetus
3626 1400 3657 1452 6
3695 1400 3785 1454 vel

2163 1480 2341 1535 trium
2370 1482 2583 1552 pedum
2612 1482 2703 1550 sit,
2728 1484 2877 1538 basis
2925 1489 2956 1541 8
2988 1486 3076 1539 vel
3103 1486 3156 1552 4,
3206 1486 3572 1557 hypotenusa
3602 1490 3665 1542 10
3698 1488 3782 1541 vel

2162 1571 2217 1635 5,
2255 1569 2443 1640 erigas
2464 1569 2545 1625 ita
2577 1575 2637 1625 ut
2665 1574 2833 1627 terrae
2861 1572 3008 1627 basis
3041 1573 3303 1643 adjaceat
3341 1589 3355 1627 :
3386 1574 3652 1629 cathetus
3681 1575 3782 1629 ad-

2163 1673 2367 1712 versus
2394 1659 2551 1715 illam
2581 1677 2728 1729 rem,
2769 1662 2929 1732 cujus
2976 1661 3218 1717 altitudo
3270 1662 3552 1735 perpendi
3591 1663 3784 1731 debet,

2166 1759 2390 1801 erectus
2416 1749 2736 1817 habeatur;
2778 1750 3142 1821 hypotenusa
3189 1766 3322 1805 vero
3356 1766 3390 1805 a
3420 1767 3646 1806 summo
3678 1768 3772 1806 ca-

441 1837 669 1894 ducitur
713 1836 773 1891 in
805 1838 1070 1891 centrum
1108 1834 1558 1906 multiplicatam
1590 1838 1861 1893 undecies
1891 1840 2061 1895 duce-
2090 1842 2142 1902 Β
2162 1835 2306 1890 theti
2331 1837 2404 1891 ad
2432 1840 2672 1904 terram,
2704 1837 2763 1892 in
2796 1854 3090 1893 summum
3138 1838 3289 1893 basis
3320 1839 3653 1895 deducatur.
3687 1840 3778 1896 Sic

438 1943 552 1995 res,
581 1942 647 1982 ac
676 1924 880 1982 exinde
910 1921 1201 1979 decimam
1257 1926 1528 1996 quartam
1560 1925 1866 1999 acciperes.
1901 1931 2063 1997 Quod

440 2031 643 2073 verum
672 2012 837 2071 estin
867 2009 1029 2070 omni
1043 2009 1270 2084 integre
1304 2011 1610 2071 dimidiata
1639 2016 1883 2089 sphaera.

1234 2745 1303 2801 10

515 2884 578 2940 In
610 2882 845 2956 circulo,
871 2886 1034 2960 cujus
1060 2885 1136 2943 sit
1154 2902 1293 2943 area
1312 2884 1529 2958 pedum
1556 2885 1682 2951 616,
1714 2883 2064 2939 diametrum

445 2971 527 3029 sic
553 2990 798 3047 quaeras.
821 2975 1038 3041 Quater
1060 2975 1249 3033 decies
1277 2975 1538 3041 ducatur,
1564 2975 1707 3029 fient
1736 2988 1872 3027 area
1900 2972 2060 3026 8624.

442 3060 587 3117 Hinc
612 3079 745 3136 pars
771 3063 1085 3122 undecima
1114 3065 1180 3120 ﬁt
1199 3067 1326 3122 784.
1360 3062 1545 3136 Hujns
1575 3060 1805 3117 numeri
1832 3061 1981 3117 latus
1999 3059 2065 3114 fit

441 3152 511 3209 28
537 3167 557 3217 ;
589 3154 649 3208 et
678 3152 788 3208 hoc
810 3153 923 3210 erit
947 3152 1329 3213 diametrum.

1034 3294 1260 3351 CAPUT
1286 3292 1474 3349 LXXX.

440 3414 514 3474 1η
536 3416 872 3491 ονιᾶομοῃίο,
890 3418 1052 3491 cujus
1066 3418 1317 3491 cathetus
1343 3420 1413 3472 sit
1443 3420 1579 3489 pari
1612 3433 1830 3476 numero
1854 3426 2068 3477 notatus

781 3487 966 3544 basim
978 3495 1029 3544 et
1056 3487 1726 3561 hypotenusamanenire.

512 3595 579 3649 In
605 3594 980 3666 orthogonio,
1012 3595 1175 3666 cujus
1204 3596 1464 3651 cathetus
1523 3596 1596 3650 sit
1653 3596 1779 3668 pari
1818 3615 2063 3654 numero

445 3682 776 3749 adnotatus,
802 3684 956 3738 velut
986 3688 1039 3751 8,
1070 3684 1149 3740 sic
1177 3683 1363 3740 basim
1386 3687 1444 3740 et
1466 3684 1888 3756 hypotenusam
1907 3705 2067 3760 qua:-

444 3786 559 3826 ras.
594 3769 819 3827 Catheti
858 3774 1091 3843 sumpta
1128 3789 1262 3846 pars
1301 3771 1561 3842 dimidia,
1608 3772 1669 3829 id
1699 3778 1786 3830 est
1814 3779 1867 3844 4,
1910 3776 1970 3831 in
2005 3793 2065 3832 se

445 3859 922 3934 multiplicentur,
950 3861 1093 3917 ﬁent
1128 3864 1210 3931 I6,
1240 3864 1298 3917 et
1328 3861 1389 3917 in
1416 3861 1505 3916 his
1551 3880 1667 3919 uno
1708 3864 1943 3937 dempto
1974 3882 2064 3921 re-

446 3952 649 4007 manet
674 3948 847 4019 basis,
864 3949 956 4006 cui
979 3949 1204 4007 duobus
1224 3949 1465 4006 redditis
1500 3950 1564 4005 ﬁt
1584 3952 1967 4024 hypotenusa.

1014 4092 1241 4151 CAPUT
1283 4094 1495 4154 LXXXI.

765 4213 834 4269 In
860 4224 1037 4274 monte
1062 4217 1239 4273 strabo
1260 4218 1458 4291 jugera
1497 4218 1753 4274 invenire.

516 4321 580 4377 In
602 4322 804 4377 monte
827 4321 1022 4377 strabo
1069 4321 1278 4388 [Glossa
1306 4330 1436 4391 vct.,
1469 4322 1567 4396 qui
1592 4323 1653 4379 in
1681 4326 1862 4381 altero
1886 4328 2065 4382 latere

446 4424 726 4483 princeps,
779 4407 839 4462 in
873 4409 1054 4464 altero
1081 4412 1379 4466 extentam
1436 4411 1821 4467 declivitatem
1869 4413 2062 4482 habet]

446 4493 545 4570 qui
571 4495 750 4551 habet
778 4494 851 4550 ad
881 4494 1091 4568 pedem
1114 4495 1173 4550 in
1199 4497 1443 4553 circuitu
1464 4499 1637 4570 pedes
1667 4502 1822 4563 1400,
1852 4499 1911 4554 in
1931 4516 2067 4555 acu-

446 4582 605 4639 mine
634 4586 759 4649 200,
782 4580 841 4637 in
873 4581 1178 4639 altitudine
1212 4583 1459 4640 dexterae
1488 4585 1665 4656 partis
1681 4589 1805 4655 850,
1830 4586 1886 4642 in
1912 4588 2064 4643 larva:

443 4670 580 4725 vero
603 4672 728 4737 750,
760 4667 839 4724 sic
870 4686 1094 4743 quaeras
1108 4670 1335 4742 jugera.
1367 4671 1694 4743 Superioris
1714 4674 2065 4730 circuitionis

443 4777 575 4816 cum
606 4757 880 4813 inferiore
900 4760 1118 4830 juncta:
1151 4776 1317 4814 sume
1368 4759 1692 4830 dimidiam,
1746 4780 1874 4834 qua:
1909 4765 1976 4819 ﬁt
2004 4764 2062 4820 in

444 4848 548 4906 800
570 4847 828 4923 pedibus.
856 4847 963 4902 Has
986 4846 1327 4903 medietates
1358 4847 1605 4904 invicem
1641 4850 1979 4923 multiplica,
2007 4859 2062 4908 et

443 4936 589 4991 ﬁunt
619 4924 743 4993 64οξ
771 4934 834 4990 In
859 4936 948 4991 his
978 4933 1216 5007 vigesies
1262 4936 1349 4991 bis
1394 4936 1647 5009 reperies
1677 4939 1844 4993 unius
1870 4940 2058 5010 jugcri

442 5022 619 5098 pedes
642 5024 839 5092 28800,
875 5023 1312 5080 remanentibus
1337 5023 1497 5081 6400.

1143 5245 1585 5302 ΜΟΝεΤΒΑΒυε

872 5290 966 5393 si?

1114 5501 1330 5554 28100

1155 5590 1261 5646 400

2091 3155 2141 3214 C

2168 1923 2387 1980 directo
2422 1924 2576 1992 illuc,
2609 1925 2706 1980 ubi
2744 1925 2896 1982 basis
2946 1929 3007 1980 et
3034 1927 3395 2000 hypotenusa
3431 1928 3780 1999 junguntur,

2176 2013 2405 2068 oculum
2433 2030 2691 2087 apponas
2710 2014 2778 2070 ad
2812 2018 3027 2070 terram
3058 2017 3396 2086 prostratus.
3434 2015 3656 2072 Deinde
3671 2017 3786 2073 huc

2168 2100 2421 2174 illucque
2455 2102 2652 2158 tandiu
2679 2103 2967 2171 detrahas,
2992 2104 3156 2159 oculo
3188 2108 3384 2159 tamen
3417 2120 3650 2176 semper
3685 2122 3781 2179 ap-

2170 2190 2382 2261 posito,
2410 2191 2594 2246 donec
2622 2191 2726 2247 tibi
2749 2209 3043 2248 summum
3085 2192 3298 2248 catheti
3326 2192 3477 2248 illius
3496 2193 3603 2265 rei,
3627 2195 3789 2267 cujus

2169 2278 2538 2336 altitudinem
2560 2280 2789 2353 quaeris,
2825 2280 3149 2336 summitati
3177 2282 3469 2354 adaequari
3499 2282 3784 2339 videatur.

2169 2366 2292 2432 Quo
2336 2369 2487 2424 facto
2519 2385 2701 2442 ponas
2734 2368 2987 2441 signum,
3028 2369 3125 2425 ubi
3157 2371 3387 2426 oculum
3435 2371 3693 2439 tenebat,
3727 2375 3788 2428 et

2169 2472 2237 2512 ex
2267 2472 2335 2512 eo
2365 2456 2530 2530 signo
2575 2456 2783 2513 metire
2836 2458 3086 2530 spatium
3126 2475 3306 2530 usque
3352 2460 3426 2514 ad
3458 2460 3669 2531 pedem
3699 2460 3789 2517 rei

2166 2544 2341 2602 illius.
2371 2546 2509 2602 Huic
2533 2545 2719 2618 spatio
2746 2563 2851 2619 per
2879 2550 2915 2604 4
2945 2547 3156 2620 partito
3187 2551 3457 2621 quartam
3478 2565 3657 2607 unam
3688 2549 3790 2606 de-

2166 2634 2395 2704 trahas;
2424 2639 2657 2716 caeteras
2686 2639 2717 2690 3
2748 2652 2854 2709 pro
2886 2636 3189 2692 altitudine
3239 2636 3390 2692 illius
3421 2637 3525 2705 rei,
3572 2639 3642 2693 de
3674 2656 3793 2712 qua

2167 2724 2485 2795 quaerebas,
2520 2725 2753 2780 habeto.
2784 2726 2913 2781 Haec
2935 2725 3304 2782 altitudinem
3330 2725 3567 2782 videndi
3587 2726 3790 2783 certis-

2165 2811 2317 2867 sima
2340 2812 2487 2868 ratio
2520 2817 2623 2881 est,
2654 2813 2700 2869 si
2723 2817 2921 2870 tamen
2950 2831 3104 2882 area,
3152 2830 3259 2886 per
3308 2831 3485 2888 quam
3528 2816 3793 2871 cathetus

2167 2904 2391 2956 erectus
2412 2902 2734 2958 detrahitur
2757 2919 2875 2959 non
2907 2906 3239 2972 montuosa,
3271 2920 3390 2960 non
3421 2905 3657 2971 vallosa,
3684 2905 3793 2961 sed

2164 2990 2343 3061 plana
2368 2990 2560 3047 fuerit.

2714 3097 2939 3154 CAPUT
2983 3097 3245 3153 LXXXIII.

2590 3185 2757 3240 Putei
2830 3186 3115 3257 amphoras
3186 3202 3354 3241 nosse.

2237 3273 2468 3337 Puteus,
2495 3272 2654 3345 cujus
2682 3273 2755 3329 sit
2783 3273 3132 3330 diametrum
3177 3282 3230 3344 7,
3276 3275 3522 3331 altitudo
3564 3277 3637 3332 40
3683 3292 3790 3348 pe-

2169 3360 2331 3429 dum,
2374 3364 2462 3417 tot
2484 3363 2794 3434 amphoras
2824 3364 3011 3436 capiet
3033 3366 3174 3436 quot
3191 3365 3577 3436 processerint
3608 3366 3797 3436 pedes

2167 3466 2233 3505 ex
2258 3450 2590 3522 hujusmodi
2618 3451 2886 3507 diametri
2918 3469 3071 3521 area,
3104 3453 3525 3525 allitudineque
3546 3454 3605 3508 in
3637 3453 3793 3509 invi-

2167 3555 2293 3593 cem
2321 3539 2720 3611 multiplicata,
2748 3541 2792 3595 si
2823 3542 2971 3613 pede
3018 3559 3131 3597 uno
3171 3543 3346 3615 longa
3376 3546 3436 3599 et
3466 3544 3583 3599 alta
3612 3543 3798 3599 fuerit

2167 3627 2471 3700 amphora.

2700 3718 2923 3775 CAPUT
2960 3720 3214 3775 LXXXIV.
3323 3762 3335 3770 .

2172 3805 2369 3879 {lappa
2398 3805 2538 3878 quod
2559 3806 2761 3879 pedum
2787 3807 3082 3884 solidorum
3107 3810 3195 3884 sit,
3242 3815 3472 3884 quotque
3507 3810 3804 3884 amphoras

2718 3881 2918 3949 capiat,
2953 3880 3213 3934 invenire.

2243 3966 2461 4037 Cuppa,
2492 3967 2653 4037 cujus
2675 3966 2919 4022 latitudo
2952 3967 3071 4022 ima
3099 3968 3317 4039 pedum
3374 3969 3445 4024 sit
3477 3973 3529 4037 3,
3562 3986 3806 4026 summa

2168 4059 2222 4123 2,
2247 4054 2442 4110 media
2466 4059 2518 4122 5,
2558 4055 2802 4110 altitudo
2828 4072 2960 4112 vero
2998 4060 3083 4124 12,
3118 4061 3258 4129 quot
3286 4058 3502 4129 pedum
3526 4058 3625 4130 [sit
3655 4060 3802 4115 soli-

2169 4144 2403 4211 dorum,
2437 4159 2502 4199 ac
2532 4160 2637 4216 per
2666 4144 2775 4198 hoc
2806 4148 2947 4216 quot
2971 4146 3282 4216 amphoras
3302 4146 3511 4219 capiat,
3534 4147 3613 4202 sic
3632 4164 3801 4220 quae-

2164 4248 2292 4288 ras:
2328 4232 2631 4287 latitudine
2660 4232 2857 4288 media
2886 4233 2945 4288 in
2977 4251 3037 4288 se
3065 4234 3254 4301 ducta,
3288 4252 3353 4290 ac
3369 4252 3600 4291 summa
3622 4236 3801 4291 dein-

2166 4321 2236 4375 de
2263 4324 2490 4375 excreta
2521 4319 2828 4389 triplicata,
2862 4320 3275 4394 diametrisque
3305 4339 3539 4378 summo
3573 4327 3630 4378 et
3666 4323 3796 4380 imo

2166 4409 2224 4463 in
2255 4424 2314 4463 se
2343 4408 2674 4479 singulatim
2703 4408 2904 4475 ductis,
2937 4426 3111 4464 omne
3151 4410 3211 4464 in
3262 4428 3441 4466 unum
3470 4412 3535 4465 fit
3572 4415 3660 4468 88.
3692 4412 3798 4467 His

2165 4495 2439 4550 undecies
2469 4496 2652 4550 ductis
2675 4513 2740 4550 ac
2772 4514 3017 4551 summa:
3043 4498 3250 4553 exinde
3277 4502 3427 4553 notas
3458 4502 3668 4569 quarta
3688 4499 3801 4553 de-

2166 4583 2319 4637 cima
2366 4587 2601 4656 sumpta
2632 4586 2776 4638 Iiunt
2807 4588 2873 4640 69
2901 4588 2957 4639 et
2988 4585 3116 4639 duae
3157 4588 3376 4657 quartae
3430 4586 3700 4653 decimae,
3735 4587 3803 4642 id

2168 4677 2252 4727 est
2280 4690 2391 4728 una
2420 4673 2687 4744 septima.
2715 4673 2809 4728 His
2842 4691 2944 4745 per
2981 4674 3215 4729 tertiam
3248 4675 3591 4741 altitudinis,
3616 4675 3674 4730 id
3704 4679 3805 4731 est

2169 4779 2272 4836 per
2303 4762 2739 4833 quaternarium
2774 4763 3169 4835 multiplicatis
3188 4763 3347 4818 venit
3368 4780 3785 4819 numerusam-

2166 4852 2482 4923 phorarum
2512 4854 2611 4907 276
2637 4855 2695 4906 et
2718 4856 2750 4907 8
2779 4856 2996 4923 quarta:
3017 4852 3279 4920 decimae,
3320 4852 3378 4908 id
3422 4856 3511 4908 est
3553 4857 3587 4910 4
3615 4853 3805 4926 septi-

2166 4959 2297 4996 ma}.

2236 5031 2291 5085 Si
2330 5031 2502 5085 fuerit
2521 5047 2725 5103 cuppa,
2758 5032 2918 5101 cujus
2950 5031 3069 5085 ima
3097 5031 3342 5086 latitudo
3375 5030 3449 5085 sit
3478 5032 3695 5103 pedum
3740 5037 3804 5099 5,

2163 5137 2393 5175 summa
2423 5123 2474 5188 3,
2504 5119 2721 5173 altiudo
2753 5124 2807 5186 9,
2837 5124 2977 5191 quot
2996 5121 3307 5193 amphoras
3329 5120 3517 5193 capiat
3537 5120 3617 5175 sic
3634 5138 3807 5193 quaa-

2163 5228 2289 5265 ras:
2322 5212 2438 5264 ima
2460 5209 2517 5263 in
2553 5226 2612 5263 se
2638 5209 2703 5261 fit
2733 5211 2822 5275 25,
2855 5226 3087 5264 summa
3115 5226 3346 5281 quoque
3391 5209 3453 5264 in
3507 5226 3567 5263 se
3614 5210 3680 5263 Iit
3735 5215 3807 5281 9,

2163 5301 2456 5372 utriusque
2488 5299 2545 5353 in
2578 5298 2822 5353 invicem
2856 5298 3004 5353 ﬁunt
3063 5303 3148 5355 15.
3202 5299 3298 5353 His
3326 5299 3512 5354 tribus
3537 5301 3811 5356 summis

2157 5390 2327 5444 simul
2345 5388 2558 5460 junctis
2571 5388 2717 5442 fiunt
2737 5390 2826 5443 49.
2856 5387 2944 5441 His
2977 5386 3249 5443 undecies
3272 5388 3457 5443 ductis
3482 5388 3627 5442 fiunt
3650 5390 3799 5446 539.

2159 5480 2373 5533 Horum
2401 5493 2531 5549 pars
2562 5476 2788 5531 decima
2813 5480 3019 5549 quarta
3040 5478 3104 5532 fit
3125 5479 3193 5532 38
3217 5476 3275 5531 S.
3304 5478 3433 5532 Haec
3461 5493 3565 5550 per
3592 5476 3807 5533 altitu-

2158 5567 2309 5621 diuis
2343 5565 2572 5621 tertiam
2599 5565 2769 5621 ducta
2800 5567 2944 5620 ﬁunt
2992 5569 3087 5620 H5
3119 5563 3177 5622 S.
3207 5565 3312 5620 Tot
3337 5570 3507 5621 erunt
3537 5565 3803 5638 ampho-

2158 5672 2236 5711 ra:
2262 5655 2349 5711 vel
2376 5654 2552 5727 pedes
2576 5652 2759 5711 solidi.
