4018 6170
277 440 357 498 149
1620 435 1709 493 DE
1732 432 2144 492 GEOMETRIA.

334 582 413 637 llis
436 580 602 636 tribus
623 577 858 653 regulis,
889 577 959 633 de
982 579 1158 651 puteo
1187 575 1400 633 scilicet
1422 580 1481 632 et
1517 574 1588 631 de
1616 572 1835 629 duabus
1858 558 1915 617 A

276 671 441 742 cuppis
467 667 765 742 diligenter
792 667 1081 740 inspectis,
1101 682 1251 738 pene
1271 666 1461 721 nullus
1484 664 1593 719 erit
1606 664 1831 735 puteus,

274 761 341 833 vel
376 774 561 830 cuppa,
584 759 667 812 vel
704 759 888 812 tonua
915 755 1126 827 aliqua,
1158 754 1296 842 quin
1326 755 1448 826 ejus
1478 754 1653 827 possit
1678 753 1836 807 inda-

277 848 376 922 gari
401 846 764 922 profunditas,
794 844 901 900 nisi
929 843 1079 898 mira
1106 843 1164 898 in
1205 842 1284 899 eis
1312 842 1485 898 fuerit
1516 843 1830 899 diversitas.

782 988 1005 1046 CAPUT
1044 986 1281 1044 LXXXV.

267 1123 335 1179 ΕΞ
368 1121 673 1177 admotione
714 1120 948 1175 omnium
993 1131 1358 1182 numerorum,
1408 1113 1698 1170 secundum
1743 1131 1835 1168 or-

320 1195 473 1248 dinem
508 1191 805 1247 naturalem
824 1188 1184 1262 prolaturum,
1214 1188 1345 1243 scire
1371 1190 1578 1259 quanta
1602 1186 1830 1257 profun-

318 1267 455 1331 ditas,
480 1270 692 1331 crescat,
724 1267 833 1318 etc.

321 1372 384 1426 Ex
414 1369 757 1425 adunatione
793 1367 1056 1423 omnium
1095 1379 1473 1421 numerorum
1512 1362 1829 1418 secundum

264 1459 484 1516 ordinem
513 1459 839 1513 naturalem
868 1457 1225 1530 prolaturum
1256 1454 1300 1509 si
1338 1452 1418 1508 vis
1449 1452 1591 1507 scire
1612 1453 1831 1523 quanta

263 1546 575 1622 profunditas
630 1548 868 1613 crescat,
917 1545 1041 1599 haec
1082 1543 1190 1599 tibi
1236 1543 1435 1614 regula
1475 1540 1739 1607 sufficiat,
1783 1539 1829 1593 si

264 1641 453 1692 tantum
482 1633 826 1691 coadunatio
857 1634 956 1689 illa
997 1634 1069 1688 ab
1117 1633 1338 1689 unitate
1382 1629 1635 1702 incipiat,
1666 1631 1726 1683 et
1753 1628 1832 1683 sic

260 1742 343 1798 per
365 1725 578 1798 regulas
607 1725 667 1778 et
699 1738 807 1796 per
834 1722 1098 1778 ordinem
1123 1721 1502 1777 coutinuatim
1535 1721 1830 1794 procedat.

262 1815 305 1870 Si
338 1830 429 1885 par
453 1828 730 1868 numerus
759 1810 1206 1879 coacervabitur,
1234 1828 1337 1884 per
1366 1809 1622 1866 medium
1649 1810 1833 1865 ultimi

259 1919 463 1976 sequens
523 1899 1025 1972 multiplicabitur,
1076 1917 1127 1953 ν.
1169 1917 1251 1972 g.,
1300 1904 1319 1954 1
1372 1903 1405 1955 2
1446 1903 1477 1955 3
1516 1901 1549 1954 4
1587 1902 1617 1953 5
1656 1901 1709 1965 6,
1748 1897 1833 1953 vel
1858 1887 1909 1946 Β

260 1991 374 2046 scire
389 1994 518 2063 quot
533 1989 676 2056 sint,
692 2006 798 2062 per
833 1989 1046 2045 senarii
1069 1990 1439 2046 medietatem
1462 1988 1834 2060 subsequens,

259 2079 302 2134 id
325 2082 395 2134 est
421 2078 778 2150 septenarius
809 2078 1239 2151 multiplicetur,
1272 2083 1329 2134 et
1349 2078 1490 2134 ﬂent
1532 2082 1629 2145 21;
1662 2093 1833 2149 quam

257 2183 507 2223 summam
538 2167 812 2223 similiter
829 2167 1033 2221 reddet
1047 2166 1372 2239 supradicta
1389 2166 1753 2222 coadunatio.
1778 2165 1835 2220 Si

258 2259 418 2311 autem
449 2258 638 2329 impar
690 2271 965 2312 numerus
996 2272 1371 2310 numerorum
1404 2253 1836 2326 aggregabitur,

256 2360 336 2415 per
368 2347 640 2418 majorem
675 2345 761 2399 sui
786 2349 1008 2417 partem
1032 2344 1258 2400 ultimus
1279 2347 1625 2415 aggregatus
1643 2340 1837 2397 multi-

253 2433 534 2504 plicabitur,
568 2438 633 2488 ut
661 2438 749 2488 est
778 2439 797 2489 1
831 2436 864 2487 2
903 2437 933 2489 3
975 2438 1007 2488 4
1036 2438 1065 2489 5
1098 2439 1128 2490 6
1167 2433 1559 2504 7.ἶΜυΙιὶρΙίοᾶ
1581 2434 1840 2503 septena-

254 2519 376 2575 rium
408 2539 506 2594 per
530 2521 853 2577 maximam
884 2522 967 2577 sui
1003 2526 1249 2595 partem,
1280 2523 1336 2578 id
1367 2525 1451 2577 est
1489 2538 1593 2595 per
1620 2525 1673 2576 4.
1694 2522 1840 2586 Qua-

256 2610 322 2660 ler
346 2615 373 2663 7
406 2610 547 2664 fiunt
574 2613 667 2677 28,
711 2609 810 2682 qui
850 2627 1052 2665 omnes
1080 2628 1254 2684 supra
1291 2611 1531 2683 scriptos
1560 2609 1838 2664 terminos

250 2696 503 2754 claudunt.
539 2700 598 2754 Si
627 2699 1000 2754 solummodo
1032 2715 1157 2770 par,
1189 2704 1252 2754 ut
1296 2703 1381 2754 est
1402 2702 1434 2753 2
1461 2701 1555 2772 4⁸6
1586 2701 1640 2759 8,
1672 2697 1839 2752 duca.

249 2786 320 2860 tur
342 2786 612 2841 medietas
637 2786 828 2841 ultimi
856 2787 1153 2859 aggregati
1186 2804 1292 2860 per
1319 2787 1500 2854 illum,
1532 2786 1627 2858 qui
1647 2784 1836 2858 sequi-

248 2856 534 2945 turipsam,
576 2879 638 2931 et
667 2874 715 2929 si
773 2856 981 2949 impar,
1014 2856 1075 2931 ut
1108 2880 1128 2931 1
1176 2856 1207 2932 ἑ
1253 2879 1284 2932 5
1324 2879 1355 2929 7
1395 2879 1449 2945 9,
1486 2856 1678 2947 major
1705 2856 1836 2948 pars

254 2960 408 3016 ultimi
432 2962 488 3017 in
515 2980 577 3018 se
610 2963 874 3019 ducatur.

757 3124 982 3179 CAPUT
1032 3124 1296 3179 LXXXVI.
1357 3134 1374 3154 ⁸

568 3248 783 3307 Circuli
808 3250 1182 3303 inauratarum
1220 3252 1473 3306 invenire.

305 3353 488 3411 Circuli
518 3357 919 3415 inauraturam
946 3360 1026 3415 sic
1055 3376 1278 3431 quaeras
1304 3375 1316 3413 :
1349 3358 1698 3413 diametrum
1724 3357 1829 3413 cir-

248 3442 334 3496 culi
357 3442 492 3501 inse
518 3447 761 3503 ductum
816 3449 1052 3521 vigesies
1094 3449 1180 3503 bis
1226 3448 1559 3519 multiplica.
1607 3447 1833 3502 Effectus

248 3544 452 3588 summa:
508 3536 825 3608 septimam
882 3537 1142 3609 accipias,
1206 3542 1277 3597 et,
1313 3538 1437 3591 haec
1484 3535 1676 3591 circuli
1727 3536 1838 3591 erit

250 3617 570 3692 inauratum;
626 3625 785 3696 quod
841 3625 998 3680 idem
1046 3626 1201 3692 isset,
1252 3624 1297 3679 si
1343 3641 1445 3698 per
1487 3624 1834 3679 diametrum

248 3707 487 3766 circulum
515 3712 952 3785 multiplicares.

743 3872 965 3929 CAPUT
1018 3873 1308 3929 LXXXVII.

491 3995 780 4051 Columnae
808 3997 1082 4069 inaequalis-
1100 3997 1254 4069 pedes
1283 3999 1534 4052 invenire.

308 4098 355 4154 Si
380 4102 541 4157 fuerit
566 4105 841 4158 columna
874 4103 1191 4175 inaequalis,
1227 4104 1386 4176 cujus
1430 4103 1549 4159 ima
1589 4105 1829 4160 latitudo

248 4187 425 4257 pedum
468 4191 540 4245 sit
582 4196 673 4258 13,
713 4208 940 4247 summa
978 4196 1030 4259 5,
1073 4192 1311 4247 altitudo
1360 4196 1447 4261 30,
1492 4194 1615 4263 ejus
1658 4194 1834 4265 pedes

250 4274 309 4328 sic
345 4295 571 4349 quaeras.
616 4282 743 4335 Ima
787 4281 1089 4335 latitudine
1133 4280 1193 4335 in
1241 4299 1298 4336 se
1348 4281 1743 4353 multiplicata,
1770 4299 1835 4337 ac

251 4379 439 4423 summa
483 4369 541 4424 in
581 4387 668 4436 se,
708 4387 771 4424 ac
818 4373 1060 4442 utraque
1110 4369 1378 4436 invicem,
1430 4371 1630 4442 hisque
1656 4371 1837 4426 tribus

255 4457 458 4512 summis
479 4459 654 4513 simul
685 4458 1015 4530 compositis
1042 4460 1193 4513 ﬁunt
1220 4459 1395 4529 pedes
1423 4462 1547 4515 259.
1601 4460 1695 4514 His
1737 4479 1837 4515 un-

3440 444 3543 505 l50

2465 562 2691 620 CAPUT
2730 564 2987 622 LXXXIX.

1938 661 2091 720 Intra
2133 668 2458 739 quadratum
2490 672 2859 743 aequilaterum
2894 680 3209 747 octagonum
3245 678 3536 751 designare.

2006 772 2064 828 Si
2091 774 2334 831 volueris
2358 777 2512 833 intra
2550 780 2897 852 quadratum
2936 785 3336 857 eequilaterum
3374 790 3540 844 octo-

1932 878 2154 935 gonum
2187 863 2511 937 designare,
2554 868 2865 939 diagonum
2913 873 3171 928 medium
3202 892 3413 931 sumas.
3439 875 3537 933 Hic

1938 950 2219 1007 circinum
2251 953 2559 1025 spatiatum
2611 958 2819 1029 [Glossa
2847 967 2975 1029 vet.,
3006 965 3324 1035 extentum]
3351 964 3411 1020 in
3433 983 3535 1022 an-

1933 1042 2067 1113 gulo
2096 1043 2362 1115 quadrati
2412 1043 2639 1117 infigas,
2688 1051 2745 1102 et
2786 1049 2847 1103 in
2890 1053 3133 1123 utroque
3176 1053 3356 1109 latere
3384 1072 3534 1128 pun-

1938 1131 2117 1197 ctum,
2151 1147 2447 1205 quousque
2514 1134 2757 1191 circulus
2813 1140 3157 1209 pervenerit,
3222 1141 3419 1210 facias,
3468 1160 3534 1201 ac

1931 1218 2011 1273 sic
2043 1235 2146 1291 per
2184 1219 2437 1292 singulos
2468 1224 2708 1294 angulos
2747 1241 2961 1299 perque
3002 1230 3182 1284 latera
3210 1247 3531 1303 percurras.

1927 1306 2146 1362 Deinde
2164 1325 2198 1363 a
2212 1314 2424 1380 puncto
2448 1310 2506 1365 in
2522 1314 2799 1382 punctum
2823 1316 3048 1387 angulis
3069 1318 3332 1390 quadrati
3350 1324 3533 1377 extra-

1927 1396 2130 1452 clausis
2141 1414 2262 1453 sem
2268 1398 2597 1472 perlineam
2617 1401 2812 1471 ducas,
2828 1407 2885 1459 et
2901 1409 3255 1479 octogonum
3272 1409 3530 1466 habebis.

2542 1535 2767 1593 CAPUT
2805 1538 2912 1595 XC.

2054 1658 2354 1715 Structurae
2375 1662 2515 1716 circa
2532 1669 2755 1733 puteum
2769 1665 2962 1735 positae
2974 1666 3135 1738 pedes
3159 1668 3412 1726 invenire.

2005 1768 2063 1823 Si
2099 1768 2247 1824 datis
2284 1769 2455 1825 fuerit
2485 1776 2708 1843 puteus,
2760 1775 2920 1845 cujus
2968 1776 3319 1833 diametrum
3339 1778 3413 1833 sit
3436 1794 3537 1850 pe-

1938 1856 2075 1913 dum
2104 1862 2156 1923 5,
2183 1862 2240 1912 et
2264 1858 2415 1914 circa
2431 1877 2563 1915 eum
2585 1861 3057 1921 fueritstructura
3079 1867 3193 1921 alta
3208 1866 3422 1937 pedum
3445 1870 3536 1935 20,

1933 1948 2052 2002 lata
2094 1948 2310 2018 pedum
2362 1951 2417 2011 2,
2464 1950 2584 2019 eius
2632 1955 2930 2010 structurae
2971 1956 3147 2026 pedes
3171 1956 3248 2011 sic
3278 1973 3536 2028 quaeras:

1936 2039 2237 2091 structurae
2292 2037 2659 2094 latitudinem
2704 2042 2876 2097 ducas
2915 2042 2974 2097 in
3023 2060 3103 2110 se,
3158 2044 3306 2098 fiunt
3350 2048 3403 2099 4.
3448 2043 3543 2099 His

1938 2125 2173 2195 adjicias
2202 2126 2359 2196 putei
2378 2127 2753 2197 diametrum,
2775 2135 3013 2187 erunt9.
3050 2132 3115 2186 Hi
3133 2132 3422 2187 inseﬁent
3449 2136 3540 2187 81.

1934 2214 2019 2268 Ab
2053 2213 2144 2267 his
2167 2214 2451 2269 diametro
2494 2217 2649 2286 putei
2697 2218 2866 2273 ducto
2906 2219 2964 2274 in
3002 2237 3060 2274 se
3087 2221 3325 2292 dempto
3353 2237 3541 2275 rema-

1936 2305 2077 2357 nent
2106 2306 2194 2359 56.
2246 2303 2341 2357 His
2379 2304 2648 2359 undecies
2682 2306 2885 2373 ductis,
2933 2311 2992 2363 et
3038 2325 3073 2362 a
3111 2326 3364 2372 summa,
3412 2327 3541 2382 qua:

1936 2390 2072 2445 inde
2105 2392 2435 2458 excreverit,
2464 2397 2670 2464 quarta
2687 2395 2911 2450 decima
2931 2400 3163 2470 sumpta
3182 2400 3353 2452 erunt
3369 2399 3544 2471 pedes

1938 2496 2087 2535 areae
2119 2483 2207 2534 44.
2234 2480 2299 2534 Hi
2330 2498 2434 2551 per
2456 2481 2842 2551 altitudinem,
2888 2483 2947 2539 id
2991 2489 3078 2541 est
3111 2486 3350 2557 vigesies
3388 2487 3543 2543 ducti

1936 2568 2081 2621 fiunt
2108 2569 2232 2634 880,
2275 2568 2381 2623 Tot
2421 2574 2592 2624 erunt
2630 2571 2805 2641 pedes
2852 2589 3001 2628 areae
3022 2576 3111 2630 44.
3137 2574 3202 2628 Hi
3224 2590 3328 2645 per
3355 2576 3545 2631 altitu-

1938 2654 2157 2723 dinem,
2201 2656 2258 2710 id
2303 2661 2387 2712 est
2423 2659 2661 2731 vigesies
2707 2662 2861 2717 ducti
2899 2664 3047 2718 fiunt
3093 2666 3217 2719 880.
3240 2665 3345 2720 Tot
3374 2667 3545 2720 erunt

1936 2744 2111 2815 pedes
2139 2746 2456 2802 structuras.

2546 2884 2771 2941 CAPUT
2808 2887 2933 2942 XCI.

2140 2986 2428 3043 Prismatis
2454 2990 2613 3061 pedes
2645 2992 2880 3046 invenire
2920 2995 2977 3047 in
3004 2996 3333 3065 ortltoqom'o.

2006 3093 2064 3149 Si
2095 3093 2230 3149 data
2275 3094 2495 3166 prisma
2531 3096 2703 3152 fuerit
2749 3099 3103 3172 orthogonii,
3140 3101 3300 3172 cujus
3331 3102 3403 3157 sit
3444 3120 3542 3159 ca-

1852 3210 1900 3270 ρ
1932 3182 2124 3237 thetus
2174 3186 2262 3252 19,
2316 3184 2467 3239 basis
2514 3189 2598 3252 12,
2639 3187 2879 3242 altitudo
2930 3191 3018 3255 20,
3063 3190 3185 3261 ejus
3237 3191 3413 3262 pedes
3461 3192 3543 3247 sic

1935 3286 2158 3341 quaeras
2180 3287 2194 3326 :
2218 3288 2322 3343 per
2350 3275 2642 3329 cathetum
2667 3277 2919 3331 ethasim
2942 3294 3139 3333 aream
3161 3278 3318 3349 prius
3343 3282 3540 3337 ortho-

1938 3359 2099 3432 gonii
2129 3362 2404 3431 reperias,
2429 3380 2557 3434 quae
2590 3365 2699 3419 erit
2725 3370 2811 3423 54.
2844 3371 3010 3426 Hanc
3033 3385 3135 3441 per
3149 3367 3540 3437 altitudinem,

1936 3453 1992 3508 id
2022 3455 2109 3507 est
2136 3457 2568 3525 20ducas,fient
2597 3463 2765 3527 1080;
2800 3464 2886 3516 tot
2914 3462 3084 3514 erunt
3100 3458 3274 3530 pedes
3288 3458 3539 3530 prismas.

2008 3544 2194 3608 Quam
2234 3546 2502 3603 inaurare
2534 3549 2580 3603 si
2624 3549 2729 3616 vis,
2765 3548 3065 3604 circuitum
3119 3546 3296 3618 ipsius
3343 3548 3541 3604 ortho-

1934 3633 2116 3704 gonii,
2149 3634 2210 3689 id
2231 3640 2316 3690 est
2337 3640 2403 3691 36
2436 3654 2538 3709 per
2567 3636 2952 3705 altitudinem,
2984 3636 3043 3691 id
3074 3640 3160 3692 est
3187 3638 3256 3691 20
3282 3636 3455 3692 ducas
3483 3639 3543 3692 et

1932 3723 2076 3778 fient
2098 3727 2232 3793 720;
2260 3725 2358 3797 qui
2389 3729 2562 3781 erunt
2589 3726 2767 3799 pedes
2797 3726 3167 3785 inauraturaa.

2523 3890 2748 3944 CAPUT
2784 3888 2941 3944 XCII.

2071 3995 2140 4048 In
2166 3996 2315 4051 omni
2359 4002 2631 4067 tetragono
2659 3996 2972 4066 dz'agonz'um
3000 3996 3257 4063 z'neenu'e,
3285 3997 3394 4049 etc.

2003 4103 2065 4156 ln
2091 4103 2253 4157 omni
2281 4105 2587 4175 tetragono
2606 4102 2721 4156 sive
2742 4102 3101 4173 mquilatero,
3145 4100 3260 4154 sive
3293 4098 3537 4171 longila-

1934 4193 2058 4246 tero
2083 4192 2417 4262 diagonium
2451 4191 2529 4245 sic
2561 4190 2841 4245 invenies:
2876 4189 3242 4245 latitudinem
3268 4192 3326 4244 et
3352 4186 3540 4259 longi-

1934 4279 2196 4334 tudinem
2237 4279 2529 4352 sigillatim
2561 4279 2618 4333 in
2663 4297 2721 4333 se
2760 4278 3126 4351 multiplices,
3176 4292 3538 4332 summarum

1934 4369 2313 4424 crescentium
2344 4369 2402 4423 in
2436 4386 2615 4424 unum
2654 4370 2803 4424 latus
2844 4385 3088 4441 quaaras.
3132 4370 3246 4424 Hoc
3270 4386 3376 4439 pro
3414 4367 3539 4423 dia-

1935 4474 2089 4528 gono
2130 4458 2360 4512 habeto.

252 4538 405 4597 decies
451 4546 655 4613 ductis,
714 4563 779 4599 ac
832 4546 1036 4601 exinde
1080 4546 1297 4602 effecta:
1338 4564 1581 4603 summa;
1603 4553 1833 4621 quarta-
1859 4568 1911 4626 Ι,
2005 4546 2236 4618 Trigoni
2273 4546 2602 4617 orthogonii
2634 4564 2737 4619 per
2764 4547 3055 4601 cathetum
3081 4546 3408 4621 sicpinvcnis
3437 4548 3536 4602 ba-

251 4626 436 4687 decima
480 4634 740 4689 detracta
799 4634 1031 4689 venient
1087 4638 1190 4690 203
1244 4635 1326 4703 S.,
1391 4636 1604 4692 scilicet
1660 4638 1835 4707 pedes

253 4729 480 4776 arearum
506 4739 755 4777 summm
785 4726 844 4776 et
869 4723 1075 4778 mediae
1106 4739 1173 4778 ac
1216 4723 1451 4779 infimae.
1504 4725 1596 4781 His
1626 4726 1833 4781 deinde

253 4820 330 4872 per
367 4810 590 4865 tertiam
648 4810 967 4866 altitudinis
1007 4811 1398 4884 multiplicatis
1445 4818 1615 4868 erunt
1663 4814 1809 4869 solid

259 4908 399 4961 penes
426 4902 583 4954 2035.

730 5052 955 5107 CAPUT
1012 5052 1320 5108 LXXXVIII.

735 5158 1097 5229 Hexagonum
1119 5160 1314 5229 facere.

312 5241 361 5296 Si
385 5246 624 5302 volueris
642 5246 1009 5319 hexagonum
1038 5247 1250 5311 facere,
1270 5249 1430 5321 cujus
1458 5252 1606 5306 latus
1626 5251 1836 5309 habeat

256 5330 396 5395 pedes
431 5337 516 5401 10,
547 5334 721 5389 facies
752 5340 818 5391 10
843 5336 1083 5408 pedum,
1116 5336 1331 5393 lineam
1362 5341 1420 5392 et
1452 5338 1510 5393 in
1554 5340 1836 5395 extremi-

255 5417 347 5471 tate
386 5422 502 5490 ejus
552 5423 829 5478 circinum
878 5424 1040 5495 ﬁgas,
1101 5429 1158 5481 et
1204 5425 1481 5481 circulum
1519 5427 1723 5497 facias;
1776 5418 1835 5484 et

256 5507 403 5572 qualis
436 5514 521 5565 est
560 5510 715 5566 linea
750 5529 784 5568 a
817 5512 1012 5568 medio
1055 5517 1254 5570 centro
1298 5515 1493 5571 circuli
1533 5534 1713 5591 usque
1759 5518 1833 5573 ad

262 5594 650 5652 extremitatem
674 5601 947 5672 ejusdem,
971 5601 1185 5658 similes
1206 5620 1301 5658 sex
1321 5622 1424 5675 per
1443 5607 1833 5661 extremitates

258 5676 416 5739 circuli
435 5684 630 5756 ducas,
663 5692 718 5744 et
745 5690 1111 5763 hexagonum
1143 5693 1398 5749 habebis.

1933 4634 2071 4688 sim:
2104 4636 2362 4689 cathetus
2412 4638 2501 4690 ter
2554 4636 2815 4702 ducatur,
2865 4653 3019 4691 nona
3057 4652 3189 4708 pars
3223 4636 3537 4700 auferatur,

1932 4722 2139 4793 reliqui
2162 4722 2467 4778 dimidium
2492 4728 2773 4792 sumatur,
2794 4724 2902 4780 erit
2932 4725 3092 4782 basis.
3130 4725 3251 4780 Basi
3277 4728 3535 4781 ablatum

1933 4810 2289 4873 restituatur,
2313 4812 2422 4866 erit
2451 4812 2831 4884 hypotenusa.
2866 4814 2960 4868 Vel
2993 4814 3098 4869 ita:
3124 4815 3335 4869 catheti
3366 4815 3538 4869 dimi-

1934 4898 2094 4953 dium
2128 4903 2408 4967 sumatur,
2443 4900 2598 4972 quod
2628 4904 2718 4955 ter
2755 4901 3016 4968 ducatur,
3063 4905 3327 4957 remanet
3364 4902 3538 4959 basis.

1934 4987 2028 5042 Vel
2058 4987 2365 5043 dimidium
2395 4989 2606 5044 catheti
2631 4989 2815 5044 sexies
2828 4990 3089 5057 ducatur,
3113 4992 3537 5059 nonatollatur,

1935 5075 2141 5148 reliqui
2175 5076 2487 5131 dimidium
2512 5076 2815 5131 erit'hasis.
2839 5078 2960 5132 Basi
2988 5078 3213 5134 reddita
3243 5096 3401 5134 nona
3430 5080 3540 5134 erit

1935 5163 2313 5236 hypotenusa.

2505 5308 2728 5364 CAPUT
2766 5310 2947 5366 XCIII.

2105 5420 2263 5488 Quod
2290 5422 2463 5478 stadia
2505 5426 2561 5479 in
2589 5431 2742 5480 terrzs
2773 5424 3114 5496 respondeant
3143 5424 3378 5481 Zodiacz’

2531 5496 2799 5567 partibus,
2825 5500 2931 5551 etc.

2005 5603 2140 5657 Erat
2170 5602 2448 5658 Osthenes
2480 5604 2874 5677 philosophus,
2916 5603 3187 5675 idemque
3233 5603 3533 5674 geometra

1933 5691 2353 5760 subtilissimus,
2388 5693 2850 5764 magnitudinem
2873 5691 3110 5757 terreni,
3130 5687 3280 5743 orbis
3302 5704 3537 5744 noscere
