4018 6170
430 363 526 424 151

1098 359 1452 421 SILVESTRI
1475 364 1521 420 ll
1546 365 1745 421 ΡΑΡᾹΞ
1774 363 1927 422 ΟΡΡ.
1953 366 2053 423 PM

2168 369 2208 423 1.
2240 398 2309 409 —
2336 369 2425 425 DE
2453 368 2739 425 DISCLPL.
2772 369 3075 425 MATHEM.

3649 371 3752 425 152

428 488 648 558 volens,
680 486 779 546 tali
822 486 993 560 hujus
1039 488 1179 545 artis
1225 488 1433 545 dicitur
1485 507 1617 546 usus
1666 495 2036 562 argumento.
2071 492 2628 566 Acircumferenliee
2656 496 2870 550 locum.
2903 492 3182 549 Similiter
3209 494 3515 549 exeuntem
3534 492 3752 548 notabi-

431 579 577 637 Nam
627 595 662 634 a
706 578 1067 634 mensoribus
1120 577 1272 650 regis
1326 578 1650 647 Ptolomaei,
1698 578 1796 651 qui
1856 583 2040 635 totam

430 667 738 741 Egyptum
770 666 1024 732 tenebat,
1050 666 1280 737 adjutus
1322 683 1355 722 a
1403 667 1573 722 Siene
1623 684 1802 740 usque
1832 669 1905 723 ad
1932 670 2044 724 Me-

434 772 577 812 roen
603 755 921 810 stadiorum
947 771 1259 810 numerum
1290 755 1529 810 invenit.
1564 756 1859 828 Dispositis
1878 775 2047 813 nam-

433 859 544 917 que
558 859 663 916 per
683 843 982 898 intervalla
996 844 1254 898 locorum
1285 860 1318 897 a
1329 844 1724 915 septentrione
1738 845 2046 902 meridiem

432 948 627 988 versus
664 930 1050 1003 boroscopicis
1072 931 1213 986 vasis
1237 930 1409 986 simili
1434 931 1796 989 dimensione
1817 937 1876 988 et
1899 950 2044 1006 gno-

435 1037 679 1079 monum
706 1036 872 1093 aequa
897 1019 1262 1091 longitudine
1295 1017 1555 1075 formatis
1576 1021 1818 1077 totidem
1850 1022 2047 1078 doctos

434 1107 799 1182 gnomonicm
828 1106 1254 1179 supputationis
1276 1107 1563 1176 homines,
1594 1112 1734 1180 quot
1762 1127 1897 1165 vasa
1925 1111 2047 1166 fue-

432 1202 585 1265 rant,
622 1196 860 1269 singulis
902 1196 1222 1268 quibusque
1264 1195 1322 1250 in
1361 1197 1499 1251 locis
1546 1197 1839 1270 imposuit,
1874 1204 2045 1271 atque

434 1302 553 1341 una
580 1285 671 1341 die
698 1302 902 1342 omnes
926 1284 1199 1339 umbram
1226 1284 1534 1341 meridiani
1564 1286 1839 1358 temporis
1854 1287 2045 1342 obser-

434 1391 568 1430 vare
598 1372 752 1440 fecit,
803 1376 1007 1429 notare
1046 1372 1224 1427 etiam
1265 1389 1737 1446 unumquemque
1766 1375 1852 1429 sui
1895 1392 2042 1446 gno-

438 1460 613 1517 minis
643 1461 935 1527 umbram,
960 1462 1194 1533 quanta:
1222 1460 1836 1533 fuissetlongitudinis.
1855 1465 2043 1534 Atque

437 1549 520 1605 ita
538 1548 842 1621 comperit,
867 1548 1023 1621 quod
1053 1549 1201 1603 ultra
1230 1551 1336 1604 700
1364 1549 1547 1604 stadia
1569 1550 1642 1605 ad
1673 1550 1841 1605 unius
1862 1550 2047 1622 longi.

437 1636 655 1692 tudinis
676 1652 1035 1709 gnomonem
1052 1638 1259 1692 umbra
1272 1654 1390 1693 non
1413 1638 1731 1710 respondit,
1752 1643 1923 1712 atque
1941 1641 2046 1695 hac

437 1725 536 1781 tali
571 1725 912 1799 probatione
944 1724 1225 1780 conclusit
1254 1726 1407 1797 quod
1438 1729 1628 1798 partes
1669 1730 1791 1794 360,
1841 1728 2049 1799 quibus

439 1812 855 1870 omniszodiaci
865 1811 1058 1868 circuli
1071 1817 1286 1869 tractus
1298 1813 1353 1868 di
1361 1813 1665 1881 viditur,ad
1677 1818 1857 1870 terras
1872 1833 2046 1888 usque
2070 1799 2117 1859 Β

438 1902 803 1976 proveniant,
835 1904 894 1957 et
920 1918 1075 1974 pars,
1094 1919 1222 1975 qua:
1253 1902 1331 1957 ibi
1362 1902 1725 1975 incomperta
1754 1908 1811 1959 et
1837 1905 2048 1959 inaesti-

440 1990 669 2047 mabilis
705 2005 993 2045 mansure
1020 1991 1125 2057 est,
1164 1990 1224 2044 in
1251 1990 1421 2045 terris
1445 2008 1562 2046 non
1595 1992 1840 2063 amplius
1870 2010 2044 2064 quam

438 2078 965 2152 septingentorum,
992 2080 1095 2135 aut
1110 2079 1279 2151 paulo
1304 2079 1518 2147 minus,
1550 2079 1871 2135 stadiorum
1896 2097 2055 2135 men.

440 2183 633 2222 suram
666 2167 945 2223 obtineat.
965 2166 1391 2238 Compertaque
1409 2167 1465 2221 in
1488 2167 1657 2222 terris
1676 2168 1840 2222 unius
1854 2167 2054 2240 partis,

442 2271 571 2329 qua:
599 2255 671 2310 ad
700 2254 998 2309 zodiacum
1024 2254 1296 2327 pertinet,
1329 2259 1386 2310 et
1412 2256 1876 2327 magnitudinem
1907 2254 2056 2308 hanc

442 2346 532 2398 ter
564 2342 749 2398 centis
771 2341 1031 2414 sexagies
1059 2342 1485 2414 complicando,
1522 2344 1799 2398 circulum
1822 2358 2057 2397 mensu-

440 2448 687 2503 ramque
699 2433 871 2487 terra;
885 2431 1289 2486 incunctanter
1300 2432 1455 2504 quod
1470 2432 1722 2487 millibus
1734 2431 2054 2486 stadiorum

443 2520 765 2578 ambiretur
785 2519 1044 2575 absolvit.
1061 2520 1201 2574 Nam
1219 2520 1725 2575 25000stadiorum
1749 2518 2053 2574 circuitum

444 2608 693 2665 universi
714 2606 928 2663 terreni
953 2607 1109 2663 orbis
1140 2624 1260 2662 esse
1295 2608 1710 2678 pronuntiavit.
1739 2608 1875 2672 Quae
1895 2622 2053 2661 sum-

445 2714 564 2766 ma,
595 2696 641 2752 si
673 2697 731 2753 in
764 2698 869 2757 360
898 2699 1089 2767 partes
1119 2696 1419 2768 aequaliter
1451 2696 1755 2763 dividatur,
1790 2695 2050 2768 liquebit,

444 2786 601 2860 quod
624 2784 944 2841 stadiorum
981 2800 1342 2856 unaquaeque
1382 2784 1572 2856 portio
1615 2785 1674 2840 in
1720 2785 1886 2839 terris
1930 2802 2052 2841 esse

440 2874 669 2939 debeat,
699 2890 828 2946 quae
853 2872 913 2928 in
950 2872 1162 2928 caelesti
1204 2871 1416 2928 circulo
1444 2873 1515 2927 ab
1548 2874 1661 2928 ullo
1691 2873 1913 2928 nullam
1946 2873 2053 2927 hu-

437 2979 631 3020 manas
660 2962 1007 3034 conjectura:
1028 2960 1455 3017 dimensionem
1485 2959 1762 3016 admittit.

512 3050 810 3124 Optimum
829 3053 916 3106 est
935 3065 1074 3121 ergo
1094 3050 1362 3104 umbram
1377 3050 1533 3104 horse
1546 3054 1717 3105 sextae
1730 3049 2046 3121 deprehen-
2071 3037 2118 3097 C

440 3140 601 3209 dere,
645 3141 705 3195 et
741 3139 814 3194 ab
862 3153 931 3194 ea
970 3136 1224 3193 limitem
1255 3136 1551 3204 inchoare,
1585 3141 1648 3192 ut
1676 3137 1791 3193 sint
1820 3136 2051 3211 semper

439 3227 767 3285 meridiano
792 3229 1059 3297 tempore
1085 3224 1359 3292 ordinati,
1392 3224 1671 3296 sequitur,
1723 3230 1786 3280 ut
1814 3226 2054 3282 orientis

441 3314 868 3386 occidentisque
887 3312 1043 3369 linea
1056 3311 1189 3368 huic
1203 3328 1374 3368 norm
1382 3312 1550 3367 aliter
1569 3314 1895 3369 conveniat.
1912 3313 2057 3370 Scri-

443 3405 652 3461 bamus
679 3401 934 3473 primum
963 3399 1242 3458 circulum
1272 3400 1334 3456 in
1364 3404 1519 3457 terra
1554 3402 1682 3458 loco
1708 3403 1968 3475 plano,et
1995 3402 2054 3457 in

445 3494 659 3564 puncto
686 3490 811 3561 ejus
840 3488 1191 3545 sciotherum
1223 3505 1532 3562 ponemus,
1584 3489 1745 3562 cujus
1770 3490 1982 3545 umbra
2000 3493 2060 3545 et

445 3580 602 3637 intra
630 3578 907 3634 circulum
920 3577 1234 3651 aliquando
1252 3580 1436 3646 exeat,
1450 3580 1509 3633 et
1533 3578 1843 3651 aliquando
1858 3579 2057 3638 intret.

448 3668 683 3724 Certum
702 3669 790 3723 est
804 3666 963 3722 enim
987 3669 1110 3723 tam
1136 3664 1379 3722 orientis
1395 3683 1572 3739 quam
1595 3666 1908 3723 occidentis
1933 3684 2061 3723 um-

447 3754 1049 3830 brasdeprehendere.
1071 3754 1451 3811 Attendemus
1464 3754 1661 3828 igitur,
1686 3754 2064 3828 quemadmo-

450 3844 590 3901 dum
611 3862 646 3900 a
675 3843 865 3917 primo
887 3842 1021 3900 solis
1058 3844 1192 3899 ortu
1222 3843 1431 3899 umbra
1458 3843 1819 3899 cohibeatur.
1844 3843 2065 3899 Deinde

449 3949 583 3989 cum
603 3932 679 3989 ad
706 3931 901 3989 circuli
918 3930 1135 3988 lineam
1161 3930 1508 4003 pervenerit,
1552 3931 1885 3988 notabimus
1931 3947 2066 3987 eum

519 4021 841 4094 (13)Textus
852 4021 950 4095 huj
958 4038 1023 4078 us
1032 4020 1234 4096 capitis
1244 4021 1613 4095 perturbatus
1626 4024 1685 4077 et
1698 4020 1972 4077 obscurus
1982 4021 2070 4076 est

2147 597 2294 636 mus.
2328 582 2545 637 Notatis
2576 600 2715 655 ergo
2741 583 2959 638 duabus
2985 583 3178 638 circuli
3200 581 3457 654 partibus
3486 581 3755 637 intrantis

2150 672 2372 727 umbra:
2404 675 2463 726 et
2501 673 2758 728 exeuntis
2784 673 2907 727 loco
2936 676 3153 727 rectam
3186 671 3401 726 lineam
3432 687 3467 724 a
3494 669 3657 741 signo
3679 669 3752 725 ad

2149 760 2384 831 signum
2413 760 2895 816 circumferentia:
2918 761 3286 828 ducemus,et
3304 759 3561 814 medium
3594 761 3756 813 nota-

2152 850 2363 917 bimus,
2387 866 2490 922 per
2516 867 2688 921 quem
2716 851 2907 905 locum
2964 854 3122 904 recta
3149 848 3302 903 linea
3340 847 3493 901 exire
3523 846 3693 901 debet
3719 862 3755 900 a

2150 942 2362 1011 puncto
2390 936 2582 993 circuli
2605 955 2619 1006 ;
2654 954 2758 1011 per
2778 955 2955 1010 quam
2984 937 3201 992 lineam
3229 936 3523 991 cardinem
3546 933 3755 1005 dirige-

2150 1043 2295 1095 mus,
2347 1030 2405 1081 et
2442 1027 2515 1082 ab
2557 1043 2624 1082 ea
2666 1027 3007 1082 normaliter
3044 1026 3103 1081 in
3150 1028 3374 1080 rectum
3406 1024 3756 1079 decumanos

2151 1110 2509 1183 emittemus,
2542 1118 2600 1169 et
2626 1132 2694 1171 ex
2724 1131 3066 1187 quacunque
3096 1115 3219 1184 ejus
3245 1113 3414 1167 lineas
3434 1114 3595 1184 parte
3625 1126 3755 1165 nor-

2150 1203 2381 1258 maliter
2436 1202 2854 1270 invenerimus,
2904 1204 3294 1258 decumanum
3342 1203 3497 1255 recte
3543 1197 3751 1253 consti-

2144 1294 2393 1346 tuamus.

2736 1453 2961 1508 CAPUT
2999 1451 3172 1508 XCIV.

2417 1576 2550 1630 Alia
2584 1577 2728 1633 ratio
2756 1576 3111 1634 meridianum
3137 1574 3485 1632 describendi.

2223 1682 2441 1753 (l3)Est
2457 1685 2513 1737 et
2528 1683 2638 1738 alia
2658 1683 2947 1755 ratio,qua
2959 1682 3140 1737 tribus
3155 1677 3759 1750 umbriscomprehen-

2147 1771 2221 1826 sis
2242 1770 2637 1826 meridianum
2663 1772 3069 1826 describemus.
3088 1772 3149 1825 In
3166 1772 3290 1825 loco
3319 1769 3488 1841 plano
3508 1781 3756 1837 gnomo-

2145 1874 2281 1913 nem
2294 1858 2750 1914 constituemusa
2766 1859 2878 1926 b,et
2890 1860 3124 1913 umbras
3136 1858 3256 1929 ejus
3267 1860 3382 1911 tres
3394 1852 3761 1909 enotabimus

2146 1964 2173 2000 c
2196 1948 2224 2000 b
2241 1965 2286 2002 e.
2312 1949 2419 2002 Has
2434 1948 2672 2002 umbras
2690 1948 3029 2003 normaliter
3047 1944 3628 2017 comprehendemus,
3644 1957 3763 2013 qua

2158 2035 2459 2091 latitudine
2487 2037 2667 2091 altera
2699 2036 2770 2090 ab
2802 2038 2981 2090 altera
3000 2036 3229 2090 distent.
3265 2034 3322 2089 Si
3357 2035 3548 2086 autem
3582 2028 3757 2084 meri-

2158 2124 2310 2178 diem
2358 2123 2794 2190 constituamus,
2822 2125 3011 2195 prima
3036 2124 3239 2178 umbra
3271 2122 3379 2177 erit
3403 2118 3762 2192 longissima.

2157 2210 2214 2265 Si
2248 2217 2376 2282 post
2410 2212 2737 2277 meridiem,
2789 2212 3114 2267 novissima.
3148 2213 3258 2265 Has
3289 2209 3497 2265 deinde
3530 2208 3769 2262 umbras

2155 2300 2531 2373 proportione
2552 2300 2623 2354 ad
2638 2300 3179 2372 multiplicationem
3198 2299 3257 2353 in
3279 2299 3475 2352 tabula
3488 2295 3770 2350 describe-

2156 2405 2306 2453 mus,
2332 2390 2391 2441 et
2413 2388 2487 2441 sic
2536 2388 2593 2441 in
2630 2390 2847 2442 terram
2886 2386 3257 2441 servabimus.
3284 2384 3597 2455 Statigitur
3616 2398 3768 2453 gno-

2155 2493 2294 2532 mon
2321 2495 2353 2530 a
2385 2476 2413 2529 ὀ
2430 2475 2669 2547 planitie
2692 2476 2739 2529 b.
2767 2476 3053 2530 Tollamus
3075 2473 3395 2528 maximam
3415 2471 3681 2526 umbram
3704 2469 3767 2523 in

2154 2565 2413 2637 planitie,
2438 2566 2704 2618 notemus
2734 2564 2895 2636 signo
2925 2564 2979 2617 d.
3006 2562 3096 2618 Sic
3117 2566 3176 2617 et
3204 2565 3420 2615 terram
3441 2560 3605 2631 signo
3622 2576 3671 2624 e,
3702 2559 3769 2611 ut

2154 2654 2269 2708 sint
2300 2654 2359 2708 in
2392 2652 2504 2707 vasi
2537 2652 2909 2723 proportione
2950 2649 3325 2723 longitudinis
3342 2649 3462 2704 sine
3486 2648 3514 2701 ὁ
3542 2664 3569 2701 c
3595 2647 3631 2699 d
3659 2661 3689 2702 c
3711 2663 3764 2711 ε,

2154 2756 2531 2797 numeramus
2556 2740 2944 2811 bypotenusas
2991 2756 3059 2794 ex
3094 2757 3142 2806 c,
3191 2739 3249 2793 in
3276 2756 3330 2807 α,
3365 2741 3422 2792 et
3445 2753 3511 2791 ex
3540 2734 3577 2788 d
3605 2734 3664 2788 in
3694 2750 3726 2787 a
3747 2761 3769 2800 ,-

2159 2846 2312 2885 nunc
2346 2830 2560 2900 puncto
2587 2845 2621 2881 a
2659 2832 2718 2883 et
2744 2828 3046 2883 intervallo
3077 2845 3105 2882 ε
3145 2828 3416 2882 circulum
3437 2822 3770 2880 scribimus.

475 4178 3787 4212 _________________________________.____...

1646 4386 2595 4529 GEBBERTI

1109 4677 1814 4788 EPISTOLA
1880 4679 2068 4784 AD
2140 4670 3130 4781 ADELBOLDUM

453 4920 551 4981 De
572 4932 792 4980 causa
817 4916 1244 4982 dicerme
1266 4928 1605 4979 arearum
1632 4915 1709 4976 in
1732 4914 2006 4990 trigono
2034 4910 2460 4985 aequitatem,
2481 4906 2896 4984 geometrtce
2916 4903 3431 4967 arithmeticam
3456 4913 3798 4977 menso.

1762 5103 1950 5180 (Apud
1977 5104 2106 5171 Pez,
2139 5099 2229 5157 ubi
2260 5100 2469 5174 supra.)

513 5496 1191 5561 Anueonnonuncusque
1214 5484 1422 5542 dilecto
1449 5499 1794 5559 semperque
1817 5481 2058 5558 diligen-
2078 5487 2130 5548 D
2230 5482 2293 5537 lu
2326 5478 2415 5536 his
2438 5478 2809 5553 geometricis
2831 5477 3052 5551 figuris,
3085 5493 3228 5551 quas
3258 5491 3293 5530 a
3320 5473 3486 5533 nobis
3511 5489 3793 5561 sumpr

440 5582 663 5645 doildei
693 5577 1111 5654 integritatem,
1140 5573 1603 5650 integritatisque
1638 5571 2049 5632 constantiam.

2153 5586 2266 5638 ras,
2309 5571 2435 5626 erat
2470 5568 2734 5643 trigonus
2788 5568 3023 5642 quidam
3048 5565 3435 5641 tequilaterus,
3455 5563 3618 5636 cujus
3647 5559 3797 5619 erat
