3986 6170
292 355 371 412 153
1003 345 1099 402 DE
1128 344 1355 403 CAUSA
1388 341 1730 403 DIVERSIT.
1759 339 2026 399 AREAB.
2062 341 2132 397 ιΝ
2156 340 2461 400 TRIGONO
2490 341 2831 411 EQUILAT.
3494 349 3593 407 lM

291 475 410 531 latus
426 471 486 527 30
497 465 1001 542 pedum,cathetus
1016 470 1108 535 26,
1133 466 1451 522 secundum
1481 462 1866 521 collationem
1890 468 1949 524 Α
1970 462 2342 517 mus.Eorum
2356 466 2862 540 quantam0unque
2884 467 3114 540 partem
3126 462 3388 540 trigonus
3407 468 3554 523 attin
3566 498 3589 510 -

286 560 451 619 lateris
470 561 521 614 et
546 555 760 613 catheti
786 573 927 612 area
947 559 1073 614 390.
1089 557 1250 611 Hunc
1268 555 1539 611 eumdem
1558 553 1870 624 trigonum
1972 553 2093 622 gat,
2118 552 2555 609 arithmeticalis
2576 557 2777 627 regula
2798 573 2895 611 eos
2934 572 3040 629 pro
3072 555 3312 628 integris
3339 572 3582 630 compu-

285 650 322 706 εἰ
350 650 536 720 absque
560 646 792 701 ratione
824 645 1042 701 catheti
1079 645 1397 699 secundum
1427 639 1872 698 arithmeticam
1973 641 2653 714 tat.Depingerelibet,ut
2668 644 3030 701 manifestius
3050 644 3144 714 sit,
3173 643 3327 717 quod
3349 644 3577 700 dicitur.

282 738 504 810 regulam
518 735 802 811 metiaris,
821 735 901 788 sic
920 737 982 788 ut
1001 734 1151 788 latus
1178 750 1353 787 unum
1370 732 1428 787 in
1443 747 1500 785 se
1516 725 1876 798 multiplice-

282 831 356 880 tur
372 822 1009 897 eiquemultiplicationi
1038 821 1235 876 lateris
1264 819 1431 875 unius
1460 831 1739 873 numerus
1763 812 1874 867 ad-

274 915 490 984 jiciatur,
520 915 580 966 et
627 928 697 965 ex
732 911 842 965 hac
878 926 1112 964 summa
1137 908 1415 963 medietas
1445 907 1726 968 sumatur,
1759 900 1877 955 erit

280 1018 389 1056 area
410 1003 521 1056 462.
546 998 801 1054 Videsne
829 997 1083 1071 qualiter
1110 998 1200 1051 hae
1241 996 1369 1051 duas
1408 993 1618 1067 regula:
1636 990 1870 1045 dissen-

278 1087 558 1145 tiant?Sed
575 1091 637 1142 et
655 1087 757 1142 illa
803 1085 1255 1159 geometricalis,
1288 1101 1414 1157 quae
1440 1100 1543 1155 per
1574 1080 1868 1136 rationem

278 1178 457 1232 catheti
485 1175 763 1231 areamin
796 1178 904 1230 390
934 1175 1113 1244 pedes
1133 1169 1770 1237 metiebatur,subtilius
1782 1171 1870 1223 est

276 1280 302 1318 ι
322 1280 401 1318 me
419 1263 688 1330 discussa,
712 1266 773 1317 et
797 1262 1031 1317 catheto
1054 1278 1155 1316 suo
1186 1277 1307 1315 non
1336 1260 1443 1313 nisi
1488 1263 1554 1314 25
1587 1256 1865 1328 septimas

277 1352 417 1406 unius
433 1350 712 1418 concedo,
742 1353 804 1405 et
839 1366 993 1404 areae
1011 1351 1115 1403 385
1135 1353 1193 1403 et
1208 1348 1464 1421 quinque
1477 1346 1770 1419 septimas.
1798 1344 1866 1401 Et

279 1439 335 1495 sit
359 1439 448 1494 tibi
471 1441 681 1511 regula
703 1437 1047 1493 universalis
1086 1437 1146 1491 in
1173 1420 1333 1491 omni
1364 1435 1593 1508 trigono
1626 1432 1860 1506 aequila-

276 1535 374 1585 tero
394 1530 685 1584 cathetum
716 1527 1087 1594 inveniendi;
1120 1542 1226 1597 per
1264 1527 1411 1579 latus
1436 1540 1664 1593 semper
1686 1522 1861 1593 septi-
2350 1515 3218 1646 Μ

277 1634 402 1646 ...ια-ν..
435 1617 602 1646 Αιηνιλ
655 1619 711 1646 ιιι
737 1632 835 1646 μην
850 1612 1101 1646 κακὲ-πιθα
1124 1615 1313 1646 nomine
1340 1613 1567 1646 ηειηιοίη
1588 1610 1837 1646 ηηηηοΑο
2735 1645 2752 1646 κ

277 1535 374 1585 tero
394 1533 685 1584 cathetum
716 1533 1087 1594 inveniendi;
1120 1542 1226 1597 per
1264 1533 1411 1579 latus
1436 1540 1664 1593 semper
1686 1533 1861 1593 sepu-
2713 1533 2718 1534 ν
2779 1533 2822 1535 ⁷⁷

277 1634 404 1671 mam
434 1617 626 1682 deme,
655 1619 717 1670 et
737 1632 835 1669 sex
850 1612 1103 1686 reliquas
1124 1615 1316 1684 partes
1340 1613 1567 1666 catheto
1588 1610 1857 1664 concede.
2350 1533 3169 1686 Μ

328 1651 404 1671 ιιυι
434 1651 626 1682 nemo,
655 1651 717 1670 σι,
737 1651 1103 1686 summai...”
1124 1651 1218 1684 ,ιω
1234 1651 1316 1666 υυο
1340 1651 1567 1666 um“...
1589 1651 1857 1664 νωωνυν.

328 1707 383 1759 Et
402 1708 457 1759 ut
475 1704 635 1778 quod
667 1704 906 1771 dicitur,
933 1702 1140 1757 melius
1170 1700 1478 1771 intelligas,
1531 1699 1589 1754 in
1620 1698 1859 1753 minori-
2353 1651 3279 1773 W

272 1794 353 1849 bus
378 1793 632 1849 numeris
652 1793 800 1847 libet
825 1790 1273 1862 exempliﬁcare.
1321 1791 1402 1844 Do
1432 1787 1537 1843 tibi
1562 1788 1860 1857 trigonum
1880 1785 1933 1842 B

274 1883 320 1937 in
344 1885 506 1938 latere
531 1888 563 1938 7
604 1882 852 1949 pedum,
882 1878 1311 1950 longitudinem
1346 1878 1612 1950 pedalem
1642 1877 1865 1932 haben-

2350 1407 2483 1705 τέ

3173 1418 3191 1465 7

3173 1531 3231 1583 .7

3279 1643 3295 1684 1

273 1976 385 2025 tem.
418 1972 572 2025 Hunc
604 1987 712 2043 per
729 1967 1211 2041 geometricalem
1240 1966 1503 2036 regulam
1525 1966 1603 2019 sic
1631 1965 1860 2021 metior.
2038 1970 2178 2023 Ecce
2215 1969 2274 2023 in
2321 1969 2427 2023 hac
2459 1964 2932 2035 discriptiuncula
2963 1966 3030 2019 28
3070 1964 3267 2035 pedes,
3318 1967 3579 2039 quamvis

269 2060 398 2115 Tolle
424 2060 744 2132 septimam
786 2056 957 2112 lateri
1015 2057 1074 2109 et
1123 2054 1441 2119 senarium,
1483 2053 1581 2126 qui
1611 2053 1867 2125 reliquus
1965 2075 2085 2114 non
2108 2057 2321 2129 integri
2352 2056 2659 2111 habentur.
2713 2055 2873 2110 Unde
2907 2053 3348 2110 arithmeticalis
3378 2058 3580 2129 regula

271 2150 354 2213 est,
377 2148 443 2202 do
474 2144 927 2219 perpendiculo.
957 2145 1066 2198 Per
1092 2143 1199 2197 hoc
1231 2143 1378 2196 latus
1408 2141 1575 2209 duco,
1614 2144 1672 2196 et
1703 2141 1863 2198 dico:
1966 2163 2071 2218 pro
2104 2149 2223 2202 toto
2253 2149 2482 2220 partem
2510 2144 2794 2217 accipiens
2838 2160 2971 2199 cum
3014 2143 3265 2214 integris
3310 2141 3584 2198 dimidia-

268 2235 419 2289 sexies
441 2239 694 2305 Septem,
721 2232 823 2304 qui
856 2230 1112 2285 reddunt
1130 2234 1219 2286 42-
1256 2230 1333 2282 ΕΚ
1363 2228 1451 2283 hi8
1494 2228 1776 2283 medietas
1798 2234 1857 2285 2i
1966 2238 2054 2290 tos
2078 2235 2302 2307 recipit.
2332 2234 2580 2289 Solertia
2608 2236 2805 2288 autem
2837 2230 3212 2303 geometricas
3264 2230 3583 2301 disciplinae

267 2327 480 2378 areaest
501 2323 643 2378 dicti
670 2319 916 2393 trigoni.
1963 2323 2292 2393 particulas,
2335 2325 2519 2378 latera
2568 2323 2910 2378 excedentes
2930 2321 3226 2393 abjiciens,
3270 2320 3579 2376 recisuras-

325 2412 465 2466 Hunc
494 2411 781 2466 eumdem
811 2408 1111 2479 trigonum
1138 2406 1181 2461 si
1217 2422 1322 2478 per
1342 2404 1767 2461 arithmeticam
1784 2424 1867 2462 re-
1968 2429 2080 2483 que
2132 2412 2462 2469 dimidiatas
2502 2412 2656 2468 intra
2694 2414 2877 2467 latera
2928 2412 3301 2466 remanentes
3342 2427 3581 2482 compo-

267 2502 434 2570 gulam
464 2497 753 2566 metiaris,
784 2500 845 2551 et
877 2496 1033 2551 dicas
1076 2512 1088 2550 ε
1116 2494 1328 2567 septies
1364 2497 1611 2565 septem,
1641 2497 1703 2547 ut
1724 2494 1868 2550 fiant
1971 2517 2134 2567 nens,
2165 2501 2321 2573 quod
2345 2501 2514 2557 lineis
2545 2500 2968 2568 clauditur,hoc
3000 2503 3230 2555 tantum
3259 2503 3577 2573 computat.

266 2593 340 2653 £9,
368 2590 622 2660 latusque
658 2586 906 2658 adjicias
927 2587 989 2638 ul.
1017 2583 1131 2638 sint
1176 2587 1265 2649 56,
1313 2582 1667 2654 dividasque,
1701 2584 1765 2637 ut
1794 2585 1866 2639 ad
1966 2588 2110 2644 Nam
2140 2589 2198 2644 in
2221 2590 2329 2645 hac
2356 2590 2863 2663 descriptiuncula,
2889 2607 3005 2663 qua
3022 2588 3380 2662 septenarius
3398 2589 3591 2661 perla-

266 2694 435 2732 aream
470 2675 802 2749 pervenias,
832 2678 903 2730 28
954 2672 1229 2727 invenies.
1266 2673 1404 2726 Ecce
1429 2670 1508 2725 sic
1538 2670 1597 2725 in
1630 2671 1864 2742 trigono
1968 2679 2092 2732 tera
2137 2679 2396 2745 metitur,
2428 2678 2473 2732 si
2525 2678 3007 2751 perpendiculum
3040 2694 3284 2750 quaaras,
3331 2676 3590 2733 senarius

267 2765 411 2820 unius
431 2762 863 2838 magnitudinis
896 2762 1131 2816 diversae
1158 2762 1293 2814 sunt
1325 2775 1496 2826 arcte,
1547 2760 1704 2831 quod
1737 2759 1863 2817 ﬁeri
1965 2767 2247 2821 est.Hunc
2267 2772 2417 2838 per?
2439 2768 2655 2823 ducens
2689 2767 2852 2839 quasi
2886 2766 3239 2840 quadratum
3260 2766 3589 2839 imples,cu-

267 2856 466 2928 nequit.
1959 2854 2145 2929 jussit
2172 2856 2331 2909 frons
2361 2861 2392 2910 6
2420 2856 2663 2927 pedum,
2707 2858 2856 2910 latus
2909 2862 2939 2911 7
2984 2855 3225 2926 pedum,
3271 2857 3330 2908 et
3381 2869 3582 2909 aream

325 2944 512 2998 Sedne
534 2940 758 2997 diutius
790 2938 1056 3008 moreris,
1085 2954 1318 2994 causam
1362 2935 1705 2992 diversitatis
1736 2953 1866 3011 ape-
1965 2942 2087 3013 ejus
2117 2942 2198 2996 sic
2221 2942 2279 2996 in
2312 2946 2381 2998 42
2406 2943 2727 2999 constituis.
2764 2945 2879 2999 Hoc
2903 2942 2948 2999 si
2978 2941 3370 2996 dimidiaveris
3400 2941 3586 3013 trigo-

266 3032 414 3086 riam.
444 3032 663 3086 Notum
704 3029 811 3085 tibi
844 3045 966 3084 esse
1000 3029 1172 3083 credo
1203 3027 1301 3099 qui
1343 3025 1519 3100 pedes
1550 3024 1730 3097 longi,
1764 3027 1861 3100 qui
1884 3053 1931 3113 ρ
1964 3047 2125 3098 num,
2151 3030 2209 3085 in
2238 3035 2298 3086 2i
2339 3032 2485 3103 pede
2511 3031 2809 3105 relinquis.

269 3120 533 3191 quadrati,
566 3119 671 3192 qui
687 3118 859 3173 crassi
883 3117 1167 3183 dicantur,
1196 3115 1727 3188 quodqueadareas
1749 3132 1867 3171 me-
2040 3120 2110 3174 Ut
2139 3118 2383 3174 lucidius
2428 3120 2746 3193 intelligas,
2807 3122 3003 3177 oculos
3054 3133 3305 3192 appone,
3365 3120 3417 3175 et
3469 3118 3587 3174 mei

267 3207 471 3265 tiendas
488 3224 610 3265 non
624 3207 738 3264 nisi
771 3209 1093 3263 constratas
1114 3204 1426 3278 quadratos
1446 3203 1705 3276 recipere
1718 3206 1863 3262 sole-
1965 3222 2197 3279 semper
2229 3224 2421 3264 meme
2436 3213 2558 3265 nto.
