3986 6170
534 302 549 329 ι

393 372 494 428 189

1025 366 1378 425 SlLVESTRl
1399 366 1445 425 ll
1470 366 1671 425 PAPE
1707 365 1864 426 OPP.
1892 362 2071 423 PARS
2098 364 2148 424 Ῐ.
2175 395 2246 407 —
2273 362 2367 421 DE
2391 361 2756 423 DISCIPLIN.
2780 360 3084 421 MATHEM.

680 656 906 783 DE
992 487 3042 803 RATIONALIIMEI'JIETBATIONE
3114 650 3435 796 UTI,

571 866 617 921 Α
644 862 1165 920 SAPIENTISSIMO
1189 861 1354 918 VIRO
1383 861 1651 917 DOMINO
1681 856 2066 923 GERBERTO,
2093 856 2181 912 ET
2205 855 2667 913 APOSTOLICJ‘E
2696 854 2893 910 SEDlS
2921 853 3155 912 SUMMO
3188 855 3545 914 PONTIFICE

1217 932 1605 1001 EXCUSSUM,
1632 930 1966 987 EXIGENTE
1997 928 2269 984 OTTONE
2290 928 2611 983 AUGUSTO
2639 927 2907 983 TERTIO.

466 1076 719 1142 Domno,
749 1074 807 1128 et
836 1072 1091 1145 glorioso
1124 1072 1370 1140 O'r'rom,
1404 1070 1615 1126 Ciesari
1638 1085 1866 1141 semper
1890 1069 2003 1122 Au-
2030 1069 2084 1127 Α
2112 1068 2249 1140 jora
2298 1067 2368 1122 de
2400 1065 2721 1123 minoribus
2760 1081 2990 1137 semper
3030 1063 3448 1137 praedicentur;
3495 1065 3727 1121 minore

395 1165 563 1234 gusto
595 1162 1002 1217 Romanorum
1023 1158 1384 1233 imperatori,
1406 1159 1766 1214 Ganean'rus
1793 1155 2005 1230 episco-

393 1267 521 1322 pus,
556 1249 767 1305 debitaz
790 1247 1072 1304 servitutis
1093 1247 1458 1320 obsequium.

468 1338 611 1393 Cum
635 1338 693 1392 in
708 1336 1017 1392 Germania
1027 1335 1390 1391 ferventioris
1412 1334 1549 1390 anni
1566 1338 1798 1406 tempus
1811 1333 1941 1389 dem
1949 1348 2007 1388 o-

397 1442 684 1493 raremur,
710 1423 1107 1498 imperialibus
1128 1422 1342 1478 astricti
1360 1422 1667 1494 obsequiis,
1696 1424 1757 1475 ut
1774 1437 2006 1492 semper

400 1529 967 1585 sumus,semperque
982 1511 1411 1579 erimus,nesci0
1433 1510 1572 1583 quid
1582 1527 1796 1566 arcana
1817 1509 2008 1564 divina

401 1617 737 1656 mensuram
765 1617 961 1655 secum
981 1600 1154 1655 tacite
1169 1602 1488 1654 retractans
1519 1602 1707 1653 motus
1734 1596 1913 1652 animi
1944 1597 2005 1651 in

390 1690 566 1745 verba
587 1686 906 1755 resolvit,et
930 1706 1057 1761 quas
1082 1689 1153 1743 ab
1175 1688 1478 1743 Aristotele
1491 1686 1847 1759 summisque
1874 1684 2008 1739 viris

395 1781 561 1833 erant
591 1776 949 1833 difﬁcillimis
978 1775 1268 1848 descripta
1295 1776 1618 1842 sententiis,
1656 1775 1714 1829 in
1750 1773 2009 1829 medium

397 1865 636 1939 protulit
658 1883 671 1921 :
703 1868 767 1920 ut
787 1866 1001 1920 mirum
1029 1866 1180 1921 foret
1197 1864 1348 1920 inter
1366 1865 1660 1919 bellorum
1675 1862 2011 1919 discrimina

397 1971 526 2026 quae
551 1957 754 2009 contra
775 1955 1071 2009 Sarmatas
1098 1954 1473 2026 parabantur,
1503 1952 1757 2024 aliquem
1788 1955 2007 2007 morta-

405 2042 547 2097 lium
578 2044 683 2097 hos
710 2042 921 2097 mentis
945 2058 1198 2097 recessus
1214 2042 1430 2097 habere
1452 2042 1726 2115 potuisse,
1750 2059 1784 2096 a
1804 2041 2010 2114 quibus

400 2132 521 2185 tam
563 2130 813 2197 subtilia,
846 2133 968 2185 tam
1000 2131 1296 2202 praeclara,
1345 2130 1500 2184 velut
1557 2129 1794 2201 quidam
1842 2129 1945 2184 rivi
1975 2147 2010 2184 a

396 2218 703 2291 purissimo
729 2218 892 2274 fonte
941 2220 1320 2290 proﬂuerent.
1375 2218 1712 2273 Meministis
1741 2219 1918 2284 enim,
1953 2220 2012 2273 et

2111 1158 2182 1214 de
2212 1157 2532 1229 majoribus
2564 1172 2895 1229 nunquam;
2928 1158 2991 1211 ut
3034 1153 3256 1221 animal,
3291 1152 3568 1227 quoniam
3609 1170 3726 1209 ma-

2104 1248 2202 1319 jus
2239 1252 2324 1303 est
2348 1263 2519 1320 equo.
2548 1248 2606 1301 et
2635 1248 2814 1303 homo
2859 1247 2963 1312 est,
3004 1243 3371 1315 praedicatur,
3427 1243 3499 1298 de
3528 1258 3644 1316 quo
3668 1246 3728 1298 et

2106 1338 2285 1392 homo
2332 1338 2419 1391 est
2450 1352 2463 1390 :
2498 1335 2796 1408 quomodo
2830 1349 2969 1405 ergo
2999 1331 3233 1389 Ratione
3267 1331 3355 1387 uti
3383 1330 3727 1404 praedicatur

2109 1426 2181 1481 de
2210 1426 2291 1480 Ra
2318 1423 2540 1491 tionali,
2569 1440 2699 1478 cum
2725 1424 2912 1496 majus
2954 1438 3075 1477 esse
3130 1421 3394 1475 videatur
3435 1417 3726 1474 Rationale

2111 1530 2296 1587 quam
2315 1512 2553 1568 Ratione
2588 1512 2707 1568 uti?
2737 1512 2919 1567 Omne
2933 1510 3112 1579 enim,
3130 1510 3285 1583 quod
3303 1508 3529 1564 ratione
3545 1507 3727 1563 utitur

2110 1602 2394 1658 rationale
2425 1605 2539 1669 est;
2572 1601 2675 1656 sed
2720 1599 3029 1667 Rationale,
3086 1598 3380 1671 inquiunt,
3429 1597 3728 1670 potestatis

2111 1694 2197 1746 est
2220 1692 2344 1746 sine
2368 1692 2499 1746 actu
2534 1706 2546 1743 :
2579 1689 2922 1756 Rationeuti,
2958 1687 3267 1761 potestatis
3281 1702 3414 1741 cum
3435 1685 3729 1740 actu.Plus

2109 1795 2245 1835 vero
2282 1782 2367 1834 est
2396 1777 2696 1851 potestatis
2716 1794 2846 1832 cum
2895 1779 3025 1831 actu
3056 1792 3233 1848 quam
3280 1775 3403 1829 sola
3452 1774 3726 1846 potestas.

2108 1868 2262 1933 Jure,
2298 1866 2584 1939 inquiunt,
2616 1881 2755 1937 ergo
2786 1864 3135 1938 pradicatur
3160 1862 3396 1920 Ratione
3422 1863 3504 1916 uti
3533 1861 3606 1917 de
3619 1859 3732 1916 Ra-

2112 1955 2318 2021 tionali,
2352 1957 2633 2027 tanquam
2657 1954 2842 2026 majus
2868 1953 2941 2009 de
2964 1951 3197 2007 minori.

2181 2046 2246 2098 ll.
2270 2043 2358 2097 Ad
2388 2043 2497 2097 hoc
2526 2042 2910 2113 respondetur
2940 2058 2953 2096 :
2989 2040 3293 2105 Quomodo
3328 2055 3455 2111 quae
3487 2054 3522 2093 a
3550 2052 3731 2110 gene-

2110 2131 2411 2188 ralissimis
2432 2131 2505 2186 ad
2522 2129 2934 2203 specialissima
2949 2131 3106 2185 recta
3142 2128 3299 2183 linea
3353 2124 3733 2191 descendunt,

2109 2222 2195 2276 vel
2234 2221 2565 2276 subalterna
2595 2235 2830 2290 genera,
2884 2218 2971 2272 vel
3018 2234 3123 2290 per
3179 2215 3553 2282 differentias,
3612 2212 3735 2268 sive

394 2306 732 2362 meminisse
754 2322 1077 2377 possumus,
1098 2306 1346 2361 adfuisse
1389 2309 1513 2360 tum
1554 2308 1767 2361 multos
1789 2306 2010 2361 nobiles
2038 2282 2089 2341 Β
2112 2310 2225 2364 sint
2250 2327 2318 2364 ea
2351 2309 2409 2364 in
2438 2306 2789 2371 substantiis,
2822 2305 2939 2362 sive
2964 2307 3020 2361 in
3054 2304 3456 2361 accidentibus
3485 2302 3739 2358 colloca-

395 2395 782 2459 scholasticos,
809 2398 866 2449 et
886 2395 1160 2461 eruditos,
1186 2395 1340 2448 inter
1383 2412 1526 2464 quos
1577 2395 1841 2449 nonnulli
1872 2395 2007 2449 ade-

398 2487 535 2539 rant
562 2483 838 2555 episcopi,
874 2482 1156 2554 sapientia
1185 2482 1444 2553 praeclari
1471 2486 1528 2536 et
1557 2482 1891 2553 eloquentia
1921 2483 2010 2537 in-

398 2572 861 2645 signes.'Eorum
893 2575 1088 2626 tamen
1138 2571 1385 2625 vidimus
1419 2571 1741 2641 nemiuem,
1786 2571 1883 2644 qui
1914 2588 2008 2626 ea-

390 2678 529 2715 rum
556 2659 941 2732 qumstionum
976 2660 1153 2714 ullam
1212 2659 1387 2729 digne
1443 2660 1800 2730 explicuerit,
1855 2660 2011 2731 quod

400 2749 669 2822 quaedam
703 2748 875 2802 nimis
902 2749 974 2803 ab
1006 2766 1111 2802 usu
1138 2751 1400 2815 remotae,
1438 2764 1543 2803 nec
1589 2748 2012 2803 dubitationem

394 2841 534 2893 ante
564 2837 893 2903 habuerint,
919 2840 976 2891 et
1008 2837 1276 2908 quaedam
1306 2853 1460 2909 saepe
1491 2853 1737 2892 numero
1769 2838 2009 2892 ventila-

399 2928 473 2980 ta:
500 2924 727 2981 dissolvi
769 2940 884 2979 non
919 2924 1235 2994 potuerint.
1285 2926 1485 2980 Vestra
1537 2941 1765 2997 quoque
1822 2924 2016 2980 divina

395 3012 761 3087 providentia
790 3012 1184 3084 ignorantiam
1221 3029 1384 3069 sacro
1443 3013 1655 3084 palatio
1710 3013 2012 3085 indignam

379 3102 665 3173 judicans,
709 3118 796 3169 ea,
827 3118 955 3174 quae
986 3101 1049 3155 de
1080 3101 1361 3155 Rationali
1383 3107 1434 3158 et
1479 3105 1686 3157 ratione
1722 3104 1805 3155 uti
1832 3102 2017 3157 diver-

384 3208 447 3247 so
470 3191 645 3246 modo
672 3208 706 3246 a
730 3190 967 3246 diversis
994 3192 1453 3262 objectabantur,
1483 3208 1575 3246 me
1604 3191 1884 3246 discutere
1908 3190 2017 3245 im-

2111 2402 2189 2463 ta,
2223 2397 2357 2452 talia
2389 2400 2553 2462 sunt;
2605 2398 2668 2449 ut
2697 2395 2977 2450 inferiora
3030 2393 3434 2449 universaliter
3482 2392 3734 2463 prolata,

2111 2485 2473 2558 superiorum
2508 2483 2771 2539 omnium
2831 2483 3091 2550 nomina,
3146 2481 3651 2552 difﬂuitiouesque
3677 2483 3740 2535 ut

2114 2574 2401 2639 sensibile,
2427 2590 2559 2626 cum
2583 2572 2657 2627 sit
2685 2571 3016 2627 differentia
3060 2570 3248 2643 posita
3302 2570 3405 2625 sub
3466 2569 3731 2624 animato

2113 2680 2376 2734 corpore,
2429 2659 2830 2715 universaliter
2860 2660 3104 2731 prolata,
3128 2658 3365 2729 suscipit
3405 2673 3652 2724 nomen,
3679 2659 3738 2711 et

2114 2750 2518 2805 definitionem
2557 2747 2964 2820 superiorum:
3002 2764 3176 2802 omne
3238 2746 3395 2800 enim
3466 2744 3740 2800 sensibile

2115 2843 2173 2894 et
2202 2839 2524 2893 animatum
2550 2852 2778 2907 corpus,
2807 2839 2867 2890 et
2898 2834 3215 2890 substantia
3263 2837 3370 2901 est,
3422 2837 3481 2889 et
3539 2834 3741 2889 omnis

2114 2927 2311 2994 virtus,
2332 2929 2390 2980 et
2418 2925 2666 2992 habitus,
2699 2928 2756 2978 et
2784 2924 3049 2996 qualitas.
3077 2923 3243 2988 Quod
3258 2922 3303 2978 si
3327 2922 3736 2978 eodemmodo

2115 3016 2403 3071 Rationale
2431 3014 2533 3069 sub
2561 3014 2790 3070 Ratione
2846 3015 2932 3068 uti
2969 3012 3224 3086 positum
3278 3013 3369 3080 sit,
3433 3013 3736 3084 quomodo

2119 3103 2516 3160 universaliter
2543 3105 2839 3173 prolatum
2871 3101 3141 3174 suscipiet
3172 3118 3388 3157 nomen
3414 3101 3497 3155 sui
3526 3100 3739 3172 praedi-

2118 3192 2228 3248 cati
2260 3191 2414 3247 idem
2442 3190 2771 3246 Rationale?
2804 3191 2927 3245 Non
2957 3190 3116 3246 enim
3144 3205 3320 3245 omne
3356 3189 3515 3261 quod
3550 3186 3745 3246 Ratio-

382 3280 623 3354 peravit.
650 3280 814 3345 Quod
837 3279 1079 3352 quidem
1121 3282 1257 3333 tunc
1288 3283 1347 3333 et
1394 3280 1640 3351 languor
1668 3278 1925 3350 corporis
1961 3282 2020 3334 et
2114 3281 2239 3337 nale
2268 3283 2373 3348 est,
2404 3280 2634 3336 Ratione
2663 3282 2746 3334 uti
2768 3282 3021 3352 putatur.
3050 3280 3198 3350 Ergo
3227 3278 3273 3333 si
3302 3277 3585 3335 Rationale
3606 3282 3737 3334 tan-

377 3369 641 3441 graviora
672 3368 1020 3423 distulerunt
1048 3367 1314 3439 negotia:
1345 3384 1500 3423 nunc
1534 3368 1788 3422 secunda
1806 3369 2017 3422 valetu-

382 3456 779 3523 dinereddita,
810 3456 968 3510 inter
993 3456 1077 3511 rei
1112 3455 1359 3528 publica:
1404 3472 1469 3510 ac
1493 3455 1730 3528 privata;
1760 3471 1923 3510 curas
1950 3455 2010 3510 in

2116 3371 2239 3423 tum
2272 3369 2570 3440 potestatis
2588 3372 2691 3435 est,
2712 3371 2772 3423 et
2798 3368 3032 3423 Ratione
3055 3370 3141 3422 uti
3168 3366 3468 3438 potestatis
3479 3369 3537 3422 et
3547 3369 3741 3429 actus,

2114 3455 2519 3528 praadicabitur
2547 3456 2777 3512 Ratione
2806 3457 2890 3512 uti
2927 3456 2999 3511 de
3025 3455 3321 3511 Rationali.
3357 3455 3425 3509 Et
3443 3470 3666 3523 rursus,
3692 3454 3740 3510 si

389 3545 500 3599 hoc
530 3543 654 3616 ipso
684 3543 893 3599 itinere
920 3543 1117 3599 Italico
1169 3544 1407 3615 positus,
1458 3559 1769 3616 comesque
1799 3543 2005 3599 indivi-
2038 3553 2087 3614 α
2111 3544 2396 3600 Rationale
2441 3545 2847 3600 universaliter
2881 3545 3178 3616 prolatum
3210 3560 3328 3599 non
3358 3542 3592 3615 suscipit
3634 3560 3745 3600 no-

384 3632 555 3699 duus,
589 3631 786 3704 quoad
815 3631 932 3686 vita
960 3630 1330 3705 superfuerit,
1354 3630 1416 3686 in
1439 3632 1599 3686 omni
1623 3631 1898 3703 obsequio
1918 3631 2008 3686 fu-

385 3724 567 3788 turus,
587 3736 720 3793 quas
743 3720 815 3776 de
834 3720 943 3776 hac
976 3720 1301 3794 quaestione
1335 3720 1580 3793 concepi
1621 3720 1871 3777 breviter
1916 3720 2012 3776 de-

385 3807 598 3877 scribo,
624 3825 698 3865 ne
728 3825 955 3865 sacrum
989 3809 1273 3882 palatium
1308 3809 1594 3882 torpuisse
1636 3812 1800 3882 putet
1824 3809 2007 3873 Italia,

383 3898 443 3952 et
474 3913 549 3953 ne
579 3914 637 3953 se
674 3899 860 3954 solam
878 3898 1068 3969 jactet
1103 3897 1319 3954 Graecia
1347 3898 1407 3953 in
1446 3897 1731 3971 imperiali
1754 3898 2007 3971 philoso-

389 3985 547 4057 phia,
576 3990 634 4041 et
664 3987 936 4042 Romana
962 3986 1227 4059 potentia
1252 3987 1386 4057 (15).
1425 3987 1716 4054 Nostrum,
1744 3989 2007 4043 nostrum

388 4077 476 4129 est
504 4076 842 4131 Romanum
867 4075 1202 4149 imperium.
1232 4076 1387 4131 Dant
1415 4075 1559 4130 vires
1582 4075 1741 4130 ferax
1774 4075 2009 4148 frugum

390 4163 575 4233 ltalia,
599 4167 658 4220 et
686 4164 848 4219 ferax
896 4164 1149 4219 militum
1200 4164 1383 4220 Gallia
1429 4167 1489 4220 et
1529 4164 1854 4232 Germania,
1906 4182 2012 4225 nec

393 4250 673 4323 Scythica
696 4252 868 4307 nobis
892 4253 1102 4308 desunt
1120 4253 1440 4309 fortissima
1463 4270 1664 4325 regna.
1721 4256 1924 4309 Noster
1953 4271 2013 4312 es

392 4338 603 4406 Cesar,
641 4341 1045 4395 Romanorum
1102 4340 1422 4414 imperator
1479 4345 1536 4397 et
1576 4343 1852 4414 Auguste,
1913 4340 2012 4415 qui

389 4443 622 4482 summo
655 4428 986 4483 Grascorum
1020 4429 1302 4501 sanguine
1347 4433 1530 4499 ortus,
1565 4430 1790 4486 Graecos
1822 4431 2014 4504 impe-

393 4514 484 4571 rio
531 4532 792 4588 superas,
845 4516 1116 4571 Romanis
1166 4518 1534 4575 hwreditario
1575 4520 1709 4591 jure
1738 4520 2015 4590 imperas-

396 4606 674 4676 utrosque
717 4603 953 4675 ingenio
1008 4608 1066 4659 et
1103 4606 1335 4678 eloquio
1385 4607 1688 4680 praevenis.
1745 4607 2012 4663 Dicemus

393 4708 539 4766 ergo
564 4692 623 4749 in
655 4693 973 4765 praesentia
1013 4694 1163 4750 tanti
1183 4693 1413 4767 judicis,
1458 4696 1715 4769 primum
1742 4696 2011 4769 quaedam

389 4781 866 4838 scholasticorum
918 4782 1216 4855 preludia,
1271 4783 1357 4837 vel
1417 4784 1607 4855 potius
1650 4784 2006 4857 sophistica:

390 4871 529 4925 tunc
559 4870 1041 4944 philosOphorum
1080 4870 1140 4925 in
1168 4870 1259 4926 his
1284 4870 1519 4928 inventa
1550 4888 1965 4945 persequemur
1995 4895 2009 4945 ;

397 4957 612 5015 deinde
644 4957 824 5013 ﬁnem
876 4958 1189 5032 proposita:
1234 4960 1571 5032 quaestionis
1623 4963 1926 5034 multiplex
1956 4965 2015 5018 et

388 5044 626 5119 spinosa
656 5046 972 5118 complebit
993 5047 1310 5105 dialectica.

456 5136 500 5193 Ι.
523 5134 1129 5211 Ωυωιείιιιιιῄιιῳιίιιηι,
1141 5137 1284 5211 quid
1299 5136 1555 5211 sit,quod
1566 5138 1646 5194 ait
1662 5141 2018 5214 Porphyrius

386 5223 783 5282 diﬂ'ereutiam
809 5226 962 5281 velut
992 5226 1067 5283 ad
1099 5230 1411 5300 cognatam
1469 5227 1579 5283 sibi
1624 5228 2015 5290 differentiam

377 5313 702 5388 prmdicari,
739 5318 801 5369 ut
830 5314 1065 5371 Ratione
1093 5318 1180 5370 uti
1208 5315 1279 5371 ad
1321 5315 1611 5373 Rationale
1644 5338 1659 5389 ;
1707 5336 1839 5375 cum
1890 5339 2014 5379 ma-

459 5456 569 5527 (15)
596 5455 659 5511 In
684 5454 952 5581 margine
975 5456 1125 5512 hanc
1169 5459 1427 5528 glossam
1473 5460 1652 5516 codex
1692 5463 1921 5520 exhibet
1946 5466 2021 5523 ad

459 5542 510 5581 ac
564 5525 785 5581 verba:
846 5528 980 5581 talia
1004 5528 1207 5581 fertilis
1234 5531 1291 5581 in
1320 5531 1553 5581 ferendis
1616 5541 1691 5581 est
1750 5536 2021 5581 [ηιαϋηη-

379 5525 532 5607 ζῶε.
557 5525 744 5607 verba
772 5542 785 5581 :
810 5525 980 5607 Italia
1002 5525 1219 5607 fertilis
1234 5531 1291 5584 in
1316 5531 1554 5607 ferendis
1616 5541 1715 5607 ρει⁸
1745 5536 2025 5607 frugibus,

2111 3649 2248 3688 men
2282 3650 2456 3706 supra
2476 3632 2631 3699 dicti,
2657 3632 2717 3687 id
2741 3636 2827 3688 est
2854 3632 3089 3687 Ratione
3112 3634 3214 3699 uti,
3250 3649 3370 3688 non
3401 3630 3750 3705 praedicabi-

2110 3715 2216 3777 tur
2250 3721 2482 3776 Ratione
2518 3724 2598 3775 uti
2649 3720 2721 3776 de
2770 3720 3051 3776 Rationali
3077 3740 3094 3775 :
3127 3723 3416 3793 eruntque
3456 3720 3570 3775 duo
3597 3736 3750 3776 con-

2108 3811 2325 3867 traria:
2354 3810 2663 3883 praedicari
2686 3813 2747 3866 et
2781 3827 2901 3866 non
2922 3810 3248 3882 praedicari,
3288 3809 3349 3865 in
3379 3810 3590 3866 eodem
3614 3808 3750 3865 sub-

2101 3900 2259 3973 jecto
2290 3918 2305 3967 ;
2368 3898 2525 3972 quod
2546 3898 2670 3953 ﬁeri
2701 3915 2819 3954 non
2850 3903 3065 3973 potest.

2183 3989 2269 4043 ΙΙΙ.
2289 3987 2548 4043 Constitu
2564 4003 2729 4042 amus
2744 3986 2910 4056 item,
2935 3988 3203 4063 inquiunt
3206 3986 3374 4055 ,alias
3389 3984 3755 4044 differentias

2112 4077 2429 4134 secundum
2443 4076 2713 4135 accidens
2734 4121 2751 4151 ,
2777 4078 3243 4151 praediceturque
3255 4075 3629 4133 accidentalis
3647 4074 3755 4132 dif-

2109 4168 2363 4223 ferentia
2403 4170 2559 4224 velut
2600 4170 2675 4224 ad
2716 4170 3027 4241 cognatam
3059 4166 3167 4223 sibi
3198 4165 3623 4223 accidentalem
3645 4163 3754 4221 dif-

2112 4248 2451 4325 ferentiam,
2486 4262 2549 4313 ut
2563 4258 2869 4313 ambulare
2886 4256 2960 4312 ad
2985 4255 3355 4312 ambulabile.
3398 4256 3515 4311 Hoc
3544 4256 3754 4311 autem

2113 4347 2432 4401 secundum
2457 4346 2556 4401 fiat
2574 4346 2893 4401 accidentis
2920 4348 3190 4401 naturam
3236 4362 3250 4413 ;
3282 4346 3347 4399 ut
3374 4344 3661 4417 quoniam
3689 4343 3751 4399 in

2114 4435 2435 4490 individuis
2454 4436 2710 4508 primum
2727 4435 3050 4491 accidentia
3076 4432 3752 4506 considerantur,postin

2113 4523 2419 4595 speciebus
2454 4528 2512 4579 et
2533 4523 2863 4596 generibus.
2881 4522 3150 4578 Dicamus
3174 4521 3509 4577 Ciceronem
3531 4522 3755 4579 ambu-

2113 4612 2546 4685 lare,quoniam
2576 4611 2946 4668 ambulabilis
2973 4615 3059 4667 est
3087 4615 3180 4666 :et
3200 4609 3568 4683 rursus,quia
3590 4610 3756 4666 Cice-

2113 4718 2178 4757 ro
2207 4701 2385 4757 homo
2413 4704 2584 4769 est,et
2606 4701 2886 4769 ambulat,
2913 4704 2972 4755 et
2990 4700 3361 4756 ambulabilis
3376 4702 3481 4767 est,
3515 4699 3755 4757 dicatur

2114 4793 2173 4846 et
2196 4790 2373 4846 homo
2394 4791 2716 4856 ambulare,
2741 4793 2801 4844 et
2829 4788 3220 4844 ambulabilis.
3249 4787 3467 4844 Etitem
3499 4787 3754 4855 animal,

2114 4895 2245 4935 cum
2269 4879 2546 4947 ambulet,
2581 4878 2937 4934 ambulabile
2968 4880 3072 4932 est.
3105 4878 3165 4933 In
3194 4876 3401 4949 quibus
3424 4875 3756 4934 videndum

2114 4969 2220 5034 est,
2251 4966 2544 5039 inquiunt,
2577 4983 2650 5022 ne
2680 4966 2832 5022 forte
2864 4966 3014 5023 ratio
3040 4981 3226 5022 causa;
3255 4968 3315 5020 et
3343 4964 3530 5020 effecti
3550 4964 3757 5021 vitali-

2115 5056 2223 5113 bus
2242 5073 2364 5112 esse
2387 5054 2667 5111 videatur.
2726 5056 2799 5111 Ut
2826 5054 2991 5112 enim
3018 5070 3190 5110 causa
3219 5053 3489 5110 effectum
3519 5068 3756 5125 praece-

2116 5145 2256 5202 dere
2285 5144 2511 5201 dicitur.
2541 5148 2603 5199 ut
2631 5145 2717 5199 est
2743 5159 2758 5200 :
2786 5143 2925 5217 quia
2953 5143 3115 5211 vidit,
3144 5142 3405 5212 amavit;
3432 5141 3513 5197 sic
3540 5146 3757 5214 potes-

2118 5241 2207 5295 tas
2234 5238 2426 5291 actum
2451 5233 2613 5289 omni
2644 5232 2986 5289 necessitate
3015 5232 3312 5305 praecedit.
3341 5232 3411 5287 Et
3451 5230 3592 5303 quia
3617 5230 3762 5288 hac

2119 5323 2507 5397 praecedentia
2519 5338 2637 5377 non
2656 5321 2845 5377 solum
2857 5320 3179 5393 priora,sed
3196 5320 3374 5376 etiam
3389 5320 3763 5393 interempta

2121 5468 2299 5523 sciunt
2326 5463 2461 5520 Itali
2479 5462 2611 5589 ἵιιίἀ
2635 5463 2859 5535 sapiunt
2884 5461 3059 5519 Galli.
3119 5461 3272 5529 Itali,
3310 5462 3548 5518 denarios
3576 5478 3762 5521 accu-

2124 5536 2354 5589 mulant.
2389 5535 2475 5589 Ga
2499 5535 2540 5589 li
2562 5536 2887 5589 sapientiam
2912 5534 3221 5589 corradunt.
3241 5534 3379 5589 Ouaa
3410 5534 3531 5589 sine
3566 5534 3762 5589 ullius

2124 5536 2354 5607 mutant,
2374 5534 2540 5607 Galli
2562 5534 2887 5607 sapientiam
2912 5534 3221 5592 corradunt.
3241 5534 3379 5601 Qua:
3410 5534 3531 5592 sine
3566 5534 3763 5595 ullius

380 5597 566 5655 Gallia
587 5606 639 5656 et
672 5598 970 5656 Germania
989 5597 1177 5657 nobilis
1198 5602 1253 5657 in
1277 5597 1577 5659 nutriendis
1608 5597 1795 5663 militi
1803 5597 2032 5664 sativa;
2130 5597 2350 5678 iniuria
2369 5604 2463 5663 hic
2494 5597 2694 5664 notata
2719 5604 2854 5663 sint.
