3954 6170
291 338 372 400 161
1353 335 1447 400 DE
1475 342 1845 400 RATIONALI

2008 343 2310 404 RATIONE
2346 347 2478 405 UTI.
3485 359 3586 417 162

284 459 597 517 interimunt
620 479 812 518 secum
832 463 1172 536 posteriora,
1194 479 1423 518 necesse
1441 468 1544 526 est,
1580 466 1861 536 potestate
1884 469 1938 526 Α
1981 465 2173 537 itaque
2207 468 2556 531 necessariis,
2574 468 2631 522 in
2664 469 2868 541 quibus
2894 475 3049 526 actus
3068 473 3454 544 sempiternus
3478 482 3586 545 est,

285 551 470 614 ablata,
500 554 686 606 actum
716 568 949 623 quoque
983 552 1216 607 auferri.
1241 553 1296 606 Si
1337 552 1495 606 enim
1519 553 1712 606 Cicero
1744 568 1862 605 non
1967 569 2117 624 ipsas
2146 572 2374 626 quoque
2401 573 2490 610 res
2521 558 2902 628 sempiternas
2932 577 3052 614 esse
3107 579 3342 619 necesse
3375 569 3481 634 est,
3520 569 3582 620 ut

283 643 355 692 est
379 639 754 704 ambulabilis,
778 639 836 694 id
854 643 960 694 est.
982 640 1028 694 si
1054 641 1353 695 ambulare
1376 658 1492 694 non
1515 643 1721 712 potest,
1739 657 1862 693 om-
1964 659 2022 712 in
2044 643 2183 698 coelo
2219 648 2276 696 et
2305 645 2423 697 sole
2449 645 2806 716 intelligitur,
2840 665 2966 718 quae
2999 666 3117 703 non
3141 652 3332 706 solum
3363 653 3578 724 sempi-

283 725 403 780 nino
433 743 546 780 non
579 728 857 794 ambulat,
899 728 957 782 id
997 732 1102 794 est,
1155 746 1273 783 non
1301 732 1492 782 actum
1527 727 1865 781 ambulandi
1967 734 2156 797 terna,
2190 732 2288 786 sed
2319 731 2512 787 divina
2533 736 2588 786 et
2615 734 3304 810 immortaliaphilosophi
3329 745 3572 811 putave-

279 817 505 879 exercet,
536 831 706 884 quem
739 815 861 869 sine
901 819 1186 886 potestate
1241 832 1359 870 non
1407 817 1493 870 est
1521 815 1866 886 intelligere.
1968 822 2125 874 runt.

280 900 423 964 Quod
443 902 487 955 si
518 901 749 957 Ratione
774 904 860 957 uti
885 907 1043 958 actus
1083 921 1211 958 cum
1245 907 1528 974 potestate
1557 908 1662 970 est,
1684 903 1869 957 Ratio-

278 990 380 1042 nale
401 993 590 1043 autem
639 992 759 1045 sola
809 996 1080 1062 potestas,
1131 993 1357 1048 sublata
1395 994 1516 1047 sola
1561 994 1866 1064 potestate,

281 1093 390 1148 quae
414 1083 614 1132 natura
641 1080 801 1149 prior
825 1084 930 1146 est,
952 1084 1257 1135 actuscum
1284 1084 1564 1152 potestate
1587 1098 1706 1135 esse
1750 1098 1866 1135 non

281 1168 465 1236 potest.
490 1166 612 1219 Non
643 1167 838 1237 igitur,
867 1169 1021 1239 quod
1049 1174 1256 1224 natura
1277 1169 1561 1242 posterius
1591 1170 1774 1235 est,de
1799 1186 1867 1223 eo

281 1253 684 1322 praedicabitur,
725 1253 880 1326 quod
938 1260 1144 1311 natura
1185 1257 1343 1328 prius
1387 1260 1492 1312 est.
1549 1258 1644 1310 Est
1675 1260 1869 1309 autem

2041 961 2152 1015 VII.
2181 961 2327 1016 Sunt
2353 979 2468 1017 non
2501 963 2804 1018 necessarii
2834 965 2973 1020 item
2999 970 3157 1021 actus
3175 985 3424 1039 quorum
3451 988 3582 1042 spe-

1969 1048 2082 1102 cies
2102 1050 2306 1120 duplex
2328 1054 2430 1104 est.
2446 1051 2572 1105 Alia
2591 1052 2747 1106 enim
2771 1069 2970 1108 eorum
2988 1073 3056 1108 ex
3084 1060 3365 1126 potestate
3384 1059 3456 1112 ad
3486 1075 3579 1114 ac-

1971 1140 2095 1192 tum
2123 1143 2438 1206 venerunt;
2467 1140 2579 1194 alia
2615 1142 2995 1196 substantiam
3022 1144 3106 1197 sui
3135 1162 3264 1199 cum
3299 1146 3423 1216 ipso
3447 1151 3577 1204 actu

1970 1227 2172 1281 sortita
2201 1231 2359 1282 sunt:
2391 1228 2492 1281 sed
2523 1246 2650 1299 quae
2669 1245 2733 1282 ex
2760 1234 3040 1300 potestate
3085 1233 3156 1286 ad
3187 1237 3377 1289 actum
3416 1253 3584 1293 vene-

283 1316 466 1394 natura
495 1343 654 1412 prius
671 1316 958 1413 potestas,
985 1316 1270 1415 posterius
1308 1349 1496 1400 actus:
1533 1361 1649 1398 non
1695 1343 1871 1414 igitur
1970 1316 2964 1415 mnt’huiusmOdiSPqF’“Quando
2991 1320 3185 1374 Cicero
3211 1323 3581 1415 ῗθάθίζῗωίθ

281 1405 574 1484 secundum
609 1405 958 1501 potestatem
985 1405 1047 1487 et
1093 1437 1284 1487 actum
1317 1405 1870 1504 praedicabiturvRa-
1971 1421 2142 1504 qua?)
2159 1405 2406 1504 Sfid‘el‘et,
2437 1408 2624 1504 p‘otuit
2649 1408 2877 1504 sedere;
2917 1425 3101 1504 neque
3133 1409 3287 1504 enim
3320 1412 3578 1504 sedisset,

281 1517 402 1569 “om,
425 1519 504 1571 uti
532 1494 938 1576 de‘Rah-Onali.
1319 1494 1333 1504 '
1969 1494 2014 1546 si
2029 1495 2372 1562 potestatem
2387 1494 2623 1549 sedendi
2637 1499 2770 1549 ante
2790 1511 2906 1550 non
2921 1496 3229 1550 habuisset.
3248 1498 3422 1552 Sedet
3439 1516 3579 1572 ergo

342 1605 425 1660 IV.
467 1609 576 1662 Sed
603 1609 832 1676 merito,
859 1609 1147 1682 inquiunt,
1181 1626 1297 1664 suae
1324 1609 1636 1680 dignitatis,
1657 1627 1754 1663 seu
1771 1626 1865 1664 ex-
1970 1579 2276 1682 CW???“
2308 1582 2658 1682 eSt’_§ed?f‘di
2686 1587 2878 1638 actum
2910 1589 3164 1653 exercet;
3188 1586 3321 1656 quia
3341 1591 3498 1643 acu”
3515 1607 3581 1645 ex

277 1698 516 1753 cellentia
548 1700 635 1752 vel
668 1671 959 1770 potentia.
988 1671 1352 1752 numerosius
1383 1671 1481 1751 test
1509 1671 1739 1751 Ratione
1763 1701 1864 1766 uti,
1967 1671 2256 1771 potest“?
2300 1671 2474 1771 ven‘it'
2512 1672 2672 1725 Alter
2699 1688 2841 1771 vero.
2861 1675 3040 1771 “fetu-5’
3071 1675 3168 1744 (Ιυί
3206 1692 3240 1728 ³
3296 1679 3580 1771 Ροξθὲίθίεθ

276 1804 426 1859 quam
450 1759 755 1840 Rationale.
778 1789 1067 1842 Atnatura
1099 1802 1402 1858 generum,
1419 1786 1762 1856 specierum,
1778 1789 1866 1842 vel
1888 1783 1938 1840 B
1967 1773 2088 1860 ξλθξι
2110 1759 2296 1860 venit".
2312 1759 2411 1860 se?
2456 1776 2587 1860 cf‘m
2610 1777 2671 1814 re
2692 1760 3034 1860 §“§5i3¥enl?
3057 1779 3289 1860 ξθωρθτ
3305 1765 3575 1860 δυδδίῗνίίιν

276 1845 711 1930 differentiarum
743 1892 858 1929 non
895 1845 1160 1945 suscipit:
1192 1875 1369 1928 homo
1407 1845 1562 1927 enim
1595 1879 1653 1928 et
1675 1875 1867 1929 asinus
1967 1845 2298 1945 PujflsmOd}
2315 1849 3104 1945 est‘,E‘tq“§“d9.i3“i?ca‘°ti
3126 1854 3577 1945 antequa_mipse

277 1981 414 2035 teque
440 1966 542 2018 sub
567 1962 810 2018 animali
841 1967 993 2030 sunt,
1013 1932 1070 2016 et
1095 1965 1243 2017 Deus
1271 1965 1443 2033 atque
1477 1963 1653 2017 homo
1672 1980 1864 2034 mqua-
1967 1932 2118 2035 ignis:
2149 1938 2316 2032 θῗδθίν
2350 1936 2508 2035 ’ξυῃίί
2544 1937 2778 2035 ,(ξδκξηιᾳί
2830 1941 3080 2035 Pf’tesms
3129 1941 3450 2035 P_rm§9§5i!3i
3475 1942 3577 1998 sed

276 2022 384 2107 liter
402 2052 753 2122 participant
773 2022 1055 2105 Rationali
1071 2022 1416 2106 differentia.
1440 2053 1561 2105 Non
1581 2022 1867 2121 igitur,in-
1967 2022 2121 2122 q“_°d
2152 2023 2273 2122 ej“?
2303 2023 2619 2122 δυξδίθηίίίξ
2644 2024 2988 2122 fuu’falere
3002 2043 3118 2122 510:1
3139 2027 3374 2122 flestitit’
3395 2029 3575 2122 idest,

278 2110 474 2214 quiunt,
506 2110 831 2197 secundum
875 2142 1239 2214 dignitatem,
1289 2144 1376 2196 vel
1422 2110 1864 2213 potentiam,vel
1968 2112 2158 2214 afui"?
2186 2110 2550 2214 3?}?"di‘10?
2575 2112 2845 2214 ἀεῗῗξπαῆ’
2869 2115 3022 2184 qUOd
3048 2114 3300 2214 Sibi-cui]?
3315 2118 3576 2214 stPBmis

276 2200 653 2286 excellentiam
680 2200 1027 2302 praedicatur
1066 2200 1300 2285 Ratione
1341 2200 1438 2284 util
1472 2231 1542 2284 de
1567 2200 1861 2285 Rationali.
1966 2201 2024 2253 et
2052 2200 2719 2302 θίξιξῗίίδυδδυδδίξίηιίίδ
2765 2205 3194 2299 θοωῖηυηθέδί’
3227 2203 3412 2302 Distat
3441 2221 3574 2261 vero

332 2321 386 2373 ν.
417 2321 506 2374 His
535 2287 1049 2392 propositionibus,
1070 2320 1184 2374 sive
1231 2319 1650 2390 objectionibus
1683 2320 1866 2373 multa
1965 2287 2121 2358 quod
2151 2287 2248 2392 in?
2274 2305 2522 2392 sufema
2543 2288 2600 2342 in
2620 2289 3160 2392 Pfecessariaﬁpsncie
3183 2295 3579 2392 sunt’fwrum'

276 2424 331 2462 ex
342 2377 568 2464 adversa
589 2377 758 2480 pésse
773 2407 942 2479 οὗ]ῂῄ
959 2377 1140 2462 ﬁdem
1160 2377 1523 2478 Quaé'mpter
1537 2401 1862 2477 sophistica,
1965 2393 2075 2482 que
2091 2377 2428 2443 substantia,
2441 2394 2574 2482 pum
2591 2377 3142 2482 sitincorruptibilis,
3157 2397 3275 2477 non
3291 2382 3475 2435 solum
3491 2400 3578 2438 ac-

275 2497 320 2550 id
347 2501 441 2563 est,
467 2497 827 2552 cavillatoria
857 2497 1261 2551 colluctatione
1307 2499 1557 2562 remota,
1598 2496 1864 2566 quaedam
1964 2466 2402 2566 tumrfumluar.“
2426 2467 2935 2566 ἀθδθτυθτωξξζδθά
2956 2470 3131 2566 ⁰ί¹ξ¹τη
3154 2485 3278 2539 ¹Ρ⁵³
3297 2486 3412 2524 non
3433 2486 3578 2566 P9P!"

279 2584 336 2638 de
361 2555 557 2640 natura
582 2587 886 2657 potestatis
917 2589 975 2640 et
995 2590 1152 2640 actus
1181 2585 1520 2655 explicanda
1540 2555 1694 2654 sunt,
1718 2587 1776 2637 et
1805 2583 1862 2638 in
1966 2558 2228 2657 mfmtur‘
2247 2555 2568 2657 Ῑβξηίδνθῐόν
2584 2575 2712 2612 cum
2728 2557 2799 2610 Sit
2817 2557 2876 2657 ir}
2894 2557 3083 2657 δρξθξξίθ
3099 2574 3214 2611 non
3230 2561 3573 2657 Ρθθθῗδδνίθζ

282 2688 377 2742 qua
401 2691 600 2728 eorum
641 2673 829 2746 specie
859 2673 1144 2729 Rationale
1183 2678 1241 2728 et
1269 2673 1500 2727 Ratione
1528 2675 1610 2726 uti
1635 2689 1862 2726 versen-

275 2762 379 2815 tur:
403 2763 470 2817 de
492 2767 704 2817 natura
721 2779 952 2834 quoque
981 2762 1207 2832 prioris,
1227 2766 1421 2815 utrum
1441 2760 1862 2832 praedicationi-

275 2849 362 2904 bus
387 2851 691 2906 conveniat
717 2869 730 2917 ;
755 2853 812 2903 et
841 2851 1118 2905 nonnulla
1147 2850 1217 2904 de
1247 2849 1726 2920 praedicationum
1759 2865 1862 2902 na-

279 2941 385 2993 tura
411 2943 465 2994 et
494 2939 726 3005 ordine,
757 2943 832 3006 et,
858 2940 1018 3010 quasi
1051 2938 1304 3010 quodam
1321 2938 1417 2992 ﬁlo
1437 2937 1508 2991 ad
1539 2938 1616 3007 id,
1649 2937 1719 2991 de
1749 2953 1862 3008 quo

278 3027 488 3098 quaestio
523 3032 635 3094 est,
670 3027 727 3082 id
761 3030 846 3080 est
882 3028 957 3081 ad
981 3027 1478 3099 praedicationem,
1520 3042 1647 3096 quae
1679 3028 1764 3079 est
1793 3024 1864 3079 de

276 3112 480 3169 Ratione
504 3120 589 3170 uti
620 3116 696 3171 ad
722 3115 1026 3183 Rationale,
1055 3115 1364 3186 disputatio
1391 3114 1720 3168 deducatur.

333 3204 412 3258 Vl.
446 3205 556 3259 Hoc
583 3207 780 3259 autem
814 3205 1106 3276 majorum
1128 3202 1463 3268 traditione,
1491 3201 1860 3274 potissimun-

281 3307 374 3362 que
408 3293 726 3348 Aristotelis
750 3293 875 3347 ﬁeri
929 3293 1147 3362 judico,
1194 3291 1535 3363 quibusdam
1583 3290 1770 3345 verbis
1800 3305 1864 3343 ac

279 3383 546 3437 sententiis
572 3382 700 3452 ejus
730 3381 804 3436 ad
832 3383 980 3436 hanc
1011 3397 1136 3436 rem
1164 3379 1586 3450 pertinentibus
1616 3378 1866 3432 breviter

276 3473 326 3522 et
349 3469 580 3526 dilucide
602 3470 1015 3542 interpretatis.
1049 3468 1329 3536 Quaedam,
1355 3467 1562 3539 inquit,
1586 3472 1865 3538 potestates

277 3560 524 3629 equinam
545 3569 700 3615 sunt.
723 3560 874 3613 Bene
897 3559 1005 3613 ait:
1044 3557 1324 3630 quaedam:
1358 3557 1492 3628 quia
1523 3573 1640 3611 non
1674 3556 1863 3610 omnis

277 3649 497 3714 potestas
525 3647 824 3719 sequivoca
843 3651 962 3701 est:
994 3663 1121 3718 quae
1145 3647 1304 3700 enim
1323 3663 1390 3700 ex
1412 3662 1470 3699 se
1492 3645 1709 3717 species
1736 3661 1864 3716 pro-

278 3730 440 3788 fundit
469 3735 981 3808 [cod.,profunda],
1023 3750 1141 3789 non
1157 3735 1468 3806 asquivoca,
1493 3734 1592 3787 sed
1622 3733 1865 3787 univoca

284 3823 369 3874 est.
397 3823 468 3878 Ea
495 3830 694 3878 autem
727 3827 978 3895 potestas
1001 3826 1088 3877 est
1115 3823 1428 3894 aequivoca,
1452 3839 1579 3893 quae
1594 3821 1864 3892 praedica-

288 3912 364 3963 tur
389 3912 453 3966 de
471 3917 625 3978 actu,
643 3916 701 3965 et
716 3911 786 3965 de
807 3928 877 3966 ea
907 3913 1186 3980 potestate
1218 3927 1344 3982 qua:
1361 3914 1549 3980 potest
1565 3911 1864 3980 pervenire

1966 2645 2158 2695 actum
2182 2642 2436 2712 quidem,
2461 2660 2758 2714 quousque
2779 2643 3056 2709 subsistit,
3078 2661 3194 2698 non
3215 2645 3452 2714 deserit;
3477 2648 3575 2702 sed

1965 2729 2097 2800 quia
2128 2729 2186 2782 in
2223 2730 2544 2785 necessaria
2567 2733 2754 2801 specie
2778 2749 2893 2786 non
2918 2735 3023 2798 est,
3047 2735 3239 2786 actum
3258 2734 3425 2788 simul
3446 2752 3577 2791 cum

1963 2818 2282 2872 substantia
2312 2818 2519 2889 perdit.
2567 2820 2702 2883 Quae
2726 2819 2884 2875 enim
2917 2821 3238 2876 necessaria
3264 2839 3494 2894 semper
3511 2841 3576 2879 ex

1965 2907 2304 2962 necessitate
2330 2911 2482 2971 sunt,
2518 2925 2621 2961 nec
2653 2925 2912 2979 unquam
2934 2926 3049 2963 non
3073 2927 3194 2964 esse
3210 2915 3467 2982 possunt.
3495 2914 3580 2984 lg-

1964 2995 2052 3048 nis
2077 3010 2210 3047 vero
2231 3010 2295 3047 ex
2327 2994 2663 3049 necessitate
2693 2995 2929 3066 quidem
2962 3013 3082 3050 non
3113 3000 3215 3063 est,
3245 2999 3346 3052 sed
3383 3003 3576 3055 actum

1893 3117 1940 3175 Ο
1965 3081 2187 3137 calendi
2216 3098 2280 3134 ex
2310 3081 2648 3136 necessitate
2678 3082 2874 3149 habet,
2926 3099 3223 3154 quousque
3255 3088 3359 3138 est.
3403 3086 3575 3141 Recte

1963 3187 2103 3241 ergo
2123 3169 2340 3224 dictum
2371 3173 2456 3224 est
2475 3171 2547 3224 ab
2574 3171 2907 3225 Aristotele:
2936 3171 3203 3237 Quoniam
3235 3173 3376 3243 quod
3390 3191 3453 3228 ex
3482 3192 3576 3229 ne-

1963 3260 2208 3314 cessitate
2244 3263 2338 3325 est,
2370 3258 2658 3315 secundum
2679 3265 2859 3315 actum
2890 3266 2984 3312 est.
3014 3258 3343 3314 Secundum
3377 3278 3576 3318 neces-

1963 3347 2191 3401 sitatem
2223 3346 2435 3418 quippe
2476 3346 2676 3401 omnia
2723 3363 2992 3418 superna,
3043 3364 3170 3419 quae
3199 3351 3333 3402 sunt
3362 3353 3419 3403 et
3447 3367 3575 3421 quae

1963 3435 2300 3501 subsistunt,
2333 3452 2633 3506 nunquam
2660 3435 3052 3490 interimenda
3074 3451 3356 3508 suumque
3379 3441 3574 3494 actum

1965 3540 2264 3596 nunquam
2319 3523 2606 3581 relictura.
2639 3522 2839 3590 Quare,
2873 3523 3080 3594 inquit,
3108 3525 3154 3577 si
3169 3526 3355 3593 priora
3381 3530 3574 3598 sempi-

1964 3619 2138 3674 terna,
2171 3617 2220 3667 et
2249 3630 2366 3684 quae
2393 3619 2516 3665 actu
2540 3618 2684 3678 sunt,
2711 3617 2967 3682 potestate
2985 3614 3175 3682 priora
3197 3617 3340 3668 sunt.
3377 3615 3452 3668 Ex
3469 3632 3576 3672 na-

1961 3704 2093 3755 tura
2117 3717 2309 3755 rerum
2336 3701 2636 3754 veritatem
2664 3699 2885 3771 colligit
2913 3700 3394 3771 propositionum.
3431 3702 3575 3767 Quia

1964 3788 2120 3844 enim
2152 3805 2326 3842 omne
2359 3789 2513 3860 quod
2543 3791 2737 3842 estaut
2755 3788 3017 3860 simplex,
3037 3792 3136 3843 aut
3164 3790 3574 3861 compositum,

1965 3876 2338 3931 manifestum
2361 3881 2445 3930 est
2469 3876 2626 3947 prius
2662 3893 2782 3931 esse
2812 3876 3094 3948 simplicia
3121 3893 3298 3947 quam
3337 3894 3576 3949 compo-

1967 3964 2092 4020 sita.
2125 3965 2184 4018 In
2211 3964 2414 4018 divinis
2441 3967 2636 4018 autem
2655 3964 2988 4035 etsupernis
3019 3963 3158 4016 nihil
3189 3965 3574 4035 compositum

1967 4051 2184 4115 est,sed
2207 4055 2339 4105 sunt
2371 4051 2569 4106 omnia
2605 4050 3198 4121 simplicia.Alioquin
3234 4067 3409 4106 omne
3423 4068 3576 4108 com-

1967 4141 2218 4213 positum
2251 4155 2478 4195 necesse
2509 4143 2596 4193 est
2627 4143 2690 4194 ut
2719 4140 2777 4192 in
2803 4155 2872 4193 ea
2901 4139 3216 4194 resolvatur
3231 4140 3384 4195 unde
3415 4157 3577 4197 com-

1969 4228 2220 4301 positum
2252 4231 2354 4282 est.
2379 4228 2503 4282 Non
2530 4228 2896 4282 resolvuntur
2925 4229 3121 4282 autem
3150 4227 3356 4282 divinae
3380 4231 3575 4286 cu‘ales-

1971 4322 2169 4390 tesque
2193 4317 2540 4383 substantiae,
2587 4332 2900 4389 rerumque
2944 4317 3210 4372 omnium
3265 4318 3581 4408 elementa,

1972 4406 2107 4478 quia
2143 4406 2422 4476 simplicia
2457 4409 2590 4460 sunt
2612 4409 2669 4460 et
2697 4406 3098 4476 incomposita.
3125 4407 3262 4470 Quae
3293 4410 3488 4463 autem
3513 4406 3580 4464 ex

1975 4496 2176 4568 primis
2200 4495 2508 4566 conjuncta
2539 4497 2672 4548 sunt
2701 4494 3025 4562 elementis,
3060 4494 3115 4548 in
3148 4495 3354 4550 eadem
3383 4489 3579 4552 rursus

1976 4585 2357 4639 resolvuntur.
2375 4583 2574 4638 Priora
2587 4587 2721 4638 sunt
2734 4583 2907 4654 igitur
2918 4583 3294 4655 sempiterna,
3308 4601 3435 4657 quas
3448 4586 3584 4641 alio-

1976 4689 2106 4728 rum
2139 4672 2400 4727 omnium
2429 4671 2774 4744 principium
2807 4674 2942 4726 sunt
2967 4672 3198 4744 hisque:
3229 4674 3584 4745 sempiterna

1978 4777 2096 4815 non
2138 4763 2288 4814 sunt.
2324 4760 2437 4814 Sed
2463 4777 2589 4831 qua:
2615 4759 2973 4830 sempiterna
2988 4764 3139 4827 sunt,
3163 4760 3285 4815 sine
3315 4765 3445 4816 actu
3464 4778 3582 4816 non

1976 4853 2128 4918 sunt,
2163 4865 2268 4902 nec
2292 4849 2482 4903 fuere:
2515 4847 2675 4918 prior
2705 4850 2789 4902 est
2815 4846 2990 4919 igitur
3016 4852 3174 4903 actus
3205 4853 3508 4921 potestate.

288 3998 555 4055 adactum.
587 4000 816 4054 Nullam
830 3999 987 4054 enim
1010 3998 1420 4054 difﬁnitionem
1447 3997 1704 4068 recipiet,
1737 4015 1864 4070 quae

287 4086 484 4159 utrique
505 4089 578 4144 sit
599 4087 957 4154 communis;
998 4085 1100 4141 sed
1119 4103 1271 4153 eam,
1292 4103 1420 4157 qua:
1441 4085 1500 4139 in
1535 4088 1663 4140 actu
1675 4089 1780 4154 est,
1810 4089 1869 4140 et

294 4189 482 4230 nomen
512 4181 572 4232 et
624 4175 1030 4230 diffinitionem
1079 4174 1191 4229 suis
1240 4173 1537 4246 speciebus
1565 4174 1764 4243 donat,
1797 4175 1866 4230 de

296 4277 389 4332 qua
412 4264 514 4318 ista
543 4264 630 4319 ait
651 4263 1007 4319 Aristoteles:
1039 4261 1398 4333 Manifestum
1425 4270 1500 4318 est
1535 4282 1598 4318 ex
1616 4265 1721 4331 his,
1752 4282 1870 4338 qua

297 4349 416 4405 dicta
451 4359 594 4420 sunt,
642 4354 895 4424 quoniam
944 4350 1086 4423 quod
1135 4367 1198 4406 e2:
1234 4353 1538 4408 necessitate
1567 4359 1660 4420 est,
1684 4370 1868 4410 semm-
1892 4380 1946 4438 Β

295 4436 402 4494 dum
426 4449 605 4496 actum
632 4449 724 4496 est.
758 4440 958 4508 Quare,
997 4443 1046 4494 si
1077 4442 1270 4512 priora
1316 4443 1652 4512 sempiterna,
1680 4449 1728 4496 et
1757 4459 1874 4514 qua

296 4537 398 4582 actu
423 4538 561 4595 sunt,
572 4537 840 4602 potestate
853 4532 1197 4600 priorasunt.
1238 4531 1307 4583 Et
1335 4531 1457 4584 haec
1486 4530 1720 4602 quidem
1752 4531 1873 4586 sine

297 4620 548 4684 potestate
569 4623 700 4675 actu
729 4621 883 4686 sunt,
918 4622 979 4673 ut
992 4617 1195 4691 primae
1214 4618 1567 4674 substantiae.
1590 4620 1716 4674 Alia
1739 4636 1873 4675 vero

296 4711 407 4761 sunt
422 4712 547 4764 actu
570 4726 702 4764 cum
722 4707 1120 4780 possibilitate,
1138 4725 1265 4781 quae
1293 4710 1500 4762 natura
1511 4708 1706 4779 priora
1720 4707 1874 4783 sunt,

295 4796 528 4869 tempore
552 4815 686 4853 vero
709 4797 1049 4870 posteriora.
1071 4797 1197 4853 Alia
1238 4813 1372 4852 vero
1413 4813 1714 4869 nunquam
1745 4799 1880 4851 sunt

298 4887 422 4953 actu,
451 4887 548 4942 sed
576 4889 858 4959 potestate
889 4886 1029 4940 sola.
1081 4885 1214 4952 Quae
1263 4888 1556 4942 necessaria
1599 4893 1744 4954 sunt,
1791 4886 1876 4941 in-

301 4972 420 5042 quit,
449 4977 641 5030 inactu
666 4981 811 5040 sunt,
845 4990 912 5030 eo
946 4973 1180 5042 scilicet,
1212 4990 1387 5046 quem
1418 4975 1748 5046 relinquere
1777 4992 1875 5030 ne-
2044 4975 2180 5030 VIII.
2213 4975 2423 5028 Rursus
2453 4972 2782 5027 Aristoteles
2809 4975 3004 5027 autem
3035 4973 3190 5029 velut
3218 4992 3398 5045 genus
3445 4993 3584 5031 cou-

301 5067 510 5134 qneunt,
541 5069 604 5118 ut
630 5065 837 5121 coelum
866 5067 924 5118 et
967 5064 1050 5118 sol
1092 5063 1392 5134 proprium
1436 5067 1684 5120 motum.
1726 5067 1872 5121 Item
1971 5067 2122 5119 stare
2151 5065 2346 5118 volens
2377 5079 2446 5116 ex
2466 5065 2677 5116 natura
2699 5078 2896 5116 rerum
2916 5062 3374 5133 praejacentium,
3410 5065 3584 5135 parti-

299 5164 404 5220 quae
428 5153 740 5208 necessaria
766 5154 918 5220 sunt,
951 5152 1471 5224 sempiternasunt,
1487 5155 1544 5207 et
1574 5170 1700 5225 qua}
1727 5171 1874 5208 sem-
1969 5153 2128 5207 tione
2149 5152 2321 5217 facta,
2355 5150 2711 5205 ditl‘erentias
2730 5167 2795 5204 ac
2811 5149 3028 5222 species
3059 5151 3178 5221 ejus
3211 5151 3580 5207 determinat.

299 5237 497 5309 piterna
519 5246 666 5311 sunt,
713 5242 910 5314 priora
955 5243 1089 5297 sunt
1123 5240 1212 5297 his
1240 5241 1614 5312 potestatibus
1651 5259 1777 5314 quae
1811 5243 1869 5298 in
1969 5242 2037 5296 Et
2052 5242 2176 5296 htBC
2203 5239 2440 5311 quidem
2471 5239 2598 5293 sine
2630 5241 2912 5311 potestate
2939 5243 3072 5294 actu
3100 5243 3251 5306 sunt,
3285 5244 3346 5294 ut
3377 5241 3580 5312 prima:

297 5331 465 5385 actum
493 5331 747 5386 nondum
769 5333 1069 5386 venerunt.
1099 5331 1247 5402 Ergo
1298 5333 1476 5397 actus,
1510 5331 1607 5402 qui
1638 5348 1870 5404 semper
1967 5329 2323 5386 substantiae.
2351 5328 2478 5382 Alia
2505 5344 2640 5382 vero
2671 5329 2804 5381 sunt
2835 5330 2964 5382 actu
2987 5345 3116 5383 cum
3142 5332 3579 5400 potestate,qua2

299 5419 385 5485 est,
412 5420 564 5491 prior
589 5425 668 5475 est
697 5437 766 5475 eo
792 5423 922 5475 actu
948 5421 1045 5492 qui
1077 5419 1338 5475 nondum
1356 5422 1460 5474 est.
1485 5423 1656 5474 Actus
1686 5421 1866 5490 enim,
1969 5422 2176 5474 natura
2188 5417 2546 5489 priorasunt,
2572 5420 2837 5487 tempore
2849 5432 2982 5471 vero
2998 5417 3336 5488 posteriora.
3353 5416 3576 5482 Rerum,

298 5506 380 5575 qui
403 5514 816 5581 semperest,ex
837 5512 1121 5582 potestate
1137 5525 1256 5564 non
1271 5509 1459 5577 venit;
1483 5509 1618 5581 quia
1632 5510 1864 5582 quando
1965 5506 2173 5580 inquit,
2206 5506 2315 5561 alia
2349 5513 2473 5560 sunt
2503 5513 2624 5560 actu
2654 5507 2766 5559 sine
2799 5512 3087 5576 potestate;
3139 5506 3249 5559 alia
3294 5511 3413 5557 actu
3456 5517 3579 5559 cum

297 5594 476 5656 resilla
495 5598 616 5672 fuit,
648 5598 716 5654 ab
743 5599 864 5675 ejus
891 5597 1210 5656 substantia
1229 5615 1345 5656 non
1367 5598 1568 5656 defuit.
1601 5599 1665 5654 In
1692 5598 1865 5656 rebus
1953 5601 2234 5674 potestate,
2285 5599 2343 5651 et
2382 5598 2512 5650 actu
2540 5595 2663 5650 sine
2688 5592 2922 5669 quidem
2949 5596 3252 5668 potestate,
3283 5594 3345 5646 ut
3371 5589 3577 5667 prima
