  <div class='ocr_page' id='page_1' title='image "/cluster/home/n/w/nwhite01/storage/ocr_20150623/139/hvd.32044054759998/087.png"; bbox 0 0 3954 6170; ppageno 0'>
   <div class='ocr_carea' id='block_1_1' title="bbox 367 332 464 386">
    <p class='ocr_par' dir='ltr' id='par_1_1' title="bbox 367 332 464 386">
     <span class='ocr_line' id='line_1_1' title="bbox 367 332 464 386; baseline 0 -1"><span class='ocrx_word' id='word_1_1' title='bbox 367 332 464 386; x_wconf 79' lang='grc'>163</span> 
     </span>
    </p>
   </div>
   <div class='ocr_carea' id='block_1_2' title="bbox 966 311 3066 377">
    <p class='ocr_par' dir='ltr' id='par_1_2' title="bbox 966 311 3066 377">
     <span class='ocr_line' id='line_1_2' title="bbox 966 311 3066 377; baseline -0.004 -1"><span class='ocrx_word' id='word_1_2' title='bbox 966 318 1319 377; x_wconf 82' lang='lat' dir='ltr'>SILVESTRI</span> <span class='ocrx_word' id='word_1_3' title='bbox 1350 322 1394 374; x_wconf 85' lang='lat' dir='ltr'>Il</span> <span class='ocrx_word' id='word_1_4' title='bbox 1427 319 1631 376; x_wconf 74' lang='lat' dir='ltr'>PAPJE</span> <span class='ocrx_word' id='word_1_5' title='bbox 1659 320 1812 377; x_wconf 89' lang='lat' dir='ltr'>OPP.</span> <span class='ocrx_word' id='word_1_6' title='bbox 1849 313 2025 373; x_wconf 79' lang='lat' dir='ltr'>PARS</span> <span class='ocrx_word' id='word_1_7' title='bbox 2056 316 2099 370; x_wconf 88' lang='grc' dir='ltr'>Ι.</span> <span class='ocrx_word' id='word_1_8' title='bbox 2139 347 2208 357; x_wconf 92' lang='grc'><strong>--</strong></span> <span class='ocrx_word' id='word_1_9' title='bbox 2249 315 2339 370; x_wconf 92' lang='lat' dir='ltr'><strong>DE</strong></span> <span class='ocrx_word' id='word_1_10' title='bbox 2372 315 2733 372; x_wconf 85' lang='lat' dir='ltr'>DISClPLlN.</span> <span class='ocrx_word' id='word_1_11' title='bbox 2763 311 3066 371; x_wconf 79' lang='lat' dir='ltr'>MATHEM.</span> 
     </span>
    </p>
   </div>
   <div class='ocr_carea' id='block_1_3' title="bbox 3578 315 3685 369">
    <p class='ocr_par' dir='ltr' id='par_1_3' title="bbox 3578 315 3685 369">
     <span class='ocr_line' id='line_1_3' title="bbox 3578 315 3685 369; baseline 0 -1"><span class='ocrx_word' id='word_1_12' title='bbox 3578 315 3685 369; x_wconf 73' lang='grc'>164</span> 
     </span>
    </p>
   </div>
   <div class='ocr_carea' id='block_1_4' title="bbox 357 432 3682 512">
    <p class='ocr_par' dir='ltr' id='par_1_4' title="bbox 357 432 3682 512">
     <span class='ocr_line' id='line_1_4' title="bbox 357 432 3682 512; baseline -0.004 -10"><span class='ocrx_word' id='word_1_13' title='bbox 357 443 712 502; x_wconf 69' lang='lat' dir='ltr'>substantiae.</span> <span class='ocrx_word' id='word_1_14' title='bbox 748 441 886 506; x_wconf 70' lang='lat' dir='ltr'>Qua:</span> <span class='ocrx_word' id='word_1_15' title='bbox 907 441 1036 496; x_wconf 91' lang='lat' dir='ltr'>ideo</span> <span class='ocrx_word' id='word_1_16' title='bbox 1067 441 1272 512; x_wconf 69' lang='lat' dir='ltr'>primae</span> <span class='ocrx_word' id='word_1_17' title='bbox 1304 439 1590 508; x_wconf 91' lang='lat' dir='ltr'>dicuntur,</span> <span class='ocrx_word' id='word_1_18' title='bbox 1617 439 1750 512; x_wconf 88' lang='lat' dir='ltr'>quia</span> <span class='ocrx_word' id='word_1_19' title='bbox 1768 454 1963 492; x_wconf 90' lang='lat' dir='ltr'>rerum</span> <span class='ocrx_word' id='word_1_20' title='bbox 1985 439 2040 496; x_wconf 84' lang='lat' dir='ltr'><strong>A</strong></span> <span class='ocrx_word' id='word_1_21' title='bbox 2076 435 2230 506; x_wconf 88' lang='lat' dir='ltr'>prius</span> <span class='ocrx_word' id='word_1_22' title='bbox 2256 437 2475 507; x_wconf 64' lang='lat' dir='ltr'>aequale</span> <span class='ocrx_word' id='word_1_23' title='bbox 2499 453 2672 507; x_wconf 88' lang='lat' dir='ltr'>quam</span> <span class='ocrx_word' id='word_1_24' title='bbox 2692 435 3004 506; x_wconf 61' lang='lat' dir='ltr'>inaequale:</span> <span class='ocrx_word' id='word_1_25' title='bbox 3035 432 3222 489; x_wconf 90' lang='lat' dir='ltr'>omnis</span> <span class='ocrx_word' id='word_1_26' title='bbox 3251 433 3410 486; x_wconf 91' lang='lat' dir='ltr'>enim</span> <span class='ocrx_word' id='word_1_27' title='bbox 3432 433 3682 506; x_wconf 66' lang='lat' dir='ltr'>inaequa-</span> 
     </span>
    </p>
   </div>
   <div class='ocr_carea' id='block_1_5' title="bbox 351 528 1967 609">
    <p class='ocr_par' dir='ltr' id='par_1_5' title="bbox 351 528 1967 609">
     <span class='ocr_line' id='line_1_5' title="bbox 351 528 1967 609; baseline -0.007 -18"><span class='ocrx_word' id='word_1_28' title='bbox 351 534 646 609; x_wconf 67' lang='lat' dir='ltr'>.principia</span> <span class='ocrx_word' id='word_1_29' title='bbox 693 532 824 588; x_wconf 89' lang='lat' dir='ltr'>sint.</span> <span class='ocrx_word' id='word_1_30' title='bbox 880 530 1014 586; x_wconf 86' lang='lat' dir='ltr'>Sine</span> <span class='ocrx_word' id='word_1_31' title='bbox 1065 533 1348 603; x_wconf 79' lang='lat' dir='ltr'>potestate</span> <span class='ocrx_word' id='word_1_32' title='bbox 1387 533 1580 584; x_wconf 88' lang='lat' dir='ltr'>autem</span> <span class='ocrx_word' id='word_1_33' title='bbox 1623 546 1691 583; x_wconf 90' lang='lat' dir='ltr'>ea</span> <span class='ocrx_word' id='word_1_34' title='bbox 1733 528 1967 590; x_wconf 78' lang='lat' dir='ltr'>scilicet,</span> 
     </span>
    </p>
   </div>
   <div class='ocr_carea' id='block_1_6' title="bbox 360 618 1970 698">
    <p class='ocr_par' dir='ltr' id='par_1_6' title="bbox 360 618 1970 698">
     <span class='ocr_line' id='line_1_6' title="bbox 360 618 1970 698; baseline -0.007 -18"><span class='ocrx_word' id='word_1_35' title='bbox 360 625 518 698; x_wconf 87' lang='lat' dir='ltr'>quod</span> <span class='ocrx_word' id='word_1_36' title='bbox 545 621 888 678; x_wconf 86' lang='lat' dir='ltr'>utrumlibet</span> <span class='ocrx_word' id='word_1_37' title='bbox 920 623 1132 692; x_wconf 81' lang='lat' dir='ltr'>potest.</span> <span class='ocrx_word' id='word_1_38' title='bbox 1181 620 1400 674; x_wconf 82' lang='lat' dir='ltr'>Caelum</span> <span class='ocrx_word' id='word_1_39' title='bbox 1435 618 1590 674; x_wconf 88' lang='lat' dir='ltr'>enim</span> <span class='ocrx_word' id='word_1_40' title='bbox 1631 622 1689 672; x_wconf 91' lang='lat' dir='ltr'>et</span> <span class='ocrx_word' id='word_1_41' title='bbox 1732 618 1812 672; x_wconf 88' lang='lat' dir='ltr'>sol</span> <span class='ocrx_word' id='word_1_42' title='bbox 1853 633 1970 670; x_wconf 92' lang='lat' dir='ltr'>non</span> 
     </span>
    </p>
   </div>
   <div class='ocr_carea' id='block_1_7' title="bbox 358 708 1973 788">
    <p class='ocr_par' dir='ltr' id='par_1_7' title="bbox 358 708 1973 788">
     <span class='ocr_line' id='line_1_7' title="bbox 358 708 1973 788; baseline -0.007 -19"><span class='ocrx_word' id='word_1_43' title='bbox 358 715 601 788; x_wconf 89' lang='lat' dir='ltr'>possunt</span> <span class='ocrx_word' id='word_1_44' title='bbox 631 728 747 766; x_wconf 92' lang='lat' dir='ltr'>non</span> <span class='ocrx_word' id='word_1_45' title='bbox 775 708 1016 775; x_wconf 86' lang='lat' dir='ltr'>moveri,</span> <span class='ocrx_word' id='word_1_46' title='bbox 1049 712 1106 762; x_wconf 90' lang='lat' dir='ltr'>et</span> <span class='ocrx_word' id='word_1_47' title='bbox 1148 708 1296 780; x_wconf 86' lang='lat' dir='ltr'>ignis</span> <span class='ocrx_word' id='word_1_48' title='bbox 1329 725 1447 762; x_wconf 91' lang='lat' dir='ltr'>non</span> <span class='ocrx_word' id='word_1_49' title='bbox 1481 708 1688 774; x_wconf 90' lang='lat' dir='ltr'>calere,</span> <span class='ocrx_word' id='word_1_50' title='bbox 1744 709 1802 760; x_wconf 89' lang='lat' dir='ltr'>et</span> <span class='ocrx_word' id='word_1_51' title='bbox 1823 721 1973 775; x_wconf 91' lang='lat' dir='ltr'>aqua</span> 
     </span>
    </p>
   </div>
   <div class='ocr_carea' id='block_1_8' title="bbox 359 798 1971 867">
    <p class='ocr_par' dir='ltr' id='par_1_8' title="bbox 359 798 1971 867">
     <span class='ocr_line' id='line_1_8' title="bbox 359 798 1971 867; baseline -0.005 -11"><span class='ocrx_word' id='word_1_52' title='bbox 359 819 476 857; x_wconf 91' lang='lat' dir='ltr'>non</span> <span class='ocrx_word' id='word_1_53' title='bbox 505 799 747 855; x_wconf 90' lang='lat' dir='ltr'>humida</span> <span class='ocrx_word' id='word_1_54' title='bbox 785 815 924 853; x_wconf 90' lang='lat' dir='ltr'>esse.</span> <span class='ocrx_word' id='word_1_55' title='bbox 965 798 1065 851; x_wconf 89' lang='lat' dir='ltr'>Illa</span> <span class='ocrx_word' id='word_1_56' title='bbox 1080 813 1236 864; x_wconf 86' lang='lat' dir='ltr'>vero,</span> <span class='ocrx_word' id='word_1_57' title='bbox 1277 813 1402 867; x_wconf 83' lang='lat' dir='ltr'>quae</span> <span class='ocrx_word' id='word_1_58' title='bbox 1427 799 1554 850; x_wconf 89' lang='lat' dir='ltr'>actu</span> <span class='ocrx_word' id='word_1_59' title='bbox 1579 798 1852 850; x_wconf 84' lang='lat' dir='ltr'>suntcum</span> <span class='ocrx_word' id='word_1_60' title='bbox 1875 811 1971 866; x_wconf 78' lang='lat' dir='ltr'>po-</span> 
     </span>
    </p>
   </div>
   <div class='ocr_carea' id='block_1_9' title="bbox 363 883 1968 955">
    <p class='ocr_par' dir='ltr' id='par_1_9' title="bbox 363 883 1968 955">
     <span class='ocr_line' id='line_1_9' title="bbox 363 883 1968 955; baseline -0.004 -12"><span class='ocrx_word' id='word_1_61' title='bbox 363 891 590 955; x_wconf 77' lang='lat' dir='ltr'>testate,</span> <span class='ocrx_word' id='word_1_62' title='bbox 620 904 688 942; x_wconf 83' lang='lat' dir='ltr'>ex</span> <span class='ocrx_word' id='word_1_63' title='bbox 717 890 880 941; x_wconf 90' lang='lat' dir='ltr'>motu</span> <span class='ocrx_word' id='word_1_64' title='bbox 912 885 1091 940; x_wconf 88' lang='lat' dir='ltr'>animi</span> <span class='ocrx_word' id='word_1_65' title='bbox 1124 884 1501 947; x_wconf 88' lang='lat' dir='ltr'>descendunt,</span> <span class='ocrx_word' id='word_1_66' title='bbox 1531 887 1593 938; x_wconf 94' lang='lat' dir='ltr'>ut</span> <span class='ocrx_word' id='word_1_67' title='bbox 1617 900 1746 937; x_wconf 90' lang='lat' dir='ltr'>cum</span> <span class='ocrx_word' id='word_1_68' title='bbox 1774 883 1968 948; x_wconf 87' lang='lat' dir='ltr'>sedeo,</span> 
     </span>
    </p>
   </div>
   <div class='ocr_carea' id='block_1_10' title="bbox 370 973 1970 1044">
    <p class='ocr_par' dir='ltr' id='par_1_10' title="bbox 370 973 1970 1044">
     <span class='ocr_line' id='line_1_10' title="bbox 370 973 1970 1044; baseline -0.004 -12"><span class='ocrx_word' id='word_1_69' title='bbox 370 979 534 1033; x_wconf 88' lang='lat' dir='ltr'>motu</span> <span class='ocrx_word' id='word_1_70' title='bbox 565 975 746 1030; x_wconf 88' lang='lat' dir='ltr'>animi</span> <span class='ocrx_word' id='word_1_71' title='bbox 776 975 850 1029; x_wconf 91' lang='lat' dir='ltr'>ad</span> <span class='ocrx_word' id='word_1_72' title='bbox 875 975 1030 1028; x_wconf 89' lang='lat' dir='ltr'>hunc</span> <span class='ocrx_word' id='word_1_73' title='bbox 1072 977 1264 1027; x_wconf 89' lang='lat' dir='ltr'>actum</span> <span class='ocrx_word' id='word_1_74' title='bbox 1294 973 1525 1040; x_wconf 87' lang='lat' dir='ltr'>accessi,</span> <span class='ocrx_word' id='word_1_75' title='bbox 1569 989 1743 1044; x_wconf 88' lang='lat' dir='ltr'>quem</span> <span class='ocrx_word' id='word_1_76' title='bbox 1779 975 1970 1026; x_wconf 85' lang='lat' dir='ltr'>actum</span> 
     </span>
    </p>
   </div>
   <div class='ocr_carea' id='block_1_11' title="bbox 367 1060 1967 1137">
    <p class='ocr_par' dir='ltr' id='par_1_11' title="bbox 367 1060 1967 1137">
     <span class='ocr_line' id='line_1_11' title="bbox 367 1060 1967 1137; baseline -0.004 -17"><span class='ocrx_word' id='word_1_77' title='bbox 367 1068 620 1137; x_wconf 85' lang='lat' dir='ltr'>potestas</span> <span class='ocrx_word' id='word_1_78' title='bbox 664 1062 901 1118; x_wconf 88' lang='lat' dir='ltr'>sedendi</span> <span class='ocrx_word' id='word_1_79' title='bbox 952 1060 1269 1134; x_wconf 65' lang='lat' dir='ltr'>praecessit:</span> <span class='ocrx_word' id='word_1_80' title='bbox 1308 1077 1426 1115; x_wconf 91' lang='lat' dir='ltr'>non</span> <span class='ocrx_word' id='word_1_81' title='bbox 1473 1060 1629 1115; x_wconf 89' lang='lat' dir='ltr'>enim</span> <span class='ocrx_word' id='word_1_82' title='bbox 1673 1060 1967 1129; x_wconf 86' lang='lat' dir='ltr'>sedissem,</span> 
     </span>
    </p>
   </div>
   <div class='ocr_carea' id='block_1_12' title="bbox 369 1147 1970 1224">
    <p class='ocr_par' dir='ltr' id='par_1_12' title="bbox 369 1147 1970 1224">
     <span class='ocr_line' id='line_1_12' title="bbox 369 1147 1970 1224; baseline -0.004 -16"><span class='ocrx_word' id='word_1_83' title='bbox 369 1153 476 1208; x_wconf 89' lang='lat' dir='ltr'>nisi</span> <span class='ocrx_word' id='word_1_84' title='bbox 489 1152 647 1224; x_wconf 90' lang='lat' dir='ltr'>prius</span> <span class='ocrx_word' id='word_1_85' title='bbox 671 1151 816 1206; x_wconf 90' lang='lat' dir='ltr'>mihi</span> <span class='ocrx_word' id='word_1_86' title='bbox 836 1149 1073 1204; x_wconf 88' lang='lat' dir='ltr'>sedendi</span> <span class='ocrx_word' id='word_1_87' title='bbox 1095 1152 1345 1220; x_wconf 83' lang='lat' dir='ltr'>potestas</span> <span class='ocrx_word' id='word_1_88' title='bbox 1364 1148 1581 1203; x_wconf 89' lang='lat' dir='ltr'>fuisset.</span> <span class='ocrx_word' id='word_1_89' title='bbox 1607 1149 1674 1202; x_wconf 90' lang='lat' dir='ltr'>Et</span> <span class='ocrx_word' id='word_1_90' title='bbox 1695 1165 1825 1202; x_wconf 91' lang='lat' dir='ltr'>cum</span> <span class='ocrx_word' id='word_1_91' title='bbox 1848 1147 1970 1202; x_wconf 68' lang='lat' dir='ltr'>haec</span> 
     </span>
    </p>
   </div>
   <div class='ocr_carea' id='block_1_13' title="bbox 363 1238 1969 1314">
    <p class='ocr_par' dir='ltr' id='par_1_13' title="bbox 363 1238 1969 1314">
     <span class='ocr_line' id='line_1_13' title="bbox 363 1238 1969 1314; baseline -0.004 -17"><span class='ocrx_word' id='word_1_92' title='bbox 363 1244 616 1314; x_wconf 78' lang='lat' dir='ltr'>potestas</span> <span class='ocrx_word' id='word_1_93' title='bbox 633 1243 896 1312; x_wconf 88' lang='lat' dir='ltr'>tempore</span> <span class='ocrx_word' id='word_1_94' title='bbox 913 1238 1135 1310; x_wconf 61' lang='lat' dir='ltr'>praced</span> <span class='ocrx_word' id='word_1_95' title='bbox 1145 1243 1201 1292; x_wconf 89' lang='lat' dir='ltr'>at</span> <span class='ocrx_word' id='word_1_96' title='bbox 1217 1240 1405 1292; x_wconf 90' lang='lat' dir='ltr'>actum</span> <span class='ocrx_word' id='word_1_97' title='bbox 1417 1279 1430 1304; x_wconf 93' lang='lat'>,</span> <span class='ocrx_word' id='word_1_98' title='bbox 1447 1241 1604 1292; x_wconf 91' lang='lat' dir='ltr'>actus</span> <span class='ocrx_word' id='word_1_99' title='bbox 1620 1241 1815 1291; x_wconf 90' lang='lat' dir='ltr'>tamen</span> <span class='ocrx_word' id='word_1_100' title='bbox 1839 1253 1969 1290; x_wconf 90' lang='lat' dir='ltr'>cum</span> 
     </span>
    </p>
   </div>
   <div class='ocr_carea' id='block_1_14' title="bbox 359 1325 1972 1402">
    <p class='ocr_par' dir='ltr' id='par_1_14' title="bbox 359 1325 1972 1402">
     <span class='ocr_line' id='line_1_14' title="bbox 359 1325 1972 1402; baseline -0.004 -18"><span class='ocrx_word' id='word_1_101' title='bbox 359 1331 648 1402; x_wconf 83' lang='lat' dir='ltr'>potestate</span> <span class='ocrx_word' id='word_1_102' title='bbox 688 1330 760 1382; x_wconf 89' lang='lat' dir='ltr'>ab</span> <span class='ocrx_word' id='word_1_103' title='bbox 787 1326 1092 1381; x_wconf 87' lang='lat' dir='ltr'>Aristotele</span> <span class='ocrx_word' id='word_1_104' title='bbox 1108 1325 1263 1396; x_wconf 89' lang='lat' dir='ltr'>prius</span> <span class='ocrx_word' id='word_1_105' title='bbox 1283 1341 1402 1379; x_wconf 90' lang='lat' dir='ltr'>esse</span> <span class='ocrx_word' id='word_1_106' title='bbox 1425 1325 1633 1379; x_wconf 91' lang='lat' dir='ltr'>dicitur</span> <span class='ocrx_word' id='word_1_107' title='bbox 1655 1341 1829 1396; x_wconf 91' lang='lat' dir='ltr'>quam</span> <span class='ocrx_word' id='word_1_108' title='bbox 1850 1325 1972 1378; x_wconf 90' lang='lat' dir='ltr'>sola</span> 
     </span>
    </p>
   </div>
   <div class='ocr_carea' id='block_1_15' title="bbox 363 1413 1969 1488">
    <p class='ocr_par' dir='ltr' id='par_1_15' title="bbox 363 1413 1969 1488">
     <span class='ocr_line' id='line_1_15' title="bbox 363 1413 1969 1488; baseline -0.004 -17"><span class='ocrx_word' id='word_1_109' title='bbox 363 1419 645 1488; x_wconf 85' lang='lat' dir='ltr'>potestas;</span> <span class='ocrx_word' id='word_1_110' title='bbox 665 1432 784 1487; x_wconf 72' lang='lat' dir='ltr'>quae</span> <span class='ocrx_word' id='word_1_111' title='bbox 813 1422 956 1477; x_wconf 83' lang='lat' dir='ltr'>actu,</span> <span class='ocrx_word' id='word_1_112' title='bbox 982 1413 1186 1485; x_wconf 87' lang='lat' dir='ltr'>inquit,</span> <span class='ocrx_word' id='word_1_113' title='bbox 1201 1421 1324 1467; x_wconf 84' lang='lat' dir='ltr'>sunt</span> <span class='ocrx_word' id='word_1_114' title='bbox 1341 1429 1456 1467; x_wconf 86' lang='lat' dir='ltr'>cum</span> <span class='ocrx_word' id='word_1_115' title='bbox 1463 1419 1746 1484; x_wconf 79' lang='lat' dir='ltr'>potestate,</span> <span class='ocrx_word' id='word_1_116' title='bbox 1769 1419 1969 1465; x_wconf 73' lang='lat' dir='ltr'>natura</span> 
     </span>
    </p>
   </div>
   <div class='ocr_carea' id='block_1_16' title="bbox 352 1501 1967 1576">
    <p class='ocr_par' dir='ltr' id='par_1_16' title="bbox 352 1501 1967 1576">
     <span class='ocr_line' id='line_1_16' title="bbox 352 1501 1967 1576; baseline -0.002 -17"><span class='ocrx_word' id='word_1_117' title='bbox 352 1506 543 1576; x_wconf 74' lang='lat' dir='ltr'>priora</span> <span class='ocrx_word' id='word_1_118' title='bbox 595 1511 737 1570; x_wconf 77' lang='lat' dir='ltr'>sunt,</span> <span class='ocrx_word' id='word_1_119' title='bbox 797 1511 1023 1574; x_wconf 83' lang='lat' dir='ltr'>tempore</span> <span class='ocrx_word' id='word_1_120' title='bbox 1073 1519 1196 1558; x_wconf 79' lang='lat' dir='ltr'>vero</span> <span class='ocrx_word' id='word_1_121' title='bbox 1229 1505 1526 1572; x_wconf 82' lang='lat' dir='ltr'>posteriora</span> <span class='ocrx_word' id='word_1_122' title='bbox 1555 1503 1669 1555; x_wconf 83' lang='lat' dir='ltr'>Hoc</span> <span class='ocrx_word' id='word_1_123' title='bbox 1707 1501 1838 1556; x_wconf 91' lang='lat' dir='ltr'>ideo</span> <span class='ocrx_word' id='word_1_124' title='bbox 1870 1501 1967 1556; x_wconf 88' lang='lat' dir='ltr'>ﬁt:</span> 
     </span>
    </p>
   </div>
   <div class='ocr_carea' id='block_1_17' title="bbox 363 1590 1968 1665">
    <p class='ocr_par' dir='ltr' id='par_1_17' title="bbox 363 1590 1968 1665">
     <span class='ocr_line' id='line_1_17' title="bbox 363 1590 1968 1665; baseline -0.002 -19"><span class='ocrx_word' id='word_1_125' title='bbox 363 1592 503 1664; x_wconf 85' lang='lat' dir='ltr'>quia</span> <span class='ocrx_word' id='word_1_126' title='bbox 528 1595 802 1665; x_wconf 85' lang='lat' dir='ltr'>potestas,</span> <span class='ocrx_word' id='word_1_127' title='bbox 830 1609 962 1646; x_wconf 90' lang='lat' dir='ltr'>cum</span> <span class='ocrx_word' id='word_1_128' title='bbox 995 1591 1066 1645; x_wconf 87' lang='lat' dir='ltr'>sit</span> <span class='ocrx_word' id='word_1_129' title='bbox 1089 1590 1322 1645; x_wconf 87' lang='lat' dir='ltr'>initium</span> <span class='ocrx_word' id='word_1_130' title='bbox 1353 1593 1532 1657; x_wconf 90' lang='lat' dir='ltr'>actus,</span> <span class='ocrx_word' id='word_1_131' title='bbox 1562 1590 1968 1661; x_wconf 82' lang='lat' dir='ltr'>imperfectum</span> 
     </span>
    </p>
   </div>
   <div class='ocr_carea' id='block_1_18' title="bbox 363 1679 1970 1754">
    <p class='ocr_par' dir='ltr' id='par_1_18' title="bbox 363 1679 1970 1754">
     <span class='ocr_line' id='line_1_18' title="bbox 363 1679 1970 1754; baseline -0.002 -18"><span class='ocrx_word' id='word_1_132' title='bbox 363 1682 658 1754; x_wconf 82' lang='lat' dir='ltr'>quoddam</span> <span class='ocrx_word' id='word_1_133' title='bbox 688 1686 801 1749; x_wconf 89' lang='lat' dir='ltr'>est;</span> <span class='ocrx_word' id='word_1_134' title='bbox 848 1682 1104 1752; x_wconf 81' lang='lat' dir='ltr'>perfecta</span> <span class='ocrx_word' id='word_1_135' title='bbox 1133 1685 1329 1735; x_wconf 88' lang='lat' dir='ltr'>autem</span> <span class='ocrx_word' id='word_1_136' title='bbox 1367 1679 1722 1750; x_wconf 80' lang='lat' dir='ltr'>imperfectis</span> <span class='ocrx_word' id='word_1_137' title='bbox 1773 1679 1970 1750; x_wconf 91' lang='lat' dir='ltr'>priora</span> 
     </span>
    </p>
   </div>
   <div class='ocr_carea' id='block_1_19' title="bbox 2074 522 3684 596">
    <p class='ocr_par' dir='ltr' id='par_1_19' title="bbox 2074 522 3684 596">
     <span class='ocr_line' id='line_1_19' title="bbox 2074 522 3684 596; baseline 0 -20"><span class='ocrx_word' id='word_1_138' title='bbox 2074 524 2202 576; x_wconf 87' lang='lat' dir='ltr'>litas</span> <span class='ocrx_word' id='word_1_139' title='bbox 2249 525 2320 578; x_wconf 90' lang='lat' dir='ltr'>ab</span> <span class='ocrx_word' id='word_1_140' title='bbox 2369 524 2697 596; x_wconf 64' lang='lat' dir='ltr'>aequalitate</span> <span class='ocrx_word' id='word_1_141' title='bbox 2742 523 3056 580; x_wconf 88' lang='lat' dir='ltr'>descendit.</span> <span class='ocrx_word' id='word_1_142' title='bbox 3089 523 3238 593; x_wconf 89' lang='lat' dir='ltr'>Ergo</span> <span class='ocrx_word' id='word_1_143' title='bbox 3272 525 3450 588; x_wconf 89' lang='lat' dir='ltr'>actus,</span> <span class='ocrx_word' id='word_1_144' title='bbox 3480 522 3538 575; x_wconf 90' lang='lat' dir='ltr'>in</span> <span class='ocrx_word' id='word_1_145' title='bbox 3570 539 3684 594; x_wconf 91' lang='lat' dir='ltr'>quo</span> 
     </span>
    </p>
   </div>
   <div class='ocr_carea' id='block_1_20' title="bbox 2073 606 3687 682">
    <p class='ocr_par' dir='ltr' id='par_1_20' title="bbox 2073 606 3687 682">
     <span class='ocr_line' id='line_1_20' title="bbox 2073 606 3687 682; baseline -0.001 -18"><span class='ocrx_word' id='word_1_146' title='bbox 2073 615 2323 682; x_wconf 86' lang='lat' dir='ltr'>potestas</span> <span class='ocrx_word' id='word_1_147' title='bbox 2371 615 2773 666; x_wconf 88' lang='lat' dir='ltr'>consummata</span> <span class='ocrx_word' id='word_1_148' title='bbox 2818 616 2876 665; x_wconf 93' lang='lat' dir='ltr'>et</span> <span class='ocrx_word' id='word_1_149' title='bbox 2927 606 3332 682; x_wconf 25' lang='lat' dir='ltr'>perfecta-cst,</span> <span class='ocrx_word' id='word_1_150' title='bbox 3389 610 3546 681; x_wconf 87' lang='lat' dir='ltr'>prius</span> <span class='ocrx_word' id='word_1_151' title='bbox 3601 615 3687 663; x_wconf 89' lang='lat' dir='ltr'>est</span> 
     </span>
    </p>
   </div>
   <div class='ocr_carea' id='block_1_21' title="bbox 2072 699 3688 773">
    <p class='ocr_par' dir='ltr' id='par_1_21' title="bbox 2072 699 3688 773">
     <span class='ocr_line' id='line_1_21' title="bbox 2072 699 3688 773; baseline 0 -21"><span class='ocrx_word' id='word_1_152' title='bbox 2072 716 2247 769; x_wconf 90' lang='lat' dir='ltr'>quam</span> <span class='ocrx_word' id='word_1_153' title='bbox 2275 704 2546 772; x_wconf 81' lang='lat' dir='ltr'>potestas,</span> <span class='ocrx_word' id='word_1_154' title='bbox 2581 717 2707 773; x_wconf 74' lang='lat' dir='ltr'>quas</span> <span class='ocrx_word' id='word_1_155' title='bbox 2757 703 2891 754; x_wconf 90' lang='lat' dir='ltr'>ante</span> <span class='ocrx_word' id='word_1_156' title='bbox 2941 703 3134 753; x_wconf 89' lang='lat' dir='ltr'>actum</span> <span class='ocrx_word' id='word_1_157' title='bbox 3175 702 3338 753; x_wconf 90' lang='lat' dir='ltr'>curta</span> <span class='ocrx_word' id='word_1_158' title='bbox 3389 702 3444 752; x_wconf 91' lang='lat' dir='ltr'>et</span> <span class='ocrx_word' id='word_1_159' title='bbox 3476 703 3561 752; x_wconf 86' lang='lat' dir='ltr'>est</span> <span class='ocrx_word' id='word_1_160' title='bbox 3584 699 3688 752; x_wconf 78' lang='lat' dir='ltr'>ini-</span> 
     </span>
    </p>
   </div>
   <div class='ocr_carea' id='block_1_22' title="bbox 2073 786 3687 860">
    <p class='ocr_par' dir='ltr' id='par_1_22' title="bbox 2073 786 3687 860">
     <span class='ocr_line' id='line_1_22' title="bbox 2073 786 3687 860; baseline 0.001 -20"><span class='ocrx_word' id='word_1_161' title='bbox 2073 789 2325 857; x_wconf 86' lang='lat' dir='ltr'>pcrfccta</span> <span class='ocrx_word' id='word_1_162' title='bbox 2343 805 2355 842; x_wconf 91' lang='lat'>:</span> <span class='ocrx_word' id='word_1_163' title='bbox 2372 806 2498 860; x_wconf 78' lang='lat' dir='ltr'>quae</span> <span class='ocrx_word' id='word_1_164' title='bbox 2532 789 2790 860; x_wconf 89' lang='lat' dir='ltr'>quamvis</span> <span class='ocrx_word' id='word_1_165' title='bbox 2804 791 3068 858; x_wconf 89' lang='lat' dir='ltr'>tempore</span> <span class='ocrx_word' id='word_1_166' title='bbox 3087 786 3462 859; x_wconf 64' lang='lat' dir='ltr'>praecesserit,</span> <span class='ocrx_word' id='word_1_167' title='bbox 3480 791 3687 841; x_wconf 88' lang='lat' dir='ltr'>natura</span> 
     </span>
    </p>
   </div>
   <div class='ocr_carea' id='block_1_23' title="bbox 2073 875 3573 947">
    <p class='ocr_par' dir='ltr' id='par_1_23' title="bbox 2073 875 3573 947">
     <span class='ocr_line' id='line_1_23' title="bbox 2073 875 3573 947; baseline -0.001 -17"><span class='ocrx_word' id='word_1_168' title='bbox 2073 879 2269 930; x_wconf 90' lang='lat' dir='ltr'>tamen</span> <span class='ocrx_word' id='word_1_169' title='bbox 2311 879 2463 930; x_wconf 87' lang='lat' dir='ltr'>velut</span> <span class='ocrx_word' id='word_1_170' title='bbox 2495 877 2687 931; x_wconf 90' lang='lat' dir='ltr'>minus</span> <span class='ocrx_word' id='word_1_171' title='bbox 2718 877 2938 930; x_wconf 87' lang='lat' dir='ltr'>habens</span> <span class='ocrx_word' id='word_1_172' title='bbox 2969 893 3002 930; x_wconf 91' lang='lat' dir='ltr'>a</span> <span class='ocrx_word' id='word_1_173' title='bbox 3033 876 3286 947; x_wconf 78' lang='lat' dir='ltr'>perfecto</span> <span class='ocrx_word' id='word_1_174' title='bbox 3317 875 3573 929; x_wconf 86' lang='lat' dir='ltr'>deﬂuxit.</span> 
     </span>
    </p>
   </div>
   <div class='ocr_carea' id='block_1_24' title="bbox 2142 963 3686 1036">
    <p class='ocr_par' dir='ltr' id='par_1_24' title="bbox 2142 963 3686 1036">
     <span class='ocr_line' id='line_1_24' title="bbox 2142 963 3686 1036; baseline -0.003 -16"><span class='ocrx_word' id='word_1_175' title='bbox 2142 967 2227 1020; x_wconf 86' lang='lat' dir='ltr'>1X.</span> <span class='ocrx_word' id='word_1_176' title='bbox 2258 965 2384 1020; x_wconf 85' lang='lat' dir='ltr'>Alia</span> <span class='ocrx_word' id='word_1_177' title='bbox 2413 983 2567 1031; x_wconf 81' lang='lat' dir='ltr'>vero,</span> <span class='ocrx_word' id='word_1_178' title='bbox 2620 966 2828 1036; x_wconf 86' lang='lat' dir='ltr'>inquit,</span> <span class='ocrx_word' id='word_1_179' title='bbox 2879 981 3179 1036; x_wconf 87' lang='lat' dir='ltr'>nunquam</span> <span class='ocrx_word' id='word_1_180' title='bbox 3217 967 3352 1017; x_wconf 88' lang='lat' dir='ltr'>sunt</span> <span class='ocrx_word' id='word_1_181' title='bbox 3403 967 3551 1030; x_wconf 89' lang='lat' dir='ltr'>actu,</span> <span class='ocrx_word' id='word_1_182' title='bbox 3583 963 3686 1017; x_wconf 90' lang='lat' dir='ltr'>sed</span> 
     </span>
    </p>
   </div>
   <div class='ocr_carea' id='block_1_25' title="bbox 2073 1051 3683 1126">
    <p class='ocr_par' dir='ltr' id='par_1_25' title="bbox 2073 1051 3683 1126">
     <span class='ocr_line' id='line_1_25' title="bbox 2073 1051 3683 1126; baseline -0.002 -18"><span class='ocrx_word' id='word_1_183' title='bbox 2073 1058 2357 1126; x_wconf 84' lang='lat' dir='ltr'>potestate</span> <span class='ocrx_word' id='word_1_184' title='bbox 2389 1055 2595 1108; x_wconf 90' lang='lat' dir='ltr'>solum.</span> <span class='ocrx_word' id='word_1_185' title='bbox 2614 1054 2898 1108; x_wconf 77' lang='lat' dir='ltr'>Numerus</span> <span class='ocrx_word' id='word_1_186' title='bbox 2918 1068 3170 1124; x_wconf 88' lang='lat' dir='ltr'>namque</span> <span class='ocrx_word' id='word_1_187' title='bbox 3188 1055 3470 1123; x_wconf 86' lang='lat' dir='ltr'>potestate</span> <span class='ocrx_word' id='word_1_188' title='bbox 3490 1051 3683 1105; x_wconf 88' lang='lat' dir='ltr'>inﬁni-</span> 
     </span>
    </p>
   </div>
   <div class='ocr_carea' id='block_1_26' title="bbox 2072 1141 3688 1213">
    <p class='ocr_par' dir='ltr' id='par_1_26' title="bbox 2072 1141 3688 1213">
     <span class='ocr_line' id='line_1_26' title="bbox 2072 1141 3688 1213; baseline -0.002 -15"><span class='ocrx_word' id='word_1_189' title='bbox 2072 1148 2162 1198; x_wconf 90' lang='lat' dir='ltr'>tus</span> <span class='ocrx_word' id='word_1_190' title='bbox 2194 1147 2306 1209; x_wconf 88' lang='lat' dir='ltr'>est;</span> <span class='ocrx_word' id='word_1_191' title='bbox 2340 1143 2439 1198; x_wconf 90' lang='lat' dir='ltr'>sed</span> <span class='ocrx_word' id='word_1_192' title='bbox 2458 1159 2586 1197; x_wconf 89' lang='lat' dir='ltr'>cum</span> <span class='ocrx_word' id='word_1_193' title='bbox 2613 1141 2824 1196; x_wconf 83' lang='lat' dir='ltr'>dixeris</span> <span class='ocrx_word' id='word_1_194' title='bbox 2849 1141 3186 1213; x_wconf 85' lang='lat' dir='ltr'>quemlibet,</span> <span class='ocrx_word' id='word_1_195' title='bbox 3213 1144 3343 1194; x_wconf 89' lang='lat' dir='ltr'>actu</span> <span class='ocrx_word' id='word_1_196' title='bbox 3368 1141 3560 1194; x_wconf 87' lang='lat' dir='ltr'>ﬁnitus</span> <span class='ocrx_word' id='word_1_197' title='bbox 3579 1144 3688 1194; x_wconf 88' lang='lat' dir='ltr'>est.</span> 
     </span>
    </p>
   </div>
   <div class='ocr_carea' id='block_1_27' title="bbox 2072 1229 3688 1304">
    <p class='ocr_par' dir='ltr' id='par_1_27' title="bbox 2072 1229 3688 1304">
     <span class='ocr_line' id='line_1_27' title="bbox 2072 1229 3688 1304; baseline -0.002 -18"><span class='ocrx_word' id='word_1_198' title='bbox 2072 1233 2139 1286; x_wconf 92' lang='lat' dir='ltr'>Et</span> <span class='ocrx_word' id='word_1_199' title='bbox 2160 1233 2230 1286; x_wconf 92' lang='lat' dir='ltr'>de</span> <span class='ocrx_word' id='word_1_200' title='bbox 2253 1235 2516 1304; x_wconf 89' lang='lat' dir='ltr'>tempore</span> <span class='ocrx_word' id='word_1_201' title='bbox 2535 1231 2739 1285; x_wconf 91' lang='lat' dir='ltr'>eadem</span> <span class='ocrx_word' id='word_1_202' title='bbox 2760 1231 2906 1284; x_wconf 86' lang='lat' dir='ltr'>ratio</span> <span class='ocrx_word' id='word_1_203' title='bbox 2941 1234 3042 1283; x_wconf 89' lang='lat' dir='ltr'>est.</span> <span class='ocrx_word' id='word_1_204' title='bbox 3076 1230 3326 1298; x_wconf 87' lang='lat' dir='ltr'>Tempus</span> <span class='ocrx_word' id='word_1_205' title='bbox 3355 1229 3510 1283; x_wconf 86' lang='lat' dir='ltr'>enim</span> <span class='ocrx_word' id='word_1_206' title='bbox 3527 1232 3688 1301; x_wconf 90' lang='lat' dir='ltr'>pote-</span> 
     </span>
    </p>
   </div>
   <div class='ocr_carea' id='block_1_28' title="bbox 2071 1317 3684 1383">
    <p class='ocr_par' dir='ltr' id='par_1_28' title="bbox 2071 1317 3684 1383">
     <span class='ocr_line' id='line_1_28' title="bbox 2071 1317 3684 1383; baseline -0.003 -8"><span class='ocrx_word' id='word_1_207' title='bbox 2071 1324 2214 1376; x_wconf 86' lang='lat' dir='ltr'>state</span> <span class='ocrx_word' id='word_1_208' title='bbox 2245 1320 2539 1374; x_wconf 89' lang='lat' dir='ltr'>inﬁnitum</span> <span class='ocrx_word' id='word_1_209' title='bbox 2585 1323 2696 1374; x_wconf 88' lang='lat' dir='ltr'>est:</span> <span class='ocrx_word' id='word_1_210' title='bbox 2751 1319 2851 1373; x_wconf 92' lang='lat' dir='ltr'>sed</span> <span class='ocrx_word' id='word_1_211' title='bbox 2902 1335 3032 1373; x_wconf 92' lang='lat' dir='ltr'>cum</span> <span class='ocrx_word' id='word_1_212' title='bbox 3067 1317 3275 1372; x_wconf 86' lang='lat' dir='ltr'>dixeris</span> <span class='ocrx_word' id='word_1_213' title='bbox 3309 1317 3483 1383; x_wconf 90' lang='lat' dir='ltr'>diem,</span> <span class='ocrx_word' id='word_1_214' title='bbox 3517 1333 3684 1371; x_wconf 90' lang='lat' dir='ltr'>men-</span> 
     </span>
    </p>
   </div>
   <div class='ocr_carea' id='block_1_29' title="bbox 2070 1405 3683 1478">
    <p class='ocr_par' dir='ltr' id='par_1_29' title="bbox 2070 1405 3683 1478">
     <span class='ocr_line' id='line_1_29' title="bbox 2070 1405 3683 1478; baseline -0.002 -14"><span class='ocrx_word' id='word_1_215' title='bbox 2070 1427 2214 1477; x_wconf 88' lang='lat' dir='ltr'>sem,</span> <span class='ocrx_word' id='word_1_216' title='bbox 2247 1426 2489 1476; x_wconf 90' lang='lat' dir='ltr'>annum,</span> <span class='ocrx_word' id='word_1_217' title='bbox 2521 1410 2604 1462; x_wconf 86' lang='lat' dir='ltr'>vel</span> <span class='ocrx_word' id='word_1_218' title='bbox 2637 1408 2790 1462; x_wconf 84' lang='lat' dir='ltr'>aliud</span> <span class='ocrx_word' id='word_1_219' title='bbox 2824 1407 3142 1478; x_wconf 86' lang='lat' dir='ltr'>quodlibet,</span> <span class='ocrx_word' id='word_1_220' title='bbox 3177 1411 3305 1461; x_wconf 88' lang='lat' dir='ltr'>actu</span> <span class='ocrx_word' id='word_1_221' title='bbox 3327 1405 3552 1460; x_wconf 89' lang='lat' dir='ltr'>ﬁnitum</span> <span class='ocrx_word' id='word_1_222' title='bbox 3577 1408 3683 1462; x_wconf 91' lang='lat' dir='ltr'>est.</span> 
     </span>
    </p>
   </div>
   <div class='ocr_carea' id='block_1_30' title="bbox 2072 1494 3687 1566">
    <p class='ocr_par' dir='ltr' id='par_1_30' title="bbox 2072 1494 3687 1566">
     <span class='ocr_line' id='line_1_30' title="bbox 2072 1494 3687 1566; baseline -0.004 -13"><span class='ocrx_word' id='word_1_223' title='bbox 2072 1499 2354 1553; x_wconf 88' lang='lat' dir='ltr'>Facienda</span> <span class='ocrx_word' id='word_1_224' title='bbox 2378 1500 2463 1552; x_wconf 88' lang='lat' dir='ltr'>est</span> <span class='ocrx_word' id='word_1_225' title='bbox 2490 1496 2665 1566; x_wconf 81' lang='lat' dir='ltr'>igitur</span> <span class='ocrx_word' id='word_1_226' title='bbox 2697 1497 2904 1550; x_wconf 85' lang='lat' dir='ltr'>horum</span> <span class='ocrx_word' id='word_1_227' title='bbox 2925 1494 3190 1550; x_wconf 90' lang='lat' dir='ltr'>omnium</span> <span class='ocrx_word' id='word_1_228' title='bbox 3205 1495 3607 1563; x_wconf 88' lang='lat' dir='ltr'>descriptio,ut</span> <span class='ocrx_word' id='word_1_229' title='bbox 3627 1496 3687 1548; x_wconf 87' lang='lat' dir='ltr'>et</span> 
     </span>
    </p>
   </div>
   <div class='ocr_carea' id='block_1_31' title="bbox 2071 1583 3684 1658">
    <p class='ocr_par' dir='ltr' id='par_1_31' title="bbox 2071 1583 3684 1658">
     <span class='ocr_line' id='line_1_31' title="bbox 2071 1583 3684 1658; baseline -0.001 -17"><span class='ocrx_word' id='word_1_230' title='bbox 2071 1586 2467 1658; x_wconf 87' lang='lat' dir='ltr'>ﬁgura,oculis</span> <span class='ocrx_word' id='word_1_231' title='bbox 2483 1585 2761 1654; x_wconf 87' lang='lat' dir='ltr'>subjecta,</span> <span class='ocrx_word' id='word_1_232' title='bbox 2795 1583 3000 1637; x_wconf 88' lang='lat' dir='ltr'>melius</span> <span class='ocrx_word' id='word_1_233' title='bbox 3028 1583 3306 1655; x_wconf 63' lang='lat' dir='ltr'>praedicta</span> <span class='ocrx_word' id='word_1_234' title='bbox 3337 1583 3684 1639; x_wconf 88' lang='lat' dir='ltr'>clarescant.</span> 
     </span>
    </p>
   </div>
   <div class='ocr_carea' id='block_1_32' title="bbox 2071 1670 3690 1746">
    <p class='ocr_par' dir='ltr' id='par_1_32' title="bbox 2071 1670 3690 1746">
     <span class='ocr_line' id='line_1_32' title="bbox 2071 1670 3690 1746; baseline -0.003 -18"><span class='ocrx_word' id='word_1_235' title='bbox 2071 1676 2130 1728; x_wconf 86' lang='lat' dir='ltr'>In</span> <span class='ocrx_word' id='word_1_236' title='bbox 2155 1675 2258 1728; x_wconf 90' lang='lat' dir='ltr'>hac</span> <span class='ocrx_word' id='word_1_237' title='bbox 2282 1674 2472 1746; x_wconf 91' lang='lat' dir='ltr'>prima</span> <span class='ocrx_word' id='word_1_238' title='bbox 2487 1671 2872 1743; x_wconf 88' lang='lat' dir='ltr'>descriptione</span> <span class='ocrx_word' id='word_1_239' title='bbox 2904 1671 3044 1725; x_wconf 87' lang='lat' dir='ltr'>nihil</span> <span class='ocrx_word' id='word_1_240' title='bbox 3067 1670 3221 1726; x_wconf 89' lang='lat' dir='ltr'>aliud</span> <span class='ocrx_word' id='word_1_241' title='bbox 3248 1687 3421 1742; x_wconf 86' lang='lat' dir='ltr'>quam</span> <span class='ocrx_word' id='word_1_242' title='bbox 3447 1674 3604 1724; x_wconf 88' lang='lat' dir='ltr'>actus</span> <span class='ocrx_word' id='word_1_243' title='bbox 3626 1674 3690 1724; x_wconf 89' lang='lat' dir='ltr'>et</span> 
     </span>
    </p>
   </div>
   <div class='ocr_carea' id='block_1_33' title="bbox 369 1756 3692 1842">
    <p class='ocr_par' dir='ltr' id='par_1_33' title="bbox 369 1756 3692 1842">
     <span class='ocr_line' id='line_1_33' title="bbox 369 1756 3692 1842; baseline -0.004 -18"><span class='ocrx_word' id='word_1_244' title='bbox 369 1773 522 1838; x_wconf 83' lang='lat' dir='ltr'>sunt,</span> <span class='ocrx_word' id='word_1_245' title='bbox 547 1774 605 1824; x_wconf 91' lang='lat' dir='ltr'>et</span> <span class='ocrx_word' id='word_1_246' title='bbox 633 1786 759 1842; x_wconf 69' lang='lat' dir='ltr'>qua:</span> <span class='ocrx_word' id='word_1_247' title='bbox 776 1787 810 1823; x_wconf 87' lang='lat' dir='ltr'>a</span> <span class='ocrx_word' id='word_1_248' title='bbox 829 1768 1214 1841; x_wconf 84' lang='lat' dir='ltr'>generositate</span> <span class='ocrx_word' id='word_1_249' title='bbox 1229 1785 1344 1822; x_wconf 62' lang='lat' dir='ltr'>sua:</span> <span class='ocrx_word' id='word_1_250' title='bbox 1365 1771 1585 1822; x_wconf 68' lang='lat' dir='ltr'>natura:</span> <span class='ocrx_word' id='word_1_251' title='bbox 1608 1768 1965 1840; x_wconf 67' lang='lat' dir='ltr'>prmcellunt,</span> <span class='ocrx_word' id='word_1_252' title='bbox 1986 1756 2037 1816; x_wconf 91' lang='lat' dir='ltr'><strong>B</strong></span> <span class='ocrx_word' id='word_1_253' title='bbox 2070 1763 2372 1834; x_wconf 86' lang='lat' dir='ltr'>potestatis</span> <span class='ocrx_word' id='word_1_254' title='bbox 2393 1760 2767 1832; x_wconf 70' lang='lat' dir='ltr'>mquivocatio</span> <span class='ocrx_word' id='word_1_255' title='bbox 2791 1759 3225 1814; x_wconf 88' lang='lat' dir='ltr'>demonstratur</span> <span class='ocrx_word' id='word_1_256' title='bbox 3244 1776 3258 1814; x_wconf 90' lang='lat'><strong>:</strong></span> <span class='ocrx_word' id='word_1_257' title='bbox 3274 1760 3395 1813; x_wconf 92' lang='lat' dir='ltr'>solo</span> <span class='ocrx_word' id='word_1_258' title='bbox 3411 1758 3568 1812; x_wconf 88' lang='lat' dir='ltr'>enim</span> <span class='ocrx_word' id='word_1_259' title='bbox 3589 1774 3692 1812; x_wconf 89' lang='lat' dir='ltr'>no-</span> 
     </span>
    </p>
   </div>
   <div class='ocr_carea' id='block_1_34' title="bbox 365 1856 1969 1930">
    <p class='ocr_par' dir='ltr' id='par_1_34' title="bbox 365 1856 1969 1930">
     <span class='ocr_line' id='line_1_34' title="bbox 365 1856 1969 1930; baseline -0.003 -16"><span class='ocrx_word' id='word_1_260' title='bbox 365 1861 428 1914; x_wconf 85' lang='lat' dir='ltr'>et</span> <span class='ocrx_word' id='word_1_261' title='bbox 444 1859 579 1930; x_wconf 88' lang='lat' dir='ltr'>quia</span> <span class='ocrx_word' id='word_1_262' title='bbox 595 1861 658 1914; x_wconf 90' lang='lat' dir='ltr'>ut</span> <span class='ocrx_word' id='word_1_263' title='bbox 669 1857 915 1926; x_wconf 88' lang='lat' dir='ltr'>bonitas,</span> <span class='ocrx_word' id='word_1_264' title='bbox 941 1861 1003 1912; x_wconf 92' lang='lat' dir='ltr'>ut</span> <span class='ocrx_word' id='word_1_265' title='bbox 1022 1857 1200 1913; x_wconf 85' lang='lat' dir='ltr'>virtus</span> <span class='ocrx_word' id='word_1_266' title='bbox 1211 1856 1457 1928; x_wconf 78' lang='lat' dir='ltr'>aequalia</span> <span class='ocrx_word' id='word_1_267' title='bbox 1471 1860 1630 1913; x_wconf 91' lang='lat' dir='ltr'>sunt.</span> <span class='ocrx_word' id='word_1_268' title='bbox 1663 1857 1756 1911; x_wconf 88' lang='lat' dir='ltr'>Est</span> <span class='ocrx_word' id='word_1_269' title='bbox 1773 1858 1969 1910; x_wconf 90' lang='lat' dir='ltr'>autem</span> 
     </span>
    </p>
   </div>
   <div class='ocr_carea' id='block_1_35' title="bbox 2072 1849 2625 1922">
    <p class='ocr_par' dir='ltr' id='par_1_35' title="bbox 2072 1849 2625 1922">
     <span class='ocr_line' id='line_1_35' title="bbox 2072 1849 2625 1922; baseline -0.009 -14"><span class='ocrx_word' id='word_1_270' title='bbox 2072 1852 2230 1908; x_wconf 87' lang='lat' dir='ltr'>mine</span> <span class='ocrx_word' id='word_1_271' title='bbox 2275 1849 2625 1922; x_wconf 87' lang='lat' dir='ltr'>participant</span> 
     </span>
    </p>
   </div>
   <div class='ocr_carea' id='block_1_36' title="bbox 1893 2057 2150 2110">
    <p class='ocr_par' dir='ltr' id='par_1_36' title="bbox 1893 2057 2150 2110">
     <span class='ocr_line' id='line_1_36' title="bbox 1893 2057 2150 2110; baseline -0.012 0"><span class='ocrx_word' id='word_1_272' title='bbox 1893 2057 2150 2110; x_wconf 85' lang='lat' dir='ltr'>Potestas</span> 
     </span>
    </p>
   </div>
   <div class='ocr_carea' id='block_1_37' title="bbox 1211 2199 1716 2274">
    <p class='ocr_par' dir='ltr' id='par_1_37' title="bbox 1211 2199 1716 2274">
     <span class='ocr_line' id='line_1_37' title="bbox 1211 2199 1716 2274; baseline 0 -22"><span class='ocrx_word' id='word_1_273' title='bbox 1211 2199 1493 2270; x_wconf 88' lang='lat' dir='ltr'>posterior</span> <span class='ocrx_word' id='word_1_274' title='bbox 1523 2201 1655 2252; x_wconf 89' lang='lat' dir='ltr'>actu</span> <span class='ocrx_word' id='word_1_275' title='bbox 1680 2203 1716 2274; x_wconf 75' lang='lat'>_\</span> 
     </span>
    </p>
   </div>
   <div class='ocr_carea' id='block_1_38' title="bbox 1664 2271 1832 2322">
    <p class='ocr_par' dir='ltr' id='par_1_38' title="bbox 1664 2271 1832 2322">
     <span class='ocr_line' id='line_1_38' title="bbox 1664 2271 1832 2322; baseline 0.006 -1"><span class='ocrx_word' id='word_1_276' title='bbox 1664 2271 1832 2322; x_wconf 54' lang='lat' dir='ltr'>A&#39;ctus</span> 
     </span>
    </p>
   </div>
   <div class='ocr_carea' id='block_1_39' title="bbox 1941 2539 2050 2593">
    <p class='ocr_par' dir='ltr' id='par_1_39' title="bbox 1941 2539 2050 2593">
     <span class='ocr_line' id='line_1_39' title="bbox 1941 2539 2050 2593; baseline -0.009 0"><span class='ocrx_word' id='word_1_277' title='bbox 1941 2539 2050 2593; x_wconf 83' lang='lat' dir='ltr'>Res</span> 
     </span>
    </p>
   </div>
   <div class='ocr_carea' id='block_1_40' title="bbox 1628 2645 1910 2839">
    <p class='ocr_par' dir='ltr' id='par_1_40' title="bbox 1628 2645 1910 2839">
     <span class='ocr_line' id='line_1_40' title="bbox 1628 2645 1910 2839; baseline 0.004 -80"><span class='ocrx_word' id='word_1_278' title='bbox 1628 2722 1808 2777; x_wconf 87' lang='lat' dir='ltr'>genus</span> <span class='ocrx_word' id='word_1_279' title='bbox 1849 2645 1910 2839; x_wconf 88' lang='lat'><strong><em>/</em></strong></span> 
     </span>
    </p>
   </div>
   <div class='ocr_carea' id='block_1_41' title="bbox 1447 2982 1463 3198">
    <p class='ocr_par' dir='ltr' id='par_1_41' title="bbox 1447 2982 1463 3198">
     <span class='ocr_line' id='line_1_41' title="bbox 1447 2982 1463 3198; baseline 0 0"><span class='ocrx_word' id='word_1_280' title='bbox 1447 2982 1463 3198; x_wconf 86' lang='lat' dir='ltr'>l</span> 
     </span>
    </p>
   </div>
   <div class='ocr_carea' id='block_1_42' title="bbox 2073 2129 2081 2195">
    <p class='ocr_par' dir='ltr' id='par_1_42' title="bbox 2073 2129 2081 2195">
     <span class='ocr_line' id='line_1_42' title="bbox 2073 2129 2081 2195; baseline 0 0"><span class='ocrx_word' id='word_1_281' title='bbox 2073 2129 2081 2195; x_wconf 88' lang='lat' dir='ltr'>l</span> 
     </span>
    </p>
   </div>
   <div class='ocr_carea' id='block_1_43' title="bbox 2072 2199 2335 2215">
    <p class='ocr_par' dir='ltr' id='par_1_43' title="bbox 2072 2199 2335 2215">
     <span class='ocr_line' id='line_1_43' title="bbox 2072 2199 2335 2215; baseline -0.008 -1"><span class='ocrx_word' id='word_1_282' title='bbox 2072 2199 2335 2215; x_wconf 74' lang='lat'><em>_</em></span> 
     </span>
    </p>
   </div>
   <div class='ocr_carea' id='block_1_44' title="bbox 2347 2192 2726 2264">
    <p class='ocr_par' dir='ltr' id='par_1_44' title="bbox 2347 2192 2726 2264">
     <span class='ocr_line' id='line_1_44' title="bbox 2347 2192 2726 2264; baseline -0.008 -17"><span class='ocrx_word' id='word_1_283' title='bbox 2347 2197 2356 2261; x_wconf 79' lang='grc' dir='ltr'><strong>Ι</strong></span> <span class='ocrx_word' id='word_1_284' title='bbox 2436 2192 2726 2264; x_wconf 65' lang='lat' dir='ltr'>acquivoca</span> 
     </span>
    </p>
   </div>
   <div class='ocr_carea' id='block_1_45' title="bbox 2263 2264 3293 2353">
    <p class='ocr_par' dir='ltr' id='par_1_45' title="bbox 2263 2264 3293 2353">
     <span class='ocr_line' id='line_1_45' title="bbox 2263 2264 3293 2353; baseline -0.005 -35"><span class='ocrx_word' id='word_1_285' title='bbox 2263 2269 2534 2336; x_wconf 87' lang='lat' dir='ltr'>potestas,</span> <span class='ocrx_word' id='word_1_286' title='bbox 2567 2280 2692 2334; x_wconf 71' lang='lat' dir='ltr'>qum</span> <span class='ocrx_word' id='word_1_287' title='bbox 2725 2264 2855 2315; x_wconf 90' lang='lat' dir='ltr'>actu</span> <span class='ocrx_word' id='word_1_288' title='bbox 2899 2298 3060 2352; x_wconf 62' lang='lat' dir='ltr'>Plato</span> <span class='ocrx_word' id='word_1_289' title='bbox 3090 2298 3293 2353; x_wconf 57' lang='lat' dir='ltr'>deﬁnit</span> 
     </span>
    </p>
   </div>
   <div class='ocr_carea' id='block_1_46' title="bbox 2279 2371 2722 2442">
    <p class='ocr_par' dir='ltr' id='par_1_46' title="bbox 2279 2371 2722 2442">
     <span class='ocr_line' id='line_1_46' title="bbox 2279 2371 2722 2442; baseline 0.005 -20"><span class='ocrx_word' id='word_1_290' title='bbox 2279 2415 2292 2422; x_wconf 87' lang='lat'>-</span> <span class='ocrx_word' id='word_1_291' title='bbox 2377 2389 2497 2425; x_wconf 89' lang='lat' dir='ltr'>esse</span> <span class='ocrx_word' id='word_1_292' title='bbox 2525 2371 2722 2442; x_wconf 88' lang='lat' dir='ltr'>possit.</span> 
     </span>
    </p>
   </div>
   <div class='ocr_carea' id='block_1_47' title="bbox 2081 2637 2413 2842">
    <p class='ocr_par' dir='ltr' id='par_1_47' title="bbox 2081 2637 2413 2842">
     <span class='ocr_line' id='line_1_47' title="bbox 2081 2637 2413 2842; baseline -0.006 -83"><span class='ocrx_word' id='word_1_293' title='bbox 2081 2637 2144 2842; x_wconf 91' lang='lat'><strong>\</strong></span> <span class='ocrx_word' id='word_1_294' title='bbox 2170 2703 2413 2758; x_wconf 90' lang='lat' dir='ltr'>univoca</span> 
     </span>
    </p>
   </div>
   <div class='ocr_carea' id='block_1_48' title="bbox 1569 2847 2383 2984">
    <p class='ocr_par' dir='ltr' id='par_1_48' title="bbox 1569 2847 2383 2984">
     <span class='ocr_line' id='line_1_48' title="bbox 1569 2847 2383 2984; baseline -0.002 -83"><span class='ocrx_word' id='word_1_295' title='bbox 1569 2850 1739 2984; x_wconf 66' lang='lat' dir='ltr'>Aqtu&#39;s</span> <span class='ocrx_word' id='word_1_296' title='bbox 2118 2847 2383 2984; x_wconf 37' lang='lat' dir='ltr'>PotcﬁasI</span> 
     </span>
    </p>
   </div>
   <div class='ocr_carea' id='block_1_49' title="bbox 1571 2925 2676 3204">
    <p class='ocr_par' dir='ltr' id='par_1_49' title="bbox 1571 2925 2676 3204">
     <span class='ocr_line' id='line_1_49' title="bbox 1571 2925 2652 2986; baseline 0.006 -7"><span class='ocrx_word' id='word_1_297' title='bbox 1571 2925 1640 2979; x_wconf 93' lang='lat'>_|</span> <span class='ocrx_word' id='word_1_298' title='bbox 1697 2925 1857 2984; x_wconf 86' lang='grc' dir='ltr'>Ι...-</span> <span class='ocrx_word' id='word_1_299' title='bbox 2371 2925 2652 2986; x_wconf 85' lang='lat' dir='ltr'>l___</span> 
     </span>
     <span class='ocr_line' id='line_1_50' title="bbox 1571 2925 2676 3204; baseline 0.003 -91"><span class='ocrx_word' id='word_1_300' title='bbox 1571 3058 1770 3114; x_wconf 89' lang='lat' dir='ltr'>Cicero</span> <span class='ocrx_word' id='word_1_301' title='bbox 1874 2963 1887 3204; x_wconf 82' lang='lat' dir='ltr'>l</span> <span class='ocrx_word' id='word_1_302' title='bbox 1931 3056 2146 3128; x_wconf 89' lang='lat' dir='ltr'>species</span> <span class='ocrx_word' id='word_1_303' title='bbox 2179 2925 2310 3116; x_wconf 86' lang='lat'><em>/</em></span> <span class='ocrx_word' id='word_1_304' title='bbox 2357 3062 2583 3135; x_wconf 88' lang='lat' dir='ltr'>species</span> <span class='ocrx_word' id='word_1_305' title='bbox 2659 2971 2676 3204; x_wconf 67' lang='grc' dir='ltr'><strong><em>Ι</em></strong></span> 
     </span>
     <span class='ocr_line' id='line_1_51' title="bbox 1613 3130 2347 3204; baseline -0.001 -20"><span class='ocrx_word' id='word_1_306' title='bbox 1613 3131 1714 3204; x_wconf 65' lang='grc' dir='ltr'>ΔΜ.</span> <span class='ocrx_word' id='word_1_307' title='bbox 1899 3130 2170 3197; x_wconf 89' lang='lat' dir='ltr'>Potestas,</span> <span class='ocrx_word' id='word_1_308' title='bbox 2220 3147 2347 3204; x_wconf 68' lang='lat' dir='ltr'>qua:</span> 
     </span>
    </p>
   </div>
   <div class='ocr_carea' id='block_1_50' title="bbox 851 3129 3439 3221">
    <p class='ocr_par' dir='ltr' id='par_1_50' title="bbox 851 3129 3439 3221">
     <span class='ocr_line' id='line_1_52' title="bbox 851 3129 3439 3221; baseline 0.009 -36"><span class='ocrx_word' id='word_1_309' title='bbox 851 3131 1187 3221; x_wconf 52' lang='lat' dir='ltr'>(Eiccronem</span> <span class='ocrx_word' id='word_1_310' title='bbox 1226 3129 1463 3221; x_wconf 66' lang='lat' dir='ltr'>speciesl</span> <span class='ocrx_word' id='word_1_311' title='bbox 1613 3131 1714 3210; x_wconf 40' lang='lat' dir='ltr'>.M.</span> <span class='ocrx_word' id='word_1_312' title='bbox 1875 3129 2170 3221; x_wconf 56' lang='lat' dir='ltr'>lPQteStaS,</span> <span class='ocrx_word' id='word_1_313' title='bbox 2220 3147 2351 3221; x_wconf 59' lang='lat' dir='ltr'>qus;</span> <span class='ocrx_word' id='word_1_314' title='bbox 2389 3129 2409 3135; x_wconf 57' lang='grc'><strong>’</strong></span> <span class='ocrx_word' id='word_1_315' title='bbox 2460 3203 2500 3221; x_wconf 53' lang='grc' dir='ltr'>ἢ</span> <span class='ocrx_word' id='word_1_316' title='bbox 2659 3129 2674 3204; x_wconf 88' lang='grc' dir='ltr'><strong>Ι</strong></span> <span class='ocrx_word' id='word_1_317' title='bbox 3039 3167 3224 3221; x_wconf 71' lang='lat' dir='ltr'>Genus</span> <span class='ocrx_word' id='word_1_318' title='bbox 3320 3167 3439 3220; x_wconf 70' lang='lat' dir='ltr'>ani-</span> 
     </span>
    </p>
   </div>
   <div class='ocr_carea' id='block_1_51' title="bbox 853 3203 3242 3275">
    <p class='ocr_par' dir='ltr' id='par_1_51' title="bbox 853 3203 3242 3275">
     <span class='ocr_line' id='line_1_53' title="bbox 853 3203 3242 3275; baseline 0.001 -19"><span class='ocrx_word' id='word_1_319' title='bbox 853 3203 1147 3275; x_wconf 87' lang='lat' dir='ltr'>disputare</span> <span class='ocrx_word' id='word_1_320' title='bbox 1336 3203 1697 3256; x_wconf 84' lang='lat' dir='ltr'>Necessarius</span> <span class='ocrx_word' id='word_1_321' title='bbox 1875 3203 2026 3275; x_wconf 86' lang='lat' dir='ltr'>|actu</span> <span class='ocrx_word' id='word_1_322' title='bbox 2040 3217 2159 3254; x_wconf 89' lang='lat' dir='ltr'>esse</span> <span class='ocrx_word' id='word_1_323' title='bbox 2173 3203 2380 3274; x_wconf 91' lang='lat' dir='ltr'>possit.</span> <span class='ocrx_word' id='word_1_324' title='bbox 2459 3203 2738 3269; x_wconf 81' lang='lat' dir='ltr'>Potestas,</span> <span class='ocrx_word' id='word_1_325' title='bbox 2769 3218 2896 3272; x_wconf 71' lang='lat' dir='ltr'>quas</span> <span class='ocrx_word' id='word_1_326' title='bbox 2979 3203 3242 3275; x_wconf 55' lang='lat' dir='ltr'>mrf”::’,</span> 
     </span>
    </p>
   </div>
   <div class='ocr_carea' id='block_1_52' title="bbox 2977 3240 3441 3308">
    <p class='ocr_par' dir='ltr' id='par_1_52' title="bbox 2977 3240 3441 3308">
     <span class='ocr_line' id='line_1_54' title="bbox 2977 3240 3441 3308; baseline -0.002 -17"><span class='ocrx_word' id='word_1_327' title='bbox 2977 3240 3095 3293; x_wconf 87' lang='lat' dir='ltr'>mal</span> <span class='ocrx_word' id='word_1_328' title='bbox 3161 3241 3441 3308; x_wconf 86' lang='lat' dir='ltr'>potestate</span> 
     </span>
    </p>
   </div>
   <div class='ocr_carea' id='block_1_53' title="bbox 2976 3308 3443 3376">
    <p class='ocr_par' dir='ltr' id='par_1_53' title="bbox 2976 3308 3443 3376">
     <span class='ocr_line' id='line_1_55' title="bbox 2976 3308 3443 3376; baseline 0 -14"><span class='ocrx_word' id='word_1_329' title='bbox 2976 3309 3153 3364; x_wconf 91' lang='lat' dir='ltr'>homo</span> <span class='ocrx_word' id='word_1_330' title='bbox 3195 3313 3300 3376; x_wconf 87' lang='lat' dir='ltr'>est,</span> <span class='ocrx_word' id='word_1_331' title='bbox 3344 3308 3443 3363; x_wconf 92' lang='lat' dir='ltr'>sed</span> 
     </span>
    </p>
   </div>
   <div class='ocr_carea' id='block_1_54' title="bbox 2980 3385 3443 3452">
    <p class='ocr_par' dir='ltr' id='par_1_54' title="bbox 2980 3385 3443 3452">
     <span class='ocr_line' id='line_1_56' title="bbox 2980 3385 3443 3452; baseline 0 -18"><span class='ocrx_word' id='word_1_332' title='bbox 2980 3397 3278 3452; x_wconf 86' lang='lat' dir='ltr'>nunquam</span> <span class='ocrx_word' id='word_1_333' title='bbox 3295 3385 3443 3435; x_wconf 88' lang='lat' dir='ltr'>actu.</span> 
     </span>
    </p>
   </div>
   <div class='ocr_carea' id='block_1_55' title="bbox 2464 3278 2901 3328">
    <p class='ocr_par' dir='ltr' id='par_1_55' title="bbox 2464 3278 2901 3328">
     <span class='ocr_line' id='line_1_57' title="bbox 2464 3278 2901 3328; baseline 0 -2"><span class='ocrx_word' id='word_1_334' title='bbox 2464 3278 2592 3328; x_wconf 88' lang='lat' dir='ltr'>actu</span> <span class='ocrx_word' id='word_1_335' title='bbox 2625 3290 2745 3328; x_wconf 90' lang='lat' dir='ltr'>esse</span> <span class='ocrx_word' id='word_1_336' title='bbox 2785 3289 2901 3328; x_wconf 91' lang='lat' dir='ltr'>non</span> 
     </span>
    </p>
   </div>
   <div class='ocr_carea' id='block_1_56' title="bbox 2464 3343 2661 3417">
    <p class='ocr_par' dir='ltr' id='par_1_56' title="bbox 2464 3343 2661 3417">
     <span class='ocr_line' id='line_1_58' title="bbox 2464 3343 2661 3417; baseline 0 -17"><span class='ocrx_word' id='word_1_337' title='bbox 2464 3343 2661 3417; x_wconf 87' lang='lat' dir='ltr'>possit.</span> 
     </span>
    </p>
   </div>
   <div class='ocr_carea' id='block_1_57' title="bbox 2140 3418 2416 3512">
    <p class='ocr_par' dir='ltr' id='par_1_57' title="bbox 2140 3418 2416 3512">
     <span class='ocr_line' id='line_1_59' title="bbox 2140 3418 2416 3512; baseline 0.007 -18"><span class='ocrx_word' id='word_1_338' title='bbox 2140 3418 2152 3506; x_wconf 85' lang='grc' dir='ltr'><strong>Ι</strong></span> <span class='ocrx_word' id='word_1_339' title='bbox 2197 3441 2416 3512; x_wconf 90' lang='lat' dir='ltr'>species</span> 
     </span>
    </p>
   </div>
   <div class='ocr_carea' id='block_1_58' title="bbox 1381 3507 2454 3578">
    <p class='ocr_par' dir='ltr' id='par_1_58' title="bbox 1381 3507 2454 3578">
     <span class='ocr_line' id='line_1_60' title="bbox 1381 3507 2454 3578; baseline 0.008 -19"><span class='ocrx_word' id='word_1_340' title='bbox 1381 3510 1392 3578; x_wconf 66' lang='grc' dir='ltr'>ζ</span> <span class='ocrx_word' id='word_1_341' title='bbox 1417 3507 1620 3578; x_wconf 82' lang='lat' dir='ltr'>ignem</span> <span class='ocrx_word' id='word_1_342' title='bbox 1651 3507 1837 3562; x_wconf 89' lang='lat' dir='ltr'>calere</span> <span class='ocrx_word' id='word_1_343' title='bbox 1945 3509 2070 3564; x_wconf 85' lang='lat' dir='ltr'>Non</span> <span class='ocrx_word' id='word_1_344' title='bbox 2101 3507 2454 3568; x_wconf 78' lang='lat' dir='ltr'>necessarius</span> 
     </span>
    </p>
   </div>
   <div class='ocr_carea' id='block_1_59' title="bbox 1169 3649 1590 3719">
    <p class='ocr_par' dir='ltr' id='par_1_59' title="bbox 1169 3649 1590 3719">
     <span class='ocr_line' id='line_1_61' title="bbox 1169 3649 1590 3719; baseline -0.005 -13"><span class='ocrx_word' id='word_1_345' title='bbox 1169 3649 1388 3719; x_wconf 85' lang='lat' dir='ltr'>sedere,</span> <span class='ocrx_word' id='word_1_346' title='bbox 1421 3652 1590 3705; x_wconf 83' lang='lat' dir='ltr'>stare.</span> 
     </span>
    </p>
   </div>
   <div class='ocr_carea' id='block_1_60' title="bbox 1739 3653 2078 3724">
    <p class='ocr_par' dir='ltr' id='par_1_60' title="bbox 1739 3653 2078 3724">
     <span class='ocr_line' id='line_1_62' title="bbox 1739 3653 2078 3724; baseline 0.012 -20"><span class='ocrx_word' id='word_1_347' title='bbox 1739 3667 1772 3704; x_wconf 73' lang='grc' dir='ltr'>ει</span> <span class='ocrx_word' id='word_1_348' title='bbox 1798 3653 2078 3724; x_wconf 87' lang='lat' dir='ltr'>potestate</span> 
     </span>
    </p>
   </div>
   <div class='ocr_carea' id='block_1_61' title="bbox 2228 3655 3178 3730">
    <p class='ocr_par' dir='ltr' id='par_1_61' title="bbox 2228 3655 3178 3730">
     <span class='ocr_line' id='line_1_63' title="bbox 2228 3655 3178 3730; baseline 0.004 -22"><span class='ocrx_word' id='word_1_349' title='bbox 2228 3671 2262 3708; x_wconf 92' lang='lat' dir='ltr'>a</span> <span class='ocrx_word' id='word_1_350' title='bbox 2286 3657 2490 3712; x_wconf 84' lang='lat' dir='ltr'>natura</span> <span class='ocrx_word' id='word_1_351' title='bbox 2637 3673 2850 3730; x_wconf 88' lang='lat' dir='ltr'>aquam</span> <span class='ocrx_word' id='word_1_352' title='bbox 2879 3655 3178 3712; x_wconf 88' lang='lat' dir='ltr'>humidam</span> 
     </span>
    </p>
   </div>
   <div class='ocr_carea' id='block_1_62' title="bbox 2807 3744 2946 3783">
    <p class='ocr_par' dir='ltr' id='par_1_62' title="bbox 2807 3744 2946 3783">
     <span class='ocr_line' id='line_1_64' title="bbox 2807 3744 2946 3783; baseline 0.007 -1"><span class='ocrx_word' id='word_1_353' title='bbox 2807 3744 2926 3783; x_wconf 89' lang='lat' dir='ltr'>esse</span> <span class='ocrx_word' id='word_1_354' title='bbox 2935 3768 2946 3783; x_wconf 84' lang='lat'>.</span> 
     </span>
    </p>
   </div>
   <div class='ocr_carea' id='block_1_63' title="bbox 438 4021 3702 4102">
    <p class='ocr_par' dir='ltr' id='par_1_63' title="bbox 438 4021 3702 4102">
     <span class='ocr_line' id='line_1_65' title="bbox 438 4021 3702 4102; baseline -0.001 -15"><span class='ocrx_word' id='word_1_355' title='bbox 438 4032 508 4091; x_wconf 84' lang='lat' dir='ltr'>X.</span> <span class='ocrx_word' id='word_1_356' title='bbox 543 4029 613 4085; x_wconf 89' lang='lat' dir='ltr'>Et</span> <span class='ocrx_word' id='word_1_357' title='bbox 649 4029 720 4085; x_wconf 91' lang='lat' dir='ltr'>de</span> <span class='ocrx_word' id='word_1_358' title='bbox 747 4030 1032 4102; x_wconf 87' lang='lat' dir='ltr'>potestate</span> <span class='ocrx_word' id='word_1_359' title='bbox 1065 4024 1302 4100; x_wconf 89' lang='lat' dir='ltr'>quidem</span> <span class='ocrx_word' id='word_1_360' title='bbox 1322 4021 1695 4080; x_wconf 86' lang='lat' dir='ltr'>manifestum</span> <span class='ocrx_word' id='word_1_361' title='bbox 1710 4026 1815 4093; x_wconf 90' lang='lat' dir='ltr'>est,</span> <span class='ocrx_word' id='word_1_362' title='bbox 1839 4022 1973 4097; x_wconf 90' lang='lat' dir='ltr'>quia</span> <span class='ocrx_word' id='word_1_363' title='bbox 1995 4027 2041 4089; x_wconf 85' lang='lat' dir='ltr'>C</span> <span class='ocrx_word' id='word_1_364' title='bbox 2070 4022 2320 4081; x_wconf 89' lang='lat' dir='ltr'>rendum</span> <span class='ocrx_word' id='word_1_365' title='bbox 2359 4027 2444 4082; x_wconf 91' lang='lat' dir='ltr'>est</span> <span class='ocrx_word' id='word_1_366' title='bbox 2489 4041 2757 4100; x_wconf 64' lang='lat' dir='ltr'>quaenam</span> <span class='ocrx_word' id='word_1_367' title='bbox 2791 4026 2862 4082; x_wconf 89' lang='lat' dir='ltr'>sit</span> <span class='ocrx_word' id='word_1_368' title='bbox 2892 4029 3144 4099; x_wconf 87' lang='lat' dir='ltr'>potestas</span> <span class='ocrx_word' id='word_1_369' title='bbox 3194 4025 3502 4084; x_wconf 74' lang='lat' dir='ltr'>Rationalz&#39;s</span> <span class='ocrx_word' id='word_1_370' title='bbox 3533 4027 3702 4084; x_wconf 84' lang='lat' dir='ltr'>diﬁ‘e-</span> 
     </span>
    </p>
   </div>
   <div class='ocr_carea' id='block_1_64' title="bbox 363 4113 1971 4195">
    <p class='ocr_par' dir='ltr' id='par_1_64' title="bbox 363 4113 1971 4195">
     <span class='ocr_line' id='line_1_66' title="bbox 363 4113 1971 4195; baseline -0.004 -20"><span class='ocrx_word' id='word_1_371' title='bbox 363 4123 618 4195; x_wconf 89' lang='lat' dir='ltr'>potestas</span> <span class='ocrx_word' id='word_1_372' title='bbox 647 4117 880 4173; x_wconf 86' lang='lat' dir='ltr'>dicitur:</span> <span class='ocrx_word' id='word_1_373' title='bbox 912 4121 1070 4172; x_wconf 90' lang='lat' dir='ltr'>actus</span> <span class='ocrx_word' id='word_1_374' title='bbox 1097 4132 1230 4170; x_wconf 88' lang='lat' dir='ltr'>vero</span> <span class='ocrx_word' id='word_1_375' title='bbox 1259 4114 1390 4169; x_wconf 88' lang='lat' dir='ltr'>idco</span> <span class='ocrx_word' id='word_1_376' title='bbox 1420 4116 1673 4185; x_wconf 88' lang='lat' dir='ltr'>potestas</span> <span class='ocrx_word' id='word_1_377' title='bbox 1705 4113 1971 4168; x_wconf 86' lang='lat' dir='ltr'>nomina-</span> 
     </span>
    </p>
   </div>
   <div class='ocr_carea' id='block_1_65' title="bbox 361 4201 1977 4278">
    <p class='ocr_par' dir='ltr' id='par_1_65' title="bbox 361 4201 1977 4278">
     <span class='ocr_line' id='line_1_67' title="bbox 361 4201 1977 4278; baseline -0.004 -16"><span class='ocrx_word' id='word_1_378' title='bbox 361 4210 480 4274; x_wconf 90' lang='lat' dir='ltr'>tur,</span> <span class='ocrx_word' id='word_1_379' title='bbox 512 4206 647 4278; x_wconf 84' lang='lat' dir='ltr'>quia</span> <span class='ocrx_word' id='word_1_380' title='bbox 672 4206 826 4277; x_wconf 91' lang='lat' dir='ltr'>quod</span> <span class='ocrx_word' id='word_1_381' title='bbox 855 4208 959 4275; x_wconf 90' lang='lat' dir='ltr'>est,</span> <span class='ocrx_word' id='word_1_382' title='bbox 992 4221 1112 4259; x_wconf 89' lang='lat' dir='ltr'>esse</span> <span class='ocrx_word' id='word_1_383' title='bbox 1131 4206 1342 4275; x_wconf 89' lang='lat' dir='ltr'>potest.</span> <span class='ocrx_word' id='word_1_384' title='bbox 1375 4203 1572 4256; x_wconf 81' lang='lat' dir='ltr'>Altera</span> <span class='ocrx_word' id='word_1_385' title='bbox 1600 4217 1734 4256; x_wconf 91' lang='lat' dir='ltr'>vero</span> <span class='ocrx_word' id='word_1_386' title='bbox 1769 4201 1977 4257; x_wconf 89' lang='lat' dir='ltr'>descri-</span> 
     </span>
    </p>
   </div>
   <div class='ocr_carea' id='block_1_66' title="bbox 360 4290 1977 4367">
    <p class='ocr_par' dir='ltr' id='par_1_66' title="bbox 360 4290 1977 4367">
     <span class='ocr_line' id='line_1_68' title="bbox 360 4290 1977 4367; baseline -0.002 -19"><span class='ocrx_word' id='word_1_387' title='bbox 360 4295 483 4367; x_wconf 93' lang='lat' dir='ltr'>ptio</span> <span class='ocrx_word' id='word_1_388' title='bbox 516 4293 858 4348; x_wconf 85' lang='lat' dir='ltr'>divisionem</span> <span class='ocrx_word' id='word_1_389' title='bbox 891 4293 1121 4364; x_wconf 87' lang='lat' dir='ltr'>generis</span> <span class='ocrx_word' id='word_1_390' title='bbox 1159 4291 1438 4347; x_wconf 82' lang='lat' dir='ltr'>continet.</span> <span class='ocrx_word' id='word_1_391' title='bbox 1477 4291 1588 4344; x_wconf 67' lang='lat' dir='ltr'>‘Est</span> <span class='ocrx_word' id='word_1_392' title='bbox 1631 4290 1789 4344; x_wconf 89' lang='lat' dir='ltr'>enim</span> <span class='ocrx_word' id='word_1_393' title='bbox 1818 4293 1977 4344; x_wconf 89' lang='lat' dir='ltr'>actus</span> 
     </span>
    </p>
   </div>
   <div class='ocr_carea' id='block_1_67' title="bbox 363 4378 1976 4455">
    <p class='ocr_par' dir='ltr' id='par_1_67' title="bbox 363 4378 1976 4455">
     <span class='ocr_line' id='line_1_69' title="bbox 363 4378 1976 4455; baseline -0.001 -19"><span class='ocrx_word' id='word_1_394' title='bbox 363 4399 566 4455; x_wconf 87' lang='lat' dir='ltr'>genus.</span> <span class='ocrx_word' id='word_1_395' title='bbox 600 4381 782 4451; x_wconf 83' lang='lat' dir='ltr'>Hujus</span> <span class='ocrx_word' id='word_1_396' title='bbox 811 4381 1027 4453; x_wconf 90' lang='lat' dir='ltr'>species</span> <span class='ocrx_word' id='word_1_397' title='bbox 1057 4383 1191 4434; x_wconf 91' lang='lat' dir='ltr'>sunt</span> <span class='ocrx_word' id='word_1_398' title='bbox 1209 4381 1366 4435; x_wconf 63' lang='lat' dir='ltr'>duae:</span> <span class='ocrx_word' id='word_1_399' title='bbox 1401 4378 1745 4441; x_wconf 85' lang='lat' dir='ltr'>necessaria,</span> <span class='ocrx_word' id='word_1_400' title='bbox 1771 4381 1828 4432; x_wconf 92' lang='lat' dir='ltr'>et</span> <span class='ocrx_word' id='word_1_401' title='bbox 1857 4396 1976 4434; x_wconf 91' lang='lat' dir='ltr'>non</span> 
     </span>
    </p>
   </div>
   <div class='ocr_carea' id='block_1_68' title="bbox 363 4468 1978 4540">
    <p class='ocr_par' dir='ltr' id='par_1_68' title="bbox 363 4468 1978 4540">
     <span class='ocr_line' id='line_1_70' title="bbox 363 4468 1978 4540; baseline -0.003 -13"><span class='ocrx_word' id='word_1_402' title='bbox 363 4471 704 4527; x_wconf 88' lang='lat' dir='ltr'>necessaria.</span> <span class='ocrx_word' id='word_1_403' title='bbox 750 4470 816 4523; x_wconf 89' lang='lat' dir='ltr'>Et</span> <span class='ocrx_word' id='word_1_404' title='bbox 859 4470 928 4525; x_wconf 91' lang='lat' dir='ltr'>de</span> <span class='ocrx_word' id='word_1_405' title='bbox 983 4471 1300 4524; x_wconf 87' lang='lat' dir='ltr'>necessario</span> <span class='ocrx_word' id='word_1_406' title='bbox 1351 4468 1590 4540; x_wconf 90' lang='lat' dir='ltr'>quidem</span> <span class='ocrx_word' id='word_1_407' title='bbox 1645 4468 1861 4522; x_wconf 90' lang='lat' dir='ltr'>dictum</span> <span class='ocrx_word' id='word_1_408' title='bbox 1893 4472 1978 4522; x_wconf 89' lang='lat' dir='ltr'>est</span> 
     </span>
    </p>
   </div>
   <div class='ocr_carea' id='block_1_69' title="bbox 365 4555 1974 4632">
    <p class='ocr_par' dir='ltr' id='par_1_69' title="bbox 365 4555 1974 4632">
     <span class='ocr_line' id='line_1_71' title="bbox 365 4555 1974 4632; baseline -0.004 -17"><span class='ocrx_word' id='word_1_409' title='bbox 365 4559 523 4632; x_wconf 90' lang='lat' dir='ltr'>quod</span> <span class='ocrx_word' id='word_1_410' title='bbox 547 4557 605 4613; x_wconf 93' lang='lat' dir='ltr'>in</span> <span class='ocrx_word' id='word_1_411' title='bbox 634 4558 894 4630; x_wconf 90' lang='lat' dir='ltr'>supernis</span> <span class='ocrx_word' id='word_1_412' title='bbox 926 4557 1281 4622; x_wconf 90' lang='lat' dir='ltr'>substantiis,</span> <span class='ocrx_word' id='word_1_413' title='bbox 1311 4572 1656 4628; x_wconf 89' lang='lat' dir='ltr'>semperque</span> <span class='ocrx_word' id='word_1_414' title='bbox 1675 4556 1734 4610; x_wconf 91' lang='lat' dir='ltr'>in</span> <span class='ocrx_word' id='word_1_415' title='bbox 1761 4574 1863 4611; x_wconf 92' lang='lat' dir='ltr'>sua</span> <span class='ocrx_word' id='word_1_416' title='bbox 1888 4555 1974 4610; x_wconf 88' lang='lat' dir='ltr'>in-</span> 
     </span>
    </p>
   </div>
   <div class='ocr_carea' id='block_1_70' title="bbox 365 4645 1976 4721">
    <p class='ocr_par' dir='ltr' id='par_1_70' title="bbox 365 4645 1976 4721">
     <span class='ocr_line' id='line_1_72' title="bbox 365 4645 1976 4721; baseline -0.004 -17"><span class='ocrx_word' id='word_1_417' title='bbox 365 4648 633 4721; x_wconf 88' lang='lat' dir='ltr'>tegritate</span> <span class='ocrx_word' id='word_1_418' title='bbox 660 4648 1032 4703; x_wconf 89' lang='lat' dir='ltr'>manentibus</span> <span class='ocrx_word' id='word_1_419' title='bbox 1055 4645 1404 4701; x_wconf 91' lang='lat' dir='ltr'>inveniatur.</span> <span class='ocrx_word' id='word_1_420' title='bbox 1440 4645 1563 4698; x_wconf 82' lang='lat' dir='ltr'>Non</span> <span class='ocrx_word' id='word_1_421' title='bbox 1589 4645 1976 4699; x_wconf 90' lang='lat' dir='ltr'>necessarium</span> 
     </span>
    </p>
   </div>
   <div class='ocr_carea' id='block_1_71' title="bbox 366 4733 1975 4808">
    <p class='ocr_par' dir='ltr' id='par_1_71' title="bbox 366 4733 1975 4808">
     <span class='ocr_line' id='line_1_73' title="bbox 366 4733 1975 4808; baseline -0.002 -16"><span class='ocrx_word' id='word_1_422' title='bbox 366 4753 498 4793; x_wconf 89' lang='lat' dir='ltr'>vero</span> <span class='ocrx_word' id='word_1_423' title='bbox 529 4737 670 4792; x_wconf 88' lang='lat' dir='ltr'>duas</span> <span class='ocrx_word' id='word_1_424' title='bbox 703 4752 769 4792; x_wconf 82' lang='lat' dir='ltr'>ex</span> <span class='ocrx_word' id='word_1_425' title='bbox 819 4753 879 4791; x_wconf 90' lang='lat' dir='ltr'>se</span> <span class='ocrx_word' id='word_1_426' title='bbox 917 4737 1134 4808; x_wconf 91' lang='lat' dir='ltr'>species</span> <span class='ocrx_word' id='word_1_427' title='bbox 1164 4733 1384 4789; x_wconf 82' lang='lat' dir='ltr'>fundit:</span> <span class='ocrx_word' id='word_1_428' title='bbox 1419 4733 1620 4800; x_wconf 87' lang='lat' dir='ltr'>altera,</span> <span class='ocrx_word' id='word_1_429' title='bbox 1656 4750 1783 4806; x_wconf 73' lang='lat' dir='ltr'>qua)</span> <span class='ocrx_word' id='word_1_430' title='bbox 1815 4750 1848 4788; x_wconf 91' lang='lat' dir='ltr'>a</span> <span class='ocrx_word' id='word_1_431' title='bbox 1873 4749 1975 4806; x_wconf 87' lang='lat' dir='ltr'>po-</span> 
     </span>
    </p>
   </div>
   <div class='ocr_carea' id='block_1_72' title="bbox 362 4822 1978 4897">
    <p class='ocr_par' dir='ltr' id='par_1_72' title="bbox 362 4822 1978 4897">
     <span class='ocr_line' id='line_1_74' title="bbox 362 4822 1978 4897; baseline -0.002 -16"><span class='ocrx_word' id='word_1_432' title='bbox 362 4827 570 4881; x_wconf 86' lang='lat' dir='ltr'>testate</span> <span class='ocrx_word' id='word_1_433' title='bbox 598 4825 672 4881; x_wconf 87' lang='lat' dir='ltr'>ad</span> <span class='ocrx_word' id='word_1_434' title='bbox 693 4829 887 4880; x_wconf 90' lang='lat' dir='ltr'>actum</span> <span class='ocrx_word' id='word_1_435' title='bbox 919 4823 1275 4897; x_wconf 89' lang='lat' dir='ltr'>pervenerit;</span> <span class='ocrx_word' id='word_1_436' title='bbox 1302 4822 1507 4888; x_wconf 90' lang='lat' dir='ltr'>altera,</span> <span class='ocrx_word' id='word_1_437' title='bbox 1529 4838 1655 4892; x_wconf 81' lang='lat' dir='ltr'>quae</span> <span class='ocrx_word' id='word_1_438' title='bbox 1679 4838 1795 4876; x_wconf 91' lang='lat' dir='ltr'>non</span> <span class='ocrx_word' id='word_1_439' title='bbox 1827 4839 1861 4876; x_wconf 91' lang='lat' dir='ltr'>a</span> <span class='ocrx_word' id='word_1_440' title='bbox 1880 4838 1978 4892; x_wconf 91' lang='lat' dir='ltr'>po-</span> 
     </span>
    </p>
   </div>
   <div class='ocr_carea' id='block_1_73' title="bbox 363 4909 1977 4986">
    <p class='ocr_par' dir='ltr' id='par_1_73' title="bbox 363 4909 1977 4986">
     <span class='ocr_line' id='line_1_75' title="bbox 363 4909 1977 4986; baseline -0.002 -18"><span class='ocrx_word' id='word_1_441' title='bbox 363 4917 592 4986; x_wconf 87' lang='lat' dir='ltr'>testate,</span> <span class='ocrx_word' id='word_1_442' title='bbox 612 4914 712 4968; x_wconf 91' lang='lat' dir='ltr'>sed</span> <span class='ocrx_word' id='word_1_443' title='bbox 728 4913 1144 4979; x_wconf 89' lang='lat' dir='ltr'>asubsistendi,</span> <span class='ocrx_word' id='word_1_444' title='bbox 1170 4915 1378 4965; x_wconf 89' lang='lat' dir='ltr'>natura</span> <span class='ocrx_word' id='word_1_445' title='bbox 1395 4909 1455 4963; x_wconf 90' lang='lat' dir='ltr'>in</span> <span class='ocrx_word' id='word_1_446' title='bbox 1479 4913 1608 4963; x_wconf 91' lang='lat' dir='ltr'>actu</span> <span class='ocrx_word' id='word_1_447' title='bbox 1625 4911 1977 4981; x_wconf 91' lang='lat' dir='ltr'>proruperit.</span> 
     </span>
    </p>
   </div>
   <div class='ocr_carea' id='block_1_74' title="bbox 369 4997 1980 5073">
    <p class='ocr_par' dir='ltr' id='par_1_74' title="bbox 369 4997 1980 5073">
     <span class='ocr_line' id='line_1_76' title="bbox 369 4997 1980 5073; baseline -0.003 -15"><span class='ocrx_word' id='word_1_448' title='bbox 369 5002 425 5058; x_wconf 90' lang='lat' dir='ltr'>Si</span> <span class='ocrx_word' id='word_1_449' title='bbox 454 5019 587 5058; x_wconf 91' lang='lat' dir='ltr'>vero</span> <span class='ocrx_word' id='word_1_450' title='bbox 619 5019 750 5057; x_wconf 85' lang='lat' dir='ltr'>eam</span> <span class='ocrx_word' id='word_1_451' title='bbox 779 5002 1052 5073; x_wconf 85' lang='lat' dir='ltr'>speciem,</span> <span class='ocrx_word' id='word_1_452' title='bbox 1083 5017 1210 5072; x_wconf 69' lang='lat' dir='ltr'>qua:</span> <span class='ocrx_word' id='word_1_453' title='bbox 1248 5014 1544 5070; x_wconf 88' lang='lat' dir='ltr'>nunquam</span> <span class='ocrx_word' id='word_1_454' title='bbox 1579 5001 1664 5051; x_wconf 88' lang='lat' dir='ltr'>est</span> <span class='ocrx_word' id='word_1_455' title='bbox 1695 5001 1848 5064; x_wconf 89' lang='lat' dir='ltr'>actu,</span> <span class='ocrx_word' id='word_1_456' title='bbox 1879 4997 1980 5053; x_wconf 90' lang='lat' dir='ltr'>sed</span> 
     </span>
    </p>
   </div>
   <div class='ocr_carea' id='block_1_75' title="bbox 363 5086 1977 5162">
    <p class='ocr_par' dir='ltr' id='par_1_75' title="bbox 363 5086 1977 5162">
     <span class='ocr_line' id='line_1_77' title="bbox 363 5086 1977 5162; baseline -0.004 -15"><span class='ocrx_word' id='word_1_457' title='bbox 363 5093 485 5147; x_wconf 83' lang='lat' dir='ltr'>sola</span> <span class='ocrx_word' id='word_1_458' title='bbox 514 5094 818 5162; x_wconf 88' lang='lat' dir='ltr'>potestate,</span> <span class='ocrx_word' id='word_1_459' title='bbox 851 5091 909 5144; x_wconf 91' lang='lat' dir='ltr'>in</span> <span class='ocrx_word' id='word_1_460' title='bbox 931 5089 1212 5162; x_wconf 89' lang='lat' dir='ltr'>superiori</span> <span class='ocrx_word' id='word_1_461' title='bbox 1246 5088 1501 5144; x_wconf 79' lang='lat' dir='ltr'>formula</span> <span class='ocrx_word' id='word_1_462' title='bbox 1517 5086 1862 5141; x_wconf 89' lang='lat' dir='ltr'>concludere</span> <span class='ocrx_word' id='word_1_463' title='bbox 1884 5103 1977 5141; x_wconf 90' lang='lat' dir='ltr'>ve-</span> 
     </span>
    </p>
   </div>
   <div class='ocr_carea' id='block_1_76' title="bbox 368 5175 1982 5250">
    <p class='ocr_par' dir='ltr' id='par_1_76' title="bbox 368 5175 1982 5250">
     <span class='ocr_line' id='line_1_78' title="bbox 368 5175 1982 5250; baseline -0.003 -16"><span class='ocrx_word' id='word_1_464' title='bbox 368 5179 559 5247; x_wconf 90' lang='lat' dir='ltr'>limus,</span> <span class='ocrx_word' id='word_1_465' title='bbox 593 5183 654 5233; x_wconf 92' lang='lat' dir='ltr'>ut</span> <span class='ocrx_word' id='word_1_466' title='bbox 699 5179 779 5234; x_wconf 89' lang='lat' dir='ltr'>ita</span> <span class='ocrx_word' id='word_1_467' title='bbox 819 5179 1140 5250; x_wconf 85' lang='lat' dir='ltr'>partiamur</span> <span class='ocrx_word' id='word_1_468' title='bbox 1178 5177 1401 5232; x_wconf 85' lang='lat' dir='ltr'>licebit:</span> <span class='ocrx_word' id='word_1_469' title='bbox 1451 5192 1647 5231; x_wconf 91' lang='lat' dir='ltr'>rerum</span> <span class='ocrx_word' id='word_1_470' title='bbox 1697 5175 1809 5230; x_wconf 89' lang='lat' dir='ltr'>alia</span> <span class='ocrx_word' id='word_1_471' title='bbox 1846 5177 1982 5229; x_wconf 90' lang='lat' dir='ltr'>sunt</span> 
     </span>
    </p>
   </div>
   <div class='ocr_carea' id='block_1_77' title="bbox 371 5264 1982 5340">
    <p class='ocr_par' dir='ltr' id='par_1_77' title="bbox 371 5264 1982 5340">
     <span class='ocr_line' id='line_1_79' title="bbox 371 5264 1982 5340; baseline -0.002 -18"><span class='ocrx_word' id='word_1_472' title='bbox 371 5271 529 5336; x_wconf 91' lang='lat' dir='ltr'>actu;</span> <span class='ocrx_word' id='word_1_473' title='bbox 553 5267 664 5322; x_wconf 89' lang='lat' dir='ltr'>alia</span> <span class='ocrx_word' id='word_1_474' title='bbox 693 5270 1000 5340; x_wconf 87' lang='lat' dir='ltr'>potestate,</span> <span class='ocrx_word' id='word_1_475' title='bbox 1044 5269 1235 5322; x_wconf 88' lang='lat' dir='ltr'>actum</span> <span class='ocrx_word' id='word_1_476' title='bbox 1275 5265 1668 5337; x_wconf 89' lang='lat' dir='ltr'>signiﬁcantes</span> <span class='ocrx_word' id='word_1_477' title='bbox 1718 5280 1851 5320; x_wconf 92' lang='lat' dir='ltr'>eum</span> <span class='ocrx_word' id='word_1_478' title='bbox 1885 5264 1982 5337; x_wconf 90' lang='lat' dir='ltr'>qui</span> 
     </span>
    </p>
   </div>
   <div class='ocr_carea' id='block_1_78' title="bbox 365 5356 1979 5429">
    <p class='ocr_par' dir='ltr' id='par_1_78' title="bbox 365 5356 1979 5429">
     <span class='ocr_line' id='line_1_80' title="bbox 365 5356 1979 5429; baseline -0.002 -17"><span class='ocrx_word' id='word_1_479' title='bbox 365 5356 494 5412; x_wconf 91' lang='lat' dir='ltr'>loco</span> <span class='ocrx_word' id='word_1_480' title='bbox 524 5357 753 5428; x_wconf 84' lang='lat' dir='ltr'>generis</span> <span class='ocrx_word' id='word_1_481' title='bbox 776 5357 992 5429; x_wconf 91' lang='lat' dir='ltr'>positus</span> <span class='ocrx_word' id='word_1_482' title='bbox 1042 5359 1150 5413; x_wconf 90' lang='lat' dir='ltr'>est.</span> <span class='ocrx_word' id='word_1_483' title='bbox 1196 5356 1548 5410; x_wconf 87' lang='lat' dir='ltr'>Potestatem</span> <span class='ocrx_word' id='word_1_484' title='bbox 1581 5370 1714 5409; x_wconf 89' lang='lat' dir='ltr'>vero</span> <span class='ocrx_word' id='word_1_485' title='bbox 1747 5369 1979 5408; x_wconf 90' lang='lat' dir='ltr'>rursum</span> 
     </span>
    </p>
   </div>
   <div class='ocr_carea' id='block_1_79' title="bbox 369 5443 1979 5519">
    <p class='ocr_par' dir='ltr' id='par_1_79' title="bbox 369 5443 1979 5519">
     <span class='ocr_line' id='line_1_81' title="bbox 369 5443 1979 5519; baseline -0.002 -15"><span class='ocrx_word' id='word_1_486' title='bbox 369 5446 692 5504; x_wconf 85' lang='lat' dir='ltr'>dividamus</span> <span class='ocrx_word' id='word_1_487' title='bbox 721 5446 781 5500; x_wconf 90' lang='lat' dir='ltr'>in</span> <span class='ocrx_word' id='word_1_488' title='bbox 813 5462 945 5502; x_wconf 89' lang='lat' dir='ltr'>eam</span> <span class='ocrx_word' id='word_1_489' title='bbox 977 5462 1103 5519; x_wconf 62' lang='lat' dir='ltr'>quas</span> <span class='ocrx_word' id='word_1_490' title='bbox 1127 5448 1255 5501; x_wconf 91' lang='lat' dir='ltr'>actu</span> <span class='ocrx_word' id='word_1_491' title='bbox 1285 5459 1406 5500; x_wconf 88' lang='lat' dir='ltr'>esse</span> <span class='ocrx_word' id='word_1_492' title='bbox 1427 5444 1635 5516; x_wconf 84' lang='lat' dir='ltr'>possit;</span> <span class='ocrx_word' id='word_1_493' title='bbox 1669 5447 1726 5498; x_wconf 89' lang='lat' dir='ltr'>et</span> <span class='ocrx_word' id='word_1_494' title='bbox 1756 5443 1815 5499; x_wconf 91' lang='lat' dir='ltr'>in</span> <span class='ocrx_word' id='word_1_495' title='bbox 1847 5459 1979 5500; x_wconf 89' lang='lat' dir='ltr'>eam</span> 
     </span>
    </p>
   </div>
   <div class='ocr_carea' id='block_1_80' title="bbox 369 5531 1983 5615">
    <p class='ocr_par' dir='ltr' id='par_1_80' title="bbox 369 5531 1983 5615">
     <span class='ocr_line' id='line_1_82' title="bbox 369 5531 1983 5615; baseline -0.002 -22"><span class='ocrx_word' id='word_1_496' title='bbox 369 5554 496 5615; x_wconf 66' lang='lat' dir='ltr'>qum</span> <span class='ocrx_word' id='word_1_497' title='bbox 526 5552 824 5609; x_wconf 88' lang='lat' dir='ltr'>nunquam</span> <span class='ocrx_word' id='word_1_498' title='bbox 837 5539 971 5592; x_wconf 89' lang='lat' dir='ltr'>actu</span> <span class='ocrx_word' id='word_1_499' title='bbox 988 5551 1108 5592; x_wconf 84' lang='lat' dir='ltr'>esse</span> <span class='ocrx_word' id='word_1_500' title='bbox 1133 5534 1330 5608; x_wconf 83' lang='lat' dir='ltr'>possit.</span> <span class='ocrx_word' id='word_1_501' title='bbox 1357 5533 1456 5590; x_wconf 81' lang='lat' dir='ltr'>His</span> <span class='ocrx_word' id='word_1_502' title='bbox 1485 5533 1565 5588; x_wconf 88' lang='lat' dir='ltr'>ita</span> <span class='ocrx_word' id='word_1_503' title='bbox 1587 5531 1806 5605; x_wconf 86' lang='lat' dir='ltr'>positis,</span> <span class='ocrx_word' id='word_1_504' title='bbox 1829 5550 1983 5606; x_wconf 72' lang='lat' dir='ltr'>qua:-</span> 
     </span>
    </p>
   </div>
   <div class='ocr_carea' id='block_1_81' title="bbox 2073 4115 3696 4188">
    <p class='ocr_par' dir='ltr' id='par_1_81' title="bbox 2073 4115 3696 4188">
     <span class='ocr_line' id='line_1_83' title="bbox 2073 4115 3696 4188; baseline 0.001 -20"><span class='ocrx_word' id='word_1_505' title='bbox 2073 4115 2307 4170; x_wconf 68' lang='lat' dir='ltr'>rentiaz:</span> <span class='ocrx_word' id='word_1_506' title='bbox 2343 4118 2539 4170; x_wconf 89' lang='lat' dir='ltr'>utrum</span> <span class='ocrx_word' id='word_1_507' title='bbox 2571 4132 2659 4185; x_wconf 88' lang='lat' dir='ltr'>ea,</span> <span class='ocrx_word' id='word_1_508' title='bbox 2687 4133 2814 4188; x_wconf 75' lang='lat' dir='ltr'>quae</span> <span class='ocrx_word' id='word_1_509' title='bbox 2847 4131 3149 4188; x_wconf 90' lang='lat' dir='ltr'>nunquam</span> <span class='ocrx_word' id='word_1_510' title='bbox 3182 4115 3241 4170; x_wconf 93' lang='lat' dir='ltr'>in</span> <span class='ocrx_word' id='word_1_511' title='bbox 3273 4119 3468 4170; x_wconf 89' lang='lat' dir='ltr'>actum</span> <span class='ocrx_word' id='word_1_512' title='bbox 3491 4116 3696 4170; x_wconf 87' lang='lat' dir='ltr'>venire</span> 
     </span>
    </p>
   </div>
   <div class='ocr_carea' id='block_1_82' title="bbox 2076 4196 3696 4275">
    <p class='ocr_par' dir='ltr' id='par_1_82' title="bbox 2076 4196 3696 4275">
     <span class='ocr_line' id='line_1_84' title="bbox 2076 4196 3696 4275; baseline 0.001 -19"><span class='ocrx_word' id='word_1_513' title='bbox 2076 4203 2272 4274; x_wconf 90' lang='lat' dir='ltr'>possit,</span> <span class='ocrx_word' id='word_1_514' title='bbox 2300 4219 2372 4257; x_wconf 91' lang='lat' dir='ltr'>an</span> <span class='ocrx_word' id='word_1_515' title='bbox 2394 4219 2482 4271; x_wconf 90' lang='lat' dir='ltr'>ea,</span> <span class='ocrx_word' id='word_1_516' title='bbox 2511 4220 2638 4275; x_wconf 66' lang='lat' dir='ltr'>qua:</span> <span class='ocrx_word' id='word_1_517' title='bbox 2666 4203 2724 4258; x_wconf 90' lang='lat' dir='ltr'>in</span> <span class='ocrx_word' id='word_1_518' title='bbox 2739 4206 2933 4258; x_wconf 90' lang='lat' dir='ltr'>actum</span> <span class='ocrx_word' id='word_1_519' title='bbox 2955 4204 3148 4258; x_wconf 90' lang='lat' dir='ltr'>venire</span> <span class='ocrx_word' id='word_1_520' title='bbox 3169 4196 3498 4274; x_wconf 79' lang='lat' dir='ltr'>contingat;</span> <span class='ocrx_word' id='word_1_521' title='bbox 3525 4204 3696 4275; x_wconf 85' lang='lat' dir='ltr'>quive</span> 
     </span>
    </p>
   </div>
   <div class='ocr_carea' id='block_1_83' title="bbox 2076 4291 3694 4364">
    <p class='ocr_par' dir='ltr' id='par_1_83' title="bbox 2076 4291 3694 4364">
     <span class='ocr_line' id='line_1_85' title="bbox 2076 4291 3694 4364; baseline 0.001 -20"><span class='ocrx_word' id='word_1_522' title='bbox 2076 4295 2234 4345; x_wconf 88' lang='lat' dir='ltr'>actus</span> <span class='ocrx_word' id='word_1_523' title='bbox 2261 4307 2384 4346; x_wconf 89' lang='lat' dir='ltr'>cum</span> <span class='ocrx_word' id='word_1_524' title='bbox 2411 4296 2716 4362; x_wconf 85' lang='lat' dir='ltr'>potestate,</span> <span class='ocrx_word' id='word_1_525' title='bbox 2741 4293 2836 4364; x_wconf 92' lang='lat' dir='ltr'>qui</span> <span class='ocrx_word' id='word_1_526' title='bbox 2886 4292 2944 4347; x_wconf 89' lang='lat' dir='ltr'>in</span> <span class='ocrx_word' id='word_1_527' title='bbox 2978 4293 3158 4347; x_wconf 92' lang='lat' dir='ltr'>altera</span> <span class='ocrx_word' id='word_1_528' title='bbox 3189 4291 3534 4358; x_wconf 75' lang='lat' dir='ltr'>differentia,</span> <span class='ocrx_word' id='word_1_529' title='bbox 3562 4308 3694 4363; x_wconf 66' lang='lat' dir='ltr'>qua:</span> 
     </span>
    </p>
   </div>
   <div class='ocr_carea' id='block_1_84' title="bbox 2076 4379 3696 4452">
    <p class='ocr_par' dir='ltr' id='par_1_84' title="bbox 2076 4379 3696 4452">
     <span class='ocr_line' id='line_1_86' title="bbox 2076 4379 3696 4452; baseline 0.001 -19"><span class='ocrx_word' id='word_1_530' title='bbox 2076 4383 2188 4433; x_wconf 89' lang='lat' dir='ltr'>est:</span> <span class='ocrx_word' id='word_1_531' title='bbox 2219 4379 2449 4434; x_wconf 78' lang='lat' dir='ltr'>Ratione</span> <span class='ocrx_word' id='word_1_532' title='bbox 2476 4383 2577 4448; x_wconf 77' lang='lat' dir='ltr'>uti,</span> <span class='ocrx_word' id='word_1_533' title='bbox 2622 4381 2970 4452; x_wconf 89' lang='lat' dir='ltr'>proponitur</span> <span class='ocrx_word' id='word_1_534' title='bbox 2996 4380 3022 4434; x_wconf 85' lang='lat'>‘?</span> <span class='ocrx_word' id='word_1_535' title='bbox 3079 4382 3204 4434; x_wconf 89' lang='lat' dir='ltr'>Isne</span> <span class='ocrx_word' id='word_1_536' title='bbox 3236 4397 3409 4452; x_wconf 90' lang='lat' dir='ltr'>quem</span> <span class='ocrx_word' id='word_1_537' title='bbox 3444 4383 3696 4452; x_wconf 80' lang='lat' dir='ltr'>potestas</span> 
     </span>
    </p>
   </div>
   <div class='ocr_carea' id='block_1_85' title="bbox 2076 4463 3693 4540">
    <p class='ocr_par' dir='ltr' id='par_1_85' title="bbox 2076 4463 3693 4540">
     <span class='ocr_line' id='line_1_87' title="bbox 2076 4463 3693 4540; baseline 0.001 -19"><span class='ocrx_word' id='word_1_538' title='bbox 2076 4467 2385 4537; x_wconf 68' lang='lat' dir='ltr'>praecedat,</span> <span class='ocrx_word' id='word_1_539' title='bbox 2419 4485 2493 4523; x_wconf 90' lang='lat' dir='ltr'>an</span> <span class='ocrx_word' id='word_1_540' title='bbox 2528 4469 2575 4522; x_wconf 90' lang='lat' dir='ltr'>is</span> <span class='ocrx_word' id='word_1_541' title='bbox 2609 4486 2782 4540; x_wconf 91' lang='lat' dir='ltr'>quem</span> <span class='ocrx_word' id='word_1_542' title='bbox 2813 4472 3068 4539; x_wconf 88' lang='lat' dir='ltr'>potestas</span> <span class='ocrx_word' id='word_1_543' title='bbox 3113 4463 3458 4523; x_wconf 79' lang='lat' dir='ltr'>comitetur?</span> <span class='ocrx_word' id='word_1_544' title='bbox 3495 4469 3693 4540; x_wconf 85' lang='lat' dir='ltr'>Longe</span> 
     </span>
    </p>
   </div>
   <div class='ocr_carea' id='block_1_86' title="bbox 2077 4555 3697 4629">
    <p class='ocr_par' dir='ltr' id='par_1_86' title="bbox 2077 4555 3697 4629">
     <span class='ocr_line' id='line_1_88' title="bbox 2077 4555 3697 4629; baseline 0.002 -19"><span class='ocrx_word' id='word_1_545' title='bbox 2077 4556 2234 4610; x_wconf 86' lang='lat' dir='ltr'>enim</span> <span class='ocrx_word' id='word_1_546' title='bbox 2275 4555 2386 4610; x_wconf 91' lang='lat' dir='ltr'>alia</span> <span class='ocrx_word' id='word_1_547' title='bbox 2424 4560 2509 4610; x_wconf 91' lang='lat' dir='ltr'>est</span> <span class='ocrx_word' id='word_1_548' title='bbox 2562 4557 2710 4612; x_wconf 89' lang='lat' dir='ltr'>ratio</span> <span class='ocrx_word' id='word_1_549' title='bbox 2740 4557 3040 4629; x_wconf 89' lang='lat' dir='ltr'>potestatis</span> <span class='ocrx_word' id='word_1_550' title='bbox 3065 4557 3363 4628; x_wconf 88' lang='lat' dir='ltr'>sequentis</span> <span class='ocrx_word' id='word_1_551' title='bbox 3389 4561 3604 4626; x_wconf 90' lang='lat' dir='ltr'>actum,</span> <span class='ocrx_word' id='word_1_552' title='bbox 3639 4564 3697 4613; x_wconf 91' lang='lat' dir='ltr'>et</span> 
     </span>
    </p>
   </div>
   <div class='ocr_carea' id='block_1_87' title="bbox 2078 4645 3694 4720">
    <p class='ocr_par' dir='ltr' id='par_1_87' title="bbox 2078 4645 3694 4720">
     <span class='ocr_line' id='line_1_89' title="bbox 2078 4645 3694 4720; baseline 0.002 -22"><span class='ocrx_word' id='word_1_553' title='bbox 2078 4645 2187 4699; x_wconf 88' lang='lat' dir='ltr'>alia</span> <span class='ocrx_word' id='word_1_554' title='bbox 2203 4645 2611 4716; x_wconf 73' lang='lat' dir='ltr'>praecedentis;</span> <span class='ocrx_word' id='word_1_555' title='bbox 2632 4649 2977 4718; x_wconf 89' lang='lat' dir='ltr'>tantumque</span> <span class='ocrx_word' id='word_1_556' title='bbox 2995 4647 3084 4702; x_wconf 64' lang='lat' dir='ltr'>ha:</span> <span class='ocrx_word' id='word_1_557' title='bbox 3097 4650 3412 4717; x_wconf 88' lang='lat' dir='ltr'>potestates</span> <span class='ocrx_word' id='word_1_558' title='bbox 3426 4647 3694 4720; x_wconf 89' lang='lat' dir='ltr'>proprie-</span> 
     </span>
    </p>
   </div>
   <div class='ocr_carea' id='block_1_88' title="bbox 2078 4735 3696 4806">
    <p class='ocr_par' dir='ltr' id='par_1_88' title="bbox 2078 4735 3696 4806">
     <span class='ocr_line' id='line_1_90' title="bbox 2078 4735 3696 4806; baseline 0.001 -17"><span class='ocrx_word' id='word_1_559' title='bbox 2078 4737 2193 4789; x_wconf 89' lang='lat' dir='ltr'>tatc</span> <span class='ocrx_word' id='word_1_560' title='bbox 2224 4750 2340 4789; x_wconf 63' lang='lat' dir='ltr'>suae</span> <span class='ocrx_word' id='word_1_561' title='bbox 2387 4738 2607 4790; x_wconf 69' lang='lat' dir='ltr'>natura:</span> <span class='ocrx_word' id='word_1_562' title='bbox 2641 4735 2938 4806; x_wconf 78' lang='lat' dir='ltr'>disjunctse</span> <span class='ocrx_word' id='word_1_563' title='bbox 2971 4740 3124 4799; x_wconf 90' lang='lat' dir='ltr'>sunt,</span> <span class='ocrx_word' id='word_1_564' title='bbox 3154 4739 3216 4791; x_wconf 90' lang='lat' dir='ltr'>ut</span> <span class='ocrx_word' id='word_1_565' title='bbox 3248 4736 3342 4790; x_wconf 92' lang='lat' dir='ltr'>ubi</span> <span class='ocrx_word' id='word_1_566' title='bbox 3374 4737 3547 4791; x_wconf 79' lang='lat' dir='ltr'>fuerit</span> <span class='ocrx_word' id='word_1_567' title='bbox 3580 4754 3696 4790; x_wconf 88' lang='lat' dir='ltr'>una</span> 
     </span>
    </p>
   </div>
   <div class='ocr_carea' id='block_1_89' title="bbox 2080 4822 3696 4895">
    <p class='ocr_par' dir='ltr' id='par_1_89' title="bbox 2080 4822 3696 4895">
     <span class='ocr_line' id='line_1_91' title="bbox 2080 4822 3696 4895; baseline 0.002 -19"><span class='ocrx_word' id='word_1_568' title='bbox 2080 4839 2197 4877; x_wconf 93' lang='lat' dir='ltr'>non</span> <span class='ocrx_word' id='word_1_569' title='bbox 2217 4822 2394 4894; x_wconf 89' lang='lat' dir='ltr'>possit</span> <span class='ocrx_word' id='word_1_570' title='bbox 2414 4839 2534 4877; x_wconf 88' lang='lat' dir='ltr'>esse</span> <span class='ocrx_word' id='word_1_571' title='bbox 2557 4824 2756 4878; x_wconf 90' lang='lat' dir='ltr'>altera.</span> <span class='ocrx_word' id='word_1_572' title='bbox 2773 4825 2922 4895; x_wconf 88' lang='lat' dir='ltr'>Ergo</span> <span class='ocrx_word' id='word_1_573' title='bbox 2947 4829 3032 4878; x_wconf 90' lang='lat' dir='ltr'>est</span> <span class='ocrx_word' id='word_1_574' title='bbox 3053 4824 3110 4878; x_wconf 92' lang='lat' dir='ltr'>in</span> <span class='ocrx_word' id='word_1_575' title='bbox 3129 4825 3300 4879; x_wconf 87' lang='lat' dir='ltr'>rebus</span> <span class='ocrx_word' id='word_1_576' title='bbox 3322 4825 3696 4880; x_wconf 87' lang='lat' dir='ltr'>mutabilibus</span> 
     </span>
    </p>
   </div>
   <div class='ocr_carea' id='block_1_90' title="bbox 2077 4913 3698 4984">
    <p class='ocr_par' dir='ltr' id='par_1_90' title="bbox 2077 4913 3698 4984">
     <span class='ocr_line' id='line_1_92' title="bbox 2077 4913 3698 4984; baseline 0.003 -21"><span class='ocrx_word' id='word_1_577' title='bbox 2077 4913 2352 4982; x_wconf 83' lang='lat' dir='ltr'>potestas,</span> <span class='ocrx_word' id='word_1_578' title='bbox 2401 4927 2528 4982; x_wconf 63' lang='lat' dir='ltr'>qua:</span> <span class='ocrx_word' id='word_1_579' title='bbox 2572 4915 2805 4966; x_wconf 85' lang='lat' dir='ltr'>vocatur</span> <span class='ocrx_word' id='word_1_580' title='bbox 2867 4913 3207 4968; x_wconf 89' lang='lat' dir='ltr'>utrumlibet</span> <span class='ocrx_word' id='word_1_581' title='bbox 3253 4915 3585 4984; x_wconf 74' lang='lat' dir='ltr'>praecedens</span> <span class='ocrx_word' id='word_1_582' title='bbox 3637 4920 3698 4968; x_wconf 92' lang='lat' dir='ltr'>et</span> 
     </span>
    </p>
   </div>
   <div class='ocr_carea' id='block_1_91' title="bbox 2078 4999 3692 5072">
    <p class='ocr_par' dir='ltr' id='par_1_91' title="bbox 2078 4999 3692 5072">
     <span class='ocr_line' id='line_1_93' title="bbox 2078 4999 3692 5072; baseline 0.002 -20"><span class='ocrx_word' id='word_1_583' title='bbox 2078 4999 2449 5070; x_wconf 90' lang='lat' dir='ltr'>subsequens,</span> <span class='ocrx_word' id='word_1_584' title='bbox 2486 5002 2549 5052; x_wconf 90' lang='lat' dir='ltr'>ut</span> <span class='ocrx_word' id='word_1_585' title='bbox 2576 5000 2808 5071; x_wconf 88' lang='lat' dir='ltr'>quando</span> <span class='ocrx_word' id='word_1_586' title='bbox 2839 5000 3034 5055; x_wconf 85' lang='lat' dir='ltr'>Cicero</span> <span class='ocrx_word' id='word_1_587' title='bbox 3066 5001 3342 5070; x_wconf 88' lang='lat' dir='ltr'>ambulat,</span> <span class='ocrx_word' id='word_1_588' title='bbox 3378 5005 3692 5072; x_wconf 87' lang='lat' dir='ltr'>antequam</span> 
     </span>
    </p>
   </div>
   <div class='ocr_carea' id='block_1_92' title="bbox 2079 5087 3695 5160">
    <p class='ocr_par' dir='ltr' id='par_1_92' title="bbox 2079 5087 3695 5160">
     <span class='ocr_line' id='line_1_94' title="bbox 2079 5087 3695 5160; baseline 0.002 -20"><span class='ocrx_word' id='word_1_589' title='bbox 2079 5087 2426 5154; x_wconf 88' lang='lat' dir='ltr'>ambularet,</span> <span class='ocrx_word' id='word_1_590' title='bbox 2441 5089 2631 5158; x_wconf 89' lang='lat' dir='ltr'>potuit</span> <span class='ocrx_word' id='word_1_591' title='bbox 2644 5089 2942 5144; x_wconf 90' lang='lat' dir='ltr'>ambulare</span> <span class='ocrx_word' id='word_1_592' title='bbox 2957 5094 3014 5144; x_wconf 90' lang='lat' dir='ltr'>et</span> <span class='ocrx_word' id='word_1_593' title='bbox 3027 5106 3144 5144; x_wconf 89' lang='lat' dir='ltr'>non</span> <span class='ocrx_word' id='word_1_594' title='bbox 3160 5090 3545 5144; x_wconf 80' lang='lat' dir='ltr'>ambularezet</span> <span class='ocrx_word' id='word_1_595' title='bbox 3558 5090 3695 5160; x_wconf 89' lang='lat' dir='ltr'>quia</span> 
     </span>
    </p>
   </div>
   <div class='ocr_carea' id='block_1_93' title="bbox 2081 5177 3693 5250">
    <p class='ocr_par' dir='ltr' id='par_1_93' title="bbox 2081 5177 3693 5250">
     <span class='ocr_line' id='line_1_95' title="bbox 2081 5177 3693 5250; baseline 0.001 -20"><span class='ocrx_word' id='word_1_596' title='bbox 2081 5177 2360 5240; x_wconf 87' lang='lat' dir='ltr'>ambulat,</span> <span class='ocrx_word' id='word_1_597' title='bbox 2379 5177 2753 5248; x_wconf 88' lang='lat' dir='ltr'>consequitur</span> <span class='ocrx_word' id='word_1_598' title='bbox 2775 5194 2908 5232; x_wconf 91' lang='lat' dir='ltr'>cum</span> <span class='ocrx_word' id='word_1_599' title='bbox 2929 5179 3228 5232; x_wconf 89' lang='lat' dir='ltr'>ambulare</span> <span class='ocrx_word' id='word_1_600' title='bbox 3242 5194 3430 5250; x_wconf 90' lang='lat' dir='ltr'>posse,</span> <span class='ocrx_word' id='word_1_601' title='bbox 3451 5178 3552 5232; x_wconf 90' lang='lat' dir='ltr'>sed</span> <span class='ocrx_word' id='word_1_602' title='bbox 3575 5194 3693 5234; x_wconf 90' lang='lat' dir='ltr'>non</span> 
     </span>
    </p>
   </div>
   <div class='ocr_carea' id='block_1_94' title="bbox 2082 5265 3694 5337">
    <p class='ocr_par' dir='ltr' id='par_1_94' title="bbox 2082 5265 3694 5337">
     <span class='ocr_line' id='line_1_96' title="bbox 2082 5265 3694 5337; baseline 0.002 -17"><span class='ocrx_word' id='word_1_603' title='bbox 2082 5281 2149 5320; x_wconf 85' lang='lat' dir='ltr'>ex</span> <span class='ocrx_word' id='word_1_604' title='bbox 2176 5265 2544 5335; x_wconf 89' lang='lat' dir='ltr'>necessitate;</span> <span class='ocrx_word' id='word_1_605' title='bbox 2569 5270 2762 5337; x_wconf 91' lang='lat' dir='ltr'>potest</span> <span class='ocrx_word' id='word_1_606' title='bbox 2783 5267 2940 5322; x_wconf 89' lang='lat' dir='ltr'>enim</span> <span class='ocrx_word' id='word_1_607' title='bbox 2972 5271 3168 5322; x_wconf 88' lang='lat' dir='ltr'>etnon</span> <span class='ocrx_word' id='word_1_608' title='bbox 3193 5269 3591 5323; x_wconf 89' lang='lat' dir='ltr'>ambulare.ln</span> <span class='ocrx_word' id='word_1_609' title='bbox 3606 5285 3694 5324; x_wconf 89' lang='lat' dir='ltr'>re-</span> 
     </span>
    </p>
   </div>
   <div class='ocr_carea' id='block_1_95' title="bbox 2083 5354 3694 5429">
    <p class='ocr_par' dir='ltr' id='par_1_95' title="bbox 2083 5354 3694 5429">
     <span class='ocr_line' id='line_1_97' title="bbox 2083 5354 3694 5429; baseline 0.002 -21"><span class='ocrx_word' id='word_1_610' title='bbox 2083 5354 2187 5408; x_wconf 91' lang='lat' dir='ltr'>bus</span> <span class='ocrx_word' id='word_1_611' title='bbox 2217 5370 2349 5408; x_wconf 88' lang='lat' dir='ltr'>vero</span> <span class='ocrx_word' id='word_1_612' title='bbox 2381 5355 2642 5425; x_wconf 90' lang='lat' dir='ltr'>supernis</span> <span class='ocrx_word' id='word_1_613' title='bbox 2671 5361 2729 5410; x_wconf 90' lang='lat' dir='ltr'>et</span> <span class='ocrx_word' id='word_1_614' title='bbox 2755 5356 3110 5429; x_wconf 90' lang='lat' dir='ltr'>simplicibus</span> <span class='ocrx_word' id='word_1_615' title='bbox 3149 5373 3343 5412; x_wconf 90' lang='lat' dir='ltr'>rerum</span> <span class='ocrx_word' id='word_1_616' title='bbox 3389 5357 3694 5412; x_wconf 70' lang='lat' dir='ltr'>elementis</span> 
     </span>
    </p>
   </div>
   <div class='ocr_carea' id='block_1_96' title="bbox 2081 5444 3691 5516">
    <p class='ocr_par' dir='ltr' id='par_1_96' title="bbox 2081 5444 3691 5516">
     <span class='ocr_line' id='line_1_98' title="bbox 2081 5444 3691 5516; baseline 0.002 -19"><span class='ocrx_word' id='word_1_617' title='bbox 2081 5444 2239 5499; x_wconf 88' lang='lat' dir='ltr'>nulla</span> <span class='ocrx_word' id='word_1_618' title='bbox 2260 5447 2510 5516; x_wconf 88' lang='lat' dir='ltr'>potestas</span> <span class='ocrx_word' id='word_1_619' title='bbox 2531 5445 2817 5516; x_wconf 89' lang='lat' dir='ltr'>reperitur</span> <span class='ocrx_word' id='word_1_620' title='bbox 2829 5462 2956 5516; x_wconf 67' lang='lat' dir='ltr'>qua:</span> <span class='ocrx_word' id='word_1_621' title='bbox 2975 5445 3152 5516; x_wconf 91' lang='lat' dir='ltr'>possit</span> <span class='ocrx_word' id='word_1_622' title='bbox 3182 5445 3538 5515; x_wconf 89' lang='lat' dir='ltr'>utrumlibet,</span> <span class='ocrx_word' id='word_1_623' title='bbox 3582 5463 3691 5501; x_wconf 88' lang='lat' dir='ltr'>nec</span> 
     </span>
    </p>
   </div>
   <div class='ocr_carea' id='block_1_97' title="bbox 2081 5533 3689 5606">
    <p class='ocr_par' dir='ltr' id='par_1_97' title="bbox 2081 5533 3689 5606">
     <span class='ocr_line' id='line_1_99' title="bbox 2081 5533 3689 5606; baseline 0.002 -18"><span class='ocrx_word' id='word_1_624' title='bbox 2081 5549 2150 5589; x_wconf 90' lang='lat' dir='ltr'>ea</span> <span class='ocrx_word' id='word_1_625' title='bbox 2179 5549 2306 5606; x_wconf 53' lang='lat' dir='ltr'>qua;</span> <span class='ocrx_word' id='word_1_626' title='bbox 2336 5533 2609 5605; x_wconf 62' lang='lat' dir='ltr'>praecedit</span> <span class='ocrx_word' id='word_1_627' title='bbox 2656 5537 2868 5590; x_wconf 88' lang='lat' dir='ltr'>actum.</span> <span class='ocrx_word' id='word_1_628' title='bbox 2904 5535 3054 5591; x_wconf 86' lang='lat' dir='ltr'>Inest</span> <span class='ocrx_word' id='word_1_629' title='bbox 3074 5539 3269 5592; x_wconf 87' lang='lat' dir='ltr'>autem</span> <span class='ocrx_word' id='word_1_630' title='bbox 3303 5553 3505 5592; x_wconf 90' lang='lat' dir='ltr'>eorum</span> <span class='ocrx_word' id='word_1_631' title='bbox 3537 5536 3689 5592; x_wconf 89' lang='lat' dir='ltr'>actui</span> 
     </span>
    </p>
   </div>
  </div>
