3954 6170
245 343 326 400 ,δεῖ
1291 329 1382 387 DE
1415 328 1794 387 RATIONALI
1822 329 1906 385 ET
1925 329 2232 387 RATIONE
2261 329 2395 385 UTI.
3410 327 3508 386 l66

238 468 448 539 potestas
471 459 775 516 immobilis
820 461 878 511 et
921 458 1052 524 fixa,
1079 472 1144 511 ac
1175 473 1281 529 per
1314 458 1422 512 hoc
1451 457 1790 523 necessaria,
1815 462 1867 520 Α
1895 473 2050 517 mur,
2101 472 2134 510 a
2185 453 2427 522 caeteris,
2459 469 2586 525 quae
2631 451 2711 506 uti
2752 469 2868 507 non
2908 455 3166 522 possunt,
3205 451 3527 507 differimus

237 571 342 626 quae
367 567 531 605 unum
561 548 736 620 possit
763 551 821 600 et
850 564 966 601 non
993 545 1351 600 utrumlibet.
1387 545 1529 609 Quia
1544 546 1698 599 enim
1712 547 1792 600 sol
1909 548 2054 598 Item
2086 545 2262 598 homo
2290 559 2517 613 semper
2541 543 2841 596 rationalis
2863 544 2966 607 est,
2988 558 3104 595 non
3135 545 3329 596 autem
3359 559 3516 596 sem-

238 643 478 703 movetur,
505 653 629 691 eum
655 635 876 690 moveri
895 651 1059 706 posse
1075 633 1446 687 manifestum
1462 637 1566 700 est,
1597 638 1653 687 et.
1681 650 1796 687 non
1913 649 2018 703 per
2047 636 2228 686 utitur
2257 633 2506 686 ratione.
2539 633 2662 685 Non
2696 634 2782 684 est
2812 631 2991 700 igitur
3021 632 3252 684 ratione
3285 630 3362 684 uti
3385 631 3519 684 sub-

238 728 419 784 moveri
450 741 558 779 non
573 740 734 795 posse
758 739 985 777 necesse
1001 721 1327 793 est.thuia
1350 721 1583 774 diversis
1604 737 1799 775 rerum
1909 721 2197 775 stautialis
2227 719 2577 774 differentia.

241 814 528 888 generibus,
555 812 608 866 id
639 816 724 865 est
757 809 1129 863 mutabilibus
1150 812 1208 862 et
1239 809 1806 874 immutabilibus,di-
1984 809 2115 862 XIII.
2144 807 2254 862 Sed
2271 808 2417 861 forte
2440 808 2718 878 quaeritur
2748 806 2886 877 quid
2930 807 3004 860 sit
3030 807 3139 860 hoc
3165 807 3393 877 ipsum:
3425 808 3525 863 Uti

243 920 403 959 versas
429 904 731 972 potestates
762 897 1150 963 attribuimus,
1177 899 1558 969 quaerendum
1599 901 1683 952 est
1713 897 1811 952 ubi
1913 899 2137 961 ratione,
2163 901 2219 950 et
2233 896 2369 967 quia
2382 896 2503 948 haec
2523 894 2853 948 differentia
2876 895 2949 949 sit
2975 899 3222 965 cognata
3245 895 3516 950 differen-

240 989 542 1047 ditferentiae
571 987 891 1053 Rationalis,
925 990 992 1045 et,
1012 985 1298 1040 Rationale
1327 987 1412 1040 uti
1433 986 1697 1041 collocari
1722 1002 1811 1040 va-
1911 986 2008 1039 tiae
2032 984 2330 1038 rationali?
2380 983 2524 1049 Quid
2549 990 2640 1049 est,
2669 983 2863 1054 inquit
2895 983 3144 1051 Boetius,
3176 986 3262 1037 uti
3286 985 3516 1052 ratione,

241 1079 412 1135 Ieant?
1909 1075 2014 1126 nisi
2054 1075 2139 1128 uti
2175 1071 2546 1143 judicatione?
2579 1071 2748 1125 Omne
2776 1073 2915 1125 enim
2946 1087 3222 1127 commune
3258 1073 3406 1126 nobis
3443 1079 3518 1129 est

294 1166 536 1222 XLVideo
554 1169 748 1220 autem
778 1163 1141 1218 Rationalem
1163 1162 1551 1218 differentiam
1570 1163 1630 1218 in
1657 1179 1807 1217 sem-
1909 1178 2031 1216 cum
2064 1163 2263 1216 caeteris
2289 1159 2694 1226 animantibus;
2722 1159 2837 1214 sola
2884 1162 3091 1214 ratione
3123 1161 3513 1232 disjungimur.

240 1255 448 1329 piternis
477 1271 540 1309 ac
562 1252 897 1308 necessariis
929 1268 1070 1319 esse,
1125 1254 1182 1305 et
1211 1268 1455 1323 quorum
1489 1252 1806 1307 substantia
1911 1250 2075 1314 Quod
2125 1252 2171 1304 si
2202 1251 2322 1304 sola
2353 1266 2580 1321 quoque
2606 1248 2963 1319 judicatione
2996 1249 3149 1302 inter
3178 1266 3283 1304 nos
3309 1253 3369 1303 et
3406 1267 3515 1304 cae-

242 1361 500 1416 nunquam
529 1359 650 1396 esse
683 1341 928 1395 desinat.
957 1340 1370 1395 Substantiales
1397 1357 1626 1412 quoque
1643 1341 1805 1395 diffe-
1907 1342 2033 1393 tera
2063 1338 2341 1392 animalia
2362 1342 2445 1392 est
2477 1338 2774 1405 distantia,
2807 1353 2908 1390 cur
2935 1337 3263 1392 dubitemus
3286 1337 3516 1394 Ratione

237 1432 684 1503 rentiae,itemque
696 1429 932 1500 species,
958 1431 1244 1498 etgenera
1260 1445 1490 1500 semper
1509 1433 1658 1483 sunt.
1683 1430 1808 1484 Alia
1910 1429 1993 1481 uti
2021 1429 2129 1482 hoc
2161 1426 2471 1498 esse,quod
2493 1430 2578 1481 est
2593 1431 2677 1480 uti
2695 1426 3062 1496 judicatione
3088 1425 3116 1480 ?
3147 1426 3372 1490 Quodsi
3391 1429 3518 1498 quis

237 1523 344 1575 sunt
358 1519 584 1591 quidem
607 1534 802 1572 rerum
828 1518 1055 1583 formae,
1087 1519 1196 1580 vet,
1221 1517 1370 1571 utita
1391 1517 1656 1585 dixerim,
1691 1518 1804 1572 for-
1909 1533 1976 1570 ex
2008 1517 2178 1570 rebus
2201 1517 2386 1583 tollat,
2413 1517 2702 1570 rationem
2724 1515 2980 1570 hominis
2997 1515 3314 1570 sustulerit:
3336 1515 3521 1570 homi-

240 1609 691 1673 maeformarum;
726 1606 840 1660 alia
868 1607 1000 1660 sunt
1025 1607 1211 1672 actus;
1249 1605 1360 1658 alia
1386 1609 1518 1660 sunt
1539 1607 1806 1678 quaedam
1911 1607 2003 1660 nis
2031 1607 2260 1660 ratione
2291 1605 2534 1673 sublata,
2598 1621 2705 1658 nec
2755 1604 2878 1674 ipsa
2923 1620 3154 1676 quoque
3185 1605 3520 1658 humanitas

236 1700 525 1768 potestates.
547 1697 647 1748 Est
666 1694 841 1766 igitur
868 1693 1174 1757 Rationale,
1203 1693 1342 1747 dum
1371 1697 1454 1748 est
1500 1693 1558 1748 in
1596 1695 1806 1750 intelli-
1908 1695 2296 1766 permanebit.
2331 1693 2392 1748 Si
2427 1693 2609 1765 igitur
2637 1693 2956 1747 secundum
2998 1693 3263 1747 Boetium
3291 1694 3519 1747 ratione

236 1783 600 1854 gibilibus,sub
633 1780 950 1837 necessaria
971 1780 1157 1851 specie
1180 1785 1356 1849 actus,
1373 1781 1599 1837 ubinon
1629 1787 1712 1838 est
1741 1800 1809 1838 ea
1837 1775 1888 1837 B
1911 1785 1995 1838 uti
2019 1801 2053 1838 a
2081 1784 2303 1838 caeteris
2333 1781 2688 1836 animalibus
2714 1780 3056 1850 differimus,
3085 1784 3233 1836 Sicut
3252 1780 3522 1836 differen-

239 1876 454 1944 potestas
470 1889 600 1942 quae
619 1870 796 1942 possit
811 1869 1171 1936 utrumlibet,
1201 1869 1302 1923 sed
1332 1886 1401 1924 ea
1432 1887 1557 1941 qum
1581 1871 1653 1925 sit
1675 1871 1804 1939 fixa,
1908 1872 1992 1927 tia
2012 1873 2304 1939 rationali,
2326 1873 2478 1943 juste
2498 1869 2730 1926 Ratione
2762 1873 2847 1924 uti
2875 1869 2948 1924 ad
2969 1869 3255 1926 Rationale
3283 1870 3522 1925 velutad

239 1960 513 2014 immobilis
544 1962 608 2012 et
635 1958 973 2014 necessaria.
1008 1956 1122 2010 Sed
1153 1957 1288 2026 quia
1321 1957 1443 2012 hanc
1477 1958 1807 2030 intelligibi-
1910 1966 2218 2031 cognatam
2276 1961 2383 2014 sibi
2443 1959 2833 2014 differentiam
2882 1959 3252 2026 praedicatur,
3283 1962 3343 2013 et
3367 1961 3520 2014 velut

238 2047 315 2114 lia,
342 2048 470 2102 dum
501 2066 562 2102 se
595 2045 1061 2117 corruptibilibus
1093 2044 1402 2115 applicant,
1429 2051 1580 2102 tactu
1611 2065 1813 2119 corpo-
1911 2050 2176 2104 accidens
2202 2049 2272 2103 de
2303 2048 2582 2118 subjecto,
2623 2049 2748 2102 sine
2775 2063 2888 2118 quo
2922 2063 3042 2101 esse
3074 2064 3192 2102 non
3224 2048 3425 2118 possit.
3458 2047 3522 2101 Si

234 2152 336 2189 rum
371 2136 686 2202 variantur,
726 2137 1025 2190 transeunt
1077 2133 1200 2185 haec
1249 2135 1446 2188 omnia
1495 2153 1688 2192 rursus
1738 2137 1811 2191 ad
1911 2138 2069 2192 enim
2100 2139 2266 2192 tollas
2286 2138 2630 2207 subjectum,
2662 2136 2723 2190 id
2744 2139 2829 2189 est
2853 2137 3163 2202 rationale,
3204 2151 3380 2190 nemo
3411 2135 3526 2190 erit

235 2239 335 2276 eam
352 2227 697 2294 potestatem
754 2239 879 2294 quae
924 2219 1101 2291 possit
1137 2222 1431 2290 pervenire
1463 2224 1536 2278 ad
1566 2229 1758 2279 actum
1794 2242 1806 2279 :
1913 2227 2012 2298 qui
2039 2233 2228 2281 utatur
2260 2228 2483 2280 ratione.
2515 2224 2680 2288 Quod
2721 2225 2768 2278 si
2821 2223 3089 2278 accidens
3121 2224 3307 2290 tollas,
3347 2223 3407 2277 id
3438 2227 3524 2277 est

236 2312 370 2366 aliter
390 2314 543 2366 enim
573 2313 884 2377 Rationale,
909 2309 1017 2374 vel,
1045 2318 1105 2368 ut
1134 2313 1502 2366 u‘niversalius
1522 2313 1706 2367 dicam
1727 2331 1809 2381 us,
1920 2315 2016 2368 Uti
2035 2317 2264 2382 ratione,
2289 2331 2404 2368 non
2431 2315 2644 2368 idcirco
2676 2313 3024 2383 subjectum,
3054 2313 3114 2366 id
3144 2315 3229 2366 est
3247 2313 3516 2369 Rationa-

235 2401 371 2454 aliter
394 2419 613 2472 genera
639 2405 696 2455 et
716 2401 954 2471 species,
986 2403 1348 2471 differentiae,
1388 2403 1622 2473 propria
1643 2407 1813 2456 etac-
1915 2404 1976 2470 Ie,
2010 2405 2305 2458 sustulisti.
2346 2405 2537 2457 Potest
2568 2403 2728 2456 enim
2779 2401 2954 2454 homo
3020 2417 3140 2455 esse
3196 2401 3294 2472 qui
3343 2402 3525 2455 etiam

237 2489 451 2545 cidentia
497 2491 556 2544 in
598 2491 1108 2560 intellectibilibus,
1153 2493 1320 2547 aliter
1347 2492 1405 2546 in
1437 2493 1809 2546 naturalibus.
1915 2491 2211 2546 dormiens
2236 2491 2529 2548 Rationale
2557 2497 2651 2558 est,
2675 2489 2778 2544 sed
2808 2506 2927 2544 non
2951 2491 3126 2543 utitur
3156 2492 3378 2544 ratione.

233 2579 282 2630 In
316 2579 794 2634 intellectibilibus
837 2596 1067 2652 quoque
1099 2599 1294 2636 rerum
1323 2582 1527 2636 formae
1561 2585 1723 2649 sunt;
1754 2581 1813 2635 in
1983 2581 2112 2635 XIV.
2163 2580 2275 2635 Sed
2325 2582 2423 2652 qui
2455 2580 2825 2652 praedicatur,
2883 2579 3176 2650 inquiunt,
3217 2578 3522 2647 terminus,

234 2665 662 2739 intelligibilibus
691 2669 804 2724 alia
822 2674 957 2724 sunt
975 2671 1210 2741 quidem
1233 2671 1543 2741 passiones;
1560 2671 1818 2725 aliasunt
1918 2671 2126 2741 major,
2149 2671 2235 2723 vel
2257 2686 2452 2744 aequus
2476 2669 2645 2723 debet
2673 2685 2794 2722 esse
2833 2669 3088 2738 subjecto
3121 2685 3134 2723 :
3167 2671 3232 2722 ut
3257 2684 3391 2723 vero
3414 2670 3523 2724 mi-

234 2761 380 2810 actus.
405 2759 546 2812 Nam
564 2758 847 2829 quoniam
866 2759 922 2813 in
941 2759 1140 2814 anima
1151 2763 1473 2827 versantur,
1493 2761 1631 2814 dum
1649 2760 1819 2814 intel—
1919 2776 2028 2814 nor
2041 2759 2259 2825 sit,esse
2273 2775 2388 2812 non
2402 2757 2852 2828 potest.Videtur
2863 2760 3059 2812 autem
3073 2757 3308 2813 Ratione
3332 2759 3415 2812 uti
3425 2757 3530 2812 mi-

237 2845 460 2916 lignntur
487 2847 705 2901 animae
733 2849 1026 2919 passiones
1047 2852 1206 2917 sunt;
1236 2849 1370 2921 quia
1390 2848 1580 2903 omnis
1601 2849 1820 2904 intelle-
1921 2866 2028 2902 nus
2056 2865 2178 2902 esse
2208 2847 2490 2903 Rationali
2515 2863 2527 2901 :
2553 2846 2835 2900 rationale
2877 2862 3130 2918 namque
3175 2849 3361 2901 totam
3395 2863 3528 2918 spe-

236 2936 544 2990 ctusanimm
587 2939 673 2990 est
693 2936 901 3008 passio.
922 2939 1068 2991 Dum
1094 2955 1226 2992 vero
1254 2941 1520 2993 accurato
1541 2939 1822 3008 perfecto-
1922 2939 2074 2991 ciem
2105 2937 2381 2997 hominis,
2410 2936 2498 2989 vel
2529 2936 2631 2989 Dei
2659 2935 3104 3006 comprehendit
3131 2942 3145 2990 :
3169 2936 3401 2991 Ratione
3425 2953 3526 2991 au-

239 3039 326 3094 qne
345 3025 522 3079 studio
547 3023 626 3078 ad
651 3025 952 3079 scientiam
984 3026 1405 3094 veniunt,actus
1424 3026 1632 3081 animos
1654 3030 1819 3094 sunt;
1841 3069 1890 3130 α
1921 3031 2040 3081 tem
2096 3027 2176 3080 uti
2235 3041 2352 3079 non
2385 3039 2609 3091 omnes,
2633 3025 2733 3076 sed
2759 3039 2856 3077 eos
2887 3026 3115 3077 tantum
3155 3025 3256 3094 qui
3281 3025 3528 3079 rationis

236 3110 346 3181 quia
378 3112 566 3167 omnis
601 3113 840 3167 scientia
860 3114 1069 3168 animae
1088 3117 1248 3168 actus
1267 3114 1661 3172 est.Rationale
1683 3132 1821 3187 ergo
1843 3110 1890 3130 ν
1923 3119 2113 3170 actum
2141 3117 2427 3170 exercent.
2479 3112 2770 3176 Quoniam
2819 3127 2958 3183 ergo
2990 3111 3184 3165 minus
3219 3112 3291 3166 de
3325 3113 3529 3183 majori

239 3199 376 3252 aliter
406 3200 463 3255 in
497 3201 861 3272 sempiterna
889 3202 1077 3274 specie
1121 3203 1374 3258 hominis
1404 3204 1820 3272 consideratur,
1921 3203 2349 3277 praedicabitur,
2376 3202 2532 3256 locus
2561 3200 2652 3255 hic
2687 3201 2964 3255 admonet
2979 3203 3040 3254 ut
3056 3199 3126 3254 de
3150 3203 3522 3273 naturaprai-

237 3285 328 3341 sive
343 3289 900 3345 inintellectibilibns
928 3290 1042 3346 sive
1065 3291 1540 3363 intelligibilibus,
1567 3292 1736 3347 aliter
1763 3293 1821 3347 in
1924 3292 2226 3347 dicationis
2248 3306 2430 3364 pauca
2454 3291 2736 3345 dicautur.
2777 3291 2974 3344 Potest
3010 3289 3171 3344 enim
3197 3289 3387 3346 videri
3410 3307 3529 3347 non

238 3378 590 3433 naturalibus.
623 3378 705 3433 lbi
729 3378 955 3446 formae,
982 3380 1070 3434 vel
1096 3384 1253 3434 actus
1282 3380 1618 3451 sempiterni
1659 3385 1818 3450 sunt;
1922 3381 2091 3436 nullis
2119 3382 2241 3435 haec
2263 3379 2525 3434 dubietas
2546 3379 2608 3432 in
2627 3379 2755 3433 aliis
2773 3377 3530 3449 praedicationibus,ut~cum

236 3461 309 3517 hic
329 3469 574 3534 potestas
617 3482 746 3537 quae
779 3466 854 3521 ad
882 3470 1074 3522 actum
1126 3468 1430 3538 pervenire
1481 3469 1679 3541 possit,
1735 3473 1818 3536 ut,
1923 3470 2174 3525 dicimus
2219 3486 2232 3524 :
2287 3469 2439 3522 homo
2477 3467 2819 3539 philosophus
2857 3475 2978 3522 est:
3009 3468 3186 3523 homo
3243 3468 3531 3540 subjectus

238 3553 479 3622 quoniam
510 3554 715 3609 Cicero
750 3553 927 3610 homo
969 3558 1074 3624 est,
1127 3557 1302 3611 homo
1346 3573 1478 3612 vero
1524 3557 1822 3612 rationalis
1921 3560 2204 3615 terminus
2234 3560 2354 3626 est;
2389 3557 2760 3629 philosophus
2784 3556 3153 3628 praedicatus,
3175 3573 3284 3613 nec
3302 3557 3527 3613 videtur

240 3639 431 3710 dicitur,
463 3642 672 3698 Cicero
697 3642 1021 3711 rationalis,
1065 3645 1220 3717 quod
1250 3644 1477 3700 ratione
1509 3645 1590 3700 uti
1621 3645 1818 3717 possit,
1921 3665 2086 3722 posse
2107 3646 2709 3720 aequari.Praedicatur
2737 3647 3024 3701 terminus
3039 3646 3110 3700 de
3135 3646 3531 3718 subjecto,sed

242 3726 289 3781 id
313 3734 404 3797 est,
434 3749 566 3787 eum
599 3733 810 3787 actum
827 3749 1111 3801 exercere,
1140 3733 1275 3807 quia
1301 3733 1457 3788 venit
1476 3751 1511 3788 a
1532 3738 1821 3805 potestate
1921 3740 2107 3794 multo
2137 3737 2333 3792 minor
2363 3739 2468 3791 est.
2494 3737 2620 3792 Non
2651 3736 2812 3790 enim
2832 3751 3034 3791 omnes
3053 3736 3324 3792 homines
3339 3737 3532 3810 philo-

242 3832 346 3888 quai
369 3823 449 3875 est
478 3821 554 3876 ad
596 3820 972 3889 utrumlibet;
1006 3825 1195 3893 potest
1223 3822 1380 3877 enim
1402 3822 1597 3878 Cicero
1623 3823 1705 3877 uti
1729 3841 1825 3878 ra—
1924 3825 2092 3900 sophi
2152 3829 2304 3882 sunt.
2339 3825 2453 3881 Sed
2485 3825 2596 3880 hoc
2625 3825 2796 3880 modo
2844 3825 2929 3879 vis
2957 3825 3387 3897 praedicationis
3413 3842 3533 3882 non

244 3905 394 3976 tione,
419 3920 474 3963 et
509 3911 706 3980 potest
732 3925 850 3964 non
890 3911 991 3964 uti.
1041 3911 1190 3982 Ergo
1223 3911 1358 3982 quia
1387 3911 1700 3968 Rationalis
1721 3913 1827 3968 dif-
1926 3921 2079 3973 recte
2109 3915 2410 3986 accipitur;
2443 3913 2508 3968 fit
2526 3914 2685 3969 enim
2715 3913 3052 3986 praedicatio
3083 3914 3170 3967 vel
3195 3913 3532 3969 substantiae

245 3991 456 4051 ferentia
486 3997 951 4053 substantialiter
971 3998 1120 4054 inest
1149 3998 1431 4066 Ciceroni,
1461 4001 1548 4054 vel
1577 4001 1826 4065 homini,
1928 4007 1998 4061 de
2020 4005 2360 4072 substantia,
2391 4004 2681 4058 utzhomo
2713 4003 2932 4057 animal
2958 4005 3076 4069 est;
3109 4004 3209 4056 aut
3226 4001 3535 4057 accidentis

249 4083 439 4140 ratione
461 4089 664 4140 autem
700 4086 780 4140 uti
837 4086 1291 4155 accidentaliter,
1341 4088 1550 4143 merito
1597 4088 1826 4145 Ratione
1928 4096 1998 4150 de
2025 4093 2330 4159 accidenti,
2366 4094 2427 4145 ut
2461 4109 2472 4145 :
2503 4089 2799 4146 dialectica
2845 4089 3086 4144 scientia
3114 4093 3232 4156 est;
3265 4093 3362 4143 aut
3392 4091 3533 4146 acci-

247 4173 313 4222 uti
355 4173 552 4229 dicitur
598 4174 904 4246 praedicari
937 4175 1008 4230 de
1037 4175 1336 4245 Rationali,
1367 4180 1645 4249 tanquam
1677 4179 1824 4234 acci-
1927 4183 2117 4239 dentis
2147 4183 2217 4237 de
2239 4180 2583 4247 substantia,
2619 4181 2681 4233 ut
2713 4194 2726 4233 :
2753 4178 2930 4232 homo
2956 4178 3117 4232 albus
3138 4181 3240 4232 est.
3268 4179 3413 4234 Item
3437 4195 3530 4235 ac-

249 4257 364 4314 dens
389 4262 456 4316 de
482 4264 746 4334 subjecto
776 4278 790 4318 :
821 4265 976 4335 quod
1007 4264 1164 4319 enim
1195 4265 1375 4332 adest,
1411 4268 1467 4319 et
1498 4267 1658 4321 abest
1687 4283 1829 4338 prae-
1925 4272 2123 4327 cidens
2143 4287 2274 4326 cum
2303 4268 2690 4340 sempersitin
2716 4266 3318 4338 subjecto,subjectum
3341 4271 3537 4324 autem

250 4348 320 4400 ter
340 4351 568 4422 subjecti
602 4352 1062 4423 corruptionem,
1103 4353 1369 4408 accidens
1429 4357 1532 4409 est.
1592 4355 1897 4422 RationeD
1925 4361 2001 4416 sit
2055 4375 2285 4432 semper
2336 4358 2679 4426 universale,
2728 4359 2827 4411 aut
2854 4357 3224 4427 particulare,
3269 4357 3534 4413 accidens

252 4440 416 4523 autem
444 4443 525 4494 uti
546 4440 621 4495 ab
647 4439 912 4508 homine,
927 4442 1013 4495 vel
1043 4443 1304 4510 Platone,
1343 4445 1402 4497 et
1426 4443 1496 4497 de
1524 4441 1827 4502 Rationali-
1925 4467 2154 4523 quoque
2184 4448 2501 4503 secundum
2522 4445 2761 4518 subjecti
2781 4449 3050 4500 naturam
3069 4448 3168 4500 aut
3185 4445 3536 4502 erituniver—

253 4521 336 4578 bus
360 4527 473 4582 sine
511 4530 755 4601 subject.
790 4531 1159 4604 corruptione
1188 4533 1385 4587 abesse
1415 4533 1676 4589 videmus
1703 4551 1715 4588 :
1741 4551 1827 4590 ac-
1925 4521 2880 4611 sVaIe,iautparticulare,utscientia:
2914 4551 3045 4590 cum
3098 4535 3170 4589 sit
3213 4535 3532 4592 universale

251 4612 416 4671 cidens
442 4619 618 4690 igitur
643 4623 732 4674 est
760 4619 996 4675 Ratione
1024 4623 1121 4676 uti.
1153 4622 1414 4693 Amplius
1444 4640 1460 4676 :
1487 4623 1718 4679 Ratione
1746 4627 1830 4679 uti
1928 4628 2190 4682 accidens
2211 4626 2299 4698 (de
2327 4625 2520 4680 multis
2565 4625 2725 4680 enim
2773 4623 3162 4695 praedicatur),
3192 4639 3323 4678 cum
3355 4628 3440 4679 est
3471 4625 3531 4678 in

251 4700 409 4760 facere
440 4713 558 4776 est;
593 4709 690 4780 qui
713 4711 871 4764 enim
901 4710 1123 4766 ratione
1162 4712 1362 4775 utitur,
1413 4712 1631 4784 aliquid
1685 4715 1825 4786 agit,
1928 4718 2186 4782 Platone,
2218 4714 2579 4786 particularis
2627 4717 2713 4768 est
2761 4717 2818 4767 et
2848 4713 3165 4779 individua,
3220 4715 3366 4767 sicut
3415 4713 3534 4784 ipse

253 4788 297 4844 id
321 4799 416 4862 est,
466 4798 785 4869 quemdam
811 4803 1004 4854 actum
1031 4800 1416 4856 ratiocinandi
1449 4806 1694 4858 exercet.
1722 4803 1828 4857 Fa-
1926 4805 2112 4872 Plato;
2148 4820 2279 4858 cum
2305 4808 2499 4857 autem
2530 4802 2876 4875 proponitur
2905 4819 3025 4856 esse
3049 4802 3104 4854 in
3119 4801 3451 4867 bomine,in
3470 4818 3532 4856 re

253 4894 343 4934 cm
365 4888 551 4941 autem
582 4905 764 4942 unum
794 4905 861 4943 ex
890 4890 1338 4960 generalissimis
1361 4891 1671 4961 generibus
1689 4894 1829 4948 acci-
1926 4893 2142 4948 scilicet
2188 4893 2513 4960 universali,
2546 4890 2889 4962 intelligitur
2919 4894 2976 4944 et
3028 4889 3148 4961 ipsa
3179 4889 3531 4957 universalis,

261 4967 486 5028 dentium
513 4980 603 5029 est
631 4993 644 5030 :
675 4977 852 5048 igitur
879 4977 975 5032 Uti
1011 4979 1214 5032 ratione
1244 4978 1509 5034 accidens
1540 4984 1643 5046 est.
1926 4986 1992 5035 ut
2022 4999 2035 5036 :
2067 4983 2221 5036 homo
2235 4999 2398 5037 sciens
2426 4988 2518 5035 est.
2544 4982 2611 5034 Et
2639 4997 2851 5046 rursus,
2888 4979 3169 5050 quoniam
3217 4979 3536 5034 accidentia

310 5056 402 5113 XII.
434 5061 546 5116 Sed
583 5065 738 5136 quod
764 5064 1049 5119 Rationali
1077 5065 1316 5135 accidat,
1363 5067 1445 5122 ita
1488 5069 1777 5142 colligitur
1811 5086 1823 5125 :
1927 5071 2326 5144 principaliter
2354 5072 2415 5125 in
2443 5069 2753 5124 individuis
2772 5068 3233 5138 considerantur,
3271 5068 3328 5124 id
3357 5072 3442 5124 est
3475 5069 3534 5123 in

257 5147 382 5233 quod
399 5148 681 5208 Rationale
699 5156 802 5221 est,
820 5153 1058 5209 Ratione
1079 5157 1159 5209 uti
1174 5159 1409 5226 potest;
1457 5158 1613 5228 quod
1633 5163 1827 5214 autem
1928 5161 2135 5233 primis
2162 5159 2498 5214 substantiis
2531 5176 2546 5227 ;
2598 5158 2808 5212 idcirco
2855 5158 3016 5213 enim
3073 5174 3200 5229 ipsa
3240 5157 3536 5213 individua

257 5229 452 5321 Ratione
480 5243 565 5294 uti
585 5245 792 5311 potest,
822 5243 1048 5298 ratione
1075 5243 1284 5299 utitur:
1313 5261 1451 5317 ergo
1490 5244 1722 5302 Ratione
1750 5250 1834 5302 uti
1928 5229 2133 5321 primae
2160 5249 2492 5303 substantiae
2525 5248 2816 5315 dicuntur,
2849 5247 2964 5302 sive
2994 5247 3148 5319 quod
3167 5247 3426 5318 ipsorum
3443 5263 3538 5302 ae-

258 5315 509 5418 liationali
522 5330 749 5398 accidit,
781 5331 1239 5404 prmdicaturque
1260 5315 1488 5387 Ratione
1509 5337 1590 5388 uti
1619 5335 1688 5390 de
1716 5335 1830 5390 Ra-
1929 5315 2250 5394 cidentium
2272 5337 2593 5409 susceptiva
2613 5339 2765 5404 sunt,
2793 5337 2911 5391 sive
2928 5315 3066 5410 quia
3080 5315 3274 5408 prima
3285 5336 3360 5391 ad
3383 5337 3538 5390 noti-

262 5413 423 5467 εἰσηαᾶ
437 5418 590 5471 velut
609 5420 676 5474 ad
699 5425 1009 5492 cognatam
1031 5421 1136 5476 sibi
1154 5422 1560 5479 differentiam.
1591 5426 1831 5480 Utenim
1929 5429 2073 5483 tiam
2103 5427 2519 5498 veniunt.Ergo
2547 5429 2656 5481 erit
2681 5441 2884 5480 eorum
2901 5426 3224 5480 intellectus
3254 5427 3316 5480 in
3343 5441 3537 5481 secun-

263 5500 1107 5566 I’ationalidiﬂ'erentiaacazteris
1126 5511 1491 5580 animalibus,
1509 5530 1637 5586 qua:
1653 5515 1832 5570 ratio-
1932 5516 2015 5571 dis
2040 5517 2375 5571 substantiis
2395 5515 2712 5571 secundum
2745 5517 3015 5570 naturam
3054 5514 3379 5586 primarum
3409 5511 3536 5566 sub-

267 5589 451 5650 nahilia
470 5612 593 5652 non
613 5602 760 5669 sunt,
791 5599 1088 5670 distamus,
1113 5601 1194 5658 ita
1227 5617 1296 5658 eo
1317 5601 1452 5675 quia
1474 5603 1696 5661 ratione
1721 5604 1826 5660 uti-
1929 5605 2297 5671 stantiarum,
2327 5611 2390 5662 ut
2416 5623 2431 5664 :
2463 5606 2742 5677 quoniam
2770 5605 3026 5660 calvities
3063 5604 3126 5659 in
3157 5604 3388 5660 Socrate
3432 5602 3541 5674 est,
