3986 6170
332 2106 337 2111 ’
448 2091 660 2153 calvus,
685 2082 945 2150 itemque
974 2089 1107 2129 cum
1134 2072 1207 2126 sit
1233 2071 1436 2135 homo,
1469 2069 1556 2122 est
1596 2065 1861 2120 Socrates
1889 2063 2067 2153 homo

452 344 554 408 ,δη
1052 316 1407 384 smvssrm
1432 318 1480 375 ιι
1508 306 1715 375 1».sz
1753 305 1925 372 opp.
1958 300 2139 368 PARS
2168 306 2213 368 ι.
2238 342 2302 353 -
2348 308 2443 369 DE
2481 313 2841 374 mscmun.
2869 269 3171 378 unum.
3651 326 3743 388 me

450 465 672 522 dicetur
708 454 974 512 Socrates
1025 448 1252 510 calvus;
1297 447 1356 499 et
1407 439 1542 515 quia
1571 439 1838 495 Socrates
1883 436 2061 490 homo
2084 427 2144 490 Δ
2167 436 2429 507 est.Ergo
2448 436 2684 493 Ratione
2702 439 2804 505 uti,
2837 439 3114 511 quoniam
3145 440 3529 500 universaliter
3555 449 3745 519 praedi-

443 558 551 622 est,
577 552 636 605 et
666 543 903 610 animal,
961 541 1019 593 et
1075 532 1414 622 substantia,
1449 530 1670 622 dicetur
1699 541 1929 622 quoque
1958 522 2061 622 So-
2170 529 2363 622 catum
2387 527 2458 622 de
2490 526 2790 597 Rationali,
2822 533 3094 622 utrasque
3124 532 3561 622 enuntiationes,
3590 535 3646 589 id
3674 541 3751 591 est

444 612 630 698 πάθε
658 638 718 691 et
744 635 923 689 homo
954 628 1166 692 calvus,
1219 624 1279 677 et
1309 619 1527 676 animal
1553 618 1797 680 calvum,
1826 616 1885 668 et
1903 612 2062 668 subs-
2166 614 2642 683 afﬁrmationem,
2664 617 3106 689 etnegationem
3124 618 3293 673 falsas
3308 619 3493 689 efficit,
3513 639 3621 677 non
3639 625 3752 679 sub-

444 727 631 786 ίωιιίε
658 724 837 780 calva,
2164 703 2529 771 stautialiter,
2555 704 2654 759 sed
2677 705 3110 760 accidentaliter
3145 707 3542 777 praadicabitur
3567 711 3633 764 de
3653 712 3755 769 Ra-

2167 791 2372 846 tionali.
2406 792 2597 846 Falsus
2622 796 2709 848 est
2731 794 2914 861 enim,
2962 793 3060 865 qui
3112 794 3247 849 dicit
3290 812 3303 849 :
3346 812 3494 850 omne
3515 799 3647 868 quod
3674 815 3754 855 ra-

2167 878 2359 934 tionale
2388 884 2473 934 est
2520 882 2728 936 ratione
2762 883 2973 948 utitur;
3006 898 3137 937 cum
3163 882 3209 937 is
3235 884 3331 954 qui
3362 883 3572 939 dormit
3592 886 3753 942 ratio-

2168 966 2313 1021 nalis
2358 967 2453 1036 sit,
2502 972 2559 1022 et
2589 969 2813 1023 ratione
2855 986 2973 1023 non
3031 973 3241 1024 utatur.
3287 971 3355 1025 Et
3382 988 3589 1039 rursus,
3640 974 3761 1044 quia

2166 1054 2375 1109 nullum
2401 1056 2665 1112 rationale
2706 1059 2912 1113 ratione
2940 1060 3136 1123 utitur,
3185 1074 3318 1113 cum
3350 1060 3512 1113 multi
3554 1060 3759 1115 ratione

2167 1145 2441 1198 utantur:
2476 1160 2616 1215 ergo
2649 1146 2883 1201 Ratione
2913 1148 2998 1199 uti
3022 1145 3427 1217 praedicabitur
3469 1148 3540 1201 de
3586 1148 3761 1203 Ratio-

2167 1230 2285 1286 nali
2302 1248 2420 1286 non
2462 1233 2933 1301 substantialiter,
2966 1233 3065 1287 sed
3097 1233 3539 1301 accidentaliter,
3572 1238 3627 1288 et
3648 1239 3762 1289 tan-

2169 1335 2345 1391 quam
2377 1320 2705 1376 differentia
2735 1321 3106 1376 accidentalis
3128 1322 3199 1376 de
3233 1322 3592 1377 substantiali
3614 1322 3762 1377 dilic-

2167 1409 2380 1463 rentia.
2409 1409 2570 1464 Sicut
2597 1411 2754 1465 enim
2782 1410 3201 1465 rationabilitas
3241 1426 3275 1464 a
3318 1410 3537 1465 casteris
3566 1427 3665 1466 nos
3686 1428 3764 1466 se-

2168 1499 2335 1569 parat
2360 1497 2726 1565 animalibus,
2759 1516 2886 1570 quaa
2919 1499 3289 1553 rationabilia
3328 1515 3447 1554 non
3499 1502 3627 1553 sunt
3651 1516 3666 1554 :
3694 1500 3769 1554 ita

2169 1588 2350 1641 etiam
2381 1588 2619 1643 Ratione
2641 1590 2723 1641 uti
2759 1603 2863 1641 nos
2894 1587 3124 1642 differre
3149 1587 3285 1641 facit
3326 1589 3399 1642 ab
3432 1588 3499 1642 iis
3519 1588 3771 1642 animali-

2169 1675 2296 1743 bus,
2327 1693 2454 1747 quaa
2485 1677 2710 1731 ratione
2737 1692 2853 1730 non
2886 1680 3147 1734 utuntur.
3192 1676 3606 1731 Praidicabitur
3638 1693 3769 1747 quo-

2170 1781 2282 1835 que
2314 1765 2546 1821 Ratione
2574 1767 2655 1817 uti
2677 1764 2748 1818 de
2767 1764 3053 1821 Rationali
3077 1765 3399 1819 secundum
3424 1765 3775 1819 naturamin-

516 852 623 910 XV.
650 850 764 904 Nec
791 846 958 920 putet
993 856 1089 896 me
1125 835 1330 909 aliquis
1374 835 1485 889 hoc
1540 832 1684 886 velle
1713 829 2059 920 significare,

448 947 512 998 ut
541 918 840 996 minorum
868 926 1204 1003 praedicatio
1232 920 1520 978 redundet
1546 919 1617 974 ad
1636 918 1898 989 majora;
1932 932 2059 970 cum

446 1028 676 1100 majora
703 1035 936 1092 semper
964 1016 1036 1071 de
1066 1007 1811 1080 minoribusprasdicentur,
1835 1004 2066 1058 minora

448 1121 520 1176 de
542 1093 861 1186 majoribus
875 1120 1196 1177 nunquam.
1219 1099 1390 1155 Aliud
1401 1101 1506 1162 est,
1531 1094 1827 1186 generalia
1837 1093 2064 1186 despe-

448 1179 686 1262 cialibus
712 1197 1029 1273 praedicare
1053 1211 1068 1262 ;
1103 1191 1361 1260 itemque
1385 1184 1653 1273 specialia
1669 1183 1739 1273 de
1758 1179 2065 1273 individuis

448 1297 564 1352 sive
597 1292 659 1347 in
689 1267 1144 1362 praedicamento
1175 1274 1528 1340 substantiae,
1561 1272 1676 1326 sive
1708 1269 1765 1324 in
1798 1267 2061 1323 acciden-

445 1384 593 1440 tium
622 1359 1089 1451 praedicamentis
1117 1364 1436 1423 secundum
1478 1359 1926 1451 uniuscujusque
1959 1372 2063 1451 na:

448 1444 679 1535 turam;
707 1468 998 1535 longeque
1026 1456 1200 1523 aliud,
1238 1457 1508 1509 naturam
1569 1444 2067 1535 accidentium'ad

448 1531 784 1615 substantia:
813 1531 1031 1606 referre
1054 1542 1496 1618 proprietatem.
1531 1537 1613 1593 Ibi
1629 1551 1858 1609 quoque
1879 1531 2069 1588 consi-

450 1644 672 1703 deratio
707 1643 812 1709 est,
845 1653 974 1710 qua:
1008 1629 1347 1696 substantia,
1382 1629 1453 1683 de
1493 1642 1609 1699 qua
1637 1620 1977 1710 substantia,
2011 1623 2070 1673 et

450 1732 607 1807 quod
637 1708 922 1793 accidens,
983 1722 1054 1778 de
1085 1736 1207 1807 quo
1238 1714 1522 1807 accidenti
1549 1711 1925 1807 praedicetur,
1958 1708 2068 1807 hoc
2099 1729 2153 1790 B

449 1795 745 1896 quomodo
768 1831 828 1870 se
855 1812 1069 1868 habeat
1098 1806 1371 1896 accidens
1382 1798 1989 1896 ad.substantia.m,.et‘
2008 1795 2068 1892 in

449 1884 565 1985 qua
590 1906 848 1981 primum
878 1897 1223 1985 reperiatur,
1252 1896 1314 1947 ut
1340 1892 1411 1985 de
1443 1891 1518 1985 Sp
1531 1889 1702 1985 cratis
1730 1886 1949 1941 calvitie
1976 1884 2069 1985 hic

448 1972 669 2057 dictum
694 1995 799 2048 est.
834 1990 1027 2059 Neque
1078 1984 1238 2039 enim
1284 1980 1421 2053 quia
1476 1978 1762 2043 Socrates,
1825 1990 1957 2029 cum
1996 1972 2070 2026 sit

2171 1852 2552 1908 difﬁnitarum
2581 1853 3085 1924 praadicationum,
3128 1870 3254 1925 quae
3285 1852 3775 1925 continentparti-

2170 1943 2450 1997 cularium
2483 1958 2601 1997 non
2635 1942 2949 1996 secundum
2982 1942 3406 2014 proprietatem
3438 1942 3782 1996 determina-

2171 2030 2419 2095 tionum,
2470 2047 2599 2103 quae
2663 2030 2903 2101 subjecti
2957 2030 3222 2085 terminis
3278 2031 3664 2102 quantitatem
3687 2027 3779 2083 de-

2170 2122 2535 2175 monstrant:
2571 2136 2759 2191 neque
2789 2119 3114 2189 subjectum
3164 2118 3433 2175 rationale
3459 2117 3781 2173 universali-

645 2150 727 2225 vod
2170 2150 2499 2173 ιυυυδιιιαιιι
2522 2161 2535 2175 ο
2571 2150 2759 2191 llu‘iuc
2789 2150 3114 2189 DIIUJUUUUUI
3165 2150 3431 2175 Ιαιιυιιαιε
3462 2150 3781 2173 υυινῠιθωι·

448 2179 975 2279 φὶνιιεξιᾲξίζοωωι
1009 2248 1355 2279 “haud”
1417 2247 1473 2279 η,
1513 2198 1719 2279 ζωτηὴ
1754 2240 1905 2279 Imm“
1949 2240 2069 2279 nm;
2170 2211 2260 2261 ter
2287 2208 2577 2278 prolatum
2613 2208 2881 2279 suscipiet
2910 2224 3127 2263 nomen
3146 2207 3785 2277 etdifﬁnitionempraz-

451 2240 677 2322 tionum
690 2256 816 2312 alia;
846 2254 980 2307 sunt
1009 2248 1378 2312 universales,
1417 2247 1480 2298 ut
1513 2244 1719 2296 :omnis
1751 2240 1905 2294 homo
1949 2240 2069 2291 ani-

450 2352 565 2411 mal
583 2355 691 2413 est;
730 2345 855 2404 alia;
883 2338 1278 2417 particulares,
1305 2337 1369 2388 ut
1396 2349 1408 2387 :
1435 2326 1655 2403 quidam
1693 2329 1847 2417 liomo
1866 2324 2071 2417 animal

451 2450 546 2509 est;
568 2442 696 2498 aliae
723 2413 1162 2497 indefinitaamt:
1187 2426 1341 2479 homo
1363 2419 1679 2509 animalest.
1705 2416 1762 2471 Si
1785 2432 1923 2486 ergo
1946 2413 2072 2509 uni-

451 2501 742 2588 versalitas
770 2541 876 2598 per
904 2538 964 2578 se
992 2520 1180 2591 ipsam
1215 2514 1276 2567 in
1306 2507 1772 2583 propositionum
1803 2501 2073 2598 terminis

452 2621 692 2685 valeret,
721 2591 1240 2671 determinationes
1264 2597 1587 2655 universale
1616 2591 2073 2685 determinantes

454 2680 812 2766 additaa'non
836 2699 1102 2755 fuissent.
1133 2693 1278 2748 Cum
1300 2686 1458 2743 enim
1472 2683 1792 2739 universale
1816 2680 2070 2746 sit/roma,

456 2789 943 2854 determinatione
968 2782 1230 2858 apposita
1257 2774 1598 2851 exprimitur
1623 2774 1817 2826 utrum
1844 2769 2071 2824 univer-

456 2886 672 2951 saliter,
697 2899 770 2938 an
803 2871 1225 2951 particulariter
1254 2868 1314 2923 in
1354 2861 1750 2937 propositione
1783 2859 2073 2951 prolatum

453 2976 545 3033 sit.
579 2946 1108 3030 Determ—inationes
1160 2961 1356 3014 autem
1395 2956 1530 3009 sunt
1562 2968 1577 3006 :
1614 2950 1803 3013 omnis,
1825 2946 2005 3002 nullus
2026 2950 2075 2999 et

454 3063 693 3140 quidam.
719 3060 864 3116 Cum
896 3069 1034 3125 ergo
1066 3047 1389 3140 universale
1416 3043 1489 3098 sit
1499 3042 1677 3140 ἔξωηοῖ
1698 3038 1857 3140 nulla
1881 3037 2077 3140 deter-

457 3125 779 3212 initiatione
804 3132 1252 3207 adhibita,‘cum
1282 3134 1354 3188 de
1383 3148 1452 3186 eo
1484 3129 1700 3185 dixeris
1732 3144 1745 3182 :
1770 3128 1923 3181 homo
1950 3125 2077 3197 phi-

458 3242 697 3314 losophus
712 3244 807 3305 est,
845 3233 1003 3289 nulla
1033 3224 1344 3284 necessitas
1373 3219 1528 3314 cogit
1555 3215 1802 3314 intelligi
1815 3229 2077 3314 “omnem

456 3303 759 3388 hominem
788 3303 1200 3397 philosophum
1236 3327 1378 3367 esse.
1414 3309 1556 3363 Cum
1605 3305 1766 3360 enim
1814 3303 2080 3397 socrates

461 3390 835 3494 philosophus
864 3408 957 3476 sit,
980 3405 1262 3494 idemque
1282 3397 1575 3494 sit-homo,
1595 3408 1797 3494 verum
1812 3390 2079 3494 erit,cum

464 3478 717 3564 dixeris?
752 3500 909 3555 homo
930 3488 1270 3566 philosophus
1294 3491 1388 3541 est.
1418 3484 1567 3554 Ergo
1600 3478 1915 3536 indefinite:
1942 3493 2078 3566 pro-

460 3592 777 3670 positiones
824 3564 953 3658 quze
1000 3576 1319 3636 universale
1351 3572 1673 3643 subjectum
1697 3567 1936 3670 habent,
1964 3564 2080 3666 vim

465 3655 771 3742 continent
797 3655 1234 3747 particularium
1248 3660 1732 3738 propositionum.
1754 3657 1896 3747 cum
1921 3655 2079 3711 enim

465 3774 595 3831 dico
628 3787 644 3826 :
675 3745 832 3827 Immo
846 3757 1189 3835 philosophus
1244 3760 1339 3821 est,
1397 3751 1510 3805 tale
1568 3749 1655 3804 est
1689 3764 1755 3803 ac
1781 3745 1825 3802 si
1864 3761 2077 3818 propo-

465 3878 607 3920 nam
640 3876 654 3916 :
682 3855 903 3932 quidam
921 3850 1073 3905 homo
1091 3842 1432 3919 philosophus
1462 3845 1554 3932 est.
1579 3837 1647 3932 Et
1674 3835 1952 3932 quoniam
1970 3835 2081 3932 Ιφ-

467 3920 1059 4008 tionalisdifferentia,
1091 3950 1224 3990 cum
1249 3932 1319 3987 de
1360 3946 1430 3985 ea
1481 3928 1718 3986 Ratione
1767 3925 1851 3978 uti
1874 3920 2082 3997 praedi—

466 4042 651 4106 catur,
682 4028 1007 4090 universale
1037 4023 1361 4094 subjectum
1392 4016 1484 4106 sit,
1536 4013 1648 4106 erit
1678 4013 1748 4068 de
1779 4029 1848 4067 ea
1875 4009 2081 4066 indeﬁ-

463 4127 591 4186 nita
613 4100 956 4200 propositio,
972 4113 1090 4170 vim
1105 4102 1466 4182 particularis
1492 4100 1816 4200 continens,
1846 4115 1933 4166 ea,
1956 4115 2082 4197 quae

467 4187 782 4272 dicuntur:
815 4204 945 4277 quia
996 4195 1262 4255 rationale
1300 4200 1395 4262 est,
1460 4193 1667 4246 ratione
1719 4187 1889 4243 utitur
1914 4205 1926 4243 :
1951 4187 2086 4277 quia

464 4298 787 4377 propositio
818 4274 946 4348 talis
979 4293 1065 4345 est
1084 4303 1154 4377 ac
1178 4286 1223 4341 si
1246 4280 1471 4377 dicatur
1494 4296 1507 4336 :
1531 4278 1798 4377 quoddam
1823 4274 2086 4377 rationale

467 4363 678 4448 ratione
699 4385 893 4442 utitur.
926 4377 1033 4443 Qui
1065 4374 1223 4430 enim
1256 4371 1394 4427 dicit
1425 4387 1439 4425 :
1471 4385 1626 4424 omne
1659 4363 1797 4439 quod
1824 4363 2088 4419 rationale

466 4486 562 4547 est,
611 4476 816 4530 ratione
859 4468 1052 4533 utitur,
1082 4478 1208 4518 rem
1242 4457 1627 4514 universalem
1687 4451 2088 4547 universaliter

469 4538 812 4624 enuntiavit,
870 4558 931 4610 et
976 4555 1062 4606 est
1090 4546 1406 4605 afﬁrmatio
1438 4544 1601 4611 falsa,
1636 4541 1796 4613 cujus
1827 4538 2084 4612 negatio,

467 4657 531 4714 id
560 4654 665 4721 est,
686 4645 893 4703 nullum
915 4637 1177 4698 rationale
1210 4636 1414 4692 ratione
1442 4634 1638 4700 utitur,
1669 4629 1932 4685 similiter
1947 4628 2089 4683 falsa

471 4738 781 4817 reperitur.

2172 2294 2364 2364 dicati,
2398 2296 2554 2369 quod
2584 2312 2701 2351 non
2731 2297 2815 2363 ﬁt,
2862 2296 2972 2350 nisi
2995 2296 3052 2350 in
3081 2296 3557 2351 substantialibus
3583 2293 3785 2366 prendi-

2171 2384 2510 2441 cationibus.
2544 2385 2957 2441 Substantiales
2996 2389 3188 2440 autem
3218 2384 3666 2457 praedicationes
3692 2399 3784 2437 vo-

2170 2489 2259 2542 co,
2292 2491 2418 2545 quas
2444 2475 2590 2529 ﬁunt
2628 2491 2662 2528 a
2690 2474 3141 2546 generalissimis
3162 2474 3480 2545 generibus
3506 2489 3683 2544 usque
3718 2471 3786 2526 ad

2173 2563 2609 2636 specialissimas
2636 2562 2871 2634 species,
2906 2563 3021 2618 sive
3050 2562 3371 2629 individua,
3413 2562 3530 2616 sive
3574 2562 3633 2615 in
3666 2561 3789 2615 sub-

2173 2651 2397 2707 stantiis
2426 2652 2587 2718 fiant,
2610 2652 2723 2705 sivo
2750 2651 2809 2705 in
2848 2651 3258 2713 accidentibus,
3303 2653 3370 2705 ut
3397 2650 3634 2722 quando
3679 2649 3791 2701 ani-

2172 2742 2286 2795 mal
2301 2740 2560 2795 rationale
2583 2740 2805 2795 mortale
2835 2739 3114 2806 (hominis
3139 2739 3405 2794 definitio
3446 2742 3533 2793 est
3560 2755 3574 2794 :
3604 2736 3800 2792 animal

2172 2830 2456 2896 rationale,
2489 2828 2736 2901 mortale)
2768 2829 2839 2884 de
2870 2829 3109 2884 homine
3140 2828 3582 2899 praedicabitur.
3605 2824 3799 2881 Omnis

2175 2918 2333 2973 enim
2364 2917 2636 2972 difﬁnitio
2669 2917 2740 2971 de
2772 2934 2840 2972 ea
2867 2933 2929 2971 re
2956 2916 3329 2989 praedicatur,
3366 2931 3551 2989 quam
3584 2914 3799 2971 deﬁnit.

2097 3004 2147 3066 Ο
2175 3007 2243 3061 Et
2272 3022 2404 3061 cum
2437 3006 2597 3060 dico:
2630 3005 2931 3061 Dialectica
2959 3012 3036 3061 est
3063 3004 3192 3060 bene
3219 3004 3548 3077 disputandi
3566 3004 3799 3067 scientia,

2175 3096 2325 3149 hanc
2364 3094 2777 3148 difﬁnitionem
2817 3094 2888 3149 de
2937 3092 3241 3148 dialectica
3294 3092 3583 3164 praedico,
3640 3095 3699 3145 et
3727 3093 3807 3144 est

2177 3185 2420 3256 utraque
2445 3182 2776 3253 praedicatio
2808 3181 3219 3244 substantialis,
3252 3180 3671 3252 sicututraque
3702 3177 3806 3233 dif-

2177 3272 2398 3341 finitio;
2428 3271 2615 3326 omnis
2646 3271 2804 3325 enim
2838 3270 3110 3325 difﬁnitio
3157 3286 3193 3325 a
3247 3286 3476 3339 genere
3502 3268 3809 3340 incipiens,

2178 3376 2395 3433 perque
2421 3359 2775 3415 differentias
2802 3376 2978 3431 usque
3008 3359 3081 3413 ad
3111 3358 3393 3431 speciem,
3429 3375 3564 3431 quas
3580 3356 3801 3422 deﬁnit,

2177 3448 2539 3523 perveniens,
2571 3447 2969 3504 substantialis
2998 3450 3109 3505 est.

2248 3538 2402 3594 XVII.
2457 3539 2526 3592 Et
2566 3537 2869 3610 quoniam,
2924 3540 2985 3591 ut
3023 3535 3296 3606 arbitror,
3328 3538 3516 3610 plane
3549 3536 3820 3592 demons-

2178 3630 2393 3682 tratum
2426 3629 2511 3681 est
2546 3626 2839 3698 quomodo
2862 3626 3095 3683 Ratione
3117 3629 3202 3680 uti
3220 3625 3588 3696 pra-dicetur
3623 3624 3695 3680 de
3717 3622 3823 3679 Ra-

2180 3715 2385 3784 tionali,
2420 3732 2538 3770 non
2565 3714 2953 3770 necessarium
2994 3713 3126 3769 duxi
3186 3714 3269 3768 eis
3313 3714 3714 3785 respondere,
3736 3709 3829 3784 qui

2178 3807 2302 3859 tam
2333 3803 2545 3859 insulsa
2574 3802 2991 3875 praedicatione
3022 3802 3351 3857 commenti
3388 3804 3555 3869 sunt,
3589 3816 3723 3873 quas
3771 3798 3828 3853 in

2182 3894 2390 3947 natura
2412 3889 2895 3962 praedicationum
2940 3888 3185 3945 inveniri
3225 3905 3353 3944 non
3384 3892 3665 3962 possunt.
3708 3888 3829 3941 Non

2182 3980 2339 4036 enim
2370 3980 2506 4052 quia
2535 3983 2713 4047 actus,
2754 3982 2812 4034 et
2838 3981 3111 4051 potestas,
3139 3982 3197 4033 et
3226 3978 3361 4051 plus
3389 3981 3555 4044 sunt,
3599 3980 3661 4032 et
3706 3976 3830 4049 plus

2185 4085 2359 4141 quam
2387 4069 2507 4123 sola
2533 4071 2812 4140 potestas,
2842 4068 2972 4122 ideo
2997 4068 3232 4124 Ratione
3259 4067 3441 4136 uti,in
3471 4083 3594 4139 quo
3610 4070 3833 4121 utrum-

2184 4174 2296 4230 que
2321 4160 2427 4225 est,
2445 4156 2853 4228 praedicabitur
2877 4157 2946 4211 de
2968 4155 3270 4223 Rationali,
3299 4159 3371 4210 ut
3412 4176 3427 4212 :
3464 4155 3737 4221 ambulat,
3771 4152 3827 4206 in

2186 4263 2302 4318 quo
2332 4249 2419 4301 est
2448 4250 2606 4301 actus
2635 4262 2767 4300 cum
2791 4249 3096 4319 potestate,
3116 4246 3187 4300 de
3205 4244 3571 4300 ambulabili
3602 4261 3724 4300 non
3754 4241 3835 4297 di-

2105 4337 2160 4396 D
2185 4335 2353 4403 citur,
2389 4334 2446 4389 id
2467 4334 2647 4403 est,de
2674 4334 2794 4389 sola
2814 4337 3131 4407 potestate;
3165 4333 3265 4389 sed
3309 4333 3668 4388 econtrario
3730 4346 3833 4384 non

2188 4423 2449 4491 ambulat,
2481 4423 2552 4478 de
2582 4423 2916 4478 ambulabili
2944 4422 3327 4494 praedicetur;
3358 4438 3478 4477 nec
3507 4439 3687 4492 unus,
3705 4418 3839 4493 quia

2188 4512 2330 4567 duos
2359 4510 2652 4584 prazcedit,
2694 4510 2825 4566 ideo
2881 4511 2951 4565 de
2982 4511 3205 4565 duobus
3235 4511 3700 4581 praedicabitur,
3735 4524 3836 4562 nec

2188 4602 2391 4673 primae.
2449 4599 2781 4655 substantiae
2833 4599 2902 4655 de
2941 4598 3208 4654 secundis
3261 4599 3367 4653 sed
3425 4598 3717 4655 secundm
3770 4597 3839 4652 de

2186 4690 2394 4763 primis
2422 4689 2914 4762 praedicabantur.

2046 4843 2056 4854 .
2258 4779 2541 4852 Descripsi
2570 4778 2877 4833 Gerbertus
2923 4777 3027 4831 etsi
3068 4794 3102 4833 a
3127 4776 3418 4850 gravitate
3482 4773 3845 4834 sacerdotali

539 4867 677 4922 XVI.
707 4857 967 4931 Amplius
1001 4871 1015 4910 ³
1041 4853 1100 4909 in
1124 4850 1215 4945 ,hi?
1242 4846 1845 4945 qum_sub3taﬂtialitfr
1877 4844 2086 4945 Ρτωάίξ·
2190 4872 2435 4937 remota,
2454 4844 2584 4923 ⁸ῐιοιι
2605 4871 2803 4922 tamen
2834 4866 2906 4921 ab
2940 4844 3229 4937 imperiali
3248 4866 3452 4923 studio
3485 4868 3847 4935 aliena,ma-

470 4959 676 5015 cantur
731 4946 1052 5006 secundum
1106 4938 1489 4997 universale!“
1543 4935 1996 5030 δίθτηιθίίίῗθθξῖί
2026 4936 2086 4988 et
2188 4958 2383 5030 luique
2423 4935 2546 5012 aliis
2568 4955 2869 5027 displicere
2889 4935 3064 5027 quam
3095 4955 3256 5009 vobis
3286 4970 3413 5009 non
3444 4956 3695 5028 placere
3715 4969 3851 5009 cum

469 5042 869 5118 negationem,
892 5034 1075 5091 altera
1110 5044 1317 5085 eorum
1346 5040 1578 5096 semper
1602 5039 1738 5078 vera
1763 5025 1872 5122 est,
1905 5022 2074 5120 altera

2188 5047 2251 5102 in
2282 5048 2415 5118 hoc,
2453 5049 2579 5100 tum
2624 5044 2682 5099 in
2714 5043 2984 5099 omnibus
3028 5042 3277 5116 negotiis
3330 5042 3615 5116 imperio
3660 5047 3851 5098 Vestro

467 5114 651 5201 falsa;
683 5133 765 5197 ιιι,
798 5125 844 5181 εί
876 5119 1188 5212 δί’ῧνηιθτίίίξ
1218 5132 1355 5212 [lem
1391 5114 1483 5182 δίίν
1503 5114 1738 5212 Ϊξθξδίίο
1760 5114 2087 5212 ἱογεηίειιιιτ
2192 5114 2407 5208 dignis;
2448 5132 2672 5205 Legetis
2698 5148 2836 5204 ergo
2876 5133 2999 5188 hinc
3026 5114 3181 5187 inter
3229 5114 3452 5187 vestra;
3505 5133 3856 5188 matheseos

469 5225 643 5291 falsa;
672 5221 731 5275 et
759 5216 807 5272 si
838 5209 1149 5270 afﬁrmatio
1163 5202 2089 5293 falsa,negatioinveniaturvera,
2191 5202 2478 5282 “gratia.
2511 5202 2598 5278 A'n
2628 5202 2969 5293 vero‘digna
2999 5237 3160 5276 sacro
3187 5220 3411 5293 palatio
3450 5221 3858 5287 contulerim,
3914 5263 3920 5269 _

465 5318 531 5371 ut
556 5329 572 5369 :
604 5289 774 5366 omnis
792 5304 949 5361 homo
989 5296 1196 5355 animal
1216 5303 1311 5363 est,
1342 5292 1519 5347 nullus
1550 5291 1707 5348 homo
1732 5289 1939 5345 animal
1970 5296 2044 5345 est
2072 5335 2074 5359 ,

2192 5314 2476 5370 nobilium
2506 5289 2943 5384 respondebunt
2967 5289 3501 5365 studia—Consulto.
3533 5327 3664 5365 non
3700 5313 3858 5364 tace-

469 5401 643 5460 omnis
666 5399 821 5454 homo
848 5391 981 5464 lapis
1004 5394 1100 5456 est,
1121 5384 1302 5441 nullus
1338 5383 1490 5436 homo
1513 5380 1649 5453 lapis
1674 5385 1772 5437 est.
1805 5378 1863 5434 Si
1893 5384 2074 5436 autem

2190 5404 2275 5460 bit
2310 5403 2517 5475 logica,
2548 5378 2655 5456 nec
2677 5401 2807 5472 jure
2833 5399 3052 5471 culpari
3079 5401 3362 5465 metuam,
3413 5399 3467 5453 si
3524 5400 3593 5455 id
3627 5400 3868 5455 labora-

469 5486 789 5551 secundum
820 5480 1083 5538 αοείάθηε
1128 5470 1461 5562 ῐπωάίοδιίῖ)
1521 5469 1919 5524 υηίνθτδθληίθν
1964 5470 2086 5539 δεῖν
2190 5469 2695 5559 verimveii‘ecisse,
2728 5489 2885 5562 quod
2923 5469 3096 5544 sacris
3126 5487 3361 5544 auribus
3412 5489 3703 5562 potuerit
3732 5488 3863 5561 pla-

468 5585 743 5651 utrasque
781 5571 953 5629 simul
983 5568 1154 5624 falsas
1198 5560 1439 5620 inveniri
1471 5576 1699 5615 necesse
1727 5562 1833 5627 est,
1857 5564 1951 5615 ut:
1974 5577 2090 5616 om-
2191 5581 2392 5640 misse.

469 5673 562 5736 κάς
600 5649 757 5731 homo
781 5657 1134 5741 philosophis
1180 5660 1275 5724 est,
1312 5650 1491 5708 nullus
1535 5651 1691 5710 homo
1738 5649 2091 5725 pkiwsophus
2911 5650 3097 5710 Emis.
