3954 6170
467 382 566 437 175

1143 372 1498 437 SILVESTRI
1524 380 1567 435 ΙΙ
1599 378 1800 436 PAsz
1826 334 1980 437 ODP.
2010 374 2058 435 Ρ.

2164 378 2211 435 3.
2248 381 2314 435 ll.
2344 412 2409 422 -
2440 380 2529 436 DE
2560 374 2782 437 REBUS
2815 374 3095 438 ECCLES.
3620 391 3700 445 Γἲὸ

466 504 692 572 dedisti,
727 505 825 561 Dei
869 505 1123 577 gratiam
1147 523 1486 579 comparare
1523 507 1838 573 mstimasti,
1871 510 1928 560 et
1960 523 2065 577 per
2099 509 2152 567 Α
2175 505 2375 559 ordine
2402 508 2548 561 Deus
2570 524 2603 560 a
2632 510 2684 561 te
2708 506 2849 560 nihil
2892 509 3200 577 exspectat,
3226 523 3321 561 cur
3347 524 3378 562 a
3404 511 3454 562 te
3482 514 3707 567 sacerdos

462 593 573 649 hoc
600 594 819 665 lepram
851 595 1036 666 ipsam
1067 596 1377 667 suscepisti.
1412 598 1553 650 Item
1587 595 1888 667 pecuniam
1913 611 2068 649 acce-

462 681 797 752 pisti,ctDei
818 684 1067 753 gratiam
1100 684 1286 754 pretio
1311 684 1629 738 distrahere
1650 701 1765 739 non
1796 684 2065 751 timuisti;

462 769 631 823 simul
654 770 827 825 etiam
857 773 1077 841 lepram
1106 771 1411 839 tradidisti,
1436 775 1493 826 et
1517 772 1933 827 commercium
1965 772 2064 826 mi-

463 858 705 912 serabile
724 858 782 913 in
804 859 1135 914 animarum
1149 860 1321 915 exitio
1339 860 1921 931 peregisti.Abbatem
1940 877 2069 931 pro-

460 950 589 1016 pter
603 946 868 1002 denarios
881 965 1053 1020 super
1066 950 1381 1003 monachos
1396 949 1760 1017 ordinasti,et
1774 951 2065 1020 leprosum

461 1034 762 1091 hominem
792 1036 852 1091 in
874 1040 1125 1092 mortem
1158 1039 1579 1093 monachorum
1602 1038 2067 1094 exaltasti.Etne~

458 1123 557 1178 scii
584 1124 850 1180 homines
870 1126 928 1179 in
948 1126 1406 1181 ordinationibus
1423 1127 1677 1182 clamant
1700 1127 1899 1181 vestris
1924 1144 1935 1181 :
1960 1126 2061 1180 Di-

453 1230 592 1282 gnus
621 1220 669 1267 et
676 1214 855 1285 jnstus
877 1222 981 1277 est;
1010 1217 1067 1268 et
1090 1214 1441 1269 conscientia
1462 1214 1671 1269 misera
1695 1216 1943 1270 clamat:
1978 1217 2065 1269 In-

457 1300 664 1372 dignus
694 1306 751 1355 et
780 1302 1023 1373 injustus
1052 1305 1153 1356 est.
1190 1303 1531 1357 Pronuntiat
1563 1304 1689 1358 talis
1718 1305 2016 1375 episcopus
2047 1318 2060 1357 :

453 1388 580 1442 Pax
607 1390 893 1458 vobiscum,
919 1394 977 1444 et
1002 1390 1119 1462 ipse
1142 1391 1380 1445 interius
1400 1408 1603 1463 pacem
1635 1408 1753 1447 non
1785 1393 1958 1447 habet
1983 1408 2065 1446 se-

458 1493 612 1531 cum.
650 1476 836 1531 Oculis
866 1479 1192 1532 carnalibus
1221 1480 1442 1533 videtur
1473 1478 1770 1551 episcopus
1795 1496 2062 1550 magnus,

456 1569 514 1619 et
544 1564 748 1619 divinis
779 1566 1070 1620 obtutibus
1099 1568 1358 1637 leprosus
1380 1571 1464 1621 est
1494 1568 1797 1622 maximus.
1821 1569 1929 1622 Per
1962 1586 2060 1640 pe-

454 1654 685 1709 cuniam
715 1655 1038 1710 indebitum
1064 1656 1327 1710 ordinem
1361 1657 1677 1728 acquisivit,
1705 1662 1762 1712 et
1790 1659 1971 1712 Deum
2003 1658 2060 1712 in

452 1742 729 1797 interiore
742 1743 977 1798 homine
999 1744 1266 1816 perdidit.
1286 1744 1428 1800 Caro
1444 1745 1787 1817 dignitatem
1807 1747 2058 1818 suscipit,

2169 593 2475 663 pecuniam
2496 594 2865 666 impudenter
2885 596 3211 665 exspectat?
3233 598 3371 650 Deus
3387 596 3586 652 homini
3602 616 3713 653 con-

2168 683 2371 737 cedere
2397 684 2576 738 valuit
2605 684 2802 755 gratis,
2837 687 2894 737 et
2933 682 3229 754 episcopus
3258 699 3420 755 rapax
3448 687 3711 756 pecuniam

2168 771 2238 824 ab
2264 772 2500 826 homine
2527 771 2768 843 expetit!
2803 772 2989 853 Gratis
3010 771 3063 825 ei
3095 772 3238 826 Deus
3268 774 3325 825 ut
3351 772 3613 843 benignus
3634 775 3715 829 do-

2167 860 2344 927 navit,
2375 860 2638 915 sacerdos
2660 862 2723 913 ut
2751 860 3041 931 malignus
3073 876 3207 914 eum
3237 859 3542 931 captivavit!
3575 861 3715 924 Quod

2166 948 2321 1002 enim
2337 949 2514 1003 babes
2529 948 2683 1020 quod
2712 965 2831 1004 non
2850 947 3156 1018 accepisti?
3186 947 3242 1002 Si
3266 951 3450 1002 autem
3467 950 3717 1019 accepisti,

2165 1035 2301 1107 quid
2321 1036 2603 1107 gloriaris,
2635 1036 2794 1108 quasi
2823 1052 2939 1091 non
2970 1036 3296 1108 acceperis?

2234 1126 2373 1179 Ecce
2405 1125 2474 1179 ad
2503 1142 2629 1196 quae
2661 1126 2819 1179 mala
2847 1124 3162 1179 devolvitur
3182 1123 3411 1179 deificus
3433 1124 3583 1180 ordo.
3602 1125 3724 1179 Ecce

2165 1213 2235 1267 ad
2259 1230 2385 1285 qua:
2411 1218 2543 1267 sunt
2567 1213 2779 1285 probra
2790 1212 3062 1285 prolapsi,
3081 1212 3178 1284 qui
3199 1212 3394 1267 audire
3418 1217 3722 1267 meruerunt

2165 1301 2401 1356 aJudice
2420 1302 2654 1357 mundi:
2695 1303 2796 1355 Vos
2824 1305 2944 1356 estis
2974 1303 3067 1355 lux
3090 1301 3278 1357 mundi
3304 1300 3519 1372 (Matth,
3548 1318 3596 1354 v.
3626 1304 3722 1365 14).

2163 1391 2303 1445 Ecce
2324 1392 2532 1462 quibus
2557 1391 2936 1462 subjiciuntur
2961 1395 3184 1463 gentes,
3220 1390 3423 1462 quibus
3448 1407 3481 1444 a
3512 1389 3724 1444 Domino

2165 1479 2381 1534 dictum
2413 1484 2532 1534 est:
2576 1480 2681 1533 Vos
2734 1483 2857 1536 estis
2881 1480 2964 1533 sal
3009 1486 3160 1534 terra?
3190 1478 3375 1545 (10121.,
3420 1477 3527 1550 l3).
3572 1477 3625 1532 Si
3650 1479 3728 1532 lux

2164 1584 2222 1621 es
2245 1568 2503 1622 Ecclesia:
2532 1586 2565 1623 a
2587 1568 2834 1623 Domino
2866 1568 3231 1634 constitutus,
3260 1571 3323 1621 ut
3348 1566 3633 1637 imperitia:
3660 1568 3731 1619 te-

2163 1658 2371 1712 nebras
2388 1657 2814 1729 praedicationis
2827 1660 2939 1712 tuae
2951 1658 3179 1728 eloquio
3194 1656 3462 1711 rutilante
3476 1655 3734 1709 conscien-

2161 1745 2372 1800 tiarum
2401 1747 2668 1800 tenebras
2694 1746 3001 1813 illuminas,
3044 1762 3147 1800 cur
3197 1744 3320 1816 ipse
3348 1744 3594 1800 tenebris
3636 1744 3737 1814 pal-

454 1834 513 1885 et
542 1831 737 1885 anima
761 1832 1127 1887 honestatem
1156 1833 1364 1904 perdit.
1396 1834 1539 1888 Caro
1571 1835 1777 1891 ancilla
1805 1836 1959 1890 facta
1978 1840 2063 1890 est
2084 1823 2135 1882 Β
2163 1834 2445 1906 pabibilus
2472 1834 2687 1889 teneris
2732 1834 3035 1890 obstrictus
3066 1850 3174 1906 per
3214 1850 3388 1905 supra
3416 1835 3738 1887 memoratos

455 1919 715 1987 domina,
744 1922 801 1973 et
831 1920 1029 1975 anima
1078 1920 1315 1976 domina
1355 1922 1507 1977 facta
1545 1924 1603 1976 et
1630 1922 1880 1991 famula;
1939 1925 2062 1979 haec

450 2005 644 2061 minor
675 2006 1010 2061 dominatur
1055 2008 1301 2079 populis,
1339 2012 1397 2064 et
1428 2009 1529 2064 illa
1581 2010 1846 2081 superior
1889 2010 2062 2065 servit

453 2093 959 2150 daamoniis.Carni
980 2097 1363 2151 sacerdotium
1386 2099 1830 2168 comparavit,et
1849 2099 2060 2153 anima:

453 2182 871 2237 detrimentum
905 2184 1145 2254 paravit.
1178 2185 1246 2238 Et
1276 2186 1416 2256 quid
1446 2186 1709 2256 proderit
1730 2186 2061 2256 hujusmodi

450 2270 699 2337 homini,
729 2270 773 2323 si
804 2273 993 2324 totum
1029 2272 1311 2325 mundum
1336 2275 1589 2327 lucretur
1620 2276 1677 2327 et
1703 2273 1915 2328 anima:
1945 2292 2061 2329 sua:

449 2357 867 2412 detrimentum
898 2359 1186 2429 patiatur?
1218 2360 1384 2424 Quod
1429 2361 1634 2415 dedisti
1669 2377 1802 2416 cum
1828 2363 2060 2417 ordina-

449 2446 613 2514 reris,
647 2462 852 2500 aurum
902 2447 1036 2514 fuit;
1067 2450 1124 2501 et
1149 2449 1306 2518 quod
1354 2449 1676 2521 perdidisti,
1709 2451 1907 2505 anima
1931 2451 2057 2506 fuit.

449 2536 593 2590 Cum
609 2535 909 2590 ordinares
929 2536 1128 2602 alium,
1150 2537 1307 2608 quod
1323 2538 1610 2608 accepisti,
1645 2539 1889 2611 pecunia
1918 2539 2056 2605 fuit;

452 2624 689 2695 etquod
718 2624 946 2686 dedisti,
980 2625 1140 2695 lepra
1184 2625 1311 2679 fuit.
1349 2625 1477 2679 Haec
1516 2630 1649 2681 sunt
1680 2627 2061 2683 mercimonia

450 2715 660 2778 vestra,
689 2729 815 2783 qua!
843 2713 1035 2783 egistis
1055 2713 1112 2766 in
1141 2713 1393 2785 pernicie
1425 2719 1629 2769 vestra.

526 2802 828 2871 interrogo
852 2804 1046 2854 tamen
1068 2801 1357 2871 paulisper
1377 2802 1615 2857 fratrem
1631 2803 2055 2876 coepiscopum,

451 2889 588 2962 quia
635 2891 932 2961 episcopus
963 2907 1111 2957 sum,
1146 2892 1202 2943 et
1232 2908 1363 2945 cum
1400 2891 1668 2963 episcopo
1699 2894 1926 2964 loquor.
1960 2894 2057 2948 Dic

450 2978 615 3045 mihi,
662 2980 840 3033 frater
883 2978 1169 3049 cpiscope,
1204 2995 1335 3033 cum
1364 2979 1530 3033 dares
1562 2980 1888 3050 pecuniam,
1916 2982 2057 3055 quid

449 3067 748 3139 accepisti?
759 3067 970 3138 ——quid
983 3068 1010 3121 ‘t
1024 3067 1490 3138 inquit.Gratiam
1505 3069 2058 3142 episcopalem.-—Et

447 3157 570 3210 haec
585 3156 773 3227 gratia
785 3171 885 3209 cur
902 3154 1004 3209 tali
1024 3155 1299 3209 vocabulo
1313 3157 1719 3226 nuncupatur?
1733 3158 1917 3211 —Cur
1929 3158 1956 3212 ’ἔ
1976 3159 2059 3212 in-

448 3246 591 3316 quit.
628 3246 699 3299 Ut
718 3261 870 3312 reor,
895 3244 966 3298 ab
989 3261 1057 3299 eo
1081 3245 1236 3316 quod
1260 3245 1437 3315 gratis
1466 3246 1653 3313 datur,
1681 3249 1737 3300 et
1763 3247 1893 3301 ideo
1925 3264 2055 3319 gra-

447 3334 530 3387 tia
541 3333 999 3388 vocitatur.—Et
1018 3333 1061 3386 si
1083 3333 1270 3404 gratia
1284 3334 1463 3403 gratis
1482 3335 1670 3402 datur,
1687 3339 1745 3388 et
1764 3352 1903 3389 auro
1938 3354 2055 3391 non

446 3421 784 3487 aestimatur,
804 3437 904 3475 cur
922 3425 1025 3475 ate
1039 3422 1281 3493 pecunia
1297 3424 1705 3492 comparatur?
1725 3456 1792 3463 —
1809 3424 1919 3478 Sed
1937 3442 2053 3480 non

450 3509 724 3576 mihi,ais,
743 3509 1001 3577 daretur,
1014 3509 1059 3563 si
1083 3510 1336 3564 nummis
1354 3527 1468 3565 non
1483 3514 1799 3580 emeretur;
1818 3529 1919 3567 nec
1934 3513 2053 3583 epi-

448 3614 650 3669 scopus
668 3597 990 3665 ordinarer,
1012 3597 1055 3651 si
1085 3596 1325 3652 minime
1343 3599 1648 3668 pecuniam
1668 3600 1964 3655 darem.—
1987 3602 2058 3656 Ut

449 3690 690 3758 apparet
711 3702 777 3740 ex
804 3684 1268 3755 responsionibus
1295 3686 1425 3753 tuis,
1444 3688 1716 3758 gratiam,
1749 3706 1879 3743 cum
1908 3690 2058 3744 ordi-

448 3776 691 3841 nareris,
714 3792 831 3828 non
855 3775 1168 3845 suscepisti,
1190 3774 1324 3845 quia
1347 3777 1600 3846 gratuita
1622 3794 1752 3831 eam
1786 3795 1903 3833 non
1941 3796 2059 3833 mc-

444 3864 637 3932 ruisti;
665 3868 723 3919 et
747 3864 792 3918 si
820 3863 1305 3935 gratiam,frater,
1326 3881 1439 3918 non
1457 3866 1741 3937 accepisti,
1764 3867 2055 3938 quomodo

445 3954 747 4027 episcopus
776 3952 923 4008 efﬁci
951 3952 1224 4023 potuisti?
1244 3952 1301 4006 Si
1332 3953 1406 4006 ad
1437 3952 1741 4023 discipulos
1762 3973 1794 4009 a
1813 3955 2056 4010 Domino

445 4043 686 4097 dicitur:
716 4041 899 4096 Gratis
926 4043 1215 4111 accepistis,
1236 4042 1405 4109 gratis
1418 4040 1540 4093 date
1556 4041 1757 4095 Matth.
1779 4060 1831 4109 Χ,
1867 4045 1943 4108 8),
1959 4040 2059 4097 cur

447 4133 760 4202 gratuitam
792 4131 1038 4201 gratiam
1068 4130 1363 4185 aestimasti
1421 4134 1473 4183 te
1502 4132 1685 4200 pretio
1727 4133 2057 4203 possidere?

449 4220 522 4272 Ut
552 4220 735 4285 video,
762 4224 819 4272 et
846 4235 1072 4284 aurum,
1098 4235 1229 4272 cum
1248 4219 1434 4283 dares,
1458 4221 1778 4291 perdidisti,
1812 4226 1867 4275 et
1895 4239 2056 4275 sanc-

451 4311 571 4361 tam
598 4307 842 4378 gratiam
877 4307 1120 4360 minime
1151 4306 1467 4377 acquisisti.

2163 1923 2456 1978 excessus?
2513 1924 2581 1977 Et
2638 1940 2757 1977 non
2813 1925 3001 1978 solum
3061 1922 3200 1994 quia
3254 1923 3379 1977 haec
3444 1921 3580 1991 agis,
3636 1920 3740 1991 ipse

2163 2011 2336 2083 digne
2367 2011 2538 2082 peris,
2590 2015 2648 2065 et
2677 2011 2911 2082 insuper
2963 2010 3105 2065 alios
3134 2014 3335 2065 tecum
3366 2008 3598 2079 indigne
3627 2020 3740 2077 per-

2162 2100 2265 2155 dis.
2302 2101 2446 2155 Salis
2488 2100 2663 2155 etiam
2689 2100 2735 2155 si
2765 2100 3023 2155 meruisti
3055 2099 3357 2170 possidere
3381 2112 3663 2169 saporem,
3691 2098 3745 2148 ut

2160 2188 2561 2262 insipientium
2621 2205 2798 2261 queas
2839 2205 2973 2243 arva
3011 2187 3275 2256 condire,
3313 2203 3415 2243 cur
3460 2186 3746 2241 infatuatus

2162 2277 2261 2330 tali
2286 2277 2571 2331 dedecore
2592 2276 2864 2331 vitiorum
2892 2275 3211 2330 immundis
3241 2280 3300 2331 te
3329 2275 3522 2331 suibus
3548 2272 3752 2329 concul-

2161 2364 2665 2435 candumprzebes,
2694 2368 2882 2419 utnec
2903 2364 3044 2418 alios
3068 2379 3177 2417 nec
3205 2367 3267 2418 te
3291 2363 3483 2435 ipsum
3508 2364 3630 2433 post
3647 2360 3753 2413 haec

2161 2452 2395 2507 condire
2410 2453 2624 2525 possis?
2643 2453 2949 2507 Oculorum
2965 2451 3140 2507 etiam
3161 2451 3223 2505 in
3241 2467 3491 2522 corpore
3503 2448 3755 2513 ofﬁcium,

2160 2540 2220 2594 id
2238 2545 2321 2595 est
2339 2541 2395 2594 in
2417 2540 3080 2611 Ecclesia,voluptuarius
3106 2540 3475 2611 appetisti,ut
3495 2537 3757 2609 reliquum

2161 2648 2264 2701 per
2277 2634 2330 2684 te
2344 2648 2550 2702 corpus
2572 2631 2844 2685 ducatum
2864 2630 3003 2683 lucis
3030 2630 3281 2683 haberet
3308 2646 3323 2696 ;
3357 2632 3417 2682 et
3443 2644 3614 2692 nunc,
3645 2624 3762 2696 quia

2159 2719 2501 2791 lippitudine
2530 2719 2586 2772 in
2619 2718 2863 2789 caligine
2899 2718 3167 2771 vitiorum
3201 2716 3621 2771 obtenebratus
3646 2713 3754 2778 [es],

2161 2823 2267 2860 nec
2304 2806 2423 2877 ipse
2461 2808 2648 2861 lucem
2690 2808 2932 2877 praebes,
2955 2808 3011 2860 et
3037 2804 3161 2858 aliis
3203 2806 3405 2859 lucem
3443 2801 3664 2857 adimis.
3684 2801 3756 2854 De

2161 2895 2366 2967 quibus
2395 2897 2572 2950 oculis
2604 2895 2661 2949 in
2709 2894 3015 2966 Evangelio
3049 2893 3263 2948 dicitur
3308 2911 3325 2946 :
3360 2892 3432 2948 Si
3458 2891 3635 2946 oculus
3663 2897 3767 2943 tuus

2158 2984 2376 3054 simplex
2422 2984 2607 3052 fuerit,
2633 2989 2801 3037 totum
2850 2997 3039 3052 corpus
3070 2987 3230 3035 tuum
3288 2979 3532 3033 lucidum
3558 2980 3687 3041 erit;
3715 2974 3770 3030 id

2159 3076 2263 3139 est,
2292 3071 2337 3125 si
2367 3072 2691 3142 episcopus,
2725 3070 2822 3141 qui
2845 3071 3040 3123 lumen
3078 3067 3417 3140 promeruit
3448 3080 3688 3137 praeesse
3718 3062 3769 3116 in

2158 3175 2424 3231 corpore,
2444 3158 2821 3230 simplicitatis
2852 3155 3185 3211 innocentia
3219 3156 3569 3217 decoratur,
3595 3149 3774 3208 omnis

2157 3248 2406 3303 Ecclesia
2427 3247 2733 3319 splendore
2767 3245 3086 3300 radiabitur
3117 3245 3286 3299 lucis.
3313 3244 3386 3299 Si
3406 3250 3590 3298 autem
3614 3240 3776 3295 oculos

2159 3341 2279 3388 tuus
2300 3352 2525 3406 nequam
2548 3340 2643 3395 est,
2678 3340 2847 3387 totum
2876 3350 3062 3403 corpus
3100 3340 3256 3386 tuum
3282 3333 3623 3387 tenebrosum
3652 3328 3773 3389 erit;

2155 3423 2215 3477 id
2246 3426 2352 3489 est,
2384 3422 2428 3475 si
2461 3422 2782 3493 episcopus,
2817 3422 2913 3493 qui
2947 3421 3257 3476 videbatur
3290 3420 3535 3493 corpori
3567 3417 3780 3473 subdito

2157 3511 2344 3565 lucem
2364 3511 2644 3582 pra-bere,
2662 3509 3034 3564 obnubilctur
3047 3509 3332 3580 nequitia:
3351 3509 3640 3575 caecitate,
3654 3503 3783 3578 quid

2158 3603 2367 3654 castora
2379 3600 2590 3654 facient
2611 3599 2893 3665 membra,
2913 3598 3117 3670 quibus
3133 3599 3229 3652 lux
3249 3599 3548 3669 adempta
3562 3600 3649 3651 est
3669 3610 3789 3650 ocu-

2158 3688 2390 3743 lorum?
2412 3687 2470 3742 id
2491 3693 2594 3755 est,
2612 3688 2751 3759 quid
2767 3687 3055 3741 saecularis
3082 3687 3322 3741 factura
3342 3691 3435 3742 est
3455 3682 3783 3747 multitudo,

2160 3794 2289 3831 cum
2337 3777 2725 3847 voluptatibus
2755 3775 2965 3830 illicitis
3012 3780 3070 3829 et
3117 3776 3468 3831 actionibus
3504 3772 3693 3829 vetitis
3724 3769 3791 3824 ad

2157 3865 2407 3919 similem
2433 3865 2758 3920 facinorum
2776 3863 3115 3935 voraginem
3132 3863 3460 3935 episcopus
3479 3857 3795 3917 multitudi-

2160 3970 2294 4008 nem
2328 3953 2739 4025 provoeaverit,
2756 3956 2818 4007 ut
2838 3954 3061 4007 nullum
3079 3951 3207 4021 jam
3233 3951 3524 4006 illicitum
3546 3951 3802 4005 videatur

2160 4043 2315 4113 quod
2347 4043 2418 4095 ab
2446 4041 2713 4113 episcopo
2770 4041 2931 4112 quasi
2960 4040 3181 4095 licitum
3214 4038 3663 4113 perpetratur‘.’
3695 4035 3799 4091 Sed

2159 4131 2345 4202 ipsum
2378 4132 2622 4186 credunt
2674 4130 2861 4199 magis
2890 4128 3087 4183 'cuncti
3141 4129 3484 4195 laudabile,
3521 4123 3801 4201 quidquid

2161 4219 2458 4290 episcopus
2479 4216 3115 4283 hahuéritdelectabile;
3139 4234 3248 4271 nec
3270 4219 3611 4289 quisquam
3630 4226 3800 4285 agere

2159 4311 2382 4376 timeat,
2417 4308 2568 4380 quod
2599 4324 2771 4379 agere
2803 4306 3062 4377 pontifex
3092 4306 3356 4362 minime
3396 4307 3667 4362 dubitat.

521 4397 719 4450 Adhuc
742 4397 918 4449 semel
953 4396 1252 4465 adjiciens,
1277 4396 1519 4450 fratrem
1551 4397 1819 4468 perquiro
1843 4399 2051 4470 episco-
2080 4399 2133 4456 D
2230 4399 2453 4452 Nomen
2487 4414 2598 4468 quo
2621 4396 2887 4461 censeris,
2915 4398 2972 4449 te
2996 4395 3183 4465 ipsum
3213 4396 3453 4466 arguit.
3488 4396 3804 4468 EpiSCOpus

448 4502 609 4558 pum,
639 4500 711 4537 ne
733 4483 870 4555 quid
895 4500 998 4538 nos
1028 4483 1097 4536 de
1128 4484 1600 4554 approbamentis
1632 4486 1891 4540 veridicis
1916 4504 2058 4558 pra:-

450 4574 757 4630 termisisse
811 4572 1155 4625 videamur:
1200 4570 1335 4633 Quis
1389 4571 1506 4640 dat,
1538 4574 1717 4628 frater
1765 4576 2053 4648 cpiscope,

448 4663 695 4735 gratiam
716 4660 1102 4731 episcopalem
1116 4659 1142 4714 ‘.’
1160 4662 1328 4727 Deus,
1345 4677 1417 4714 an
1432 4662 1607 4717 homo
1620 4664 1719 4717 ⁸2-
1734 4664 1788 4719 Si
1800 4682 1867 4719 ne
1882 4666 2055 4721 dubio

449 4749 732 4819 Deus,sed
755 4754 951 4803 tamen
966 4765 1070 4820 per
1095 4748 1420 4802 hominem.
1447 4752 1628 4805 llomo
1658 4752 1909 4823 imponit
1933 4771 2054 4808 ma-

447 4857 614 4900 num,
633 4842 689 4892 ct
707 4839 855 4893 Deus
876 4836 1121 4907 largitur
1145 4837 1392 4908 gratiam
1418 4856 1431 4905 ;
1454 4840 1720 4894 sacerdos
1741 4844 1856 4895 Deo
1884 4843 2057 4896 servit

445 4928 684 5000 supplici
716 4928 933 4993 dextra,
965 4927 1115 4979 Deus
1169 4926 1461 4981 lienedicit
1511 4929 1734 4997 potenti
1787 4930 2051 4998 dextera;

448 5018 746 5090 episcopus
775 5015 962 5069 initiat
992 5015 1280 5081 ordinem,
1314 5019 1372 5069 et
1400 5017 1546 5069 Deus
1575 5016 1774 5070 tribuit
1805 5018 2053 5089 dignita-

446 5102 984 5174 tem.—0justitia!
1008 5104 1324 5174 orequilas!
1347 5105 1391 5157 si
1420 5104 1643 5159 homini
1677 5108 1923 5176 pecunia
1953 5108 2054 5163 da-

450 5198 565 5261 tur,
599 5194 697 5265 qui
729 5195 869 5247 nihil
899 5192 956 5246 in
1012 5192 1215 5246 ordine
1247 5192 1373 5262 plus
1404 5198 1696 5264 operatur,
1733 5195 1837 5249 nisi
1869 5198 2056 5252 solum

446 5283 736 5338 servitium
757 5280 911 5353 quod
944 5280 993 5335 ei
1012 5280 1378 5345 conceditur;
1410 5298 1509 5335 cur
1529 5283 1643 5337 Deo
1662 5285 1847 5337 totum
1881 5302 2055 5355 nega-

449 5376 560 5437 tur,
577 5370 671 5442 qui
698 5370 885 5441 ipsum
909 5368 1175 5423 ordinem
1203 5368 1301 5422 tibi
1325 5368 1606 5438 largitur"?
1628 5370 1925 5426 Justumne
1954 5373 2054 5428 tibi

444 5460 670 5515 videtur
712 5461 773 5512 ut
793 5475 984 5512 servus
1018 5457 1358 5524 honoratur,
1390 5457 1539 5511 Deus
1570 5457 1840 5529 injuriam
1873 5462 2054 5532 patia-

453 5554 568 5618 tur;
590 5552 649 5604 et
674 5548 887 5618 injuste
923 5545 1188 5600 sacerdos
1218 5544 1460 5617 accipiat
1476 5547 1804 5618 pecuniam,
1828 5554 1885 5604 et
1908 5552 2056 5606 Deus

440 5639 695 5717 patiatur
710 5636 782 5695 ab
799 5634 1041 5694 homine
1052 5632 1366 5710 iajuriam?
1382 5632 1496 5693 Sed
1512 5636 1648 5712 quia
1656 5652 1761 5712 pro
1781 5654 2049 5700 concesso

2158 4486 2315 4542 enim
2348 4505 2381 4541 a
2407 4487 2623 4541 cunctis
2644 4485 3047 4539 indubitanter
3074 4483 3340 4552 vocaris;
3381 4488 3445 4539 et
3481 4484 3633 4557 quid
3665 4479 3815 4538 aliud

2158 4576 2473 4648 episcopus,
2508 4592 2685 4647 quam
2726 4573 3196 4645 superinspector
3241 4573 3640 4645 exponitur?
3674 4572 3814 4626 Cum

2158 4666 2218 4719 in
2240 4665 2499 4719 Ecclesiae
2521 4664 2660 4719 solio
2679 4663 2919 4717 editiore
2934 4662 3170 4715 cunctos
3189 4661 3424 4716 merito
3454 4659 3736 4734 respicis,
3767 4661 3823 4711 et

2157 4757 2497 4809 cunctorum
2530 4753 2667 4807 inte
2701 4750 3015 4822 respiciunt
3046 4749 3218 4814 oculi,
3249 4752 3321 4803 ut
3348 4750 3464 4804 des
3490 4751 3613 4804 illis
3633 4762 3824 4803 escam

2156 4844 2343 4897 intem
2356 4859 2493 4912 pore
2510 4843 2865 4912 opportuno:
2889 4855 2990 4892 cur
3006 4838 3157 4891 velut
3170 4839 3414 4891 tetrum
3432 4840 3495 4893 te
3515 4837 3827 4911 speculum

2156 4932 2551 4985 universorum
2577 4928 2868 4984 obtutibus
2891 4930 3200 4990 monstras,
3222 4942 3306 4978 ne
3339 4928 3597 4998 possint
3617 4928 3828 4982 obscu-

2156 5020 2323 5074 ritate
2350 5022 2450 5073 tua
2488 5036 2546 5072 se
2578 5016 2901 5071 exornare?

2227 5108 2607 5163 Snfﬁciathuc
2637 5121 2813 5176 usque
2847 5103 3055 5158 nostris
3089 5105 3657 5160 consacerdotibus
3687 5119 3833 5176 pau-

2155 5197 2337 5251 lulum
2368 5198 2635 5252 dilatasse
2667 5211 3003 5250 sermonem
3027 5193 3086 5246 in
3119 5208 3231 5263 quo
3265 5209 3510 5248 eorum
3537 5195 3839 5249 excellen-

2155 5287 2295 5340 tiam
2319 5286 2558 5340 simulet
2577 5301 2771 5338 casum
2797 5280 3268 5347 monstravimus,
3301 5300 3413 5350 ne,
3443 5285 3843 5339 conﬁdentes

2157 5374 2212 5429 in
2230 5374 2583 5429 sublimitate
2608 5374 2921 5438 honorum,
2939 5370 3180 5425 minimc
3196 5371 3623 5441 requirerent
3640 5371 3845 5444 perfe-

2158 5463 2412 5518 ctionem
2430 5478 2682 5527 morum,
2706 5463 2898 5515 etnon
2926 5458 3317 5514 crederentse
3358 5462 3764 5525 sacerdotes,
3801 5461 3848 5515 si

2156 5553 2394 5608 nomine
2422 5554 2647 5606 tantum
2665 5554 2859 5605 etnon
2893 5564 3069 5620 opere
3084 5552 3488 5604 vocarentur.
3514 5550 3617 5614 Et,
3640 5566 3845 5623 quau-

2154 5658 2329 5718 quam
2347 5641 2522 5699 sciam
2542 5640 2603 5699 in
2623 5639 2732 5697 hac
2749 5637 3090 5696 discretione
3103 5634 3422 5713 plurimos
3443 5639 3615 5698 mihi
3635 5656 3814 5698 sacer
3828 5672 3851 5683 -
