3986 6170
344 310 446 370 179

1018 301 1378 364 SILVESTRI
1404 304 1453 362 II
1481 304 1685 364 PAP/E
1716 305 1872 365 OPP.
1904 305 2086 365 PARS
2115 308 2183 365 II.
2221 336 2297 353 --
2334 305 2428 365 DE
2450 305 2677 367 REBUS
2700 306 2981 367 ECCLES.

3554 313 3659 373 {80

340 436 3654 461 mm

1516 583 2482 698 GEBBERTUS

924 809 1077 899 DE
1155 805 1687 898 CORPORE
1761 807 1903 895 ET
1980 807 2569 899 SANGUINE
2657 809 3073 901 DOMlNI

402 1130 448 1193 Ι.
495 1130 653 1189 Sicut
681 1135 815 1190 ante
833 1149 940 1189 nos
970 1131 1110 1189 dixit
1127 1132 1359 1205 quidam
1379 1133 1624 1205 sapiens,
1641 1132 1799 1205 cujus
1815 1150 1943 1188 sen-
1969 1123 2022 1183 A
2050 1126 2623 1200 ejusimmutabililer
2653 1126 2826 1196 dicta;
2841 1127 2942 1183 sed
2961 1131 3018 1184 et
3033 1129 3336 1186 beatorum
3356 1132 3662 1205 Augustini

331 1222 585 1279 tentiam
604 1224 940 1296 probamus,
956 1223 1087 1277 licet
1101 1239 1317 1278 nomen
1332 1223 1695 1294 ignoremus:
1719 1227 1947 1279 Intuen-

333 1314 445 1376 tes,
499 1313 794 1386 inquiens.
842 1312 1100 1383 Apostoli
1141 1313 1514 1379 sententiam,
1552 1330 1664 1385 qua
1689 1314 1896 1368 dicitur
1928 1330 1940 1369 :

338 1401 485 1465 Quia
516 1421 546 1454 <<
580 1402 847 1456 animalis
871 1402 1047 1456 homo
1108 1418 1224 1456 non
1250 1401 1492 1473 percipit
1532 1419 1618 1469 ea,
1655 1419 1781 1474 quae
1811 1405 1945 1457 sunt

330 1489 578 1561 Spiritus
622 1492 795 1558 Dei,»
831 1490 1164 1545 hazsitamus
1202 1492 1599 1556 vehementer,
1640 1508 1711 1545 ne
1752 1491 1943 1546 minus

335 1578 717 1651 spiritualiter
739 1580 1013 1648 viventes,
1034 1596 1161 1634 cum
1180 1580 1249 1634 de
1264 1580 1653 1651 spiritualibus
1667 1598 1943 1652 responsa

329 1684 629 1739 paramus,
666 1668 861 1741 qualia
884 1669 1032 1723 forte
1065 1685 1169 1721 uec
1192 1669 1330 1722 dum
1362 1668 1745 1740 percepimus,
1778 1669 1835 1724 in
1860 1672 1939 1725 la-

328 1757 524 1828 pidem
541 1757 945 1812 offensioniset
962 1760 1186 1829 petram
1207 1757 1457 1811 scandali
1483 1757 1941 1813 incidamus.Sed

327 1845 539 1901 iterum
571 1863 702 1900 cum
735 1846 1030 1900 internum
1058 1848 1351 1916 aspectum
1371 1846 1445 1899 ad
1466 1863 1598 1900 eum
1618 1846 1938 1916 dirigimus,

329 1934 427 2006 qui
459 1934 600 1990 dixit
634 1952 646 1989 :
684 1933 903 2006 «Aperi
939 1952 1002 1988 os
1028 1936 1287 2000 tuum,ct
1317 1951 1427 2004 ego
1460 1933 1940 2005 adimplcboillud

331 2023 505 2095 (Psal.
533 2040 691 2092 Lxxx,
730 2022 845 2092 ll),
879 2022 1014 2076 ﬁdei
1045 2022 1378 2093 integritate
1405 2025 1700 2089 manente,
1732 2038 1937 2092 provo-

327 2127 533 2167 camur
561 2112 936 2182 respondere,
962 2112 1031 2165 de
1048 2128 1160 2183 quo
1193 2112 1439 2182 dignum
1471 2114 1555 2165 est
1586 2128 1702 2166 non
1726 2114 1937 2172 tacere,

329 2201 401 2255 dc
430 2199 702 2271 mysterio
721 2199 988 2254 videlicet
1016 2200 1271 2270 corporis
1294 2203 1351 2254 et
1370 2199 1665 2270 sanguinis
1686 2198 1936 2267 Domini;

328 2287 651 2343 dicentibus
681 2288 1046 2357 quibusdam,
1069 2288 1222 2342 idem
1256 2305 1376 2341 esse
1407 2288 1561 2359 quod
1593 2287 1838 2342 sumitur
1867 2287 1939 2341 de

331 2376 519 2444 altari,
556 2377 712 2447 quod
743 2381 806 2431 et
834 2378 975 2432 illud
1018 2378 1176 2449 quod
1223 2379 1305 2430 est
1336 2394 1401 2431 ex
1431 2376 1666 2447 Virgine
1700 2378 1936 2443 natum,
1968 2418 2014 2475 Β

290 2510 297 2515 ,
332 2466 457 2520 aliis
490 2469 682 2520 autem
728 2467 1094 2537 negantibus,
1128 2469 1184 2520 et
1220 2466 1542 2521 dicentibus
1575 2466 1724 2521 aliud
1777 2483 1937 2534 esse;

330 2554 681 2626 quibusdam
714 2554 888 2609 etiam
938 2555 1219 2610 diabolica
1260 2554 1636 2625 inspiratione
1675 2555 1939 2626 blasphe-

332 2644 653 2709 mantibus,
688 2644 929 2698 secessui
980 2644 1294 2700 obnoxium
1341 2644 1485 2699 fore.
1531 2643 1713 2715 Super
1742 2644 1945 2716 quibus

336 2734 732 2805 periculosum
783 2739 930 2789 esset
974 2735 1190 2807 aliquid
1226 2735 1595 2805 respondere,
1630 2733 1728 2788 sed
1759 2734 1944 2803 magis

339 2840 507 2878 aures
556 2824 847 2891 obturare,
895 2822 995 2878 nisi
1034 2823 1406 2895 periculosius
1462 2824 1633 2885 foret,
1674 2840 1772 2877 eos
1808 2824 1945 2878 talia

346 2910 720 2984 proposuisre
754 2929 768 2979 ;
804 2912 939 2983 quia
977 2914 1086 2967 hoc
1127 2916 1211 2966 est
1255 2928 1359 2982 pro
1396 2912 1540 2965 lacte
1571 2913 1642 2967 ab
1675 2911 1943 2966 uberibus

333 2999 612 3072 butyrum
664 3003 762 3054 aut
792 3001 1131 3071 sanguinem
1165 3000 1389 3054 elicere.
1420 3020 1450 3052 «
1471 3002 1590 3055 Mel.
1628 3000 1814 3072 inquit
1840 3000 1939 3055 Sa-

333 3088 429 3160 pie
440 3089 585 3155 ntia,
602 3088 867 3143 invenisti
886 3088 914 3144 ?
942 3089 1214 3153 Comede,
1230 3092 1508 3161 quantum
1523 3088 1731 3143 sufﬁcit
1751 3089 1936 3160 (Prov.

331 3194 459 3245 xxv,
497 3180 642 3248 16).»
667 3179 765 3232 Et:
800 3197 824 3228 α
845 3177 1064 3231 Nimius
1084 3177 1202 3231 noli
1224 3180 1506 3232 scrutator
1521 3195 1640 3232 esse
1668 3179 1940 3247 majesta-

331 3266 507 3329 tis,ne
524 3284 557 3321 a
570 3266 757 3338 gloria
778 3266 1123 3338 opprimaris
1135 3265 1187 3336 (1
1195 3265 1302 3319 bid.
1316 3264 1556 3337 ,27).»Et
1578 3266 1663 3320 his
1679 3265 1911 3337 quidem
1924 3307 1937 3332 ,

334 3355 429 3426 qui
469 3355 756 3419 dixerunt,
787 3354 1029 3408 secessui
1069 3353 1381 3407 obnoxium
1433 3353 1606 3425 (quod
1643 3371 1940 3425 nunquam

332 3446 420 3496 est
447 3442 730 3511 auditum)
762 3441 820 3496 id
852 3445 957 3508 est,
995 3441 1298 3496 Heribaldo
1325 3442 1780 3497 Antisiodorensi
1821 3442 1940 3512 epi-

333 3547 530 3601 scopo,
565 3530 661 3601 qui
713 3529 956 3600 turpiter
993 3531 1311 3601 proposuit,
1356 3533 1411 3583 et
1441 3530 1677 3585 Rabano
1707 3532 1939 3602 Mogon-

333 3619 481 3684 tino,
515 3618 612 3690 qui
660 3617 882 3689 turpius
929 3617 1251 3688 assumpsit,
1286 3618 1611 3690 turpissime
1637 3635 1770 3673 vero
1803 3635 1937 3673 con-

2051 1226 2111 1277 et
2137 1220 2497 1293 Hieronymi,
2532 1224 2590 1276 et
2630 1223 2991 1284 cacteroram,
3029 1225 3090 1276 ut
3117 1225 3251 1276 sunt
3278 1222 3544 1281 inventa:
3572 1230 3657 1295 ut,

2051 1311 2140 1367 his
2176 1311 2485 1383 diligenter
2531 1311 2865 1383 perspectis,
2897 1311 2985 1366 cui
3015 1313 3185 1375 Deus,
3225 1316 3324 1369 aut
3358 1332 3462 1386 per
3480 1334 3657 1390 quem

2051 1401 2317 1472 dignatus
2348 1400 2520 1455 fuerit
2550 1401 2797 1473 aperire,
2826 1404 3021 1472 pateat
3048 1404 3106 1456 et
3143 1403 3338 1458 tantos
3360 1405 3510 1460 vir05
3535 1425 3656 1464 non

2050 1490 2377 1553 dissentire,
2416 1493 2473 1544 et
2522 1489 2582 1543 in
2620 1490 2900 1545 catholica
2930 1490 3176 1546 Ecclesia
3206 1510 3387 1548 unum
3414 1498 3470 1549 et
3496 1495 3655 1553 idem

2044 1580 2254 1635 debere
2278 1596 2481 1635 omnes
2510 1595 2732 1650 sapere,
2766 1582 2825 1633 et
2852 1580 3099 1635 schisma
3128 1596 3241 1635 non
3277 1598 3418 1638 esse.
3442 1585 3654 1642 Verum

2043 1685 2172 1722 cum
2199 1668 2269 1722 ad
2298 1684 2396 1721 eos
2435 1666 2765 1722 venerimus
2808 1667 2903 1738 qui
2943 1668 3225 1723 moderno
3272 1672 3533 1742 tempore
3564 1674 3656 1729 his

2045 1755 2659 1811 contentionibusnon
2684 1754 3001 1810 timuerunt
3026 1756 3321 1826 inservire,
3352 1763 3411 1814 et
3440 1762 3512 1815 ob
3543 1762 3653 1817 hoc

2042 1846 2183 1900 nihil
2216 1845 2457 1916 dignum
2489 1848 2833 1899 meruerunt
2871 1844 3141 1910 difﬁnire,
3184 1864 3286 1901 nec
3328 1850 3654 1919 posteritati

2040 1937 2296 1988 venturas
2341 1935 2653 2004 potuerunt
2685 1932 3032 1999 satisfacere,
3065 1933 3202 1989 illud
3251 1936 3405 1990 beati
3456 1939 3653 1993 Hilarii

2046 2023 2172 2089 (lib.
2227 2038 2323 2075 VIII
2364 2021 2462 2075 "De
2501 2021 2726 2091 Trz'nz't.)
2781 2038 2899 2075 non
2949 2022 3276 2078 dubitemus
3323 2024 3650 2083 inculcare:

2043 2134 2070 2161 «
2104 2112 2225 2164 Non
2259 2111 2363 2175 est,
2398 2108 2602 2181 inquit,
2636 2110 2913 2176 humano,
2939 2113 3037 2164 aut
3069 2111 3254 2165 saeculi
3281 2129 3446 2168 sensu
3462 2114 3519 2169 in
3550 2115 3651 2171 Dei

2040 2200 2213 2254 rebus
2243 2198 2623 2269 loquendum;
2648 2215 2834 2269 neque
2847 2214 2950 2269 per
2972 2198 3301 2255 violentiam
3328 2203 3655 2274 autimpru-

2043 2288 2277 2343 dentem
2299 2286 2768 2357 [medicationem
2792 2286 3105 2341 coelestium
3121 2288 3405 2344 dictorum
3419 2292 3652 2350 sanitati

2042 2376 2245 2431 alienas
2277 2379 2448 2446 atque
2471 2374 2665 2447 impia:
2692 2374 3085 2446 intelligentim
3107 2379 3502 2448 extorquenda
3519 2396 3650 2450 per-

2041 2464 2279 2519 versitas
2312 2467 2413 2517 est.
2441 2463 2577 2526 Quae
2607 2463 2820 2533 scripta
2850 2467 3001 2529 sunt,
3028 2466 3291 2535 legamus
3311 2482 3324 2520 :
3344 2469 3400 2520 et
3421 2485 3547 2538 qua:
3566 2470 3649 2524 le-

2045 2551 2739 2625 gerimus,intelligamus;
2758 2555 2894 2606 tunc
2906 2553 3174 2623 perfectm
3189 2554 3321 2609 ﬁdei
3336 2555 3651 2628 fungamur

2046 2642 2258 2698 ofﬁcio.
2282 2663 2309 2689 ››
2328 2641 2455 2695 Haec
2478 2643 2680 2694 contra
2701 2657 2817 2707 eos,
2839 2641 2935 2712 qui
2949 2644 3156 2711 putant
3178 2642 3463 2698 Christum
3493 2648 3649 2700 cate-

2046 2730 2351 2802 gorizasse,
2385 2729 2481 2783 ubi
2507 2729 2621 2783 ait:
2661 2731 2829 2784 Omne
2856 2729 2996 2800 quod
3030 2731 3085 2783 in
3118 2748 3192 2797 os,
3224 2732 3651 2804 etreliqua.Vel

2045 2822 2249 2874 contra
2280 2836 2404 2885 eos,
2439 2818 2535 2890 qui
2567 2817 2981 2886 dogmatizant,
3004 2818 3284 2890 quidquid
3312 2820 3383 2875 de
3406 2838 3650 2894 corpore

2045 2907 2278 2964 Domini
2318 2907 2545 2973 dicitur,
2567 2909 2649 2961 vel
2676 2907 2735 2961 in
2754 2907 3014 2970 veritate,
3038 2910 3125 2962 vel
3146 2908 3203 2962 in
3236 2910 3439 2980 ﬁgura,
3458 2928 3523 2965 ac
3544 2929 3652 2983 per

2042 3000 2151 3053 hoc
2183 2998 2242 3052 in
2273 2999 2481 3052 umbra
2526 2997 2655 3051 dici.
2690 2996 2803 3051 Sed
2844 2996 2913 3051 de
2942 2997 3029 3051 his
3066 2999 3369 3068 posterius.
3406 3001 3563 3057 Nunc
3588 3006 3653 3057 ut

2046 3105 2167 3143 sese
2186 3088 2403 3142 habent
2422 3091 2752 3142 sanctorum
2779 3088 3011 3141 Patrum
3032 3086 3187 3142 dicta
3209 3087 3652 3146 immutabiliter

2040 3193 2345 3249 ponamus.

2111 3267 2175 3319 II.
2195 3266 2553 3333 Ambrosius,
2586 3265 2642 3319 in
2661 3264 2761 3319 lib.
2788 3266 2867 3320 De
2886 3266 3261 3321 sacramentis
3288 3284 3348 3321 ί(
3368 3268 3477 3321 Ista
3496 3284 3649 3336 esea,

2046 3353 2254 3426 inquit,
2283 3371 2457 3425 quam
2491 3353 2696 3423 accipis
2720 3371 2731 3407 :
2753 3354 2858 3409 iste
2883 3354 3050 3425 panis
3077 3354 3252 3421 vivus,
3273 3355 3371 3426 qui
3406 3356 3474 3411 de
3504 3358 3651 3413 cmlo

2043 3443 2360 3509 descendit,
2394 3442 2519 3497 vita:
2548 3446 2779 3497 aeternae
2806 3443 3188 3498 substantiam
3215 3444 3648 3501 subministrat:

2042 3534 2101 3585 et
2132 3531 2455 3603 quicunque
2487 3531 2920 3585 manducaverit
2942 3532 3248 3598 hunc,non
3278 3533 3559 3588 morietur
3588 3534 3654 3588 in

2042 3622 2347 3685 aeternum,
2385 3623 2441 3673 et
2478 3636 2689 3690 corpus
2741 3619 2949 3675 Christi
2982 3624 3129 3673 est.»
3175 3622 3352 3675 Item:
3389 3644 3417 3672 «
3449 3622 3657 3693 Liquet

333 3706 518 3773 clusit,
553 3724 687 3761 suus
707 3706 779 3761 ad
811 3706 1283 3778 respondendum
1304 3707 1457 3761 locus
1469 3711 1741 3761 servetur.
1760 3709 1937 3779 Prop-
1973 3704 2020 3762 C
2042 3707 2219 3779 igitur
2240 3707 2395 3778 quod
2411 3712 2621 3779 praeter
2644 3711 2863 3761 naturie
2883 3707 3147 3763 ordinem
3174 3709 3347 3776 Virgo
3361 3712 3664 3780 generavit

332 3799 423 3851 ter
443 3812 539 3850 eos
570 3798 766 3851 autem
808 3795 904 3867 qui
936 3795 1093 3849 idem
1148 3795 1302 3867 quod
1344 3797 1546 3849 natum
1589 3813 1655 3851 ex
1684 3795 1939 3865 Virgine,

335 3886 435 3937 aut
483 3883 637 3938 aliud
694 3882 960 3937 dixerunt
1000 3900 1141 3949 esse,
1191 3882 1426 3937 diversm
1470 3886 1802 3938 sanctorum
1834 3885 1939 3938 Pa-

332 3975 487 4027 trum
528 3976 823 4044 ponantur
868 3971 1167 4025 sentcntim
1213 3988 1226 4025 :
1266 3989 1391 4042 qua:
1438 3971 1517 4025 eis
1567 3972 1801 4043 quidem
1857 3972 1938 4026 vi-

335 4061 821 4130 denturdiversaz,
841 4060 940 4116 sed
964 4062 1194 4132 possent
1226 4060 1486 4115 sufﬁcere
1517 4059 1562 4115 si
1590 4060 1663 4115 ad
1703 4062 1940 4132 plenum

334 4153 392 4205 et
422 4149 662 4205 discrete
711 4153 900 4203 essent
934 4149 1257 4204 intellectie.
1294 4148 1427 4204 Dico
1464 4151 1656 4203 autem
1698 4150 1939 4204 Pascha-

330 4237 481 4292 sium
494 4239 832 4309 Ratpertum
849 4237 1253 4293 Corbeiensem
1278 4237 1672 4310 abbatem,qui
1686 4241 1937 4306 rogatus,

332 4326 617 4381 incertum
652 4344 723 4379 an
753 4328 1109 4396 provocatus,
1130 4326 1353 4396 scripsit
1372 4326 1440 4380 de
1464 4327 1665 4379 eadem
1684 4343 1744 4380 re
1776 4325 1938 4379 libel-

332 4417 456 4470 lum
506 4416 580 4470 ad
612 4418 843 4469 centum
878 4414 996 4469 fere
1037 4415 1287 4485 capitula
1330 4414 1461 4469 satis
1494 4414 1692 4470 utilem
1721 4431 1733 4468 :
1766 4431 1940 4486 quem

331 4521 464 4558 cum
513 4503 850 4575 resperserit
880 4504 1063 4557 multa
1092 4505 1406 4558 multorum
1443 4503 1781 4558 auctoritate
1832 4504 1936 4557 Pa-

329 4595 506 4658 trum,
547 4592 713 4662 ponit
742 4608 808 4645 ex
852 4590 1089 4645 nomine
1133 4590 1189 4645 S.
1228 4591 1534 4658 Ambrosii,
1572 4615 1599 4643 ι(
1631 4592 1787 4663 quod
1818 4609 1934 4646 non

329 4681 441 4734 alia
476 4681 647 4753 plane
687 4678 759 4733 sit
787 4696 918 4734 caro
963 4696 1089 4750 qua:
1141 4679 1387 4734 sumitur
1419 4681 1491 4734 de
1537 4680 1726 4747 altari,
1759 4697 1933 4751 quam

330 4786 459 4841 quae
492 4772 628 4823 nata
655 4770 740 4821 est
768 4768 838 4822 de
882 4768 1057 4822 Maria
1106 4767 1348 4839 virgine,
1374 4772 1426 4822 et
1459 4785 1623 4838 passa
1653 4769 1710 4822 in
1745 4785 1930 4836 cruce,

329 4861 387 4911 ct
429 4876 557 4929 quas
598 4856 845 4911 surrexit
885 4856 955 4910 de
987 4857 1270 4927 sepulcro,
1305 4873 1545 4928 quaeque
1574 4874 1676 4929 pro
1709 4856 1931 4922 mundi,

325 4946 442 4999 vita
468 4946 653 4999 adhuc
679 4945 852 4999 hodie
883 4944 1220 4998 offeratur.»
1239 4945 1451 4999 Contra
1480 4961 1653 5016 quem
1686 4945 1820 4998 satis
1849 4961 1935 4999 ar-

325 5036 747 5105 gumentantur
770 5037 827 5087 et
858 5034 1126 5087 Rabanus
1165 5033 1222 5087 in
1253 5032 1496 5103 epistola
1520 5033 1592 5086 ad
1634 5033 1928 5103 Egilonem

324 5124 618 5187 abbatem,
647 5126 704 5177 et
730 5123 1077 5177 Ratramnus
1102 5121 1333 5194 quidam
1351 5120 1408 5174 in
1440 5120 1586 5174 libro
1613 5122 1931 5194 composito

327 5213 399 5268 ad
429 5213 698 5267 Carolum
733 5228 956 5283 regem,
989 5211 1243 5265 dicentes
1272 5226 1393 5263 esse
1424 5210 1634 5275 aliam;
1658 5211 1743 5264 vel
1779 5211 1931 5265 testi-

312 5301 524 5357 ,monio
569 5299 924 5371 Hieronymi,
954 5298 1064 5370 'qui
1106 5299 1261 5365 d'cit,
1291 5298 1571 5369 dupliciter
1595 5300 1705 5354 dici
1728 5317 1933 5372 corpus

326 5390 600 5458 Domini;
634 5392 721 5443 vel
757 5389 1095 5443 auctoritate
1125 5388 1183 5441 S.
1217 5388 1541 5459 Augustini,
1575 5389 1933 5461 quidicitlri—

324 5482 532 5536 (Ilicitcr
561 5480 692 5533 diri.
733 5478 941 5548 l'ltquia
986 5479 1346 5533 contendunt
1376 5478 1432 5532 in
1464 5479 1623 5535 libris
1644 5480 1927 5533 Ambrosii

322 5589 439 5628 non
477 5570 553 5626 ita
586 5570 657 5624 ad
690 5569 941 5623 litteram
970 5567 1234 5635 inveniri,
1268 5585 1553 5639 ponamus
1593 5588 1707 5623 non
1744 5571 1925 5622 solum

1956 4996 2008 5054 D

2044 3800 2102 3851 et
2125 3797 2253 3862 hoc,
2269 3796 2424 3866 quod
2452 3795 2807 3857 conﬁcimus,
2833 3812 3039 3868 corpus
3059 3813 3122 3850 ex
3151 3795 3374 3867 virgine
3392 3798 3659 3863 est.Quid

2044 3885 2136 3940 hic
2152 3885 2594 3956 quanrisnaturae
2636 3885 2903 3939 ordinem
2933 3886 2993 3939 in
3021 3885 3223 3939 Christi
3247 3903 3657 3957 corpore,cum

2043 3978 2253 4046 prazter
2286 3978 2555 4029 naturam
2581 3974 2652 4027 sit
2690 3973 2808 4044 ipse
2842 3974 3119 4029 Dominus
3155 3976 3312 4029 Jesus
3358 3980 3554 4047 partus
3584 3995 3655 4034 cx

2042 4063 2265 4134 virgine
2282 4062 2310 4116 ἶ)
2332 4062 2479 4116 Vera
2504 4062 2701 4134 utique
2717 4078 2849 4117 caro
2864 4063 3067 4117 Christi
3100 4080 3225 4134 quae
3251 4064 3523 4119 cruciflxa
3541 4069 3651 4131 est,

2042 4170 2170 4224 quae
2201 4152 2427 4221 sepulta
2452 4154 2535 4205 est
2562 4169 2575 4217 ;
2602 4168 2734 4206 vere
2765 4168 2903 4223 ergo
2936 4151 3124 4206 carnis
3148 4151 3298 4206 illius
3318 4170 3653 4209 sacramen-

2042 4243 2165 4295 tum
2198 4243 2302 4294 est.
2329 4258 2359 4291 »
2388 4242 2564 4293 Item:
2594 4261 2620 4287 ‹‹
2646 4239 2803 4294 Sicut
2835 4256 2999 4293 verus
3016 4242 3101 4294 est
3127 4240 3223 4295 Dei
3248 4240 3419 4295 Filius
3448 4243 3653 4296 Domi-

2042 4330 2148 4383 nus
2174 4331 2368 4383 noster
2395 4329 2552 4381 Jesus
2576 4327 2846 4393 Christus,
2868 4345 2983 4383 non
3016 4327 3508 4399 quemadmodum
3542 4331 3655 4385 ho-

2040 4417 2228 4471 mines
2259 4434 2362 4488 per
2404 4415 2676 4488 gratiam,
2708 4417 2809 4471 sed
2838 4416 2996 4487 quasi
3026 4415 3195 4471 Filius
3224 4434 3290 4471 ex
3322 4418 3658 4473 substantia

2040 4506 2223 4561 Patris
2248 4524 2260 4573 ;
2291 4505 2371 4561 ita
2401 4523 2535 4560 vera
2566 4521 2720 4571 caro,
2741 4504 2884 4559 sicut
2914 4504 3034 4576 ipse
3054 4505 3211 4572 dixit,
3236 4523 3408 4577 quam
3437 4506 3653 4579 accipi-

2038 4612 2186 4661 mus,
2236 4598 2294 4649 et
2340 4611 2505 4649 verus
2533 4596 2617 4648 est
2660 4596 2893 4665 potus.»
2938 4594 3049 4647 Leo
3082 4610 3268 4666 papa:
3309 4592 3443 4647 «Sic
3472 4611 3656 4650 sacra:

2035 4701 2251 4739 mensa!
2299 4683 2732 4737 communicare
2769 4682 3009 4742 debetis.
3046 4685 3108 4736 ut
3138 4682 3280 4737 nihil
3312 4699 3545 4753 prorsus
3578 4684 3654 4738 de

2033 4775 2271 4830 veritate
2305 4772 2562 4843 corporis
2595 4771 2812 4825 Christi
2845 4775 2902 4825 et
2931 4771 3226 4841 sanguinis
3251 4771 3584 4841 ambigatis.
3619 4792 3657 4824 »

2034 4862 2423 4934 Augustinus:
2477 4884 2505 4912 ‹‹
2538 4860 2800 4932 Suscepit
2848 4860 3101 4915 Christus
3141 4860 3211 4914 de.
3242 4864 3393 4914 terra
3430 4862 3657 4916 terram

2034 4951 2193 5024 (quia
2209 4967 2345 5005 caro
2378 4951 2447 5004 de
2482 4954 2637 5004 terra
2667 4950 2771 5019 est)
2807 4952 2864 5003 et
2894 4949 2967 5002 de
2989 4964 3161 5003 carne
3194 4947 3380 5002 Maria:
3409 4964 3655 5004 carnem

2034 5039 2307 5111 suscepit;
2350 5041 2407 5092 et
2442 5037 2577 5109 quia
2607 5038 2666 5092 in
2718 5037 2839 5108 ipsa
2869 5053 3043 5091 carne
3090 5036 3426 5100 ambulavit,
3458 5036 3657 5107 ipsam

2034 5143 2268 5181 carnem
2309 5126 2476 5181 nobis
2511 5125 2985 5180 manducandam
3027 5125 3100 5179 ad
3129 5126 3371 5179 salutem
3406 5124 3587 5180 dedit.
3617 5149 3652 5175 n

2034 5215 2298 5269 Basilius:
2322 5216 2398 5269 «Ο
2417 5213 2791 5269 miraculum!
2822 5232 2854 5267 o
2874 5213 3044 5267 Deiin
3078 5230 3183 5267 nos
3208 5212 3650 5269 benevolentia!

2033 5305 2128 5377 qui
2165 5322 2388 5358 sursum
2422 5304 2581 5357 sedet
2604 5303 2673 5355 ad
2703 5303 2995 5356 dexteram
3032 5300 3230 5366 Patris,
3259 5300 3515 5355 sacriﬁcii
3558 5305 3652 5356 ta-

2035 5411 2167 5447 men
2194 5397 2457 5463 tempore
2487 5390 2789 5445 hominum
2808 5389 3433 5453 manibuscontinetur,
3463 5391 3651 5444 tradi-

2039 5485 2241 5552 turque
2276 5482 2535 5534 lambere
2565 5479 2925 5550 cupientibus
2956 5495 3111 5543 cum,
3155 5481 3205 5529 et
3240 5494 3367 5529 cum
3403 5478 3649 5533 benedi-

2033 5570 2222 5622 ctione
2251 5566 2577 5638 iron'iplerti,
2614 5568 2787 5638 [itque
2816 5566 2925 5620 hoc
2968 5568 3152 5619 totum
3188 5566 3290 5617 sub
3320 5565 3499 5618 oculis
3533 5567 3647 5621 liu-
