3954 6170
250 312 346 379 t8!
1286 315 1379 376 DE
1410 315 1739 376 CORPORE
1767 317 1853 377 ET
1881 314 2227 378 SANGUINE
2264 313 2524 376 DOMINI.
3455 312 3561 380 Ιθὶ

250 446 464 506 manis.
491 469 521 498 ››
545 444 690 504 Item
711 442 832 519 ipse
862 458 878 500 :
914 462 943 495 «
975 439 1141 509 Cum,
1162 438 1371 509 inquit,
1392 441 1657 497 sacerdos
1675 440 1854 498 etiam
1881 446 1938 505 Α
1961 462 1991 493 ‹‹
2019 440 2100 496 vit
2131 438 2412 513 sanguine
2436 456 2560 497 suo.
2592 458 2625 495 ιδ
2655 440 2720 497 In
2768 438 2879 497 illis
2920 457 3060 516 ergo
3088 436 3395 510 sacriﬁciis,
3423 439 3567 516 quid

248 540 518 594 sanctum
531 536 810 608 Spiritum
822 531 1201 599 advocaverit,
1226 532 1284 586 et
1297 531 1679 586 reverendam
1700 531 1859 586 illam
1961 530 2132 587 nobis
2153 533 2301 585 esset
2333 530 2695 599 donandum,
2727 531 2971 603 ﬁgurate
2999 532 3471 604 signiﬁcabatur;
3505 531 3566 586 in

246 625 643 683 immolaverit
686 624 958 689 hostiam,
1019 636 1508 692 communemque
1546 618 1859 676 Dominum
1956 620 2067 675 hoc
2097 621 2293 674 autem
2333 620 2631 687 sacriﬁcio,
2664 621 2803 692 quid
2846 622 3011 687 nobis
3057 621 3181 691 jam
3224 620 3567 676 donandum

247 715 500 772 subinde
529 712 861 786 contigerit,
896 734 924 761 »
948 707 1583 782 etreliqua.Gregorius
1611 724 1623 763 :
1661 708 1862 763 «Chri-
1959 708 2052 776 sit,
2084 708 2380 763 evidenter
2408 708 2750 763 ostenditur.
2788 730 2817 757 ››
2849 710 3121 765 Eusebius
3154 726 3167 764 :
3204 732 3232 760 «
3255 708 3398 773 Quia
3411 707 3569 763 Chri-

246 807 365 860 stus
391 818 709 874 resurgens
733 819 767 856 a
800 800 1065 866 mortuis,
1088 799 1237 870 jam,
1269 798 1404 853 licet
1439 813 1558 852 non
1589 796 1856 863 moritur,
1960 801 2077 852 stus
2103 813 2309 869 corpus
2367 799 2727 867 assumptum
2776 797 3070 854 ablaturus
3121 800 3246 853 erat
3293 814 3359 852 ex
3390 795 3567 851 oculis

245 898 303 948 et
358 909 527 949 mors
584 890 666 947 illi
724 892 876 945 ultra
926 905 1046 944 non
1096 886 1514 951 dominabitur,
1546 888 1767 951 tamen,
1799 884 1859 939 in
1960 884 2190 951 nostris,
2223 888 2281 939 et
2309 884 2591 940 sideribus
2619 885 2906 955 illaturus;
2936 886 3322 943 necessarium
3348 886 3474 940 erat
3504 886 3570 939 ut

244 982 438 1053 seipse
473 977 897 1034 immortaliter
920 978 1094 1048 atque
1117 971 1860 1045 incorruptibilitervivens,
1962 973 2128 1029 nobis
2158 973 2216 1028 in
2247 975 2355 1029 hac
2388 974 2479 1029 die
2508 978 2936 1031 sacramentum
2961 976 3219 1049 corporis
3248 979 3305 1031 et
3336 972 3566 1046 sangui-

241 1087 351 1143 pro
382 1069 557 1124 nobis
588 1068 803 1123 iterum
834 1066 895 1121 in
919 1066 1029 1120 hoc
1059 1063 1333 1136 mysterio
1354 1078 1529 1117 sacrae
1558 1060 1864 1117 oblationis
1963 1063 2052 1117 nis
2080 1066 2541 1129 consecraret,ut
2554 1065 2840 1119 coleretur
2846 1065 3068 1138 jugiter
3081 1083 3185 1139 per
3198 1066 3566 1137 mysterium,

244 1159 619 1216 immolatur.
677 1178 707 1206 »
758 1156 888 1211 Haec
916 1155 1049 1210 ideo
1096 1153 1188 1209 hic
1219 1152 1407 1226 posita
1443 1154 1595 1229 sunt,
1627 1149 1673 1205 si
1714 1150 1863 1204 forte
1964 1152 2120 1223 quod
2146 1153 2324 1206 semel
2353 1151 2703 1207 offerebatur
2731 1152 2788 1207 in
2816 1153 3105 1226 pretium;
3138 1158 3219 1221 ut,
3254 1154 3391 1227 quia
3424 1171 3569 1227 quo-

246 1265 353 1321 per
376 1264 453 1302 ea
486 1245 824 1316 simplicitas
852 1241 1136 1298 Paschasii
1162 1240 1417 1296 Ratberti
1434 1239 1614 1312 possit
1633 1253 1862 1293 excusa-
1962 1239 2184 1295 tidiana
2213 1243 2271 1295 et
2300 1240 2590 1296 indefessa
2609 1243 2876 1297 currebat
2907 1258 3012 1313 pro
3050 1243 3359 1298 hominum
3388 1244 3570 1300 salute

245 1338 317 1404 ri,
347 1337 512 1393 unde
544 1335 799 1392 maxime
826 1334 898 1389 ab
920 1331 1285 1404 loquentibus
1309 1331 1377 1397 [Γ.
1398 1326 1859 1401 obloquentibus]
1963 1328 2309 1401 redemptio,
2368 1334 2648 1402 perpetuo
2707 1330 2882 1386 etiam
2950 1334 3097 1386 esset
3153 1331 3572 1403 redemptionis

246 1427 492 1481 Rabano
546 1427 607 1480 et
655 1424 995 1478 Batrammo
1026 1418 1211 1483 [Cod.,
1260 1418 1608 1479 Ratmanno]
1639 1415 1866 1471 videtur
1966 1417 2209 1484 oblatio,
2236 1421 2295 1473 et
2325 1418 2598 1491 perennis
2625 1419 2722 1473 illa
2756 1419 2991 1475 victima
3019 1419 3234 1476 viveret
3261 1420 3321 1474 in
3345 1436 3572 1475 memo-

247 1512 570 1586 suggillari,
598 1510 862 1567 videlicet
891 1509 1026 1582 quia
1046 1507 1269 1563 dixerat
1298 1507 1569 1562 eamdem
1600 1521 1720 1560 esse
1747 1518 1867 1558 car-
1962 1502 2070 1571 ria,
2104 1507 2161 1557 et
2180 1520 2412 1577 semper
2436 1523 2689 1577 praesens
2718 1512 2866 1563 esset
2895 1507 2953 1562 in
2978 1509 3185 1580 gratia.
3234 1509 3373 1564 Vere
3406 1508 3577 1563 unica

245 1620 413 1671 nem,
446 1619 580 1675 quae
608 1601 679 1656 de
706 1599 873 1655 altari
899 1597 1165 1665 sumitur,
1191 1600 1250 1652 et
1276 1596 1509 1667 Virgine
1531 1596 1861 1666 generatur,
1965 1595 2022 1646 et
2051 1592 2307 1664 perfecta
2355 1594 2568 1661 hostia,
2602 1595 2713 1650 ﬁde
2760 1597 3121 1671 aestimanda,
3168 1614 3286 1652 non
3336 1596 3525 1669 specie
3559 1612 3572 1652 :

249 1697 305 1748 et
335 1691 481 1764 quia
510 1688 771 1762 quotidie
797 1688 984 1743 adhuc
1014 1702 1119 1759 pro
1151 1685 1355 1740 mundi
1384 1685 1565 1738 salute
1596 1682 1862 1738 immole-
1966 1698 2072 1736 nec
2104 1683 2406 1739 exterioris
2431 1684 2686 1739 hominis
2706 1687 2995 1741 censenda
3023 1686 3164 1753 visu,
3196 1687 3296 1741 sed
3326 1685 3576 1741 interio-

248 1784 364 1836 tur.
394 1779 570 1843 Quia,
601 1777 737 1833 licet
756 1776 925 1832 nobis
950 1775 1093 1830 nihil
1118 1773 1570 1846 placeat‘gratius
1593 1774 1650 1826 et
1663 1771 1868 1842 jucun-
1891 1767 1942 1829 B
1966 1769 2044 1824 ris
2066 1769 2293 1825 affectu.
2324 1771 2487 1826 Unde
2517 1772 2727 1827 merito
2752 1773 2994 1829 caelestis
3029 1774 3338 1829 conﬁrmat
3379 1776 3576 1829 aucto-

248 1870 378 1923 dius
404 1884 588 1939 quam
612 1865 768 1939 quod
802 1865 874 1919 de
902 1864 1012 1919 hoc
1052 1862 1326 1935 mysterio
1370 1862 1521 1915 valet
1551 1860 1659 1915 dici
1690 1860 1864 1915 subli-
1968 1858 2105 1913 ritas
2135 1858 2270 1930 quia
2317 1882 2345 1909 «
2388 1876 2521 1915 caro
2583 1876 2717 1915 mea
2755 1878 2885 1916 vere
2913 1864 2998 1916 est
3036 1862 3212 1930 cibus,
3248 1866 3306 1918 et
3347 1863 3580 1935 sanguis

249 1957 434 2024 mius;
467 1958 667 2011 tamen
694 1953 849 2026 quod
881 1953 1243 2008 oblocutores
1263 1951 1385 2022 ejus
1413 1948 1738 2005 econtrario
1784 1965 1867 2003 as-
1968 1964 2131 2002 meus
2156 1964 2288 2003 vere
2321 1951 2406 2003 est
2435 1950 2623 2020 potus.
2657 1969 2685 1998 »
2719 1949 2971 2004 Recedat
3004 1968 3140 2023 ergo
3172 1968 3346 2007 omne
3373 1951 3577 2007 inﬁde-

247 2047 457 2101 serant
486 2044 646 2116 quod
675 2060 791 2098 non
814 2042 888 2097 sit
908 2041 1139 2107 eadem,
1172 2038 1422 2094 breviter
1454 2054 1758 2109 ponamus.
1967 2035 2148 2091 litatis
2172 2036 2516 2108 ambiguum
2549 2054 2566 2090 :
2600 2038 3069 2109 quandoquidem
3110 2039 3209 2111 qui
3249 2043 3449 2095 auctor
3491 2042 3579 2095 est

320 2136 413 2189 Ill.
464 2132 851 2204 Hieronymus
897 2148 910 2185 :
960 2150 991 2183 «ι
1028 2128 1359 2201 Dupliciter,
1396 2126 1604 2198 inquit,
1636 2125 1868 2197 sanguis
1970 2125 2248 2193 muneris,
2276 2125 2400 2196 ipse
2435 2124 2611 2179 etiam
2642 2125 2802 2180 testis
2839 2129 2923 2181 est
2952 2126 3224 2182 veritatis.
3260 2148 3287 2176 -›

246 2222 470 2279 Christi
491 2223 551 2275 et
565 2237 700 2275 caro
736 2219 1083 2293 intelligitur
1107 2236 1122 2287 ;
1154 2219 1242 2272 vel
1274 2214 1542 2289 spiritalis
1573 2215 1672 2270 illa
1696 2219 1867 2287 atque
2041 2214 2126 2268 IV.
2164 2215 2502 2270 Poteramus
2515 2217 2573 2269 et
2594 2214 2998 2282 aliorum,tam
3016 2216 3388 2289 antiquorum
3402 2234 3578 2289 quam

246 2312 475 2379 divina,
498 2311 574 2366 de
592 2310 837 2384 quaipse
854 2310 992 2379 dicit
1015 2327 1028 2365 :
1054 2332 1082 2360 «
1107 2309 1251 2363 Caro
1272 2324 1403 2362 mea
1420 2322 1551 2361 vere
1580 2307 1665 2359 est
1687 2305 1867 2371 cibus,
1971 2306 2028 2358 et
2059 2304 2499 2371 modernorum,
2534 2304 2633 2358 sed
2672 2307 2731 2358 et
2764 2304 2939 2376 ipsius
2967 2305 3257 2361 Ambrosii
3301 2306 3455 2361 dicta
3488 2305 3578 2360 his

242 2421 279 2453 ‹
302 2405 363 2457 et
383 2400 628 2472 sanguis
642 2415 804 2453 meus
824 2415 989 2453 verus
1012 2401 1098 2453 est
1129 2399 1299 2469 potus
1340 2413 1354 2463 ;
1394 2416 1422 2444 »
1456 2394 1542 2448 vel
1576 2408 1708 2448 caro
1742 2409 1869 2464 qua:
1969 2395 2363 2447 consentanea
2391 2391 3102 2465 ponere,nisiputaremus
3128 2396 3252 2450 haec
3276 2411 3441 2467 posse
3459 2395 3580 2449 suf—

242 2489 527 2545 cruciﬁxa
544 2483 1865 2560 est,etsanguisquimilitiseﬂ'ususestlancea.»
1970 2480 2163 2547 ﬁcere,
2194 2479 2456 2536 videlicet
2475 2481 2597 2535 haec
2629 2479 2737 2535 dici
2771 2480 3038 2552 ﬁgurate,
3071 2484 3129 2537 et
3154 2486 3351 2538 tamen
3373 2499 3579 2555 corpus

242 2578 610 2651 Augustinus
626 2580 819 2632 autem
844 2576 1099 2631 scribens
1113 2590 1321 2646 corpus
1342 2571 1549 2628 Christi
1570 2570 1871 2643 tripliciter
1973 2569 2179 2625 Christi
2210 2587 2331 2625 esse
2362 2569 2419 2624 in
2448 2569 2707 2624 veritate.
2743 2570 2856 2625 Sed
2883 2570 3007 2625 hanc
3041 2588 3159 2627 non
3191 2572 3578 2644 intelligentes

242 2669 384 2735 dici,
418 2667 483 2722 id
515 2670 607 2723 est
636 2665 970 2728 Ecclesiam,
990 2664 1088 2738 qui
1115 2662 1324 2718 Christi
1347 2678 1553 2734 corpus
1573 2677 1789 2729 sumus,
1811 2663 1871 2714 et
1970 2675 2077 2713 nec
2094 2659 2169 2713 ad
2189 2658 2474 2731 liquidum
2490 2658 2815 2714 discernere
2828 2662 3100 2729 valentes,
3130 2662 3231 2717 sed
3250 2662 3438 2733 potius
3457 2678 3578 2717 ma-

244 2757 399 2813 illud
432 2756 768 2828 mysticum,
799 2754 957 2827 quod
1003 2770 1069 2809 ex
1115 2751 1432 2807 substantia
1465 2749 1630 2821 panis
1666 2752 1724 2803 et
1751 2748 1867 2803 vini
1963 2747 2159 2817 jorem
2194 2747 2388 2802 minus
2418 2748 2720 2820 capacibus
2747 2764 3004 2803 errorem
3033 2749 3435 2818 immittentes,
3455 2766 3574 2803 non

245 2862 359 2919 per
391 2844 683 2915 Spiritum
713 2845 976 2898 sanctum
1007 2842 1395 2917 consecratur,
1430 2837 1751 2904 subintulit,
1780 2836 1866 2891 di-
1969 2836 2340 2891 attendentes
2356 2837 2697 2908 quodsupra
2718 2836 2859 2892 dixit
2875 2838 3301 2895 HilariuszuNon
3317 2841 3574 2894 humano

241 2951 383 2989 cens
412 2951 434 2986 :
469 2955 500 2983 (ι
525 2932 811 2987 Caaterum
846 2930 987 2985 illud
1018 2945 1245 3000 corpus,
1277 2927 1433 3001 quod
1455 2929 1656 2981 natum
1688 2929 1772 2980 est
1801 2942 1870 2980 ex
1970 2928 2054 2981 est
2075 2928 2173 2980 aut
2188 2925 2379 2980 saeculi
2401 2942 2570 2980 sensu
2592 2926 2651 2979 in
2667 2926 2768 2980 Dei
2784 2926 2951 2981 rebus
2967 2928 3380 2999 loquendum,»
3403 2944 3575 2999 argu-

241 2951 383 2989 cens
412 2951 434 2986 :
469 2955 500 2983 ‹‹
525 2932 811 2987 Caaterum
846 2930 987 2985 illud
1018 2945 1245 3000 corpus,
1277 2929 1433 3001 quod
1455 2929 1656 2981 natum
1688 2929 1772 2980 est
1801 2942 1870 2980 ex
1970 2929 2054 2981 est
2075 2929 2173 2980 aut
2188 2929 2379 2980 saeculi
2401 2942 2570 2980 sensu
2592 2929 2651 2979 in
2667 2929 2768 2980 Dei
2784 2929 2951 2981 rebus
2967 2929 3380 2999 loquendum,»
3403 2944 3575 2999 argu-

241 3023 433 3080 Haria
462 3020 712 3092 virgine,
732 3019 793 3074 in
823 3035 938 3091 quo
956 3017 1097 3073 illud
1114 3032 1321 3088 corpus
1341 3014 1868 3085 transfertur,quod
1904 3065 1950 3124 Ο
1969 3016 2338 3069 mentantur:
2365 3017 2464 3068 aut
2483 3013 2723 3069 omnino
2743 3014 3143 3086 ﬁguratum,et
3162 3016 3302 3070 nihil
3320 2929 3597 3169 veritatis‘

242 3110 538 3169 pependit
568 3109 627 3164 in
658 3125 846 3169 cruce,
877 3108 1163 3169 sepultum
1189 3108 1275 3160 est
1295 3105 1355 3159 in
1378 3105 1659 3169 sepulcro,
1678 3119 1867 3158 resur-
1967 3100 2027 3156 in
2060 3102 2168 3157 hoc
2200 3101 2472 3169 mysterio
2521 3104 2785 3157 constare
2812 3120 2825 3169 ;
2872 3105 2970 3158 aut
3017 3103 3062 3158 si
3092 3104 3301 3158 veritas
3331 3103 3421 3169 sit,
3447 3104 3573 3169 jam

242 3110 538 3186 pependit
568 3109 627 3164 in
658 3125 846 3175 cruce,
877 3108 1163 3178 sepultum
1189 3108 1275 3160 est
1295 3105 1355 3159 in
1378 3105 1659 3176 sepulcro,
1678 3119 1867 3158 resur-
1905 3100 2027 3156 “in
2060 3102 2168 3157 hoc
2200 3101 2472 3174 mysterio
2521 3104 2785 3157 constare
2812 3120 2825 3171 ;
2872 3105 2970 3158 aut
3017 3103 3062 3158 si
3092 3104 3301 3158 veritas
3331 3103 3421 3171 sit,
3447 3104 3573 3174 jam

244 3201 401 3257 rexit
434 3216 469 3254 a
491 3198 762 3265 mortuis,
790 3194 1114 3268 penetravit
1129 3195 1394 3259 coelos,et
1410 3192 1665 3266 pontifex
1685 3191 1867 3245 factus
1966 3191 2219 3261 ﬁguram
2257 3208 2375 3247 non
2421 3208 2561 3247 esse.
2594 3191 2707 3247 Sed
2729 3192 3060 3247 Paschasius
3090 3193 3407 3249 Radbertus
3432 3193 3576 3247 sicut

243 3290 303 3345 in
358 3291 685 3352 aeternum,
716 3283 973 3357 quotidie
1028 3283 1360 3354 interpellat
1405 3297 1510 3352 pro
1554 3279 1739 3335 nobis.
1776 3279 1866 3334 Ad
1966 3283 2024 3334 et
2050 3280 2163 3334 alia
2195 3282 2378 3335 multa
2406 3280 2464 3335 in
2494 3281 2701 3336 eodem
2726 3281 2875 3337 libro
2901 3283 3048 3336 ultra
3074 3282 3393 3338 humanam
3422 3281 3572 3336 aesti-

241 3376 517 3451 quem,si
534 3378 695 3429 recte
718 3372 1234 3438 communicamus,
1260 3372 1519 3425 mentem
1540 3368 1861 3439 dirigimus;
1965 3368 2285 3423 mationem
2312 3369 2527 3424 utiliter
2564 3372 2809 3439 tractat;
2850 3371 2933 3425 ita
2967 3374 3025 3426 et
3065 3371 3196 3426 huic
3233 3370 3571 3443 sophismati

242 3470 303 3520 ut
323 3484 399 3520 ex
428 3465 581 3536 ipso,
601 3467 661 3517 et
678 3463 750 3517 ab
771 3462 917 3534 ipso,
942 3477 1046 3516 nos
1061 3475 1268 3530 corpus
1288 3459 1431 3530 ejus,
1456 3473 1694 3512 carnem
1718 3458 1859 3527 ejus,
1964 3457 2191 3512 fortiter
2217 3458 2426 3525 obviat,
2456 3460 2651 3514 dicens
2676 3477 2688 3514 :
2727 3479 2751 3513 ‹
2772 3459 3041 3533 Figuram
3060 3478 3177 3516 non
3199 3478 3430 3534 semper
3453 3478 3574 3515 um-

238 3554 337 3610 illo
356 3555 653 3608 manente
680 3551 931 3622 integro,
948 3564 1271 3604 sumamus:
1300 3564 1427 3620 quae
1451 3545 1863 3619 nimirumipsa
1963 3548 2131 3602 bram
2159 3565 2300 3615 esse,
2325 3552 2382 3603 et
2393 3548 2526 3619 jure
2544 3550 2714 3604 simul
2750 3551 2859 3605 hoc
2906 3552 3247 3623 mysterium
3289 3556 3348 3607 et
3385 3552 3572 3624 ﬁgura

238 3657 377 3698 caro
398 3644 509 3708 est,
524 3643 585 3694 et
602 3640 822 3694 fructus
832 3638 1007 3712 ipsius
1024 3636 1233 3704 carnis,
1250 3636 1478 3691 utidem
1491 3651 1722 3707 semper
1737 3650 1860 3688 ma-
1964 3639 2023 3691 et
2041 3636 2278 3692 veritate
2294 3636 2407 3691 dici
2424 3654 2609 3709 posse.
2632 3658 2663 3691 >>
2685 3639 2849 3703 Quod
2874 3638 2917 3695 si
2942 3641 3067 3712 quis
3088 3640 3311 3712 plenius
3328 3640 3573 3697 voluerit

239 3736 402 3793 neat,
434 3733 496 3786 et
527 3728 824 3784 universos
853 3728 950 3800 qui
996 3730 1130 3781 sunt
1182 3726 1241 3780 iu
1292 3741 1535 3796 corpore
1580 3728 1794 3795 pascat.
1829 3745 1858 3773 »
1963 3727 2127 3792 scire,
2150 3726 2222 3780 de
2235 3726 2357 3796 ejus
2378 3727 2873 3800 volumine,plena
2888 3728 3096 3783 fultum
3120 3730 3457 3785 auctoritate
3471 3747 3570 3802 po-

238 3818 583 3892 Fulgentius
614 3835 629 3872 :
668 3840 695 3867 «
726 3815 1074 3871 Firmissime
1094 3820 1248 3876 tene.
1277 3817 1335 3869 et
1355 3815 1683 3869 nullatenus
1704 3811 1881 3867 dubi-.
1961 3814 2097 3868 terit
2122 3818 2408 3869 mutuare.
2437 3816 2549 3871 Nos
2580 3819 2776 3871 autem
2803 3835 2907 3872 non
2937 3817 3047 3871 alta
3068 3820 3343 3889 sapientes,
3367 3818 3458 3872 sed
3473 3819 3570 3873 Ιιιι-

239 3904 1372 3980 tes,ipsumfunigenitumDeumVerbuui
1388 3917 1623 3957 carnem
1644 3902 1861 3956 factum
1961 3903 2172 3958 milibus
2197 3906 2574 3961 consentientes
2597 3905 2775 3976 (Rom.
2834 3923 2930 3973 xu,
2967 3906 3075 3977 16),
3108 3904 3452 3978 simpliciter
3480 3907 3565 3961 fa-

240 3885 1372 3980 tes,ipsum_'unigenitumDeumVerbuui
1388 3917 1623 3957 carnem
1644 3902 1861 3956 factum
1961 3903 2172 3958 milibus
2197 3906 2574 3961 consentientes
2597 3905 2775 3976 (Rom.
2834 3923 2930 3973 xu,
2967 3906 3075 3977 16),
3108 3885 3452 3978 simpliciter
3480 3885 3598 4141 fa-S

240 4015 297 4052 se
327 4015 441 4071 pro
470 3997 645 4052 nobis
674 3996 945 4051 obtulisse
984 3993 1326 4049 sacriﬁcium
1368 3996 1427 4047 et
1450 3991 1699 4046 hostiam
1743 3993 1860 4046 Deo
1964 3995 2189 4046 teamur
2215 3993 2351 4065 quia
2380 3993 2569 4065 ﬁgura
2598 3996 2705 4061 est,
2738 3994 2875 4048 dum
2908 3993 3073 4064 panis
3102 3997 3158 4048 et
3181 3995 3374 4049 vinum
3406 3996 3567 4050 extra

240 4084 299 4139 in
354 4085 609 4139 odorem
664 4082 956 4137 suavitatis
987 4098 1000 4136 :
1031 4081 1122 4136 cui
1170 4098 1302 4136 cum
1350 4083 1519 4135 Patre
1559 4081 1618 4134 et
1647 4078 1861 4141 Spiritu
1959 4079 2220 4141 videtur;
2264 4081 2473 4136 veritas
2503 4084 2722 4141 autem,
2783 4081 2922 4135 dum
2972 4097 3177 4141 corpus
3228 4084 3287 4137 et
3332 4082 3566 4141 sanguis

240 4084 299 4139 in
354 4085 609 4139 odorem
664 4082 956 4137 suavitatis
987 4098 1000 4136 :
1031 4081 1122 4136 cui
1170 4098 1302 4136 cum
1350 4083 1519 4135 Patre
1559 4081 1618 4134 et
1647 4078 1861 4149 Spiritu
1959 4079 2220 4149 videtur;
2264 4081 2473 4136 veritas
2503 4084 2722 4149 autem,
2783 4081 2922 4135 dum
2972 4097 3177 4154 corpus
3228 4084 3287 4137 et
3332 4082 3566 4153 sanguis

241 4176 444 4227 sancto
510 4188 547 4226 a
592 4170 951 4244 patriarchis,
1003 4187 1035 4224 a
1064 4169 1359 4242 prophetis
1388 4171 1445 4222 et
1469 4166 1861 4223 sacerdotibus
1962 4169 2169 4225 Christi
2200 4170 2259 4224 iu
2280 4170 2518 4225 veritate
2552 4169 2793 4224 interius
2810 4169 3084 4228 creditur.
3104 4172 3171 4224 Et
3187 4172 3567 4244 quemadmo-

240 4265 516 4334 tempore
534 4259 754 4314 Veteris
777 4258 1127 4313 Testamenti
1155 4256 1431 4313 animalia
1457 4255 1857 4311 sacriﬁcaban-
1962 4259 2101 4314 duzu
2133 4258 2368 4330 quidam
2394 4258 2619 4330 sapiens
2632 4258 2915 4314 moderno
2940 4262 3207 4329 tempore
3230 4260 3370 4316 dixit
3398 4278 3411 4316 :
3436 4261 3565 4317 «Si-

242 4354 336 4403 tur
367 4367 381 4403 :
412 4352 476 4403 et
502 4347 600 4402 cui
628 4364 802 4415 nunc,
824 4348 882 4403 id
913 4349 1016 4414 est,
1035 4351 1301 4419 tempore
1318 4346 1456 4400 Novi
1485 4344 1856 4412 Testamenti,
1884 4369 1936 4428 D
1959 4350 2055 4402 cut
2081 4346 2358 4402 omniain
2383 4347 2601 4402 Christo
2615 4364 2751 4402 vera
2768 4348 3280 4416 credimus,veram
3300 4349 3568 4405 videlicet

244 4455 371 4491 cum
389 4440 569 4493 Patre
595 4439 654 4491 et
679 4436 892 4507 Spiritu
907 4440 1126 4504 sancto,
1144 4452 1273 4490 cum
1295 4434 1501 4508 quibus
1526 4434 1608 4489 illi
1633 4437 1719 4487 est
1745 4450 1860 4488 una
1960 4434 2318 4491 divinitatem
2336 4440 2394 4491 et
2412 4452 2607 4490 veram
2629 4436 3079 4499 humanitatem,
3094 4454 3295 4492 verum
3311 4439 3561 4493 Verbum

243 4526 541 4592 divinitas,
572 4524 917 4580 sacriﬁcium
948 4525 1117 4596 panis
1146 4526 1204 4579 et
1229 4523 1343 4578 vini
1366 4523 1425 4577 in
1456 4523 1569 4577 ﬁde
1596 4525 1655 4577 et
1675 4522 1859 4576 chari—
1960 4527 2017 4579 et
2032 4541 2227 4579 veram
2244 4541 2717 4591 carnem,verum
2742 4528 2925 4581 Deum
2943 4529 3211 4581 etverum
3233 4528 3559 4582 hominem:

242 4618 359 4669 tate
387 4617 594 4669 sancta
622 4613 865 4667 Ecclesia
890 4612 1169 4668 catholica
1189 4627 1294 4682 per
1307 4611 1636 4665 universum
1654 4611 1855 4664 orbem
1958 4613 2038 4666 ita
2060 4614 2116 4667 in
2140 4613 2412 4684 mysterio
2435 4614 2763 4685 corporiset
2790 4615 3084 4685 sanguinis
3101 4616 3244 4686 ejus,
3276 4616 3431 4688 quod
3458 4616 3566 4670 vir-

244 4704 412 4756 terrae
447 4702 661 4758 offerre
693 4719 809 4756 non
840 4705 1039 4756 cessat.
1076 4704 1135 4755 In
1182 4701 1290 4754 illis
1330 4700 1486 4755 enim
1532 4699 1857 4753 carnalibus
1960 4706 2081 4756 tute
2120 4703 2362 4758 caelestis
2409 4703 2829 4758 benedictionis
2864 4708 2922 4758 et
2961 4705 3129 4759 Verbi
3182 4706 3359 4760 divini
3416 4706 3475 4759 in
3507 4705 3565 4760 id

245 4790 492 4845 victimis
522 4790 868 4862 signiﬁcatio
912 4790 1021 4844 fuit
1054 4789 1242 4844 carnis
1278 4788 1504 4856 Christi,
1542 4806 1717 4860 quam
1750 4804 1855 4858 pro
1959 4793 2117 4863 quod
2148 4810 2263 4847 non
2292 4796 2416 4847 erat
2444 4797 2835 4862 consecratur,
2873 4794 3015 4848 nihil
3049 4794 3279 4862 falsum,
3313 4794 3566 4849 uihilfri-

246 4880 499 4950 peccatis
523 4880 735 4934 nostris
758 4879 879 4950 ipse
907 4879 1030 4933 sine
1058 4883 1291 4951 peccato
1322 4878 1512 4932 fuerat
1539 4878 1854 4944 oblaturus,
1959 4884 2175 4944 velum,
2204 4882 2343 4936 nihil
2378 4882 2618 4937 inﬁdum
2652 4883 2989 4937 sentiamus.
3016 4905 3042 4931 ››
3067 4882 3179 4937 Sed
3200 4884 3336 4955 quid
3368 4884 3441 4938 ad
3458 4901 3563 4939 n0—

245 4972 301 5021 et
330 4969 591 5040 sanguis,
608 4985 777 5040 quem
795 4971 917 5022 erat
929 4967 1207 5024 etfusurus
1228 4966 1704 5022 inrcmissionem
1724 4982 1854 5036 pcc-
1957 4974 2134 5025 stram
2170 4971 2540 5026 tantilitatem
2561 4973 2631 5027 de
2662 4976 3241 5045 tantorum,quorum
3266 4973 3567 5044 prmlibata

246 5061 517 5112 catomm
550 5062 901 5113 nostrorum.
936 5060 998 5111 lu
1030 5057 1138 5113 isto
1173 5060 1368 5112 autem
1414 5055 1692 5111 sacriﬁcio
1724 5072 1855 5127 gra-
1958 5065 2095 5115 sunt
2126 5061 2298 5129 dicta,
2344 5060 2597 5116 virorum
2658 5061 3068 5134 discrepantia,
3097 5063 3193 5116 sed
3240 5062 3565 5116 videntibus

250 5147 463 5201 tiaram
477 5148 628 5201 actio
648 5150 817 5219 atque
829 5147 1312 5202 commemoratio
1334 5146 1618 5201 cstcarnis
1631 5144 1856 5211 Christi,
1959 5153 2352 5204 consentanea
2369 5150 2443 5220 dij
2455 5149 2683 5204 udicare
2700 5149 2810 5204 ?At
2830 5151 2981 5204 forte
3009 5150 3379 5222 omnipotens
3391 5152 3560 5219 Deus,

249 5251 424 5307 quam
457 5252 567 5308 pro
590 5236 757 5289 nobis
783 5235 1010 5302 obtulit,
1043 5239 1101 5290 et
1120 5236 1418 5306 sanguinis
1448 5252 1621 5307 quem
1639 5251 1740 5306 pro
1761 5250 1861 5289 no-
1962 5242 2019 5293 et
2050 5242 2259 5293 nostra:
2287 5239 2626 5293 humilitatis
2656 5238 2941 5301 conscius,
2976 5242 3033 5292 et
3081 5238 3267 5310 magis
3306 5239 3567 5294 ﬁdelium

253 5326 335 5379 bis
362 5326 525 5380 idem
552 5326 703 5380 Deus
731 5325 949 5380 eﬁ‘udit.
981 5327 1060 5380 De
1093 5342 1206 5398 quo
1238 5326 1439 5380 beatus
1480 5326 1689 5379 Paulus
1719 5340 1858 5396 apo-
1962 5343 2222 5389 suorum,
2256 5342 2374 5381 non
2406 5327 2584 5399 impie
2624 5327 3042 5394 dubitantium,
3070 5327 3237 5381 saluti
3259 5330 3318 5382 et
3344 5328 3568 5382 haesita-

254 5414 651 5470 stolusdicitin
667 5414 898 5469 Actibus
912 5415 1304 5487 apostolorum
1322 5433 1334 5470 :
1355 5415 1688 5470 «Attondite
1704 5413 1863 5469 vobis
1963 5414 2107 5470 tioui
2134 5415 2408 5470 sanandae
2435 5415 2723 5486 providus,
2743 5414 3081 5487 dignabitur
3108 5416 3434 5487 patefacere
3466 5432 3569 5486 per

259 5523 283 5543 ιι
309 5506 365 5553 et
388 5502 653 5555 universo
684 5504 867 5575 gregi,
894 5503 947 5557 iu
981 5519 1096 5575 quo
1124 5520 1222 5559 vos
1250 5504 1492 5575 Spiritus
1515 5507 1740 5558 sanctus
1768 5520 1865 5576 po-
1966 5509 2176 5559 nostrae
2200 5504 2586 5577 inquisitionis
2615 5521 2848 5566 munus,
2884 5507 2944 5557 ut
2975 5506 3032 5558 ct
3063 5507 3239 5559 tanta:
3286 5503 3563 5557 utilitatis.

264 5612 289 5635 εί
313 5591 425 5645 suit
439 5592 735 5664 episc0pos
749 5608 952 5665 regere
972 5592 1282 5650 Ecclesiam
1296 5594 1417 5661 Dei,
1437 5611 1609 5667 quam
1627 5593 1866 5668 acquisi-
1968 5610 2095 5667 qum
2114 5594 2173 5648 in
2200 5595 2407 5650 eodem
2428 5594 2572 5649 libro
2595 5596 2701 5662 est,
2721 5597 2958 5666 propter
2980 5609 3161 5648 unum
3185 5592 3417 5647 verbum
3453 5606 3568 5645 non
