3986 6170
389 288 492 350 183
1080 281 1436 344 SILVESTRI
1464 279 1513 341 ΙΙ
1533 280 1734 341 ΡΑΡΑΞ
1765 278 1922 338 OPP.
1944 274 2031 335 PA

2157 276 2223 334 If.
2252 305 2326 320 --
2350 276 2443 335 DE
2471 275 2694 336 REBUS
2720 276 3001 338 ECCLES.
3590 281 3700 343 ὶ84

382 413 660 489 depereat
686 408 941 470 fructus:
977 413 1035 468 et
1060 410 1215 469 beati
1241 409 1550 479 Ambrosii,
1574 409 1734 481 cujus
1752 427 1870 481 prae
1892 427 1998 465 cae-
2013 417 2069 477 Α
2100 410 2315 481 gerunt
2342 408 2584 475 unitam,
2616 408 3219 481 interrogo,utrumne
3244 425 3349 482 per
3364 411 3583 468 natura}
3599 428 3699 469 ve-

382 503 525 561 teris
544 502 679 558 libri
709 503 975 575 indigent
1004 504 1330 576 expositore
1358 504 1516 577 (quia
1546 505 1735 559 nullus
1765 504 1996 558 Latinus
2098 498 2330 553 ritatem
2358 498 2531 552 hOdie
2554 498 2807 553 Christus
2826 498 2885 553 ill
2905 498 3070 553 DObiS
3094 498 3186 567 είιν
3219 517 3293 554 an
3326 516 3429 571 Per
3457 518 3704 558 000001⁸-

384 591 468 647 ita
496 593 719 648 Graecos
757 595 983 648 secutus
1029 594 1253 649 videtur
1301 595 1445 665 esse)
1493 594 1687 667 ipsius,
1731 594 1992 665 inquam,
2099 589 2255 643 diam
2282 588 2620 642 voluntatis?
2642 588 2697 642 Si
2726 588 2881 642 enim
2908 606 3040 644 vere
3060 590 3312 645 Verbum
3333 607 3465 647 caro
3482 593 3703 648 factum

386 682 698 738 auctoritas
721 683 982 753 palmam
1011 682 1186 754 digna
1215 684 1286 737 sit
1317 684 1599 738 obtinere.
2096 680 2199 743 est,
2228 681 2284 731 et
2304 694 2433 731 vere
2456 694 2559 731 nos
2588 678 2837 732 Verbum
2858 694 3093 733 carnem
3124 679 3338 734 factum
3365 680 3489 736 cibo
3508 681 3708 736 Domi-

458 770 523 825 V.
557 770 798 843 Cyrillus
829 786 841 822 :
875 793 902 820 «
926 771 1248 826 Necessaria
1270 772 1512 843 igit‘uret
1540 772 1650 827 hoc
1670 771 1992 842 adjicimus,
2097 766 2225 820 nico
2256 766 2854 837 sumimus,quomodo
2889 782 3006 822 nou
3023 767 3356 822 naturaliter
3380 785 3619 824 manere
3641 769 3705 824 in

387 876 460 914 an
470 859 827 921 nuntiantes,
847 860 1165 914 secundum
1184 876 1419 915 carnem
1434 864 1685 915 mortem
1715 861 1809 915 uni
1817 860 1996 931 geniti
2097 855 2263 909 nobis
2286 854 2693 908 existimandus
2711 856 2917 925 est,qui
2931 858 2988 909 et
3003 858 3266 910 naturam
3283 858 3475 911 carnis
3490 862 3707 915 nostras

385 946 512 1002 Filii
534 946 660 1015 Dei,
682 947 738 1001 id
756 949 841 1002 est
866 948 996 1003 Jesu
1019 948 1247 1015 Christi,
1272 952 1327 1003 et
1347 949 1828 1004 resurrectionem
1852 950 1993 1019 ejus,
2090 943 2218 1014 jam
2242 943 2685 1014 inseparabilem
2721 943 2847 1010 sibi,
2876 944 3053 999 homo
3093 948 3261 999 natus
3295 947 3619 1018 assumpsit,
3647 949 3711 1003 et.

389 1040 448 1091 et
473 1036 531 1091 in
571 1037 745 1091 caelos
792 1035 1185 1091 ascensionem
1234 1037 1448 1108 pariter
1496 1038 1855 1100 confitentes,
1907 1038 1995 1092 in-
2100 1036 2371 1089 naturam
2397 1031 2583 1086 carnis
2603 1048 2717 1085 suae
2735 1031 2807 1085 ad
2832 1035 3098 1086 naturam
3115 1034 3452 1089 aeternitatis
3479 1036 3581 1090 sub
3610 1052 3710 1091 sa-

389 1126 697 1181 cruentam
729 1124 1086 1189 celebramus
1116 1124 1174 1178 in
1192 1104 1452 1179 Ecclesiis
1481 1126 1740 1181 sacriﬁcii
1767 1126 2000 1181 servitu-
2101 1123 2400 1177 cramento
2424 1120 2589 1175 nobis
2614 1119 3112 1176 communicandas
3139 1122 3325 1177 carnis
3355 1123 3709 1180 admiscuit?

388 1217 533 1270 tem.
563 1213 654 1268 Sic
685 1213 862 1268 etiam
888 1212 962 1267 ad
996 1213 1263 1284 mysticas
1306 1213 1736 1269 benedictiones
1780 1215 1998 1269 accedi-
2100 1213 2184 1266 Ita
2220 1210 2376 1269 enim
2407 1210 2465 1263 in
2496 1210 2613 1263 Deo
2646 1225 2849 1263 omnes
2883 1226 3077 1263 sumus
3110 1226 3123 1265 :
3151 1211 3285 1282 quia
3309 1213 3367 1264 et
3391 1211 3449 1265 in
3482 1212 3707 1267 Christo

392 1319 542 1370 mus,
574 1305 632 1356 et
677 1301 1101 1356 sanctiﬁcamur
1131 1302 1437 1372 participes
1465 1303 1612 1358 sacri
1660 1305 1915 1375 corporis
1945 1306 2002 1359 et
2104 1302 2273 1355 Pater
2300 1301 2404 1364 est,
2436 1299 2494 1351 et
2524 1297 2777 1351 Christus
2826 1296 2889 1351 in
2934 1298 3097 1352 nobis
3128 1300 3233 1352 est.
3271 1298 3536 1372 Quisquis
3565 1316 3709 1372 ergo

395 1390 693 1462 sanguinis
714 1390 951 1462 pretiosi
983 1390 1211 1458 Christi,
1244 1391 1509 1447 omnium
1553 1395 1886 1447 nostrorum
1914 1409 2003 1447 re-
2106 1387 2447 1444 naturaliter
2467 1388 2697 1441 Patrem
2733 1385 2791 1441 in
2828 1386 3047 1441 Christo
3065 1387 3321 1458 negabit,
3348 1389 3712 1460 negetprius,

397 1479 751 1550 demptionis
768 1478 985 1533 etlecti:
1012 1496 1128 1533 non
1152 1496 1527 1535 communem
1547 1498 1782 1535 carnem
1822 1481 2003 1552 perci-
2106 1494 2225 1531 non
2259 1475 2598 1531 naturaliter
2623 1476 2707 1528 vel
2739 1493 2797 1529 se
2827 1474 2885 1529 in
2914 1474 3260 1543 Christo,vel
3287 1475 3392 1530 sibi
3422 1476 3715 1532 Christum

396 1568 620 1640 pientes
639 1567 814 1639 (quod
832 1567 978 1622 absit
999 1566 1035 1639 ι)
1064 1585 1173 1647 nec
1192 1572 1251 1623 ut
1271 1568 1373 1623 viri
1399 1569 1805 1624 sanctiﬁcatiet
1822 1571 2003 1624 Verbo
2109 1583 2227 1620 non
2258 1581 2379 1619 esse
2403 1581 2415 1632 ;
2450 1563 2587 1635 quia
2608 1562 2667 1617 in
2696 1563 2917 1618 Christo
2952 1565 3136 1631 Pater,
3158 1566 3214 1618 et
3235 1564 3490 1619 Christus
3516 1565 3576 1620 in
3605 1582 3713 1620 no-

406 1656 703 1727 conjuncti
736 1657 1053 1710 secundum
1082 1657 1378 1727 dignitatis
1402 1658 1702 1724 unitatem,
1736 1662 1834 1713 aut
1864 1658 2008 1712 sicut
2106 1655 2401 1720 bis,unum
2422 1652 2480 1706 in
2502 1653 2591 1706 his
2614 1670 2733 1707 esse
2754 1669 2858 1707 nos
2881 1652 3116 1706 faciunt.
3151 1652 3207 1706 Si
3240 1669 3373 1717 vere
3391 1653 3565 1725 igitur
3595 1671 3721 1709 car-

400 1745 650 1801 divinam
679 1745 1023 1818 possidentis
1047 1746 1498 1814 habitationem;
1530 1747 1630 1801 sed
1673 1763 1807 1801 vere
1835 1746 2007 1801 viviﬁ-
2037 1741 2087 1799 B
2110 1759 2246 1797 nem
2279 1741 2536 1812 corporis
2566 1739 2746 1794 nostri
2812 1740 3063 1795 Christus
3119 1742 3445 1812 assumpsit,
3495 1745 3552 1796 et
3579 1758 3719 1797 vere

401 1835 697 1901 catricem,
730 1836 787 1888 et
835 1834 1009 1905 ipsius
1050 1834 1217 1888 Verbi
1271 1836 1570 1906 propriam
1619 1836 1852 1891 factam.
1881 1836 2007 1890 Vita
2106 1828 2777 1901 homoille,quiexMaria
2798 1828 3720 1900 natusfuit,Christusest,nosque

403 1924 559 1978 enim
591 1923 931 1977 naturaliter
974 1925 1036 1977 ut
1076 1924 1224 1977 Deus
1281 1923 1547 1991 existens,
1581 1924 1716 1995 quia
1759 1925 2006 1996 preprize
2106 1937 2237 1975 vere
2263 1920 2366 1974 sub
2412 1918 2682 1990 mysterio
2728 1935 2963 1972 carnem
3007 1918 3263 1989 corporis
3300 1917 3385 1972 sui
3414 1918 3718 1983 sumimus,

401 2012 561 2066 carni
591 2011 895 2082 adjunctus
937 2013 1042 2078 est,
1076 2010 1499 2066 viviﬁcatricem
1542 2029 1672 2067 eam
1721 2030 1841 2067 esse
1872 2030 2005 2084 pro-
2110 2012 2167 2063 ct
2194 2025 2298 2079 per
2333 2009 2442 2062 hoc
2470 2023 2649 2061 unum
2673 2006 2888 2061 erimus
2914 2006 3067 2077 (quia
3108 2008 3279 2060 Pater
3313 2007 3370 2060 in
3408 2023 3476 2061 eo
3521 2011 3628 2075 est,
3660 2009 3725 2062 et.

401 2100 581 2156 fessus
598 2103 700 2157 est.
722 2099 958 2161 Etideo,
982 2099 1240 2169 quamvis
1264 2100 1414 2154 dicat
1454 2100 1527 2154 ad
1555 2118 1659 2155 nos
1688 2118 1699 2155 :
1738 2124 1765 2152 «
1796 2104 2004 2167 Amen,
2110 2097 2203 2151 ille
2232 2096 2290 2150 in
2322 2096 2531 2167 nobis),
2560 2095 2855 2166 quomodo
2882 2094 3189 2149 voluntatis
3215 2095 3400 2150 unitas
3421 2096 3720 2163 asseritur,

404 2214 432 2240 ‹‹
462 2206 633 2244 amen
656 2189 780 2242 dico
793 2188 976 2254 vobis,
1003 2188 1107 2241 nisi
1127 2189 1607 2244 manducaveritis
1633 2206 1868 2243 carnem
1885 2190 2008 2244 Filii
2094 2202 2241 2255 ,cum
2258 2186 2531 2239 naturalis
2551 2202 2655 2256 per
2674 2188 3098 2238 sacramentum
3116 2183 3435 2256 proprietas
3452 2184 3727 2255 perfectas

407 2299 436 2328 ι(
456 2276 803 2343 hominis,et
816 2275 1077 2331 biberitis
1098 2276 1219 2345 ejus
1244 2276 1647 2347 sanguinem,»
1670 2296 1788 2333 non
1812 2281 2009 2333 tamen
2113 2276 2540 2329 sacramentum
2554 2274 2625 2327 sit
2648 2272 2917 2328 unitatis?
2938 2276 3059 2345 lpse
3071 2274 3227 2327 enim
3251 2273 3330 2326 ait
3352 2290 3407 2326 ει(
3433 2273 3575 2328 Caro
3590 2290 3730 2328 mea

405 2382 535 2421 eam
560 2368 622 2419 ut
647 2364 900 2419 hominis
927 2363 1172 2418 uniusex
1207 2364 1373 2419 nobis
1413 2366 1701 2419 aestimare
1734 2367 2013 2421 debemus

404 2453 718 2526 (quomodo
730 2452 894 2523 juxta
914 2456 1181 2507 naturam
1203 2470 1365 2507 suam
1384 2452 1715 2509 viviﬁcatrix
1741 2472 1861 2509 esse
1880 2473 2012 2511 caro

405 2540 660 2597 hominis
676 2541 964 2611 poterit?),
989 2541 1087 2596 sed
1100 2545 1162 2597 ut
1183 2558 1313 2596 vere
1337 2543 1629 2614 propriam
1648 2545 1768 2614 ejus
1780 2545 2014 2612 factam,

407 2628 506 2701 qui
528 2631 764 2700 propter
792 2647 899 2684 nos
928 2629 1101 2684 Filius
1131 2631 1386 2685 hominis
1413 2635 1498 2685 est
1527 2631 1727 2698 factus,
1757 2634 1814 2687 et
1852 2649 2016 2687 voca-

408 2723 519 2773 tus.
558 2740 585 2767 ››
614 2719 819 2789 Magna
850 2718 1163 2773 auctoritas
1194 2719 1343 2774 tanti
1365 2719 1489 2787 viri,
1534 2738 1647 2792 qua
1688 2725 1745 2775 et
1782 2739 2017 2776 carnem

411 2806 619 2862 Christi
634 2823 767 2861 vere
790 2806 1219 2862 vivificatricem
1245 2825 1363 2862 esse
1387 2808 1547 2875 dixit,
1572 2812 1629 2863 et
1657 2809 1829 2881 ipsius
1849 2809 2018 2863 Verbi

411 2897 711 2971 propriam
738 2897 973 2965 factam,
1011 2900 1068 2951 et
1113 2897 1288 2952 vitam
1324 2901 1390 2952 ut
1443 2900 1624 2953 Deum
1684 2899 2023 2953 naturaliter

2116 2388 2142 2413 ((
2175 2379 2305 2417 vere
2337 2366 2423 2416 est
2447 2379 2594 2429 esca,
2629 2364 2685 2415 et
2716 2362 2947 2432 sanguis
2978 2379 3139 2416 meus
3164 2378 3296 2416 vere
3318 2363 3402 2415 est
3421 2360 3730 2431 potus.Qui

2117 2475 2145 2502 «
2177 2451 2294 2506 edit
2315 2468 2550 2506 carnem
2578 2467 2771 2505 meam
2802 2454 2859 2505 et
2887 2450 3033 2504 bibit
3058 2450 3400 2520 sanguinem
3425 2465 3643 2517 meum,
3664 2449 3730 2505 in

2120 2564 2145 2591 ‹‹
2181 2558 2274 2595 me
2297 2543 2497 2594 manet
2519 2544 2575 2593 et
2592 2555 2699 2609 ego
2726 2538 2784 2593 in
2812 2556 2901 2593 eo.
2922 2560 2950 2587 »
2974 2539 3053 2592 De
3074 2539 3312 2592 veritate
3325 2538 3510 2593 carnis
3528 2540 3739 2592 etsan-

2123 2629 2314 2700 guinis
2330 2646 2445 2685 non
2467 2632 2551 2683 est
2569 2628 2800 2682 relictus
2814 2626 3145 2697 ambigendi
3164 2628 3339 2682 locus.
3371 2627 3529 2682 Nunc
3544 2626 3735 2696 enim,

2123 2720 2179 2773 et
2211 2717 2568 2790 professione
2614 2716 2787 2787 ipsius
2825 2715 3055 2770 Domini
3104 2718 3162 2769 et
3192 2715 3303 2770 ﬁde
3347 2719 3560 2783 nostra,
3594 2732 3737 2771 vere

2124 2823 2255 2860 caro
2285 2809 2370 2859 est
2403 2809 2460 2859 et
2480 2821 2611 2858 vere
2639 2805 2872 2876 sanguis
2905 2807 2990 2858 est
3021 2807 3114 2871 ;et
3143 2806 3265 2858 haec
3288 2808 3517 2876 accepta
3555 2807 3739 2876 atque

2126 2896 2332 2949 hausta
2352 2894 2408 2947 id
2432 2892 2708 2959 efficiunt,
2746 2897 2807 2947 ut
2841 2910 2947 2948 nos
2969 2893 3025 2946 in
3045 2892 3288 2959 Christo,
3314 2897 3373 2948 et
3391 2892 3645 2947 Christus
3672 2892 3740 2947 in

412 2986 778 3041 existentem.
804 2986 981 3057 Ilujus
1008 2984 1201 3057 itaque
1236 2986 1379 3041 tanti
1411 2986 1880 3041 viri-auctoritate
1911 2989 2023 3041 snl-
2060 3021 2106 3079 Ο
2130 2983 2293 3037 nobis
2312 2983 2401 3036 sit.
2423 2985 2587 3037 Anne
2605 2982 2932 3036 hocveritas
2956 2998 3073 3035 non
3096 2985 3181 3035 est
3201 2980 3537 3053 ?contingat
3562 2982 3743 3051 plane

413 3076 566 3130 vitur
591 3074 931 3146 ambiguum
965 3092 1140 3129 omne
1169 3076 1324 3146 quod
1351 3077 1551 3130 beatus
1579 3077 1913 3131 Ambrosius
1946 3077 2028 3130 di-

418 3163 574 3218 misit
603 3164 660 3219 in
696 3164 1122 3228 subauditione,
1179 3164 1496 3217 naturaliter
1532 3165 1742 3219 scilicet
1792 3182 2025 3219 carnem

419 3251 650 3318 Christi,
679 3268 809 3323 qua:
831 3251 1077 3304 sumitur
1105 3251 1174 3305 de
1198 3251 1384 3318 altari,
1428 3252 1693 3305 eamdem
1722 3253 1865 3319 fore,
1901 3270 2028 3323 quae

421 3342 560 3393 nata
590 3343 675 3393 est
726 3339 797 3392 de
851 3338 1128 3409 Virginio.
1162 3339 1229 3392 Et
1263 3338 1496 3406 idcirco,
1547 3340 1663 3395 sive
1713 3341 2030 3395 secundum

424 3426 839 3497 Hieronymum
866 3426 1309 3497 dupliciter,sive
1322 3428 1635 3482 secundum
1650 3430 2033 3500 Augustinum

428 3515 650 3570 dicatur
679 3531 884 3585 corpus
920 3515 1125 3569 Christi
1158 3517 1477 3586 tripliciter,
1496 3519 1793 3587 specialiter
1832 3520 2038 3574 debeat

428 3602 559 3669 dici,
580 3620 711 3657 cum
729 3602 800 3657 sit
820 3605 1139 3657 naturaliter
1156 3622 1353 3661 unum.
1388 3607 1548 3661 Unde
1570 3611 1625 3661 et
1645 3608 1994 3678 Augustinus
2020 3624 2034 3663 ε

430 3714 455 3741 ‹‹
496 3692 566 3746 Ut
588 3709 654 3747 ex
683 3692 826 3763 ipso,
885 3693 1091 3764 inquit,
1147 3698 1205 3748 et
1234 3694 1306 3748 ab
1339 3694 1462 3765 ipso
1504 3713 1629 3762 nos,
1657 3714 1865 3768 corpus
1895 3698 2036 3768 ejus,

429 3797 667 3836 carnem
700 3780 893 3854 ipsius,
928 3782 1023 3837 illo
1058 3787 1334 3838 manente
1367 3785 1620 3855 integro,
1659 3803 1972 3841 sumamus.
2010 3809 2037 3835 »

432 3872 618 3934 Quam
648 3870 797 3924 bene
830 3871 980 3925 facta
1010 3870 1333 3927 distinctio!
1360 3873 1515 3943 quod
1543 3873 1621 3927 ita
1651 3875 2035 3929 construitur:

438 3960 511 4015 Ut
533 3978 645 4027 nos,
666 3959 872 4032 inquit,
892 3960 989 4032 qui
1016 3978 1213 4016 sumus
1242 3979 1449 4033 corpus
1478 3962 1703 4030 Christi,
1742 3963 1800 4018 id
1831 3967 1916 4017 est
1947 3965 2042 4018 Ec-

434 4049 626 4115 clesia,
669 4049 735 4102 ab
786 4051 914 4120 ipso,
965 4049 1062 4121 qui
1096 4053 1263 4104 natus
1289 4053 1374 4104 est
1426 4050 1495 4104 de
1524 4050 1741 4121 virgine
1771 4052 1943 4106 Maria
1980 4071 2042 4106 ea:

437 4141 545 4208 ipso
569 4157 584 4204 ;
605 4137 663 4192 id
681 4141 1038 4204 est,carnem
1063 4140 1206 4209 ejus,
1229 4156 1356 4210 quae
1371 4143 1740 4194 consecratur
1771 4142 1827 4195 in
1854 4142 2040 4209 altari,

440 4226 527 4279 illo
559 4232 803 4279 manente
829 4228 1052 4295 integro,
1081 4244 1371 4282 sumamus.
1409 4229 1476 4283 Ut
1494 4232 1688 4283 autem
1718 4230 1926 4284 certius
1944 4232 2042 4285 de-

443 4317 793 4368 monstraret
848 4315 1004 4369 idem
1050 4316 1249 4370 beatus
1279 4317 1518 4387 Cyrillus
1566 4319 1713 4372 hanc
1762 4286 2120 4391 triplicemD

443 4402 757 4456 secundum
788 4404 1169 4473 Augustinum
1201 4404 1953 4479 discretionem,specialiter
1970 4408 2049 4461 di-

444 4494 618 4557 ctam,
649 4493 990 4546 naturaliter
1019 4510 1140 4546 esse
1182 4510 1354 4547 unam
1383 4510 1395 4546 :
1423 4518 1449 4542 ‹‹
1480 4495 1845 4566 Non,inquit,
1866 4500 1926 4549 ut
1946 4496 2051 4550 viri

446 4578 780 4634 sanctiﬁcati
813 4582 870 4633 et
892 4581 1072 4634 Verbo
1092 4581 1378 4650 conjuncti
1408 4585 1723 4637 secundum
1756 4584 2052 4655 dignitatis

449 4668 753 4733 unitatem,
776 4671 874 4721 aut
902 4669 1043 4723 sicut
1070 4669 1323 4724 divinam
1372 4671 1715 4743 possidentis
1746 4673 2051 4729 habitatio-

449 4774 583 4813 nem
610 4757 743 4826 ;scd
770 4774 899 4811 vere
929 4758 1374 4826 vivificatricem,
1407 4764 1464 4814 et
1506 4760 1679 4831 ipsius
1720 4762 1886 4815 Verbi
1922 4779 2052 4834 pro-

446 4845 637 4917 priam
667 4846 902 4901 factam.
940 4869 967 4895 »
997 4848 1196 4902 Ariani
1227 4848 1405 4913 enim,
1438 4850 1534 4919 qui
1562 4850 1852 4919 negabant
1876 4867 2051 4904 unam

395 4937 403 4944 ’
449 4934 632 4989 Patris
662 4938 718 4989 et
746 4935 867 4990 Filii
892 4937 1297 5003 substantiam,
1334 4938 1493 5005 illud,
1539 4939 1692 5009 quod
1735 4938 1852 5007 ipse
1885 4939 2053 4994 Filius

451 5022 588 5078 dicit
618 5041 630 5078 :
660 5023 782 5093 Ego
804 5033 851 5078 et
870 5026 1040 5080 Pater
1068 5044 1234 5079 unum
1260 5042 1442 5081 sumus
1472 5028 1652 5093 (Joun.
1683 5045 1734 5091 Χ,
1761 5028 1868 5097 30),
1903 5045 2051 5081 asse-

449 5112 679 5180 rebant,
732 5112 1178 5184 intelligendum
1230 5132 1295 5169 ex
1355 5116 1662 5170 concordia
1710 5116 2051 5184 voluntatis;

451 5217 595 5271 quos
624 5201 986 5256 manifestius
1012 5204 1269 5257 confutat
1299 5203 1558 5270 Hilarius,
1601 5222 1729 5258 vere
1762 5206 2054 5259 Itoniano-

451 5306 579 5343 rum
615 5291 837 5345 Lucifer
871 5309 882 5345 :
918 5293 1073 5363 quod
1129 5293 1199 5346 ad
1253 5293 1712 5362 intelligendum,
1762 5294 1915 5365 quod
1949 5296 2052 5367 Cy-

449 5380 609 5433 rillus
640 5379 879 5445 dixerat,
913 5382 1062 5434 valet
1098 5381 1506 5451 multipliciter.

522 5469 609 5523 Vl.
644 5469 883 5523 Hilarius
916 5469 1052 5534 (vui,
1098 5468 1179 5521 De
1232 5470 1449 5537 Trim'l.)
1484 5488 1495 5523 :
1533 5496 1555 5519 ‹‹
1616 5472 1741 5533 Eos,
1780 5495 1805 5517 )›
1847 5470 2051 5541 inquit,

455 5580 483 5607 α
511 5575 684 5625 nunc,
706 5557 801 5631 qui
840 5558 991 5613 inter
1015 5560 1243 5613 Patrem
1272 5562 1327 5613 et
1354 5559 1555 5613 Filium
1590 5562 1941 5614 voluntatem
1968 5560 2052 5614 in-

2130 3072 2215 3125 bis
2233 3088 2430 3125 verum
2455 3089 2570 3125 non
2595 3088 2736 3137 esse,
2752 3070 2848 3141 qui
2872 3070 3163 3124 Christum
3182 3072 3374 3125 Jesum
3391 3086 3591 3124 verum
3612 3085 3745 3125 esse

2128 3163 2311 3215 Deum
2347 3161 2658 3231 denegant.
2678 3160 2773 3212 Est
2789 3176 2926 3231 ergo
2949 3159 3008 3213 in
3032 3159 3195 3213 nobis
3215 3159 3338 3230 ipse
3361 3175 3746 3231 percaruem,

2130 3253 2187 3303 et
2215 3264 2410 3303 sumus
2436 3249 2492 3303 in
2524 3266 2612 3313 eo,
2643 3249 2781 3302 dum
2809 3265 3003 3302 secum
3033 3248 3159 3315 hoc,
3193 3248 3349 3320 quod
3374 3264 3478 3302 nos
3515 3264 3747 3314 sumus,

2132 3338 2190 3392 in
2224 3340 2335 3393 Deo
2369 3339 2472 3391 est.
2513 3359 2538 3384 »
2574 3338 2715 3390 ltem
2762 3341 2892 3407 post
2932 3352 3151 3407 pauca:
3190 3358 3214 3385 ε(
3260 3336 3388 3390 Haec
3438 3352 3574 3407 ergo
3605 3335 3749 3391 vitae

2134 3429 2345 3481 nostrm
2378 3441 2547 3479 causa
2578 3428 2682 3491 est,
2703 3425 2855 3496 quod
2876 3424 2933 3478 in
2959 3425 3124 3479 nobis
3154 3425 3475 3479 carnalibus
3498 3440 3600 3496 per
3620 3439 3755 3480 car-

2136 3532 2269 3569 nem
2301 3516 2587 3570 Christum
2620 3517 2958 3567 manentem
2992 3514 3289 3581 habemus,
3315 3514 3542 3568 victuris
3572 3512 3755 3567 nobis

2137 3621 2242 3674 per
2261 3621 2393 3657 eum
2415 3621 2481 3657 ea
2494 3602 2825 3657 conditione
2849 3620 2961 3674 qua
2974 3602 3103 3656 vivit
3126 3602 3224 3655 ille
3258 3618 3362 3672 per
3392 3603 3645 3656 Patrem.
3684 3601 3755 3657 Si

2140 3710 2244 3746 nos
2271 3710 2407 3763 ergo
2442 3693 2781 3746 naturaliter
2815 3691 3131 3745 secundum
3178 3708 3413 3745 carnem
3462 3707 3561 3762 per
3607 3707 3754 3745 eum

2139 3781 2401 3848 vivimus,
2425 3781 2482 3835 id
2514 3784 2618 3846 est,
2650 3783 2919 3834 naturam
2960 3779 3147 3833 carnis
3175 3796 3290 3834 sum
3312 3796 3508 3834 sumus
3525 3779 3753 3849 adepti,

2141 3871 2435 3941 quomodo
2468 3888 2584 3925 non
2611 3869 2951 3924 natiu'aliter
2972 3868 3285 3922 secundum
3313 3867 3579 3938 spiritum
3603 3866 3661 3921 in
3689 3883 3758 3923 se

2142 3962 2369 4013 Patrem
2402 3959 2632 4025 habeat,
2675 3975 2805 4012 cum
2828 3958 2977 4011 vivat
3006 3957 3125 4029 ipse
3154 3973 3257 4028 per
3287 3959 3517 4011 Patrem
3548 3956 3575 4010 ‘I
3611 3976 3636 4005 ο

2211 4049 2322 4101 Vll.
2351 4048 2446 4101 llic
2468 4047 2780 4101 videndum
2821 4046 3113 4118 quomodo
3144 4062 3248 4116 per
3277 4045 3334 4099 id
3373 4045 3546 4100 etiam
3592 4047 3760 4117 quod

2142 4137 2426 4191 haereticis
2453 4140 2577 4190 erat
2604 4135 3012 4199 indubitatum,
3055 4134 3295 4188 voluerit
3322 4150 3562 4204 arguere
3593 4134 3762 4205 quod

2146 4229 2269 4279 erat
2300 4226 2557 4279 dubium.
2578 4225 2957 4279 Dubitabatur
2979 4224 3049 4278 ab
3076 4223 3159 4276 eis’
3193 4222 3261 4277 de
3286 4223 3453 4276 unica
3477 4222 3664 4276 Patris
3699 4226 3764 4278 et

2148 4314 2269 4368 Filii
2292 4313 2632 4380 substantia;
2659 4312 2794 4383 quia
2813 4312 2967 4384 quod
2986 4312 3201 4365 dictum
3224 4315 3336 4365 est:
3360 4334 3385 4359 ι(
3418 4312 3540 4379 Ego
3558 4315 3615 4365 et
3646 4313 3761 4366 Pa-
3786 4300 3799 4309 ’

2150 4406 2239 4456 ter
2272 4419 2450 4456 unum
2482 4418 2676 4455 sumus
2715 4402 2894 4467 (Jmm.
2931 4418 2982 4467 x,
3020 4400 3130 4469 30),
3174 4421 3202 4448 ››
3245 4400 3633 4455 moliebantur
3682 4400 3765 4455 ad

2152 4490 2548 4545 unanimitatis
2578 4490 2797 4545 referre
2829 4505 3195 4554 consensum,
3240 4492 3302 4543 ut
3336 4487 3525 4542 unitas
3565 4489 3764 4543 solum

2153 4583 2299 4633 esset
2327 4579 2653 4645 voluntatis,
2693 4596 2809 4633 non
2838 4581 3085 4643 naturae;
3118 4577 3261 4632 sicut
3295 4600 3322 4626 ‹‹
3370 4577 3768 4633 multitudinis

2152 4667 2513 4723 credentium
2541 4670 2665 4721 erat
2692 4684 2791 4721 cor
2822 4683 2999 4721 unum
3028 4671 3085 4720 et
3124 4666 3319 4720 anima
3346 4683 3459 4719 una
3490 4664 3640 4735 (Act.
3683 4683 3765 4733 ιγ,

2153 4756 2697 4821 32).»lndubitatum
2722 4772 2855 4809 vero
2874 4755 3163 4826 eratquod
3194 4754 3583 4807 vereVerbum
3621 4771 3766 4810 caro

2152 4846 2369 4899 factum
2390 4846 2598 4899 fuerat.
2620 4844 3023 4907 Nihilominus,
3039 4841 3171 4914 quia
3192 4843 3337 4895 Deus
3352 4843 3614 4894 naturam
3633 4857 3773 4896 car-

2153 4935 2240 4987 nis
2256 4937 2462 4987 nostrm
2478 4931 2917 5003 inseparabilem
2933 4931 3036 4984 sibi
3058 4931 3234 4984 homo
3250 4930 3769 4999 natusassumpsit,

2152 5027 2209 5077 et
2239 5025 2504 5076 naturam
2545 5020 2732 5074 carnis
2753 5037 2867 5073 suae
2900 5020 2973 5073 ad
3000 5024 3267 5073 naturam
3300 5017 3637 5071 asternitatis
3655 5019 3772 5075 sub

2153 5116 2514 5167 sacramento
2543 5112 2648 5165 hoc
2670 5110 2833 5164 nobis
2850 5106 3546 5163 communicandascaruis
3567 5107 3775 5162 admi-

2153 5202 2317 5269 scuit,
2338 5219 2401 5255 ac
2428 5219 2529 5271 per
2560 5201 2665 5253 hoc
2699 5217 2803 5252 nos
2823 5200 2880 5252 in
2916 5198 3137 5253 Christo
3162 5214 3341 5251 unum
3363 5197 3781 5267 corpusefliei-

2154 5308 2313 5357 mur;
2352 5294 2409 5344 et
2439 5291 2565 5343 ideo
2600 5307 2701 5361 per
2734 5290 2840 5343 hoc
2873 5303 3079 5341 omnes
3112 5288 3167 5340 in
3196 5288 3311 5341 Deo
3339 5286 3503 5339 Patre
3534 5289 3591 5337 et
3623 5287 3780 5343 Filio

2157 5398 2333 5433 unum
2369 5395 2590 5444 sumus;
2625 5378 2757 5448 quia
2790 5377 3029 5430 Patcrin
3064 5375 3309 5439 Christo,
3343 5377 3399 5427 et
3429 5373 3778 5431 Cliristusin

2158 5469 2323 5523 nobis
2356 5486 2476 5520 esse
2508 5470 2702 5537 probat
2718 5484 2801 5529 nr,
2822 5466 3117 5518 videamus
3137 5461 3776 5523 distinctionem,Cliri-

2154 5564 2274 5613 stus
2295 5563 2561 5612 naturam
2584 5554 2997 5610 noslrmcarnis
3019 5551 3345 5622 assumpsit,
3377 5567 3503 5604 cum
3534 5550 3605 5604 de
3638 5550 3774 5607 Vir-
