3986 6170
255 363 334 425 188
392 388 396 392 θ
1252 359 1346 420 DE
1373 356 1695 422 CORPORE
1734 352 1819 414 ET

1952 355 2227 421 NGUINE
2252 360 2513 425 DOMNI.

251 486 361 559 gina
390 482 536 539 natus
559 478 751 537 homo
780 478 1091 555 processit.
1127 480 1273 538 Ecce
1304 499 1440 540 caro
1460 483 1539 540 vde
1560 475 1818 554 Virgine!
1848 520 1909 581 Α
1939 482 2038 536 est
2049 497 2256 552 unum;
2288 484 2423 556 quia
2442 501 2560 543 non
2576 484 2689 543 duo
2702 487 2800 543 aut
2815 485 2928 544 tria
2950 502 3216 562 corpora,
3236 488 3339 549 sed
3351 506 3555 549 unum»

251 575 333 630 sub
356 569 1247 637 sacramentocommunicandae
1283 571 1492 627 carnis.
1522 568 1829 642 Ecce'quod

250 662 451 718 sumitur
474 661 538 714 de
569 658 779 714 altari!
813 658 903 712 Ad
935 662 1211 714 naturam
1224 661 1681 715 ecternitatisnos
1704 657 1830 713 uni-

1947 591 1977 621 «
2012 570 2501 643 Unuspanis,»ait
2536 576 2862 647 Apostolus,
2878 599 2907 627 «
2931 594 3109 633 unum
3136 596 3343 651 corpus
3388 580 3562 638 multi

1941 674 2144 713 sumus
2186 660 2244 716 in
2278 660 2496 718 Christo
2542 663 2593 735 (Ι
2622 662 2817 733 Cor.x,
2853 665 2956 736 l7).
2989 686 3018 715 ››
3051 667 3150 721 Et:
3174 691 3201 718 ‹‹
3234 669 3415 724 Erunt
3444 669 3559 725 duo

251 752 324 806 vit.
352 751 475 804 Ecce
494 764 703 820 corpus
734 750 1029 813 nostrum,
1090 748 1250 819 quod
1280 750 1368 802 est
1399 747 1679 803 Ecclesia!
1708 748 1835 802 iam
1942 745 2005 802 in
2039 764 2211 804 carne
2261 766 2379 804 una
2427 750 2477 820 (1
2486 749 2612 806 Cor.
2640 769 2695 806 v1
2726 756 2829 816 16).
2876 753 3317 812 Sacramentum
3362 757 3496 825 hoc,
3526 777 3557 811 ι»

249 839 385 895 credo
395 841 605 908 patere,
639 836 805 908 quod
840 837 1047 891 beatus
1071 836 1413 891 Ambrosius
1434 836 1671 903 dixerat,
1704 839 1834 890 tan-

250 926 354 981 dem
382 941 508 991 esse,
522 928 591 979 ut
609 924 1001 979 subaudiatur
1011 923 1361 978 naturaliter.
1379 925 1446 978 Et
1461 924 1832 997 Augustinus,

1946 837 2029 892 ait
2084 840 2411 909 Apostolus,
2435 862 2463 891 «
2487 857 2768 912 magnum
2787 845 2901 910 est;
2937 859 3045 913 ego
3094 846 3291 900 autem
3340 845 3467 900 dico
3498 844 3559 902 in

1944 927 2191 995 Christo,
2227 930 2285 983 et
2313 928 2373 982 in
2393 929 2638 984 Ecclesia
2656 929 2946 1001 (Ephes.v,
2975 932 3087 1004 32),
3112 954 3141 983 »
3171 932 3230 989 id
3260 936 3346 989 est
3368 933 3427 988 in
3450 950 3558 991 nor

247 1015 651 1084 Hieronymuset
668 1012 1009 1084 Fulgentius
1029 1028 1043 1067 :
1065 1011 1223 1067 aliud
1241 1013 1840 1081 esse,utsubaudiatur
1943 1016 2054 1083 bis,
2080 1017 2176 1088 qui
2210 1035 2407 1073 sumus
2432 1034 2637 1091 corpus
2668 1018 2895 1087 Christi,
2924 1023 3079 1093 quod
3103 1025 3190 1078 est
3219 1022 3485 1089 Ecclesia,
3503 1026 3564 1083 et

246 1101 510 1174 specialiter.
546 1100 619 1154 Et
648 1100 790 1172 quia
818 1102 1005 1155 cultus
1025 1099 1267 1171 justitim
1286 1099 1471 1170 pietas
1493 1105 1597 1167 est,
1629 1102 1717 1155 vel
1749 1117 1839 1156 sa-

244 1190 421 1263 pientia
447 1188 683 1261 pietatis
713 1192 802 1242 est
821 1189 1062 1257 fructus,
1087 1187 1417 1260 aliquando
1443 1189 1679 1261 quidam
1701 1189 1840 1244 sim-

245 1280 383 1352 plices
399 1280 452 1331 et
478 1277 705 1344 idiouc,
738 1277 1035 1332 ferventes
1080 1292 1219 1330 vero
1275 1276 1448 1331 bonis
1487 1277 1756 1349 operibus
1787 1278 1845 1331 et

243 1368 439 1441 pietate,
458 1365 673 1419 melius
699 1380 845 1435 pura
862 1364 1144 1434 proﬁcere
1161 1363 1301 1430 fide,
1322 1381 1497 1436 quam
1519 1366 1709 1420 fucato
1731 1381 1849 1420 ser-

247 1471 407 1510 mone.
433 1453 617 1509 Senes
640 1453 723 1507 illi
750 1453 811 1507 in
843 1452 1433 1519 VitaPatrum,alium
1463 1470 1628 1524 teque
1641 1469 1843 1508 senem

244 1560 293 1599 ac
308 1543 469 1599 virum
498 1545 802 1607 sanctum,
853 1540 954 1594 sed
996 1556 1103 1611 pro
1124 1540 1240 1595 hoc
1271 1540 1545 1612 mysterio
1580 1541 1840 1607 dubium,

245 1650 337 1688 non
363 1629 677 1686 dialecticis
697 1628 1332 1700 argumentationibus,
1357 1630 1452 1685 sed
1485 1630 1677 1685 verbis
1703 1630 1841 1684 sim-

238 1719 438 1792 plicibus
467 1720 522 1772 et
576 1717 847 1772 oratione
876 1717 1373 1789 compuleruntad
1402 1718 1847 1785 credendum,il—

238 1807 314 1862 Iud
334 1806 472 1878 quod
490 1804 798 1860 sumimus
830 1804 901 1858 de
933 1803 1479 1872 altari,naturaliter
1494 1822 1615 1861 esse
1638 1822 1846 1877 corpus

235 1895 443 1961 Domini,
489 1909 636 1948 cum
666 1895 727 1947 et
760 1891 821 1946 in
872 1892 1134 1959 veritate,
1171 1910 1296 1949 non
1329 1893 1667 1965 ﬁguratum.
1701 1894 1842 1949 Ecce
1865 1865 1918 1925 Β

234 1987 470 2055 quantum
489 1981 649 2036 ﬁdes
664 1977 1236 2052 proﬁcit,ubisermo
1255 1981 1450 2037 deﬁcit
1471 1981 1484 2035 l
1508 1983 1577 2036 Et
1601 1999 1707 2036 nos
1737 1981 1841 2035 ali-

235 2071 781 2142 quando,antequam
797 2070 1095 2122 tantorum
1115 2068 1402 2138 virorum,
1419 2070 1613 2142 Cyrilli
1638 2069 1764 2124 dico
1787 2071 1845 2123 et

233 2160 415 2225 Hilarii,
440 2156 899 2213 auctoritatibus
951 2155 1404 2221 instrueremur,
1468 2160 1623 2214 hanc
1667 2173 1843 2227 supra

232 2247 471 2302 dictorum
499 2248 857 2301 sanctorum
880 2248 1027 2316 (qua:
1050 2245 1216 2315 [cod.,
1244 2246 1401 2319 quia]
1414 2246 1840 2320 posterioribus

228 2338 319 2390 visa
339 2340 432 2401 est)
453 2333 913 2406 discrepantiam
941 2333 1102 2399 [cod.,
1150 2335 1566 2408 discrepantia]
1597 2336 1844 2406 alicujus

229 2424 465 2480 dialectici
493 2421 840 2513 argumenti
870 2421 1008 2513 sede
1034 2422 1332 2513 absolvere
1363 2425 1838 2513 meditabamug,

228 2516 331 2570 Non
357 2514 506 2569 enim
539 2528 639 2568 ars
671 2511 789 2578 illa,
813 2527 942 2583 qua:
955 2509 1156 2564 dividit
1185 2527 1405 2581 genera
1436 2513 1495 2567 in
1520 2509 1846 2585 species,et

228 2603 406 2674 species
422 2603 477 2657 in
496 2617 728 2675 genera
741 2597 989 2665 resolvit,
1023 2600 1094 2653 ab
1114 2599 1383 2654 humanis
1428 2603 1841 2660 machinatio-

227 2694 365 2748 nibus
375 2697 456 2748 est
474 2691 667 2758 facta;
697 2689 796 2745 sed
816 2688 874 2742 in
900 2691 1108 2742 natura
1120 2702 1318 2741 rerum
1340 2689 1409 2743 ab
1423 2693 1699 2749 Auctore
1717 2708 1842 2747 om-

230 2782 362 2838 nium
388 2782 628 2848 artium,
665 2795 793 2852 quae
818 2794 964 2832 verae
984 2780 1135 2832 artes
1166 2779 1324 2844 sunt,
1345 2779 1401 2830 et
1419 2780 1845 2850 asapientibus

230 2869 451 2939 inventa,
468 2874 527 2926 et
539 2870 619 2926 ad
641 2868 947 2924 utilitatem
962 2866 1189 2921 solertis
1205 2881 1401 2920 rerum
1433 2866 1750 2941 indaginis
1763 2874 1850 2925 est

224 2960 439 3029 usitata;
473 2961 626 3015 sicut
689 2959 964 3028 scriptum
1014 2959 1100 3010 est
1121 2972 1179 3010 :u
1205 2953 1488 3008 Producat
1513 2958 1690 3013 terra
1722 2959 1847 3013 ani-

238 3051 381 3105 malia
404 3051 462 3105 in
509 3047 741 3121 species
784 3063 913 3101 suas
942 3043 1160 3115 (Genes.
1195 3060 1234 3111 ι,
1268 3044 1383 3112 24).
1413 3063 1441 3091 ››
1474 3042 1591 3098 Sed
1651 3047 1848 3118 primo

1936 1106 2007 1162 in
2031 1124 2204 1163 carne
2233 1108 2461 1176 Christi,
2491 1126 2619 1181 quae
2645 1114 2784 1165 nata
2812 1114 2899 1166 est
2936 1112 3007 1168 de
3054 1112 3285 1183 Virgine
3335 1112 3511 1170 Maria
3542 1130 3558 1183 ;

1946 1195 2179 1265 quibus,
2202 1198 2289 1250 vel
2320 1198 2409 1252 cui
2431 1197 2740 1253 intervenit
2769 1199 2982 1267 media,
3011 1217 3139 1273 qua:
3169 1204 3442 1275 utrasque
3463 1201 3560 1273 ju—

1947 1288 2066 1351 vat,
2104 1302 2231 1356 quae
2262 1287 2510 1341 sumitur
2529 1288 2599 1342 de
2631 1287 2818 1355 altari,
2852 1288 3024 1360 digne
3053 1293 3344 1364 percepta.

2022 1374 2161 1429 VIII.
2190 1373 2376 1439 Quam
2398 1375 2816 1446 triplicitatem,
2845 1377 2945 1433 sed
2965 1378 3565 1451 unitam,signiﬁcavit

1948 1462 2131 1517 David
2162 1464 2221 1519 in
2247 1464 2407 1520 libris
2434 1466 2789 1537 Regnorum,
2825 1466 2922 1538 qui
2961 1468 3276 1539 efferebatur
3305 1471 3361 1523 in
3389 1468 3567 1523 mani-

1955 1554 2048 1608 bus
2077 1556 2204 1609 suis.
2237 1556 2362 1610 Non
2395 1555 2555 1610 enim
2579 1556 2655 1611 ad
2681 1556 2940 1612 litteram
2965 1558 3272 1630 quisquam
3296 1557 3434 1614 ferri
3465 1569 3571 1627 po-

1951 1644 2069 1697 test
2098 1642 2157 1698 in
2180 1644 2451 1699 manibus
2481 1644 2612 1699 suis.
2651 1645 2765 1700 Sed
2798 1652 2964 1701 verus
2991 1646 3192 1714 David,
3219 1646 3379 1702 idest
3406 1640 3569 1702 Chri-

1950 1733 2092 1798 stus,
2129 1730 2479 1786 etferebatur
2500 1731 2559 1786 in
2590 1733 2858 1788 manibus
2886 1733 3020 1802 suis,
3047 1735 3280 1806 quando
3336 1741 3570 1789 recum-

1948 1817 2095 1873 bens
2126 1818 2184 1874 in
2216 1836 2380 1875 coena
2410 1837 2540 1874 cum
2570 1819 2797 1892 integro
2853 1837 3115 1893 corpore,
3167 1821 3323 1894 quod
3365 1821 3577 1876 natum

1947 1905 2139 1962 fuerat
2161 1908 2232 1962 de
2252 1907 2504 1979 Virgine,
2532 1907 2592 1962 in
2625 1912 2812 1963 morte
2828 1910 3189 1979 ponendum,
3211 1907 3582 1965 resurrectu-

1946 1995 2281 2061 rum,coelis
2303 1998 2501 2050 tamen
2529 1996 3319 2066 gloriﬁcatuminferendum,
3353 1997 3439 2053 ad
3454 1993 3593 2054 dex-
3656 2030 3665 2037 -

1948 2085 2141 2149 teram
2171 2085 2353 2139 Patris
2377 2084 2802 2151 collocandum,
2831 2100 3058 2156 corpus,
3091 2085 3247 2157 quod
3276 2101 3392 2141 nos
3429 2102 3598 2151 nunc

1945 2172 2236 2227 sumimus
2265 2173 2338 2228 de
2366 2172 2552 2239 altari,
2580 2172 2849 2227 manibus
2878 2173 3012 2240 suis,
3076 2173 3135 2228 id
3165 2176 3270 2241 est,
3296 2189 3460 2230 vero
3497 2198 3597 2243 suo

1946 2260 2179 2332 corpori
2201 2262 2578 2316 connaturale
2594 2264 2651 2315 et
2665 2260 3436 2334 conformatum,discipulis
3448 2272 3590 2344 suis,

1945 2349 2005 2404 id
2037 2354 2125 2404 est
2155 2349 2381 2422 corpori
2406 2366 2530 2417 suo,
2553 2349 2708 2421 quod
2764 2366 2961 2405 sumus
3004 2367 3109 2406 nos
3162 2351 3251 2405 vel
3300 2350 3586 2430 Ecclesia,

1947 2438 2749 2494 obtulitcommunicandum.
2765 2456 2796 2490 ‹‹
2812 2438 2994 2493 Nemo
3007 2439 3223 2511 quippe
3240 2442 3583 2504 ascenditin

1945 2528 2186 2595 coelum,
2213 2527 2321 2583 nisi
2350 2526 2450 2598 qui
2475 2526 2774 2582 descendit
2796 2527 2866 2581 de
2897 2527 3063 2591 coelo,
3094 2527 3264 2583 Filius
3291 2528 3576 2601 hominis,

1947 2616 2049 2688 qui
2078 2619 2167 2671 est
2200 2616 2258 2671 in
2281 2617 2423 2671 ccelo
2445 2616 2632 2688 (Joan.
2658 2633 2739 2683 III,
2777 2616 2883 2687 l3).
2911 2637 2938 2664 »
2956 2616 3085 2672 ‘Sed
3112 2633 3245 2671 caro
3289 2619 3570 2687 ascendit,

1949 2722 2080 2776 quae
2111 2722 2232 2761 non
2264 2705 2787 2776 descenderatjam
2801 2704 3013 2778 quippe
3033 2705 3232 2761 deitati
3245 2703 3406 2760 unita
3421 2708 3570 2765 erat.

1949 2794 2118 2849 Unde
2145 2797 2205 2849 et
2234 2795 2405 2849 beata
2431 2794 2606 2849 Maria
2621 2810 2739 2849 non
2771 2794 2960 2849 solum
2980 2791 3569 2865 Christotocos(Xpia-co-

1949 2884 2145 2953 τόκος),
2174 2883 2274 2938 sed
2298 2882 2478 2937 etiam
2525 2883 2780 2937 theotocos
2814 2880 3083 2953 (Osoto’xocl
3142 2881 3357 2937 meruit
3415 2880 3564 2937 fieri.

1955 2971 2324 3043 Quapropter
2375 2971 2453 3024 sic
2504 2969 3188 3040 intelligendum:Nemo
3224 2969 3482 3026 ascendit
3502 2967 3566 3023 in

1952 3061 2162 3116 coelum
2193 3076 2326 3115 cum
2351 3074 2546 3127 carne,
2571 3058 2677 3113 nisi
2713 3058 2812 3130 qui
2842 3058 3139 3114 descendit
3168 3073 3301 3113 cum
3323 3057 3561 3113 deitate.

236 3138 826 3209 occurrebat,aliquam
842 3134 1220 3190 medietatem
1233 3131 1612 3188 arithmeticae
1625 3152 1845 3207 ponere

1952 3150 2040 3205 Ad
2056 3150 2167 3205 hoc
2179 3167 2249 3204 cn
2261 3149 2338 3204 im
2361 3147 2646 3220 particeps
2665 3147 2851 3202 factus
2865 3149 2951 3201 est
2966 3145 3342 3201 humanitatis
3351 3147 3565 3201 nostra:

238 3229 519 3282 secundum
541 3227 806 3297 aliquam
820 3225 890 3279 de
904 3220 1548 3296 proportionalitatibus
1564 3239 1845 3280 numero-

238 3332 366 3383 rum,
390 3334 530 3388 quas
550 3316 614 3370 in
647 3310 1343 3385 praportionibus,inque
1375 3307 1713 3365 diﬂ'erentiis
1731 3315 1847 3367 ter-

245 3403 505 3458 minorum
538 3390 1036 3471 contemplemur.
1073 3397 1188 3453 Sed
1216 3413 1323 3451 nec
1356 3400 1412 3451 et
1442 3396 1552 3451 ista
1579 3399 1851 3455 humanis

243 3491 753 3547 machinationibus
782 3491 867 3544 est
891 3489 1063 3555 facta,
1094 3485 1231 3559 quia
1251 3484 1560 3540 ineﬂ'abilis
1573 3490 1745 3558 atque
1764 3488 1848 3542 di-

245 3581 367 3635 vinae
389 3581 618 3635 virtutis
635 3580 695 3634 in
713 3596 783 3633 ea
803 3581 887 3632 est
906 3575 1207 3649 sapientiae
1220 3574 1568 3640 constantia,
1585 3575 1658 3629 ad
1672 3592 1851 3647 quam

247 3667 453 3725 dicitur:
471 3694 498 3719 ‹‹
526 3667 751 3724 Omnia
780 3666 838 3720 in
871 3680 1147 3719 mensura
1164 3665 1221 3717 et
1250 3662 1507 3732 pondere
1526 3664 1583 3716 et
1602 3680 1849 3720 numero

252 3758 569 3812 constituisti
601 3778 634 3805 η
673 3754 822 3825 (Sep.
853 3770 913 3821 II,
946 3753 1061 3823 2|).
1112 3750 1549 3806 Constituantur
1574 3750 1687 3806 duo
1742 3757 1853 3808 ter-

250 3845 371 3900 mini
396 3844 683 3918 supremi,
707 3846 766 3898 et
793 3843 1002 3897 horum
1018 3840 1265 3906 medius,
1287 3838 1465 3910 aequis
1486 3838 1720 3909 quidem
1739 3841 1851 3895 dif-

253 3933 503 4000 ierentiis,
532 3934 647 3989 sed
674 3929 1188 4003 proportionaliter
1218 3927 1573 3983 differentes.
1591 3928 1678 3982 Ad
1698 3929 1853 3985 hanc

250 4021 675 4078 similitudinem
688 4021 896 4075 iterum
911 4017 1335 4073 constituantur
1351 4016 1464 4070 duo
1498 4015 1731 4071 termini
1758 4035 1853 4074 su-

252 4114 433 4179 premi,
464 4110 845 4184 praidicatus,
870 4111 929 4161 et
966 4107 1275 4177 subjectus,
1309 4107 1366 4158 et
1392 4105 1604 4159 horum
1628 4108 1854 4162 medius

250 4200 625 4266 suballernus;
664 4202 726 4252 ut
745 4197 889 4251 sicut
911 4195 1133 4268 primus
1160 4194 1508 4264 praedicatur
1529 4192 1599 4247 de
1633 4196 1851 4263 medio,

250 4285 314 4341 ita
347 4290 569 4344 medius
590 4288 667 4342 de
691 4285 919 4351 ultimo,
943 4300 1009 4338 ac
1040 4300 1145 4355 per
1166 4284 1277 4337 hoc
1291 4282 1514 4352 primus
1541 4282 1610 4336 de
1625 4283 1848 4340 ultimo.

252 4374 316 4429 Ne
326 4394 453 4450 ergo
467 4378 705 4433 dubites
718 4375 987 4429 ultimum
1006 4372 1190 4427 inesse
1204 4371 1485 4442 primo,id
1498 4372 1849 4443 estprimum

252 4467 527 4534 przcdicari
560 4466 638 4520 de
671 4464 875 4518 ultimo
899 4478 1086 4523 :cum,
1118 4461 1163 4514 si
1194 4460 1429 4514 ultimus
1469 4459 1608 4515 insit
1638 4462 1853 4531 medio,

256 4555 453 4610 medius
476 4572 620 4609 vero
646 4553 837 4625 primo
860 4570 876 4615 ;
908 4549 1223 4605 certissime
1238 4548 1621 4603 ultimusinsit
1643 4551 1853 4620 primo.

254 4641 347 4697 Hac
359 4646 573 4699 etenim
595 4639 981 4696 similitudine
1002 4637 1439 4709 etcosnmpmia,
1461 4637 1519 4691 id
1536 4634 1852 4705 cst,mundi

253 4730 467 4797 factura,
495 4731 751 4785 solidata
782 4732 887 4795 est,
916 4726 1129 4781 scilicet
1156 4726 1309 4797 quod
1339 4725 1451 4780 duo
1480 4729 1756 4794 extrema,
1790 4728 1849 4783 id

251 4823 320 4872 est
343 4820 537 4891 ignem
566 4822 880 4883 etterram,
911 4816 1024 4870 duo
1048 4810 1259 4881 media,
1281 4814 1340 4869 id
1370 4816 1454 4868 est
1480 4830 1578 4868 aer
1599 4818 1655 4869 et
1673 4833 1842 4886 aqua,

251 4904 1119 4963 indissolubiliterdevinxerunt.
1138 4904 1302 4957 Ethaa
1321 4903 1556 4973 quidem
1581 4903 1846 4960 similitu-

254 4992 391 5050 dines
413 5000 574 5063 sunt,
604 5012 739 5066 qua:
766 5012 883 5048 non
915 5010 980 5047 ex
1012 4995 1154 5059 toto,
1184 4992 1285 5045 sed
1317 5009 1382 5045 ex
1408 4994 1569 5063 parte
1589 4991 1843 5060 sui,sicut

256 5086 301 5135 et
321 5085 434 5138 alia:
465 5086 673 5139 multa:
695 5083 752 5138 in
784 5082 991 5137 divinis
1012 5080 1315 5152 Scripturis
1340 5083 1611 5152 aptantur
1659 5082 1839 5156 tripli-

252 5170 402 5238 citati,
435 5172 765 5228 secundum
796 5170 1200 5240 Augustinum,
1230 5169 1484 5240 corporis
1505 5170 1755 5225 Domini.
1782 5174 1842 5227 In

252 5258 351 5313 istis
375 5264 533 5316 enim
558 5259 1034 5315 similitudinibus
1048 5259 1235 5328 major
1261 5258 1540 5313 terminus
1556 5263 1611 5313 et
1631 5260 1842 5329 minor,

255 5350 299 5400 et
321 5351 722 5421 praedicatum,
756 5353 812 5402 et
841 5348 1164 5418 subjectum
1214 5348 1536 5419 invenitur;
1576 5347 1635 5403 in
1664 5366 1849 5404 sacra-

258 5442 427 5492 mento
460 5444 667 5491 autem
689 5437 948 5507 corporis
980 5435 1209 5489 Domini
1239 5436 1644 5506 quidhumana
1673 5439 1744 5492 ad
1769 5438 1849 5492 di-

261 5525 404 5582 vin-'1‘!
430 5528 579 5581 .‘iiliil
619 5527 821 5595 majus,
856 5529 955 5579 aut
986 5526 1192 5591 minus,
1222 5543 1339 5578 non
1385 5526 1757 5594 prtulicalum
1789 5530 1848 5580 στι

261 5616 561 5684 subjectum
597 5616 903 5670 invenitur.
938 5615 1060 5667 Non
1095 5617 1179 5668 cst
1217 5613 1369 5668 enim
1399 5613 1714 5683 diversitas,
1748 5615 1847 5670 ubi

1877 4432 1930 4490 D

1953 3238 2301 3293 assumendo
2337 3252 2574 3292 carnem
2605 3238 2864 3292 nostram
2890 3236 2961 3291 de
2995 3234 3338 3306 Virginezut
3359 3250 3486 3301 nos,
3507 3232 3568 3290 id

1953 3331 2041 3382 est
2096 3326 2431 3393 Ecclesiam,
2475 3323 2782 3398 participes
2823 3323 3004 3379 tactos
3061 3322 3375 3379 divinitatis
3424 3339 3565 3392 sum,

1953 3414 2148 3470 uniret
2169 3414 2397 3486 corpori
2421 3430 2546 3481 suo,
2580 3415 2812 3484 sumpto
2840 3413 2912 3467 de
2932 3410 3564 3484 Virgine,eucharistia,

1956 3521 2085 3575 qua:
2114 3503 2359 3558 sumitur
2392 3503 2465 3557 de
2519 3500 2710 3563 altari,
2749 3500 3043 3555 mediante
3073 3502 3132 3554 et
3161 3499 3566 3556 conﬁrmante.

1954 3594 2078 3664 Ipse
2091 3608 2344 3663 namque
2362 3589 2699 3646 reformavit
2710 3604 2914 3660 corpus
2923 3588 3266 3644 humilitatis
3277 3589 3568 3661 suae.Ergo

1957 3681 2101 3735 sicut
2130 3683 2301 3735 Pater
2332 3678 2542 3736 inFilio
2571 3695 2675 3749 per
2716 3676 2993 3733 deitatem
3023 3677 3381 3744 naturaliter,
3405 3680 3463 3733 et
3490 3676 3570 3732 si-

1963 3772 2059 3824 cut
2080 3768 2251 3824 F‘ilius
2276 3769 2334 3823 in
2363 3767 2529 3823 nobis
2551 3766 2868 3821 secundum
2893 3766 3348 3836 assumptionem
3369 3767 3574 3821 huma-

1960 3858 2156 3913 nitatis
2182 3856 2541 3922 naturaliter,
2575 3854 2787 3909 etsicut
2818 3852 2996 3909 nosin
3019 3869 3089 3908 eo
3119 3869 3431 3926 sumusper
3447 3853 3573 3909 uni-

1956 3947 2181 4001 tionem
2204 3946 2391 4001 carnis
2421 3944 2782 4010 naturaliter,
2815 3943 2954 3998 dum
3000 3958 3196 3997 secum
3248 3943 3377 4009 hoc,
3412 3941 3569 4014 quod

1960 4055 2066 4092 nos
2094 4053 2314 4103 sumus,
2348 4037 2407 4090 in
2437 4036 2554 4090 Deo
2588 4037 2673 4088 est
2697 4050 2709 4087 :
2731 4032 2812 4087 ita
2838 4034 3108 4086 naturam
3124 4030 3315 4085 carnis
3345 4047 3461 4084 suae
3491 4029 3567 4084 ad

1957 4131 2227 4181 naturam
2257 4122 2595 4180 aeternitatis
2627 4122 2730 4176 sub
2744 4121 3107 4175 sacramento
3126 4118 3294 4173 nobis
3308 4134 3570 4174 commu-

1957 4213 2221 4268 nicandas
2246 4212 2432 4267 carnis
2458 4209 2784 4263 admiscuit.
2820 4207 2977 4263 Sicut
3006 4205 3089 4261 ait
3125 4206 3244 4279 ipse
3272 4205 3524 4261 Christus
3547 4222 3561 4261 :

1959 4324 1987 4351 «
2023 4301 2095 4355 Ut
2119 4316 2322 4356 omnes
2346 4314 2526 4354 unum
2552 4297 2688 4363 sint,
2722 4295 2866 4351 sicut
2896 4297 2955 4349 tu
2984 4296 3153 4349 Pater
3177 4293 3235 4348 in
3257 4296 3566 4365 me,etego

1957 4389 2021 4443 in
2047 4392 2124 4456 te,
2153 4391 2217 4442 ut
2245 4392 2303 4442 et
2332 4386 2434 4459 ipsi
2478 4385 2536 4439 in
2565 4385 2730 4440 nobis
2786 4383 2899 4438 sint
2917 4382 3102 4449 (Joan.
3130 4399 3262 4449 xvn,
3290 4383 3401 4452 21).
3423 4404 3452 4431 ››
3500 4382 3570 4436 Et

1960 4477 2251 4533 iterumm
2282 4476 2353 4530 Ut
2378 4475 2493 4529 sint
2522 4490 2727 4540 unum,
2755 4471 2899 4527 sicut
2927 4474 2985 4526 et
3014 4488 3119 4527 nos
3150 4487 3327 4526 unum
3348 4487 3567 4532 sumus.

1959 4570 2020 4620 et
2053 4583 2163 4637 ego
2203 4564 2261 4619 in
2292 4564 2392 4631 eis,
2416 4566 2475 4617 et
2493 4566 2552 4617 tu
2591 4563 2650 4616 in
2671 4579 2767 4617 me
2793 4562 2978 4628 (Joau.
3004 4578 3139 4628 xvu,
3172 4558 3570 4632 22).Ecceevi-

1959 4656 2101 4710 dens
2132 4657 2190 4709 et
2214 4654 2523 4708 manifesta
2551 4668 2621 4706 ex
2665 4650 2841 4723 ipsius
2868 4649 3073 4704 Christi
3103 4649 3335 4704 Domini
3391 4645 3575 4704 nostri

1954 4743 2196 4810 [verbis]
2212 4742 2455 4816 praefata
2484 4738 2803 4795 distinctio!
2841 4739 2907 4792 Et
2935 4741 2997 4792 ut
3018 4736 3570 4809 perhocevidentius

1951 4835 2235 4888 eluccscat
2263 4831 2435 4903 hujus
2465 4828 2642 4884 etiam
2664 4825 3248 4894 sacriﬁciidistinctio,
3280 4840 3569 4898 ponamus

1944 4922 2259 4994 ﬁguratim.

2068 5043 2406 5099 KRYCTUC.
2607 5062 2617 5099 ι
2684 5038 3097 5095 Eucharistiam
3223 5047 3234 5099 |
3293 5037 3562 5094 Ecclesia.

1949 5112 2479 5186 Inconsumptibilis
2607 5111 2617 5186 |
2682 5111 3043 5186 _S_umendam
3224 5111 3235 5186 |
3297 5112 3564 5186 §_umens,

1948 5182 2317 5253 Invescibilis,
2607 5182 2616 5255 |
2681 5182 3035 5255 Yescendam
3225 5182 3237 5255 |
3300 5182 3561 5255 Vescelia.

1948 5257 2076 5312 Dad
2105 5258 2177 5312 ab
2306 5252 2309 5253 ⁷
2607 5252 2616 5322 Ι
2679 5252 2886 5308 Datam
3227 5252 3238 5322 |
3296 5252 3536 5322 Accipit.

1951 5331 2080 5400 Ipso
2606 5323 2615 5404 Ι
2679 5327 2755 5379 Ex
2786 5325 2909 5397 ipso
3228 5323 3239 5404 |
3301 5323 3538 5404 Corpus.

3302 5410 3443 5464 ejus.

3223 5047 3240 5456 l

1950 5526 2124 5588 Quod
2151 5524 2232 5577 ita
2291 5525 2477 5594 potest
2530 5519 3116 5585 construiztlln'islus,
3149 5511 3562 5583 inconsumpti-

1950 5615 2099 5682 bilis,
2120 5612 2476 5678 invcsciliilis,
2506 5608 2941 5676 Eucharistiam,
2961 5605 3323 5670 sumendam,
3339 5616 3562 5655 vescen-
