3954 6170
404 380 509 450 t8?

1084 378 1438 445 SILVESTRI
1461 379 1512 442 Π
1537 376 1740 442 ΡΑΡΕ
1773 380 1932 441 OPP.
1961 377 2142 440 PARS
2171 379 2241 438 ll.
2269 408 2341 423 -
2376 378 2470 439 DE
2501 376 2726 438 REBUS
2750 376 3031 439 ECCLES.

3610 373 3714 433 188

404 508 567 578 dam,
589 509 786 570 datam
797 526 866 569 ex
884 508 1027 585 ipso.
1070 510 1318 569 Ecclesia
1345 526 1551 583 corpus
1592 509 1715 582 ejus
1754 523 2007 577 sumens,
2028 509 2085 571 Α
2109 506 2435 582 digestione
2452 506 2675 564 duxisse
2716 505 2782 581 [/.
2808 504 2985 579 suppl.
3016 500 3221 576 vitam]
3250 500 3337 570 Et,
3366 497 3504 557 licet
3557 495 3718 574 quod

403 616 656 671 vescens,
689 600 892 674 accipit
921 602 994 657 ab
1022 600 1145 674 ipso
1181 601 1402 657 datam.
1440 599 1606 665 Quod
1631 598 1739 654 nisi
1765 598 1845 653 ita
1871 613 2007 653 con-

403 691 674 759 struatur,
702 690 929 765 putabit
952 689 1156 764 aliquis
1194 706 1318 745 esse
1360 689 1742 745 accusativum
1772 702 1967 742 casum
1992 703 2007 756 ;

404 795 512 835 nos
540 783 734 836 autem
747 779 990 835 dicimus
1028 779 1449 836 nominativum
1468 777 1721 844 Ecclesia,
1753 777 1908 849 quod
1925 778 2011 832 est

403 883 611 941 corpus
637 869 778 941 ejus.
810 868 1044 940 Accepit
1095 869 1291 941 itaque
1322 867 1574 923 Christus
1604 882 1842 921 carnem
1901 881 2007 920 no-

403 958 605 1025 stram,
637 974 756 1013 non
781 957 1225 1031 phantasticam,
1258 956 1357 1012 sed
1391 957 1737 1011 naturalem.
1770 954 1919 1025 Ergo
1951 955 2010 1008 et

403 1059 538 1100 caro
573 1048 767 1101 nostra
796 1045 1096 1107 naturalis.
1125 1045 1278 1100 unde
1311 1045 1543 1116 sumpta
1561 1045 1647 1098 est
1675 1042 1790 1097 illa.
1823 1041 1937 1097 Sed
1952 1044 2013 1096 et

403 1131 502 1189 illa
522 1133 815 1202 naturalis,
838 1142 967 1207 quae
984 1133 1174 1189 uniret
1203 1135 1495 1204 utrasque,
1528 1135 1587 1187 et
1631 1132 1846 1186 faceret
1874 1146 2010 1185 con-

403 1222 714 1289 naturales,
746 1226 805 1278 et
825 1223 948 1294 ipsa
977 1222 1385 1278 connaturalis.
1404 1220 1539 1288 Sed,
1572 1223 1634 1275 ut
1662 1220 1742 1275 ait
1772 1219 2011 1291 quidam

404 1309 650 1380 sapiens,
682 1326 800 1366 non
828 1311 901 1365 ob
927 1311 1037 1366 hoc
1065 1312 1257 1380 plures
1299 1325 1501 1364 carnes
1524 1309 1614 1363 vel
1646 1324 1908 1380 corpora,
1938 1306 2011 1360 si-

405 1400 503 1452 cut
528 1414 634 1453 nec
651 1400 833 1453 multa
873 1398 1168 1466 sacriﬁcia,
1194 1399 1289 1453 sed
1346 1414 1559 1465 unum;
1588 1396 1723 1451 licet
1761 1411 1795 1449 a
1824 1395 2016 1450 multis

408 1485 685 1541 offeratur
702 1502 805 1557 per
832 1487 959 1541 loca
980 1487 1201 1541 diversa
1213 1489 1272 1541 et
1290 1488 1574 1556 tempora.
1591 1484 1736 1548 Quia
1754 1482 2018 1539 divinitas

409 1574 580 1632 Verbi
600 1575 723 1642 Dei,
750 1591 878 1646 qua:
928 1592 1046 1630 una
1071 1579 1178 1644 est,
1218 1579 1278 1629 et
1321 1574 1522 1630 omnia
1545 1575 1750 1645 replet,
1784 1574 1842 1627 et
1897 1575 2020 1627 tota

413 1661 628 1735 ubique
655 1666 758 1730 est,
789 1663 914 1735 ipsa
937 1663 1072 1719 facit
1101 1667 1163 1719 ut
1209 1680 1328 1718 non
1363 1663 1530 1733 plura
1576 1662 1692 1717 sint
1720 1660 2017 1727 sacrificia,

414 1750 516 1805 sed
547 1767 728 1805 unum
788 1750 919 1807 licet
946 1768 980 1806 a
1026 1751 1221 1807 multis
1268 1750 1561 1817 offeratur,
1613 1752 1672 1805 et
1712 1750 1783 1805 sit
1839 1765 2019 1803 unum

2109 599 2435 667 sumebant,
2460 614 2561 670 per
2575 613 2851 653 nauseam
2862 592 3568 659 stomachirevomeretur,
3590 590 3721 645 sub-

2108 687 2267 743 tilior
2297 689 2497 742 tamen
2524 702 2721 741 succus
2749 701 2855 758 per
2884 684 3153 739 membra
3181 698 3358 754 usque
3403 680 3476 736 ad
3501 694 3723 752 ungues

2110 775 2559 831 diffundebatur.
2594 775 2742 847 Ergo
2777 773 3107 839 dicendum,
3132 772 3232 826 aut
3255 769 3567 825 Dominum
3601 783 3722 822 non

2110 865 2477 940 praediffinite
2489 866 2766 932 locutum,
2782 866 2879 919 aut
2894 877 3300 935 quamcunque
3314 858 3572 930 aperiam
3590 871 3722 911 cor-

2110 955 2287 1028 poris,
2317 971 2430 1026 qua
2458 970 2517 1009 se
2543 952 2765 1008 subtilis
2782 951 2893 1007 cibi
2910 968 3089 1023 vapor
3113 947 3402 1023 diffundit,
3435 960 3724 1002 secessum

2112 1044 2361 1111 dictum;
2390 1043 2596 1110 ethoc,
2617 1059 2692 1098 ne
2709 1040 3013 1096 haereticus
3043 1038 3571 1111 garriat.Caeterum
3590 1031 3729 1106 quia

2111 1150 2244 1188 vere
2274 1131 2561 1187 credimus
2592 1147 2709 1186 non
2742 1131 2929 1185 solum
2970 1128 3230 1184 animam
3257 1126 3358 1181 sed
3393 1128 3453 1179 et
3488 1136 3728 1177 carnem

2113 1224 2373 1277 nostram
2402 1221 2511 1275 hoc
2538 1218 2811 1289 mysterio
2846 1217 3098 1273 recreari
3128 1218 3338 1279 (totum
3357 1212 3514 1269 enim
3540 1209 3733 1266 homi-

2114 1326 2251 1364 nem
2283 1308 2588 1379 assumpsit
2618 1307 2717 1379 qui
2744 1308 2935 1362 totum
2958 1304 3261 1361 hominem
3292 1303 3349 1357 in
3367 1300 3618 1357 Sabbato
3637 1315 3735 1353 cu:

2115 1397 2486 1469 ravit),carni
2517 1397 2752 1469 quidem
2781 1412 2915 1450 caro
2961 1393 3295 1468 spiritaliter
3342 1389 3733 1446 conviscerata

2116 1486 2585 1552 transformatur,
2616 1488 2676 1539 ut
2702 1487 2760 1539 et
2792 1482 2998 1539 Christi
3057 1479 3376 1537 substantia
3423 1479 3482 1533 in
3532 1478 3734 1532 nostra

2118 1592 2290 1633 carne
2320 1575 2667 1642 inveniatur,
2688 1574 2833 1629 sicut
2852 1577 2910 1628 et
2934 1573 3054 1644 ipse
3075 1575 3335 1628 nostram
3350 1568 3409 1624 in
3426 1584 3587 1622 suam
3601 1582 3738 1621 con-

2118 1668 2232 1721 stat
2261 1664 2634 1736 assumpsisse
2686 1663 3081 1719 deitatemmt
3104 1659 3203 1732 qui
3253 1657 3567 1714 manducat
3611 1654 3737 1726 ejus

2120 1770 2354 1808 carnem
2387 1756 2445 1808 et
2466 1752 2617 1807 bibit
2645 1750 3012 1822 sanguinem,
3042 1748 3196 1803 vivat
3235 1763 3341 1819 per
3391 1745 3648 1800 animam
3677 1743 3740 1797 et

416 1852 621 1910 corpus
652 1838 859 1893 Christi
892 1855 1023 1894 cum
1054 1839 1152 1894 illo
1176 1840 1332 1912 quod
1364 1838 1609 1910 suscepit
1636 1838 1695 1893 in
1725 1840 1889 1893 utero
1908 1838 2021 1892 vir-
2044 1826 2095 1884 Β
2123 1858 2277 1896 nunc
2303 1842 2360 1895 et
2388 1841 2445 1895 in
2479 1843 2786 1906 aeternum,
2820 1842 2878 1893 et
2903 1854 3035 1893 caro
3058 1838 3129 1892 de
3144 1839 3314 1891 terras
3328 1836 3739 1907 pulvereresu-

414 1924 613 1996 ginali.
638 1925 821 1990 Quam
853 1926 1180 1998 vigilanter,
1222 1944 1396 1999 quam
1447 1929 1668 1997 aperte,
1697 1927 1781 1993 fit,
1815 1925 2021 1998 inquit,

414 2028 596 2068 unum
628 2031 833 2085 corpus
872 2014 1077 2070 Christi
1116 2032 1247 2071 cum
1300 2016 1397 2070 illo
1445 2015 1600 2087 quod
1658 2013 1903 2085 suscepit
1954 2014 2025 2068 de

414 2104 580 2156 utero
606 2102 898 2174 virginali!
927 2104 1072 2158 Vere
1093 2103 1249 2159 enim
1280 2106 1339 2159 et
1367 2103 1771 2158 incunctanter
1791 2102 2028 2157 creden-

415 2190 579 2258 dum,
611 2190 670 2245 in
693 2192 815 2263 ipsa
843 2192 1261 2248 immolationis
1287 2194 1433 2247 hora
1454 2193 1527 2247 ad
1552 2191 1865 2247 sacerdotis
1895 2206 2025 2261 pre-

416 2293 545 2332 cem
565 2279 733 2333 cmlos
764 2280 997 2349 aperiri,
1032 2284 1090 2335 et
1138 2280 1279 2335 illud
1307 2280 1568 2352 angelico
1611 2279 1931 2335 ministerio
1963 2279 2023 2334 in

417 2365 660 2421 sublime
691 2367 981 2439 deportari
1031 2369 1233 2436 altare,
1281 2368 1436 2440 quod
1463 2371 1549 2423 est
1598 2368 1721 2439 ipse
1752 2368 2024 2436 Christus,

415 2453 514 2526 qui
546 2457 602 2509 et
617 2454 875 2526 pontifex
919 2458 978 2509 et
1006 2456 1214 2522 hostia,
1239 2459 1619 2528 contactuque
1646 2456 1795 2511 illius
1845 2472 2027 2511 unum

414 2541 563 2597 fieri.
596 2561 629 2595 α
656 2543 700 2597 Ο
726 2544 943 2614 quales,
964 2564 993 2592 »
1019 2546 1083 2597 ut
1109 2543 1188 2598 ait
1207 2542 1264 2599 S.
1280 2544 1581 2612 Basilius,«
1605 2546 1835 2615 oportet
1850 2559 2032 2599 sacer-

419 2628 569 2684 dotis
584 2646 705 2686 esse
728 2647 959 2694 manus,
985 2634 1279 2686 tantarum
1309 2649 1508 2687 rerum
1557 2632 1867 2699 ministras,
1902 2648 2030 2703 quae

419 2734 794 2775 communem
811 2721 1126 2776 Dominum
1139 2721 1397 2793 angelico
1412 2722 1625 2777 iterum
1638 2724 1935 2776 revectum
1951 2720 2032 2775 of-

417 2807 549 2863 ficio
564 2808 805 2863 subinde
817 2810 1170 2881 contigerint
1186 2809 1343 2880 [cod.,
1358 2810 1685 2881 contigerit]
1705 2808 1718 2863 i
1743 2831 1770 2858 »
1787 2808 1898 2864 Sed
1904 2808 2030 2879 jam

418 2894 787 2951 Paschasium
842 2897 1195 2952 Radbertum
1261 2897 1509 2953 sufficiat
1559 2900 1914 2965 excusatum,
1963 2896 2031 2951 li-

416 2982 703 3057 brumque
724 2985 846 3056 ejus
858 2984 1243 3057 plurimorum
1261 2985 1488 3041 utilitati
1525 2986 1825 3041 defensum
1838 2985 1955 3058 ,qui
1971 2985 2032 3039 in

2126 1928 2328 1984 scitata
2370 1927 2689 1983 vivificetur
2741 1926 2796 1981 in
2852 1924 3162 1981 novissimo
3211 1922 3324 1981 die.
3374 1921 3742 1992 Quapropter

2124 2018 2283 2089 cujus
2304 2016 2527 2090 potenti
2557 2015 2764 2071 virtute
2806 2015 2970 2088 panis
3011 2014 3117 2069 iste
3177 2010 3504 2068 communis
3562 2023 3739 2081 quem

2125 2105 2381 2178 quotidie
2401 2103 2702 2171 sumimus,
2722 2120 2854 2158 cum
2890 2102 2961 2157 sit
2980 2101 3278 2167 candidus,
3316 2102 3573 2155 mutatur
3587 2096 3745 2151 intra

2126 2211 2232 2250 nos
2261 2194 2321 2249 in
2361 2194 2614 2249 colorem
2643 2191 3024 2264 sanguineum
3059 2191 3148 2245 vel
3205 2191 3380 2245 alium
3429 2189 3745 2242 humorem

2126 2281 2398 2347 ﬂuidum,
2418 2280 2596 2352 ipsius
2625 2280 2885 2352 potentia
2897 2296 3030 2335 caro
3048 2281 3105 2333 et
3124 2276 3357 2349 sanguis
3374 2276 3496 2346 ejus
3515 2274 3748 2345 sumpta

2128 2386 2245 2425 non
2273 2369 2333 2424 in
2354 2368 2554 2425 noxios
2579 2372 2637 2424 et
2666 2369 2985 2440 superﬂuos
3004 2368 3296 2434 humores,
3323 2366 3422 2421 sed
3471 2364 3532 2419 in
3572 2376 3748 2417 carne

2128 2475 2262 2513 vere
2320 2457 2717 2513 resuscitanda
2755 2457 2964 2512 debeat
3027 2454 3308 2511 reservari
3348 2454 3743 2512 conformata.

2129 2548 2200 2602 Et
2227 2546 2362 2619 quia
2381 2548 2570 2601 totum
2593 2545 2745 2617 quod
2763 2544 3031 2610 diximus,
3066 2560 3183 2599 non
3210 2560 3276 2598 ex
3290 2545 3487 2598 nostro
3502 2544 3748 2614 sumpsi-

2131 2653 2280 2703 mus,
2314 2634 2509 2690 deisto
2542 2634 2719 2690 etiam
2738 2633 2875 2706 quid
2899 2632 3139 2705 quidam
3167 2630 3398 2704 sapiens
3422 2630 3747 2701 diffinierit,

2131 2723 2388 2779 dicamus
2417 2720 3452 2793 «Scimus,inquit,hocsacramentum
3469 2716 3747 2790 mysterio

2133 2815 2190 2867 et
2201 2811 2522 2867 reverentia
2538 2809 2892 2866 omnimodis
2909 2824 3080 2863 acom
3089 2806 3363 2861 munibus
3383 2805 3525 2860 escis
3566 2822 3753 2861 secer-

2132 2902 2392 2956 nendum
2431 2917 2559 2973 quas
2578 2899 2824 2954 naturali
2856 2900 2916 2953 et
2946 2895 3266 2951 necessario
3284 2912 3388 2950 usu
3401 2898 3742 2964 sumuntur;

2132 2989 2214 3044 ita
2244 2990 2401 3044 enim
2429 3005 2639 3044 omnes
2661 2988 3049 3058 exposuerunt
3072 2984 3227 3056 quod
3249 2985 3553 3055 Apostolus
3570 2983 3748 3039 dixit:

415 3071 527 3164 hoc
550 3074 779 3164 tantum
809 3074 1083 3164 peccavit,
1119 3074 1253 3164 quia
1281 3074 1352 3129 de
1383 3074 1670 3164 sententia
1715 3075 1867 3164 beati
1894 3075 2031 3128 Am-
2059 3104 2107 3164 α
2135 3101 2162 3129 ‹‹
2198 3079 2322 3134 Non
2349 3077 2671 3149 dijudicans
2691 3098 2717 3124 »
2747 3091 2955 3147 corpus
2979 3073 3207 3139 Christi,
3237 3072 3295 3127 id
3325 3075 3430 3139 est,
3455 3088 3489 3127 a
3523 3070 3754 3127 caeteris

417 3158 593 3215 brosii
626 3177 744 3216 non
772 3162 1013 3217 verbum
1039 3163 1108 3217 de
1141 3163 1336 3229 verbo,
1368 3163 1469 3217 sed
1500 3178 1733 3217 sensum
1764 3162 1835 3217 de
1865 3178 2034 3216 sensu

420 3249 715 3320 expressit.
746 3249 912 3314 Quod
925 3252 1118 3306 autem
1140 3250 1352 3306 iterum
1372 3250 1811 3321 objiciunt,eum
1828 3250 2031 3306 dixisse

420 3358 450 3389 «
478 3337 647 3393 toties
685 3337 975 3393 Christum
1030 3338 1151 3411 pati
1207 3339 1432 3410 quoties
1476 3339 1676 3394 missas
1732 3338 2035 3410 contingat

420 3424 678 3495 quotidie
735 3425 947 3497 ubique
995 3426 1294 3493 celebrari,
1322 3447 1351 3475 »
1387 3443 1495 3498 ego
1574 3429 1729 3482 certe
1774 3425 1833 3481 in
1883 3426 2031 3481 libro

423 3510 547 3581 ejus
564 3528 681 3567 non
725 3513 915 3583 reperi
937 3529 1098 3568 :cum
1130 3517 1188 3568 et
1222 3514 1573 3586 Augustinus
1600 3517 1659 3569 et
1682 3514 1896 3581 caeteri,
1942 3515 2033 3569 illo

420 3606 665 3655 manente
689 3602 909 3670 integro,
941 3601 1151 3657 dicant.
1180 3601 1321 3656 EtS.
1351 3602 1643 3657 Andreas:
1672 3625 1699 3653 ‹‹
1720 3602 2033 3674 Agnus,in-

422 3688 566 3759 quit,
600 3687 658 3744 in
685 3706 786 3745 suo
814 3706 994 3763 regno
1046 3690 1275 3763 integer
1326 3692 1656 3763 perseverat
1704 3694 1762 3745 et
1790 3690 1966 3745 vivus.
1999 3711 2028 3741 »

426 3777 497 3832 Et
525 3777 726 3834 beatus
746 3780 975 3835 Petrus:
999 3802 1027 3831 (ι
1045 3779 1320 3846 Christus,
1340 3780 1546 3852 inquit,
1568 3780 1746 3834 semel
1777 3796 1881 3851 pro
1908 3796 2037 3852 pec-

423 3866 565 3922 catis
590 3867 797 3924 nostris
822 3872 1085 3925 mnrtuus
1113 3872 1199 3924 est
1223 3868 1277 3941 (I
1297 3869 1448 3924 Pclr.
1482 3886 1563 3936 ιιι,
1595 3869 1702 3939 18).
1738 3891 1765 3918 ››
1791 3870 1859 3923 Et
1889 3870 2033 3924 Pau-

422 3955 540 4011 lus:
567 3978 595 4006 «
616 3956 869 4012 Christus
894 3975 1201 4030 resurgens
1216 3958 1340 4029 jam
1357 3975 1474 4013 non
1500 3956 1746 4012 moritur
1761 3956 1939 4023 (Rom.
1958 3974 2032 4026 v1,

425 4044 481 4117 9)
508 4063 539 4097 »
563 4048 649 4101 :et
668 4062 818 4118 pene
834 4049 986 4103 totus
1004 4050 1190 4103 textus
1211 4046 1475 4119 Epistolas
1502 4046 1576 4101 ad
1592 4046 1861 4101 Hebraaos
1877 4045 2034 4103 idem

426 4137 612 4189 sonat.

496 4222 579 4276 IX.
609 4222 723 4278 Sed
751 4222 982 4279 illorum
998 4223 1124 4295 jam
1151 4224 1383 4297 ineptiis
1410 4224 1911 4297 respondendum,
1934 4223 2033 4296 qui

422 4309 680 4366 humano
720 4313 819 4365 aut
842 4311 1033 4367 saeculi
1058 4329 1227 4368 sensu
1266 4313 1326 4367 in
1357 4313 1458 4368 Dei
1486 4314 1657 4369 rebus
1682 4317 1889 4385 putant
1946 4314 2031 4368 lo-

2133 3168 2274 3223 escis
2322 3184 2442 3223 non
2474 3166 2834 3230 discernens,
2866 3164 2953 3219 vel
2986 3162 3147 3233 cujus
3172 3161 3520 3223 excellentiae
3540 3160 3633 3228 sit,
3661 3159 3756 3215 in-

2132 3256 2523 3322 considerans,
2556 3252 2711 3327 quod
2741 3269 2923 3307 unum
2958 3251 3230 3323 idemque
3248 3251 3351 3305 est.
3389 3271 3416 3298 ››
3449 3249 3572 3303 Non
3586 3248 3755 3303 enim

2132 3344 2532 3399 excellentiam
2582 3343 2704 3414 ejus
2735 3343 3031 3396 reveretur
3063 3339 3161 3412 qui
3201 3337 3444 3394 secessui
3473 3337 3611 3393 dicit
3640 3337 3753 3393 ob-

2134 3432 2398 3499 noxium,
2457 3431 2601 3487 sicut
2648 3432 2887 3485 caeteras
2918 3445 3093 3484 escas.
3135 3427 3250 3483 Sed
3279 3431 3477 3482 tamen
3535 3425 3753 3481 eodem

2132 3520 2332 3588 modo,
2355 3522 2641 3592 quantum
2665 3519 2739 3573 ad
2754 3517 3175 3572 comestionem
3197 3518 3253 3571 et
3268 3515 3543 3569 haustum
3567 3514 3754 3586 perti-

2133 3612 2254 3675 net,
2281 3608 2595 3681 percipitnr
2622 3607 2781 3677 [cod.,
2812 3604 3251 3679 percipiuntur],
3282 3603 3545 3658 videlicet
3577 3603 3752 3673 traji-

2134 3697 2342 3752 ciendo
2360 3713 2466 3769 per
2494 3712 2576 3763 os,
2599 3698 2655 3750 et
2672 3695 2731 3749 in
2757 3698 3020 3749 ventrem
3039 3691 3459 3748 mittendo.Ubi
3476 3691 3614 3763 quid
3634 3692 3757 3747 Do-

2134 3784 2324 3839 minus
2351 3785 2422 3839 de
2455 3782 2731 3855 mysterio
2781 3800 2881 3837 suo
2913 3798 3085 3852 agere
3114 3780 3498 3843 voluerit,sum
3528 3778 3749 3834 scimus

2134 3876 2364 3929 tantum
2395 3871 2696 3945 cognitum
2719 3888 2840 3926 esse
2865 3869 3167 3927 voluntati.
3199 3868 3422 3924 Scimus
3437 3867 3593 3922 enim
3608 3884 3751 3923 con-

2132 3962 2281 4017 sumi
2299 3979 2463 4034 posse
2482 3960 2721 4032 spiritali
2737 3957 3192 4025 virtute;'scimus
3204 3959 3261 4012 et
3282 3956 3557 4012 reservari
3572 3973 3748 4029 posse

2132 4049 2627 4121 inconsumptibili
2676 4046 3233 4121 perennitate;quia
3264 4062 3621 4119 quascunque
3669 4062 3748 4101 ex

2130 4140 2219 4195 his
2244 4138 2498 4195 Christus
2546 4136 2804 4209 elegerit,
2839 4137 2909 4191 de
2940 4152 3041 4191 suo
3098 4138 3461 4190 sacramento
3494 4133 3746 4205 perficit.

2128 4228 2289 4283 Absit
2313 4232 2511 4283 tamen
2541 4229 2605 4281 ut
2633 4228 2860 4281 tantum
2893 4222 3232 4296 mysterium
3261 4222 3501 4278 secessui
3533 4222 3754 4277 ﬁatob—

2132 4316 2367 4373 noxium
2393 4314 2405 4368 !
2436 4315 2493 4369 in
2526 4331 2639 4387 quo
2662 4314 2704 4369 si
2729 4314 2879 4369 forte
2909 4312 3051 4368 ordo
3080 4314 3301 4367 natura:
3328 4313 3749 4382 servatur,my-

424 4390 743 4470 quendum.
766 4399 1047 4455 Dominus
1072 4401 1289 4457 etenim
1322 4406 1516 4457 noster
1545 4419 1663 4459 non
1693 4402 1765 4458 de
1793 4402 2032 4475 spiritali
2057 4385 2109 4445 D
2129 4404 2393 4471 sterium,
2414 4385 2570 4475 quod
2598 4404 2719 4457 sola
2743 4402 2855 4457 fide
2899 4400 3265 4472 conspicitur,
3294 4398 3646 4454 humilietur.
3676 4398 3747 4453 Si

419 4485 569 4554 cibo,
591 4487 689 4543 sed
713 4487 785 4543 de
796 4489 1012 4544 carnali
1024 4490 1245 4545 locutus
1270 4494 1512 4558 est,cum
1541 4491 1785 4547 diceret:
1807 4513 1834 4542 ‹‹
1850 4492 2034 4547 Omne

424 4575 580 4647 quod
602 4574 780 4631 intrat
804 4576 863 4631 in
886 4593 968 4645 os,
1002 4577 1061 4632 in
1085 4580 1348 4632 ventrem
1375 4580 1550 4643 vadit,
1572 4579 1704 4635 etin
1746 4596 2034 4635 secessum

425 4663 710 4719 emittitur
733 4664 960 4732 (Matth.
980 4682 1069 4734 xv,
1102 4666 1210 4735 l7).
1240 4667 1407 4721 »Non
1424 4672 1618 4722 autem
1642 4668 1700 4722 in
1728 4667 2036 4740 Scripturis

424 4752 694 4809 omnibus
713 4770 945 4825 semper
970 4771 1074 4826 pro
1098 4755 1422 4827 categorico
1453 4756 1785 4828 syllogismo
1800 4756 2034 4829 praedif-

424 4840 589 4895 ﬁnite
620 4842 929 4913 accipitur:
948 4859 1099 4910 cum,
1123 4844 1227 4898 etsi
1255 4844 1319 4897 de
1346 4844 1500 4898 corde
1526 4851 1729 4898 exeunt
1749 4847 2033 4915 cogitatio-

422 4946 513 4983 nes
536 4930 693 4984 mala?
721 4929 949 5002 (Matth.
973 4948 1062 5000 xv,
1100 4931 1209 5004 19),
1246 4934 1308 4986 ut
1354 4932 1508 4987 idem
1541 4932 1821 5003 Dominus
1876 4932 2034 4999 dicit,

422 5035 541 5075 non
572 5023 811 5091 possunt
834 5020 989 5077 exire
1033 5020 1210 5076 etiam
1255 5021 1471 5076 bonae?
1506 5021 1855 5077 Calumniati
1905 5024 2039 5075 sunt

421 5106 676 5162 haeretici
706 5124 773 5163 ex
797 5109 907 5164 hoc
936 5125 1225 5178 sermone,
1260 5109 1573 5164 Dominum
1598 5109 1845 5181 physicae
1877 5109 2039 5182 igna-

418 5211 550 5251 rum
576 5195 785 5266 fuisse;
820 5198 1053 5270 physica
1082 5198 1242 5253 enim
1272 5199 1350 5252 sic
1394 5216 1451 5254 se
1475 5198 1677 5254 habet:
1703 5200 1880 5271 Ignea
1925 5198 2037 5253 vir-

416 5287 529 5352 tus,
562 5286 721 5356 cujus
750 5286 915 5341 sedes
932 5286 990 5341 in
1011 5287 1181 5342 corde
1200 5291 1307 5355 est,
1330 5287 1439 5342 cibi
1463 5291 1744 5360 potusque
1764 5288 2037 5344 subtilem

415 5388 522 5444 per
551 5375 803 5429 occultos
834 5392 1007 5447 poros
1030 5376 1087 5429 in
1108 5376 1360 5431 diversas
1382 5376 1638 5447 corporis
1658 5380 1849 5449 partes
1865 5394 2035 5450 vapo-

411 5479 541 5519 rem
573 5462 889 5531 distribuit;
921 5465 1291 5520 fmculentum
1346 5483 1478 5522 vero
1535 5467 1593 5522 in
1623 5483 1913 5523 secessum
1949 5468 2035 5523 di-

411 5550 647 5609 scernit.
682 5552 749 5607 Et
804 5570 908 5608 nos
938 5571 1087 5626 stepe
1119 5554 1379 5609 videmus
1405 5573 1523 5610 non
1560 5555 1733 5611 modo
1768 5557 2036 5612 infirmos

408 5643 509 5702 sed
536 5643 714 5698 etiam
744 5660 935 5706 sanos,
964 5645 1119 5716 quod
1142 5662 1245 5715 per
1277 5645 1778 5711 osintromiltunl,
1814 5663 1918 5716 per
1948 5664 2041 5701 vo-

418 5730 630 5788 mitum
650 5732 954 5805 rejectare,
987 5736 1044 5788 et
1057 5732 1278 5806 aliquos
1298 5750 1401 5807 per
1416 5736 1599 5792 multa
1623 5737 1887 5807 tempora
1918 5735 2040 5789 sine

2133 4509 2338 4566 corpus
2368 4492 2681 4563 incorpore
2709 4490 2974 4547 ordinem
2992 4493 3199 4556 servat,
3222 4505 3340 4543 non
3352 4487 3595 4543 violatur
3619 4504 3750 4558 my-

2133 4582 2371 4637 sterium
2391 4580 2544 4652 quod
2558 4579 2868 4635 divinitatis
2886 4578 3597 4643 firmavitsacramentum;
3632 4592 3750 4631 nec

2135 4669 2368 4741 spiritus
2409 4667 2624 4722 amittit
2667 4667 2822 4739 quod
2847 4667 2958 4721 fide
2989 4667 3215 4738 integra
3245 4664 3301 4719 in
3330 4682 3393 4719 re
3455 4664 3747 4735 corporali

2135 4757 2469 4829 spiritaliter
2500 4756 2763 4828 sumpsit.

2204 4847 2265 4900 Χ.
2300 4845 2415 4899 Sed
2437 4845 2563 4915 jam
2590 4844 2723 4899 forti
2766 4842 3097 4915 syllogismo
3129 4842 3283 4914 quod
3332 4838 3745 4912 praemisimus,

2137 4933 2915 4988 concludamus.Dixeramus
2928 4931 3373 4986 Dominum'non
3391 4930 3461 4985 de
3478 4928 3751 5000 spiritali-

2135 5023 2243 5077 bus
2264 5021 2531 5089 escis,sed
2552 5021 2622 5075 de
2639 5020 2964 5076 carnalibus
2994 5018 3226 5074 dixisse:
3245 5018 3414 5073 Omne
3459 5017 3599 5089 quod
3657 5019 3747 5069 in-

2138 5118 2245 5167 trat
2274 5114 2329 5165 in
2360 5125 2439 5178 οε,
2464 5113 2523 5165 et
2553 5110 2792 5181 reliqua.
2846 5109 2940 5164 Est
2969 5109 3146 5163 homo
3178 5106 3446 5172 exterior,
3489 5105 3586 5177 qui
3614 5122 3747 5159 cor-

2135 5200 2451 5272 rumpitur,
2484 5201 2569 5253 est
2593 5202 2651 5252 et
2680 5198 2941 5264 interior,
2968 5196 3063 5269 qui
3093 5196 3527 5251 renovatur.Est
3547 5197 3749 5249 autem

2136 5307 2346 5362 corpus
2369 5288 2573 5344 Christi
2600 5286 2911 5358 spiritualis
2938 5285 3219 5341 alimonia
3247 5284 3543 5356 pertinens
3564 5282 3758 5353 potius

2138 5379 2210 5434 ad
2227 5377 2563 5433 interiorem
2580 5376 2902 5443 hominem,
2927 5375 2997 5430 de
3028 5391 3140 5446 quo
3155 5372 3398 5445 digestio
3422 5388 3535 5427 non
3552 5371 3761 5444 praedi-

2139 5470 2319 5523 catur.
2352 5465 2517 5531 Quod
2557 5463 2604 5519 si
2636 5464 2708 5518 ad
2759 5464 3101 5519 exteriorem
3130 5462 3418 5535 perlineat
3446 5459 3756 5514 hominem

2145 5556 2304 5629 pium
2338 5554 2410 5609 sit
2440 5557 2497 5608 et
2526 5556 2797 5621 salutare,
2830 5552 3069 5607 diffundi
3101 5568 3204 5623 per
3228 5549 3494 5604 membra
3519 5548 3758 5603 credere

2143 5643 2513 5717 profuturum
2528 5641 2938 5696 resuscitandis
2960 5640 3017 5695 in
3041 5639 3300 5713 generali
3334 5636 3758 5693 resurrectione

2144 5733 2345 5805 Liquet
2368 5731 2540 5803 igitur
2565 5746 2683 5785 non
2712 5730 3028 5787 obnoxium
3057 5727 3302 5785 secessui
3326 5743 3468 5782 esse.
