3954 6170
458 386 559 455 195

1128 372 1500 447 εγινΕεΤΒι
1527 389 1574 445 u
1603 371 1803 445 ΡΑΡΑὲ
1832 379 1992 446 opp.
2026 387 2057 446 ι1

2161 370 2206 446 ,ὲ
2231 388 2298 446 II.
2328 416 2398 430 -
2424 376 2513 445 DE
2539 380 2760 445 REBUS
2792 382 3083 448 ECCLES.

3664 389 3755 449 l96

459 524 598 580 dare
625 522 851 579 laborat
876 517 1034 592 quod
1065 532 1283 589 magna
1325 519 1591 588 paratum
1641 514 1850 571 virtute
1906 514 2059 571 inter
2078 519 2133 578 Α
2156 519 2419 570 mentum
2444 515 2558 570 ulla
2583 515 2939 571 detineretur
2965 514 3243 571 custodia.
3278 514 3335 571 Si
3372 514 3535 570 enim
3569 520 3758 571 aucto-

455 615 597 671 alios
624 610 941 668 constabat.
976 606 1201 673 Horrui,
1229 606 1435 673 fateor,
1477 608 1534 659 et
1573 621 1715 676 quos
1742 606 1912 659 antea
1936 604 2052 659 for-

453 702 750 759 midabam
779 696 1018 771 gladios,
1044 711 1161 767 prae
1187 693 1588 764 indignatione
1616 696 1805 747 vestra
1824 693 2053 764 postha-

453 789 571 845 bui.
604 789 785 854 Nunc,
817 784 951 858 quia
979 781 1231 857 propitia
1275 780 1541 836 divinitas
1582 796 1777 835 coram
1815 780 2055 835 contulit

450 877 657 950 quibus
684 876 926 929 salutem
960 887 1153 926 meam
1184 885 1413 942 semper
1442 867 1725 935 commisi,
1758 884 1939 939 pauca
1968 886 2055 923 su-

450 982 554 1038 per
573 961 968 1020 innocentiam
1001 974 1196 1013 meam
1225 956 1500 1024 referam,
1531 959 1589 1010 et
1617 972 1874 1028 quonam
1916 972 2053 1011 con-

450 1053 575 1110 silio
600 1051 727 1108 urbi
748 1052 1066 1106 Remorum
1092 1047 1363 1119 praelatus
1390 1046 1498 1099 sim
1521 1043 1856 1099 edisseram.

518 1144 638 1214 Ego
656 1140 892 1215 quidem
909 1140 1039 1209 post
1058 1135 1282 1191 obitum
1299 1133 1410 1189 divi
1427 1132 1653 1188 Ottonis
1665 1133 1903 1204 Augusti
1921 1148 2053 1188 cum

448 1229 774 1286 statuissem
803 1242 923 1281 non
976 1223 1267 1279 discedere
1315 1238 1350 1276 a
1406 1221 1673 1276 clientela
1718 1220 1896 1291 patris
1936 1220 2053 1275 mei

445 1316 847 1384 Adalberonis,
879 1315 951 1370 ab
982 1312 1189 1368 eodem
1236 1310 1512 1382 ignorans
1547 1309 1620 1365 ad
1666 1309 2055 1365 sacerdotium

447 1409 784 1483 praeelectus
799 1400 1211 1473 sum,atque,in
1231 1400 1353 1470 ejus
1366 1397 1610 1453 discessu
1627 1397 1701 1452 ad
1717 1397 2051 1466 Dominum,

446 1512 645 1553 coram
673 1491 985 1550 illustribus
1008 1489 1143 1544 viris
1169 1487 1394 1541 futurus
1439 1488 1642 1558 pastor
1671 1487 1921 1541 ecclesiae
1953 1486 2053 1542 de-

448 1584 724 1657 signatus.
754 1580 867 1636 Sed
886 1576 1203 1634 simoniaca
1226 1574 1458 1630 haeresis
1482 1573 1542 1628 in
1574 1576 1752 1646 petrae
1767 1575 2054 1630 soliditate

448 1689 545 1728 me
576 1672 822 1727 stantem
857 1665 1153 1722 inveniens
1179 1662 1417 1734 repulit,
1443 1663 1750 1717 Arnulfum
1778 1664 2051 1734 praetulit.

449 1759 553 1816 Cui
582 1761 778 1814 autem
821 1756 1125 1827 plusquam
1182 1751 1455 1822 oportuit,
1488 1750 1656 1806 fidele
1713 1752 2055 1823 obsequium

2155 603 2291 658 ritas
2320 607 2510 659 vestra
2541 621 2644 675 per
2680 620 2774 659 me
2803 607 3000 670 staret,
3032 606 3262 658 tantum
3306 603 3582 658 Arnulfus
3631 604 3758 658 vile-

2154 696 2357 753 sceret,
2388 695 2450 746 ut
2476 692 2617 746 mihi
2652 693 2847 747 obesse
2886 693 3197 747 minimum
3242 693 3478 746 valeret.
3529 691 3689 756 Quod
3719 692 3763 746 si

2154 780 2445 834 contraria
2476 779 2617 833 mihi
2639 778 2817 850 (quob
2848 780 2999 834 absit
3042 779 3086 847 l)
3124 779 3413 835 sententia
3450 783 3639 834 vestra
3669 781 3763 834 de-

2156 872 2442 935 cerneret,
2475 868 2614 940 quid
2646 885 2777 922 mea
2802 868 3106 924 interesset
3147 873 3341 924 utrum
3384 869 3657 924 Arnulfus
3693 886 3762 924 an

2157 957 2299 1011 alius
2326 957 2640 1011 Remorum
2663 957 3110 1012 constitueretur
3131 957 3430 1031 episcopus
3457 957 3484 1012 ‘P

2221 1048 2349 1101 Jam
2375 1046 2445 1100 de
2474 1049 2641 1118 rapta
2667 1062 2896 1116 sponsa,
2928 1048 3180 1119 sedeque
3212 1064 3473 1120 pervasa,
3499 1048 3649 1120 quod
3680 1047 3762 1103 di-

2154 1134 2302 1189 citur
2321 1134 2691 1189 ridiculosum
2725 1138 2830 1189 est.
2860 1134 2994 1190 Dico
3019 1136 3177 1190 enim
3191 1136 3447 1207 primum
3460 1154 3761 1209 nunquam

2154 1224 2303 1278 illius
2326 1223 2495 1277 fuisse
2521 1238 2793 1293 sponsam
2824 1240 3021 1295 quam,
3042 1240 3146 1295 pro
3166 1224 3432 1295 legitima
3450 1225 3760 1279 donatione

2155 1311 2464 1384 spiritualis
2494 1311 2662 1378 dotis,
2692 1311 2910 1366 collatis
2939 1316 3073 1367 ante
3098 1312 3388 1367 beneficiis
3408 1313 3757 1385 exspoliavit,

2153 1400 2447 1472 proscidit,
2480 1398 2791 1455 dilaniavit.
2821 1400 3073 1455 Necdum
3095 1401 3435 1456 sacerdotali
3454 1400 3765 1456 annuloin-

2155 1489 2611 1560 signituserat,et
2619 1490 2742 1560 jam
2758 1489 2954 1545 omnia
2979 1494 3333 1561 quaanotata:
3357 1506 3581 1562 sponsae
3596 1490 3763 1546 fuisse

2154 1577 2516 1645 videbantur,
2570 1576 2842 1632 satellites
2903 1575 3152 1632 Simonis
3197 1581 3579 1632 vastaverant.
3634 1578 3763 1632 Dico

2157 1665 2331 1720 etiam
2367 1682 2379 1719 :
2414 1664 2471 1720 Si
2490 1666 2839 1721 concedatur
2855 1665 3113 1737 quolibet
3134 1666 3309 1721 modo
3324 1666 3473 1720 illius
3495 1682 3764 1738 sponsam

2155 1754 2347 1822 fuisse,
2375 1754 2573 1825 utique
2603 1771 2721 1808 esse
2738 1753 2924 1821 desiit,
2942 1757 3248 1825 postquam
3276 1755 3556 1825 pollutam
3581 1758 3639 1808 et
3653 1755 3767 1809 vio-

449 1847 891 1917 exhibui,donec
905 1860 1040 1901 eum
1061 1859 1165 1914 per
1190 1842 1403 1897 multos
1414 1843 1471 1896 et
1493 1856 1597 1912 per
1612 1857 1709 1895 me
1731 1844 2055 1912 apostatare
2080 1828 2132 1887 Β
2153 1842 2417 1907 latam,et
2435 1842 2521 1915 (ut
2547 1842 2627 1896 ita
2643 1841 2849 1912 dicam)
2866 1841 3253 1895 adulteratam
3275 1842 3387 1895 suis
3400 1841 3766 1911 praedonibus

445 1932 1144 2010 palamintelligens,dato
1166 1928 1391 2001 repudii
1408 1928 1767 1996 libello,cum
1785 1929 2056 1984 omnibus

447 2026 562 2083 suis
608 2022 934 2097 apostaticis
967 2013 1268 2092 dereliqui,
1317 2034 1437 2073 non
1483 2032 1603 2088 spe,
1636 2034 1754 2072 non
1786 2018 2053 2089 pactione

445 2111 785 2186 capescendi
814 2111 936 2183 ejus
964 2107 1223 2176 honoris,
1246 2109 1311 2162 ut
1339 2105 1455 2161 mei
1485 2105 1679 2161 aemuli
1703 2105 1921 2173 dicunt,
1954 2105 2056 2160 sed

445 2199 827 2258 monstruosis
849 2197 1116 2269 operibus
1144 2194 1358 2251 diaboli
1387 2194 1621 2249 territus
1643 2194 1702 2247 in
1734 2193 1925 2265 effigie
1956 2195 2057 2248 ho-

447 2288 623 2345 minis
643 2286 920 2343 latitantis
943 2301 957 2353 ;
982 2300 1099 2339 non
1126 2282 1278 2345 ideo,
1299 2281 1729 2353 inquam,illum
1753 2280 2051 2351 dereliqui,

449 2377 551 2435 sed
600 2393 674 2433 ne
712 2375 856 2430 illud
907 2372 1310 2445 propheticum
1358 2370 1717 2425 incurrerem
1759 2387 1772 2424 :
1812 2391 1841 2420 «
1867 2369 2049 2442 Impio

446 2466 672 2540 praebes
696 2461 991 2528 auxilium,
1023 2462 1081 2514 et
1107 2458 1195 2514 his
1226 2458 1324 2531 qui
1368 2458 1617 2513 oderunt
1661 2474 1755 2513 me
1801 2456 2056 2513 amicitia

441 2552 728 2628 jungeris,
762 2553 819 2606 et
848 2549 1060 2605 idcirco
1091 2547 1326 2619 quidem
1352 2545 1499 2601 iram
1530 2546 1763 2602 Domini
1792 2547 2054 2601 merebe-

448 2640 529 2698 ris
558 2640 609 2714 (Ι
631 2640 795 2707 Par.,
826 2637 958 2710 xix).
996 2656 1030 2690 ι»
1057 2635 1299 2703 Deinde,
1334 2634 1724 2690 sanctionibus
1772 2633 2059 2690 ecclesias-

448 2730 576 2786 ticis
604 2729 909 2802 perlonga
936 2728 1268 2795 temporum
1317 2723 1500 2796 spatia
1533 2723 1775 2794 peractis
1814 2724 2054 2794 legeque

448 2815 845 2893 peremptoria
867 2814 1289 2879 consummata,
1315 2828 1447 2875 cum
1469 2812 1610 2866 nihil
1632 2811 1786 2867 aliud
1814 2814 2057 2866 restaret

452 2907 563 2963 nisi
592 2909 657 2962 ut
667 2902 975 2977 judiciaria
1010 2903 1299 2974 potestate
1348 2899 1624 2973 principis
1674 2903 2055 2967 coerceretur,

450 2999 510 3052 et
533 2999 810 3067 tanquam
838 2991 1139 3046 seditiosus
1169 2992 1229 3043 et
1274 2989 1504 3044 rebellis
1548 3007 1582 3044 a
1633 2988 1938 3061 principali
1963 3004 2057 3043 ca-

448 3083 657 3139 thedra
674 3081 1106 3146 removeretur;
1140 3078 1267 3148 lege
1304 3076 1562 3132 Africani
1588 3076 1814 3132 concilii
1845 3077 2058 3131 iterum
2083 3107 2130 3167 α

450 3189 486 3228 a
509 3170 782 3227 fratribus
810 3166 957 3223 meis
985 3169 1044 3221 et
1075 3164 1240 3236 regni
1272 3164 1619 3236 primatibus
1658 3167 1970 3220 conventus
2002 3167 2061 3218 et

451 3258 841 3316 commonitus
896 3272 1047 3322 sum,
1103 3257 1186 3322 ut,
1239 3253 1462 3308 excluso
1522 3256 1802 3324 apostata,
1862 3269 2059 3308 curam

454 3347 668 3404 discissi
691 3349 750 3401 et
792 3342 1052 3400 dilaniati
1082 3341 1434 3413 susciperem
1468 3340 1709 3412 populi;
1750 3341 1914 3413 quod
1940 3341 2062 3412 qui-

456 3434 591 3491 dem
619 3433 718 3490 diu
739 3430 949 3497 distuli,
967 3432 1026 3484 et
1038 3431 1239 3501 postea
1260 3445 1377 3484 non
1399 3428 1533 3484 satis
1546 3431 1751 3501 sponte
1781 3428 2057 3500 acquievi,

454 3521 731 3596 quoniam
763 3536 891 3591 quae
911 3518 1341 3573 tormentorum
1363 3533 1580 3588 genera
1596 3534 1691 3571 me
1710 3518 2059 3572 comitaren-

455 3615 570 3679 tur,
604 3607 955 3666 omnimodis
981 3605 1250 3661 intellexi.
1283 3606 1410 3660 Haac
1436 3608 1522 3661 est
1554 3606 1775 3661 viarum
1796 3623 2061 3663 mearum

458 3696 810 3771 simplicitas,
837 3697 960 3751 haec
988 3693 1335 3749 innocentiae
1360 3693 1598 3765 puritas,
1631 3697 1688 3749 et
1718 3711 1914 3751 coram
1946 3697 2058 3751 D0-

457 3788 619 3843 mino
651 3789 710 3841 et
726 3783 885 3841 vobis
911 3782 1303 3839 sacerdotibus
1332 3781 1392 3836 in
1416 3781 1504 3836 his
1534 3782 1803 3838 omnibus
1840 3785 2062 3840 munda

455 3873 825 3933 conscientia.
859 3872 972 3928 Sed
1020 3886 1152 3926 ecce
1195 3886 1263 3924 ex
1312 3870 1547 3926 adverso
1576 3872 1823 3927 occurrit
1851 3874 2063 3928 calum-

456 3964 674 4033 niator;
705 3977 909 4018 vocum
935 3956 1298 4025 novitatibus,
1332 3961 1394 4012 ut
1437 3960 1626 4030 major
1673 3961 1775 4015 fiat
1823 3959 2058 4029 invidia,

457 4051 788 4126 obloquitur
834 4067 847 4107 :
892 4048 1208 4106 Dominum
1256 4051 1419 4102 tuum
1478 4048 1785 4117 tradidisti,
1846 4050 2061 4105 carceri

455 4142 817 4213 mancipasti,
851 4153 1123 4210 sponsam
1153 4136 1276 4208 ejus
1326 4136 1585 4208 rapuisti,
1619 4137 1819 4192 sedem
1858 4155 2060 4208 perva-

456 4230 597 4287 sisti.
630 4232 787 4284 Itane
816 4242 924 4299 ego
952 4225 1257 4281 dominum
1287 4225 1521 4295 tradidi,
1556 4227 1715 4298 cujus
1758 4244 2061 4299 nunquam

456 4335 650 4375 servus
674 4316 906 4384 fuerim,
940 4314 1030 4369 cui
1061 4313 1237 4368 etiam
1265 4315 1485 4369 nullum
1513 4316 1858 4370 sacramenti
1880 4333 2061 4388 genus

2154 1930 2462 2002 prostituit.
2495 1930 2646 1983 Num
2674 1928 2852 1998 igitur
2878 1946 3033 1996 eam,
3062 1933 3163 1983 aut
3189 1946 3368 2000 quam
3392 1946 3511 1984 non
3545 1929 3761 1996 habuit,

2155 2021 2255 2072 aut
2279 2034 2455 2089 quam
2486 2033 2587 2072 suo
2613 2018 2824 2071 scelere
2865 2016 3135 2088 perdidit,
3169 2017 3318 2071 illius
3363 2033 3636 2088 sponsam
3667 2035 3758 2072 ra-

2155 2106 2254 2177 pui
2274 2106 2301 2161 ‘2
2328 2106 2539 2161 Sedem
2563 2107 2756 2160 autem
2778 2104 3149 2161 multitudine
3182 2106 3538 2178 populorum
3581 2105 3762 2161 refer-

2156 2199 2278 2249 tam
2305 2194 2526 2250 advena
2566 2198 2623 2248 et
2658 2195 3021 2267 peregrinus,
3070 2195 3282 2249 nullius
3328 2194 3508 2249 fretus
3538 2194 3761 2267 opibus,

2158 2283 2473 2356 pervadere
2504 2282 2603 2355 qui
2650 2282 2811 2354 potui
2842 2282 2869 2337 ?
2900 2283 3013 2337 Sed
3054 2283 3202 2337 forte
3253 2282 3572 2354 apostolica
3601 2283 3765 2338 sedes

2156 2372 2320 2426 nobis
2346 2373 2677 2444 opponitur,
2710 2374 2990 2442 tanquam
3019 2387 3089 2425 ea
3116 2371 3441 2426 inconsulta
3468 2387 3760 2425 summum

2155 2460 2265 2514 hoc
2295 2460 2596 2530 negotium
2648 2458 2963 2513 discussum
3013 2458 3104 2525 sit,
3154 2459 3243 2513 vel
3299 2457 3648 2529 ignorantia,
3674 2458 3761 2513 vel

2156 2547 2542 2603 contumacia.
2597 2547 2761 2602 Certe
2793 2547 2940 2601 nihil
2983 2551 3175 2601 actum
3206 2550 3292 2602 est
3335 2549 3421 2602 vel
3469 2547 3761 2618 agendum

2157 2636 2283 2704 fuit,
2317 2636 2472 2709 quod
2503 2635 2831 2707 apostolicae
2858 2635 2977 2690 sedi
2999 2637 3247 2690 relatum
3276 2652 3394 2691 non
3410 2635 3764 2706 fuerit,ejus-

2160 2726 2289 2780 dem
2318 2742 2423 2797 per
2449 2725 2651 2779 decem
2682 2727 2740 2779 et
2768 2727 2897 2779 octo
2931 2739 3160 2778 menses
3185 2727 3509 2795 exspectata
3536 2726 3764 2778 senten-

2157 2813 2259 2868 tia.
2291 2812 2402 2868 Sed
2431 2813 2570 2867 dum
2603 2814 2674 2867 ab
2703 2811 3039 2868 hominibus
3070 2812 3370 2867 consilium
3386 2829 3502 2867 non
3516 2812 3763 2883 capitur,

2160 2903 2233 2957 ad
2262 2901 2386 2956 Filii
2412 2902 2513 2956 Dei
2559 2901 2998 2973 supereminens
3053 2901 3346 2972 eloquium
3405 2900 3763 2955 recurritur:

2163 3013 2190 3041 «
2225 2990 2282 3045 Si
2315 2992 2535 3053 oculus,
2572 2990 2781 3061 inquit,
2814 2994 2943 3045 tuus
2968 2990 3317 3044 scandalizat
3335 2993 3415 3052 te,
3448 3006 3583 3043 erue
3606 3005 3766 3057 eum,

2158 3082 2216 3135 et
2242 3077 2463 3151 projice
2497 3078 2666 3133 illum
2697 3079 2812 3134 'abs
2860 3082 2936 3133 te.
2966 3076 3189 3144 (Matth.
3231 3076 3311 3150 v.)
3345 3100 3373 3126 ››
3421 3078 3487 3131 Et
3516 3078 3767 3131 fratrem

2157 3171 2520 3241 peccantem,
2570 3182 2769 3221 coram
2830 3166 3071 3227 testibus
3136 3182 3451 3236 coramque
3522 3166 3773 3221 Ecclesia

2160 3255 2607 3326 commonitum,
2623 3259 2680 3310 et
2702 3272 2820 3310 non
2849 3257 3376 3326 obtemperantem,
3391 3253 3653 3309 decernit
3672 3255 3775 3309 ha-

2158 3345 2415 3400 bendum
2450 3350 2730 3416 tanquam
2761 3344 3059 3399 ethnicum
3092 3347 3149 3398 et
3196 3343 3585 3415 publicanum.
3614 3343 3776 3399 Con-

2158 3438 2359 3489 ventus
2389 3452 2526 3507 ergo
2552 3434 2845 3497 Arnulfus,
2878 3434 3268 3489 commonitus
3297 3432 3500 3488 litteris
3524 3436 3582 3487 et
3608 3433 3773 3503 lega-

2159 3523 2236 3577 tis
2266 3522 2670 3595 episcoporum
2701 3522 2915 3589 Galliae,
2946 3524 3009 3576 ut
3037 3539 3071 3576 a
3100 3525 3286 3594 coepto
3310 3522 3504 3577 furore
3532 3520 3775 3576 desiste-

2160 3614 2271 3679 ret,
2293 3613 2371 3673 et,
2397 3612 2444 3665 si
2471 3612 2704 3678 valeret,
2737 3610 3151 3683 quoquomodo
3179 3628 3239 3666 se
3274 3609 3616 3683 proditionis
3649 3626 3775 3664 sce-

2163 3701 2284 3755 lere
2312 3703 2628 3771 purgaret;
2675 3699 2814 3753 dum
2864 3700 3088 3753 monita
3124 3699 3374 3753 salubria
3414 3698 3774 3766 contemnit,

2160 3787 2390 3843 habitus
2403 3791 2489 3842 est
2504 3791 2784 3860 tanquam
2816 3788 3076 3842 ethnicus
3097 3790 3154 3842 et
3171 3788 3526 3859 publicanus.
3551 3788 3665 3842 Nec
3682 3790 3776 3842 ta-

2162 3893 2298 3932 men
2318 3876 2527 3933 idcirco
2543 3876 2617 3947 dij
2628 3877 2892 3933 udicatur
2914 3880 2975 3931 ut
2991 3875 3352 3943 ethnicus,ob
3371 3875 3520 3931 sedis
3532 3878 3775 3946 aposto-

2161 3967 2283 4022 licae
2305 3967 2687 4022 reverentiam
2700 4008 2713 4034 ,
2732 3966 2991 4037 sacrique
3007 3966 3310 4021 sacerdotii
3324 3964 3643 4037 privilegia;
3667 3964 3780 4020 sed

2163 4056 2393 4127 aseipso
2410 4056 2469 4109 in
2491 4054 2744 4127 seipsum
2776 4053 3067 4110 sententia
3101 4053 3493 4109 damnationis
3514 4054 3775 4125 prolata,

2161 4145 2269 4200 hoc
2291 4145 2477 4199 solum
2492 4144 2549 4197 in
2564 4142 2720 4198 omni
2739 4143 2965 4198 vitasua
2978 4144 3253 4217 praeclare
3275 4142 3457 4214 egisse
3488 4142 3563 4213 dij
3574 4141 3777 4197 udica-

2160 4237 2285 4288 tum
2311 4236 2416 4287 est.
2443 4232 2588 4296 Quia
2608 4231 2890 4286 nimirum
2915 4232 2979 4299 si,
3013 4249 3071 4286 se
3091 4232 3213 4303 ipso
3250 4232 3590 4297 damnante,
3613 4230 3776 4302 epis-

2160 4322 2288 4393 copi
2319 4321 2701 4384 absolverent,
2724 4336 2956 4392 poenam
2988 4320 3215 4375 sceleris
3231 4320 3351 4391 ejus
3377 4319 3776 4375 incurrerent.

457 4381 1307 4479 nunquam(sia-praestiterim?
1328 4400 1441 4457 Sed
1463 4403 1509 4457 si
1534 4403 1614 4458 illi
1632 4404 1706 4458 ad
1728 4381 1955 4476 tempus
1974 4406 2058 4461 fa-
2085 4381 2138 4440 D
2162 4432 2190 4460 «
2225 4381 2305 4476 Si,
2337 4409 2544 4480 inquit,
2587 4381 2820 4481 Magnus
2851 4410 2961 4465 Leo
3005 4426 3174 4482 papa,
3207 4381 3411 4466 omnes
3442 4409 3783 4464 sacerdotes

456 4496 709 4551 mulatus
732 4508 882 4560 sum,
900 4490 1037 4546 fecit
1052 4491 1160 4545 hoc
1172 4489 1482 4561 imperium
1497 4491 1674 4562 patris
1690 4493 2059 4549 meiAdalbe-

457 4583 637 4653 ronis,
652 4581 750 4656 qui
780 4597 875 4637 me
904 4580 964 4635 in
990 4574 1258 4635 Remensi
1280 4580 1517 4635 ecclesia
1546 4583 1895 4638 commorari
1910 4600 2058 4655 prae-

457 4674 627 4747 cepit,
663 4670 1035 4744 quoadusque
1070 4667 1355 4740 pontiﬁcis
1395 4668 1453 4723 in
1502 4686 1572 4725 ea
1617 4672 1825 4727 sacrati
1869 4689 2062 4728 mores

457 4767 731 4835 actusque
749 4757 1341 4833 dignoscerem.Quod
1354 4759 1490 4814 dum
1513 4761 2059 4832 opperior,hostium

458 4852 657 4927 praeda
682 4850 866 4905 factus
887 4864 1037 4917 sum,
1060 4850 1119 4902 et
1147 4864 1275 4919 quae
1301 4851 1488 4903 vestra
1517 4849 1912 4905 munificentia
1936 4867 2059 4905 ma-

458 4956 825 5013 gnorumque
854 4937 1063 4992 ducum
1082 4937 1319 5008 largitas
1351 4939 1505 4993 clara
1529 4941 1585 4992 et
1609 4938 1899 5010 praecipua
1923 4956 2060 4995 con-

457 5031 689 5097 tulerat,
717 5027 969 5083 violenta
984 5026 1325 5098 praedonum
1348 5043 1554 5082 manus
1578 5028 1828 5096 abstulit,
1853 5045 2061 5102 meque

457 5136 608 5193 pene
639 5117 858 5173 nudum
887 5115 1093 5188 gladiis
1119 5114 1234 5170 suis
1264 5118 1529 5186 ereptum
1563 5115 1764 5170 doluit.
1805 5117 2061 5189 Denique

456 5212 766 5282 postquam
791 5205 954 5261 illum
976 5207 1297 5277 apostatam
1317 5203 1618 5276 dereliqui,
1641 5203 1756 5259 vias
1781 5208 1838 5259 et
1854 5205 2063 5261 itinera

458 5296 609 5352 illius
637 5311 754 5350 non
785 5291 1098 5357 observavi,
1116 5309 1222 5347 nec
1252 5293 1510 5364 quolibet
1526 5292 1700 5347 modo
1726 5292 1777 5348 ei
1800 5310 2060 5349 commu-

456 5385 575 5442 cavi
602 5401 616 5454 ;
645 5383 939 5456 quomodo
964 5396 1103 5453 ergo
1119 5397 1251 5435 eum
1284 5380 1513 5446 tradidi,
1529 5380 1625 5451 qui
1649 5381 1743 5435 ubi
1762 5385 1899 5437 tunc
1917 5387 2062 5438 tem-

456 5473 616 5549 poris
641 5472 749 5528 fuit
781 5470 1040 5526 nescivi?
1065 5468 1178 5524 Sed
1212 5484 1399 5539 neque
1430 5485 1564 5523 eum
1595 5460 1811 5525 carceri
1851 5472 2066 5527 manci-

456 5562 608 5638 pavi,
628 5560 727 5634 qui
742 5575 895 5616 nunc
910 5573 1097 5630 nuper
1115 5556 1219 5612 sub
1243 5557 1549 5630 priesentia
1562 5557 1819 5615 fidelium
1834 5560 2065 5617 testium

457 5649 748 5709 seniorem
773 5662 972 5717 meum
1000 5644 1333 5720 conveni,ut
1360 5649 1599 5727 propter
1611 5663 1710 5707 me
1721 5665 1827 5708 nec
1838 5650 1912 5710 ad
1933 5667 2062 5711 mo-

2160 4501 2218 4552 et
2247 4497 2496 4552 mundus
2522 4498 2792 4552 asseutiat
2812 4498 3612 4569 (sic)damnandis,damnatio
3628 4513 3782 4553 con-

2161 4585 2470 4640 sentientes
2491 4585 2746 4654 involvit,
2769 4602 2886 4641 non
2909 4587 3441 4657 prmvaricationem
3456 4602 3786 4642 consensus

2155 4666 2423 4730 absolvit.
2445 4675 2559 4730 Hoc
2575 4675 2733 4729 enim
2757 4677 2906 4730 Deus
2926 4676 3189 4730 omnium
3208 4675 3497 4744 indicavit,
3518 4675 3613 4747 qui
3634 4691 3787 4748 pec-

2163 4767 2393 4820 cantem
2417 4763 2702 4818 mundum
2734 4765 2993 4835 generali
3025 4765 3233 4819 diluvio
3274 4764 3594 4819 interemit.
3638 4782 3674 4815 »
3708 4763 3790 4818 Et

2163 4871 2315 4927 papa
2342 4853 2590 4907 Gelasius
2622 4868 2635 4907 :
2670 4872 2702 4905 ‹<
2734 4854 2907 4908 Error
2935 4853 3030 4925 qui
3055 4854 3231 4909 semel
3257 4858 3343 4909 est
3363 4870 3494 4908 cum
3526 4869 3629 4909 suo
3672 4870 3788 4908 au-

2163 4947 2321 4997 ctore
2334 4942 2729 5009 damnatus,in
2746 4941 3023 5014 participe
3042 4942 3293 5014 quolibet
3307 4957 3495 5013 pravae
3513 4958 3794 4997 commu-

2164 5032 2353 5088 nionis
2384 5031 2586 5086 effecto
2609 5031 3061 5086 exsecrationem
3084 5031 3167 5086 sui
3200 5034 3457 5103 gestatet
3478 5047 3790 5103 poenam.»

2235 5121 2466 5175 Excluso
2497 5120 2690 5192 itaque
2744 5119 2841 5175 illo
2896 5120 2969 5175 ab
3023 5119 3294 5175 Remensi
3344 5120 3601 5186 ecclesia,
3628 5119 3793 5174 mihi

2163 5209 2488 5276 reluctanti,
2510 5209 2873 5281 multumque
2887 5225 2955 5263 ea
2976 5225 3103 5281 qua:
3130 5225 3326 5279 passus
3343 5225 3493 5277 sum,
3509 5212 3567 5263 et
3586 5208 3796 5263 adhuc

2166 5298 2372 5370 patior,
2396 5298 2753 5365 formidanti,
2784 5315 2818 5351 a
2840 5297 3112 5353 fratribus
3140 5298 3286 5352 meis
3310 5298 3633 5353 Galliarum
3660 5298 3799 5369 epi-

2164 5387 2350 5461 scopis
2371 5388 2478 5443 hoc
2508 5404 2650 5441 onus
2678 5387 2981 5441 sacerdotii
3005 5388 3110 5442 sub
3143 5386 3318 5442 divini
3344 5387 3596 5442 nominis
3614 5388 3798 5442 obto-

2166 5476 2409 5531 statione
2440 5475 2777 5547 impositum
2813 5478 2919 5531 est.
2951 5476 3117 5540 Quod
3145 5475 3189 5529 si
3220 5476 3370 5532 forte
3404 5476 3714 5549 quidpiam
3755 5494 3799 5533 a

2165 5565 2339 5621 sacris
2388 5565 2609 5638 legibus
2658 5565 2948 5622 deviatum
2994 5568 3099 5633 est,
3142 5582 3261 5622 non
3294 5565 3352 5621 id
3397 5565 3645 5634 malitia,
3681 5566 3801 5624 sed

2173 5653 2454 5734 temporis
2490 5653 2827 5736 importavit
2862 5654 3195 5715 necessitas.
3244 5654 3479 5735 Alioqui
3507 5657 3803 5737 tempore
