3898 6168
413 406 518 476 ῥοῇ

416 542 635 615 rapinis
666 543 875 599 nostrm
916 541 1177 599 Ecclesia:
1208 562 1327 600 non
1369 545 1618 600 cessatis.
1646 545 1849 601 Nostra
1877 547 2029 602 velut
2050 551 2107 613 Α,

414 631 652 704 propria
680 632 958 687 militibus
978 633 1244 701 dividitis,
1278 633 1373 706 qui
1404 634 1625 691 diversa
1644 634 1702 689 in
1734 634 2029 707 integrum

410 736 684 775 revocare
712 720 1005 779 debuistis.
1040 721 1263 792 Rapite,
1294 723 1658 793 pra-damiui,
1679 723 1825 778 vires
1856 723 2029 779 Italize

412 814 615 864 contra
645 811 1068 866 nosconcutite.
1093 812 1496 883 Opportunum
1526 815 1751 883 tempus
1776 813 2027 866 nacties-

410 899 504 953 tis.
534 899 814 954 Dominus
844 903 1040 954 noster
1064 901 1345 954 bellorum
1366 902 1680 955 certamine
1696 906 2025 972 occupatur,

415 1006 519 1043 nos
554 1005 873 1043 necmanus
899 992 1128 1058 paratas
1151 990 1494 1059 eumjuvare
1513 991 2027 1057 detinebimus,nec

415 1078 569 1148 quod
600 1078 721 1147 ejus
746 1076 919 1131 officii
956 1080 1041 1130 est
1068 1081 1283 1131 temere
1332 1078 1755 1150 usurpabimus.
1799 1080 1855 1132 Si
1888 1095 2026 1149 pace

414 1164 495 1218 uti
526 1166 862 1236 poterimus,
891 1166 1120 1220 servitio
1141 1166 1320 1220 nostri
1347 1165 1581 1221 Czesaris
1602 1183 1837 1237 operam
1863 1167 2028 1221 dabi-

415 1270 700 1321 mus,cum
722 1258 1170 1326 prmsenlestum
1206 1255 1489 1310 absentes.
1514 1255 1637 1324 Sin,
1659 1255 2025 1326 ejustantum

412 1344 719 1415 prassentia
737 1347 992 1397 nostram
1011 1344 1642 1414 solabiturinopiam,et
1662 1344 2028 1416 quoniamlut

420 1432 499 1486 ait
530 1434 720 1502 poeta)
744 1449 1026 1504 nusquam
1055 1436 1178 1488 tuta
1196 1433 1421 1494 ﬁdes,ct
1443 1432 1575 1505 quia
1595 1434 1894 1504 finguntur
1922 1450 2025 1488 nec

414 1519 666 1586 visa,nec
696 1521 1276 1589 audita,voluntatcm
1304 1525 1562 1576 nostram
1589 1520 1748 1575 vobis
1769 1538 1882 1575 non
1920 1521 2024 1575 nisi

415 1610 643 1681 scriptis
673 1610 990 1682 aperimus,
1023 1628 1128 1664 nec
1164 1613 1412 1664 vestram
1465 1610 1629 1664 aliter
1658 1608 2023 1680 recipiemus.

987 1717 1321 1773 EPISTULA
1364 1717 1449 1770 VI.

841 1823 909 1861 AD
949 1823 1253 1863 ADELAIDEM
1286 1823 1389 1860 Alit)
1400 1823 1571 1861 USTAM
1582 1846 1597 1861 ο

487 1895 747 1953 Domina;
779 1913 893 1950 sum
950 1898 1213 1950 Animum
1270 1912 1503 1966 semper
1548 1897 1837 1966 Augustae,
1883 1870 2100 1950 δελ-Β

416 2002 640 2041 BERTUS.

482 2078 561 2130 De
582 2075 877 2129 beneficiis
930 2078 986 2128 et
1036 2073 1347 2141 libellariis,
1408 2092 1473 2129 ex
1524 2077 1707 2147 parte,
1760 2077 2023 2129 nostrum

338 2172 349 2177 ”
407 2164 551 2218 velle
582 2182 646 2217 ex
678 2168 807 2220 voto
837 2163 1058 2218 domini
1086 2164 1262 2216 nostri
1292 2163 1527 2218 Cznsaris
1549 2164 1769 2217 executi
1795 2179 2015 2227 sumus,

410 2253 765 2306 Recordelur
795 2252 1034 2306 domina
1055 2268 1183 2305 mea
1209 2252 1365 2322 quod
1388 2251 1641 2305 innuerit
1662 2268 1827 2305 servo
1852 2267 1951 2304 suo
1967 2267 2023 2303 se

411 2343 703 2393 oraturam
740 2356 843 2410 pro
873 2339 1149 2409 pluribus,
1184 2340 1350 2393 aliter
1372 2356 1546 2410 quam
1571 2340 1694 2393 ﬁeri
1727 2338 1921 2409 possit.
1949 2338 2024 2390 Ex

413 2444 528 2499 quo
570 2444 604 2482 a
642 2428 800 2482 vobis
840 2426 1221 2493 discessimus,
1261 2443 1365 2482 nec
1398 2427 1717 2493 Grifonem,
1770 2443 1872 2481 nec
1904 2425 2026 2495 ejus

410 2515 681 2570 nuntium
712 2516 976 2570 vidimus.
1011 2516 1275 2581 Terram,
1309 2532 1483 2587 quam
1520 2516 1735 2569 nostris
1766 2514 2027 2569 fidelibus

408 2604 534 2659 heri
568 2604 970 2669 concessimus,
1001 2620 1133 2660 cras
1165 2604 1461 2674 quomodo
1484 2604 1812 2657 auferemus
1837 2604 1864 2658 ?
1889 2606 1961 2657 At
1982 2602 2027 2656 si

413 2692 614 2747 omnia
643 2709 770 2764 qum
803 2708 1007 2746 omnes
1029 2692 1241 2762 jubent
1270 2692 1438 2759 fiunt,
1466 2692 1603 2763 quid
1630 2693 1720 2746 hic
1742 2690 2027 2746 facimus?

414 2775 473 2827 et
509 2772 552 2827 si
573 2776 760 2826 totum
790 2771 1013 2840 damus,
1047 2772 1186 2845 quid
1217 2772 1585 2827 tenebimus?
1614 2771 1890 2844 Griphoni
1933 2771 2026 2825 ubi

415 2861 701 2934 possimus
727 2862 1074 2917 beneficium
1108 2862 1329 2917 nullum
1371 2861 1764 2918 concedimus.

988 2968 1325 3025 EPISTULA
1363 2968 1475 3023 VII.

1016 3075 1084 3112 AD
1116 3075 1413 3114 AIRARDUM.

1047 406 1100 476 n
1138 406 1491 480 smves‘rm
1522 407 1731 479 mm;
1770 422 1929 483 ore.
1967 412 2147 483 Mar
2184 425 2275 483 III.
2317 456 2385 467 -
2426 406 2640 484 E’pis'r.
2693 408 2777 483 εγ
2814 409 3090 485 einen.

3598 420 3693 493 ἑοὶ

2735 546 3066 605 EPISTULA
3104 550 3163 605 X.

2759 658 2827 695 AD
2858 657 3128 695 CJ‘ZSAREM.

2203 720 2552 801 Principiani
2581 729 2916 785 monasterii
2938 730 3050 784 duo
3080 730 3304 799 fratres.
3333 734 3477 789 velut
3503 739 3697 795 exsules

2131 818 2185 871 et
2217 817 2529 888 peregrini,
2582 835 2615 872 a
2645 818 2810 872 nobis
2841 819 3053 889 recepti
3094 822 3244 886 sunt,
3276 822 3369 893 qui
3417 823 3697 883 desolatio-

2130 923 2264 959 nem
2294 906 2376 959 sui
2410 906 2513 960 loci
2547 923 2581 960 a
2612 906 3192 978 Landensiepiscooo,
3222 911 3591 984 neophitoque
3607 916 3697 969 ab-

2129 994 2260 1047 bate
2288 994 2520 1061 factam,
2555 996 2956 1050 molestissime
3001 995 3215 1062 ferunt,
3266 998 3535 1070 simulque
3564 1002 3699 1056 refe-

2129 1086 2265 1136 runt
2294 1100 2353 1137 se
2387 1083 2556 1137 alicui
2598 1085 2857 1138 Ecclesia:
2891 1085 3137 1139 minime
3171 1086 3456 1156 subjacere
3487 1088 3696 1146 debere.

2128 1171 2249 1225 Erit
2270 1189 2407 1243 ergo
2428 1177 2624 1228 vestrm
2650 1173 2971 1245 prudentiae
2995 1190 3060 1229 ac
3091 1174 3334 1246 pietatis,
3366 1179 3427 1229 ut
3453 1194 3552 1231 nec
3572 1178 3698 1232 Lau-

2129 1258 2320 1313 densis
2371 1261 2615 1315 Ecclesia
2673 1262 2863 1316 debito
2916 1261 3171 1334 privetur
3209 1263 3425 1317 honore
3458 1264 3582 1317 odio
3610 1281 3697 1335 pa-

2128 1348 2316 1414 storis,
2341 1366 2445 1403 nec
2476 1349 2893 1404 monasterium
2920 1350 3210 1421 subjaccat
3236 1351 3516 1423 tyrannidi
3554 1351 3700 1407 deva-

2127 1436 2375 1490 statoris.

2698 1544 3035 1601 EPISTULA
3070 1546 3155 1601 XI.

2656 1651 2783 1689 IDEM
2842 1652 2911 1689 AD
2962 1653 3201 1691 EUMDEM.

2198 1720 2345 1785 Quid
2367 1738 2469 1776 ora
2498 1723 2807 1795 caudasque
2830 1724 3086 1796 vulpium
3113 1724 3483 1780 blandiuntur
3507 1726 3591 1781 hic
3617 1725 3705 1782 do-

2126 1810 2287 1864 mino
2320 1828 2451 1866 meo
2473 1811 2500 1866 ‘I
2528 1813 2639 1865 Aut
2656 1814 2860 1865 exeant
2890 1813 2960 1867 de
2988 1812 3220 1883 palatio,
3246 1817 3344 1869 aut
3362 1831 3489 1870 suos
3512 1831 3703 1886 reprae-

2125 1902 2355 1953 sentent
2370 1900 2640 1955 satellites
2653 1901 2747 1971 qui
2771 1901 2959 1955 edicta
2973 1902 3210 1956 Caesaris
3225 1904 3704 1976 contemnunt,qui

2127 1988 2346 2058 legatos
2372 1989 2494 2059 ejus
2526 1988 2845 2043 interﬁcere
2874 1991 3211 2057 moliuntur,
3234 1991 3329 2063 qui
3356 1991 3535 2062 ipsum
3562 1993 3706 2046 asino

2125 2080 2445 2147 coaiquant.
2467 2078 2649 2131 Taceo
2680 2078 2750 2131 de
2783 2095 2898 2145 me,
2932 2097 3104 2150 quem
3136 2096 3285 2134 novo
3309 2080 3599 2135 locutionis
3617 2097 3704 2148 ge-

2127 2183 2263 2221 nere
2290 2184 2494 2238 equum
2534 2168 2897 2223 emissarium
2936 2172 3496 2235 susurrant,uxorem
3512 2169 3709 2223 etﬁlios

2124 2254 2700 2327 habentem,propter
2722 2260 2947 2326 partem
2972 2257 3205 2311 familiae
3226 2274 3371 2313 mea:
3398 2258 3466 2312 de
3492 2258 3707 2313 Francia

2126 2346 2513 2398 recollectam.
2540 2345 2708 2398 Victis
2735 2346 3115 2417 abestpudor.
3139 2347 3183 2401 Ο
3208 2351 3469 2418 tempora
3496 2346 3508 2400 l
3543 2364 3575 2402 ο
3596 2364 3706 2401 mo-

2127 2451 2217 2489 res
2242 2433 2253 2488 !
2278 2435 2515 2489 ubinam
2538 2434 2799 2505 gentium
2817 2434 2969 2490 vivo!
2998 2434 3053 2489 Si
3077 2435 3324 2508 patriam
3347 2452 3570 2503 sequor,
3592 2452 3707 2490 san-

2127 2522 2438 2577 ctissimam
2486 2524 2661 2577 fidem
2696 2522 2992 2595 relinquo;
3026 2524 3070 2577 si
3115 2540 3234 2578 non
3259 2542 3486 2597 sequor,
3514 2525 3706 2580 exsule.

2128 2611 2243 2667 Sed
2275 2612 2462 2682 potius
2482 2612 2613 2665 licet
2633 2628 2765 2665 cum
2798 2613 2911 2666 fide
2941 2612 2995 2666 in
3020 2611 3236 2683 palatio
3270 2615 3522 2668 exsulare
3551 2629 3705 2685 quam

2126 2716 2249 2757 sme
2278 2700 2389 2755 fide
2424 2699 2479 2754 in
2516 2700 2673 2755 Latio
2704 2716 2970 2772 regnare.

2682 2805 3018 2862 EPISTULA
3060 2808 3169 2863 XII.

2514 2914 2583 2953 AD
2615 2913 2723 2952 HL'G
2732 2914 2876 2952 ONEM
2919 2912 3202 2953 SCHOLASTI
3210 2913 3341 2954 CUM.

2195 2987 2527 3042 Iiucomsuo
2552 2988 2874 3041 Geaneawn
2905 2986 3201 3059 quondam
3232 2986 3617 3043 scholasticus.

2198 3075 2522 3131 Secundum
2543 3074 2987 3147 amplitudinem
3014 3076 3127 3130 mei
3158 3076 3347 3132 animi
3365 3072 3711 3149 amplissimis

478 3147 801 3204 Gaaaaa‘rc'n
851 3145 1147 3218 quondam
1192 3147 1560 3203 scholasticus
1621 3148 1868 3202 Anniane
1918 3162 2019 3201 suo

2134 3166 2441 3222 sonoribus
2469 3165 2665 3220 ditavit
2688 3181 2778 3219 me
2803 3165 3073 3220 dominus
3093 3166 3434 3221 meus.Nam
3449 3182 3570 3238 quae
3596 3179 3715 3237 pars

406 3238 651 3293 salutem
666 3283 681 3296 .

435 3319 442 3325 ’
478 3328 859 3383 Petitionibus
882 3326 991 3381 tuis
1022 3323 1353 3393 annuimus,
1379 3329 1574 3381 nostra
1600 3327 1662 3381 ut
1691 3326 2019 3399 exsequaris

408 3418 664 3489 negotia,
702 3419 851 3471 velut
879 3416 1116 3488 propria
1146 3432 1470 3470 monemus.
1508 3415 1724 3470 Plinius
1750 3417 2021 3470 emende-

417 3510 532 3573 tur,
566 3506 929 3577 Eugraphius
982 3503 1293 3575 recipiatur
1327 3520 1340 3557 :
1374 3504 1469 3574 qui
1503 3503 1735 3558 Urbacis
1770 3506 1826 3557 et
1869 3503 2022 3575 apud

410 3598 675 3648 sanctum
709 3594 973 3648 Basolum
1031 3594 1182 3660 sunt,
1232 3592 1683 3664 prescribantur.
1730 3593 1838 3647 Fac
1870 3592 2023 3664 quod

410 3700 665 3752 oramus,
700 3684 760 3736 ut
781 3682 1058 3736 faciamus
1098 3680 1254 3753 quod
1287 3698 1436 3737 oras.

952 3788 1287 3843 EPISTULA
1326 3788 1468 3847 VIII.

550 3897 618 3934 AD
658 3894 1051 3935 ADALBEIKONEH
1093 3894 1350 3932 REMORUH
1388 3892 1878 3934 ARCDIEPISCUPUH.

480 3979 723 4035 Mantua:
748 3975 884 4047 quid
911 3974 1136 4047 egerim
1170 3990 1339 4046 super
1371 3975 1619 4046 negotiis
1641 3976 1858 4030 vestris.
1876 3992 2023 4048 prm-

417 4085 548 4126 sens
575 4066 780 4122 melius
805 4064 1098 4134 explicabo
1124 4063 1331 4131 verbis,
1353 4080 1529 4135 quam
1546 4065 1750 4120 absens
1779 4065 2023 4136 scriptis.

416 4160 614 4216 Claves
640 4156 922 4210 librorum
959 4170 1100 4225 quas
1142 4152 1437 4207 mitterem
1472 4153 1756 4223 ignoravi,
1790 4157 2028 4225 propter

413 4260 791 4301 communem
806 4259 969 4296 usum
988 4241 1258 4296 similium
1283 4241 1876 4296 serarumJlistoriam
1895 4241 2027 4295 Julii

417 4332 651 4389 Cmsaris
667 4348 701 4384 a
721 4330 957 4385 domino
989 4330 1179 4384 Azone
1206 4330 1415 4385 abbate
1437 4328 1708 4384 Dervensi
1737 4330 1808 4383 ad
1824 4329 2025 4385 rescri-

2118 3256 2293 3310 Italia:
2323 3254 2707 3326 possessiones
2734 3253 2915 3308 beatis
2944 3253 3292 3309 Columbani
3311 3270 3428 3310 non
3449 3251 3715 3309 continet?

2119 3346 2234 3401 Hoc
2250 3344 2483 3417 quidem
2498 3343 2575 3397 ita
2593 3360 2658 3398 ex
2675 3343 2939 3414 largitate
2952 3346 3011 3398 et
3022 3343 3429 3399 benevolentia
3441 3342 3721 3399 nostriCm-

2120 3434 2282 3500 saris,
2302 3433 2536 3487 fortuna
2562 3449 2696 3487 vero
2732 3432 2899 3485 aliter
2947 3432 3212 3487 instituit.
3250 3433 3579 3487 Secundum
3604 3446 3717 3484 am-

2122 3523 2468 3595 plitudinem
2502 3521 2713 3594 quippe
2744 3521 2911 3575 amici
2944 3520 3061 3575 mei
3094 3521 3469 3594 amplissimis
3488 3537 3577 3575 me
3600 3535 3721 3575 one-

2124 3611 2705 3667 ravithostibus.Nam
2730 3627 2856 3682 quae
2873 3627 3002 3681 pars
3019 3610 3194 3666 Italia:
3226 3627 3393 3666 meos
3417 3625 3532 3665 non
3562 3608 3724 3663 habet

2124 3701 2319 3755 hostes
2338 3700 2365 3754 ‘I
2385 3700 2537 3753 Vires
2556 3716 2699 3755 meae
2716 3699 2967 3770 impares
2992 3703 3126 3753 sunt
3151 3699 3371 3755 viribus
3386 3699 3576 3755 Italiaa.
3593 3697 3723 3752 Con-

2127 3789 2267 3844 ditio
2310 3788 2463 3860 pacis
2501 3789 2623 3843 haac
2655 3789 2758 3855 cst,
2793 3788 2837 3841 si
2870 3787 3144 3860 spoliatus
3171 3790 3361 3844 servio
3389 3788 3558 3843 ferire
3586 3784 3720 3840 desi-

2127 3882 2291 3946 nent,
2324 3878 2590 3932 vcstitum
2624 3876 2892 3931 districtis
2913 3882 3338 3949 persequentur
3363 3875 3564 3949 gladiis
3592 3891 3606 3943 ;
3637 3870 3724 3927 ubi

2126 3968 2317 4039 gladio
2338 3967 2507 4021 ferire
2523 3965 3068 4037 nequibunt,jaculis
3093 3965 3407 4021 verborum
3444 3963 3722 4037 appetent.

2128 4057 2547 4111 Contemnetur
2568 4054 2881 4126 imperialis
2906 4055 3194 4125 maiestas,
3222 4071 3359 4109 cum
3387 4054 3445 4109 in
3476 4069 3589 4120 me,
3610 4054 3725 4104 tum

2127 4145 2187 4200 in
2218 4145 2401 4216 seipsa
2432 4145 2491 4199 in
2524 4143 2800 4199 divisione
2830 4142 3137 4199 sanctuarii
3169 4143 3404 4197 Domini
3426 4140 3725 4197 secundum

2126 4234 2435 4289 libellarias
2464 4236 2620 4305 leges
2652 4234 2834 4288 facta:
2867 4233 3001 4306 quia
3032 4233 3364 4288 consentire
3388 4233 3543 4299 nolo,
3568 4227 3725 4302 perfi-

2129 4323 2253 4390 dus,
2272 4323 2536 4391 crudelis,
2553 4327 2829 4393 tyrannus
2857 4322 3260 4393 cognominor.
3277 4324 3403 4393 Ipse
3418 4321 3603 4376 Caesar
3615 4332 3728 4373 om-

416 4421 672 4478 bendum
698 4417 863 4473 nobis
886 4417 1185 4489 acquirite,
1204 4420 1266 4471 ut
1297 4433 1600 4488 vos,penes
1626 4434 1769 4488 quos
1795 4434 1900 4473 nos
1924 4420 2024 4471 ba-
2049 4407 2102 4467 D
2131 4412 2290 4467 nium
2318 4412 2622 4467 hominum
2654 4411 3181 4478 excellentissimus,
3211 4427 3247 4464 a
3276 4409 3561 4465 furciferis
3581 4406 3727 4461 asino

415 4511 642 4575 bemus,
668 4506 946 4571 babeatis,
967 4506 1196 4577 etquod
1221 4506 1537 4577 reperimus
1560 4506 1821 4578 speretis,
1854 4506 1913 4561 id
1944 4510 2031 4562 est

419 4600 549 4655 octo
578 4594 875 4651 volumina
901 4594 1078 4649 Boetii
1108 4594 1178 4648 de
1220 4594 1553 4666 astrologia,
1587 4595 2031 4666 praeclarissima

422 4702 652 4760 quoque
682 4685 1003 4755 figurarum
1041 4683 1401 4754 geometria},
1439 4684 1663 4757 aliaque
1694 4702 1812 4739 non
1840 4684 2032 4739 minus

422 4773 789 4834 admiranda.
824 4771 1137 4827 Fortunam
1157 4774 1416 4826 nostram
1441 4774 1564 4828 sola
1585 4776 1773 4829 vestra
1798 4776 2035 4830 contur-

420 4864 523 4920 bat
550 4860 815 4918 absentia
837 4863 1150 4932 noctesque
1177 4860 1434 4931 diesque.

996 4966 1330 5022 EPISTULA
1380 4968 1463 5025 IX.

833 5073 902 5111 AD
944 5073 975 5109 ϐ
986 5073 1225 5111 ιειιθειιτ
1233 5072 1303 5110 [τυ
1351 5072 1599 5112 ΑΒΒΔΤΒἊ
1608 5097 1621 5111 ο

498 5146 555 5204 Si
582 5147 730 5203 bene
761 5146 958 5201 valetis
988 5145 1329 5216 gaudemus.
1354 5145 1739 5217 Iudigentiam
1786 5150 2035 5204 vestram

427 5241 699 5310 putamus
724 5238 982 5291 nostram
1018 5251 1031 5289 :
1066 5251 1240 5306 quam
1270 5235 1623 5307 patimur,ut
1651 5237 1911 5291 relevelis
1942 5255 2034 5292 ro-

429 5343 655 5398 gamus.
690 5329 768 5381 De
801 5325 1015 5380 morbis
1045 5342 1109 5379 ac
1142 5324 1416 5380 remediis
1470 5326 1799 5381 occulorum
1831 5328 2038 5383 Demo-

423 5414 658 5472 sthenes
689 5415 1059 5487 philosophus
1089 5414 1301 5469 librum
1346 5413 1543 5484 edidit,
1577 5433 1672 5488 qui
1712 5416 2038 5472 inscribitur

429 5504 924 5577 Ophthalmicmmj
937 5520 999 5557 us
1016 5503 1363 5575 principium
1387 5503 1428 5557 si
1451 5504 1703 5573 habetis,
1731 5505 2033 5574 habemus,

425 5595 710 5670 simulque
742 5593 920 5650 finem
953 5592 1241 5651 Ciceronis
1269 5609 1375 5668 pro
1422 5610 1559 5671 rege
1603 5594 1893 5670 Dejotaro.
1930 5595 2036 5652 Va-

421 5680 561 5747 lete.

2129 4505 2480 4574 cozequatur.
2507 4501 2551 4556 Ο
2572 4500 2894 4555 amicorum
2917 4500 3193 4554 fidissime
3212 4498 3225 4553 ι
3247 4516 3323 4555 ne
3352 4499 3585 4554 deseras
3601 4492 3732 4551 ami-

2132 4607 2261 4647 cum
2276 4590 2512 4646 consilio
2535 4593 2593 4644 et
2611 4589 3169 4644 auxilio.Recordare
3196 4588 3355 4661 quod
3372 4594 3430 4645 te
3459 4582 3731 4644 oraverim

2133 4698 2228 4736 me
2255 4682 2427 4736 malle
2458 4696 2577 4735 esse
2602 4680 2848 4734 militem
2877 4679 2936 4733 in
2971 4679 3308 4735 Caesarianis
3338 4678 3543 4735 castris
3571 4686 3737 4747 quam

2133 4788 2335 4845 regem
2367 4769 2426 4825 in
2454 4769 2758 4825 extraneis.

2685 4876 3021 4934 EPISTULA
3050 4877 3166 4933 XIII

2306 4986 2374 5025 AD
2403 4983 2677 5023 ECBERTUEI
2698 4983 3154 5023 ARCHIEPISCOPUI
3178 4980 3576 5023 TREVIRENSEH.

2207 5057 2468 5114 Vestram
2507 5058 2862 5125 felicitatem,
2894 5057 3144 5129 gloriam
3194 5056 3594 5112 existimamus
3631 5060 3743 5105 esse

2137 5151 2417 5204 nostram.
2434 5146 2975 5202 Incommoditatem
2991 5148 3035 5202 si
3049 5163 3223 5219 quam
3245 5144 3562 5209 sustinetis,
3579 5136 3739 5194 simul

2135 5238 2412 5311 patimur.
2437 5236 2670 5291 Domini
2704 5236 2886 5290 nostri
2910 5236 3001 5292 Cas
3018 5235 3159 5290 saris
3176 5231 3745 5305 magnanimitatem,

2135 5325 2863 5398 intentionem,appetitum
2878 5325 3163 5379 bonorum
3179 5324 3435 5377 virorum
3450 5314 3753 5392 superemi-

2139 5421 2376 5471 nenlcm
2406 5414 2772 5488 cognovistis.
2790 5414 3043 5469 Proinde
3066 5414 3112 5469 si
3137 5413 3473 5470 deliberatis
3496 5428 3569 5466 an
3600 5407 3753 5462 scho-

2137 5506 2364 5561 lasticos
2382 5504 2671 5560 inltaliam
2704 5502 2776 5558 ad
2804 5520 2909 5557 nos
2926 5522 3102 5577 usque
3127 5501 3415 5573 dirigatis,
3449 5497 3747 5556 consilium

2136 5598 2400 5651 nostrum
2432 5594 2489 5649 in
2521 5596 2719 5667 aperto
2746 5590 3337 5668 est;quodlaudabitis
3363 5586 3750 5659 laudabimus,

2138 5684 2294 5761 quod
2326 5684 2519 5740 feretis
2550 5683 2823 5741 feremus.
