3954 6170
836 565 1170 621 EPISTOLA
1206 568 1336 622 XIV.

794 682 865 721 AD
905 682 1077 721 ΡΔΡΛΗ
1112 682 1376 721 JOANNEH.

342 772 680 829 Beatissimo
711 784 877 845 papae
923 774 1117 829 101mm
1149 774 1467 830 Gsuaaarcs
1498 776 1618 831 solo
1652 775 1889 832 nomine

269 862 449 917 ofﬁcii
497 861 792 917 Bobiensis
822 863 1068 917 cccnobii
1100 863 1293 920 abbas.
1332 862 1453 927 Quo
1478 881 1572 919 me
1620 868 1842 920 vertam
1862 867 1890 921 ?

265 951 417 1020 proh
431 950 651 1021 pudor!
689 951 899 1006 Sedem
912 951 1286 1021 apostolicam
1305 953 1349 1006 si
1368 952 1887 1025 appello,irrideor,

268 1055 373 1092 nec
400 1039 477 1094 ad
500 1055 598 1094 vos
625 1043 865 1110 propter
885 1040 1071 1094 hostes
1102 1043 1188 1094 est
1216 1040 1482 1095 veniendi
1504 1040 1761 1111 facultas,
1784 1060 1891 1097 nec

265 1127 334 1181 de
357 1128 527 1182 Italia
552 1128 886 1199 egrediendi
916 1129 1098 1183 libera
1111 1132 1383 1199 potestas.
1414 1128 1887 1200 Moraridil‘ﬁcile,

262 1216 502 1289 quando
521 1233 629 1271 nec
642 1217 701 1271 in
720 1217 1071 1272 monasterio
1094 1233 1198 1272 nec
1224 1221 1385 1272 extra
1395 1217 1711 1290 quidquam
1724 1220 1890 1275 nobis

259 1306 532 1360 relictum
564 1309 670 1373 est,
702 1309 919 1377 praeter
943 1306 1167 1377 virgam
1188 1307 1540 1377 pastoralem
1571 1310 1631 1361 et
1652 1312 1884 1379 aposto-

254 1395 433 1451 licam
462 1395 954 1450 benedictionem.
984 1396 1295 1451 Dominam
1327 1396 1586 1463 Imizam,
1622 1397 1755 1469 quia
1785 1414 1883 1452 vos

256 1484 472 1556 diligit,
509 1484 823 1557 diligimus.
855 1486 968 1539 Per
997 1501 1125 1539 eam
1150 1485 1316 1540 nobis
1341 1488 1400 1540 et
1429 1485 1645 1540 nuntiis
1671 1489 1729 1541 et
1758 1486 1878 1558 epi-

251 1573 423 1628 stolis
473 1573 869 1646 signiﬁcabitis
926 1572 1210 1647 quidquid
1256 1590 1362 1629 nos
1389 1574 1578 1629 facere
1625 1574 1873 1630 voletis:

253 1663 549 1735 simulque
574 1678 681 1718 nos
704 1678 810 1733 per
839 1678 971 1717 eam
1001 1662 1161 1717 vobis
1192 1662 1474 1736 quidquid
1518 1662 1590 1717 de
1638 1666 1789 1719 statu
1818 1666 1877 1719 et

257 1751 566 1807 molimine
580 1766 897 1824 regnorum
911 1752 1352 1824 cognoverimus
1364 1754 1552 1808 vestra
1572 1753 1869 1808 interesse.

249 1839 469 1898 Valete.

830 1949 1166 2007 EPISTOLA
1194 1949 1300 2006 XV.

654 2066 725 2105 AD
764 2066 1120 2106 PBTROALDUM
1160 2064 1476 2105 MONACHUH.

315 2156 1057 2229 laguamintelligentiam
1078 2160 1263 2223 tuam,
1280 2156 1479 2224 frater,
1520 2173 1598 2213 ne
1622 2156 1870 2213 turbent

245 2245 566 2301 ﬂuitantia.
598 2246 705 2311 Qui
718 2251 776 2302 te
794 2246 1090 2319 quondam
1104 2247 1412 2302 ﬂorentem
1430 2246 1741 2302 Dominum
1759 2247 1868 2302 cla-

244 2334 493 2389 mabant
522 2339 585 2390 et
608 2338 860 2407 patrem,
885 2352 1039 2390 nunc
1069 2351 1411 2391 conservum
1440 2335 1657 2390 habere
1706 2334 1865 2390 dedi-

241 2426 507 2494 gnantur
535 2426 597 2478 et
624 2424 1002 2495 parem.Sors
1031 2424 1231 2480 omnia
1252 2427 1461 2483 versat.
1487 2426 1551 2478 In
1574 2424 1780 2480 dandis
1810 2428 1870 2480 et

241 2512 619 2584 accipiendis,
651 2516 715 2568 ut
739 2514 1092 2568 monachum
1146 2512 1310 2568 decet
1338 2516 1397 2567 et
1442 2513 1616 2582 nosti;
1672 2515 1872 2568 nostra

238 2600 482 2657 licentia
503 2605 691 2657 ntere.
717 2602 799 2657 Ne
828 2602 1087 2673 negligas
1108 2601 1265 2673 quod
1291 2601 1673 2671 condiximus,
1706 2605 1768 2658 ut
1792 2602 1872 2657 tui

241 2690 609 2747 memoriam
637 2690 1097 2764 frequentiorem
1137 2691 1474 2747 habeamus.

806 2813 1141 2871 EPISTOLA
1178 2816 1307 2872 XVI.

474 2921 549 2960 AD
590 2920 877 2959 GERALDUI
914 2921 1160 2959 ABBATEM
1197 2921 1648 2962 AURILIACENSEK.

316 3011 567 3078 Occidit,
600 3011 826 3080 occidit,
870 3011 949 3067 mi
1003 3013 1192 3081 Pater,
1246 3016 1427 3069 status
1482 3012 1865 3069 Ecclesiarum

237 3102 505 3157 Domini.
544 3101 790 3173 Respub.
816 3100 1004 3172 periit,
1019 3102 1409 3157 sanctuarium
1425 3102 1656 3158 Domini
1670 3119 1869 3175 perva-

240 3189 427 3258 ditur,
453 3191 708 3263 populus
728 3190 926 3261 praeda
956 3189 1020 3244 ﬁt
1048 3189 1321 3246 hostium.
1373 3190 1637 3260 Consule,
1670 3192 1860 3261 Pater,
1893 3188 1941 3250 C

242 3295 361 3352 quo
391 3296 496 3334 me
529 3284 883 3334 convertam.
912 3280 1111 3335 Milites
1141 3280 1376 3352 quidem
1426 3280 1541 3336 mei
1566 3297 1730 3336 arma
1776 3298 1865 3337 su-

238 3383 436 3435 mere,
460 3370 648 3424 castra
679 3368 906 3424 munire
926 3368 1133 3440 parati.
1162 3369 1278 3424 Sed
1309 3386 1436 3441 quae
1464 3386 1592 3441 spes
1620 3368 1741 3425 sine
1780 3388 1868 3426 re-

236 3459 409 3511 ctore
439 3455 666 3528 patriae,
688 3472 820 3511 cum
842 3457 1039 3529 fidem,
1074 3474 1287 3522 mores,
1315 3458 1559 3527 animos,
1586 3477 1862 3532 quorum-

234 3546 377 3601 dam
394 3546 674 3601 Italorum
689 3547 1139 3617 pernoscamus‘?
1161 3548 1445 3603 Cessimus
1459 3565 1598 3621 ergo
1612 3549 1864 3606 fortunas

229 3635 550 3706 studiaque
564 3640 759 3690 nostra
774 3639 1038 3707 tempore
1062 3636 1615 3705 intermissa,animo
1634 3642 1865 3694 retenta

228 3722 583 3795 repetimus,
635 3723 842 3795 quibus
871 3723 916 3778 si
947 3724 1131 3796 placet
1176 3724 1522 3797 magistrum
1563 3726 1863 3798 quondam

229 3816 517 3870 nostrum
573 3812 966 3868 Raimundum
1037 3814 1319 3869 interesse
1370 3814 1653 3886 cupimus,
1712 3814 1859 3871 inte-

226 3902 349 3957 rim
375 3901 524 3956 dum
572 3901 693 3956 Kal.
744 3901 1155 3957 Decembribus
1208 3902 1453 3959 Romam
1510 3902 1622 3959 iter
1676 3903 1863 3960 inlen-

230 3991 472 4048 damus.

782 4096 1119 4155 EPISTOLA
1154 4098 1309 4153 XVII.

878 4205 947 4243 ΔΙ)
987 4204 1226 4243 ΕΒΗΟΕΜ.

304 4294 488 4352 Pater
518 4311 681 4351 meus
705 4294 991 4351 Adalbero
1018 4296 1335 4352 Remorum
1385 4294 1852 4371 archiepiscopus

228 4401 338 4441 vos
369 4386 526 4439 bene
549 4385 736 4439 valere
765 4383 940 4455 cupit,
975 4385 1034 4438 et
1062 4383 1199 4456 quia
1210 4387 1460 4440 vestram
1481 4387 1854 4457 praesentiam

230 4492 359 4530 non
383 4473 550 4541 adiit,
581 4472 948 4529 conturbatio
970 4489 1287 4545 regnorum
1306 4473 1461 4542 fecit,
1479 4473 1853 4548 specialisqne
1875 4481 1929 4540 D

228 4567 447 4619 contra
472 4578 639 4617 suam
665 4560 975 4617 Ecclesiam
1006 4562 1321 4618 commotio
1336 4562 1622 4618 Heriberti
1639 4563 1853 4620 Tricas-

227 4653 369 4720 sini,
396 4655 455 4707 et
509 4651 734 4707 Ottonis
787 4650 1014 4706 comitis
1062 4651 1164 4706 ﬁlii
1203 4651 1499 4708 Tedbaldi.
1536 4652 1643 4717 Qui
1675 4657 1854 4710 status

227 4757 559 4815 regnorum
601 4757 781 4813 penes
809 4757 908 4797 vos
943 4740 1018 4795 sit
1044 4740 1189 4795 scire
1239 4739 1418 4813 cupit,
1469 4744 1527 4796 et
1556 4758 1631 4796 an
1664 4742 1846 4815 Hugo,

229 4848 413 4905 quem
436 4835 628 4886 vestra
651 4831 851 4903 lingua
893 4830 1319 4886 abbacomitem
1368 4830 1575 4899 dicitis,
1609 4849 1846 4888 uxorem

228 4920 482 4976 duxerit.
507 4919 646 4985 Quae
666 4936 769 4974 sua
794 4921 928 4975 sunt
957 4923 1154 4975 nostra
1205 4922 1426 4993 putate,
1450 4923 1507 4975 et
1539 4937 1612 4976 ne
1660 4926 1849 4977 vestra

227 5010 411 5081 gratis
438 5011 698 5083 appetat,
747 5008 887 5081 quid
923 5007 1009 5062 sui
1038 5008 1198 5064 vobis
1221 5011 1447 5082 placeat
1500 5008 1841 5081 signiﬁcate.

227 5099 349 5154 Hoc
376 5100 570 5171 signo,
601 5115 804 5170 sagum
842 5099 1063 5154 lineum
1093 5114 1407 5170 operosum
1436 5098 1596 5155 vobis
1642 5100 1844 5171 mittit,

226 5189 375 5243 sicut
396 5189 545 5244 olim
570 5204 677 5260 per
701 5191 948 5243 vestrum
978 5187 1287 5243 Airardum
1314 5189 1561 5244 alterum
1584 5188 1843 5259 miserat,

228 5278 327 5333 sed
344 5279 615 5349 planum.
644 5278 724 5332 De
752 5277 1234 5348 multiplicatione
1254 5280 1311 5331 et
1332 5277 1607 5333 divisione
1638 5296 1844 5335 nume-

228 5382 429 5423 rorum
482 5366 741 5421 libellum
772 5383 806 5421 a
832 5366 1044 5437 Joscph
1103 5366 1354 5438 Hispano
1389 5366 1611 5422 editum
1670 5368 1846 5424 abbas

231 5455 584 5511 Guar-aerius
625 5471 802 5527 penes
832 5472 930 5511 vos
988 5456 1241 5528 reliquit,
1290 5456 1414 5527 ejus
1460 5457 1757 5529 exemplar
1786 5458 1846 5513 in

232 5559 548 5601 commune
575 5560 866 5616 rogamus.
888 5544 947 5600 Si
976 5544 1179 5599 limina
1198 5545 1503 5600 beatorum
1522 5545 1767 5619 Remigii
1790 5551 1849 5603 et

234 5632 488 5708 Dionysii
517 5632 692 5689 datur
704 5633 861 5690 vobis
875 5633 1040 5707 copia
1051 5633 1306 5703 videndi,
1325 5634 1530 5692 nuntio
1548 5634 1846 5710 praemisso

235 5725 430 5783 vestris
452 5723 723 5804 alloquiis
760 5724 1080 5803 poterimus
1107 5723 1519 5787 eondelectari.
1768 5732 1773 5735 “

1165 426 1411 501 SEC’I‘IO
1447 429 1491 499 ἴ.
1530 474 1601 485 -
1638 427 1818 501 ANTE
1856 430 2143 507 Summi!
2183 442 2705 512 PONTIFICA’I‘UM.

1909 579 1965 637 Α
2516 580 2852 637 EPISTOLA
2887 580 3070 640 XVIII.

1893 1902 1945 1961 B

3494 454 3596 523 ibi}

2448 694 2517 731 AD
2550 695 2780 734 FRATRI-IS
2819 698 3131 743 BOBIENSES.

2051 777 2347 852 Scriptura
2375 787 2573 839 sancta
2611 786 2751 842 dicit
2783 804 2797 842 :
2822 785 2932 854 Qui
2957 791 3077 858 ﬁcte
3106 790 3418 862 Dominum,
3447 810 3596 867 quae-

1990 874 2134 935 runt,
2166 887 2443 943 nunquam
2494 875 2729 929 z'nvcnz'rc
2779 886 3107 934 mereantur.
3169 880 3275 945 Qui
3331 884 3594 954 regulam

1989 957 2169 1010 sancti
2218 959 2510 1015 Benedicti
2568 963 2808 1034 professi
2856 966 3006 1035 estis,
3028 971 3098 1022 et
3117 973 3405 1041 pastorem
3431 972 3591 1027 dese-

1988 1043 2170 1098 rendo
2193 1046 2498 1117 abjecistis,
2529 1052 2676 1106 colla
2723 1055 2982 1124 tyrannis
3007 1059 3209 1128 sponte
3239 1058 3587 1121 subdidistis.

1988 1129 2113 1186 Non
2144 1133 2215 1189 de
2246 1136 2513 1193 omnibus
2525 1139 2651 1194 dico
2669 1140 2928 1212 tyrannis
2948 1146 3145 1201 vestris
3164 1145 3419 1203 ducibus.
3440 1151 3589 1204 Ante

1990 1218 2241 1310 tribunal
2258 1222 2465 1280 Christi
2479 1230 2771 1299 quomodo
2794 1246 3072 1302 apparere
3086 1235 3252 1290 vultis
3266 1235 3295 1291 ?
3324 1236 3451 1291 ΙΙωο
3468 1240 3588 1310 qui-

1986 1305 2119 1361 dem
2142 1325 2261 1365 non
2291 1327 2461 1369 causa
2506 1315 2797 1373 retinendi
2852 1319 3088 1375 honoris
3107 1323 3316 1393 scribo,
3366 1325 3465 1380 sed
3485 1305 3587 1382 Ἰο-

1984 1396 2215 1466 quenda
2235 1399 2497 1475 loquens,
2517 1420 2653 1461 cura
2681 1408 2953 1478 pastorali
2971 1410 3231 1466 animam
3264 1426 3458 1469 meam
3481 1415 3584 1470 cri-

1977 1485 2135 1541 mine
2163 1488 2367 1560 libero,
2401 1509 2518 1548 non
2546 1495 2844 1552 audientes
2866 1498 3457 1573 implico.Apostolica
3473 1502 3583 1576 pri-

1974 1573 2180 1647 vilegia
2202 1580 2493 1649 revolvite,
2535 1584 2909 1641 anathemata
2933 1605 3060 1660 quae
3092 1590 3235 1646 mihi
3281 1573 3580 1647 ostenditis

1974 1662 2050 1753 ad
2069 1667 2416 1724 memoriam
2438 1671 2712 1741 reducite,
2740 1674 2974 1748 insuper
2994 1676 3295 1751 intelligite
3317 1680 3473 1753 quod
3487 1696 3577 1738 sa-

1972 1750 2053 1806 cri
2106 1770 2358 1813 canones
2413 1758 2775 1829 dicuntzQui
2835 1750 3299 1822 excommunicatis
3333 1750 3579 1842 quolibet

1971 1841 2127 1896 modo
2179 1861 2232 1898 se
2268 1845 2542 1916 junxerz't,
2608 1854 3093 1909 excommunicatus
3144 1857 3232 1910 sit.
3284 1841 3484 1912 Videte
3516 1856 3576 1912 in

1971 1933 2189 2001 quanto
2205 1934 2459 2005 periculo
2477 1953 2568 1992 res
2580 1942 2781 1996 vestras
2798 1940 2918 1997 sitm
2942 1941 3078 1998 sint.
3098 1943 3576 2017 Supernusjudex

1967 2017 2144 2074 faciat
2165 2037 2263 2077 vos
2282 2040 2384 2079 sua
2400 2029 2688 2100 praecepta
2715 2045 3087 2101 cognoscere,
3110 2036 3168 2089 et
3190 2050 3259 2089 ea
3280 2050 3454 2106 opere
3471 2034 3577 2089 im-

1968 2106 2147 2178 plere.

2541 2221 2876 2281 EPISTOLA
2911 2225 3019 2281 XIX

2393 2335 2462 2373 AD
2493 2335 2807 2378 RAINAUDAI
2837 2340 3152 2383 IONACHUX.

2041 2408 2212 2502 Recte
2242 2414 2501 2486 quidem,
2533 2418 2715 2475 frater
2748 2426 3121 2496 conqueraris
3153 2445 3326 2502 super
3351 2433 3577 2494 abbatis

1969 2500 2051 2555 tui
2072 2500 2416 2599 privatione.
2470 2508 2612 2564 Oves
2632 2509 2690 2565 in
2718 2514 3072 2572 convallibus
3100 2500 3239 2575 ante
3264 2538 3367 2579 ora
3410 2525 3574 2599 lupo-

2129 2592 2347 2666 absque
2362 2599 2614 2667 pastore,
2634 2603 2906 2659 monachi
2923 2605 2983 2660 in
2996 2613 3349 2668 monasterio
3363 2592 3581 2690 absque

1970 2678 2196 2739 abbate.
2214 2682 2543 2742 Secundum
2570 2687 2713 2745 scire
2732 2692 2897 2748 tuum
2932 2698 2989 2750 et
3000 2692 3344 2768 posse,bene
3362 2706 3418 2759 te
3434 2678 3578 2762 velle

1968 2771 2026 2823 et
2053 2769 2245 2826 facere
2258 2773 2622 2845 adhortor,et
2638 2781 3054 2840 moneo.Unius
3065 2788 3202 2843 anni
3230 2790 3340 2846 tria
3355 2791 3579 2852 diversa

1966 2856 2215 2928 imperia
2239 2877 2411 2934 super
2438 2868 2491 2919 te
2519 2865 2731 2922 docent
2760 2885 2888 2941 quae
2917 2871 3093 2943 vides,
3137 2876 3363 2937 fallacia
3391 2884 3450 2937 et
3485 2884 3576 2939 in-

1968 2950 2311 3045 constantia.
2341 2952 2613 3010 Futuram
2641 2956 3203 3032 desolationem,non
3218 2969 3450 3025 tantum
3480 2987 3578 3045 pa-

1966 3035 2178 3093 rietum
2224 3043 2509 3112 quantum
2557 3044 2886 3102 animarum
2914 3048 3250 3126 ingemisce,
3281 3060 3343 3113 et
3371 3058 3442 3116 de
3472 3035 3576 3117 Do-

1968 3125 2111 3181 mini
2136 3127 2532 3187 misericordia
2564 3133 2683 3189 noli
2714 3134 3038 3209 desperare.

2533 3258 2868 3316 EPISTULA
2902 3263 3005 3319 XX.

2354 3362 2424 3400 AD
2454 3362 2762 3405 ADELAIDEM
2793 3364 3184 3414 IIIPERATRICEI

2033 3439 2206 3497 Multa
2233 3442 2468 3515 quidem
2490 3450 2727 3517 peccata
2750 3466 2882 3506 mea
2894 3456 3027 3509 ante
3047 3455 3359 3527 Deum,sed
3372 3465 3574 3521 contra

1966 3528 2268 3586 dominam
2292 3549 2507 3603 meam,
2527 3536 2622 3608 qui
2654 3540 2717 3592 ut
2742 3556 2775 3594 a
2805 3540 3033 3599 servitio
3074 3548 3334 3618 repellat,
3394 3551 3572 3609 fidem

1962 3619 2312 3711 promissam
2325 3640 2627 3696 nunquam
2642 3626 2998 3697 violavi,com
3008 3632 3179 3690 missa
3190 3654 3306 3693 non
3320 3642 3571 3711 prodidi,

1961 3706 2241 3777 pietatem
2261 3712 2385 3767 sine
2416 3715 2652 3770 avaritia
2676 3733 2941 3776 exercere
2965 3738 3060 3778 me
3084 3706 3365 3795 putavi.Si
3387 3706 3571 3787 erravi

1961 3796 2114 3852 circa
2139 3800 2493 3857 voluntatem
2524 3808 2770 3861 vestram
2801 3809 2939 3880 quid
2959 3812 3275 3885 modicum,
3299 3817 3437 3874 fecit
3461 3821 3570 3876 hoc

1960 3885 2425 3959 improvidentia,
2458 3910 2575 3949 non
2613 3895 2946 3955 deliberatio
2969 3901 3225 3976 :sintque
3254 3907 3415 3963 vobis
3433 3912 3570 3966 satis

1959 3977 2311 4035 continuatae
2355 3981 2482 4052 jam
2540 3983 2600 4037 in
2685 3987 3022 4057 paenitentia
3075 3990 3565 4068 Quadragesimaz,

1959 4067 2114 4138 quod
2138 4073 2294 4125 certe
2332 4072 2411 4127 sic
2440 4073 2669 4130 conﬁdo
2701 4090 2843 4131 esse.
2880 4078 3184 4136 Praevaluit
3236 4083 3311 4138 ad
3337 4067 3565 4159 tempus

1956 4159 2347 4227 quorumdam
2390 4161 2673 4217 nobilium
2696 4180 3017 4237 pauperum
3064 4184 3216 4226 cerea
3259 4174 3562 4247 cupiditas,

1958 4262 2113 4301 nunc
2132 4250 2444 4317 praevaleat
2472 4254 2814 4326 vestra,qua3
2841 4258 3211 4328 semperfuit,
3228 4262 3383 4319 circa
3393 4265 3562 4337 justi-

1954 4334 2098 4389 tiam
2128 4336 2333 4406 pietas.
2367 4339 2537 4394 Favet
2566 4341 2640 4396 ad
2684 4343 2795 4398 hoc
2848 4344 3132 4417 divinitas,
3183 4367 3366 4424 regna
3395 4334 3561 4413 vobis

1953 4424 2282 4495 cencilians,
2298 4431 2811 4501 etreges’potentes
2821 4437 3009 4491 vestro
3027 4436 3272 4510 imperio
3287 4443 3557 4503 subdens.

1953 4513 2074 4569 Mea
2092 4516 2377 4572 sententia
2414 4519 2536 4574 huic
2558 4523 2660 4578 est.
2696 4521 2881 4586 Quam
2907 4524 3083 4580 fidem
3138 4526 3255 4586 ﬁlio
3304 4531 3559 4591 domina:

1952 4618 2100 4659 meas
2125 4606 2194 4660 Α.
2216 4606 2456 4675 servavi,
2486 4624 2612 4664 eam
2630 4611 2803 4665 matri
2827 4614 3153 4671 servabo.Si
3174 4634 3397 4692 nequeo
3415 4638 3559 4693 prm-

1951 4708 2102 4783 sens,
2130 4696 2334 4751 saltem
2366 4697 2572 4753 absens
2597 4700 3070 4777 beneloquendo,
3094 4705 3243 4763 bene
3274 4712 3554 4783 optando,

1949 4781 2097 4843 bene
2128 4786 2369 4844 orando.

2502 4898 2836 4955 EPISTOLA
2871 4900 2997 4956 XXI.

2194 5003 2265 5042 AD
2296 5003 2623 5043 ECEMANNUM
2654 5005 2956 5047 PALATINL'H
2987 5008 3302 5054 HONACHUH.

2020 5093 2486 5150 Benevolentiam
2502 5098 2660 5151 tuam
2675 5095 2824 5151 circa
2841 5114 2936 5153 me
2953 5099 3315 5174 sentiens,mi
3346 5104 3548 5178 frater,

1945 5183 2093 5238 tanti
2116 5182 2945 5255 hominisgratuloramicitim.
2980 5188 3123 5245 Eum
3154 5208 3284 5248 vere
3325 5198 3381 5250 te
3412 5213 3551 5253 con-

1946 5270 2196 5326 stantem
2223 5271 2281 5326 in
2312 5271 2425 5327 fide
2453 5290 2584 5328 cum
2616 5274 2674 5329 in
2699 5292 2793 5329 me
2848 5280 2972 5332 tum
3012 5277 3070 5333 in
3109 5279 3198 5335 his
3226 5282 3323 5354 qui
3355 5301 3415 5340 se
3446 5287 3548 5343 tibi

1944 5359 2334 5437 crediderunt,
2383 5362 2599 5435 liquido
2635 5363 3059 5435 deprehensum
3082 5371 3123 5423 ’⁵.
3148 5370 3343 5444 Neque
3391 5376 3548 5431 enim

1946 5451 2152 5505 domus
2168 5451 2526 5507 admirabilis
2538 5451 2771 5507 feminas
2794 5457 2847 5509 te
2866 5454 3034 5511 aliter
3048 5451 3287 5516 charum
3305 5462 3548 5520 haberet

1945 5540 2227 5612 Suscipics
2264 5542 2441 5614 igitur
2470 5558 2615 5597 onus
2641 5540 2834 5611 amici,
2868 5544 3024 5601 bona
3050 5548 3225 5604 verba
3253 5566 3543 5622 suggeres,

1946 5628 2215 5705 epistolas
2235 5630 2655 5709 measbenigne
2676 5631 3551 5717 interpretaberis,meanegotia

1949 5723 2052 5783 tua
2078 5719 2327 5799 putabis.

3528 5927 3576 5957 μιν
